  <div class='ocr_page' id='page_1' title='image "/cluster/home/n/w/nwhite01/storage/ocr_20150623/81/mdp.39015078384339/096.png"; bbox 0 0 3878 6204; ppageno 0'>
   <div class='ocr_carea' id='block_1_1' title="bbox 241 322 3487 415">
    <p class='ocr_par' dir='ltr' id='par_1_1' title="bbox 241 322 3487 415">
     <span class='ocr_line' id='line_1_1' title="bbox 241 322 3487 415; baseline -0.002 -23"><span class='ocrx_word' id='word_1_1' title='bbox 241 331 318 395; x_wconf 79' lang='grc' dir='ltr'>ΓΠ</span> <span class='ocrx_word' id='word_1_2' title='bbox 1256 332 1333 393; x_wconf 73' lang='lat' dir='ltr'><strong>IN</strong></span> <span class='ocrx_word' id='word_1_3' title='bbox 1361 328 1744 415; x_wconf 72' lang='lat' dir='ltr'><strong>CANTICUM</strong></span> <span class='ocrx_word' id='word_1_4' title='bbox 1785 327 2071 389; x_wconf 81' lang='lat' dir='ltr'><strong>CANTIC.</strong></span> <span class='ocrx_word' id='word_1_5' title='bbox 2105 326 2248 390; x_wconf 86' lang='lat' dir='ltr'><strong>LIB.</strong></span> <span class='ocrx_word' id='word_1_6' title='bbox 2289 329 2383 391; x_wconf 72' lang='lat' dir='ltr'><strong>IV.</strong></span> <span class='ocrx_word' id='word_1_7' title='bbox 3075 374 3093 391; x_wconf 93' lang='grc'><strong>.</strong></span> <span class='ocrx_word' id='word_1_8' title='bbox 3379 322 3487 387; x_wconf 69' lang='grc' dir='ltr'>Πε-</span> 
     </span>
    </p>
   </div>
   <div class='ocr_carea' id='block_1_2' title="bbox 238 438 1817 513">
    <p class='ocr_par' dir='ltr' id='par_1_2' title="bbox 238 440 1799 513">
     <span class='ocr_line' id='line_1_2' title="bbox 238 440 1799 513; baseline -0.002 -18"><span class='ocrx_word' id='word_1_9' title='bbox 238 442 585 511; x_wconf 70' lang='grc' dir='ltr'>ἀμφίκυρτος,</span> <span class='ocrx_word' id='word_1_10' title='bbox 629 444 772 497; x_wconf 81' lang='grc' dir='ltr'>ἀλλὰ</span> <span class='ocrx_word' id='word_1_11' title='bbox 802 443 979 498; x_wconf 83' lang='grc' dir='ltr'>τελεία</span> <span class='ocrx_word' id='word_1_12' title='bbox 1018 444 1362 513; x_wconf 71' lang='grc' dir='ltr'><strong>πανσέληνος,</strong></span> <span class='ocrx_word' id='word_1_13' title='bbox 1410 442 1563 496; x_wconf 70' lang='grc' dir='ltr'>οὐδὲν</span> <span class='ocrx_word' id='word_1_14' title='bbox 1594 440 1799 501; x_wconf 59' lang='lat' dir='ltr'><strong>ams;</strong></span> 
     </span>
    </p>
   </div>
   <div class='ocr_carea' id='block_1_3' title="bbox 1923 438 3480 513">
    <p class='ocr_par' dir='ltr' id='par_1_3' title="bbox 1923 438 3480 511">
     <span class='ocr_line' id='line_1_3' title="bbox 1923 438 3480 511; baseline 0.001 -16"><span class='ocrx_word' id='word_1_15' title='bbox 1923 444 2123 503; x_wconf 89' lang='lat' dir='ltr'><strong>:tionis.</strong></span> <span class='ocrx_word' id='word_1_16' title='bbox 2160 443 2253 498; x_wconf 89' lang='lat' dir='ltr'><strong>sed</strong></span> <span class='ocrx_word' id='word_1_17' title='bbox 2280 449 2456 496; x_wconf 88' lang='lat' dir='ltr'><strong>totum</strong></span> <span class='ocrx_word' id='word_1_18' title='bbox 2485 442 2707 511; x_wconf 70' lang='lat' dir='ltr'><strong>glutmn</strong></span> <span class='ocrx_word' id='word_1_19' title='bbox 2759 438 2998 498; x_wconf 79' lang='lat' dir='ltr'><strong>Incidunt</strong></span> <span class='ocrx_word' id='word_1_20' title='bbox 3030 455 3140 511; x_wconf 73' lang='lat' dir='ltr'><strong>pra:</strong></span> <span class='ocrx_word' id='word_1_21' title='bbox 3176 455 3235 496; x_wconf 89' lang='lat' dir='ltr'><strong>se</strong></span> <span class='ocrx_word' id='word_1_22' title='bbox 3275 440 3480 498; x_wconf 76' lang='lat' dir='ltr'><strong>ferens.</strong></span> 
     </span>
    </p>
   </div>
   <div class='ocr_carea' id='block_1_4' title="bbox 242 530 1817 605">
    <p class='ocr_par' dir='ltr' id='par_1_4' title="bbox 242 530 1799 602">
     <span class='ocr_line' id='line_1_4' title="bbox 242 530 1799 602; baseline -0.002 -19"><span class='ocrx_word' id='word_1_23' title='bbox 242 530 438 598; x_wconf 73' lang='grc' dir='ltr'>ἔχουσα,</span> <span class='ocrx_word' id='word_1_24' title='bbox 471 532 660 586; x_wconf 68' lang='grc' dir='ltr'>πάντα</span> <span class='ocrx_word' id='word_1_25' title='bbox 682 533 775 585; x_wconf 80' lang='grc' dir='ltr'><strong>τὸν</strong></span> <span class='ocrx_word' id='word_1_26' title='bbox 801 533 994 586; x_wconf 75' lang='grc' dir='ltr'>κύκλον</span> <span class='ocrx_word' id='word_1_27' title='bbox 1023 534 1434 602; x_wconf 74' lang='grc' dir='ltr'>πεφωτισμένον</span> <span class='ocrx_word' id='word_1_28' title='bbox 1461 531 1799 585; x_wconf 84' lang='grc' dir='ltr'>δεικνύουσα.</span> 
     </span>
    </p>
   </div>
   <div class='ocr_carea' id='block_1_5' title="bbox 1923 530 3490 605">
    <p class='ocr_par' dir='ltr' id='par_1_5' title="bbox 1923 530 3490 605">
     <span class='ocr_line' id='line_1_5' title="bbox 1923 530 3490 605; baseline -0.002 -20"><span class='ocrx_word' id='word_1_29' title='bbox 1923 530 2002 585; x_wconf 78' lang='lat' dir='ltr'><strong>Sic</strong></span> <span class='ocrx_word' id='word_1_30' title='bbox 2026 534 2212 601; x_wconf 78' lang='lat' dir='ltr'><strong>igitur,</strong></span> <span class='ocrx_word' id='word_1_31' title='bbox 2241 534 2516 605; x_wconf 87' lang='lat' dir='ltr'><strong>inquiunt,</strong></span> <span class='ocrx_word' id='word_1_32' title='bbox 2547 550 2564 581; x_wconf 79' lang='grc' dir='ltr'><strong>ι</strong></span> <span class='ocrx_word' id='word_1_33' title='bbox 2601 543 2685 586; x_wconf 80' lang='lat' dir='ltr'><strong>est</strong></span> <span class='ocrx_word' id='word_1_34' title='bbox 2711 532 2941 600; x_wconf 81' lang='lat' dir='ltr'><strong>pulchra</strong></span> <span class='ocrx_word' id='word_1_35' title='bbox 2975 540 3031 584; x_wconf 90' lang='lat' dir='ltr'><strong>ut</strong></span> <span class='ocrx_word' id='word_1_36' title='bbox 3062 530 3238 585; x_wconf 87' lang='lat' dir='ltr'><strong>electa</strong></span> <span class='ocrx_word' id='word_1_37' title='bbox 3267 530 3420 587; x_wconf 79' lang='lat' dir='ltr'><strong>luna.</strong></span> <span class='ocrx_word' id='word_1_38' title='bbox 3453 548 3490 582; x_wconf 75' lang='grc' dir='ltr'><strong>ιι</strong></span> 
     </span>
    </p>
   </div>
   <div class='ocr_carea' id='block_1_6' title="bbox 245 621 1817 695">
    <p class='ocr_par' dir='ltr' id='par_1_6' title="bbox 245 623 1803 695">
     <span class='ocr_line' id='line_1_6' title="bbox 245 623 1803 695; baseline -0.002 -19"><span class='ocrx_word' id='word_1_39' title='bbox 245 624 381 676; x_wconf 76' lang='grc' dir='ltr'>Οὕτω</span> <span class='ocrx_word' id='word_1_40' title='bbox 434 629 644 677; x_wconf 74' lang='grc' dir='ltr'>τοίνυν.</span> <span class='ocrx_word' id='word_1_41' title='bbox 694 626 882 695; x_wconf 64' lang='grc' dir='ltr'>φησιν,</span> <span class='ocrx_word' id='word_1_42' title='bbox 928 645 945 675; x_wconf 80' lang='grc' dir='ltr'><strong>ι</strong></span> <span class='ocrx_word' id='word_1_43' title='bbox 976 625 1091 677; x_wconf 69' lang='grc' dir='ltr'>ἐστὶ</span> <span class='ocrx_word' id='word_1_44' title='bbox 1127 625 1285 693; x_wconf 84' lang='grc' dir='ltr'>καλὴ,</span> <span class='ocrx_word' id='word_1_45' title='bbox 1331 624 1406 686; x_wconf 86' lang='grc' dir='ltr'>ὼς</span> <span class='ocrx_word' id='word_1_46' title='bbox 1457 623 1683 691; x_wconf 80' lang='grc' dir='ltr'>ὲκλεκτὴ</span> <span class='ocrx_word' id='word_1_47' title='bbox 1716 638 1803 673; x_wconf 88' lang='grc' dir='ltr'>σε-</span> 
     </span>
    </p>
   </div>
   <div class='ocr_carea' id='block_1_7' title="bbox 1923 621 3480 695">
    <p class='ocr_par' dir='ltr' id='par_1_7' title="bbox 1923 621 3480 695">
     <span class='ocr_line' id='line_1_7' title="bbox 1923 621 3480 695; baseline -0.001 -19"><span class='ocrx_word' id='word_1_48' title='bbox 1923 622 2157 677; x_wconf 85' lang='lat' dir='ltr'><strong>l‘radunt</strong></span> <span class='ocrx_word' id='word_1_49' title='bbox 2191 634 2371 678; x_wconf 89' lang='lat' dir='ltr'><strong>autem</strong></span> <span class='ocrx_word' id='word_1_50' title='bbox 2422 624 2514 695; x_wconf 87' lang='lat' dir='ltr'><strong>qui</strong></span> <span class='ocrx_word' id='word_1_51' title='bbox 2557 624 2611 676; x_wconf 89' lang='lat' dir='ltr'><strong>in</strong></span> <span class='ocrx_word' id='word_1_52' title='bbox 2645 624 2811 677; x_wconf 82' lang='lat' dir='ltr'><strong>rebus</strong></span> <span class='ocrx_word' id='word_1_53' title='bbox 2862 621 3141 691; x_wconf 79' lang='lat' dir='ltr'><strong>ejusmodi</strong></span> <span class='ocrx_word' id='word_1_54' title='bbox 3191 638 3237 677; x_wconf 75' lang='lat' dir='ltr'><strong>at</strong></span> <span class='ocrx_word' id='word_1_55' title='bbox 3263 629 3320 675; x_wconf 89' lang='lat' dir='ltr'><strong>nt</strong></span> <span class='ocrx_word' id='word_1_56' title='bbox 3353 635 3480 677; x_wconf 72' lang='lat' dir='ltr'><strong>ver-</strong></span> 
     </span>
    </p>
   </div>
   <div class='ocr_carea' id='block_1_8' title="bbox 243 708 1808 785">
    <p class='ocr_par' dir='ltr' id='par_1_8' title="bbox 243 708 1808 785">
     <span class='ocr_line' id='line_1_8' title="bbox 243 708 1808 785; baseline -0.002 -21"><span class='ocrx_word' id='word_1_57' title='bbox 243 713 381 782; x_wconf 79' lang='grc' dir='ltr'>λήνη.</span> <span class='ocrx_word' id='word_1_58' title='bbox 423 732 444 763; x_wconf 76' lang='grc' dir='ltr'><strong>ι</strong></span> <span class='ocrx_word' id='word_1_59' title='bbox 489 715 633 766; x_wconf 73' lang='grc' dir='ltr'>Φασὶ</span> <span class='ocrx_word' id='word_1_60' title='bbox 672 714 729 767; x_wconf 84' lang='grc' dir='ltr'>δὲ</span> <span class='ocrx_word' id='word_1_61' title='bbox 763 714 861 785; x_wconf 78' lang='grc' dir='ltr'>τὴν</span> <span class='ocrx_word' id='word_1_62' title='bbox 909 714 1136 783; x_wconf 77' lang='grc' dir='ltr'>σελήνην</span> <span class='ocrx_word' id='word_1_63' title='bbox 1186 716 1233 768; x_wconf 85' lang='grc' dir='ltr'><strong>οί</strong></span> <span class='ocrx_word' id='word_1_64' title='bbox 1266 715 1393 783; x_wconf 70' lang='grc' dir='ltr'>περὶ</span> <span class='ocrx_word' id='word_1_65' title='bbox 1442 711 1612 765; x_wconf 79' lang='grc' dir='ltr'>ταῦτα</span> <span class='ocrx_word' id='word_1_66' title='bbox 1643 708 1808 763; x_wconf 73' lang='grc' dir='ltr'>δεινοὶ</span> 
     </span>
    </p>
   </div>
   <div class='ocr_carea' id='block_1_9' title="bbox 244 800 1803 871">
    <p class='ocr_par' dir='ltr' id='par_1_9' title="bbox 244 800 1803 871">
     <span class='ocr_line' id='line_1_9' title="bbox 244 800 1803 871; baseline -0.002 -17"><span class='ocrx_word' id='word_1_67' title='bbox 244 802 334 854; x_wconf 76' lang='grc' dir='ltr'><strong>ὑπὸ</strong></span> <span class='ocrx_word' id='word_1_68' title='bbox 382 800 494 853; x_wconf 83' lang='grc' dir='ltr'><strong>τῶν</strong></span> <span class='ocrx_word' id='word_1_69' title='bbox 543 802 792 870; x_wconf 76' lang='grc' dir='ltr'>ἡλιακῶν</span> <span class='ocrx_word' id='word_1_70' title='bbox 838 803 1070 855; x_wconf 84' lang='grc' dir='ltr'><strong>ἀκτίνων</strong></span> <span class='ocrx_word' id='word_1_71' title='bbox 1119 801 1519 871; x_wconf 80' lang='grc' dir='ltr'><strong>ὑποδεχομένην</strong></span> <span class='ocrx_word' id='word_1_72' title='bbox 1571 800 1629 852; x_wconf 69' lang='grc' dir='ltr'>τὸ</span> <span class='ocrx_word' id='word_1_73' title='bbox 1668 801 1803 867; x_wconf 83' lang='grc' dir='ltr'>φῶς,</span> 
     </span>
    </p>
   </div>
   <div class='ocr_carea' id='block_1_10' title="bbox 247 891 1809 963">
    <p class='ocr_par' dir='ltr' id='par_1_10' title="bbox 247 891 1809 963">
     <span class='ocr_line' id='line_1_10' title="bbox 247 891 1809 963; baseline -0.001 -19"><span class='ocrx_word' id='word_1_74' title='bbox 247 893 400 961; x_wconf 72' lang='grc' dir='ltr'>βραχὺ</span> <span class='ocrx_word' id='word_1_75' title='bbox 431 892 536 961; x_wconf 81' lang='grc' dir='ltr'><strong>μὲν</strong></span> <span class='ocrx_word' id='word_1_76' title='bbox 566 891 870 963; x_wconf 75' lang='grc' dir='ltr'>λαμϐάνειν</span> <span class='ocrx_word' id='word_1_77' title='bbox 903 893 1015 960; x_wconf 76' lang='grc' dir='ltr'>φῶς</span> <span class='ocrx_word' id='word_1_78' title='bbox 1034 894 1246 955; x_wconf 70' lang='grc' dir='ltr'>δ’,ὃταν</span> <span class='ocrx_word' id='word_1_79' title='bbox 1281 892 1452 963; x_wconf 72' lang='grc' dir='ltr'>βραχὺ</span> <span class='ocrx_word' id='word_1_80' title='bbox 1490 892 1675 961; x_wconf 75' lang='grc' dir='ltr'>μόριον</span> <span class='ocrx_word' id='word_1_81' title='bbox 1710 892 1809 943; x_wconf 74' lang='grc' dir='ltr'>αὑ-</span> 
     </span>
    </p>
   </div>
   <div class='ocr_carea' id='block_1_11' title="bbox 245 982 1807 1056">
    <p class='ocr_par' dir='ltr' id='par_1_11' title="bbox 245 982 1807 1056">
     <span class='ocr_line' id='line_1_11' title="bbox 245 982 1807 1056; baseline -0.001 -21"><span class='ocrx_word' id='word_1_82' title='bbox 245 987 328 1053; x_wconf 81' lang='grc' dir='ltr'>τῆς</span> <span class='ocrx_word' id='word_1_83' title='bbox 351 982 527 1056; x_wconf 75' lang='grc' dir='ltr'>βλέπῃ</span> <span class='ocrx_word' id='word_1_84' title='bbox 557 984 653 1037; x_wconf 68' lang='grc' dir='ltr'><strong>τὸν</strong></span> <span class='ocrx_word' id='word_1_85' title='bbox 679 985 862 1055; x_wconf 75' lang='grc' dir='ltr'>ἥλιονο</span> <span class='ocrx_word' id='word_1_86' title='bbox 895 986 1022 1039; x_wconf 81' lang='grc' dir='ltr'>ὅταν</span> <span class='ocrx_word' id='word_1_87' title='bbox 1059 985 1114 1039; x_wconf 82' lang='grc' dir='ltr'>δὲ</span> <span class='ocrx_word' id='word_1_88' title='bbox 1149 984 1513 1054; x_wconf 83' lang='grc' dir='ltr'>κατάντικρυς</span> <span class='ocrx_word' id='word_1_89' title='bbox 1543 983 1807 1053; x_wconf 79' lang='grc' dir='ltr'>γενομένη</span> 
     </span>
    </p>
   </div>
   <div class='ocr_carea' id='block_1_12' title="bbox 244 1070 1812 1146">
    <p class='ocr_par' dir='ltr' id='par_1_12' title="bbox 244 1070 1812 1146">
     <span class='ocr_line' id='line_1_12' title="bbox 244 1070 1812 1146; baseline -0.002 -16"><span class='ocrx_word' id='word_1_90' title='bbox 244 1075 350 1130; x_wconf 77' lang='grc' dir='ltr'>ελον</span> <span class='ocrx_word' id='word_1_91' title='bbox 378 1073 562 1145; x_wconf 80' lang='grc' dir='ltr'>θεωρῇ</span> <span class='ocrx_word' id='word_1_92' title='bbox 598 1078 692 1128; x_wconf 76' lang='grc' dir='ltr'><strong>τὸν</strong></span> <span class='ocrx_word' id='word_1_93' title='bbox 735 1077 906 1146; x_wconf 75' lang='grc' dir='ltr'>ἥλιον,</span> <span class='ocrx_word' id='word_1_94' title='bbox 949 1070 1058 1129; x_wconf 73' lang='grc' dir='ltr'>οἷον</span> <span class='ocrx_word' id='word_1_95' title='bbox 1092 1093 1144 1128; x_wconf 84' lang='grc' dir='ltr'><strong>τι</strong></span> <span class='ocrx_word' id='word_1_96' title='bbox 1197 1076 1501 1144; x_wconf 78' lang='grc' dir='ltr'>κάτοπτρον</span> <span class='ocrx_word' id='word_1_97' title='bbox 1548 1075 1668 1128; x_wconf 77' lang='grc' dir='ltr'>ὅλον</span> <span class='ocrx_word' id='word_1_98' title='bbox 1716 1075 1812 1127; x_wconf 84' lang='grc' dir='ltr'><strong>αὑ-</strong></span> 
     </span>
    </p>
   </div>
   <div class='ocr_carea' id='block_1_13' title="bbox 245 1161 1812 1235">
    <p class='ocr_par' dir='ltr' id='par_1_13' title="bbox 245 1161 1812 1235">
     <span class='ocr_line' id='line_1_13' title="bbox 245 1161 1812 1235; baseline 0.001 -20"><span class='ocrx_word' id='word_1_99' title='bbox 245 1161 327 1215; x_wconf 79' lang='grc' dir='ltr'><strong>Ιιοῦ</strong></span> <span class='ocrx_word' id='word_1_100' title='bbox 347 1162 392 1193; x_wconf 82' lang='grc'><strong>⁸³</strong></span> <span class='ocrx_word' id='word_1_101' title='bbox 424 1165 520 1215; x_wconf 83' lang='grc' dir='ltr'><strong>τὸν</strong></span> <span class='ocrx_word' id='word_1_102' title='bbox 550 1162 737 1218; x_wconf 87' lang='grc' dir='ltr'>δίσκον</span> <span class='ocrx_word' id='word_1_103' title='bbox 772 1164 1178 1235; x_wconf 83' lang='grc' dir='ltr'>ὲκματτομένη,</span> <span class='ocrx_word' id='word_1_104' title='bbox 1232 1163 1329 1234; x_wconf 84' lang='grc' dir='ltr'>ὅλη</span> <span class='ocrx_word' id='word_1_105' title='bbox 1362 1162 1671 1233; x_wconf 78' lang='grc' dir='ltr'>φωτίζεται,</span> <span class='ocrx_word' id='word_1_106' title='bbox 1720 1164 1812 1216; x_wconf 74' lang='grc' dir='ltr'><strong>καὶ</strong></span> 
     </span>
    </p>
   </div>
   <div class='ocr_carea' id='block_1_14' title="bbox 245 1251 1810 1324">
    <p class='ocr_par' dir='ltr' id='par_1_14' title="bbox 245 1251 1810 1324">
     <span class='ocr_line' id='line_1_14' title="bbox 245 1251 1810 1324; baseline 0.003 -21"><span class='ocrx_word' id='word_1_107' title='bbox 245 1251 383 1304; x_wconf 76' lang='grc' dir='ltr'>οὐδὲν</span> <span class='ocrx_word' id='word_1_108' title='bbox 432 1251 531 1305; x_wconf 85' lang='grc' dir='ltr'><strong>τοῦ</strong></span> <span class='ocrx_word' id='word_1_109' title='bbox 581 1251 835 1322; x_wconf 83' lang='grc' dir='ltr'>σώματος</span> <span class='ocrx_word' id='word_1_110' title='bbox 893 1252 1052 1324; x_wconf 80' lang='grc' dir='ltr'>μέρος</span> <span class='ocrx_word' id='word_1_111' title='bbox 1105 1251 1409 1321; x_wconf 70' lang='grc' dir='ltr'>ἀφώτιστον</span> <span class='ocrx_word' id='word_1_112' title='bbox 1470 1252 1810 1307; x_wconf 75' lang='grc' dir='ltr'><strong>καταλείπει.</strong></span> 
     </span>
    </p>
   </div>
   <div class='ocr_carea' id='block_1_15' title="bbox 247 1338 1813 1415">
    <p class='ocr_par' dir='ltr' id='par_1_15' title="bbox 247 1338 1813 1415">
     <span class='ocr_line' id='line_1_15' title="bbox 247 1338 1813 1415; baseline 0.004 -23"><span class='ocrx_word' id='word_1_113' title='bbox 247 1338 393 1393; x_wconf 79' lang='grc' dir='ltr'>Οὖτω</span> <span class='ocrx_word' id='word_1_114' title='bbox 421 1341 611 1393; x_wconf 89' lang='grc' dir='ltr'>τοίνυν</span> <span class='ocrx_word' id='word_1_115' title='bbox 649 1342 744 1395; x_wconf 78' lang='grc' dir='ltr'>καὶ</span> <span class='ocrx_word' id='word_1_116' title='bbox 780 1345 813 1413; x_wconf 81' lang='grc' dir='ltr'><strong>ἡ</strong></span> <span class='ocrx_word' id='word_1_117' title='bbox 841 1343 932 1396; x_wconf 87' lang='grc' dir='ltr'><strong>τοῦ</strong></span> <span class='ocrx_word' id='word_1_118' title='bbox 967 1343 1203 1414; x_wconf 81' lang='grc' dir='ltr'><strong>Χριστοῦ</strong></span> <span class='ocrx_word' id='word_1_119' title='bbox 1246 1342 1559 1415; x_wconf 83' lang='grc' dir='ltr'>Ἐκκλησία,</span> <span class='ocrx_word' id='word_1_120' title='bbox 1608 1343 1715 1397; x_wconf 84' lang='grc' dir='ltr'><strong>τῶν</strong></span> <span class='ocrx_word' id='word_1_121' title='bbox 1755 1345 1813 1399; x_wconf 81' lang='grc' dir='ltr'>ὲν</span> 
     </span>
    </p>
   </div>
   <div class='ocr_carea' id='block_1_16' title="bbox 247 1433 1816 1506">
    <p class='ocr_par' dir='ltr' id='par_1_16' title="bbox 247 1433 1816 1506">
     <span class='ocr_line' id='line_1_16' title="bbox 247 1433 1816 1506; baseline 0.004 -23"><span class='ocrx_word' id='word_1_122' title='bbox 247 1433 404 1504; x_wconf 67' lang='grc' dir='ltr'>ἀρετῇ</span> <span class='ocrx_word' id='word_1_123' title='bbox 444 1434 884 1506; x_wconf 82' lang='grc' dir='ltr'>τετελειωμένων</span> <span class='ocrx_word' id='word_1_124' title='bbox 934 1434 1120 1505; x_wconf 70' lang='grc' dir='ltr'>ψυχῶν</span> <span class='ocrx_word' id='word_1_125' title='bbox 1152 1433 1212 1487; x_wconf 81' lang='grc' dir='ltr'>τὸ</span> <span class='ocrx_word' id='word_1_126' title='bbox 1254 1434 1531 1506; x_wconf 76' lang='grc' dir='ltr'><strong>σύστημα,</strong></span> <span class='ocrx_word' id='word_1_127' title='bbox 1565 1455 1583 1487; x_wconf 77' lang='grc' dir='ltr'><strong>ι</strong></span> <span class='ocrx_word' id='word_1_128' title='bbox 1618 1437 1816 1489; x_wconf 76' lang='grc' dir='ltr'>ἀνακεο</span> 
     </span>
    </p>
   </div>
   <div class='ocr_carea' id='block_1_17' title="bbox 1910 709 3484 778">
    <p class='ocr_par' dir='ltr' id='par_1_17' title="bbox 1910 709 3484 778">
     <span class='ocr_line' id='line_1_17' title="bbox 1910 709 3484 778; baseline -0.001 -10"><span class='ocrx_word' id='word_1_129' title='bbox 1910 712 2038 778; x_wconf 86' lang='lat' dir='ltr'><strong>sati,</strong></span> <span class='ocrx_word' id='word_1_130' title='bbox 2071 713 2254 767; x_wconf 89' lang='lat' dir='ltr'><strong>lunam</strong></span> <span class='ocrx_word' id='word_1_131' title='bbox 2285 728 2348 769; x_wconf 81' lang='lat' dir='ltr'><strong>cx</strong></span> <span class='ocrx_word' id='word_1_132' title='bbox 2382 714 2519 771; x_wconf 88' lang='lat' dir='ltr'><strong>solis</strong></span> <span class='ocrx_word' id='word_1_133' title='bbox 2574 711 2743 765; x_wconf 80' lang='lat' dir='ltr'><strong>radiis</strong></span> <span class='ocrx_word' id='word_1_134' title='bbox 2775 712 2951 768; x_wconf 90' lang='lat' dir='ltr'><strong>lucem</strong></span> <span class='ocrx_word' id='word_1_135' title='bbox 2986 709 3247 774; x_wconf 84' lang='lat' dir='ltr'><strong>mutuari,</strong></span> <span class='ocrx_word' id='word_1_136' title='bbox 3294 724 3360 765; x_wconf 86' lang='lat' dir='ltr'><strong>ac</strong></span> <span class='ocrx_word' id='word_1_137' title='bbox 3398 709 3484 766; x_wconf 76' lang='lat' dir='ltr'><strong>ltr-</strong></span> 
     </span>
    </p>
   </div>
   <div class='ocr_carea' id='block_1_18' title="bbox 1913 799 3482 876">
    <p class='ocr_par' dir='ltr' id='par_1_18' title="bbox 1913 799 3482 876">
     <span class='ocr_line' id='line_1_18' title="bbox 1913 799 3482 876; baseline -0.004 -17"><span class='ocrx_word' id='word_1_138' title='bbox 1913 821 2034 861; x_wconf 84' lang='lat' dir='ltr'><strong>men</strong></span> <span class='ocrx_word' id='word_1_139' title='bbox 2091 805 2317 875; x_wconf 77' lang='lat' dir='ltr'><strong>quidem</strong></span> <span class='ocrx_word' id='word_1_140' title='bbox 2374 804 2633 876; x_wconf 70' lang='lat' dir='ltr'><strong>exiguum</strong></span> <span class='ocrx_word' id='word_1_141' title='bbox 2701 802 3018 872; x_wconf 85' lang='lat' dir='ltr'><strong>suscipere,</strong></span> <span class='ocrx_word' id='word_1_142' title='bbox 3078 816 3203 856; x_wconf 90' lang='lat' dir='ltr'><strong>cum</strong></span> <span class='ocrx_word' id='word_1_143' title='bbox 3256 799 3482 871; x_wconf 84' lang='lat' dir='ltr'><strong>parvula</strong></span> 
     </span>
    </p>
   </div>
   <div class='ocr_carea' id='block_1_19' title="bbox 1912 890 3485 967">
    <p class='ocr_par' dir='ltr' id='par_1_19' title="bbox 1912 890 3485 967">
     <span class='ocr_line' id='line_1_19' title="bbox 1912 890 3485 967; baseline -0.004 -17"><span class='ocrx_word' id='word_1_144' title='bbox 1912 896 2087 967; x_wconf 82' lang='lat' dir='ltr'><strong>ipsius</strong></span> <span class='ocrx_word' id='word_1_145' title='bbox 2119 897 2390 967; x_wconf 77' lang='lat' dir='ltr'><strong>particula</strong></span> <span class='ocrx_word' id='word_1_146' title='bbox 2422 896 2595 951; x_wconf 84' lang='lat' dir='ltr'><strong>solem</strong></span> <span class='ocrx_word' id='word_1_147' title='bbox 2626 896 2862 965; x_wconf 80' lang='lat' dir='ltr'><strong>aspicit:</strong></span> <span class='ocrx_word' id='word_1_148' title='bbox 2919 909 3045 947; x_wconf 82' lang='lat' dir='ltr'><strong>cum</strong></span> <span class='ocrx_word' id='word_1_149' title='bbox 3079 901 3257 947; x_wconf 82' lang='lat' dir='ltr'><strong>autem</strong></span> <span class='ocrx_word' id='word_1_150' title='bbox 3290 907 3355 947; x_wconf 82' lang='lat' dir='ltr'><strong>ex</strong></span> <span class='ocrx_word' id='word_1_151' title='bbox 3388 890 3485 945; x_wconf 83' lang='lat' dir='ltr'><strong>ad-</strong></span> 
     </span>
    </p>
   </div>
   <div class='ocr_carea' id='block_1_20' title="bbox 1911 986 3484 1056">
    <p class='ocr_par' dir='ltr' id='par_1_20' title="bbox 1911 986 3484 1056">
     <span class='ocr_line' id='line_1_20' title="bbox 1911 986 3484 1056; baseline -0.003 -16"><span class='ocrx_word' id='word_1_152' title='bbox 1911 1003 2074 1044; x_wconf 85' lang='lat' dir='ltr'><strong>verso</strong></span> <span class='ocrx_word' id='word_1_153' title='bbox 2100 996 2275 1043; x_wconf 88' lang='lat' dir='ltr'><strong>totum</strong></span> <span class='ocrx_word' id='word_1_154' title='bbox 2309 987 2478 1044; x_wconf 86' lang='lat' dir='ltr'><strong>solem</strong></span> <span class='ocrx_word' id='word_1_155' title='bbox 2527 998 2585 1041; x_wconf 93' lang='lat' dir='ltr'><strong>ut</strong></span> <span class='ocrx_word' id='word_1_156' title='bbox 2642 986 2921 1056; x_wconf 73' lang='lat' dir='ltr'><strong>speculum</strong></span> <span class='ocrx_word' id='word_1_157' title='bbox 2955 993 3270 1047; x_wconf 90' lang='lat' dir='ltr'><strong>contuetur,</strong></span> <span class='ocrx_word' id='word_1_158' title='bbox 3310 991 3484 1037; x_wconf 88' lang='lat' dir='ltr'><strong>totum</strong></span> 
     </span>
    </p>
   </div>
   <div class='ocr_carea' id='block_1_21' title="bbox 1912 1074 3484 1151">
    <p class='ocr_par' dir='ltr' id='par_1_21' title="bbox 1912 1074 3484 1151">
     <span class='ocr_line' id='line_1_21' title="bbox 1912 1074 3484 1151; baseline -0.006 -16"><span class='ocrx_word' id='word_1_159' title='bbox 1912 1081 2032 1151; x_wconf 85' lang='lat' dir='ltr'><strong>ejus</strong></span> <span class='ocrx_word' id='word_1_160' title='bbox 2055 1082 2243 1136; x_wconf 84' lang='lat' dir='ltr'><strong>orbem</strong></span> <span class='ocrx_word' id='word_1_161' title='bbox 2280 1079 2596 1150; x_wconf 73' lang='lat' dir='ltr'><strong>exprimens</strong></span> <span class='ocrx_word' id='word_1_162' title='bbox 2621 1118 2636 1143; x_wconf 88' lang='lat'><strong>,</strong></span> <span class='ocrx_word' id='word_1_163' title='bbox 2672 1078 2986 1134; x_wconf 73' lang='lat' dir='ltr'><strong>illustratur</strong></span> <span class='ocrx_word' id='word_1_164' title='bbox 3022 1084 3154 1142; x_wconf 86' lang='lat' dir='ltr'><strong>tota,</strong></span> <span class='ocrx_word' id='word_1_165' title='bbox 3188 1090 3286 1129; x_wconf 88' lang='lat' dir='ltr'><strong>nec</strong></span> <span class='ocrx_word' id='word_1_166' title='bbox 3320 1074 3484 1128; x_wconf 88' lang='lat' dir='ltr'><strong>ullam</strong></span> 
     </span>
    </p>
   </div>
   <div class='ocr_carea' id='block_1_22' title="bbox 1914 1168 3488 1241">
    <p class='ocr_par' dir='ltr' id='par_1_22' title="bbox 1914 1168 3488 1241">
     <span class='ocr_line' id='line_1_22' title="bbox 1914 1168 3488 1241; baseline -0.003 -16"><span class='ocrx_word' id='word_1_167' title='bbox 1914 1169 2165 1241; x_wconf 89' lang='lat' dir='ltr'><strong>corporis</strong></span> <span class='ocrx_word' id='word_1_168' title='bbox 2199 1178 2407 1239; x_wconf 89' lang='lat' dir='ltr'><strong>partem</strong></span> <span class='ocrx_word' id='word_1_169' title='bbox 2453 1169 2746 1225; x_wconf 83' lang='lat' dir='ltr'><strong>obscuram</strong></span> <span class='ocrx_word' id='word_1_170' title='bbox 2808 1170 3032 1231; x_wconf 76' lang='lat' dir='ltr'><strong>retinet.</strong></span> <span class='ocrx_word' id='word_1_171' title='bbox 3095 1168 3189 1224; x_wconf 87' lang='lat' dir='ltr'><strong>Sic</strong></span> <span class='ocrx_word' id='word_1_172' title='bbox 3222 1169 3390 1239; x_wconf 80' lang='lat' dir='ltr'><strong>igitur</strong></span> <span class='ocrx_word' id='word_1_173' title='bbox 3434 1176 3488 1223; x_wconf 82' lang='lat' dir='ltr'><strong>et</strong></span> 
     </span>
    </p>
   </div>
   <div class='ocr_carea' id='block_1_23' title="bbox 1914 1259 3486 1329">
    <p class='ocr_par' dir='ltr' id='par_1_23' title="bbox 1914 1259 3486 1329">
     <span class='ocr_line' id='line_1_23' title="bbox 1914 1259 3486 1329; baseline -0.003 -12"><span class='ocrx_word' id='word_1_174' title='bbox 1914 1263 2119 1318; x_wconf 77' lang='lat' dir='ltr'><strong>Christi</strong></span> <span class='ocrx_word' id='word_1_175' title='bbox 2174 1260 2821 1325; x_wconf 77' lang='lat' dir='ltr'><strong>Ecclesia,&#39;animarum</strong></span> <span class='ocrx_word' id='word_1_176' title='bbox 2868 1261 3071 1315; x_wconf 88' lang='lat' dir='ltr'><strong>virtute</strong></span> <span class='ocrx_word' id='word_1_177' title='bbox 3124 1259 3486 1329; x_wconf 75' lang='lat' dir='ltr'><strong>perfertarum</strong></span> 
     </span>
    </p>
   </div>
   <div class='ocr_carea' id='block_1_24' title="bbox 1916 1349 3483 1421">
    <p class='ocr_par' dir='ltr' id='par_1_24' title="bbox 1916 1349 3483 1421">
     <span class='ocr_line' id='line_1_24' title="bbox 1916 1349 3483 1421; baseline -0.004 -13"><span class='ocrx_word' id='word_1_178' title='bbox 1916 1363 2119 1417; x_wconf 70' lang='lat' dir='ltr'><strong>cretus,</strong></span> <span class='ocrx_word' id='word_1_179' title='bbox 2153 1371 2170 1402; x_wconf 79' lang='grc' dir='ltr'><strong>ι</strong></span> <span class='ocrx_word' id='word_1_180' title='bbox 2194 1352 2435 1407; x_wconf 73' lang='lat' dir='ltr'><strong>revelata</strong></span> <span class='ocrx_word' id='word_1_181' title='bbox 2458 1351 2594 1405; x_wconf 76' lang='lat' dir='ltr'><strong>facie</strong></span> <span class='ocrx_word' id='word_1_182' title='bbox 2621 1350 2848 1420; x_wconf 75' lang='lat' dir='ltr'><strong>gloriam</strong></span> <span class='ocrx_word' id='word_1_183' title='bbox 2883 1349 3097 1407; x_wconf 88' lang='lat' dir='ltr'><strong>Domini</strong></span> <span class='ocrx_word' id='word_1_184' title='bbox 3127 1351 3439 1421; x_wconf 89' lang='lat' dir='ltr'><strong>speculans,</strong></span> <span class='ocrx_word' id='word_1_185' title='bbox 3463 1370 3483 1401; x_wconf 76' lang='grc' dir='ltr'><strong>ι</strong></span> 
     </span>
    </p>
   </div>
   <div class='ocr_carea' id='block_1_25' title="bbox 1918 1437 3497 1509">
    <p class='ocr_par' dir='ltr' id='par_1_25' title="bbox 1918 1437 3497 1509">
     <span class='ocr_line' id='line_1_25' title="bbox 1918 1437 3497 1509; baseline -0.004 -12"><span class='ocrx_word' id='word_1_186' title='bbox 1918 1448 1975 1497; x_wconf 90' lang='lat' dir='ltr'><strong>ut</strong></span> <span class='ocrx_word' id='word_1_187' title='bbox 2019 1441 2095 1494; x_wconf 86' lang='lat' dir='ltr'><strong>ait</strong></span> <span class='ocrx_word' id='word_1_188' title='bbox 2162 1441 2359 1495; x_wconf 79' lang='lat' dir='ltr'><strong>beatus</strong></span> <span class='ocrx_word' id='word_1_189' title='bbox 2411 1437 2647 1501; x_wconf 89' lang='lat' dir='ltr'><strong>Paulus,</strong></span> <span class='ocrx_word' id='word_1_190' title='bbox 2709 1439 2807 1491; x_wconf 67' lang='lat' dir='ltr'><strong>«in</strong></span> <span class='ocrx_word' id='word_1_191' title='bbox 2875 1438 3122 1493; x_wconf 86' lang='lat' dir='ltr'><strong>eamdem</strong></span> <span class='ocrx_word' id='word_1_192' title='bbox 3197 1438 3497 1509; x_wconf 75' lang='lat' dir='ltr'><strong>imaginem-</strong></span> 
     </span>
    </p>
   </div>
   <div class='ocr_carea' id='block_1_26' title="bbox 247 1523 1817 1599">
    <p class='ocr_par' dir='ltr' id='par_1_26' title="bbox 247 1523 1815 1598">
     <span class='ocr_line' id='line_1_26' title="bbox 247 1523 1815 1598; baseline 0.003 -23"><span class='ocrx_word' id='word_1_193' title='bbox 247 1523 575 1594; x_wconf 83' lang='grc' dir='ltr'>καλυμμένῳ</span> <span class='ocrx_word' id='word_1_194' title='bbox 608 1525 882 1597; x_wconf 83' lang='grc' dir='ltr'><strong>προσώπῳ</strong></span> <span class='ocrx_word' id='word_1_195' title='bbox 908 1527 1004 1596; x_wconf 80' lang='grc' dir='ltr'>τὴν</span> <span class='ocrx_word' id='word_1_196' title='bbox 1032 1525 1188 1592; x_wconf 69' lang='grc' dir='ltr'>δόξαν</span> <span class='ocrx_word' id='word_1_197' title='bbox 1220 1526 1423 1596; x_wconf 77' lang='grc' dir='ltr'>Κυρίου</span> <span class='ocrx_word' id='word_1_198' title='bbox 1455 1526 1815 1598; x_wconf 76' lang='grc' dir='ltr'>κατοπτριζο-</span> 
     </span>
    </p>
   </div>
   <div class='ocr_carea' id='block_1_27' title="bbox 1923 1523 3503 1599">
    <p class='ocr_par' dir='ltr' id='par_1_27' title="bbox 1923 1530 3503 1599">
     <span class='ocr_line' id='line_1_27' title="bbox 1923 1530 3503 1599; baseline -0.003 -13"><span class='ocrx_word' id='word_1_199' title='bbox 1923 1530 2349 1586; x_wconf 81' lang='lat' dir='ltr'><strong>transformatur</strong></span> <span class='ocrx_word' id='word_1_200' title='bbox 2383 1544 2411 1583; x_wconf 88' lang='lat' dir='ltr'><strong>a</strong></span> <span class='ocrx_word' id='word_1_201' title='bbox 2444 1530 2693 1584; x_wconf 77' lang='lat' dir='ltr'><strong>claritate</strong></span> <span class='ocrx_word' id='word_1_202' title='bbox 2730 1530 2782 1582; x_wconf 91' lang='lat' dir='ltr'><strong>in</strong></span> <span class='ocrx_word' id='word_1_203' title='bbox 2817 1530 3123 1583; x_wconf 81' lang='lat' dir='ltr'><strong>claritatem</strong></span> <span class='ocrx_word' id='word_1_204' title='bbox 3168 1539 3427 1599; x_wconf 76' lang='lat' dir='ltr'><strong>tanquam</strong></span> <span class='ocrx_word' id='word_1_205' title='bbox 3462 1544 3503 1581; x_wconf 82' lang='lat' dir='ltr'><strong>a-</strong></span> 
     </span>
    </p>
   </div>
   <div class='ocr_carea' id='block_1_28' title="bbox 245 1615 1817 1706">
    <p class='ocr_par' dir='ltr' id='par_1_28' title="bbox 245 1615 1814 1706">
     <span class='ocr_line' id='line_1_28' title="bbox 245 1615 1814 1706; baseline 0.004 -39"><span class='ocrx_word' id='word_1_206' title='bbox 245 1615 392 1686; x_wconf 77' lang='grc' dir='ltr'>μένη,</span> <span class='ocrx_word' id='word_1_207' title='bbox 415 1635 434 1667; x_wconf 77' lang='grc' dir='ltr'><strong>ι</strong></span> <span class='ocrx_word' id='word_1_208' title='bbox 452 1617 714 1706; x_wconf 20' lang='grc' dir='ltr'>κατὰδτδν</span> <span class='ocrx_word' id='word_1_209' title='bbox 744 1619 1012 1688; x_wconf 75' lang='grc' dir='ltr'>μακάρων</span> <span class='ocrx_word' id='word_1_210' title='bbox 1036 1618 1265 1683; x_wconf 83' lang='grc' dir='ltr'>Παῦλον,</span> <span class='ocrx_word' id='word_1_211' title='bbox 1301 1638 1318 1668; x_wconf 81' lang='grc' dir='ltr'><strong>ι</strong></span> <span class='ocrx_word' id='word_1_212' title='bbox 1342 1621 1440 1690; x_wconf 75' lang='grc' dir='ltr'><strong>τὴν</strong></span> <span class='ocrx_word' id='word_1_213' title='bbox 1467 1620 1638 1691; x_wconf 78' lang='grc' dir='ltr'>αὐτὴν</span> <span class='ocrx_word' id='word_1_214' title='bbox 1669 1619 1814 1673; x_wconf 83' lang='grc' dir='ltr'>εἰκό-</span> 
     </span>
    </p>
   </div>
   <div class='ocr_carea' id='block_1_29' title="bbox 1923 1615 3493 1706">
    <p class='ocr_par' dir='ltr' id='par_1_29' title="bbox 1923 1620 3493 1693">
     <span class='ocr_line' id='line_1_29' title="bbox 1923 1620 3493 1693; baseline -0.001 -17"><span class='ocrx_word' id='word_1_215' title='bbox 1923 1622 2140 1679; x_wconf 90' lang='lat' dir='ltr'><strong>Domini</strong></span> <span class='ocrx_word' id='word_1_216' title='bbox 2175 1621 2383 1693; x_wconf 85' lang='lat' dir='ltr'><strong>Spiritu</strong></span> <span class='ocrx_word' id='word_1_217' title='bbox 2410 1623 2438 1661; x_wconf 71' lang='grc' dir='ltr'>ιι</span> <span class='ocrx_word' id='word_1_218' title='bbox 2477 1641 2489 1676; x_wconf 91' lang='lat'><strong>:</strong></span> <span class='ocrx_word' id='word_1_219' title='bbox 2534 1642 2553 1673; x_wconf 78' lang='grc' dir='ltr'><strong>ι</strong></span> <span class='ocrx_word' id='word_1_220' title='bbox 2600 1631 2656 1675; x_wconf 80' lang='lat' dir='ltr'><strong>et</strong></span> <span class='ocrx_word' id='word_1_221' title='bbox 2687 1621 2745 1674; x_wconf 83' lang='lat' dir='ltr'><strong>ﬁt</strong></span> <span class='ocrx_word' id='word_1_222' title='bbox 2781 1628 2892 1675; x_wconf 91' lang='lat' dir='ltr'><strong>tota</strong></span> <span class='ocrx_word' id='word_1_223' title='bbox 2929 1620 3242 1691; x_wconf 87' lang='lat' dir='ltr'><strong>splendida,</strong></span> <span class='ocrx_word' id='word_1_224' title='bbox 3271 1629 3329 1675; x_wconf 83' lang='lat' dir='ltr'><strong>ut</strong></span> <span class='ocrx_word' id='word_1_225' title='bbox 3352 1621 3493 1675; x_wconf 64' lang='lat' dir='ltr'><strong>lunae</strong></span> 
     </span>
    </p>
   </div>
   <div class='ocr_carea' id='block_1_30' title="bbox 242 1699 1817 1782">
    <p class='ocr_par' dir='ltr' id='par_1_30' title="bbox 242 1699 1817 1781">
     <span class='ocr_line' id='line_1_30' title="bbox 242 1699 1817 1781; baseline 0.003 -22"><span class='ocrx_word' id='word_1_226' title='bbox 242 1724 298 1758; x_wconf 84' lang='lat' dir='ltr'><strong>va</strong></span> <span class='ocrx_word' id='word_1_227' title='bbox 325 1700 775 1778; x_wconf 57' lang='lat' dir='ltr'><strong>pscapopzpoﬁcat</strong></span> <span class='ocrx_word' id='word_1_228' title='bbox 799 1711 907 1763; x_wconf 81' lang='grc' dir='ltr'>ἀπὸ</span> <span class='ocrx_word' id='word_1_229' title='bbox 931 1710 1087 1779; x_wconf 77' lang='grc' dir='ltr'>δόξης</span> <span class='ocrx_word' id='word_1_230' title='bbox 1103 1699 1204 1774; x_wconf 73' lang='grc' dir='ltr'><strong>ἐίς</strong></span> <span class='ocrx_word' id='word_1_231' title='bbox 1235 1708 1416 1775; x_wconf 80' lang='grc' dir='ltr'>δόξαν,</span> <span class='ocrx_word' id='word_1_232' title='bbox 1440 1710 1692 1781; x_wconf 83' lang='grc' dir='ltr'>καθάπερ</span> <span class='ocrx_word' id='word_1_233' title='bbox 1710 1710 1817 1764; x_wconf 81' lang='grc' dir='ltr'>ἀπὸ</span> 
     </span>
    </p>
   </div>
   <div class='ocr_carea' id='block_1_31' title="bbox 1923 1699 3496 1782">
    <p class='ocr_par' dir='ltr' id='par_1_31' title="bbox 1923 1711 3496 1782">
     <span class='ocr_line' id='line_1_31' title="bbox 1923 1711 3496 1782; baseline -0.003 -13"><span class='ocrx_word' id='word_1_234' title='bbox 1923 1714 2120 1770; x_wconf 86' lang='lat' dir='ltr'><strong>similis</strong></span> <span class='ocrx_word' id='word_1_235' title='bbox 2167 1714 2438 1778; x_wconf 81' lang='lat' dir='ltr'><strong>videatur,</strong></span> <span class='ocrx_word' id='word_1_236' title='bbox 2478 1713 2643 1776; x_wconf 74' lang='lat' dir='ltr'><strong>lunae,</strong></span> <span class='ocrx_word' id='word_1_237' title='bbox 2699 1711 2968 1782; x_wconf 90' lang='lat' dir='ltr'><strong>inquam,</strong></span> <span class='ocrx_word' id='word_1_238' title='bbox 3032 1711 3249 1777; x_wconf 65' lang='lat' dir='ltr'><strong>electae,</strong></span> <span class='ocrx_word' id='word_1_239' title='bbox 3296 1712 3346 1766; x_wconf 89' lang='lat' dir='ltr'><strong>id</strong></span> <span class='ocrx_word' id='word_1_240' title='bbox 3411 1722 3496 1767; x_wconf 88' lang='lat' dir='ltr'><strong>est</strong></span> 
     </span>
    </p>
   </div>
   <div class='ocr_carea' id='block_1_32' title="bbox 247 1779 1817 1877">
    <p class='ocr_par' dir='ltr' id='par_1_32' title="bbox 247 1797 1817 1874">
     <span class='ocr_line' id='line_1_32' title="bbox 247 1797 1817 1874; baseline 0.004 -26"><span class='ocrx_word' id='word_1_241' title='bbox 247 1797 443 1866; x_wconf 78' lang='grc' dir='ltr'>Κυρίου</span> <span class='ocrx_word' id='word_1_242' title='bbox 473 1798 798 1870; x_wconf 75' lang='grc' dir='ltr'>Πνεῦματος</span> <span class='ocrx_word' id='word_1_243' title='bbox 824 1817 838 1830; x_wconf 88' lang='grc'><strong>·</strong></span> <span class='ocrx_word' id='word_1_244' title='bbox 876 1820 895 1853; x_wconf 72' lang='grc' dir='ltr'><strong>ι</strong></span> <span class='ocrx_word' id='word_1_245' title='bbox 924 1802 1018 1855; x_wconf 81' lang='grc' dir='ltr'>καὶ</span> <span class='ocrx_word' id='word_1_246' title='bbox 1043 1802 1252 1870; x_wconf 82' lang='grc' dir='ltr'>γίνεται</span> <span class='ocrx_word' id='word_1_247' title='bbox 1276 1801 1371 1865; x_wconf 79' lang='grc' dir='ltr'><strong>ὅλη</strong></span> <span class='ocrx_word' id='word_1_248' title='bbox 1396 1803 1709 1874; x_wconf 82' lang='grc' dir='ltr'>φωτοειδὴς,</span> <span class='ocrx_word' id='word_1_249' title='bbox 1742 1803 1817 1866; x_wconf 81' lang='grc' dir='ltr'>ὡς</span> 
     </span>
    </p>
   </div>
   <div class='ocr_carea' id='block_1_33' title="bbox 1923 1779 3491 1877">
    <p class='ocr_par' dir='ltr' id='par_1_33' title="bbox 1923 1803 3491 1877">
     <span class='ocr_line' id='line_1_33' title="bbox 1923 1803 3491 1877; baseline -0.003 -18"><span class='ocrx_word' id='word_1_250' title='bbox 1923 1806 2135 1877; x_wconf 68' lang='lat' dir='ltr'><strong>plenae;</strong></span> <span class='ocrx_word' id='word_1_251' title='bbox 2200 1820 2303 1861; x_wconf 89' lang='lat' dir='ltr'><strong>nec</strong></span> <span class='ocrx_word' id='word_1_252' title='bbox 2346 1805 2523 1859; x_wconf 83' lang='lat' dir='ltr'><strong>solum</strong></span> <span class='ocrx_word' id='word_1_253' title='bbox 2558 1805 2704 1859; x_wconf 75' lang='lat' dir='ltr'><strong>lunae</strong></span> <span class='ocrx_word' id='word_1_254' title='bbox 2760 1804 2975 1859; x_wconf 85' lang='lat' dir='ltr'><strong>videtur</strong></span> <span class='ocrx_word' id='word_1_255' title='bbox 3028 1803 3245 1866; x_wconf 84' lang='lat' dir='ltr'><strong>similis,</strong></span> <span class='ocrx_word' id='word_1_256' title='bbox 3303 1819 3491 1858; x_wconf 83' lang='lat' dir='ltr'><strong>verum</strong></span> 
     </span>
    </p>
   </div>
   <div class='ocr_carea' id='block_1_34' title="bbox 247 1886 1817 1966">
    <p class='ocr_par' dir='ltr' id='par_1_34' title="bbox 247 1886 1817 1963">
     <span class='ocr_line' id='line_1_34' title="bbox 247 1886 1817 1963; baseline 0.005 -26"><span class='ocrx_word' id='word_1_257' title='bbox 247 1886 470 1940; x_wconf 80' lang='grc' dir='ltr'>ἐοικέναι.</span> <span class='ocrx_word' id='word_1_258' title='bbox 502 1889 718 1961; x_wconf 75' lang='grc' dir='ltr'>σελήνῃ,</span> <span class='ocrx_word' id='word_1_259' title='bbox 759 1890 854 1943; x_wconf 74' lang='grc' dir='ltr'><strong>καὶ</strong></span> <span class='ocrx_word' id='word_1_260' title='bbox 900 1891 1094 1963; x_wconf 79' lang='grc' dir='ltr'>σελήνῃ</span> <span class='ocrx_word' id='word_1_261' title='bbox 1136 1892 1388 1962; x_wconf 76' lang='grc' dir='ltr'>ἐκλεκτῇ,</span> <span class='ocrx_word' id='word_1_262' title='bbox 1425 1892 1670 1945; x_wconf 80' lang='grc' dir='ltr'>τουτέστι</span> <span class='ocrx_word' id='word_1_263' title='bbox 1719 1909 1817 1945; x_wconf 88' lang='grc' dir='ltr'>πε-</span> 
     </span>
    </p>
   </div>
   <div class='ocr_carea' id='block_1_35' title="bbox 1923 1886 3494 1966">
    <p class='ocr_par' dir='ltr' id='par_1_35' title="bbox 1923 1894 3494 1966">
     <span class='ocr_line' id='line_1_35' title="bbox 1923 1894 3494 1966; baseline -0.003 -14"><span class='ocrx_word' id='word_1_264' title='bbox 1923 1897 2083 1952; x_wconf 84' lang='lat' dir='ltr'><strong>etiam</strong></span> <span class='ocrx_word' id='word_1_265' title='bbox 2106 1895 2207 1951; x_wconf 89' lang='lat' dir='ltr'><strong>soli</strong></span> <span class='ocrx_word' id='word_1_266' title='bbox 2228 1914 2243 1963; x_wconf 87' lang='lat'><strong>;</strong></span> <span class='ocrx_word' id='word_1_267' title='bbox 2262 1895 2388 1959; x_wconf 82' lang='lat' dir='ltr'><strong>soli,</strong></span> <span class='ocrx_word' id='word_1_268' title='bbox 2416 1896 2663 1966; x_wconf 84' lang='lat' dir='ltr'><strong>inquam,</strong></span> <span class='ocrx_word' id='word_1_269' title='bbox 2692 1903 2975 1966; x_wconf 86' lang='lat' dir='ltr'><strong>stuporem</strong></span> <span class='ocrx_word' id='word_1_270' title='bbox 3005 1895 3384 1964; x_wconf 83' lang='lat' dir='ltr'><strong>spectantibus</strong></span> <span class='ocrx_word' id='word_1_271' title='bbox 3411 1894 3494 1949; x_wconf 86' lang='lat' dir='ltr'><strong>in-</strong></span> 
     </span>
    </p>
   </div>
   <div class='ocr_carea' id='block_1_36' title="bbox 246 1978 1817 2056">
    <p class='ocr_par' dir='ltr' id='par_1_36' title="bbox 246 1978 1817 2056">
     <span class='ocr_line' id='line_1_36' title="bbox 246 1978 1817 2056; baseline 0.005 -29"><span class='ocrx_word' id='word_1_272' title='bbox 246 1978 598 2052; x_wconf 80' lang='grc' dir='ltr'>πληρωμένῃ.</span> <span class='ocrx_word' id='word_1_273' title='bbox 639 1982 714 2034; x_wconf 79' lang='grc' dir='ltr'><strong>οὐ</strong></span> <span class='ocrx_word' id='word_1_274' title='bbox 751 1981 912 2051; x_wconf 82' lang='grc' dir='ltr'>μόνον</span> <span class='ocrx_word' id='word_1_275' title='bbox 942 1980 997 2034; x_wconf 81' lang='grc' dir='ltr'>δὲ</span> <span class='ocrx_word' id='word_1_276' title='bbox 1030 1984 1228 2056; x_wconf 75' lang='grc' dir='ltr'>σελήνῃ</span> <span class='ocrx_word' id='word_1_277' title='bbox 1276 1982 1488 2047; x_wconf 75' lang='grc' dir='ltr'>ἔοικεν,</span> <span class='ocrx_word' id='word_1_278' title='bbox 1542 1982 1677 2036; x_wconf 74' lang='grc' dir='ltr'>ἀλλὰ</span> <span class='ocrx_word' id='word_1_279' title='bbox 1724 1983 1817 2037; x_wconf 81' lang='grc' dir='ltr'><strong>καὶ</strong></span> 
     </span>
    </p>
   </div>
   <div class='ocr_carea' id='block_1_37' title="bbox 1923 1978 3498 2056">
    <p class='ocr_par' dir='ltr' id='par_1_37' title="bbox 1923 1983 3498 2055">
     <span class='ocr_line' id='line_1_37' title="bbox 1923 1983 3498 2055; baseline -0.001 -15"><span class='ocrx_word' id='word_1_280' title='bbox 1923 1985 2152 2055; x_wconf 88' lang='lat' dir='ltr'><strong>iicienti.</strong></span> <span class='ocrx_word' id='word_1_281' title='bbox 2197 1983 2383 2055; x_wconf 83' lang='lat' dir='ltr'><strong>Neque</strong></span> <span class='ocrx_word' id='word_1_282' title='bbox 2429 1999 2561 2039; x_wconf 88' lang='lat' dir='ltr'><strong>vero</strong></span> <span class='ocrx_word' id='word_1_283' title='bbox 2611 1984 2937 2054; x_wconf 79' lang='lat' dir='ltr'><strong>simpliciter</strong></span> <span class='ocrx_word' id='word_1_284' title='bbox 3000 1984 3143 2039; x_wconf 87' lang='lat' dir='ltr'><strong>hunc</strong></span> <span class='ocrx_word' id='word_1_285' title='bbox 3196 1983 3498 2055; x_wconf 70' lang='lat' dir='ltr'><strong>Scriptura:</strong></span> 
     </span>
    </p>
   </div>
   <div class='ocr_carea' id='block_1_38' title="bbox 246 2069 1817 2147">
    <p class='ocr_par' dir='ltr' id='par_1_38' title="bbox 246 2069 1814 2147">
     <span class='ocr_line' id='line_1_38' title="bbox 246 2069 1814 2147; baseline 0.005 -27"><span class='ocrx_word' id='word_1_286' title='bbox 246 2069 370 2139; x_wconf 70' lang='grc' dir='ltr'>ἡλίῳ</span> <span class='ocrx_word' id='word_1_287' title='bbox 391 2111 408 2135; x_wconf 91' lang='grc'><strong>,</strong></span> <span class='ocrx_word' id='word_1_288' title='bbox 461 2073 561 2124; x_wconf 78' lang='grc' dir='ltr'><strong>καὶ</strong></span> <span class='ocrx_word' id='word_1_289' title='bbox 583 2072 630 2103; x_wconf 75' lang='grc'>⁸⁸</span> <span class='ocrx_word' id='word_1_290' title='bbox 678 2072 812 2143; x_wconf 75' lang='grc' dir='ltr'>ήλίῳ</span> <span class='ocrx_word' id='word_1_291' title='bbox 848 2073 1054 2143; x_wconf 76' lang='grc' dir='ltr'>θάμϐος</span> <span class='ocrx_word' id='word_1_292' title='bbox 1102 2074 1418 2144; x_wconf 82' lang='grc' dir='ltr'>ὲμποιοῦντι</span> <span class='ocrx_word' id='word_1_293' title='bbox 1453 2078 1563 2138; x_wconf 84' lang='grc' dir='ltr'>τοῖς</span> <span class='ocrx_word' id='word_1_294' title='bbox 1594 2075 1814 2147; x_wconf 77' lang='grc' dir='ltr'>ὁρῶσιν.</span> 
     </span>
    </p>
   </div>
   <div class='ocr_carea' id='block_1_39' title="bbox 1923 2069 3496 2147">
    <p class='ocr_par' dir='ltr' id='par_1_39' title="bbox 1923 2072 3496 2147">
     <span class='ocr_line' id='line_1_39' title="bbox 1923 2072 3496 2147; baseline -0.001 -16"><span class='ocrx_word' id='word_1_295' title='bbox 1923 2085 2126 2131; x_wconf 79' lang='lat' dir='ltr'><strong>textum</strong></span> <span class='ocrx_word' id='word_1_296' title='bbox 2163 2078 2400 2147; x_wconf 81' lang='lat' dir='ltr'><strong>positum</strong></span> <span class='ocrx_word' id='word_1_297' title='bbox 2435 2090 2556 2131; x_wconf 88' lang='lat' dir='ltr'><strong>esse</strong></span> <span class='ocrx_word' id='word_1_298' title='bbox 2583 2075 2861 2131; x_wconf 80' lang='lat' dir='ltr'><strong>existimo.</strong></span> <span class='ocrx_word' id='word_1_299' title='bbox 2900 2072 3045 2128; x_wconf 70' lang='lat' dir='ltr'><strong>Nihil</strong></span> <span class='ocrx_word' id='word_1_300' title='bbox 3098 2075 3244 2130; x_wconf 90' lang='lat' dir='ltr'><strong>enim</strong></span> <span class='ocrx_word' id='word_1_301' title='bbox 3292 2084 3496 2132; x_wconf 78' lang='lat' dir='ltr'><strong>temere</strong></span> 
     </span>
    </p>
   </div>
   <div class='ocr_carea' id='block_1_40' title="bbox 244 2162 1815 2237">
    <p class='ocr_par' dir='ltr' id='par_1_40' title="bbox 244 2162 1815 2237">
     <span class='ocr_line' id='line_1_40' title="bbox 244 2162 1815 2237; baseline 0.004 -24"><span class='ocrx_word' id='word_1_302' title='bbox 244 2163 346 2231; x_wconf 74' lang='grc' dir='ltr'><strong>Οὐχ</strong></span> <span class='ocrx_word' id='word_1_303' title='bbox 384 2162 574 2226; x_wconf 82' lang='grc' dir='ltr'>ἁπλῶς</span> <span class='ocrx_word' id='word_1_304' title='bbox 604 2164 660 2216; x_wconf 82' lang='grc' dir='ltr'><strong>δὲ</strong></span> <span class='ocrx_word' id='word_1_305' title='bbox 689 2164 896 2234; x_wconf 77' lang='grc' dir='ltr'>ταύτην</span> <span class='ocrx_word' id='word_1_306' title='bbox 930 2164 1166 2235; x_wconf 73' lang='grc' dir='ltr'>ἡγοῦμαι</span> <span class='ocrx_word' id='word_1_307' title='bbox 1198 2165 1411 2219; x_wconf 86' lang='grc' dir='ltr'>κεῖσθαι</span> <span class='ocrx_word' id='word_1_308' title='bbox 1453 2168 1551 2237; x_wconf 78' lang='grc' dir='ltr'>τὴν</span> <span class='ocrx_word' id='word_1_309' title='bbox 1581 2166 1726 2231; x_wconf 82' lang='grc' dir='ltr'>λέξιν</span> <span class='ocrx_word' id='word_1_310' title='bbox 1748 2167 1815 2221; x_wconf 82' lang='grc'><strong>⁸⁸.</strong></span> 
     </span>
    </p>
   </div>
   <div class='ocr_carea' id='block_1_41' title="bbox 242 2248 1818 2324">
    <p class='ocr_par' dir='ltr' id='par_1_41' title="bbox 242 2248 1818 2324">
     <span class='ocr_line' id='line_1_41' title="bbox 242 2248 1818 2324; baseline 0.006 -25"><span class='ocrx_word' id='word_1_311' title='bbox 242 2248 397 2301; x_wconf 74' lang='grc' dir='ltr'>Οὐδὲν</span> <span class='ocrx_word' id='word_1_312' title='bbox 433 2250 548 2321; x_wconf 80' lang='grc' dir='ltr'><strong>γὰρ</strong></span> <span class='ocrx_word' id='word_1_313' title='bbox 579 2250 656 2315; x_wconf 85' lang='grc' dir='ltr'>ὡς</span> <span class='ocrx_word' id='word_1_314' title='bbox 689 2251 880 2322; x_wconf 74' lang='grc' dir='ltr'>ἔτυχεν</span> <span class='ocrx_word' id='word_1_315' title='bbox 929 2253 1033 2306; x_wconf 83' lang='grc' dir='ltr'>ὑπὸ</span> <span class='ocrx_word' id='word_1_316' title='bbox 1063 2254 1160 2307; x_wconf 86' lang='grc' dir='ltr'><strong>τοῦ</strong></span> <span class='ocrx_word' id='word_1_317' title='bbox 1191 2254 1334 2307; x_wconf 85' lang='grc' dir='ltr'>θείου</span> <span class='ocrx_word' id='word_1_318' title='bbox 1381 2254 1596 2324; x_wconf 88' lang='grc' dir='ltr'>λέγεται</span> <span class='ocrx_word' id='word_1_319' title='bbox 1644 2257 1818 2309; x_wconf 83' lang='grc' dir='ltr'>Πνεύ-</span> 
     </span>
    </p>
   </div>
   <div class='ocr_carea' id='block_1_42' title="bbox 245 2348 1820 2423">
    <p class='ocr_par' dir='ltr' id='par_1_42' title="bbox 245 2348 1820 2423">
     <span class='ocr_line' id='line_1_42' title="bbox 245 2348 1820 2423; baseline 0.004 -24"><span class='ocrx_word' id='word_1_320' title='bbox 245 2365 425 2417; x_wconf 81' lang='grc' dir='ltr'>ματος.</span> <span class='ocrx_word' id='word_1_321' title='bbox 472 2348 616 2401; x_wconf 80' lang='grc' dir='ltr'>Ἀλλ’</span> <span class='ocrx_word' id='word_1_322' title='bbox 653 2349 841 2420; x_wconf 78' lang='grc' dir='ltr'>ἐπειδὴ</span> <span class='ocrx_word' id='word_1_323' title='bbox 883 2350 979 2415; x_wconf 71' lang='grc' dir='ltr'>νὺξ</span> <span class='ocrx_word' id='word_1_324' title='bbox 1018 2351 1047 2403; x_wconf 82' lang='grc' dir='ltr'>ὁ</span> <span class='ocrx_word' id='word_1_325' title='bbox 1086 2351 1218 2421; x_wconf 83' lang='grc' dir='ltr'>βίος,</span> <span class='ocrx_word' id='word_1_326' title='bbox 1252 2351 1394 2405; x_wconf 81' lang='grc' dir='ltr'>κατὰ</span> <span class='ocrx_word' id='word_1_327' title='bbox 1425 2353 1514 2405; x_wconf 84' lang='grc' dir='ltr'><strong>τὸν</strong></span> <span class='ocrx_word' id='word_1_328' title='bbox 1549 2353 1820 2423; x_wconf 88' lang='grc' dir='ltr'>μακάριον</span> 
     </span>
    </p>
   </div>
   <div class='ocr_carea' id='block_1_43' title="bbox 242 2436 1820 2515">
    <p class='ocr_par' dir='ltr' id='par_1_43' title="bbox 242 2436 1820 2515">
     <span class='ocr_line' id='line_1_43' title="bbox 242 2436 1820 2515; baseline 0.004 -24"><span class='ocrx_word' id='word_1_329' title='bbox 242 2436 447 2492; x_wconf 80' lang='grc' dir='ltr'>Παῦλον</span> <span class='ocrx_word' id='word_1_330' title='bbox 469 2455 483 2468; x_wconf 87' lang='grc'><strong>·</strong></span> <span class='ocrx_word' id='word_1_331' title='bbox 521 2460 539 2491; x_wconf 75' lang='grc' dir='ltr'><strong>ι</strong></span> <span class='ocrx_word' id='word_1_332' title='bbox 561 2441 629 2493; x_wconf 84' lang='grc' dir='ltr'><em>Ἦ</em></span> <span class='ocrx_word' id='word_1_333' title='bbox 658 2440 756 2505; x_wconf 75' lang='grc' dir='ltr'>νὺξ</span> <span class='ocrx_word' id='word_1_334' title='bbox 787 2441 916 2512; x_wconf 74' lang='grc' dir='ltr'>γὰρ,</span> <span class='ocrx_word' id='word_1_335' title='bbox 942 2443 1095 2512; x_wconf 70' lang='grc' dir='ltr'>φησὶ,</span> <span class='ocrx_word' id='word_1_336' title='bbox 1134 2443 1455 2513; x_wconf 65' lang='grc' dir='ltr'>προέκοψεν,</span> <span class='ocrx_word' id='word_1_337' title='bbox 1490 2445 1522 2514; x_wconf 81' lang='grc' dir='ltr'><strong>ή</strong></span> <span class='ocrx_word' id='word_1_338' title='bbox 1548 2445 1602 2498; x_wconf 73' lang='grc' dir='ltr'>δὲ</span> <span class='ocrx_word' id='word_1_339' title='bbox 1636 2445 1820 2515; x_wconf 77' lang='grc' dir='ltr'>ἡμέρα</span> 
     </span>
    </p>
   </div>
   <div class='ocr_carea' id='block_1_44' title="bbox 247 2530 1816 2607">
    <p class='ocr_par' dir='ltr' id='par_1_44' title="bbox 247 2530 1816 2607">
     <span class='ocr_line' id='line_1_44' title="bbox 247 2530 1816 2607; baseline 0.005 -25"><span class='ocrx_word' id='word_1_340' title='bbox 247 2531 489 2599; x_wconf 68' lang='grc' dir='ltr'>ᾗγγικεν,</span> <span class='ocrx_word' id='word_1_341' title='bbox 524 2552 542 2585; x_wconf 78' lang='grc' dir='ltr'><strong>ι</strong></span> <span class='ocrx_word' id='word_1_342' title='bbox 587 2534 898 2600; x_wconf 81' lang='grc' dir='ltr'>ἀναγκαίως</span> <span class='ocrx_word' id='word_1_343' title='bbox 941 2534 1017 2595; x_wconf 82' lang='grc' dir='ltr'><strong>ὡς</strong></span> <span class='ocrx_word' id='word_1_344' title='bbox 1050 2536 1107 2587; x_wconf 78' lang='grc' dir='ltr'>ὲν</span> <span class='ocrx_word' id='word_1_345' title='bbox 1144 2536 1298 2589; x_wconf 77' lang='grc' dir='ltr'>νυκτὶ</span> <span class='ocrx_word' id='word_1_346' title='bbox 1341 2530 1453 2589; x_wconf 76' lang='grc' dir='ltr'>οἷόν</span> <span class='ocrx_word' id='word_1_347' title='bbox 1496 2554 1581 2600; x_wconf 87' lang='grc' dir='ltr'><strong>τις</strong></span> <span class='ocrx_word' id='word_1_348' title='bbox 1621 2537 1816 2607; x_wconf 86' lang='grc' dir='ltr'>σελήνη</span> 
     </span>
    </p>
   </div>
   <div class='ocr_carea' id='block_1_45' title="bbox 246 2624 1820 2697">
    <p class='ocr_par' dir='ltr' id='par_1_45' title="bbox 246 2624 1820 2697">
     <span class='ocr_line' id='line_1_45' title="bbox 246 2624 1820 2697; baseline 0.005 -23"><span class='ocrx_word' id='word_1_349' title='bbox 246 2624 383 2675; x_wconf 66' lang='grc' dir='ltr'>ἐστὶν</span> <span class='ocrx_word' id='word_1_350' title='bbox 416 2626 450 2694; x_wconf 81' lang='grc' dir='ltr'><strong>ἡ</strong></span> <span class='ocrx_word' id='word_1_351' title='bbox 495 2624 817 2693; x_wconf 80' lang='grc' dir='ltr'>Ἐκκλησία,</span> <span class='ocrx_word' id='word_1_352' title='bbox 850 2627 977 2690; x_wconf 81' lang='grc' dir='ltr'>τοὺς</span> <span class='ocrx_word' id='word_1_353' title='bbox 1004 2626 1317 2697; x_wconf 79' lang='grc' dir='ltr'>ὁδοιπόρους</span> <span class='ocrx_word' id='word_1_354' title='bbox 1358 2627 1691 2696; x_wconf 75' lang='grc' dir='ltr'>φωτίζουσα,</span> <span class='ocrx_word' id='word_1_355' title='bbox 1726 2628 1820 2682; x_wconf 70' lang='grc' dir='ltr'>καὶ</span> 
     </span>
    </p>
   </div>
   <div class='ocr_carea' id='block_1_46' title="bbox 248 2713 1818 2786">
    <p class='ocr_par' dir='ltr' id='par_1_46' title="bbox 248 2713 1818 2786">
     <span class='ocr_line' id='line_1_46' title="bbox 248 2713 1818 2786; baseline 0.006 -21"><span class='ocrx_word' id='word_1_356' title='bbox 248 2713 338 2783; x_wconf 74' lang='grc' dir='ltr'>τὴν</span> <span class='ocrx_word' id='word_1_357' title='bbox 364 2714 582 2768; x_wconf 72' lang='grc' dir='ltr'>εὐθεῖαν</span> <span class='ocrx_word' id='word_1_358' title='bbox 611 2714 729 2769; x_wconf 76' lang='grc' dir='ltr'>ὁδὸν</span> <span class='ocrx_word' id='word_1_359' title='bbox 763 2716 1191 2772; x_wconf 79' lang='grc' dir='ltr'>ἀποδεικνύουσα</span> <span class='ocrx_word' id='word_1_360' title='bbox 1210 2719 1277 2772; x_wconf 81' lang='grc'><strong>⁸⁸.</strong></span> <span class='ocrx_word' id='word_1_361' title='bbox 1314 2719 1469 2772; x_wconf 83' lang='grc' dir='ltr'>Ἐστι</span> <span class='ocrx_word' id='word_1_362' title='bbox 1526 2719 1579 2774; x_wconf 81' lang='grc' dir='ltr'>δὲ</span> <span class='ocrx_word' id='word_1_363' title='bbox 1618 2721 1711 2774; x_wconf 81' lang='grc' dir='ltr'>καὶ</span> <span class='ocrx_word' id='word_1_364' title='bbox 1742 2721 1818 2786; x_wconf 84' lang='grc' dir='ltr'>ὡς</span> 
     </span>
    </p>
   </div>
   <div class='ocr_carea' id='block_1_47' title="bbox 256 2801 1821 2883">
    <p class='ocr_par' dir='ltr' id='par_1_47' title="bbox 256 2801 1821 2883">
     <span class='ocr_line' id='line_1_47' title="bbox 256 2801 1821 2883; baseline 0.006 -27"><span class='ocrx_word' id='word_1_365' title='bbox 256 2805 468 2875; x_wconf 76' lang='grc' dir='ltr'>ῑρθρος·</span> <span class='ocrx_word' id='word_1_366' title='bbox 522 2806 714 2878; x_wconf 72' lang='grc' dir='ltr'>ἐπειδὴ</span> <span class='ocrx_word' id='word_1_367' title='bbox 764 2801 876 2861; x_wconf 71' lang='grc' dir='ltr'>οἷόν</span> <span class='ocrx_word' id='word_1_368' title='bbox 920 2822 1003 2871; x_wconf 86' lang='grc' dir='ltr'><strong>τις</strong></span> <span class='ocrx_word' id='word_1_369' title='bbox 1044 2808 1239 2880; x_wconf 77' lang='grc' dir='ltr'>ὄρθρος</span> <span class='ocrx_word' id='word_1_370' title='bbox 1279 2809 1428 2864; x_wconf 77' lang='grc' dir='ltr'>ἐστὶν</span> <span class='ocrx_word' id='word_1_371' title='bbox 1462 2811 1490 2863; x_wconf 84' lang='grc' dir='ltr'>ὁ</span> <span class='ocrx_word' id='word_1_372' title='bbox 1541 2812 1677 2878; x_wconf 83' lang='grc' dir='ltr'>μετὰ</span> <span class='ocrx_word' id='word_1_373' title='bbox 1721 2811 1821 2883; x_wconf 85' lang='grc' dir='ltr'><strong>τὴν</strong></span> 
     </span>
    </p>
   </div>
   <div class='ocr_carea' id='block_1_48' title="bbox 258 2896 1820 2973">
    <p class='ocr_par' dir='ltr' id='par_1_48' title="bbox 258 2896 1820 2973">
     <span class='ocr_line' id='line_1_48' title="bbox 258 2896 1820 2973; baseline 0.007 -28"><span class='ocrx_word' id='word_1_374' title='bbox 258 2896 531 2967; x_wconf 67' lang='grc' dir='ltr'>Κυριακὴν</span> <span class='ocrx_word' id='word_1_375' title='bbox 552 2898 858 2968; x_wconf 82' lang='grc' dir='ltr'>παρουσίαν</span> <span class='ocrx_word' id='word_1_376' title='bbox 871 2898 1082 2971; x_wconf 80' lang='grc' dir='ltr'>χρόνος,</span> <span class='ocrx_word' id='word_1_377' title='bbox 1095 2898 1192 2971; x_wconf 79' lang='grc' dir='ltr'>τὴν</span> <span class='ocrx_word' id='word_1_378' title='bbox 1214 2899 1515 2971; x_wconf 87' lang='grc' dir='ltr'>μέλλουσαν</span> <span class='ocrx_word' id='word_1_379' title='bbox 1538 2903 1820 2973; x_wconf 85' lang='grc' dir='ltr'>σημαίνων</span> 
     </span>
    </p>
   </div>
   <div class='ocr_carea' id='block_1_49' title="bbox 258 2983 1821 3061">
    <p class='ocr_par' dir='ltr' id='par_1_49' title="bbox 258 2983 1821 3061">
     <span class='ocr_line' id='line_1_49' title="bbox 258 2983 1821 3061; baseline 0.006 -24"><span class='ocrx_word' id='word_1_380' title='bbox 258 2987 574 3041; x_wconf 86' lang='grc' dir='ltr'>κατάστασιν</span> <span class='ocrx_word' id='word_1_381' title='bbox 634 2983 749 3043; x_wconf 70' lang='grc' dir='ltr'>οἶόν</span> <span class='ocrx_word' id='word_1_382' title='bbox 804 3006 952 3052; x_wconf 86' lang='grc' dir='ltr'>τινος</span> <span class='ocrx_word' id='word_1_383' title='bbox 1000 2990 1216 3061; x_wconf 78' lang='grc' dir='ltr'>ἡμέρας</span> <span class='ocrx_word' id='word_1_384' title='bbox 1269 2991 1603 3061; x_wconf 83' lang='grc' dir='ltr'>παρουσίαν·</span> <span class='ocrx_word' id='word_1_385' title='bbox 1664 3013 1682 3044; x_wconf 77' lang='grc' dir='ltr'><strong>ι</strong></span> <span class='ocrx_word' id='word_1_386' title='bbox 1734 2994 1821 3057; x_wconf 82' lang='grc' dir='ltr'>Ὠς</span> 
     </span>
    </p>
   </div>
   <div class='ocr_carea' id='block_1_50' title="bbox 1919 2164 3496 2236">
    <p class='ocr_par' dir='ltr' id='par_1_50' title="bbox 1919 2164 3496 2236">
     <span class='ocr_line' id='line_1_50' title="bbox 1919 2164 3496 2236; baseline -0.005 -13"><span class='ocrx_word' id='word_1_387' title='bbox 1919 2168 2125 2223; x_wconf 90' lang='lat' dir='ltr'><strong>dicitur</strong></span> <span class='ocrx_word' id='word_1_388' title='bbox 2155 2184 2185 2221; x_wconf 87' lang='lat' dir='ltr'><strong>a</strong></span> <span class='ocrx_word' id='word_1_389' title='bbox 2206 2166 2394 2221; x_wconf 88' lang='lat' dir='ltr'><strong>divino</strong></span> <span class='ocrx_word' id='word_1_390' title='bbox 2427 2164 2657 2236; x_wconf 85' lang='lat' dir='ltr'><strong>Spiritu.</strong></span> <span class='ocrx_word' id='word_1_391' title='bbox 2679 2164 2783 2219; x_wconf 86' lang='lat' dir='ltr'><strong>Sed</strong></span> <span class='ocrx_word' id='word_1_392' title='bbox 2816 2164 3077 2234; x_wconf 88' lang='lat' dir='ltr'><strong>quoniam</strong></span> <span class='ocrx_word' id='word_1_393' title='bbox 3113 2164 3220 2218; x_wconf 81' lang='lat' dir='ltr'><strong>vita</strong></span> <span class='ocrx_word' id='word_1_394' title='bbox 3256 2179 3359 2218; x_wconf 79' lang='lat' dir='ltr'><strong>nox</strong></span> <span class='ocrx_word' id='word_1_395' title='bbox 3390 2174 3496 2227; x_wconf 50' lang='grc' dir='ltr'>(ιιι,</span> 
     </span>
    </p>
   </div>
   <div class='ocr_carea' id='block_1_51' title="bbox 1921 2254 3494 2326">
    <p class='ocr_par' dir='ltr' id='par_1_51' title="bbox 1921 2254 3494 2326">
     <span class='ocr_line' id='line_1_51' title="bbox 1921 2254 3494 2326; baseline -0.006 -12"><span class='ocrx_word' id='word_1_396' title='bbox 1921 2274 1984 2314; x_wconf 79' lang='lat' dir='ltr'><strong>ex</strong></span> <span class='ocrx_word' id='word_1_397' title='bbox 2013 2259 2160 2314; x_wconf 88' lang='lat' dir='ltr'><strong>beati</strong></span> <span class='ocrx_word' id='word_1_398' title='bbox 2194 2257 2349 2312; x_wconf 86' lang='lat' dir='ltr'><strong>Pauli</strong></span> <span class='ocrx_word' id='word_1_399' title='bbox 2394 2257 2692 2323; x_wconf 85' lang='lat' dir='ltr'><strong>sententia,</strong></span> <span class='ocrx_word' id='word_1_400' title='bbox 2727 2256 2819 2326; x_wconf 87' lang='lat' dir='ltr'><strong>qui</strong></span> <span class='ocrx_word' id='word_1_401' title='bbox 2846 2256 2957 2310; x_wconf 85' lang='lat' dir='ltr'><strong>ait:</strong></span> <span class='ocrx_word' id='word_1_402' title='bbox 2993 2274 3010 2305; x_wconf 88' lang='grc' dir='ltr'><strong>ι</strong></span> <span class='ocrx_word' id='word_1_403' title='bbox 3050 2254 3167 2307; x_wconf 77' lang='lat' dir='ltr'><strong>Nox</strong></span> <span class='ocrx_word' id='word_1_404' title='bbox 3194 2256 3494 2324; x_wconf 77' lang='lat' dir='ltr'><strong>przecessit.</strong></span> 
     </span>
    </p>
   </div>
   <div class='ocr_carea' id='block_1_52' title="bbox 1920 2345 3498 2421">
    <p class='ocr_par' dir='ltr' id='par_1_52' title="bbox 1920 2345 3498 2421">
     <span class='ocr_line' id='line_1_52' title="bbox 1920 2345 3498 2421; baseline -0.007 -15"><span class='ocrx_word' id='word_1_405' title='bbox 1920 2352 2042 2407; x_wconf 89' lang='lat' dir='ltr'><strong>dies</strong></span> <span class='ocrx_word' id='word_1_406' title='bbox 2072 2359 2255 2406; x_wconf 88' lang='lat' dir='ltr'><strong>autem</strong></span> <span class='ocrx_word' id='word_1_407' title='bbox 2286 2349 2752 2421; x_wconf 80' lang='lat' dir='ltr'><strong>appropinquavit</strong></span> <span class='ocrx_word' id='word_1_408' title='bbox 2776 2360 2824 2413; x_wconf 78' lang='grc' dir='ltr'><strong>ε,</strong></span> <span class='ocrx_word' id='word_1_409' title='bbox 2860 2371 2877 2398; x_wconf 74' lang='grc' dir='ltr'><strong>ρ</strong></span> <span class='ocrx_word' id='word_1_410' title='bbox 2922 2345 3077 2417; x_wconf 79' lang='lat'><strong>133</strong></span> <span class='ocrx_word' id='word_1_411' title='bbox 3114 2347 3498 2400; x_wconf 72' lang='lat' dir='ltr'><strong>convenienter</strong></span> 
     </span>
    </p>
   </div>
   <div class='ocr_carea' id='block_1_53' title="bbox 1922 2436 3498 2512">
    <p class='ocr_par' dir='ltr' id='par_1_53' title="bbox 1922 2436 3498 2512">
     <span class='ocr_line' id='line_1_53' title="bbox 1922 2436 3498 2512; baseline -0.006 -12"><span class='ocrx_word' id='word_1_412' title='bbox 1922 2454 1982 2500; x_wconf 93' lang='lat' dir='ltr'><strong>ut</strong></span> <span class='ocrx_word' id='word_1_413' title='bbox 2017 2444 2070 2499; x_wconf 90' lang='lat' dir='ltr'><strong>in</strong></span> <span class='ocrx_word' id='word_1_414' title='bbox 2097 2452 2259 2499; x_wconf 84' lang='lat' dir='ltr'><strong>nocte</strong></span> <span class='ocrx_word' id='word_1_415' title='bbox 2285 2444 2441 2512; x_wconf 84' lang='lat' dir='ltr'><strong>quasi</strong></span> <span class='ocrx_word' id='word_1_416' title='bbox 2478 2443 2607 2497; x_wconf 85' lang='lat' dir='ltr'><strong>luna</strong></span> <span class='ocrx_word' id='word_1_417' title='bbox 2647 2440 2897 2512; x_wconf 66' lang='lat' dir='ltr'><strong>quaedam</strong></span> <span class='ocrx_word' id='word_1_418' title='bbox 2933 2446 3016 2492; x_wconf 83' lang='lat' dir='ltr'><strong>est</strong></span> <span class='ocrx_word' id='word_1_419' title='bbox 3053 2436 3320 2502; x_wconf 81' lang='lat' dir='ltr'><strong>Ecclesia,</strong></span> <span class='ocrx_word' id='word_1_420' title='bbox 3376 2453 3498 2508; x_wconf 70' lang='lat' dir='ltr'><strong>quae</strong></span> 
     </span>
    </p>
   </div>
   <div class='ocr_carea' id='block_1_54' title="bbox 1924 2533 3472 2605">
    <p class='ocr_par' dir='ltr' id='par_1_54' title="bbox 1924 2533 3472 2605">
     <span class='ocr_line' id='line_1_54' title="bbox 1924 2533 3472 2605; baseline -0.008 -11"><span class='ocrx_word' id='word_1_421' title='bbox 1924 2540 2024 2594; x_wconf 85' lang='lat' dir='ltr'><strong>iter</strong></span> <span class='ocrx_word' id='word_1_422' title='bbox 2054 2537 2387 2593; x_wconf 81' lang='lat' dir='ltr'><strong>facientibus</strong></span> <span class='ocrx_word' id='word_1_423' title='bbox 2413 2536 2595 2591; x_wconf 91' lang='lat' dir='ltr'><strong>lumen</strong></span> <span class='ocrx_word' id='word_1_424' title='bbox 2622 2537 2850 2605; x_wconf 63' lang='lat' dir='ltr'><strong>praebet,</strong></span> <span class='ocrx_word' id='word_1_425' title='bbox 2915 2545 2968 2588; x_wconf 89' lang='lat' dir='ltr'><strong>et</strong></span> <span class='ocrx_word' id='word_1_426' title='bbox 3003 2543 3210 2589; x_wconf 85' lang='lat' dir='ltr'><strong>rectam</strong></span> <span class='ocrx_word' id='word_1_427' title='bbox 3255 2533 3472 2588; x_wconf 73' lang='lat' dir='ltr'><strong>ostendi</strong></span> 
     </span>
    </p>
   </div>
   <div class='ocr_carea' id='block_1_55' title="bbox 1921 2610 3493 2694">
    <p class='ocr_par' dir='ltr' id='par_1_55' title="bbox 1921 2610 3493 2694">
     <span class='ocr_line' id='line_1_55' title="bbox 1921 2610 3493 2694; baseline -0.006 -10"><span class='ocrx_word' id='word_1_428' title='bbox 1921 2632 2088 2684; x_wconf 86' lang='lat' dir='ltr'><strong>viam.</strong></span> <span class='ocrx_word' id='word_1_429' title='bbox 2123 2630 2219 2684; x_wconf 88' lang='lat' dir='ltr'><strong>Est</strong></span> <span class='ocrx_word' id='word_1_430' title='bbox 2241 2644 2370 2683; x_wconf 85' lang='lat' dir='ltr'><strong>vero</strong></span> <span class='ocrx_word' id='word_1_431' title='bbox 2391 2628 2555 2681; x_wconf 88' lang='lat' dir='ltr'><strong>etiam</strong></span> <span class='ocrx_word' id='word_1_432' title='bbox 2585 2633 2643 2681; x_wconf 90' lang='lat' dir='ltr'><strong>ut</strong></span> <span class='ocrx_word' id='word_1_433' title='bbox 2671 2641 2891 2682; x_wconf 90' lang='lat' dir='ltr'><strong>aurora.</strong></span> <span class='ocrx_word' id='word_1_434' title='bbox 2918 2625 3053 2680; x_wconf 82' lang='lat' dir='ltr'><strong>Nam</strong></span> <span class='ocrx_word' id='word_1_435' title='bbox 3085 2610 3319 2694; x_wconf 85' lang='lat' dir='ltr'><strong>tempus,</strong></span> <span class='ocrx_word' id='word_1_436' title='bbox 3353 2622 3493 2692; x_wconf 69' lang='lat' dir='ltr'><strong>quor;</strong></span> 
     </span>
    </p>
   </div>
   <div class='ocr_carea' id='block_1_56' title="bbox 1924 2714 3494 2785">
    <p class='ocr_par' dir='ltr' id='par_1_56' title="bbox 1924 2714 3494 2785">
     <span class='ocr_line' id='line_1_56' title="bbox 1924 2714 3494 2785; baseline -0.005 -9"><span class='ocrx_word' id='word_1_437' title='bbox 1924 2722 2138 2777; x_wconf 85' lang='lat' dir='ltr'><strong>Domini</strong></span> <span class='ocrx_word' id='word_1_438' title='bbox 2174 2722 2468 2775; x_wconf 78' lang='lat' dir='ltr'><strong>adventum</strong></span> <span class='ocrx_word' id='word_1_439' title='bbox 2493 2726 2578 2774; x_wconf 88' lang='lat' dir='ltr'><strong>est</strong></span> <span class='ocrx_word' id='word_1_440' title='bbox 2601 2717 2986 2783; x_wconf 86' lang='lat' dir='ltr'><strong>subsecutum,</strong></span> <span class='ocrx_word' id='word_1_441' title='bbox 3022 2715 3124 2771; x_wconf 80' lang='lat' dir='ltr'><strong>fuit</strong></span> <span class='ocrx_word' id='word_1_442' title='bbox 3146 2714 3313 2770; x_wconf 89' lang='lat' dir='ltr'><strong>veluti</strong></span> <span class='ocrx_word' id='word_1_443' title='bbox 3344 2729 3494 2785; x_wconf 68' lang='lat' dir='ltr'><strong>quaa-</strong></span> 
     </span>
    </p>
   </div>
   <div class='ocr_carea' id='block_1_57' title="bbox 1925 2802 3500 2879">
    <p class='ocr_par' dir='ltr' id='par_1_57' title="bbox 1925 2802 3500 2879">
     <span class='ocr_line' id='line_1_57' title="bbox 1925 2802 3500 2879; baseline -0.008 -11"><span class='ocrx_word' id='word_1_444' title='bbox 1925 2814 2047 2868; x_wconf 89' lang='lat' dir='ltr'><strong>dam</strong></span> <span class='ocrx_word' id='word_1_445' title='bbox 2085 2825 2307 2874; x_wconf 87' lang='lat' dir='ltr'><strong>aurora,</strong></span> <span class='ocrx_word' id='word_1_446' title='bbox 2362 2824 2487 2879; x_wconf 71' lang='lat' dir='ltr'><strong>qua:</strong></span> <span class='ocrx_word' id='word_1_447' title='bbox 2540 2806 3002 2876; x_wconf 84' lang='lat' dir='ltr'><strong>tranquillitatem</strong></span> <span class='ocrx_word' id='word_1_448' title='bbox 3041 2805 3305 2866; x_wconf 77' lang='lat' dir='ltr'><strong>futuram,</strong></span> <span class='ocrx_word' id='word_1_449' title='bbox 3340 2802 3500 2873; x_wconf 62' lang='lat' dir='ltr'><strong>quasi</strong></span> 
     </span>
    </p>
   </div>
   <div class='ocr_carea' id='block_1_58' title="bbox 1924 2898 3506 2973">
    <p class='ocr_par' dir='ltr' id='par_1_58' title="bbox 1924 2898 3506 2973">
     <span class='ocr_line' id='line_1_58' title="bbox 1924 2898 3506 2973; baseline -0.009 -13"><span class='ocrx_word' id='word_1_450' title='bbox 1924 2905 2031 2960; x_wconf 85' lang='lat' dir='ltr'><strong>diei</strong></span> <span class='ocrx_word' id='word_1_451' title='bbox 2064 2902 2433 2973; x_wconf 68' lang='lat' dir='ltr'><strong>praesentiam,</strong></span> <span class='ocrx_word' id='word_1_452' title='bbox 2467 2900 2745 2970; x_wconf 79' lang='lat' dir='ltr'><strong>signiﬁcat</strong></span> <span class='ocrx_word' id='word_1_453' title='bbox 2773 2919 2785 2953; x_wconf 91' lang='lat'>:</span> <span class='ocrx_word' id='word_1_454' title='bbox 2817 2916 2835 2950; x_wconf 86' lang='grc' dir='ltr'><strong>ι</strong></span> <span class='ocrx_word' id='word_1_455' title='bbox 2871 2898 3026 2954; x_wconf 91' lang='lat' dir='ltr'><strong>Sicut</strong></span> <span class='ocrx_word' id='word_1_456' title='bbox 3053 2912 3307 2953; x_wconf 87' lang='lat' dir='ltr'><strong>auroram</strong></span> <span class='ocrx_word' id='word_1_457' title='bbox 3331 2898 3506 2957; x_wconf 63' lang='lat' dir='ltr'><strong>enim,</strong></span> 
     </span>
    </p>
   </div>
   <div class='ocr_carea' id='block_1_59' title="bbox 1927 2986 3497 3064">
    <p class='ocr_par' dir='ltr' id='par_1_59' title="bbox 1927 2986 3497 3064">
     <span class='ocr_line' id='line_1_59' title="bbox 1927 2986 3497 3064; baseline -0.008 -15"><span class='ocrx_word' id='word_1_458' title='bbox 1927 2996 2126 3064; x_wconf 86' lang='lat' dir='ltr'><strong>inquit.</strong></span> <span class='ocrx_word' id='word_1_459' title='bbox 2165 3002 2413 3063; x_wconf 88' lang='lat' dir='ltr'><strong>paratum</strong></span> <span class='ocrx_word' id='word_1_460' title='bbox 2450 2989 2796 3044; x_wconf 87' lang='lat' dir='ltr'><strong>inveniemus</strong></span> <span class='ocrx_word' id='word_1_461' title='bbox 2829 3004 2955 3043; x_wconf 90' lang='lat' dir='ltr'><strong>eum</strong></span> <span class='ocrx_word' id='word_1_462' title='bbox 2982 2988 3022 3049; x_wconf 58' lang='grc' dir='ltr'><strong>ά,</strong></span> <span class='ocrx_word' id='word_1_463' title='bbox 3067 3007 3102 3063; x_wconf 22' lang='grc'><strong>⁵»</strong></span> <span class='ocrx_word' id='word_1_464' title='bbox 3140 2986 3276 3042; x_wconf 88' lang='lat' dir='ltr'><strong>Cum</strong></span> <span class='ocrx_word' id='word_1_465' title='bbox 3319 2996 3497 3039; x_wconf 90' lang='lat' dir='ltr'><strong>autem</strong></span> 
     </span>
    </p>
   </div>
   <div class='ocr_carea' id='block_1_60' title="bbox 260 3076 1817 3163">
    <p class='ocr_par' dir='ltr' id='par_1_60' title="bbox 260 3077 1817 3153">
     <span class='ocr_line' id='line_1_60' title="bbox 260 3077 1817 3153; baseline 0.003 -21"><span class='ocrx_word' id='word_1_466' title='bbox 260 3077 437 3151; x_wconf 66' lang='grc' dir='ltr'>ὄρθρον</span> <span class='ocrx_word' id='word_1_467' title='bbox 469 3080 599 3149; x_wconf 77' lang='grc' dir='ltr'>γάρ,</span> <span class='ocrx_word' id='word_1_468' title='bbox 635 3080 820 3150; x_wconf 82' lang='grc' dir='ltr'>φησὶν,</span> <span class='ocrx_word' id='word_1_469' title='bbox 858 3080 1072 3150; x_wconf 76' lang='grc' dir='ltr'>ἕτοιμον</span> <span class='ocrx_word' id='word_1_470' title='bbox 1097 3081 1402 3153; x_wconf 79' lang='grc' dir='ltr'>εὑρήσομεν</span> <span class='ocrx_word' id='word_1_471' title='bbox 1425 3082 1817 3140; x_wconf 81' lang='grc' dir='ltr'>αὐτόν.ι⁹’οταν</span> 
     </span>
    </p>
   </div>
   <div class='ocr_carea' id='block_1_61' title="bbox 1923 3076 3503 3163">
    <p class='ocr_par' dir='ltr' id='par_1_61' title="bbox 1929 3076 3503 3157">
     <span class='ocr_line' id='line_1_61' title="bbox 1929 3076 3503 3157; baseline -0.01 -16"><span class='ocrx_word' id='word_1_472' title='bbox 1929 3103 2159 3157; x_wconf 81' lang='lat' dir='ltr'><strong>magnus</strong></span> <span class='ocrx_word' id='word_1_473' title='bbox 2194 3086 2282 3138; x_wconf 88' lang='lat' dir='ltr'><strong>ille</strong></span> <span class='ocrx_word' id='word_1_474' title='bbox 2306 3084 2424 3139; x_wconf 87' lang='lat' dir='ltr'><strong>dies</strong></span> <span class='ocrx_word' id='word_1_475' title='bbox 2468 3081 2679 3135; x_wconf 91' lang='lat' dir='ltr'><strong>Domini</strong></span> <span class='ocrx_word' id='word_1_476' title='bbox 2713 3078 3038 3134; x_wconf 82' lang='lat' dir='ltr'><strong>manifestus</strong></span> <span class='ocrx_word' id='word_1_477' title='bbox 3078 3076 3311 3140; x_wconf 86' lang='lat' dir='ltr'><strong>venerit,</strong></span> <span class='ocrx_word' id='word_1_478' title='bbox 3339 3084 3400 3128; x_wconf 83' lang='lat' dir='ltr'><strong>ut</strong></span> <span class='ocrx_word' id='word_1_479' title='bbox 3426 3076 3503 3127; x_wconf 70' lang='grc' dir='ltr'>τιτι</span> 
     </span>
    </p>
   </div>
   <div class='ocr_carea' id='block_1_62' title="bbox 263 3170 1816 3245">
    <p class='ocr_par' dir='ltr' id='par_1_62' title="bbox 263 3170 1816 3245">
     <span class='ocr_line' id='line_1_62' title="bbox 263 3170 1816 3245; baseline 0.003 -22"><span class='ocrx_word' id='word_1_480' title='bbox 263 3170 315 3223; x_wconf 75' lang='grc' dir='ltr'>δὲ</span> <span class='ocrx_word' id='word_1_481' title='bbox 333 3174 364 3241; x_wconf 76' lang='grc' dir='ltr'>ἡ</span> <span class='ocrx_word' id='word_1_482' title='bbox 379 3172 559 3243; x_wconf 75' lang='grc' dir='ltr'>ἡμέρα</span> <span class='ocrx_word' id='word_1_483' title='bbox 579 3172 787 3245; x_wconf 80' lang='grc' dir='ltr'>Κυρίου</span> <span class='ocrx_word' id='word_1_484' title='bbox 817 3175 851 3243; x_wconf 82' lang='grc' dir='ltr'><strong>ή</strong></span> <span class='ocrx_word' id='word_1_485' title='bbox 872 3174 1081 3244; x_wconf 83' lang='grc' dir='ltr'>μεγάλη</span> <span class='ocrx_word' id='word_1_486' title='bbox 1112 3176 1206 3228; x_wconf 76' lang='grc' dir='ltr'><strong>καὶ</strong></span> <span class='ocrx_word' id='word_1_487' title='bbox 1226 3175 1500 3244; x_wconf 74' lang='grc' dir='ltr'>ἐπιφανὴς</span> <span class='ocrx_word' id='word_1_488' title='bbox 1531 3174 1816 3243; x_wconf 74' lang='grc' dir='ltr'>ἀφίκηται,</span> 
     </span>
    </p>
   </div>
   <div class='ocr_carea' id='block_1_63' title="bbox 267 3260 1821 3340">
    <p class='ocr_par' dir='ltr' id='par_1_63' title="bbox 267 3260 1821 3340">
     <span class='ocr_line' id='line_1_63' title="bbox 267 3260 1821 3340; baseline 0.003 -24"><span class='ocrx_word' id='word_1_489' title='bbox 267 3260 390 3318; x_wconf 83' lang='grc' dir='ltr'>κατᾶ</span> <span class='ocrx_word' id='word_1_490' title='bbox 411 3267 507 3335; x_wconf 77' lang='grc' dir='ltr'>τὴν</span> <span class='ocrx_word' id='word_1_491' title='bbox 533 3265 633 3320; x_wconf 90' lang='grc' dir='ltr'><strong>τοῦ</strong></span> <span class='ocrx_word' id='word_1_492' title='bbox 668 3269 946 3337; x_wconf 77' lang='grc' dir='ltr'>προφήτου</span> <span class='ocrx_word' id='word_1_493' title='bbox 980 3268 1185 3337; x_wconf 83' lang='grc' dir='ltr'>φωνὴν,</span> <span class='ocrx_word' id='word_1_494' title='bbox 1229 3269 1361 3338; x_wconf 74' lang='grc' dir='ltr'>περὶ</span> <span class='ocrx_word' id='word_1_495' title='bbox 1384 3264 1451 3340; x_wconf 81' lang='grc' dir='ltr'>ἦς</span> <span class='ocrx_word' id='word_1_496' title='bbox 1484 3269 1513 3321; x_wconf 87' lang='grc' dir='ltr'><strong>ὁ</strong></span> <span class='ocrx_word' id='word_1_497' title='bbox 1549 3270 1821 3339; x_wconf 87' lang='grc' dir='ltr'>μακάριος</span> 
     </span>
    </p>
   </div>
   <div class='ocr_carea' id='block_1_64' title="bbox 266 3353 1821 3428">
    <p class='ocr_par' dir='ltr' id='par_1_64' title="bbox 266 3353 1821 3428">
     <span class='ocr_line' id='line_1_64' title="bbox 266 3353 1821 3428; baseline 0.001 -21"><span class='ocrx_word' id='word_1_498' title='bbox 266 3353 396 3423; x_wconf 82' lang='grc' dir='ltr'>λέγει</span> <span class='ocrx_word' id='word_1_499' title='bbox 440 3356 680 3420; x_wconf 79' lang='grc' dir='ltr'>Παῦλος,</span> <span class='ocrx_word' id='word_1_500' title='bbox 711 3356 796 3409; x_wconf 85' lang='grc' dir='ltr'>ὅτι</span> <span class='ocrx_word' id='word_1_501' title='bbox 857 3374 875 3407; x_wconf 81' lang='grc' dir='ltr'><strong>ι</strong></span> <span class='ocrx_word' id='word_1_502' title='bbox 922 3357 986 3409; x_wconf 87' lang='grc' dir='ltr'>Ἡ</span> <span class='ocrx_word' id='word_1_503' title='bbox 1016 3357 1198 3428; x_wconf 85' lang='grc' dir='ltr'>ήμέρα</span> <span class='ocrx_word' id='word_1_504' title='bbox 1241 3358 1458 3427; x_wconf 76' lang='grc' dir='ltr'>ἧγγικε,</span> <span class='ocrx_word' id='word_1_505' title='bbox 1487 3376 1505 3409; x_wconf 76' lang='grc' dir='ltr'><strong>ι</strong></span> <span class='ocrx_word' id='word_1_506' title='bbox 1551 3357 1672 3409; x_wconf 85' lang='grc' dir='ltr'>τότε</span> <span class='ocrx_word' id='word_1_507' title='bbox 1720 3357 1821 3409; x_wconf 78' lang='grc' dir='ltr'><strong>οὐκ</strong></span> 
     </span>
    </p>
   </div>
   <div class='ocr_carea' id='block_1_65' title="bbox 268 3445 1821 3519">
    <p class='ocr_par' dir='ltr' id='par_1_65' title="bbox 268 3445 1821 3519">
     <span class='ocr_line' id='line_1_65' title="bbox 268 3445 1821 3519; baseline -0.001 -20"><span class='ocrx_word' id='word_1_508' title='bbox 268 3445 340 3500; x_wconf 69' lang='grc' dir='ltr'>ἔτι</span> <span class='ocrx_word' id='word_1_509' title='bbox 363 3447 431 3507; x_wconf 84' lang='grc' dir='ltr'>ὡς</span> <span class='ocrx_word' id='word_1_510' title='bbox 458 3448 654 3517; x_wconf 81' lang='grc' dir='ltr'>σελήνη</span> <span class='ocrx_word' id='word_1_511' title='bbox 688 3446 897 3517; x_wconf 80' lang='grc' dir='ltr'>λάμψει</span> <span class='ocrx_word' id='word_1_512' title='bbox 918 3447 986 3510; x_wconf 84' lang='grc'><strong>⁸⁷,</strong></span> <span class='ocrx_word' id='word_1_513' title='bbox 1020 3447 1137 3501; x_wconf 81' lang='grc' dir='ltr'>ἀλλ’</span> <span class='ocrx_word' id='word_1_514' title='bbox 1170 3447 1246 3511; x_wconf 86' lang='grc' dir='ltr'>ὼς</span> <span class='ocrx_word' id='word_1_515' title='bbox 1271 3446 1420 3518; x_wconf 77' lang='grc' dir='ltr'>ἥλιος</span> <span class='ocrx_word' id='word_1_516' title='bbox 1469 3447 1675 3519; x_wconf 77' lang='grc' dir='ltr'>θάμϐος</span> <span class='ocrx_word' id='word_1_517' title='bbox 1719 3448 1821 3517; x_wconf 78' lang='grc' dir='ltr'><strong>ἐμ-</strong></span> 
     </span>
    </p>
   </div>
   <div class='ocr_carea' id='block_1_66' title="bbox 270 3540 1822 3612">
    <p class='ocr_par' dir='ltr' id='par_1_66' title="bbox 270 3540 1822 3612">
     <span class='ocr_line' id='line_1_66' title="bbox 270 3540 1822 3612; baseline -0.001 -17"><span class='ocrx_word' id='word_1_518' title='bbox 270 3540 476 3595; x_wconf 78' lang='grc' dir='ltr'>ποιοῦσα</span> <span class='ocrx_word' id='word_1_519' title='bbox 502 3541 562 3594; x_wconf 80' lang='grc' dir='ltr'><strong>οὐ</strong></span> <span class='ocrx_word' id='word_1_520' title='bbox 594 3541 757 3612; x_wconf 85' lang='grc' dir='ltr'>μόνον</span> <span class='ocrx_word' id='word_1_521' title='bbox 784 3543 896 3604; x_wconf 81' lang='grc' dir='ltr'>τοῖς</span> <span class='ocrx_word' id='word_1_522' title='bbox 924 3540 1174 3603; x_wconf 83' lang='grc' dir='ltr'>ἀπίστοις</span> <span class='ocrx_word' id='word_1_523' title='bbox 1208 3540 1537 3610; x_wconf 81' lang='grc' dir='ltr'>ἀνθρώποις,</span> <span class='ocrx_word' id='word_1_524' title='bbox 1563 3541 1703 3595; x_wconf 76' lang='grc' dir='ltr'>ἀλλὰ</span> <span class='ocrx_word' id='word_1_525' title='bbox 1729 3541 1822 3594; x_wconf 71' lang='grc' dir='ltr'><strong>καὶ</strong></span> 
     </span>
    </p>
   </div>
   <div class='ocr_carea' id='block_1_67' title="bbox 271 3628 1820 3699">
    <p class='ocr_par' dir='ltr' id='par_1_67' title="bbox 271 3628 1820 3699">
     <span class='ocr_line' id='line_1_67' title="bbox 271 3628 1820 3699; baseline -0.001 -18"><span class='ocrx_word' id='word_1_526' title='bbox 271 3631 374 3693; x_wconf 67' lang='grc' dir='ltr'>ταῖς</span> <span class='ocrx_word' id='word_1_527' title='bbox 402 3630 624 3694; x_wconf 88' lang='grc' dir='ltr'>νεάνισι,</span> <span class='ocrx_word' id='word_1_528' title='bbox 659 3629 756 3682; x_wconf 77' lang='grc' dir='ltr'><strong>καὶ</strong></span> <span class='ocrx_word' id='word_1_529' title='bbox 780 3630 898 3693; x_wconf 83' lang='grc' dir='ltr'>ταῖς</span> <span class='ocrx_word' id='word_1_530' title='bbox 934 3628 1245 3693; x_wconf 88' lang='grc' dir='ltr'>παλλακίσι,</span> <span class='ocrx_word' id='word_1_531' title='bbox 1288 3630 1383 3682; x_wconf 71' lang='lat' dir='ltr'><strong>xal.</strong></span> <span class='ocrx_word' id='word_1_532' title='bbox 1406 3632 1528 3692; x_wconf 90' lang='grc' dir='ltr'>ταῖς</span> <span class='ocrx_word' id='word_1_533' title='bbox 1558 3629 1820 3699; x_wconf 85' lang='grc' dir='ltr'>βασιλίσι,</span> 
     </span>
    </p>
   </div>
   <div class='ocr_carea' id='block_1_68' title="bbox 273 3719 1822 3793">
    <p class='ocr_par' dir='ltr' id='par_1_68' title="bbox 273 3719 1822 3793">
     <span class='ocr_line' id='line_1_68' title="bbox 273 3719 1822 3793; baseline 0.001 -20"><span class='ocrx_word' id='word_1_534' title='bbox 273 3722 356 3774; x_wconf 73' lang='grc' dir='ltr'>καὶ</span> <span class='ocrx_word' id='word_1_535' title='bbox 380 3722 561 3785; x_wconf 77' lang='grc' dir='ltr'>αὐταῖς</span> <span class='ocrx_word' id='word_1_536' title='bbox 594 3724 716 3784; x_wconf 87' lang='grc' dir='ltr'>ταῖς</span> <span class='ocrx_word' id='word_1_537' title='bbox 747 3719 1060 3790; x_wconf 80' lang='grc' dir='ltr'>ἀσωμάτοις</span> <span class='ocrx_word' id='word_1_538' title='bbox 1112 3720 1393 3791; x_wconf 87' lang='grc' dir='ltr'>δυνάμεσι.</span> <span class='ocrx_word' id='word_1_539' title='bbox 1444 3722 1557 3776; x_wconf 66' lang='grc' dir='ltr'><strong>Καὶ</strong></span> <span class='ocrx_word' id='word_1_540' title='bbox 1614 3723 1822 3793; x_wconf 89' lang='grc' dir='ltr'>μάρτυς</span> 
     </span>
    </p>
   </div>
   <div class='ocr_carea' id='block_1_69' title="bbox 272 3813 1822 3886">
    <p class='ocr_par' dir='ltr' id='par_1_69' title="bbox 272 3813 1822 3886">
     <span class='ocr_line' id='line_1_69' title="bbox 272 3813 1822 3886; baseline 0.004 -22"><span class='ocrx_word' id='word_1_541' title='bbox 272 3813 414 3877; x_wconf 73' lang='grc' dir='ltr'>αὐτὸς</span> <span class='ocrx_word' id='word_1_542' title='bbox 449 3817 477 3868; x_wconf 82' lang='grc' dir='ltr'><strong><em>ὁ</em></strong></span> <span class='ocrx_word' id='word_1_543' title='bbox 506 3814 708 3885; x_wconf 80' lang='grc' dir='ltr'>Κύριος</span> <span class='ocrx_word' id='word_1_544' title='bbox 745 3813 922 3881; x_wconf 86' lang='grc' dir='ltr'>λέγων</span> <span class='ocrx_word' id='word_1_545' title='bbox 946 3830 960 3844; x_wconf 71' lang='grc' dir='ltr'><strong><em>ο</em></strong></span> <span class='ocrx_word' id='word_1_546' title='bbox 1004 3834 1022 3865; x_wconf 75' lang='grc' dir='ltr'><strong>ι</strong></span> <span class='ocrx_word' id='word_1_547' title='bbox 1057 3815 1189 3868; x_wconf 83' lang='grc' dir='ltr'>Τότε</span> <span class='ocrx_word' id='word_1_548' title='bbox 1222 3815 1590 3886; x_wconf 73' lang='grc' dir='ltr'>ἐκλάμψουσιν</span> <span class='ocrx_word' id='word_1_549' title='bbox 1637 3819 1685 3870; x_wconf 88' lang='grc' dir='ltr'><strong>οί</strong></span> <span class='ocrx_word' id='word_1_550' title='bbox 1739 3816 1822 3869; x_wconf 79' lang='grc' dir='ltr'>δίο</span> 
     </span>
    </p>
   </div>
   <div class='ocr_carea' id='block_1_70' title="bbox 274 3906 1818 3978">
    <p class='ocr_par' dir='ltr' id='par_1_70' title="bbox 274 3906 1818 3978">
     <span class='ocr_line' id='line_1_70' title="bbox 274 3906 1818 3978; baseline 0.002 -20"><span class='ocrx_word' id='word_1_551' title='bbox 274 3920 401 3959; x_wconf 72' lang='grc' dir='ltr'>καίοι</span> <span class='ocrx_word' id='word_1_552' title='bbox 428 3906 498 3970; x_wconf 79' lang='grc' dir='ltr'><strong>ὡς</strong></span> <span class='ocrx_word' id='word_1_553' title='bbox 517 3907 546 3959; x_wconf 87' lang='grc' dir='ltr'>ὁ</span> <span class='ocrx_word' id='word_1_554' title='bbox 576 3907 748 3977; x_wconf 65' lang='grc' dir='ltr'>ἣλιος.</span> <span class='ocrx_word' id='word_1_555' title='bbox 782 3925 800 3957; x_wconf 77' lang='grc' dir='ltr'><strong>ι</strong></span> <span class='ocrx_word' id='word_1_556' title='bbox 832 3907 941 3960; x_wconf 82' lang='lat' dir='ltr'><strong>Kal.</strong></span> <span class='ocrx_word' id='word_1_557' title='bbox 962 3907 988 3957; x_wconf 85' lang='grc' dir='ltr'>ὁ</span> <span class='ocrx_word' id='word_1_558' title='bbox 1014 3906 1282 3975; x_wconf 77' lang='grc' dir='ltr'>μακάριος</span> <span class='ocrx_word' id='word_1_559' title='bbox 1310 3907 1365 3960; x_wconf 81' lang='grc' dir='ltr'><strong>δὲ</strong></span> <span class='ocrx_word' id='word_1_560' title='bbox 1396 3907 1603 3971; x_wconf 85' lang='grc' dir='ltr'>Παῦλός</span> <span class='ocrx_word' id='word_1_561' title='bbox 1634 3925 1818 3978; x_wconf 81' lang='grc' dir='ltr'>φησιν·</span> 
     </span>
    </p>
   </div>
   <div class='ocr_carea' id='block_1_71' title="bbox 282 3996 1821 4070">
    <p class='ocr_par' dir='ltr' id='par_1_71' title="bbox 282 3996 1821 4070">
     <span class='ocr_line' id='line_1_71' title="bbox 282 3996 1821 4070; baseline 0.005 -24"><span class='ocrx_word' id='word_1_562' title='bbox 282 4014 304 4046; x_wconf 75' lang='grc' dir='ltr'><strong>ι</strong></span> <span class='ocrx_word' id='word_1_563' title='bbox 328 3997 478 4068; x_wconf 73' lang='grc' dir='ltr'>’Ἄλλη</span> <span class='ocrx_word' id='word_1_564' title='bbox 508 3996 635 4063; x_wconf 75' lang='grc' dir='ltr'>δόξα</span> <span class='ocrx_word' id='word_1_565' title='bbox 662 3996 840 4068; x_wconf 75' lang='grc' dir='ltr'>ἡλίου,</span> <span class='ocrx_word' id='word_1_566' title='bbox 876 3998 967 4051; x_wconf 78' lang='grc' dir='ltr'><strong>καὶ</strong></span> <span class='ocrx_word' id='word_1_567' title='bbox 988 3998 1121 4068; x_wconf 80' lang='grc' dir='ltr'>άλλη</span> <span class='ocrx_word' id='word_1_568' title='bbox 1143 3999 1270 4065; x_wconf 81' lang='grc' dir='ltr'>δόξα</span> <span class='ocrx_word' id='word_1_569' title='bbox 1300 3999 1547 4069; x_wconf 86' lang='grc' dir='ltr'>σελήνης,</span> <span class='ocrx_word' id='word_1_570' title='bbox 1576 4000 1667 4052; x_wconf 73' lang='grc' dir='ltr'><strong>καὶ</strong></span> <span class='ocrx_word' id='word_1_571' title='bbox 1690 4000 1821 4070; x_wconf 83' lang='grc' dir='ltr'>άλλη</span> 
     </span>
    </p>
   </div>
   <div class='ocr_carea' id='block_1_72' title="bbox 278 4085 1816 4163">
    <p class='ocr_par' dir='ltr' id='par_1_72' title="bbox 278 4085 1816 4163">
     <span class='ocr_line' id='line_1_72' title="bbox 278 4085 1816 4163; baseline -0.001 -20"><span class='ocrx_word' id='word_1_572' title='bbox 278 4085 387 4153; x_wconf 76' lang='grc' dir='ltr'>δόξα</span> <span class='ocrx_word' id='word_1_573' title='bbox 405 4089 640 4159; x_wconf 83' lang='grc' dir='ltr'>ἀστέρων</span> <span class='ocrx_word' id='word_1_574' title='bbox 663 4107 677 4119; x_wconf 88' lang='grc'><strong>·</strong></span> <span class='ocrx_word' id='word_1_575' title='bbox 708 4091 886 4160; x_wconf 77' lang='grc' dir='ltr'>ἀστὴρ</span> <span class='ocrx_word' id='word_1_576' title='bbox 910 4090 1019 4160; x_wconf 84' lang='grc' dir='ltr'>γὰρ</span> <span class='ocrx_word' id='word_1_577' title='bbox 1041 4090 1268 4160; x_wconf 84' lang='grc' dir='ltr'>ἀστέρος</span> <span class='ocrx_word' id='word_1_578' title='bbox 1287 4090 1532 4161; x_wconf 81' lang='grc' dir='ltr'>διαφέρει</span> <span class='ocrx_word' id='word_1_579' title='bbox 1558 4092 1615 4143; x_wconf 87' lang='grc' dir='ltr'>ὲν</span> <span class='ocrx_word' id='word_1_580' title='bbox 1635 4091 1781 4163; x_wconf 83' lang='grc' dir='ltr'>δόξῃ.</span> <span class='ocrx_word' id='word_1_581' title='bbox 1798 4112 1816 4142; x_wconf 81' lang='grc' dir='ltr'><strong>ι</strong></span> 
     </span>
    </p>
   </div>
   <div class='ocr_carea' id='block_1_73' title="bbox 290 4178 1819 4253">
    <p class='ocr_par' dir='ltr' id='par_1_73' title="bbox 290 4178 1819 4253">
     <span class='ocr_line' id='line_1_73' title="bbox 290 4178 1819 4253; baseline 0.004 -23"><span class='ocrx_word' id='word_1_582' title='bbox 290 4178 553 4233; x_wconf 77' lang='grc' dir='ltr'>Ἕκκύπτει</span> <span class='ocrx_word' id='word_1_583' title='bbox 569 4181 748 4233; x_wconf 89' lang='grc' dir='ltr'>τοίνυν</span> <span class='ocrx_word' id='word_1_584' title='bbox 778 4181 812 4251; x_wconf 74' lang='grc' dir='ltr'>ἡ</span> <span class='ocrx_word' id='word_1_585' title='bbox 838 4181 932 4234; x_wconf 88' lang='grc' dir='ltr'><strong>τοῦ</strong></span> <span class='ocrx_word' id='word_1_586' title='bbox 959 4180 1195 4251; x_wconf 83' lang='grc' dir='ltr'>Χριστοῦ</span> <span class='ocrx_word' id='word_1_587' title='bbox 1223 4180 1408 4250; x_wconf 78' lang='grc' dir='ltr'>νύμφη</span> <span class='ocrx_word' id='word_1_588' title='bbox 1441 4180 1573 4234; x_wconf 74' lang='grc' dir='ltr'>ὡσεὶ</span> <span class='ocrx_word' id='word_1_589' title='bbox 1605 4181 1819 4253; x_wconf 76' lang='grc' dir='ltr'>δρθρος¹</span> 
     </span>
    </p>
   </div>
   <div class='ocr_carea' id='block_1_74' title="bbox 281 4266 1827 4342">
    <p class='ocr_par' dir='ltr' id='par_1_74' title="bbox 281 4266 1827 4342">
     <span class='ocr_line' id='line_1_74' title="bbox 281 4266 1827 4342; baseline 0.005 -24"><span class='ocrx_word' id='word_1_590' title='bbox 281 4269 337 4319; x_wconf 77' lang='grc' dir='ltr'>ἐκ</span> <span class='ocrx_word' id='word_1_591' title='bbox 365 4269 549 4341; x_wconf 82' lang='grc' dir='ltr'>μέρους</span> <span class='ocrx_word' id='word_1_592' title='bbox 584 4271 690 4342; x_wconf 77' lang='grc' dir='ltr'><strong>γάρ</strong></span> <span class='ocrx_word' id='word_1_593' title='bbox 719 4271 892 4339; x_wconf 80' lang='grc' dir='ltr'>αὐτῆς</span> <span class='ocrx_word' id='word_1_594' title='bbox 929 4266 1021 4323; x_wconf 71' lang='grc' dir='ltr'>ἐπὶ</span> <span class='ocrx_word' id='word_1_595' title='bbox 1052 4269 1146 4323; x_wconf 85' lang='grc' dir='ltr'><strong>τοῦ</strong></span> <span class='ocrx_word' id='word_1_596' title='bbox 1171 4271 1436 4341; x_wconf 83' lang='grc' dir='ltr'>παρόντος</span> <span class='ocrx_word' id='word_1_597' title='bbox 1461 4270 1520 4323; x_wconf 86' lang='grc' dir='ltr'><strong>τὸ</strong></span> <span class='ocrx_word' id='word_1_598' title='bbox 1543 4271 1588 4303; x_wconf 78' lang='grc'><strong>⁸¹¹</strong></span> <span class='ocrx_word' id='word_1_599' title='bbox 1632 4272 1827 4335; x_wconf 84' lang='grc' dir='ltr'>κάλλος</span> 
     </span>
    </p>
   </div>
   <div class='ocr_carea' id='block_1_75' title="bbox 279 4359 1817 4434">
    <p class='ocr_par' dir='ltr' id='par_1_75' title="bbox 279 4359 1817 4434">
     <span class='ocr_line' id='line_1_75' title="bbox 279 4359 1817 4434; baseline 0.003 -24"><span class='ocrx_word' id='word_1_600' title='bbox 279 4359 593 4424; x_wconf 84' lang='grc' dir='ltr'>γινώσκεται.</span> <span class='ocrx_word' id='word_1_601' title='bbox 635 4382 653 4413; x_wconf 79' lang='grc' dir='ltr'><strong>ι</strong></span> <span class='ocrx_word' id='word_1_602' title='bbox 692 4363 802 4415; x_wconf 78' lang='lat' dir='ltr'><strong>Kal.</strong></span> <span class='ocrx_word' id='word_1_603' title='bbox 830 4362 968 4433; x_wconf 84' lang='grc' dir='ltr'>καλή</span> <span class='ocrx_word' id='word_1_604' title='bbox 1000 4364 1146 4415; x_wconf 80' lang='grc' dir='ltr'>ἐστιν</span> <span class='ocrx_word' id='word_1_605' title='bbox 1184 4361 1260 4425; x_wconf 86' lang='grc' dir='ltr'>ὡς</span> <span class='ocrx_word' id='word_1_606' title='bbox 1291 4362 1485 4432; x_wconf 81' lang='grc' dir='ltr'>σελήνη</span> <span class='ocrx_word' id='word_1_607' title='bbox 1516 4362 1766 4434; x_wconf 78' lang='grc' dir='ltr'>ὲκλεκτὴ,</span> <span class='ocrx_word' id='word_1_608' title='bbox 1799 4383 1817 4414; x_wconf 77' lang='grc' dir='ltr'><strong>ι</strong></span> 
     </span>
    </p>
   </div>
   <div class='ocr_carea' id='block_1_76' title="bbox 1923 3166 3501 3251">
    <p class='ocr_par' dir='ltr' id='par_1_76' title="bbox 1923 3166 3501 3251">
     <span class='ocr_line' id='line_1_76' title="bbox 1923 3166 3501 3251; baseline -0.01 -19"><span class='ocrx_word' id='word_1_609' title='bbox 1923 3178 2189 3251; x_wconf 85' lang='lat' dir='ltr'><strong>propheta</strong></span> <span class='ocrx_word' id='word_1_610' title='bbox 2219 3187 2265 3236; x_wconf 76' lang='grc' dir='ltr'>θ,</span> <span class='ocrx_word' id='word_1_611' title='bbox 2298 3175 2365 3230; x_wconf 87' lang='lat' dir='ltr'><strong>de</strong></span> <span class='ocrx_word' id='word_1_612' title='bbox 2408 3188 2517 3242; x_wconf 87' lang='lat' dir='ltr'><strong>quo</strong></span> <span class='ocrx_word' id='word_1_613' title='bbox 2556 3172 2754 3226; x_wconf 89' lang='lat' dir='ltr'><strong>beatus</strong></span> <span class='ocrx_word' id='word_1_614' title='bbox 2796 3170 2871 3224; x_wconf 91' lang='lat' dir='ltr'><strong>ait</strong></span> <span class='ocrx_word' id='word_1_615' title='bbox 2907 3169 3142 3233; x_wconf 84' lang='lat' dir='ltr'><strong>Paulus,</strong></span> <span class='ocrx_word' id='word_1_616' title='bbox 3189 3186 3207 3217; x_wconf 78' lang='grc' dir='ltr'><strong>ι</strong></span> <span class='ocrx_word' id='word_1_617' title='bbox 3246 3166 3370 3220; x_wconf 88' lang='lat' dir='ltr'><strong>Dies</strong></span> <span class='ocrx_word' id='word_1_618' title='bbox 3405 3181 3501 3234; x_wconf 77' lang='lat' dir='ltr'><strong>ap-</strong></span> 
     </span>
    </p>
   </div>
   <div class='ocr_carea' id='block_1_77' title="bbox 1922 3256 3507 3342">
    <p class='ocr_par' dir='ltr' id='par_1_77' title="bbox 1922 3256 3507 3342">
     <span class='ocr_line' id='line_1_77' title="bbox 1922 3256 3507 3342; baseline -0.011 -17"><span class='ocrx_word' id='word_1_619' title='bbox 1922 3267 2315 3342; x_wconf 89' lang='lat' dir='ltr'><strong>pr0pinquavit</strong></span> <span class='ocrx_word' id='word_1_620' title='bbox 2335 3263 2378 3331; x_wconf 73' lang='grc' dir='ltr'>τ,</span> <span class='ocrx_word' id='word_1_621' title='bbox 2413 3285 2431 3316; x_wconf 80' lang='grc' dir='ltr'><strong>ι</strong></span> <span class='ocrx_word' id='word_1_622' title='bbox 2461 3271 2591 3317; x_wconf 92' lang='lat' dir='ltr'><strong>tunc</strong></span> <span class='ocrx_word' id='word_1_623' title='bbox 2618 3277 2726 3317; x_wconf 83' lang='lat' dir='ltr'><strong>non</strong></span> <span class='ocrx_word' id='word_1_624' title='bbox 2754 3261 2993 3331; x_wconf 89' lang='lat' dir='ltr'><strong>amplius</strong></span> <span class='ocrx_word' id='word_1_625' title='bbox 3017 3268 3073 3324; x_wconf 90' lang='lat' dir='ltr'><strong>ut</strong></span> <span class='ocrx_word' id='word_1_626' title='bbox 3100 3260 3227 3312; x_wconf 91' lang='lat' dir='ltr'><strong>luna</strong></span> <span class='ocrx_word' id='word_1_627' title='bbox 3253 3256 3507 3326; x_wconf 73' lang='lat' dir='ltr'><strong>fulgebit,</strong></span> 
     </span>
    </p>
   </div>
   <div class='ocr_carea' id='block_1_78' title="bbox 1923 3348 3517 3429">
    <p class='ocr_par' dir='ltr' id='par_1_78' title="bbox 1923 3348 3517 3429">
     <span class='ocr_line' id='line_1_78' title="bbox 1923 3348 3517 3429; baseline -0.012 -10"><span class='ocrx_word' id='word_1_628' title='bbox 1923 3363 2018 3419; x_wconf 86' lang='lat' dir='ltr'><strong>sed</strong></span> <span class='ocrx_word' id='word_1_629' title='bbox 2044 3371 2102 3416; x_wconf 95' lang='lat' dir='ltr'><strong>ut</strong></span> <span class='ocrx_word' id='word_1_630' title='bbox 2130 3361 2212 3415; x_wconf 81' lang='lat' dir='ltr'><strong>sol</strong></span> <span class='ocrx_word' id='word_1_631' title='bbox 2239 3367 2525 3429; x_wconf 88' lang='lat' dir='ltr'><strong>stuporem</strong></span> <span class='ocrx_word' id='word_1_632' title='bbox 2553 3352 2832 3408; x_wconf 85' lang='lat' dir='ltr'><strong>incutiens</strong></span> <span class='ocrx_word' id='word_1_633' title='bbox 2857 3366 2966 3405; x_wconf 89' lang='lat' dir='ltr'><strong>non</strong></span> <span class='ocrx_word' id='word_1_634' title='bbox 2986 3350 3162 3406; x_wconf 91' lang='lat' dir='ltr'><strong>solum</strong></span> <span class='ocrx_word' id='word_1_635' title='bbox 3185 3348 3517 3404; x_wconf 76' lang='lat' dir='ltr'><strong>hominibus.</strong></span> 
     </span>
    </p>
   </div>
   <div class='ocr_carea' id='block_1_79' title="bbox 1924 3439 3501 3512">
    <p class='ocr_par' dir='ltr' id='par_1_79' title="bbox 1924 3439 3501 3512">
     <span class='ocr_line' id='line_1_79' title="bbox 1924 3439 3501 3512; baseline -0.011 -6"><span class='ocrx_word' id='word_1_636' title='bbox 1924 3451 2256 3512; x_wconf 72' lang='lat' dir='ltr'><strong>intidclibus,</strong></span> <span class='ocrx_word' id='word_1_637' title='bbox 2280 3447 2375 3504; x_wconf 86' lang='lat' dir='ltr'><strong>sed</strong></span> <span class='ocrx_word' id='word_1_638' title='bbox 2402 3441 2854 3504; x_wconf 86' lang='lat' dir='ltr'><strong>adolescentulis,</strong></span> <span class='ocrx_word' id='word_1_639' title='bbox 2878 3447 2933 3494; x_wconf 91' lang='lat' dir='ltr'><strong>et</strong></span> <span class='ocrx_word' id='word_1_640' title='bbox 2961 3439 3311 3501; x_wconf 82' lang='lat' dir='ltr'><strong>concubinis,</strong></span> <span class='ocrx_word' id='word_1_641' title='bbox 3339 3447 3392 3491; x_wconf 78' lang='lat' dir='ltr'><strong>et</strong></span> <span class='ocrx_word' id='word_1_642' title='bbox 3416 3454 3501 3490; x_wconf 89' lang='lat' dir='ltr'><strong>rc-</strong></span> 
     </span>
    </p>
   </div>
   <div class='ocr_carea' id='block_1_80' title="bbox 1923 3528 3497 3615">
    <p class='ocr_par' dir='ltr' id='par_1_80' title="bbox 1923 3528 3497 3615">
     <span class='ocr_line' id='line_1_80' title="bbox 1923 3528 3497 3615; baseline -0.011 -18"><span class='ocrx_word' id='word_1_643' title='bbox 1923 3543 2089 3615; x_wconf 80' lang='lat' dir='ltr'><strong>ginis,</strong></span> <span class='ocrx_word' id='word_1_644' title='bbox 2118 3549 2282 3610; x_wconf 87' lang='lat' dir='ltr'><strong>atque</strong></span> <span class='ocrx_word' id='word_1_645' title='bbox 2302 3540 2468 3591; x_wconf 78' lang='lat' dir='ltr'><strong>etiam</strong></span> <span class='ocrx_word' id='word_1_646' title='bbox 2491 3536 2625 3605; x_wconf 85' lang='lat' dir='ltr'><strong>ipsis</strong></span> <span class='ocrx_word' id='word_1_647' title='bbox 2643 3533 2945 3588; x_wconf 89' lang='lat' dir='ltr'><strong>virtutibus</strong></span> <span class='ocrx_word' id='word_1_648' title='bbox 2963 3529 3322 3600; x_wconf 87' lang='lat' dir='ltr'><strong>incorporeis.</strong></span> <span class='ocrx_word' id='word_1_649' title='bbox 3342 3528 3497 3595; x_wconf 81' lang='lat' dir='ltr'><strong>Quod</strong></span> 
     </span>
    </p>
   </div>
   <div class='ocr_carea' id='block_1_81' title="bbox 1924 3617 3498 3705">
    <p class='ocr_par' dir='ltr' id='par_1_81' title="bbox 1924 3617 3498 3705">
     <span class='ocr_line' id='line_1_81' title="bbox 1924 3617 3498 3705; baseline -0.012 -17"><span class='ocrx_word' id='word_1_650' title='bbox 1924 3635 2143 3705; x_wconf 84' lang='lat' dir='ltr'><strong>quidem</strong></span> <span class='ocrx_word' id='word_1_651' title='bbox 2192 3629 2459 3685; x_wconf 87' lang='lat' dir='ltr'><strong>Dominus</strong></span> <span class='ocrx_word' id='word_1_652' title='bbox 2497 3627 2614 3696; x_wconf 88' lang='lat' dir='ltr'><strong>ipse</strong></span> <span class='ocrx_word' id='word_1_653' title='bbox 2660 3630 2916 3685; x_wconf 90' lang='lat' dir='ltr'><strong>testatur,</strong></span> <span class='ocrx_word' id='word_1_654' title='bbox 2951 3639 2969 3672; x_wconf 86' lang='grc' dir='ltr'><strong>ι</strong></span> <span class='ocrx_word' id='word_1_655' title='bbox 3007 3619 3185 3684; x_wconf 85' lang='lat' dir='ltr'><strong>Tunc,</strong></span> <span class='ocrx_word' id='word_1_656' title='bbox 3222 3617 3498 3687; x_wconf 84' lang='lat' dir='ltr'><strong>inquiens.</strong></span> 
     </span>
    </p>
   </div>
   <div class='ocr_carea' id='block_1_82' title="bbox 1926 3708 3496 3795">
    <p class='ocr_par' dir='ltr' id='par_1_82' title="bbox 1926 3708 3496 3795">
     <span class='ocr_line' id='line_1_82' title="bbox 1926 3708 3496 3795; baseline -0.013 -14"><span class='ocrx_word' id='word_1_657' title='bbox 1926 3725 2212 3795; x_wconf 70' lang='lat' dir='ltr'><strong>fulgebunt</strong></span> <span class='ocrx_word' id='word_1_658' title='bbox 2270 3721 2406 3790; x_wconf 82' lang='lat' dir='ltr'><strong>justi</strong></span> <span class='ocrx_word' id='word_1_659' title='bbox 2459 3719 2604 3774; x_wconf 84' lang='lat' dir='ltr'><strong>sicut</strong></span> <span class='ocrx_word' id='word_1_660' title='bbox 2652 3716 2733 3772; x_wconf 87' lang='lat' dir='ltr'><strong>sol</strong></span> <span class='ocrx_word' id='word_1_661' title='bbox 2767 3715 2860 3767; x_wconf 65' lang='lat'><strong>5.:</strong></span> <span class='ocrx_word' id='word_1_662' title='bbox 2909 3712 2973 3766; x_wconf 83' lang='lat' dir='ltr'><strong>Et</strong></span> <span class='ocrx_word' id='word_1_663' title='bbox 3031 3711 3226 3769; x_wconf 87' lang='lat' dir='ltr'><strong>beatus</strong></span> <span class='ocrx_word' id='word_1_664' title='bbox 3269 3708 3496 3770; x_wconf 81' lang='lat' dir='ltr'><strong>Paulus,</strong></span> 
     </span>
    </p>
   </div>
   <div class='ocr_carea' id='block_1_83' title="bbox 1930 3801 3509 3883">
    <p class='ocr_par' dir='ltr' id='par_1_83' title="bbox 1930 3801 3509 3883">
     <span class='ocr_line' id='line_1_83' title="bbox 1930 3801 3509 3883; baseline -0.011 -13"><span class='ocrx_word' id='word_1_665' title='bbox 1930 3838 1948 3870; x_wconf 85' lang='grc' dir='ltr'><strong>ι</strong></span> <span class='ocrx_word' id='word_1_666' title='bbox 1978 3819 2118 3880; x_wconf 80' lang='lat' dir='ltr'><strong>Alia,</strong></span> <span class='ocrx_word' id='word_1_667' title='bbox 2154 3813 2354 3883; x_wconf 86' lang='lat' dir='ltr'><strong>inquit,</strong></span> <span class='ocrx_word' id='word_1_668' title='bbox 2378 3819 2463 3868; x_wconf 87' lang='lat' dir='ltr'><strong>est</strong></span> <span class='ocrx_word' id='word_1_669' title='bbox 2490 3810 2717 3864; x_wconf 86' lang='lat' dir='ltr'><strong>claritas</strong></span> <span class='ocrx_word' id='word_1_670' title='bbox 2744 3805 2899 3868; x_wconf 89' lang='lat' dir='ltr'><strong>solis,</strong></span> <span class='ocrx_word' id='word_1_671' title='bbox 2931 3812 2985 3860; x_wconf 88' lang='lat' dir='ltr'><strong>et</strong></span> <span class='ocrx_word' id='word_1_672' title='bbox 3015 3802 3121 3856; x_wconf 88' lang='lat' dir='ltr'><strong>alia</strong></span> <span class='ocrx_word' id='word_1_673' title='bbox 3161 3810 3244 3856; x_wconf 86' lang='lat' dir='ltr'><strong>est</strong></span> <span class='ocrx_word' id='word_1_674' title='bbox 3279 3801 3509 3854; x_wconf 81' lang='lat' dir='ltr'><strong>claritas</strong></span> 
     </span>
    </p>
   </div>
   <div class='ocr_carea' id='block_1_84' title="bbox 1925 3892 3501 3972">
    <p class='ocr_par' dir='ltr' id='par_1_84' title="bbox 1925 3892 3501 3972">
     <span class='ocr_line' id='line_1_84' title="bbox 1925 3892 3501 3972; baseline -0.014 -8"><span class='ocrx_word' id='word_1_675' title='bbox 1925 3910 2093 3972; x_wconf 60' lang='lat' dir='ltr'><strong>lunae,</strong></span> <span class='ocrx_word' id='word_1_676' title='bbox 2127 3915 2180 3962; x_wconf 89' lang='lat' dir='ltr'><strong>et</strong></span> <span class='ocrx_word' id='word_1_677' title='bbox 2213 3906 2315 3959; x_wconf 87' lang='lat' dir='ltr'><strong>alia</strong></span> <span class='ocrx_word' id='word_1_678' title='bbox 2358 3912 2444 3958; x_wconf 83' lang='lat' dir='ltr'><strong>cst</strong></span> <span class='ocrx_word' id='word_1_679' title='bbox 2468 3902 2696 3957; x_wconf 85' lang='lat' dir='ltr'><strong>claritas</strong></span> <span class='ocrx_word' id='word_1_680' title='bbox 2746 3898 3068 3965; x_wconf 78' lang='lat' dir='ltr'><strong>stellarum;</strong></span> <span class='ocrx_word' id='word_1_681' title='bbox 3100 3894 3255 3949; x_wconf 91' lang='lat' dir='ltr'><strong>stella</strong></span> <span class='ocrx_word' id='word_1_682' title='bbox 3298 3892 3444 3947; x_wconf 91' lang='lat' dir='ltr'><strong>enim</strong></span> <span class='ocrx_word' id='word_1_683' title='bbox 3471 3907 3501 3943; x_wconf 89' lang='lat' dir='ltr'><strong>a</strong></span> 
     </span>
    </p>
   </div>
   <div class='ocr_carea' id='block_1_85' title="bbox 1928 3985 3500 4057">
    <p class='ocr_par' dir='ltr' id='par_1_85' title="bbox 1928 3985 3500 4057">
     <span class='ocr_line' id='line_1_85' title="bbox 1928 3985 3500 4057; baseline -0.013 -3"><span class='ocrx_word' id='word_1_684' title='bbox 1928 4000 2089 4054; x_wconf 78' lang='lat' dir='ltr'><strong>stella</strong></span> <span class='ocrx_word' id='word_1_685' title='bbox 2121 3996 2306 4053; x_wconf 71' lang='lat' dir='ltr'><strong>ditfert</strong></span> <span class='ocrx_word' id='word_1_686' title='bbox 2350 3996 2602 4050; x_wconf 89' lang='lat' dir='ltr'><strong>claritate</strong></span> <span class='ocrx_word' id='word_1_687' title='bbox 2626 3992 2677 4044; x_wconf 74' lang='grc' dir='ltr'>ιι.</span> <span class='ocrx_word' id='word_1_688' title='bbox 2727 4010 2745 4043; x_wconf 81' lang='grc' dir='ltr'><strong>ι</strong></span> <span class='ocrx_word' id='word_1_689' title='bbox 2772 3987 3048 4057; x_wconf 90' lang='lat' dir='ltr'><strong>Prospicit</strong></span> <span class='ocrx_word' id='word_1_690' title='bbox 3083 3985 3252 4055; x_wconf 75' lang='lat' dir='ltr'><strong>igitur</strong></span> <span class='ocrx_word' id='word_1_691' title='bbox 3302 3997 3500 4052; x_wconf 85' lang='lat' dir='ltr'><strong>sponsa</strong></span> 
     </span>
    </p>
   </div>
   <div class='ocr_carea' id='block_1_86' title="bbox 1927 4079 3504 4153">
    <p class='ocr_par' dir='ltr' id='par_1_86' title="bbox 1927 4079 3504 4153">
     <span class='ocr_line' id='line_1_86' title="bbox 1927 4079 3504 4153; baseline -0.013 -6"><span class='ocrx_word' id='word_1_692' title='bbox 1927 4091 2131 4150; x_wconf 85' lang='lat' dir='ltr'><strong>Christi</strong></span> <span class='ocrx_word' id='word_1_693' title='bbox 2167 4091 2311 4146; x_wconf 88' lang='lat' dir='ltr'><strong>sicut</strong></span> <span class='ocrx_word' id='word_1_694' title='bbox 2350 4102 2569 4141; x_wconf 89' lang='lat' dir='ltr'><strong>aurora.</strong></span> <span class='ocrx_word' id='word_1_695' title='bbox 2612 4084 2689 4138; x_wconf 73' lang='lat' dir='ltr'><strong>Et</strong></span> <span class='ocrx_word' id='word_1_696' title='bbox 2731 4091 2885 4153; x_wconf 87' lang='lat' dir='ltr'><strong>parte</strong></span> <span class='ocrx_word' id='word_1_697' title='bbox 2917 4080 3061 4135; x_wconf 85' lang='lat' dir='ltr'><strong>enim</strong></span> <span class='ocrx_word' id='word_1_698' title='bbox 3113 4079 3217 4132; x_wconf 89' lang='lat' dir='ltr'><strong>hoc</strong></span> <span class='ocrx_word' id='word_1_699' title='bbox 3259 4084 3504 4145; x_wconf 88' lang='lat' dir='ltr'><strong>tempore</strong></span> 
     </span>
    </p>
   </div>
   <div class='ocr_carea' id='block_1_87' title="bbox 1927 4170 3505 4255">
    <p class='ocr_par' dir='ltr' id='par_1_87' title="bbox 1927 4170 3505 4255">
     <span class='ocr_line' id='line_1_87' title="bbox 1927 4170 3505 4255; baseline -0.015 -15"><span class='ocrx_word' id='word_1_700' title='bbox 1927 4184 2280 4255; x_wconf 74' lang='lat' dir='ltr'><strong>cognoscitur</strong></span> <span class='ocrx_word' id='word_1_701' title='bbox 2308 4178 2455 4233; x_wconf 87' lang='lat' dir='ltr'><strong>illius</strong></span> <span class='ocrx_word' id='word_1_702' title='bbox 2482 4175 2868 4246; x_wconf 84' lang='lat' dir='ltr'><strong>pulchritudo.</strong></span> <span class='ocrx_word' id='word_1_703' title='bbox 2908 4191 2925 4222; x_wconf 81' lang='grc' dir='ltr'><strong>ι</strong></span> <span class='ocrx_word' id='word_1_704' title='bbox 2950 4170 3012 4225; x_wconf 90' lang='lat' dir='ltr'><strong>Et</strong></span> <span class='ocrx_word' id='word_1_705' title='bbox 3040 4170 3271 4239; x_wconf 90' lang='lat' dir='ltr'><strong>pulchra</strong></span> <span class='ocrx_word' id='word_1_706' title='bbox 3306 4174 3392 4222; x_wconf 86' lang='lat' dir='ltr'><strong>est</strong></span> <span class='ocrx_word' id='word_1_707' title='bbox 3446 4174 3505 4218; x_wconf 87' lang='lat' dir='ltr'><strong>ut</strong></span> 
     </span>
    </p>
   </div>
   <div class='ocr_carea' id='block_1_88' title="bbox 1928 4255 3505 4340">
    <p class='ocr_par' dir='ltr' id='par_1_88' title="bbox 1928 4255 3505 4340">
     <span class='ocr_line' id='line_1_88' title="bbox 1928 4255 3505 4340; baseline -0.014 -9"><span class='ocrx_word' id='word_1_708' title='bbox 1928 4277 2057 4331; x_wconf 89' lang='lat' dir='ltr'><strong>luna</strong></span> <span class='ocrx_word' id='word_1_709' title='bbox 2091 4274 2283 4333; x_wconf 81' lang='lat' dir='ltr'><strong>electa,</strong></span> <span class='ocrx_word' id='word_1_710' title='bbox 2309 4291 2328 4323; x_wconf 75' lang='grc' dir='ltr'><strong>ι</strong></span> <span class='ocrx_word' id='word_1_711' title='bbox 2369 4285 2514 4340; x_wconf 51' lang='lat' dir='ltr'><strong>qua),</strong></span> <span class='ocrx_word' id='word_1_712' title='bbox 2545 4266 2761 4321; x_wconf 89' lang='lat' dir='ltr'><strong>Domini</strong></span> <span class='ocrx_word' id='word_1_713' title='bbox 2797 4266 2918 4318; x_wconf 89' lang='lat' dir='ltr'><strong>luce</strong></span> <span class='ocrx_word' id='word_1_714' title='bbox 2953 4264 3145 4331; x_wconf 85' lang='lat' dir='ltr'><strong>plena,</strong></span> <span class='ocrx_word' id='word_1_715' title='bbox 3174 4258 3343 4313; x_wconf 87' lang='lat' dir='ltr'><strong>radiis</strong></span> <span class='ocrx_word' id='word_1_716' title='bbox 3386 4255 3505 4309; x_wconf 89' lang='lat' dir='ltr'><strong>suis</strong></span> 
     </span>
    </p>
   </div>
   <div class='ocr_carea' id='block_1_89' title="bbox 1931 4350 3503 4424">
    <p class='ocr_par' dir='ltr' id='par_1_89' title="bbox 1931 4350 3503 4424">
     <span class='ocr_line' id='line_1_89' title="bbox 1931 4350 3503 4424; baseline -0.012 -3"><span class='ocrx_word' id='word_1_717' title='bbox 1931 4376 2104 4423; x_wconf 88' lang='lat' dir='ltr'><strong>totmn</strong></span> <span class='ocrx_word' id='word_1_718' title='bbox 2158 4365 2346 4420; x_wconf 89' lang='lat' dir='ltr'><strong>orbem</strong></span> <span class='ocrx_word' id='word_1_719' title='bbox 2404 4362 2700 4417; x_wconf 88' lang='lat' dir='ltr'><strong>illuminat.</strong></span> <span class='ocrx_word' id='word_1_720' title='bbox 2749 4356 3094 4424; x_wconf 84' lang='lat' dir='ltr'><strong>Quapropter</strong></span> <span class='ocrx_word' id='word_1_721' title='bbox 3131 4360 3186 4406; x_wconf 88' lang='lat' dir='ltr'><strong>et</strong></span> <span class='ocrx_word' id='word_1_722' title='bbox 3240 4350 3503 4403; x_wconf 88' lang='lat' dir='ltr'><strong>Dominus</strong></span> 
     </span>
    </p>
   </div>
   <div class='ocr_carea' id='block_1_90' title="bbox 278 4443 1817 4528">
    <p class='ocr_par' dir='ltr' id='par_1_90' title="bbox 278 4447 1817 4524">
     <span class='ocr_line' id='line_1_90' title="bbox 278 4447 1817 4524; baseline 0.004 -26"><span class='ocrx_word' id='word_1_723' title='bbox 278 4447 360 4500; x_wconf 84' lang='grc' dir='ltr'><strong>τοῦ</strong></span> <span class='ocrx_word' id='word_1_724' title='bbox 379 4450 646 4520; x_wconf 77' lang='grc' dir='ltr'>Κυριακοῦ</span> <span class='ocrx_word' id='word_1_725' title='bbox 672 4451 1075 4524; x_wconf 83' lang='grc' dir='ltr'>πεπληρωμένη</span> <span class='ocrx_word' id='word_1_726' title='bbox 1113 4453 1310 4520; x_wconf 74' lang='grc' dir='ltr'>φωτὸς,</span> <span class='ocrx_word' id='word_1_727' title='bbox 1343 4453 1439 4505; x_wconf 74' lang='grc' dir='ltr'><strong>καὶ</strong></span> <span class='ocrx_word' id='word_1_728' title='bbox 1470 4453 1585 4514; x_wconf 86' lang='grc' dir='ltr'>ταῖς</span> <span class='ocrx_word' id='word_1_729' title='bbox 1612 4452 1817 4507; x_wconf 67' lang='grc' dir='ltr'>ἀκτῖσιν</span> 
     </span>
    </p>
   </div>
   <div class='ocr_carea' id='block_1_91' title="bbox 1923 4443 3501 4528">
    <p class='ocr_par' dir='ltr' id='par_1_91' title="bbox 1929 4443 3501 4528">
     <span class='ocr_line' id='line_1_91' title="bbox 1929 4443 3501 4528; baseline -0.013 -14"><span class='ocrx_word' id='word_1_730' title='bbox 1929 4460 1985 4514; x_wconf 88' lang='lat' dir='ltr'><strong>in</strong></span> <span class='ocrx_word' id='word_1_731' title='bbox 2017 4456 2326 4528; x_wconf 80' lang='lat' dir='ltr'><strong>Evangeliis</strong></span> <span class='ocrx_word' id='word_1_732' title='bbox 2360 4453 2582 4507; x_wconf 83' lang='lat' dir='ltr'><strong>dicebat</strong></span> <span class='ocrx_word' id='word_1_733' title='bbox 2619 4450 2686 4504; x_wconf 85' lang='lat' dir='ltr'><strong>ad</strong></span> <span class='ocrx_word' id='word_1_734' title='bbox 2731 4459 2952 4504; x_wconf 83' lang='lat' dir='ltr'><strong>sanctos</strong></span> <span class='ocrx_word' id='word_1_735' title='bbox 2984 4443 3288 4512; x_wconf 76' lang='lat' dir='ltr'><strong>discipulos</strong></span> <span class='ocrx_word' id='word_1_736' title='bbox 3322 4455 3452 4496; x_wconf 86' lang='lat' dir='ltr'><strong>suos</strong></span> <span class='ocrx_word' id='word_1_737' title='bbox 3485 4457 3501 4493; x_wconf 88' lang='lat'><strong>:</strong></span> 
     </span>
    </p>
   </div>
   <div class='ocr_carea' id='block_1_92' title="bbox 281 4532 1817 4614">
    <p class='ocr_par' dir='ltr' id='par_1_92' title="bbox 281 4540 1817 4614">
     <span class='ocr_line' id='line_1_92' title="bbox 281 4540 1817 4614; baseline 0.004 -23"><span class='ocrx_word' id='word_1_738' title='bbox 281 4540 427 4608; x_wconf 75' lang='grc' dir='ltr'>αὐτῆς</span> <span class='ocrx_word' id='word_1_739' title='bbox 456 4542 548 4613; x_wconf 78' lang='grc' dir='ltr'>τὴν</span> <span class='ocrx_word' id='word_1_740' title='bbox 576 4543 903 4612; x_wconf 77' lang='grc' dir='ltr'>οἰκουμένην</span> <span class='ocrx_word' id='word_1_741' title='bbox 946 4541 1252 4611; x_wconf 74' lang='grc' dir='ltr'>φωτίζουσα</span> <span class='ocrx_word' id='word_1_742' title='bbox 1274 4561 1287 4572; x_wconf 91' lang='grc'><strong>·</strong></span> <span class='ocrx_word' id='word_1_743' title='bbox 1323 4543 1404 4597; x_wconf 78' lang='grc' dir='ltr'>διὸ</span> <span class='ocrx_word' id='word_1_744' title='bbox 1433 4544 1526 4596; x_wconf 74' lang='grc' dir='ltr'><strong>καὶ</strong></span> <span class='ocrx_word' id='word_1_745' title='bbox 1559 4544 1586 4594; x_wconf 84' lang='grc' dir='ltr'>ὁ</span> <span class='ocrx_word' id='word_1_746' title='bbox 1618 4543 1817 4614; x_wconf 80' lang='grc' dir='ltr'>Κύριος</span> 
     </span>
    </p>
   </div>
   <div class='ocr_carea' id='block_1_93' title="bbox 1923 4532 3506 4614">
    <p class='ocr_par' dir='ltr' id='par_1_93' title="bbox 1932 4532 3506 4606">
     <span class='ocr_line' id='line_1_93' title="bbox 1932 4532 3506 4606; baseline -0.012 -4"><span class='ocrx_word' id='word_1_747' title='bbox 1932 4570 1951 4602; x_wconf 76' lang='grc' dir='ltr'><strong>ι</strong></span> <span class='ocrx_word' id='word_1_748' title='bbox 1979 4550 2087 4606; x_wconf 82' lang='lat' dir='ltr'><strong>Vos</strong></span> <span class='ocrx_word' id='word_1_749' title='bbox 2121 4550 2255 4604; x_wconf 85' lang='lat' dir='ltr'><strong>estis</strong></span> <span class='ocrx_word' id='word_1_750' title='bbox 2288 4548 2380 4600; x_wconf 77' lang='lat' dir='ltr'><strong>lux</strong></span> <span class='ocrx_word' id='word_1_751' title='bbox 2424 4543 2609 4597; x_wconf 89' lang='lat' dir='ltr'><strong>mundi</strong></span> <span class='ocrx_word' id='word_1_752' title='bbox 2644 4542 2690 4604; x_wconf 68' lang='grc' dir='ltr'>ῖς</span> <span class='ocrx_word' id='word_1_753' title='bbox 2732 4559 2751 4591; x_wconf 79' lang='grc' dir='ltr'><strong>ι</strong></span> <span class='ocrx_word' id='word_1_754' title='bbox 2804 4547 2857 4593; x_wconf 90' lang='lat' dir='ltr'><strong>ct</strong></span> <span class='ocrx_word' id='word_1_755' title='bbox 2892 4538 3180 4591; x_wconf 82' lang='lat' dir='ltr'><strong>declarans</strong></span> <span class='ocrx_word' id='word_1_756' title='bbox 3212 4532 3390 4602; x_wconf 86' lang='lat' dir='ltr'><strong>qualis</strong></span> <span class='ocrx_word' id='word_1_757' title='bbox 3432 4532 3506 4585; x_wconf 88' lang='lat' dir='ltr'><strong>sit</strong></span> 
     </span>
    </p>
   </div>
   <div class='ocr_carea' id='block_1_94' title="bbox 282 4625 1817 4708">
    <p class='ocr_par' dir='ltr' id='par_1_94' title="bbox 282 4631 1817 4704">
     <span class='ocr_line' id='line_1_94' title="bbox 282 4631 1817 4704; baseline 0.005 -24"><span class='ocrx_word' id='word_1_758' title='bbox 282 4631 331 4681; x_wconf 78' lang='grc' dir='ltr'>ἐν</span> <span class='ocrx_word' id='word_1_759' title='bbox 365 4634 466 4699; x_wconf 87' lang='grc' dir='ltr'>τοῖς</span> <span class='ocrx_word' id='word_1_760' title='bbox 512 4636 673 4704; x_wconf 76' lang='grc' dir='ltr'>ἱεροῖς</span> <span class='ocrx_word' id='word_1_761' title='bbox 710 4634 1062 4702; x_wconf 76' lang='grc' dir='ltr'>Εὑαγγελίοις</span> <span class='ocrx_word' id='word_1_762' title='bbox 1108 4634 1259 4702; x_wconf 77' lang='grc' dir='ltr'>ἔλεγε</span> <span class='ocrx_word' id='word_1_763' title='bbox 1293 4637 1404 4698; x_wconf 86' lang='grc' dir='ltr'>τοῖς</span> <span class='ocrx_word' id='word_1_764' title='bbox 1437 4635 1608 4703; x_wconf 83' lang='grc' dir='ltr'>ἁγίοις</span> <span class='ocrx_word' id='word_1_765' title='bbox 1655 4635 1817 4687; x_wconf 85' lang='grc' dir='ltr'>αὑτοῦ</span> 
     </span>
    </p>
   </div>
   <div class='ocr_carea' id='block_1_95' title="bbox 1923 4625 3508 4708">
    <p class='ocr_par' dir='ltr' id='par_1_95' title="bbox 1923 4625 3508 4708">
     <span class='ocr_line' id='line_1_95' title="bbox 1923 4625 3508 4708; baseline -0.013 -12"><span class='ocrx_word' id='word_1_766' title='bbox 1923 4643 2035 4704; x_wconf 76' lang='lat' dir='ltr'><strong>lux,</strong></span> <span class='ocrx_word' id='word_1_767' title='bbox 2075 4640 2338 4708; x_wconf 71' lang='lat' dir='ltr'><strong>subiicit:</strong></span> <span class='ocrx_word' id='word_1_768' title='bbox 2376 4655 2394 4687; x_wconf 85' lang='grc' dir='ltr'><strong>ι</strong></span> <span class='ocrx_word' id='word_1_769' title='bbox 2428 4634 2519 4688; x_wconf 79' lang='lat' dir='ltr'><strong>Sic</strong></span> <span class='ocrx_word' id='word_1_770' title='bbox 2562 4633 2857 4687; x_wconf 83' lang='lat' dir='ltr'><strong>luceatlux</strong></span> <span class='ocrx_word' id='word_1_771' title='bbox 2886 4637 3070 4686; x_wconf 86' lang='lat' dir='ltr'><strong>vestra</strong></span> <span class='ocrx_word' id='word_1_772' title='bbox 3107 4641 3291 4683; x_wconf 82' lang='lat' dir='ltr'><strong>coram</strong></span> <span class='ocrx_word' id='word_1_773' title='bbox 3331 4625 3508 4679; x_wconf 87' lang='lat' dir='ltr'><strong>homi-</strong></span> 
     </span>
    </p>
   </div>
   <div class='ocr_carea' id='block_1_96' title="bbox 287 4717 1817 4798">
    <p class='ocr_par' dir='ltr' id='par_1_96' title="bbox 287 4721 1817 4796">
     <span class='ocr_line' id='line_1_96' title="bbox 287 4721 1817 4796; baseline 0.002 -21"><span class='ocrx_word' id='word_1_774' title='bbox 287 4721 521 4791; x_wconf 80' lang='grc' dir='ltr'>μαθηταῖς</span> <span class='ocrx_word' id='word_1_775' title='bbox 546 4743 559 4755; x_wconf 89' lang='grc'><strong>·</strong></span> <span class='ocrx_word' id='word_1_776' title='bbox 608 4745 626 4777; x_wconf 87' lang='grc' dir='ltr'><strong>ι</strong></span> <span class='ocrx_word' id='word_1_777' title='bbox 650 4725 839 4796; x_wconf 81' lang='grc' dir='ltr'>Ὑμεῖς</span> <span class='ocrx_word' id='word_1_778' title='bbox 878 4727 1000 4778; x_wconf 89' lang='grc' dir='ltr'>ὲστε</span> <span class='ocrx_word' id='word_1_779' title='bbox 1028 4726 1088 4778; x_wconf 78' lang='grc' dir='ltr'>τὸ</span> <span class='ocrx_word' id='word_1_780' title='bbox 1119 4725 1233 4795; x_wconf 68' lang='grc' dir='ltr'>φῶς</span> <span class='ocrx_word' id='word_1_781' title='bbox 1271 4725 1362 4779; x_wconf 87' lang='grc' dir='ltr'><strong>τοῦ</strong></span> <span class='ocrx_word' id='word_1_782' title='bbox 1389 4727 1597 4794; x_wconf 77' lang='grc' dir='ltr'>κόσμου</span> <span class='ocrx_word' id='word_1_783' title='bbox 1629 4744 1642 4758; x_wconf 77' lang='grc' dir='ltr'><strong>ο</strong></span> <span class='ocrx_word' id='word_1_784' title='bbox 1676 4746 1693 4778; x_wconf 83' lang='grc' dir='ltr'><strong>ι</strong></span> <span class='ocrx_word' id='word_1_785' title='bbox 1733 4727 1817 4780; x_wconf 61' lang='grc' dir='ltr'>καῖ</span> 
     </span>
    </p>
   </div>
   <div class='ocr_carea' id='block_1_97' title="bbox 1923 4717 3579 4798">
    <p class='ocr_par' dir='ltr' id='par_1_97' title="bbox 1928 4717 3579 4798">
     <span class='ocr_line' id='line_1_97' title="bbox 1928 4717 3579 4798; baseline -0.011 -10"><span class='ocrx_word' id='word_1_786' title='bbox 1928 4733 2117 4794; x_wconf 84' lang='lat' dir='ltr'><strong>nibus,</strong></span> <span class='ocrx_word' id='word_1_787' title='bbox 2153 4740 2234 4793; x_wconf 89' lang='lat' dir='ltr'><strong>ut,</strong></span> <span class='ocrx_word' id='word_1_788' title='bbox 2258 4734 2657 4798; x_wconf 80' lang='lat' dir='ltr'><strong>cognoscentes</strong></span> <span class='ocrx_word' id='word_1_789' title='bbox 2687 4740 2854 4795; x_wconf 89' lang='lat' dir='ltr'><strong>opera</strong></span> <span class='ocrx_word' id='word_1_790' title='bbox 2882 4734 3065 4777; x_wconf 88' lang='lat' dir='ltr'><strong>vestra</strong></span> <span class='ocrx_word' id='word_1_791' title='bbox 3092 4721 3258 4783; x_wconf 90' lang='lat' dir='ltr'><strong>bona,</strong></span> <span class='ocrx_word' id='word_1_792' title='bbox 3295 4717 3503 4785; x_wconf 79' lang='lat' dir='ltr'><strong>gloriﬁ-</strong></span> <span class='ocrx_word' id='word_1_793' title='bbox 3566 4763 3579 4770; x_wconf 84' lang='lat'><strong>.</strong></span> 
     </span>
    </p>
   </div>
   <div class='ocr_carea' id='block_1_98' title="bbox 282 4806 1817 4887">
    <p class='ocr_par' dir='ltr' id='par_1_98' title="bbox 282 4806 1817 4884">
     <span class='ocr_line' id='line_1_98' title="bbox 282 4806 1817 4884; baseline 0.005 -24"><span class='ocrx_word' id='word_1_794' title='bbox 282 4808 468 4876; x_wconf 79' lang='grc' dir='ltr'>δεικνὺς</span> <span class='ocrx_word' id='word_1_795' title='bbox 504 4817 685 4868; x_wconf 79' lang='grc' dir='ltr'>ὁποῖον</span> <span class='ocrx_word' id='word_1_796' title='bbox 744 4815 881 4883; x_wconf 84' lang='grc' dir='ltr'>φῶς,</span> <span class='ocrx_word' id='word_1_797' title='bbox 926 4815 1118 4882; x_wconf 75' lang='grc' dir='ltr'>ἐπάγει</span> <span class='ocrx_word' id='word_1_798' title='bbox 1150 4806 1356 4882; x_wconf 81' lang='grc' dir='ltr'>λέγων’</span> <span class='ocrx_word' id='word_1_799' title='bbox 1400 4835 1418 4865; x_wconf 82' lang='grc' dir='ltr'><strong>ι</strong></span> <span class='ocrx_word' id='word_1_800' title='bbox 1457 4813 1641 4878; x_wconf 73' lang='grc' dir='ltr'>Οὕτως</span> <span class='ocrx_word' id='word_1_801' title='bbox 1688 4815 1817 4884; x_wconf 85' lang='grc' dir='ltr'>λαμ-</span> 
     </span>
    </p>
   </div>
   <div class='ocr_carea' id='block_1_99' title="bbox 1923 4806 3507 4887">
    <p class='ocr_par' dir='ltr' id='par_1_99' title="bbox 1925 4810 3507 4887">
     <span class='ocr_line' id='line_1_99' title="bbox 1925 4810 3507 4887; baseline -0.01 -10"><span class='ocrx_word' id='word_1_802' title='bbox 1925 4833 2044 4878; x_wconf 90' lang='lat' dir='ltr'><strong>cent</strong></span> <span class='ocrx_word' id='word_1_803' title='bbox 2089 4823 2305 4876; x_wconf 79' lang='lat' dir='ltr'><strong>Patrem</strong></span> <span class='ocrx_word' id='word_1_804' title='bbox 2338 4829 2581 4874; x_wconf 87' lang='lat' dir='ltr'><strong>vestrum</strong></span> <span class='ocrx_word' id='word_1_805' title='bbox 2608 4819 2702 4887; x_wconf 81' lang='lat' dir='ltr'><strong>qui</strong></span> <span class='ocrx_word' id='word_1_806' title='bbox 2747 4818 2801 4872; x_wconf 89' lang='lat' dir='ltr'><strong>in</strong></span> <span class='ocrx_word' id='word_1_807' title='bbox 2830 4814 2985 4871; x_wconf 67' lang='lat' dir='ltr'><strong>caelis</strong></span> <span class='ocrx_word' id='word_1_808' title='bbox 3026 4820 3111 4868; x_wconf 90' lang='lat' dir='ltr'><strong>est</strong></span> <span class='ocrx_word' id='word_1_809' title='bbox 3143 4810 3188 4866; x_wconf 82' lang='lat' dir='ltr'><strong>i.</strong></span> <span class='ocrx_word' id='word_1_810' title='bbox 3233 4831 3251 4863; x_wconf 81' lang='grc' dir='ltr'><strong>ι</strong></span> <span class='ocrx_word' id='word_1_811' title='bbox 3280 4810 3391 4865; x_wconf 83' lang='lat' dir='ltr'><strong>Nec</strong></span> <span class='ocrx_word' id='word_1_812' title='bbox 3416 4824 3507 4863; x_wconf 89' lang='lat' dir='ltr'><strong>so-</strong></span> 
     </span>
    </p>
   </div>
   <div class='ocr_carea' id='block_1_100' title="bbox 282 4898 1817 4982">
    <p class='ocr_par' dir='ltr' id='par_1_100' title="bbox 282 4898 1817 4977">
     <span class='ocr_line' id='line_1_100' title="bbox 282 4898 1817 4977; baseline 0.004 -25"><span class='ocrx_word' id='word_1_813' title='bbox 282 4898 414 4965; x_wconf 65' lang='grc' dir='ltr'>φάτω</span> <span class='ocrx_word' id='word_1_814' title='bbox 454 4905 512 4957; x_wconf 84' lang='grc' dir='ltr'><strong>τὸ</strong></span> <span class='ocrx_word' id='word_1_815' title='bbox 550 4905 665 4974; x_wconf 76' lang='grc' dir='ltr'><strong>φῶς</strong></span> <span class='ocrx_word' id='word_1_816' title='bbox 701 4904 855 4975; x_wconf 83' lang='grc' dir='ltr'>ὑμῶν</span> <span class='ocrx_word' id='word_1_817' title='bbox 892 4903 1202 4977; x_wconf 74' lang='grc' dir='ltr'>ἔμπροσθεν</span> <span class='ocrx_word' id='word_1_818' title='bbox 1243 4905 1350 4958; x_wconf 85' lang='grc' dir='ltr'><strong>τῶν</strong></span> <span class='ocrx_word' id='word_1_819' title='bbox 1384 4903 1706 4975; x_wconf 84' lang='grc' dir='ltr'>ἀνθρώπων,</span> <span class='ocrx_word' id='word_1_820' title='bbox 1740 4906 1817 4959; x_wconf 80' lang='grc' dir='ltr'>ἵνα</span> 
     </span>
    </p>
   </div>
   <div class='ocr_carea' id='block_1_101' title="bbox 1923 4898 3507 4982">
    <p class='ocr_par' dir='ltr' id='par_1_101' title="bbox 1932 4903 3507 4982">
     <span class='ocr_line' id='line_1_101' title="bbox 1932 4903 3507 4982; baseline -0.011 -15"><span class='ocrx_word' id='word_1_821' title='bbox 1932 4916 2041 4967; x_wconf 91' lang='lat' dir='ltr'><strong>lum</strong></span> <span class='ocrx_word' id='word_1_822' title='bbox 2098 4928 2299 4982; x_wconf 87' lang='lat' dir='ltr'><strong>sponsa</strong></span> <span class='ocrx_word' id='word_1_823' title='bbox 2325 4920 2409 4965; x_wconf 90' lang='lat' dir='ltr'><strong>est</strong></span> <span class='ocrx_word' id='word_1_824' title='bbox 2442 4909 2587 4965; x_wconf 82' lang='lat' dir='ltr'><strong>sicut</strong></span> <span class='ocrx_word' id='word_1_825' title='bbox 2627 4910 2800 4964; x_wconf 90' lang='lat' dir='ltr'><strong>electa</strong></span> <span class='ocrx_word' id='word_1_826' title='bbox 2836 4908 2987 4968; x_wconf 87' lang='lat' dir='ltr'><strong>luna,</strong></span> <span class='ocrx_word' id='word_1_827' title='bbox 3024 4919 3212 4959; x_wconf 84' lang='lat' dir='ltr'><strong>verum</strong></span> <span class='ocrx_word' id='word_1_828' title='bbox 3250 4903 3412 4956; x_wconf 87' lang='lat' dir='ltr'><strong>etiam</strong></span> <span class='ocrx_word' id='word_1_829' title='bbox 3449 4907 3507 4951; x_wconf 87' lang='lat' dir='ltr'><strong>ut.</strong></span> 
     </span>
    </p>
   </div>
   <div class='ocr_carea' id='block_1_102' title="bbox 284 4992 1817 5075">
    <p class='ocr_par' dir='ltr' id='par_1_102' title="bbox 284 4992 1817 5069">
     <span class='ocr_line' id='line_1_102' title="bbox 284 4992 1817 5069; baseline 0.005 -26"><span class='ocrx_word' id='word_1_830' title='bbox 284 4992 471 5057; x_wconf 83' lang='grc' dir='ltr'>γνόντες</span> <span class='ocrx_word' id='word_1_831' title='bbox 508 4997 576 5049; x_wconf 82' lang='grc' dir='ltr'>τὰ</span> <span class='ocrx_word' id='word_1_832' title='bbox 605 4995 745 5049; x_wconf 80' lang='grc' dir='ltr'>καλὰ</span> <span class='ocrx_word' id='word_1_833' title='bbox 775 4995 914 5066; x_wconf 77' lang='grc' dir='ltr'>ἔργα</span> <span class='ocrx_word' id='word_1_834' title='bbox 946 4995 1096 5065; x_wconf 80' lang='grc' dir='ltr'>ὑμῶν</span> <span class='ocrx_word' id='word_1_835' title='bbox 1121 4996 1384 5063; x_wconf 85' lang='grc' dir='ltr'>δοξάσωσι</span> <span class='ocrx_word' id='word_1_836' title='bbox 1406 4998 1451 5029; x_wconf 83' lang='grc'><strong>⁸⁹</strong></span> <span class='ocrx_word' id='word_1_837' title='bbox 1490 4997 1581 5050; x_wconf 76' lang='grc' dir='ltr'>τὸν</span> <span class='ocrx_word' id='word_1_838' title='bbox 1609 4998 1817 5069; x_wconf 84' lang='grc' dir='ltr'>Πατέρα</span> 
     </span>
    </p>
   </div>
   <div class='ocr_carea' id='block_1_103' title="bbox 1923 4992 3510 5075">
    <p class='ocr_par' dir='ltr' id='par_1_103' title="bbox 1933 4993 3510 5075">
     <span class='ocr_line' id='line_1_103' title="bbox 1933 4993 3510 5075; baseline -0.011 -17"><span class='ocrx_word' id='word_1_839' title='bbox 1933 5006 2013 5059; x_wconf 91' lang='lat' dir='ltr'><strong>sol</strong></span> <span class='ocrx_word' id='word_1_840' title='bbox 2055 5002 2216 5075; x_wconf 64' lang='grc'><strong>134</strong></span> <span class='ocrx_word' id='word_1_841' title='bbox 2248 5004 2300 5056; x_wconf 92' lang='lat' dir='ltr'><strong>in</strong></span> <span class='ocrx_word' id='word_1_842' title='bbox 2331 5001 2513 5055; x_wconf 83' lang='lat' dir='ltr'><strong>futura</strong></span> <span class='ocrx_word' id='word_1_843' title='bbox 2542 4999 2650 5055; x_wconf 84' lang='lat' dir='ltr'><strong>vita</strong></span> <span class='ocrx_word' id='word_1_844' title='bbox 2686 4998 3021 5068; x_wconf 84' lang='lat' dir='ltr'><strong>splendebit,</strong></span> <span class='ocrx_word' id='word_1_845' title='bbox 3050 5004 3106 5049; x_wconf 89' lang='lat' dir='ltr'><strong>et</strong></span> <span class='ocrx_word' id='word_1_846' title='bbox 3158 4993 3367 5062; x_wconf 79' lang='lat' dir='ltr'><strong>fulgore</strong></span> <span class='ocrx_word' id='word_1_847' title='bbox 3407 5003 3510 5043; x_wconf 84' lang='lat' dir='ltr'><strong>suo</strong></span> 
     </span>
    </p>
   </div>
   <div class='ocr_carea' id='block_1_104' title="bbox 282 5080 1817 5164">
    <p class='ocr_par' dir='ltr' id='par_1_104' title="bbox 282 5080 1817 5159">
     <span class='ocr_line' id='line_1_104' title="bbox 282 5080 1817 5159; baseline 0.003 -24"><span class='ocrx_word' id='word_1_848' title='bbox 282 5080 411 5151; x_wconf 73' lang='grc' dir='ltr'>ὗμιῖιν</span> <span class='ocrx_word' id='word_1_849' title='bbox 425 5086 508 5138; x_wconf 78' lang='grc' dir='ltr'>τὸν</span> <span class='ocrx_word' id='word_1_850' title='bbox 529 5088 586 5139; x_wconf 76' lang='grc' dir='ltr'>ἐν</span> <span class='ocrx_word' id='word_1_851' title='bbox 600 5090 715 5151; x_wconf 86' lang='grc' dir='ltr'>τοῖς</span> <span class='ocrx_word' id='word_1_852' title='bbox 738 5088 1041 5158; x_wconf 78' lang='grc' dir='ltr'>οὐρανοῖς.»</span> <span class='ocrx_word' id='word_1_853' title='bbox 1062 5087 1134 5141; x_wconf 75' lang='grc' dir='ltr'><strong>Οὐ</strong></span> <span class='ocrx_word' id='word_1_854' title='bbox 1158 5088 1315 5157; x_wconf 79' lang='grc' dir='ltr'>μόνον</span> <span class='ocrx_word' id='word_1_855' title='bbox 1332 5088 1386 5141; x_wconf 87' lang='grc' dir='ltr'><strong>δέ</strong></span> <span class='ocrx_word' id='word_1_856' title='bbox 1411 5088 1558 5141; x_wconf 80' lang='grc' dir='ltr'>ἐστιν</span> <span class='ocrx_word' id='word_1_857' title='bbox 1589 5088 1817 5159; x_wconf 45' lang='lat' dir='ltr'><strong>me”;</strong></span> 
     </span>
    </p>
   </div>
   <div class='ocr_carea' id='block_1_105' title="bbox 1923 5080 3507 5164">
    <p class='ocr_par' dir='ltr' id='par_1_105' title="bbox 1934 5088 3507 5164">
     <span class='ocr_line' id='line_1_105' title="bbox 1934 5088 3507 5164; baseline -0.011 -15"><span class='ocrx_word' id='word_1_858' title='bbox 1934 5097 2149 5149; x_wconf 86' lang='lat' dir='ltr'><strong>cunctis</strong></span> <span class='ocrx_word' id='word_1_859' title='bbox 2202 5102 2481 5164; x_wconf 86' lang='lat' dir='ltr'><strong>stuporem</strong></span> <span class='ocrx_word' id='word_1_860' title='bbox 2537 5092 2764 5160; x_wconf 88' lang='lat' dir='ltr'><strong>injiciet.</strong></span> <span class='ocrx_word' id='word_1_861' title='bbox 2831 5088 3266 5143; x_wconf 87' lang='lat' dir='ltr'><strong>Adntirabuntttr</strong></span> <span class='ocrx_word' id='word_1_862' title='bbox 3321 5089 3507 5135; x_wconf 86' lang='lat' dir='ltr'><strong>autem</strong></span> 
     </span>
    </p>
   </div>
   <div class='ocr_carea' id='block_1_106' title="bbox 359 5282 826 5348">
    <p class='ocr_par' dir='ltr' id='par_1_106' title="bbox 359 5282 826 5348">
     <span class='ocr_line' id='line_1_106' title="bbox 359 5282 826 5348; baseline 0.002 -14"><span class='ocrx_word' id='word_1_863' title='bbox 359 5282 383 5320; x_wconf 72' lang='grc' dir='ltr'>δ</span> <span class='ocrx_word' id='word_1_864' title='bbox 406 5283 442 5336; x_wconf 92' lang='lat' dir='ltr'><strong>ll</strong></span> <span class='ocrx_word' id='word_1_865' title='bbox 464 5284 586 5339; x_wconf 89' lang='lat' dir='ltr'><strong>Cor.</strong></span> <span class='ocrx_word' id='word_1_866' title='bbox 617 5302 702 5348; x_wconf 89' lang='grc' dir='ltr'>ιιι,</span> <span class='ocrx_word' id='word_1_867' title='bbox 737 5284 826 5339; x_wconf 80' lang='grc'><strong>18.</strong></span> 
     </span>
    </p>
   </div>
   <div class='ocr_carea' id='block_1_107' title="bbox 930 5284 1907 5346">
    <p class='ocr_par' dir='ltr' id='par_1_107' title="bbox 930 5284 1907 5346">
     <span class='ocr_line' id='line_1_107' title="bbox 930 5284 1907 5346; baseline 0 -9"><span class='ocrx_word' id='word_1_868' title='bbox 930 5294 952 5322; x_wconf 75' lang='grc' dir='ltr'><strong>ο</strong></span> <span class='ocrx_word' id='word_1_869' title='bbox 980 5284 1136 5337; x_wconf 78' lang='lat' dir='ltr'><strong>Rom.</strong></span> <span class='ocrx_word' id='word_1_870' title='bbox 1190 5298 1308 5346; x_wconf 81' lang='lat' dir='ltr'><strong>xm;</strong></span> <span class='ocrx_word' id='word_1_871' title='bbox 1344 5285 1429 5338; x_wconf 70' lang='lat'><strong>12.</strong></span> <span class='ocrx_word' id='word_1_872' title='bbox 1513 5285 1537 5323; x_wconf 72' lang='grc' dir='ltr'>ἀ</span> <span class='ocrx_word' id='word_1_873' title='bbox 1570 5285 1707 5339; x_wconf 70' lang='lat' dir='ltr'><strong>Osee</strong></span> <span class='ocrx_word' id='word_1_874' title='bbox 1747 5302 1819 5346; x_wconf 85' lang='lat' dir='ltr'><strong>vt.</strong></span> <span class='ocrx_word' id='word_1_875' title='bbox 1856 5287 1907 5339; x_wconf 75' lang='grc'>4.</span> 
     </span>
    </p>
   </div>
   <div class='ocr_carea' id='block_1_108' title="bbox 276 5350 878 5415">
    <p class='ocr_par' dir='ltr' id='par_1_108' title="bbox 276 5350 878 5415">
     <span class='ocr_line' id='line_1_108' title="bbox 276 5350 878 5415; baseline 0.003 -11"><span class='ocrx_word' id='word_1_876' title='bbox 276 5350 348 5405; x_wconf 74' lang='grc' dir='ltr'>ιδ.</span> <span class='ocrx_word' id='word_1_877' title='bbox 413 5356 439 5395; x_wconf 77' lang='lat' dir='ltr'><strong>h</strong></span> <span class='ocrx_word' id='word_1_878' title='bbox 464 5354 481 5407; x_wconf 94' lang='lat' dir='ltr'><strong>l</strong></span> <span class='ocrx_word' id='word_1_879' title='bbox 505 5357 633 5411; x_wconf 82' lang='lat' dir='ltr'><strong>Cor.</strong></span> <span class='ocrx_word' id='word_1_880' title='bbox 659 5372 755 5415; x_wconf 75' lang='lat' dir='ltr'><strong>xv,</strong></span> <span class='ocrx_word' id='word_1_881' title='bbox 785 5353 878 5409; x_wconf 75' lang='grc'><strong>41.</strong></span> 
     </span>
    </p>
   </div>
   <div class='ocr_carea' id='block_1_109' title="bbox 960 5351 1777 5419">
    <p class='ocr_par' dir='ltr' id='par_1_109' title="bbox 960 5351 1777 5419">
     <span class='ocr_line' id='line_1_109' title="bbox 960 5351 1777 5419; baseline 0.006 -12"><span class='ocrx_word' id='word_1_882' title='bbox 960 5351 1191 5409; x_wconf 67' lang='lat' dir='ltr'><strong>iMatth.</strong></span> <span class='ocrx_word' id='word_1_883' title='bbox 1231 5371 1278 5419; x_wconf 84' lang='grc' dir='ltr'><strong>ν,</strong></span> <span class='ocrx_word' id='word_1_884' title='bbox 1308 5355 1390 5408; x_wconf 68' lang='grc'><strong>14.</strong></span> <span class='ocrx_word' id='word_1_885' title='bbox 1458 5354 1469 5404; x_wconf 76' lang='grc' dir='ltr'><strong>ι</strong></span> <span class='ocrx_word' id='word_1_886' title='bbox 1514 5356 1643 5410; x_wconf 86' lang='lat' dir='ltr'><strong>Ibid.</strong></span> <span class='ocrx_word' id='word_1_887' title='bbox 1688 5356 1777 5412; x_wconf 79' lang='grc'>16.</span> 
     </span>
    </p>
   </div>
   <div class='ocr_carea' id='block_1_110' title="bbox 1994 5277 3479 5345">
    <p class='ocr_par' dir='ltr' id='par_1_110' title="bbox 1994 5277 3479 5345">
     <span class='ocr_line' id='line_1_110' title="bbox 1994 5277 3479 5345; baseline -0.009 -5"><span class='ocrx_word' id='word_1_888' title='bbox 1994 5300 2015 5325; x_wconf 69' lang='grc' dir='ltr'><strong>ε</strong></span> <span class='ocrx_word' id='word_1_889' title='bbox 2053 5287 2166 5341; x_wconf 87' lang='lat' dir='ltr'><strong>Jocl</strong></span> <span class='ocrx_word' id='word_1_890' title='bbox 2212 5304 2269 5344; x_wconf 86' lang='grc' dir='ltr'><strong>ιι,</strong></span> <span class='ocrx_word' id='word_1_891' title='bbox 2315 5288 2401 5341; x_wconf 82' lang='grc'><strong>51.</strong></span> <span class='ocrx_word' id='word_1_892' title='bbox 2502 5285 2521 5323; x_wconf 74' lang='grc' dir='ltr'><strong><em>τ</em></strong></span> <span class='ocrx_word' id='word_1_893' title='bbox 2549 5285 2703 5337; x_wconf 78' lang='lat' dir='ltr'><strong>Rom.</strong></span> <span class='ocrx_word' id='word_1_894' title='bbox 2744 5298 2862 5345; x_wconf 78' lang='lat' dir='ltr'><strong>xm,</strong></span> <span class='ocrx_word' id='word_1_895' title='bbox 2901 5281 2985 5335; x_wconf 72' lang='lat' dir='ltr'><strong>l2.</strong></span> <span class='ocrx_word' id='word_1_896' title='bbox 3079 5277 3311 5330; x_wconf 73' lang='lat' dir='ltr'><strong>sllattlt.</strong></span> <span class='ocrx_word' id='word_1_897' title='bbox 3349 5290 3479 5335; x_wconf 78' lang='lat' dir='ltr'><strong>xm,</strong></span> 
     </span>
    </p>
   </div>
   <div class='ocr_carea' id='block_1_111' title="bbox 1566 5530 2226 5585">
    <p class='ocr_par' dir='ltr' id='par_1_111' title="bbox 1566 5530 2226 5585">
     <span class='ocr_line' id='line_1_111' title="bbox 1566 5530 2226 5585; baseline -0.006 -1"><span class='ocrx_word' id='word_1_898' title='bbox 1566 5530 1795 5585; x_wconf 69' lang='lat' dir='ltr'><strong>VARI/IS</strong></span> <span class='ocrx_word' id='word_1_899' title='bbox 1830 5530 2226 5584; x_wconf 67' lang='lat' dir='ltr'><strong>LECTIONES.</strong></span> 
     </span>
    </p>
   </div>
   <div class='ocr_carea' id='block_1_112' title="bbox 330 5621 3492 5715">
    <p class='ocr_par' dir='ltr' id='par_1_112' title="bbox 330 5621 3492 5715">
     <span class='ocr_line' id='line_1_112' title="bbox 330 5621 3492 5715; baseline -0.008 -14"><span class='ocrx_word' id='word_1_900' title='bbox 410 5642 797 5715; x_wconf 69' lang='grc' dir='ltr'>βραχὺ-φῶς.</span> <span class='ocrx_word' id='word_1_901' title='bbox 852 5641 979 5698; x_wconf 74' lang='lat' dir='ltr'><strong>Des.</strong></span> <span class='ocrx_word' id='word_1_902' title='bbox 1008 5643 1060 5696; x_wconf 87' lang='lat' dir='ltr'><strong>in</strong></span> <span class='ocrx_word' id='word_1_903' title='bbox 1118 5642 1239 5698; x_wconf 82' lang='lat' dir='ltr'><strong>cod.</strong></span> <span class='ocrx_word' id='word_1_904' title='bbox 1346 5644 1393 5674; x_wconf 80' lang='grc'><strong>⁸³</strong></span> <span class='ocrx_word' id='word_1_905' title='bbox 1421 5643 1552 5695; x_wconf 86' lang='lat' dir='ltr'><strong>Cod.</strong></span> <span class='ocrx_word' id='word_1_906' title='bbox 1595 5643 1782 5711; x_wconf 67' lang='grc' dir='ltr'>αὐτῆς.</span> <span class='ocrx_word' id='word_1_907' title='bbox 1883 5641 1927 5671; x_wconf 66' lang='grc'><strong>⁸⁸</strong></span> <span class='ocrx_word' id='word_1_908' title='bbox 1956 5643 2064 5692; x_wconf 67' lang='grc' dir='ltr'>καί.</span> <span class='ocrx_word' id='word_1_909' title='bbox 2099 5641 2229 5693; x_wconf 69' lang='lat' dir='ltr'><strong>liud.</strong></span> <span class='ocrx_word' id='word_1_910' title='bbox 2262 5639 2393 5715; x_wconf 46' lang='lat' dir='ltr'><strong>alii:</strong></span> <span class='ocrx_word' id='word_1_911' title='bbox 2486 5637 2528 5667; x_wconf 72' lang='grc'><strong>⁸⁸</strong></span> <span class='ocrx_word' id='word_1_912' title='bbox 2554 5636 2736 5715; x_wconf 56' lang='grc' dir='ltr'>λέξινς</span> <span class='ocrx_word' id='word_1_913' title='bbox 2771 5633 2939 5685; x_wconf 64' lang='grc' dir='ltr'>οὐδέν.</span> <span class='ocrx_word' id='word_1_914' title='bbox 2983 5627 3298 5705; x_wconf 36' lang='grc' dir='ltr'>(Ῑοιίητάξιν</span> <span class='ocrx_word' id='word_1_915' title='bbox 3322 5642 3331 5653; x_wconf 90' lang='grc'>·</span> <span class='ocrx_word' id='word_1_916' title='bbox 3357 5621 3492 5677; x_wconf 51' lang='lat' dir='ltr'><strong>alii.</strong></span> 
     </span>
    </p>
   </div>
   <div class='ocr_carea' id='block_1_113' title="bbox 272 5706 3148 5784">
    <p class='ocr_par' dir='ltr' id='par_1_113' title="bbox 272 5706 3148 5784">
     <span class='ocr_line' id='line_1_113' title="bbox 272 5706 3148 5784; baseline -0.006 -18"><span class='ocrx_word' id='word_1_917' title='bbox 272 5706 452 5768; x_wconf 51' lang='lat' dir='ltr'><strong>&quot;Cod:</strong></span> <span class='ocrx_word' id='word_1_918' title='bbox 483 5706 943 5770; x_wconf 59' lang='grc' dir='ltr'>ξδ’ῖτοδειῖινῦουσα.</span> <span class='ocrx_word' id='word_1_919' title='bbox 1008 5715 1051 5748; x_wconf 73' lang='grc'><strong>⁸⁷</strong></span> <span class='ocrx_word' id='word_1_920' title='bbox 1084 5714 1217 5769; x_wconf 82' lang='lat' dir='ltr'><strong>Cod.</strong></span> <span class='ocrx_word' id='word_1_921' title='bbox 1259 5713 1483 5784; x_wconf 78' lang='grc' dir='ltr'>λάμπει.</span> <span class='ocrx_word' id='word_1_922' title='bbox 1557 5714 1599 5744; x_wconf 65' lang='grc'><strong>⁸⁸</strong></span> <span class='ocrx_word' id='word_1_923' title='bbox 1632 5706 1728 5763; x_wconf 66' lang='grc' dir='ltr'><strong>τό.⁷</strong></span> <span class='ocrx_word' id='word_1_924' title='bbox 1754 5713 1918 5764; x_wconf 64' lang='lat' dir='ltr'><strong>Abest</strong></span> <span class='ocrx_word' id='word_1_925' title='bbox 1954 5730 1977 5762; x_wconf 73' lang='grc' dir='ltr'>,ι</span> <span class='ocrx_word' id='word_1_926' title='bbox 2029 5713 2149 5763; x_wconf 72' lang='lat' dir='ltr'><strong>«ml.</strong></span> <span class='ocrx_word' id='word_1_927' title='bbox 2228 5711 2269 5739; x_wconf 65' lang='grc'><strong>⁵-³</strong></span> <span class='ocrx_word' id='word_1_928' title='bbox 2301 5707 2583 5772; x_wconf 60' lang='grc' dir='ltr'>δηξίιῖωσῑ.</span> <span class='ocrx_word' id='word_1_929' title='bbox 2622 5706 2749 5760; x_wconf 69' lang='lat' dir='ltr'><strong>Cod.</strong></span> <span class='ocrx_word' id='word_1_930' title='bbox 2802 5717 2983 5771; x_wconf 52' lang='lat' dir='ltr'><strong>primu.</strong></span> <span class='ocrx_word' id='word_1_931' title='bbox 3037 5716 3148 5749; x_wconf 79' lang='grc' dir='ltr'>και.</span> 
     </span>
    </p>
   </div>
  </div>
