3878 6204
400 308 499 376 εἴθ

1380 306 1865 368 THEODORETI
1894 306 2231 369 EPISCOPI
2270 308 2633 372 CYRENSIS

3541 309 3642 375 180

395 427 565 497 ipsius
601 441 707 480 non
752 424 915 478 modo
949 422 1147 486 lucem,
1186 422 1278 476 sed
1322 422 1487 475 etiam
1515 421 1782 475 ordinem.
1815 418 1952 473 Nihil

2062 421 2136 486 ὡς
2171 425 2400 496 ὲκλεκτὴ
2427 425 2648 496 σελήνη,
2685 422 2817 478 ἀλλά
2855 425 2947 479 καὶ
2986 425 3060 488 ὡς
3094 422 3244 495 ἥλιος
3289 424 3642 495 ἀπαστράψει

393 519 537 575 enim
592 516 1036 586 incompositum,
1072 514 1209 567 nihil
1240 515 1533 578 incertum,
1575 512 1710 566 nihil
1756 510 1954 566 confu-

394 626 514 665 sum
543 610 596 663 in
625 624 825 678 sponsa
854 605 1093 659 Domini.
1116 604 1307 673 Dirigit
1329 603 1473 659 enim
1499 607 1657 673 quasi
1687 604 1751 656 ad
1780 618 1960 659 amus-

391 702 493 758 sim
544 688 817 767 actiones,
871 694 1372 766 vitamque’suam
1440 696 1599 767 quasi
1646 696 1833 766 regula
1896 710 1961 750 ac

394 810 583 848 norma
620 793 851 861 quadam
885 797 1043 844 utens
1066 788 1372 859 componit.
1408 787 1540 843 Post
1579 788 1764 858 sponsi
1798 786 1962 840 mini-

393 895 635 941 strorum
676 883 884 943 laudes,
923 897 1127 950 Sponsa
1164 881 1232 936 de
1265 897 1324 936 se
1353 882 1470 950 ipsa
1497 879 1803 939 disserens,
1840 878 1915 930 ait
1945 895 1958 930 :

2059 514 2115 565 ἐν
2141 513 2216 582 τῷ
2250 514 2494 583 μέλλοντι
2527 513 2643 584 βίῳ,
2692 516 2899 579 πάντας
2926 514 3309 585 ἐκπλήττουσα
3345 517 3465 577 ταῖς
3495 514 3640 582 λαμ-

2060 604 2274 674 πηδόσι.
2326 605 2746 677 Θαυμάσουσι⁸⁰
2794 606 2849 659 δὲ
2893 605 3063 676 αύτῆς
3095 606 3157 658 ού
3205 605 3366 675 μόνον
3402 607 3465 658 τὸ
3498 604 3637 673 φῶς.

2062 696 2195 749 ἀλλά
2234 698 2328 751 καὶ
2359 699 2460 769 τὴν
2506 699 2696 764 τάξιν·
2753 699 2906 753 οὐδὲν
2959 701 3067 770 γάρ
3100 701 3334 754 ἄτακτον
3385 697 3538 765 παρὰ
3571 699 3639 767 τῇ

2062 786 2156 840 τοῦ
2197 789 2401 860 Κυρίου
2428 789 2637 862 νύμφῃ,
2668 790 2819 843 οὐδὲν
2852 791 3152 862 ἀδιόριστον
3177 789 3220 821 ⁹¹
3244 829 3259 852 ,
3301 788 3455 841 οὐδὲν
3483 786 3638 840 ἀδιά-

2066 894 2271 949 κριτον.
2305 875 2431 934 Οἶον
2462 881 2570 953 γάρ
2592 900 2696 936 τινι
2722 883 2936 957 στάθμῃ
2964 882 3232 937 διευθύνει
3255 882 3314 936 τὸ
3336 880 3636 952 πρακτέον,

394 979 489 1033 καὶ
524 977 707 1031 κανόνι
738 976 831 1029 καὶ
858 973 1096 1046 γνώμονι
1128 976 1439 1048 κεχρημένη
1479 974 1571 1027 τὸν
1605 973 1804 1042 ἑαυτῆς
1846 970 1960 1040 βίον
1996 970 2248 1042 ῥυθμίζει
2271 975 2336 1028 θ’.
2366 976 2521 1028 Μετά
2565 976 2691 1038 τοὺς
2738 975 2994 1040 ἐπαίνους
3051 977 3158 1030 τῶν
3181 976 3225 1008 ’³
3265 974 3360 1029 τοῦ
3398 972 3636 1043 νυμφίου

386 1070 664 1132 διακόνων,
688 1069 755 1122 τά
781 1069 904 1124 καθ’
931 1070 1181 1142 ἑαυτὴνή
1209 1070 1394 1138 νύμφη
1418 1064 1745 1137 διηγουμένη
1771 1060 1956 1132 φησίν·

456 1161 624 1218 Vsus.
659 1160 747 1225 10,
787 1163 869 1217 Η.
900 1161 967 1217 1η
998 1162 1207 1217 hortum
1255 1160 1400 1215 nucis
1432 1157 1696 1222 descendi,
1731 1166 1787 1209 ut
1816 1153 1955 1208 vide-

385 1271 492 1309 rem
528 1255 582 1308 in
608 1254 929 1325 germinibus
962 1255 1210 1308 torrentis
1234 1269 1250 1307 :
1274 1261 1329 1305 ut
1364 1252 1585 1305 viderem
1641 1265 1706 1301 an
1739 1247 1955 1315 ﬂoruis-

382 1355 458 1400 set
492 1345 633 1411 vilis,
666 1361 733 1399 an
762 1345 1066 1413 ﬂoruissent
1099 1343 1242 1397 mala
1271 1343 1487 1413 punica.
1524 1339 1608 1393 Ibi
1629 1337 1765 1392 dabo
1792 1341 1952 1390 ubera

383 1435 499 1491 tibi.
534 1434 659 1489 Non
688 1437 828 1489 novit
858 1437 1037 1489 anima
1065 1453 1201 1499 mea,
1232 1434 1405 1503 posuit
1438 1449 1519 1487 me
1548 1447 1735 1485 currus
1768 1430 1953 1482 Amin-

383 1525 542 1581 «dab.
570 1525 877 1580 Verborum
934 1526 1269 1581 obscuritate
1319 1526 1476 1578 valde
1528 1523 1816 1577 abstrusus
1871 1527 1955 1575 est

383 1632 601 1672 sensus.
625 1615 728 1670 Sed
761 1616 959 1670 divina:
981 1617 1167 1688 gratia:
1191 1616 1456 1669 auxilium
1482 1613 1861 1682 implorantes,
1886 1626 1952 1664 ex

386 1706 755 1776 profunditate
784 1708 1102 1764 thesaurum
1127 1707 1471 1762 eﬂ'odiemus.
1502 1704 1755 1761 Ostendit
1774 1711 1952 1759 coetus

2139 1146 2191 1210 ι’,
2217 1153 2306 1203 ια’.
2334 1150 2437 1214 Εις
2478 1147 2678 1217 κῆπον
2718 1150 2943 1216 καρύας
2968 1150 3227 1218 κατέϐην
3254 1150 3362 1205 τοῦ
3392 1151 3541 1207 ἰδεῖν
3568 1152 3640 1207 ἐν

2060 1239 2395 1306 rer-rimam
2443 1240 2549 1292 τοῦ
2599 1239 2941 1308 χειμάῤῥοιν,
2990 1241 3137 1294 ἰδεῖν
3189 1243 3241 1294 εὶ
3291 1242 3564 1310 ἤνθησεν
3597 1247 3636 1314 ἠ

2058 1326 2344 1397 ἄμπελος,
2398 1332 2449 1382 εἰ
2496 1328 2841 1398 ἦνθησανθί
2892 1333 2952 1383 al
3008 1332 3180 1396 ῥοαί·
3228 1332 3414 1384 exe?"
3463 1334 3639 1390 δώσω

2059 1419 2201 1485 τοὺς
2248 1420 2522 1488 μαστούς
2555 1422 2603 1454 ⁸⁸
2656 1436 2773 1475 σοι.
2834 1424 2955 1475 Οὐκ
3002 1421 3154 1491 ἔγνω
3195 1423 3232 1489 ἠ
3278 1423 3449 1493 ψυχή
3490 1443 3635 1495 μου,

2059 1510 2229 1563 ἔθετό
2250 1512 2292 1544 ³⁷
2306 1528 2385 1580 με
2413 1512 2642 1580 ἅρματα
2657 1512 2991 1580 Ἀμιναδάϐ.
3019 1512 3226 1582 Σφόδρα
3259 1515 3637 1584 συγκέχωσται

2058 1602 2123 1670 τῇ
2156 1600 2395 1672 ἀσαφείᾳ
2423 1602 2533 1655 τῶν
2575 1601 2835 1673 ῥημάτων
2866 1604 2900 1672 ἡ
2939 1602 3142 1655 διάνοια
3164 1619 3177 1633 °
3206 1603 3340 1657 ἀλλά
3361 1605 3457 1674 τὴν
3485 1605 3638 1659 θείαν

2059 1690 2218 1761 χάριν
2262 1690 2550 1761 ἐπίκουρον
2582 1691 2932 1756 καλέσαντες,
2988 1691 3321 1762 διορύξωμεν
3350 1693 3411 1746 τὸ
3446 1693 3635 1763 βάθος,

387 1799 801 1871 piorum,quem
828 1800 1011 1854 divina
1031 1799 1320 1868 Scriptura
1340 1814 1596 1868 sponsam
1618 1798 1873 1867 appellat,
1895 1811 1952 1849 se

2058 1782 2150 1835 καὶ
2179 1782 2267 1835 τὸν
2302 1780 2573 1853 θησαυρὸν
2594 1784 3014 1853 ἀνασπάσωμεν.
3049 1784 3298 1837 Διδάσκει
3325 1785 3433 1838 τῶν
3469 1787 3633 1839 εὐσε-

386 1893 602 1961 propria
633 1907 741 1946 non
776 1900 1093 1946 contentum
1121 1906 1244 1946 esse
1272 1891 1466 1956 salute,
1497 1904 1672 1959 neque
1704 1889 1955 1942 sibisatis

383 1998 505 2037 esse
520 1983 664 2051 quod
683 1984 783 2038 soli
801 1984 1024 2053 nuptias
1050 1991 1263 2052 Optatos
1278 1985 1387 2037 sint
1406 1984 1647 2038 assecuti
1670 2002 1683 2038 :
1706 1984 1799 2037 sed
1826 1983 1953 2038 totis

386 2074 592 2129 viribus
620 2075 672 2127 in
691 2090 807 2128 eam
827 2090 1015 2149 curam
1049 2077 1387 2140 incumbere,
1415 2087 1470 2132 ut
1497 2078 1738 2147 reliquos
1763 2092 1953 2132 omnes

386 2163 634 2219 homines
668 2166 736 2219 ab
762 2165 1087 2238 infrugiiera
1109 2168 1217 2222 vita
1244 2167 1584 2243 dimoveant,
1610 2186 1720 2238 quo
1745 2168 1953 2224 fertiles

383 2254 557 2310 eﬂ'ecti
592 2257 811 2313 virtutis
843 2257 1079 2313 fructum
1130 2259 1344 2314 ferant.
1370 2256 1524 2326 Quoi]
1562 2260 1779 2328 quidem
1821 2259 1951 2314 dum

388 2350 669 2408 praestant,
693 2353 745 2398 et
773 2346 990 2401 caeteris
1015 2345 1334 2402 hominibus
1362 2356 1559 2402 vacant
1581 2348 1950 2414 instituendis,

384 2432 582 2489 docent
614 2436 824 2492 similes
847 2455 941 2493 eos
967 2455 1090 2496 esse
1118 2442 1376 2498 curribus
1401 2441 1729 2508 Aminadab,
1752 2444 1859 2510 vel,
1894 2452 1952 2498 ut

386 2524 747 2595 Symmachus
801 2529 1194 2598 interpretatus
1247 2542 1355 2596 est,
1395 2553 1412 2584 ι
1475 2534 1731 2589 curribus
1768 2535 1951 2605 populi

386 2617 697 2683 praeeuntis,
730 2638 748 2670 ›
777 2620 880 2683 vel,
911 2630 969 2675 ut
996 2623 1193 2692 Aquila
1218 2625 1404 2689 vertit,
1427 2643 1446 2675 ι
1480 2627 1740 2680 curribus
1768 2626 1952 2696 populi

386 2705 543 2776 135
607 2712 889 2777 spontanei
950 2712 1236 2782 principis.
1296 2733 1314 2764 ι
1373 2713 1478 2767 Per
1525 2714 1744 2768 hortum
1790 2715 1952 2769 nucis

383 2800 1102 2871 praesentem/'ntelligimus
1136 2806 1324 2869 vitam,
1348 2821 1470 2875 quae
1494 2822 1618 2860 cum
1645 2822 1829 2861 amara
1857 2808 1952 2872 sit,

380 2896 435 2942 et
479 2893 744 2947 aerumnis
785 2903 952 2964 atque
1019 2895 1305 2953 laboribus
1355 2898 1551 2966 plena,
1607 2898 1951 2953 reconditum

382 2991 564 3037 tamen
593 2982 759 3039 habet
784 2986 1006 3041 virtutis
1035 2985 1294 3042 fructum.
1331 2988 1467 3043 Nam
1524 2998 1577 3045 et
1615 2991 1775 3045 nucis
1835 2991 1951 3045 fru-

380 3078 528 3134 ctus,
560 3085 685 3126 cum
717 3074 1061 3131 extrinsecus
1092 3077 1353 3132 corticem
1406 3079 1643 3149 priorem
1703 3096 1948 3135 amarum

383 3162 599 3227 habeat,
631 3165 862 3220 alterum
899 3177 1081 3222 autem
1133 3183 1381 3238 asperqu
1430 3186 1493 3225 ac
1522 3170 1742 3239 durum,
1780 3174 1947 3239 intus,

380 3261 434 3307 et
468 3259 727 3322 tanquam
761 3256 819 3310 in
849 3272 991 3327 penu
1024 3260 1287 3330 quodam,
1322 3261 1575 3315 nucleum
1612 3265 1950 3319 esculentum

381 3344 623 3401 continet
670 3350 1036 3417 reconditum,
1097 3353 1191 3421 qui
1228 3354 1346 3407 siue
1397 3351 1587 3408 labore
1629 3370 1739 3409 non
1776 3366 1954 3426 potest

380 3437 616 3491 extrahi.
669 3437 820 3497 Talis
847 3451 931 3497 est
956 3446 1122 3498 etiam
1176 3460 1418 3514 prasens
1448 3445 1578 3498 vita.
1627 3446 1762 3501 Cum
1803 3448 1951 3501 enim

380 3527 631 3582 dolorum
660 3539 713 3584 ct
742 3534 1115 3588 molestiarum
1160 3535 1460 3589 acerbitate
1495 3536 1697 3591 referta
1750 3539 1841 3603 sit,
1876 3540 1952 3592 la-

381 3618 545 3675 bores
578 3620 741 3675 habet
797 3625 887 3677 illa
950 3624 1169 3693 quidem
1199 3632 1253 3680 et
1297 3626 1553 3690 sudores,
1602 3643 1713 3681 non
1769 3637 1950 3683 tamen

382 3707 625 3773 inutiles,
665 3717 760 3763 aut
812 3710 1200 3779 infrugil‘eros,
1259 3712 1353 3766 sed
1415 3713 1507 3781 qui
1568 3713 1951 3768 absconditum

382 3795 620 3853 fructum
669 3799 926 3854 habeant.
970 3799 1338 3866 Quamobrem
1381 3804 1577 3858 beatus
1610 3805 1772 3858 etiam
1814 3806 1953 3858 Pau-

382 3891 506 3945 lus:
548 3909 567 3942 ι
632 3889 772 3954 Vita,
822 3890 1022 3959 inquit,
1076 3898 1268 3945 nostra
1313 3894 1639 3948 abscondita
1694 3906 1779 3951 est
1827 3914 1951 3950 cum

380 3980 605 4036 Christo
638 3981 693 4034 in
749 3980 859 4034 Deo
887 3999 899 4034 :
927 3996 1053 4035 cum
1109 3993 1289 4037 autem
1320 3983 1582 4041 Christus
1636 3990 1953 4057 apparuerit

382 4073 490 4126 vita
516 4080 729 4132 nostra,
770 4078 901 4123 tunc
927 4079 980 4124 et
1002 4087 1102 4127 nos
1128 4072 1379 4131 vivemus
1408 4078 1464 4131 in
1497 4078 1619 4147 ipso
1645 4078 1693 4131 ι.
1734 4097 1859 4131 ι--ι
1894 4079 1951 4133 In

384 4164 600 4215 hortum
634 4161 800 4228 igitur
830 4161 993 4217 nucis
1021 4161 1307 4230 descendi,
1351 4187 1370 4218 ι
1405 4150 1511 4223 hoc
1542 4181 1647 4234 est,
1698 4171 1752 4223 in
1783 4173 1952 4224 vitam

384 4252 697 4303 humanam.
740 4250 857 4305 Cur
887 4259 1070 4308 autem
1099 4255 1461 4324 descendisti,
1485 4276 1517 4314 ο
1543 4264 1794 4330 sponsa?
1834 4283 1850 4313 ι
1888 4261 1954 4316 Ut

383 4340 623 4393 viderem
673 4340 727 4394 in
775 4342 1117 4412 germinibus
1156 4350 1447 4404 torrentis.
1486 4370 1504 4402 ι
1549 4350 1765 4406 Rursus
1816 4368 1954 4422 prae-

2059 1872 2166 1926 6ῶν
2212 1872 2273 1926 τὸ
2325 1873 2598 1943 σύστημα,
2640 1873 2668 1926 6
2722 1873 2942 1945 νύμφην
2982 1874 3015 1944 ή
3069 1872 3186 1927 θεία
3232 1875 3639 1947 προσαγορεύει

2057 1966 2267 2039 Γραφὴ,
2315 1965 2390 2030 ὼς
2418 1967 2518 2018 ούκ
2552 1966 2846 2037 ἀρκοῦνται
2877 1970 2942 2038 τῇ
2977 1967 3186 2020 ἑαυτῶν
3218 1968 3483 2040 σωτηρίᾳ,
3513 1969 3639 2022 οὐδὲ

2055 2056 2303 2127 ἀποχρῆν
2330 2056 2588 2127 ἡγοῦνται
2606 2060 2665 2109 τδ
2685 2059 2835 2127 μόνοι
2862 2057 2957 2110 τοῦ
2980 2058 3435 2129 προσδοκωμένου
3452 2061 3637 2130 γάμου

2054 2151 2235 2218 τυχεῖν
2255 2166 2268 2179 θ
2302 2148 2439 2201 ἀλλά
2469 2151 2647 2203 πᾶσαν
2680 2149 3095 2218 συνεισφέρουσι
3127 2149 3459 2220 προθυμίαν,
3493 2149 3639 2204 ὥστε

2056 2239 2150 2293 καὶ
2180 2240 2305 2302 τοὺς
2338 2238 2528 2303 ἀλλους
2556 2239 2801 2304 ἅπαντας
2833 2240 3155 2312 ἀνθρώπους
3197 2241 3504 2306 ἀπαλλάξαι
3538 2243 3642 2313 μὲν

2054 2332 2153 2401 τῆς
2184 2331 2482 2401 ἀκαρπίας,
2528 2332 2785 2403 γονίμους
2815 2332 2872 2384 δὲ
2918 2333 3220 2402 ἀποφῆναι,
3257 2335 3352 2386 καὶ
3402 2333 3494 2387 τὸν
3538 2336 3641 2405 τῆς

2055 2423 2263 2493 ἀρετῆς
2299 2423 2554 2492 γεννῆσαι
2607 2423 2853 2493 καρπόν⁶
2913 2423 3215 2477 διδάσκει⁹⁸
3262 2424 3317 2476 δὲ
3349 2423 3425 2487 ὡς
3453 2425 3511 2476 ὲν
3556 2425 3640 2496 τῷ

2055 2512 2230 2566 ταῦτα
2259 2516 2452 2578 ποιεῖν,
2482 2514 2576 2566 καὶ
2608 2514 2704 2584 τὴν
2735 2514 3086 2568 διδασκαλίαν
3114 2516 3226 2577 τοῖς
3258 2514 3440 2577 ἄλλοις
3462 2531 3640 2586 προσ-

2054 2609 2242 2679 φέρειν
2278 2609 2609 2679 ἀνθρώποις,
2642 2609 2884 2680 ἅρμασιν
2928 2609 3227 2680 ’Λμιναδάϐ
3273 2608 3637 2679 περιέπεσαν,

2053 2701 2108 2771 ἢ,
2143 2701 2218 2763 ὼς
2255 2702 2283 2754 6
2333 2700 2627 2770 Σύμμαχος
2660 2703 3027 2772 ἡρμήνευσε-ιι,
3065 2721 3083 2753 ι
3115 2702 3322 2771 Ξτρμασι
3371 2699 3503 2752 λαοῦ
3539 2699 3639 2752 τοῦ

2053 2793 2376 2863 ἡγουμένου,
2407 2811 2425 2844 ι
2467 2792 2523 2863 ἢ,
2558 2793 2632 2857 ὡς
2662 2796 2689 2846 6
2716 2793 2964 2859 Ἀκύλας,
3006 2813 3023 2844 ι
3049 2793 3257 2864 ἅρμασι
3315 2791 3445 2845 λαοῦ
3474 2794 3639 2844 ἑκου-

2054 2882 2372 2952 σιαζομένου
2402 2884 2679 2953 ἄρχοντος.
2708 2902 2725 2934 θ
2782 2885 2973 2954 Κῆπον
3010 2884 3065 2937 δὲ
3114 2883 3323 2955 καρύας
3361 2882 3452 2935 τὸν
3490 2899 3640 2952 παρ-

2049 2974 2178 3028 όντα
2221 2974 2333 3044 βίον
2374 2973 2653 3039 καλοῦσιν,
2687 2975 2746 3038 ὃς
2795 2977 2991 3045 πικρός
3044 2978 3160 3027 ἐστι
3207 2975 3302 3027 καὶ
3337 2974 3636 3044 μοχθηρὸς,

2053 3064 2146 3119 καλ⁸
2174 3064 2450 3127 ἐπίπονος,
2488 3063 2599 3134 ἕχει
2630 3064 2683 3116 δὲ
2715 3064 2771 3116 ὲν
2802 3063 2978 3134 ἐαυτῷ
3002 3064 3091 3116 τὸν
3122 3065 3219 3134 τῆς
3255 3061 3459 3132 ἀρετῆς
3495 3079 3639 3131 κειρ-

2054 3160 2156 3210 πδν
2184 3156 2588 3228 κεκρυμμένον.
2619 3156 2725 3208 Καὶ
2758 3157 2865 3227 γὰρ
2892 3157 2986 3209 καὶ
3011 3157 3039 3207 6
3064 3156 3162 3224 τῆς
3185 3154 3394 3224 καρύας
3421 3154 3642 3224 καρπὸς

2052 3247 2114 3298 τὸ
2149 3246 2248 3315 μὲν
2279 3245 2540 3316 ἐξώτερον
2584 3246 2768 3315 λέμμα
2804 3244 3000 3314 πικρὸν
3031 3244 3165 3313 ἔχει,
3206 3245 3265 3296 τὸ
3294 3244 3351 3297 δὲ
3383 3244 3641 3314 δεύτερον

2056 3337 2288 3407 σκληρὸν
2322 3337 2414 3389 καὶ
2438 3337 2758 3389 ἀντίτυπον·
2796 3337 2857 3388 τὸ
2886 3336 2941 3387 δὲ
2982 3335 3261 3404 ἐδώδιμον,
3305 3332 3415 3388 οἷον
3455 3338 3515 3388 ὲν
3537 3335 3644 3388 θα·-

2053 3429 2210 3499 λάμῳ
2239 3428 2344 3480 τινὶ
2376 3428 2756 3496 ἀποκείμενον,
2806 3427 2897 3479 καὶ
2931 3428 3336 3497 κεκρυμμένον,
3380 3429 3473 3481 καὶ
3503 3430 3645 3482 ἀπό-

2054 3536 2158 3582 νως
2187 3519 2286 3571 οὐκ
2308 3518 2693 3588 ἐκφερόμενον.
2725 3518 2796 3568 To
2818 3517 2976 3579 οὗτος
3003 3518 3057 3569 δὲ
3092 3519 3187 3570 καὶ
3216 3522 3243 3572 ὀ
3275 3519 3463 3589 παρὼν
3498 3519 3643 3589 βίος,

2055 3610 2193 3681 ἔχων
2247 3610 2436 3674 ὀδύνας
2489 3611 2691 3679 πικράς
2732 3610 2825 3661 κλὶ
2873 3609 3069 3675 λύπας,
3125 3610 3262 3680 ἔχων
3295 3613 3491 3675 πόνους
3539 3616 3644 3666 καὶ

2058 3704 2307 3776 ἱδρῶτας,
2342 3704 2456 3756 ἀλλ’
2487 3704 2585 3757 ούκ
2610 3703 2854 3768 ἀγόνους,
2888 3704 3005 3755 οὐδὲ
3035 3705 3318 3774 ἀκάρπους
3338 3746 3351 3766 ,
3380 3722 3639 3775 κεκρυμ-

2058 3799 2217 3868 μένοι
2247 3796 2304 3849 δὲ
2350 3795 2683 3865 τὸνκαρπδν
2734 3794 2973 3864 ἔχοντας.
3024 3795 3116 3847 Διὸ
3163 3797 3255 3847 καὶ
3299 3798 3326 3848 6
3364 3798 3644 3866 μακάριος

2055 3884 2264 3947 Παῦλός
2298 3900 2500 3951 φησιν,
2548 3884 2631 3935 ὅτι
2670 3903 2689 3935 ι
2741 3883 2802 3935 ῚΙ
2852 3884 2964 3952 ζωὴ
3002 3884 3156 3955 ἡμῶν
3187 3884 3493 3954 κέκρυπται
3536 3888 3642 3940 σὺν

2055 3976 2135 4047 τῷ
2175 3976 2395 4047 Χριστῷ
2426 3977 2483 4028 ὲν
2525 3975 2604 4046 τῷ
2637 3975 2785 4046 Θεῷ·
2821 3977 2947 4030 ὅταν
2981 3976 3034 4029 δὲ
3085 3977 3315 4045 Χριστὸς
3344 3982 3642 4050 φανερωθῇ

2055 4072 2088 4139 ἡ
2122 4068 2234 4138 ζωὴ
2265 4068 2440 4139 ἡμῶν,
2469 4069 2585 4121 τότε
2612 4068 2705 4120 καὶ
2742 4070 2901 4138 ἡμεῖς
2929 4066 3205 4137 ζησόμεθα
3233 4069 3290 4121 ὲν
3324 4067 3491 4136 αύτῷ.
3538 4087 3647 4118 s—

2061 4178 2078 4210 ι
2116 4161 2209 4224 Et;
2241 4163 2415 4230 κῆπον
2458 4154 2549 4212 οὗν
2600 4158 2807 4228 καρύας
2840 4159 3115 4228 κατέϐην,
3168 4179 3186 4210 ι
3232 4160 3507 4212 τουτέστιν
3555 4164 3644 4226 εἰς

2004 4247 2011 4253 ’
2055 4254 2145 4305 τὸν
2199 4251 2538 4322 ἀνθρώπινον
2591 4250 2723 4319 βίον·
2778 4251 2889 4303 Κπὶ
2939 4251 2991 4302 τί
3033 4250 3290 4321 κατέδης’
3331 4246 3376 4304 ὦ
3410 4251 3641 4323 νύμφης

2063 4363 2080 4395 ι
2127 4345 2276 4397 Ἰδεῖν
2308 4346 2365 4397 ὲν
2388 4344 2721 4413 γεννήμασιν
2747 4340 2840 4394 τοῦ
2879 4341 3202 4411 χειμάρρου.
3243 4359 3260 4391 ι
3311 4343 3484 4395 Πάλιν
3517 4361 3643 4413 χει-

384 4430 559 4483 sentia
584 4433 700 4487 hate
727 4441 1025 4491 torrentem
1054 4439 1370 4507 appellavit.
1404 4442 1645 4499 Torrens
1669 4447 1813 4498 enim
1840 4461 1950 4499 non

2061 4439 2301 4511 μάρῤουν
2326 4436 2393 4489 τὰ
2423 4436 2664 4505 παρόντα
2686 4435 3126 4506 προσηγόρευσεν
3146 4450 3157 4463 ·
3184 4436 3244 4485 ού
3266 4434 3375 4504 γάρ
3410 4435 3644 4501 ἀένναος

380 4528 464 4574 est
502 4525 778 4591 perennis,
822 4525 918 4580 sed
950 4527 1125 4584 hieme
1161 4530 1381 4600 quidem
1429 4533 1571 4595 ﬂuit,
1603 4545 1793 4591 testate
1825 4553 1952 4591 vero

385 4613 552 4668 tluere
587 4615 811 4683 desinit,
840 4629 892 4674 et
921 4623 1144 4676 arescit.
1180 4622 1507 4693 ilujusmodi
1539 4636 1669 4682 sunt
1704 4646 1827 4699 qua:
1861 4631 1950 4700 ju-

380 4704 557 4757 cunda
594 4706 846 4762 videntur
878 4710 932 4764 in
963 4712 1063 4767 hac
1100 4714 1231 4767 vita.
1264 4714 1549 4774 Torrentis
1592 4721 1738 4775 enim
1776 4722 1954 4776 instar

383 4794 436 4847 in
478 4799 737 4865 prat'senti
784 4800 894 4853 vita
930 4808 1045 4856 tum
1102 4805 1297 4874 gloria,
1323 4815 1436 4861 tum
1474 4825 1628 4880 opes,
1698 4813 1951 4868 tum‘re-

380 4901 572 4954 gnum,
596 4896 710 4942 tum
749 4889 981 4957 delicias,
1018 4899 1182 4962 atque
1215 4896 1309 4949 alii
1356 4897 1585 4968 hujusce
1639 4902 1760 4957 vitae
1788 4902 1954 4959 ﬂores

375 4978 714 5037 dilabuntur.
762 4982 900 5039 Cum
964 4996 1145 5042 autem
1205 4994 1524 5061 apparuerit
1570 4997 1682 5049 vita
1741 4996 1949 5062 futura,

455 5160 476 5197 ι
500 5158 615 5212 Col.
650 5176 729 5226 Ill,
761 5162 814 5224 3,
845 5162 897 5215 4.

2055 4533 2083 4584 6
2118 4529 2472 4600 χειμάρρους,
2504 4527 2619 4587 ἀλλ’
2655 4530 2712 4580 ὲν
2742 4526 2970 4597 χειμῶνι
3013 4525 3112 4595 μὲν
3144 4526 3464 4595 φερόμενος,
3498 4529 3554 4579 ὲν
3581 4527 3643 4580 δὲ

2060 4624 2207 4693 θέρει
2253 4622 2434 4693 λήγων
2470 4622 2564 4673 καὶ
2606 4619 3014 4691 Εηραινόμενος.
3065 4617 3301 4669 Τοιαῦτα
3338 4617 3395 4670 δὲ
3440 4619 3507 4669 τά
3539 4619 3641 4670 τοῦ

2062 4715 2176 4786 βίου
2229 4713 2469 4784 τερπνάο
2518 4713 2609 4763 ἐπὶ
2662 4712 2758 4781 μὲν
2794 4711 2902 4780 γὰρ
2936 4709 3030 4761 τοῦ
3082 4709 3368 4779 παρόντος,
3410 4703 3521 4760 οἷόν
3548 4728 3641 4774 τις

2057 4808 2409 4879 χειμάρρους,
2434 4805 2527 4857 καὶ
2552 4801 2677 4867 δόξα
2707 4802 2955 4872 φέρεται,
2987 4801 3080 4854 καὶ
3114 4801 3359 4864 πλοῦτος,
3404 4803 3495 4853 καὶ
3543 4802 3644 4870 βα-

2061 4900 2256 4962 σιλεία,
2294 4899 2389 4951 καλ⁸
2427 4894 2626 4967 τρυφὴ,
2668 4894 2761 4945 καὶ
2790 4894 2837 4945 τ’
2882 4891 3015 4947 ἄλλα
3048 4892 3139 4944 τοῦ
3184 4892 3299 4962 βίου
3339 4892 3506 4961 άνθη·
3540 4893 3641 4946 τοῦ

2059 4991 2115 5045 δὲ
2159 4988 2442 5061 μέλλοντος
2496 4985 2610 5055 βίον
2644 4983 2922 5054 φανέντος,
2977 4982 3154 5053 φθίνει
3205 4984 3297 5037 καὶ
3329 4984 3504 5056 λήγει,
3547 4987 3644 5040 καὶ

1682 5318 1915 5374 VARUS
1950 5319 2353 5376 LECTIONES.

451 5425 499 5457 ’θ
525 5424 661 5479 (Συιί.
715 5424 1110 5495 θαυμάζουσιν.

1214 5427 1258 5458 ⁹¹
1303 5425 1437 5482 Cod.
1499 5428 1765 5499 ἀόριστον.

383 5498 427 5526 ’³
459 5495 587 5548 τῶν.
631 5497 801 5549 Abest
832 5512 860 5547 a
891 5498 1018 5550 cod.

1854 5432 1899 5462 "
1942 5432 2211 5502 ῥυθμίζει.
2270 5433 2323 5486 In
2377 5434 2499 5487 cod.
2548 5435 2800 5500 squitur
2855 5432 3128 5500 expositio
3166 5431 3328 5485 trium
3383 5428 3633 5502 Patrum.

1094 5499 1142 5570 ξδ’
1169 5499 1529 5570 iiiis/onem).
1570 5497 2277 5570 C(ul._Valic.'éﬁﬁvoqcav.
2328 5502 2527 5554 Nostra
2582 5497 2743 5555 lectio
2795 5497 3074 5555 consentit
3128 5518 3248 5555 cum
3300 5500 3424 5553 cod.
3475 5504 3632 5555 Alex.

383 5564 425 5598 ’³
454 5568 746 5640 ἐκεῖ-σοι..
766 5564 899 5640 lies:
928 5566 983 5640 in
1009 5567 1131 5620 cod.
1169 5564 1331 5640 Hebr.
1356 5564 1408 5621 et
1448 5569 1500 5640 in
1538 5569 1668 5623 edit.
1707 5564 2012 5638 Complutf
2040 5564 2104 5603 ’νδ
2142 5564 2397 5640 μαστούς.
2427 5572 2484 5625 In
2519 5582 2667 5624 textu
2697 5572 2804 5623 τῶν
2833 5578 2884 5624 0'
2922 5573 3173 5640 sequitur
3206 5587 3328 5640 μου.

3408 5572 3449 5601 ’⁷
3483 5573 3636 5622 ἔθετο

382 5662 447 5711 -έ
477 5636 792 5712 ᾏμιναδάόε
834 5635 1199 5712 _Hebr._quod
1243 5639 1494 5712 posuetit
1659 5635 2030 5710 constituerit)
2073 5635 2158 5695 me
2197 5656 2394 5695 currus
2440 5641 2627 5711 pupuli
2678 5643 2781 5696 mei
2830 5635 3070 5712 ingenui.
3117 5640 3257 5694 Edit.
3296 5638 3353 5692 ν.
3407 5638 3531 5692 ἒθου
3565 5655 3634 5709 p3

382 5706 457 5765 εἰς
488 5703 639 5772 ξιρμα
665 5705 788 5757 λαοὶ
824 5706 1152 5774 ἡγουμένου.
1232 5706 1276 5736 ν’
1313 5709 1444 5761 (ξοδ.
1477 5703 1807 5764 διδάσκουσι.
