3878 6204
218 352 290 420 181
1213 355 1295 418 IN
1333 356 1717 419 CANTICUM
1755 354 2043 421 CANTIC.
2082 362 2225 423 LIB.
2266 360 2358 424 ιν.
2462 358 2467 367 ’

3342 359 3442 423 132

218 465 441 525 παύεται,
469 464 639 532 δίκην
669 467 994 539 χειμάρρου.
1025 486 1044 519 ι
1074 468 1328 539 Κατέόην
1358 469 1555 534 τοίνυν,
1585 470 1771 539 φησὶν,

1885 482 2325 543 corrumpentur,
2383 482 2435 530 et
2470 472 2758 539 desinent,
2793 483 2850 529 et
2909 484 3167 541 tanquam
3203 479 3442 537 torrens,

219 560 279 619 είς
302 556 384 610 τὸν
408 556 511 625 τῆς
536 556 757 626 καρύας
793 558 989 628 κῆπον,
1027 557 1122 611 τοῦ
1156 558 1281 612 ἰδεῖν
1307 561 1365 613 ἐν
1393 563 1505 622 τοῖς
1531 559 1624 612 τοῦ
1657 576 1771 629 χει-

221 650 404 719 μάρρου
428 648 768 718 γεντιήμασι,
822 649 916 702 καὶ
972 650 1312 721 καταμαθεῖν
1377 650 1676 722 βουλομένη
1726 652 1775 704 εί

220 743 431 814 ἤνθησαν
463 743 523 794 αἱ
557 744 738 807 ῥοαί.)
758 743 912 812 Ἔχει
941 743 1049 814 γὰρ
1069 745 1097 797 ὁ
1130 743 1242 814 βίος
1269 744 1420 808 τινὰς
1452 744 1550 815 μὲν
1575 741 1777 813 ἀνθρώ-

219 851 329 895 πους
358 834 643 903 τροπικῶς
690 835 1472 906 ἀμπέλους“ὸνομαζομένους,
1521 836 1670 899 τινὰς
1719 835 1778 888 δὲ

222 926 326 995 ῥοὰς
362 924 508 977 κατὰ
558 924 628 977 τὰ
677 925 909 997 διάφορα
945 927 1045 996 τῆς
1095 927 1298 997 ἀρετῆς
1350 927 1775 1000 κατορθώματα.

219 1017 270 1069 υἱ
298 1017 390 1085 μὲν
425 1015 538 1085 γὰρ
566 1016 666 1086 τὴν
718 1018 939 1088 ἀγάπην
980 1017 1198 1085 φύουσι,
1251 1019 1344 1070 καὶ
1384 1019 1484 1088 τὴν
1526 1018 1778 1087 ὁμόνοιαν

218 1108 476 1174 ἀγαπῶσι,
525 1107 867 1177 συνημμένοι
918 1108 1059 1161 κατὰ
1088 1108 1148 1161 τὸ
1192 1108 1467 1179 φρόνημα,
1526 1106 1778 1176 καθάπερ

216 1197 298 1265 τῆς
329 1198 454 1265 ῥοᾶς
479 1198 531 1248 οἱ
564 1198 752 1249 κόκκοι
774 1213 789 1230 σ
829 1198 877 1250 oi
907 1197 965 1251 δέ
1005 1199 1100 1252 καὶ
1137 1195 1279 1253 οἶνον
1316 1196 1642 1269 γεωργοῦσι,
1668 1197 1777 1250 τῶν

218 1284 377 1354 ληνῶν
419 1284 573 1350 ἄξιον
612 1286 722 1339 τῶν
768 1287 1071 1358 πατρικῶν,
1122 1290 1188 1359 τῇ
1237 1289 1440 1359 θεωρία
1490 1286 1777 1359 προσέχειν

219 1377 621 1440 ἐσπουδακότες.
672 1378 989 1431 Κατάὸασιν
1027 1379 1083 1432 δὲ
1119 1378 1265 1447 λέγει
1299 1379 1398 1449 τὴν
1434 1379 1781 1446 συγκαταϐα-

218 1483 318 1520 σιν·
364 1470 460 1520 καὶ
493 1469 605 1539 γὰρ
644 1471 740 1522 καὶ
769 1472 799 1523 ὁ
835 1469 1106 1540 μακάριος
1154 1470 1362 1535 Παῦλος
1400 1471 1618 1535 ἐγένετο
1669 1471 1781 1531 τοῖς

216 1558 482 1613 ἀσθενέσιν
516 1559 591 1623 ὡς
630 1560 882 1631 ἀσθενὴς,
935 1561 1024 1614 ἵνα
1077 1564 1199 1625 τοὺς
1227 1561 1464 1625 ἀσθενεῖς
1516 1562 1778 1634 κερδήσῃο

218 1652 444 1714 καὶτοῖς
496 1652 721 1721 ἀνόμοις
768 1653 845 1715 ὼς
889 1652 1124 1724 ἄνομος,
1168 1653 1242 1724 μὴ
1283 1652 1359 1706 ὣν
1403 1654 1601 1724 ἄνομος
1637 1652 1778 1723 Θεῷ,

219 1740 318 1792 ἀλλ’
351 1739 577 1811 ἔννομος
611 1742 851 1812 Χριστῷ,
890 1743 980 1796 ῖνα
1013 1744 1253 1817 κερδήσῃ
1281 1745 1540 1816 ἀνόμους.
1582 1765 1600 1797 ι
1627 1748 1779 1799 Κατ-

218 1830 334 1899 έϐην
380 1832 583 1893 τοίνυν,
630 1832 829 1902 φησὶν,
874 1834 954 1897 είς
996 1833 1089 1886 τὸν
1136 1834 1236 1903 τῆς
1265 1836 1477 1905 καρύας
1520 1835 1718 1906 κῆπον,
1753 1854 1771 1885 ο
1813 1828 1855 1881 Β

221 1921 460 1991 σροντίδα
512 1922 809 1993 ποιουμένη
856 1922 964 1976 τῶν
1013 1923 1107 1977 τοῦ
1154 1927 1454 1996 χειμάρρου
1508 1925 1781 1995 γεννημά-

220 2030 337 2075 των,
372 2014 467 2066 καὶ
504 2014 614 2066 τῶν
647 2015 749 2084 τῆς
780 2014 1026 2085 ἀμπέλου
1072 2016 1166 2069 καί⁵
1209 2018 1337 2087 ῥοᾶς
1378 2016 1629 2088 καρπῶν.
1668 2017 1781 2069 Οὐκ

222 2106 475 2176 ἀφέξομαι
517 2124 646 2175 σου,
690 2107 814 2160 ούδέ
860 2110 1008 2161 ἐκεῖο
1057 2108 1172 2162 ἀλλ’
1202 2129 1221 2162 ι
1282 2109 1484 2180 Ὀρέξω
1536 2126 1617 2162 σοι
1654 2110 1780 2174 τοὺς

225 2196 445 2263 μαστούς
478 2214 603 2267 μου,
647 2216 666 2248 ι
698 2197 968 2263 τουτέστι,
1009 2199 1139 2262 τοὺς
1169 2200 1268 2267 τῆς
1299 2200 1645 2262 διδασκαλίας
1680 2215 1780 2270 μου

224 2290 486 2355 κρουνούς.
526 2289 837 2343 Οίκειοῦσαι
865 2290 972 2359 γὰρ
1007 2291 1077 2343 τὰ
1114 2293 1193 2354 εἰς
1231 2292 1472 2354 ἐκείνους
1502 2292 1781 2361 γινόμενα,

223 2381 309 2432 καὶ
334 2381 539 2449 λέγεις·
576 2399 598 2432 ι
658 2382 884 2450 Ἐφόσον
939 2384 1233 2452 ἐποιήσατε
1275 2385 1357 2437 ἐνὶ
1403 2383 1514 2437 τῶν
1573 2382 1782 2453 μικρῶν

224 2469 412 2524 τούτων
450 2472 563 2525 τῶν
609 2473 929 2542 ἐλαχίστων.
980 2474 1102 2543 ἐμοὶ
1150 2475 1462 2545 ἐποιήσατε,
1509 2493 1525 2525 ι
1561 2474 1783 2538 Τούτοις

224 2561 461 2630 ἐπιφέρει
481 2576 496 2589 ⁸
535 2580 553 2612 ι
584 2563 698 2615 Οὐκ
727 2562 922 2633 ἕγνωὴ
952 2563 1093 2633 ψυχή
1129 2581 1250 2634 μου,
1284 2564 1433 2617 ἔθετό
1465 2581 1530 2633 με
1565 2564 1785 2634 ἅρματα

239 2650 537 2721 Ἀμιναδάϐ.
577 2672 597 2704 ›
649 2655 992 2726 Σαφέστερον
1020 2655 1177 2709 τοῦτο
1219 2657 1247 2707 ὁ
1282 2656 1577 2725 Σύμμαχος
1606 2656 1786 2727 ἡρμή-

228 2757 422 2805 νευσεν,
470 2743 709 2814 εἰρηκώς
734 2761 748 2777 ν
799 2764 818 2796 ι
886 2746 949 2798 Ἦ
976 2746 1121 2815 ψυχή
1170 2763 1272 2816 μου
1302 2746 1551 2816 ἡπόρησέ
1583 2764 1649 2816 με
1678 2745 1786 2797 ἀπὸ

230 2830 475 2900 ἁρμάτων
503 2833 548 2865 ”
593 2833 725 2888 λαοῦ
750 2836 767 2866 ¹
820 2837 1144 2904 ἡγουμένου.
1179 2854 1197 2885 ι
1235 2835 1416 2888 Ταῦτα
1468 2836 1598 2906 γὰρ,
1628 2835 1784 2905 φησὶ,

233 2922 440 2977 ποιοῦσα
477 2927 534 2978 ἐν
557 2926 762 2996 ἀπορίᾳ
799 2927 1019 2997 γίνομαι
1040 2931 1083 2994 ⁸,
1116 2927 1212 2981 καὶ
1254 2928 1530 2995 ἐκστάσει,
1562 2929 1643 2981 ὅτι
1674 2927 1786 2996 ἐγὼ

238 3012 329 3077 μὲν
368 3014 540 3079 αὐτοῖς
588 3017 1133 3090 ἐπῳγματευσάμην
1191 3020 1499 3089 σωτηρίαν·
1534 3021 1688 3073 αὐτοὶ
1730 3021 1788 3073 δὲ

235 3105 471 3160 ἐπέθεντό
492 3126 603 3178 μοι,
634 3109 712 3179 τῷ
755 3110 1149 3180 στρατηγοῦντι
1188 3112 1419 3182 διαϐόλῳ
1452 3113 1784 3182 πειθόμενοι,

236 3199 324 3251 καὶ
339 3201 486 3254 οἱονεὶ
516 3202 736 3272 ἅρματα
765 3204 977 3256 ἐκείνου
1007 3205 1302 3274 γινόμενοι,
1334 3206 1430 3258 καὶ
1458 3206 1551 3258 ὑπ’
1576 3206 1784 3258 ἐκείνου

238 3289 585 3360 ἡνιοχούμενοι
608 3310 622 3322 ’
655 3293 716 3346 τὸ
746 3293 855 3364 γὰρ
895 3294 1188 3364 Ἀμιναδὰό
1229 3296 1361 3349 λαοῦ
1392 3298 1718 3368 ἡγουμένου,
1750 3299 1783 3368 ἢ

238 3378 356 3434 λαοῦ
382 3384 631 3453 ἄρχοντος
655 3385 1040 3455 ἑρμηνεύεται.
1066 3388 1174 3439 Καὶ
1197 3388 1353 3441 τοῦτο
1375 3389 1520 3442 ἐστιν
1546 3389 1787 3459 ἀκριϐῶς

240 3476 365 3527 νοεῖν
383 3476 422 3540 ³,
450 3476 512 3529 ἐκ
547 3493 608 3530 τε
649 3476 746 3530 τοῦ
806 3478 1009 3532 Ἀκύλα
1051 3479 1148 3531 κα)⁹
1194 3479 1290 3533 τοῦ
1339 3483 1658 3552 Συμμάχου,
1692 3483 1788 3536 καὶ

244 3564 331 3633 τῆς
350 3567 587 3638 πέμπτης
614 3569 880 3632 ἐκδόσεως
905 3586 919 3599 ·
958 3569 1105 3638 λέγει
1138 3572 1318 3625 τοίνυν
1340 3574 1373 3641 ἠ
1405 3572 1612 3643 νύμφη,
1636 3591 1789 3627 τουτ-

245 3653 374 3708 έστιν
390 3658 416 3709 ὁ
440 3658 542 3710 τῶν
564 3661 622 3712 ἐν
644 3661 810 3731 ἀρετῇ
830 3661 1263 3731 τετελειωμένων
1290 3664 1466 3734 χορὸς,
1493 3665 1574 3717 ὅτι
1599 3664 1789 3734 Ἡμεῖς

250 3746 334 3813 μὲν
362 3751 521 3802 πᾶσαν
556 3751 858 3821 ποιούμεθα
902 3752 1010 3806 τῶν
1045 3755 1289 3807 ἀπίστων
1330 3756 1605 3826 φροντίδα,
1652 3775 1788 3811 παν-

245 3838 442 3906 ταχόθεν
495 3842 676 3906 αὐτοῖς
740 3842 961 3913 πορίσαι
1025 3843 1299 3916 σωτηρίαν
1368 3845 1783 3917 μηχανώμενοι·

246 3928 372 3991 τινὲς
402 3930 452 3983 δὲ
472 3932 665 3997 αὐτῶν,
703 3935 866 3987 οἱονεὶ
902 3936 1123 4006 ἅρματα
1157 3936 1437 4007 γενόμενοι
1465 3938 1561 3991 τού
1592 3940 1789 4009 ἄρχον-

246 4034 327 4081 τος
348 4019 428 4073 τοῦ
454 4024 644 4087 αἰῶνος
686 4025 903 4091 τούτου,
940 4026 1034 4079 τοῦ
1073 4027 1169 4081 νῦν
1210 4029 1557 4100 ἐνεργοῦντος
1592 4032 1648 4083 ἐν
1679 4033 1788 4093 τοῖς

249 4109 365 4172 nisi;
405 4112 499 4180 τῆς
547 4113 863 4180 ἀπειθείας,
904 4116 1047 4169 κατὰ
1095 4117 1186 4170 τὸν
1239 4119 1507 4188 μακάριον
1557 4118 1784 4183 Παῦλον,

252 4199 472 4255 ἐπέθεντό
517 4222 627 4273 μοι,
674 4206 824 4260 κακὰ
872 4207 995 4261 ἀντὶ
1028 4208 1245 4275 ἀγαθῶν
1275 4210 1630 4273 ἀποδιδόντες.
1681 4211 1789 4263 Καὶ

251 4289 384 4345 τοῦτο
408 4293 513 4348 ἐστι
538 4296 724 4365 σαφῶς
756 4298 960 4366 εὑρεῖν,
993 4299 1087 4352 καὶ
1134 4302 1192 4353 ἐν
1238 4304 1360 4364 ταῖς
1388 4302 1655 4372 Πράξεοιν
1681 4301 1789 4355 τῶν

252 4379 546 4449 ἀποστόλων,
577 4387 672 4439 καὶ
706 4389 765 4440 ἐν
789 4390 914 4451 ταῖς
943 4388 1036 4442 τοῦ
1083 4392 1349 4461 μακαρίου
1388 4393 1600 4445 Παύλου
1640 4395 1788 4446 Ἐπι-

1876 572 2164 620 cessantes
2189 574 2533 620 exarescent.
2567 582 2587 615 ι
2619 562 2886 620 Descendi
2916 562 3104 634 igitur,
3152 562 3355 631 inquit,
3387 563 3443 615 in

1875 655 2036 708 nucis
2062 658 2306 720 hortum,
2344 667 2404 711 ut
2433 656 2671 711 viderem
2704 656 2759 710 in
2792 653 3058 710 torrentis
3082 652 3439 725 germinibus.

1874 751 1931 799 et
1956 755 2015 801 ut
2036 747 2549 813 animadverteram,
2579 763 2645 801 an
2677 747 2815 802 mala
2842 747 3038 817 punica
3055 746 3387 800 ﬂoruissent.
3423 762 3442 795 ο

1877 840 1936 895 In
1964 841 2067 895 hac
2103 843 2249 897 enim
2290 841 2423 909 vita,
2466 858 2531 897 ex
2561 842 2733 897 variis
2774 842 3037 895 virtutum
3067 840 3260 897 oﬁiciis
3282 879 3296 901 ,
3326 836 3449 907 qui-

1877 932 2003 987 dam
2029 934 2281 990 homines
2310 951 2405 1005 per
2434 936 2859 990 translationem
2896 934 3059 997 vites,
3101 931 3321 1002 quidam
3352 945 3449 983 au-

1877 1033 1989 1081 tem
2022 1026 2162 1080 mala
2201 1029 2399 1097 punica
2428 1028 2803 1082 nominantur.
2833 1025 2970 1079 Nam
3005 1026 3095 1079 alii
3127 1025 3449 1079 cliarilatem

1877 1117 2067 1170 colunt
2106 1127 2158 1171 et
2199 1117 2555 1172 concordiam
2588 1117 2847 1187 diligunt,
2890 1116 3050 1188 136
3081 1116 3247 1169 animi
3284 1128 3450 1169 sensu

1879 1206 1961 1262 sic
1987 1207 2131 1262 inter
2161 1224 2221 1263 se
2250 1207 2555 1275 conjuncti,
2590 1218 2649 1261 ut
2702 1208 2830 1261 mali
2868 1207 3052 1276 punici
3088 1221 3257 1278 grana
3320 1219 3453 1258 con-

1873 1300 2214 1371 iunguntur.
2279 1301 2383 1354 Alii
2425 1308 2605 1354 autem
2663 1308 2924 1356 vacantes
2966 1296 3448 1369 contemplationi,

1879 1392 2069 1446 vinum
2102 1393 2297 1463 patriis
2334 1392 2713 1447 torcularibus
2735 1392 2961 1463 dignum
2990 1390 3191 1445 ferunt.
3227 1387 3455 1442 Descen-

1881 1484 2013 1539 dere
2043 1494 2224 1538 autem
2259 1499 2318 1539 se
2341 1483 2498 1548 dicit,
2549 1483 2811 1552 quoniam
2850 1484 3079 1537 aliorum
3135 1491 3342 1535 natura:
3398 1488 3453 1532 et

1879 1575 2132 1630 moribus
2162 1591 2221 1629 se
2245 1573 2648 1629 accommodat.
2680 1572 3138 1643 Quandoquidem
3174 1581 3227 1626 et
3263 1571 3453 1625 beatus

1882 1665 2089 1721 Paulus
2115 1666 2279 1721 ﬁebat
2299 1664 2532 1720 inﬁrmis
2547 1670 2811 1734 tanquam
2835 1664 3107 1728 inﬁrmus,
3127 1672 3184 1716 ut
3209 1660 3454 1714 inﬁrmos

1880 1757 2272 1813 lucrifaceret:
2308 1770 2363 1814 et
2398 1760 2467 1815 iis
2504 1759 2598 1831 qui
2657 1759 2778 1814 sine
2822 1757 2942 1826 lege
2968 1762 3147 1818 erant,
3194 1763 3452 1822 tanquam

1882 1851 2001 1904 sine
2053 1849 2169 1917 lege
2210 1858 2377 1916 esset,
2412 1867 2538 1906 cum
2584 1862 2764 1905 tamen
2793 1848 2936 1918 apud
2971 1846 3136 1901 Deum
3166 1861 3275 1899 non
3306 1849 3463 1897 esset

1882 1941 2001 1996 sine
2029 1940 2172 2010 lege,
2195 1940 2291 1995 sed
2320 1943 2374 1996 in
2406 1943 2529 2012 lege
2556 1949 2703 1997 esset
2731 1941 2973 2004 Christo,
3004 1946 3059 1991 ut
3088 1954 3187 1993 eos
3211 1936 3305 2005 qui
3336 1935 3461 1989 sine

1881 2031 2000 2100 lege
2027 2040 2184 2086 erant
2226 2032 2575 2087 Iucrifaceret
2600 2029 2647 2089 ³.
2673 2051 2691 2082 ι
2735 2030 3002 2085 Descendi
3032 2043 3187 2099 ergo,
3252 2025 3452 2095 inquit;

1882 2122 1937 2175 in
1961 2122 2119 2177 nucis
2152 2122 2392 2188 hortmn,
2433 2143 2451 2175 ι
2486 2123 2750 2177 torrentis
2773 2121 3102 2191 germinum,
3134 2125 3188 2172 et
3222 2116 3373 2179 vitis,
3401 2120 3456 2166 et

1882 2212 2011 2265 mali
2057 2212 2270 2283 punicae
2300 2212 2576 2267 fructuum
2601 2228 2792 2267 curam
2819 2226 3037 2279 gerens.
3064 2208 3180 2262 Non
3205 2205 3452 2262 recedam

1883 2318 1913 2357 a
1942 2313 2016 2367 te,
2044 2319 2113 2358 ne
2147 2304 2220 2358 ibi
2248 2304 2512 2374 quidem:
2547 2303 2642 2359 sed
2683 2321 2702 2354 ι
2740 2302 2889 2356 Dabo
2926 2301 3025 2355 tibi
3059 2301 3228 2354 ubera
3253 2312 3393 2360 mea,
3431 2313 3450 2345 ι

1886 2395 1991 2448 hoc.
2021 2402 2124 2462 est,
2167 2396 2437 2451 doctrina:
2470 2411 2606 2451 mea
2646 2395 2849 2450 fontes.
2880 2395 3013 2459 Quae
3040 2392 3185 2447 enim
3216 2390 3323 2443 illis
3353 2387 3455 2441 tri-

1886 2486 2155 2553 buuntur,
2188 2503 2251 2540 ea
2288 2489 2342 2541 in
2382 2496 2434 2541 te
2464 2486 2710 2541 conferri
2742 2493 2948 2556 putas:
2986 2482 3342 2547 (Quantum,
3372 2479 3456 2531 in-

1886 2578 2105 2646 quiens,
2137 2577 2350 2633 fecistis
2381 2578 2473 2632 nni
2512 2594 2578 2633 ex
2636 2578 2822 2648 parvis
2865 2575 2986 2630 istis
3024 2573 3295 2633 minimis,
3325 2567 3454 2623 milii

1888 2669 2099 2725 fecistis
2121 2680 2182 2723 '.
2214 2690 2234 2721 ι
2272 2669 2367 2725 llis
2388 2669 2656 2738 subjicit:
2688 2688 2713 2720 ι
2742 2667 2859 2723 Non
2893 2665 3263 2721 novit-anima
3295 2675 3413 2715 mea
3439 2679 3450 2712 :

1888 2758 2073 2827 posuit
2097 2773 2183 2813 me
2226 2773 2424 2813 currus
2456 2759 2784 2812 Aminadab.
2830 2775 2849 2808 ι
2883 2755 3101 2810 Clarius
3155 2753 3309 2807 vertit
3354 2750 3456 2803 hoc

1888 2847 2275 2920 Symmachus,
2307 2848 2521 2912 dicens,
2579 2866 2599 2899 ι
2667 2849 2858 2902 Anima
2906 2862 3030 2901 mea
3059 2846 3285 2901 dubium
3330 2842 3457 2897 fecit

1888 2953 1972 2990 me
2003 2952 2032 2990 a
2061 2937 2321 2991 curribus
2350 2937 2536 3006 populi
2560 2936 2835 2991 ducentis.
2873 2954 2893 2987 ι
2923 2934 3070 3001 llaec,
3099 2933 3296 3002 inquit,
3328 2930 3456 2984 dum

1889 3026 2054 3090 facio,
2093 3028 2308 3088 dubito,
2338 3035 2393 3081 et
2420 3027 2773 3095 obstupesco,
2800 3026 3057 3095 quoniam
3087 3038 3187 3093 ego
3216 3021 3459 3076 studiose

1890 3132 2109 3186 operam
2136 3115 2260 3170 dedi
2296 3122 2354 3168 ut
2402 3116 2540 3171 salvi
2572 3115 2804 3170 ﬁerent:
2846 3114 2948 3184 ipsi
2982 3122 3160 3167 autem
3197 3113 3457 3179 impetum

1891 3208 1946 3263 in
1995 3222 2082 3261 tne
2123 3204 2396 3269 fecerunt,
2445 3206 2573 3259 dum
2608 3214 2802 3274 parent
2860 3204 3092 3273 imperio
3143 3200 3370 3262 diaboli,
3407 3207 3461 3252 et

1892 3310 2153 3369 tanquam
2198 3314 2397 3353 currus
2435 3299 2584 3353 illius
2614 3296 2771 3361 ﬁunt,
2829 3304 2994 3365 atque
3048 3293 3117 3346 at)
3152 3307 3217 3346 eo
3258 3291 3459 3361 guber-

1890 3402 2115 3448 nantur.
2143 3391 2445 3447 Aminadab
2466 3393 2610 3445 enim
2645 3388 2945 3459 signiﬁcat,
2975 3386 3159 3457 populi
3181 3385 3456 3445 ducentis.

1890 3494 1984 3539 aut
2022 3484 2211 3554 populi
2251 3483 2576 3552 imperantis
2604 3500 2618 3535 :
2646 3480 2793 3550 quod
2824 3479 2982 3533 facile
3006 3479 3132 3532 licet
3157 3475 3461 3545 intelligere

1888 3592 1955 3632 ex
2016 3574 2471 3644 interpretatione
2532 3573 2766 3642 Aquilae,
2793 3579 2850 3626 et
2902 3566 3244 3641 Symmachi,
3297 3573 3350 3619 et
3392 3580 3454 3619 ex

1889 3667 2085 3737 quinta
2109 3665 2376 3720 editione.
2416 3665 2629 3733 Sponsa
2658 3664 2849 3733 igitur,
2892 3660 2949 3714 id
2990 3666 3095 3723 est,
3139 3672 3327 3712 eorum
3366 3655 3457 3724 qui

1889 3759 2096 3812 virtute
2133 3755 2362 3826 perfecti
2400 3763 2529 3810 sunt
2569 3756 2810 3820 chorus,
2848 3751 2987 3816 Nos,
3043 3751 3257 3820 inquit,
3299 3762 3460 3802 omne

1898 3848 2054 3918 137
2084 3847 2326 3903 studium
2361 3856 2414 3899 et
2448 3861 2637 3899 curam
2671 3843 3043 3908 adhibuimus,
3087 3848 3146 3894 ιιι
3193 3838 3458 3895 increduli

1890 3938 1958 3991 ad
2000 3938 2158 3992 ﬁdem
2210 3934 2541 3991 accederent
2584 3943 2637 3988 et
2682 3933 2916 3987 salutem
2965 3934 3453 3999 ent‘isequerentur.

1893 4029 1997 4084 Sed
2053 4028 2277 4097 quidam
2337 4040 2569 4089 eorum,
2618 4031 2876 4093 tanquam
2926 4036 3125 4075 currus
3196 4017 3456 4087 principis

1891 4118 2076 4175 saeculi
2135 4116 2320 4179 istius,
2375 4116 2469 4185 qui
2514 4128 2661 4168 nunc
2689 4151 2703 4176 ,
2748 4121 2808 4166 ut
2850 4114 3042 4167 beatus
3091 4108 3296 4162 Paulus
3346 4109 3455 4169 ait,

1889 4218 2152 4280 Operatur
2190 4210 2247 4263 in
2283 4208 2410 4263 ﬁliis
2456 4205 2841 4262 inobedientias
2862 4214 2911 4266 ιι,
2963 4203 3103 4257 mala
3156 4216 3257 4270 pro
3301 4201 3459 4254 bonis

1891 4300 2282 4363 retribuentes,
2334 4298 2594 4367 impetum
2628 4296 2681 4350 in
2717 4288 2830 4351 me'
2854 4294 3120 4349 fecerunt.
3150 4291 3304 4356 Quod
3333 4293 3453 4358 qui-

1891 4392 2012 4446 dem
2066 4390 2358 4460 perspicue
2418 4402 2714 4458 possumus
2752 4386 3018 4446 invenire,
3068 4390 3185 4435 tum
3223 4383 3275 4433 in
3309 4379 3459 4432 Actis
3531 4372 3539 4382 ’

254 4472 433 4537 στολαῖς
458 4476 492 4530 ⁸.
515 4479 891 4549 Κηρύττοντες
923 4480 1034 4552 γὰρ
1060 4483 1158 4551 τῆς
1184 4484 1463 4547 εὐσεϐείας
1488 4485 1580 4538 τὸν
1608 4486 1783 4554 λόγον,

1894 4484 2290 4555 apostolorum,
2329 4491 2441 4534 tum
2477 4482 2529 4533 in
2567 4479 2710 4533 beati
2746 4475 2901 4529 Pauli
2926 4472 3204 4542 Epistolis.
3236 4470 3460 4524 Pietatis

251 4562 359 4627 τοὺς
396 4568 486 4634 μὲν
522 4568 736 4623 ἔπειθον
771 4570 1069 4635 πιστεύειν,
1115 4572 1219 4625 ὑπὸ
1279 4574 1341 4627 δὲ
1386 4575 1495 4627 τῶν
1542 4576 1785 4629 ἀπίστων

255 4652 587 4724 ἐξηλαύνοντο,
623 4661 895 4731 ᾐκίζοντο.
930 4663 1331 4734 ἐστρεϐλοῦντοι
1376 4667 1584 4737 μυρίων
1619 4667 1785 4721 θανά“

251 4759 339 4797 των
362 4748 614 4819 ὑπέμενον
644 4752 757 4822 εἴδη
780 4768 792 4781 ·
830 4753 926 4806 καὶ
966 4754 1170 4824 μάρτυς
1201 4757 1229 4808 ὁ
1269 4756 1534 4825 μακάριος
1579 4756 1788 4820 Παῦλος

251 4831 421 4901 λέγων·
456 4860 474 4892 ι
515 4842 601 4894 Ἐν
626 4843 819 4906 κόποις
842 4844 1266 4914 περισσοτέρως,
1286 4846 1343 4897 ἐν
1365 4846 1596 4914 πληγαῖς
1624 4847 1788 4916 ὑπερ-

252 4925 538 4999 ϐαλλόντως,
584 4936 642 4986 ἐν
674 4935 948 5003 φυλακαῖς
997 4938 1418 5009 περισσοτέρως,
1454 4938 1510 4989 ἐν
1538 4936 1787 4999 θανάτοις

252 5020 494 5085 πολλάκις,
528 5026 789 5090 πεντάκις
818 5028 1225 5097 τεσσαράκοντα
1242 5029 1390 5099 παρᾶ
1415 5030 1543 5099 μίαν
1572 5028 1784 5090 ἔλαϐον,

250 5110 345 5178 τρὶς
370 5114 742 5186 ὲρῤαϐδίσθην,
772 5116 921 5182 ἅπαξ
955 5117 1262 5189 ἐλιθάσθην,
1296 5120 1414 5188 τρὶς
1437 5119 1746 5189 ἐναυάγησα
1768 5158 1783 5181 ,

246 5202 544 5277 νυχθήμερον
567 5207 724 5279 ἐντῷ
759 5207 910 5277 βυθῷ
941 5209 1248 5280 πεποίηκα·
1300 5210 1629 5280 ὁδοιπορίαις
1660 5210 1788 5262 πολ-

302 5378 497 5441 lICor.
526 5401 603 5450 Ix,
638 5385 734 5450 21,
766 5384 858 5438 2‘2.
952 5395 987 5417 "
1016 5384 1206 5439 Matth.
1248 5402 1375 5453 xxv,
1413 5387 1496 5439 είΟ.

1889 4576 2038 4630 enim
2075 4587 2388 4629 sermonem
2425 4568 2862 4639 promulgantes,
2893 4565 3015 4618 aliis
3061 4562 3279 4632 quidem
3331 4577 3457 4631 per-

1893 4666 2201 4720 suadebunt
2240 4672 2299 4717 ut
2327 4660 2660 4715 crederent:
2703 4657 2775 4711 ab
2806 4654 3108 4709 incredulis
3146 4662 3324 4706 autem
3360 4651 3461 4720 eji-

1893 4758 2198 4819 ciebantnr,
2234 4754 2554 4814 urebantur,
2582 4749 2998 4818 torquebantur,
3036 4762 3099 4802 ac
3140 4747 3457 4800 innumera-

1894 4846 2022 4900 bilia
2052 4845 2244 4899 mortis
2284 4856 2481 4912 genera
2518 4838 2884 4894 sustinebant.
2926 4837 3005 4891 Ac
3055 4836 3214 4891 testis
3243 4833 3463 4905 quidem

1895 4937 2090 4989 beatus
2130 4944 2214 4987 est
2254 4931 2477 4996 Paulus,
2549 4948 2567 4980 ι
2597 4926 2654 4981 1η
2690 4928 2993 4991 laboribus,
3038 4927 3316 4995 inquiens,
3343 4925 3465 4993 pln-

1893 5027 2069 5090 rimis,
2096 5025 2149 5078 in
2175 5024 2347 5094 plagis
2383 5038 2549 5092 supra
2576 5020 2819 5086 modum,
2854 5019 2911 5073 in
2941 5019 3260 5073 carceribus
3291 5018 3464 5069 almu-

1894 5117 2134 5182 dantius,
2191 5119 2243 5169 in
2293 5116 2565 5169 mortibus
2602 5113 2965 5182 frequenter:
3002 5110 3298 5179 quinquies
3334 5120 3464 5175 qua-

1897 5212 2171 5280 dragenas
2192 5223 2299 5262 una
2330 5208 2513 5263 minus
2552 5207 2761 5277 accepi,
2799 5214 2881 5260 ter
2917 5204 3086 5274 virgis
3109 5216 3284 5257 cassus
3316 5208 3460 5261 sunt,

1576 5398 1600 5423 ιι
1630 5386 1831 5456 Ephes.
1866 5403 1924 5448 ll,
1956 5388 2010 5439 2.

1519 5539 1746 5593 VARle
1782 5539 2186 5594 LECTIONES.

300 5673 786 5748 "eﬁtappazm.
817 5677 1032 5735 Mos'rr.
1064 5678 1119 5732 in
1149 5676 1408 5745 Hexaplis
1448 5676 1511 5729 ad
1547 5678 1600 5748 li.
1639 5676 2115 5748 1.1ιιιὶ»οιμᾶρ;).ασι.
2163 5676 2174 5705 ⁸
2206 5673 2355 5726 λαοῦ.
2380 5672 2514 5725 Cod.
2549 5686 2734 5742 praznt.
2774 5667 2884 5721 τοῦ.
2965 5669 2982 5696 ¹
3006 5664 3134 5719 (Σοιιι
3172 5678 3230 5729 τε

246 5742 423 5801 Hosti.
462 5742 594 5804 Cod:
630 5748 847 5821 μαθεῖν.
927 5749 950 5782 ⁸
981 5749 1157 5802 καὶ-
1178 5742 1505 5810 ἐπιστολαῖς.
1554 5745 1672 5800 Des.
1705 5747 1757 5799 in
1780 5745 1902 5799 cod.
