  <div class='ocr_page' id='page_1' title='image "/cluster/home/n/w/nwhite01/storage/ocr_20150623/81/mdp.39015078384339/1000.png"; bbox 0 0 3956 6202; ppageno 0'>
   <div class='ocr_carea' id='block_1_1' title="bbox 272 244 405 315">
    <p class='ocr_par' dir='ltr' id='par_1_1' title="bbox 272 244 405 315">
     <span class='ocr_line' id='line_1_1' title="bbox 272 244 405 315; baseline -0.023 0"><span class='ocrx_word' id='word_1_1' title='bbox 272 244 405 315; x_wconf 78' lang='grc'><strong>189⁸1</strong></span> 
     </span>
    </p>
   </div>
   <div class='ocr_carea' id='block_1_2' title="bbox 365 350 1315 414">
    <p class='ocr_par' dir='ltr' id='par_1_2' title="bbox 365 350 1315 414">
     <span class='ocr_line' id='line_1_2' title="bbox 365 350 1315 414; baseline -0.011 0"><span class='ocrx_word' id='word_1_2' title='bbox 365 401 388 414; x_wconf 87' lang='lat'><strong>.</strong></span> <span class='ocrx_word' id='word_1_3' title='bbox 804 350 1197 407; x_wconf 74' lang='grc' dir='ltr'><strong>ΚΕΦΑΛΑΙΟΝ</strong></span> <span class='ocrx_word' id='word_1_4' title='bbox 1241 353 1315 404; x_wconf 84' lang='grc' dir='ltr'><strong>Δ’.</strong></span> 
     </span>
    </p>
   </div>
   <div class='ocr_carea' id='block_1_3' title="bbox 341 443 1850 518">
    <p class='ocr_par' dir='ltr' id='par_1_3' title="bbox 341 443 1850 518">
     <span class='ocr_line' id='line_1_3' title="bbox 341 443 1850 518; baseline -0.004 -16"><span class='ocrx_word' id='word_1_5' title='bbox 341 444 834 518; x_wconf 83' lang='grc' dir='ltr'>α’-γ’.[Ιροσελθὼν,</span> <span class='ocrx_word' id='word_1_6' title='bbox 854 445 1040 516; x_wconf 82' lang='grc' dir='ltr'>φησὶν,</span> <span class='ocrx_word' id='word_1_7' title='bbox 1054 444 1302 516; x_wconf 81' lang='grc' dir='ltr'>ἐξήγειρέ</span> <span class='ocrx_word' id='word_1_8' title='bbox 1325 460 1412 514; x_wconf 85' lang='grc' dir='ltr'><strong>με,</strong></span> <span class='ocrx_word' id='word_1_9' title='bbox 1425 443 1485 498; x_wconf 73' lang='grc' dir='ltr'>ὃν</span> <span class='ocrx_word' id='word_1_10' title='bbox 1501 443 1702 515; x_wconf 80' lang='grc' dir='ltr'>τρόπον</span> <span class='ocrx_word' id='word_1_11' title='bbox 1720 443 1850 497; x_wconf 79' lang='grc' dir='ltr'>ὅταν</span> 
     </span>
    </p>
   </div>
   <div class='ocr_carea' id='block_1_4' title="bbox 269 532 1848 611">
    <p class='ocr_par' dir='ltr' id='par_1_4' title="bbox 269 532 1848 611">
     <span class='ocr_line' id='line_1_4' title="bbox 269 532 1848 611; baseline -0.004 -17"><span class='ocrx_word' id='word_1_12' title='bbox 269 539 532 611; x_wconf 82' lang='grc' dir='ltr'>ἐξεγερθῇ</span> <span class='ocrx_word' id='word_1_13' title='bbox 572 537 858 609; x_wconf 77' lang='grc' dir='ltr'>ἄνθρωπος</span> <span class='ocrx_word' id='word_1_14' title='bbox 887 537 949 602; x_wconf 80' lang='grc' dir='ltr'>ἐξ</span> <span class='ocrx_word' id='word_1_15' title='bbox 989 535 1158 590; x_wconf 73' lang='grc' dir='ltr'>ὕπνου</span> <span class='ocrx_word' id='word_1_16' title='bbox 1198 535 1384 591; x_wconf 75' lang='grc' dir='ltr'>αὑτοῦ.</span> <span class='ocrx_word' id='word_1_17' title='bbox 1416 537 1524 591; x_wconf 81' lang='grc' dir='ltr'><strong>Καὶ</strong></span> <span class='ocrx_word' id='word_1_18' title='bbox 1553 532 1674 590; x_wconf 87' lang='grc' dir='ltr'>εἷπε</span> <span class='ocrx_word' id='word_1_19' title='bbox 1712 535 1848 607; x_wconf 89' lang='grc' dir='ltr'>πρός</span> 
     </span>
    </p>
   </div>
   <div class='ocr_carea' id='block_1_5' title="bbox 272 622 1848 703">
    <p class='ocr_par' dir='ltr' id='par_1_5' title="bbox 272 622 1848 703">
     <span class='ocr_line' id='line_1_5' title="bbox 272 622 1848 703; baseline -0.003 -17"><span class='ocrx_word' id='word_1_20' title='bbox 272 649 342 703; x_wconf 88' lang='grc' dir='ltr'><strong>με</strong></span> <span class='ocrx_word' id='word_1_21' title='bbox 365 647 378 662; x_wconf 92' lang='grc'><strong>·</strong></span> <span class='ocrx_word' id='word_1_22' title='bbox 411 632 454 685; x_wconf 87' lang='grc' dir='ltr'><em>Τ</em></span> <span class='ocrx_word' id='word_1_23' title='bbox 461 631 477 683; x_wconf 91' lang='grc' dir='ltr'><strong>ί</strong></span> <span class='ocrx_word' id='word_1_24' title='bbox 509 630 572 684; x_wconf 83' lang='grc' dir='ltr'>σὺ</span> <span class='ocrx_word' id='word_1_25' title='bbox 610 629 863 699; x_wconf 85' lang='grc' dir='ltr'>βλέπεις;</span> <span class='ocrx_word' id='word_1_26' title='bbox 906 629 1019 682; x_wconf 75' lang='grc' dir='ltr'><strong>Καὶ</strong></span> <span class='ocrx_word' id='word_1_27' title='bbox 1047 622 1200 682; x_wconf 78' lang='grc' dir='ltr'>εἷπον</span> <span class='ocrx_word' id='word_1_28' title='bbox 1227 644 1243 660; x_wconf 67' lang='grc' dir='ltr'>θ</span> <span class='ocrx_word' id='word_1_29' title='bbox 1292 628 1570 699; x_wconf 85' lang='grc' dir='ltr'>Ἑώρακα,</span> <span class='ocrx_word' id='word_1_30' title='bbox 1609 627 1704 682; x_wconf 76' lang='grc' dir='ltr'>καὶ</span> <span class='ocrx_word' id='word_1_31' title='bbox 1740 627 1848 682; x_wconf 76' lang='grc' dir='ltr'>ἰδοὺ</span> 
     </span>
    </p>
   </div>
   <div class='ocr_carea' id='block_1_6' title="bbox 267 717 1847 795">
    <p class='ocr_par' dir='ltr' id='par_1_6' title="bbox 267 717 1847 795">
     <span class='ocr_line' id='line_1_6' title="bbox 267 717 1847 795; baseline -0.004 -17"><span class='ocrx_word' id='word_1_32' title='bbox 267 723 460 795; x_wconf 80' lang='grc' dir='ltr'>λυχνία</span> <span class='ocrx_word' id='word_1_33' title='bbox 496 722 675 794; x_wconf 89' lang='grc' dir='ltr'>χρυσῆ</span> <span class='ocrx_word' id='word_1_34' title='bbox 707 721 829 792; x_wconf 85' lang='grc' dir='ltr'>ὅλη,</span> <span class='ocrx_word' id='word_1_35' title='bbox 860 721 954 775; x_wconf 78' lang='grc' dir='ltr'>καὶ</span> <span class='ocrx_word' id='word_1_36' title='bbox 985 720 1046 774; x_wconf 78' lang='grc' dir='ltr'>τὸ</span> <span class='ocrx_word' id='word_1_37' title='bbox 1079 719 1382 790; x_wconf 82' lang='grc' dir='ltr'><strong>λαμπάδιον</strong></span> <span class='ocrx_word' id='word_1_38' title='bbox 1423 719 1610 774; x_wconf 87' lang='grc' dir='ltr'>ἐπάνω</span> <span class='ocrx_word' id='word_1_39' title='bbox 1653 717 1847 788; x_wconf 84' lang='grc' dir='ltr'>αὐτῆς,</span> 
     </span>
    </p>
   </div>
   <div class='ocr_carea' id='block_1_7' title="bbox 269 811 1852 885">
    <p class='ocr_par' dir='ltr' id='par_1_7' title="bbox 269 811 1852 885">
     <span class='ocr_line' id='line_1_7' title="bbox 269 811 1852 885; baseline -0.004 -13"><span class='ocrx_word' id='word_1_40' title='bbox 269 817 368 872; x_wconf 63' lang='grc' dir='ltr'><strong>καὶ⁵</strong></span> <span class='ocrx_word' id='word_1_41' title='bbox 399 815 543 870; x_wconf 63' lang='lat' dir='ltr'><strong>ama</strong></span> <span class='ocrx_word' id='word_1_42' title='bbox 569 814 758 885; x_wconf 86' lang='grc' dir='ltr'>λύχνοι</span> <span class='ocrx_word' id='word_1_43' title='bbox 784 813 969 869; x_wconf 84' lang='grc' dir='ltr'>ἐπάνω</span> <span class='ocrx_word' id='word_1_44' title='bbox 999 813 1194 884; x_wconf 82' lang='grc' dir='ltr'>αὐτῆς,</span> <span class='ocrx_word' id='word_1_45' title='bbox 1223 813 1319 866; x_wconf 78' lang='grc' dir='ltr'>καὶ</span> <span class='ocrx_word' id='word_1_46' title='bbox 1346 812 1486 866; x_wconf 62' lang='lat' dir='ltr'><strong>ama</strong></span> <span class='ocrx_word' id='word_1_47' title='bbox 1517 811 1852 882; x_wconf 81' lang='grc' dir='ltr'>ἐπαρυστρί-</span> 
     </span>
    </p>
   </div>
   <div class='ocr_carea' id='block_1_8' title="bbox 267 899 1850 976">
    <p class='ocr_par' dir='ltr' id='par_1_8' title="bbox 267 899 1850 976">
     <span class='ocr_line' id='line_1_8' title="bbox 267 899 1850 976; baseline -0.006 -14"><span class='ocrx_word' id='word_1_48' title='bbox 267 907 360 972; x_wconf 86' lang='grc' dir='ltr'><strong>δες</strong></span> <span class='ocrx_word' id='word_1_49' title='bbox 407 907 519 969; x_wconf 84' lang='grc' dir='ltr'>τοῖς</span> <span class='ocrx_word' id='word_1_50' title='bbox 568 903 784 976; x_wconf 77' lang='grc' dir='ltr'>λύχνοις</span> <span class='ocrx_word' id='word_1_51' title='bbox 812 905 928 968; x_wconf 83' lang='grc' dir='ltr'>τοῖς</span> <span class='ocrx_word' id='word_1_52' title='bbox 972 902 1160 957; x_wconf 83' lang='grc' dir='ltr'>ἐπάνω</span> <span class='ocrx_word' id='word_1_53' title='bbox 1189 902 1380 973; x_wconf 82' lang='grc' dir='ltr'>αὐτῆς.</span> <span class='ocrx_word' id='word_1_54' title='bbox 1413 901 1523 955; x_wconf 76' lang='grc' dir='ltr'><strong>Καὶ</strong></span> <span class='ocrx_word' id='word_1_55' title='bbox 1550 899 1645 954; x_wconf 87' lang='grc' dir='ltr'><strong>δύο</strong></span> <span class='ocrx_word' id='word_1_56' title='bbox 1673 900 1850 954; x_wconf 88' lang='grc' dir='ltr'>ἐλαῖαι</span> 
     </span>
    </p>
   </div>
   <div class='ocr_carea' id='block_1_9' title="bbox 268 990 1848 1069">
    <p class='ocr_par' dir='ltr' id='par_1_9' title="bbox 268 990 1848 1069">
     <span class='ocr_line' id='line_1_9' title="bbox 268 990 1848 1069; baseline -0.006 -14"><span class='ocrx_word' id='word_1_57' title='bbox 268 1001 459 1055; x_wconf 89' lang='grc' dir='ltr'>ἐπάνω</span> <span class='ocrx_word' id='word_1_58' title='bbox 487 999 682 1069; x_wconf 83' lang='grc' dir='ltr'>αὐτῆς,</span> <span class='ocrx_word' id='word_1_59' title='bbox 714 996 810 1068; x_wconf 88' lang='grc' dir='ltr'><strong>μία</strong></span> <span class='ocrx_word' id='word_1_60' title='bbox 851 997 917 1050; x_wconf 87' lang='grc' dir='ltr'><strong>ἐκ</strong></span> <span class='ocrx_word' id='word_1_61' title='bbox 959 995 1150 1062; x_wconf 81' lang='grc' dir='ltr'>δεξιῶν</span> <span class='ocrx_word' id='word_1_62' title='bbox 1178 995 1274 1050; x_wconf 87' lang='grc' dir='ltr'><strong>τοῦ</strong></span> <span class='ocrx_word' id='word_1_63' title='bbox 1303 992 1614 1065; x_wconf 75' lang='grc' dir='ltr'>λαμπαδίω</span> <span class='ocrx_word' id='word_1_64' title='bbox 1651 990 1848 1061; x_wconf 81' lang='grc' dir='ltr'>αὐτῆς,</span> 
     </span>
    </p>
   </div>
   <div class='ocr_carea' id='block_1_10' title="bbox 269 1080 1854 1162">
    <p class='ocr_par' dir='ltr' id='par_1_10' title="bbox 269 1080 1854 1162">
     <span class='ocr_line' id='line_1_10' title="bbox 269 1080 1854 1162; baseline -0.007 -16"><span class='ocrx_word' id='word_1_65' title='bbox 269 1092 367 1146; x_wconf 79' lang='grc' dir='ltr'>καὶ</span> <span class='ocrx_word' id='word_1_66' title='bbox 397 1090 495 1162; x_wconf 79' lang='grc' dir='ltr'><strong>μία</strong></span> <span class='ocrx_word' id='word_1_67' title='bbox 525 1088 586 1154; x_wconf 75' lang='grc' dir='ltr'>ἐξ</span> <span class='ocrx_word' id='word_1_68' title='bbox 640 1087 957 1159; x_wconf 77' lang='grc' dir='ltr'>εὐωνύμων.</span> <span class='ocrx_word' id='word_1_69' title='bbox 986 1109 1004 1140; x_wconf 73' lang='grc' dir='ltr'><strong>ο</strong></span> <span class='ocrx_word' id='word_1_70' title='bbox 1068 1088 1178 1142; x_wconf 79' lang='grc' dir='ltr'><strong>Καὶ</strong></span> <span class='ocrx_word' id='word_1_71' title='bbox 1207 1085 1382 1140; x_wconf 89' lang='grc' dir='ltr'>ταῦτα</span> <span class='ocrx_word' id='word_1_72' title='bbox 1409 1083 1467 1138; x_wconf 83' lang='grc' dir='ltr'>δὲ</span> <span class='ocrx_word' id='word_1_73' title='bbox 1499 1083 1680 1140; x_wconf 88' lang='grc' dir='ltr'>πάντα</span> <span class='ocrx_word' id='word_1_74' title='bbox 1710 1080 1854 1137; x_wconf 82' lang='grc' dir='ltr'>αίνί-</span> 
     </span>
    </p>
   </div>
   <div class='ocr_carea' id='block_1_11' title="bbox 269 1173 1854 1255">
    <p class='ocr_par' dir='ltr' id='par_1_11' title="bbox 269 1173 1854 1255">
     <span class='ocr_line' id='line_1_11' title="bbox 269 1173 1854 1255; baseline -0.006 -18"><span class='ocrx_word' id='word_1_75' title='bbox 269 1183 459 1255; x_wconf 88' lang='grc' dir='ltr'>γματά</span> <span class='ocrx_word' id='word_1_76' title='bbox 487 1183 634 1234; x_wconf 78' lang='grc' dir='ltr'>ἐστιν</span> <span class='ocrx_word' id='word_1_77' title='bbox 664 1179 868 1250; x_wconf 85' lang='grc' dir='ltr'>ἐτέρων</span> <span class='ocrx_word' id='word_1_78' title='bbox 900 1177 1270 1250; x_wconf 82' lang='grc' dir='ltr'>πραγμάτων.</span> <span class='ocrx_word' id='word_1_79' title='bbox 1304 1175 1419 1230; x_wconf 87' lang='grc' dir='ltr'>Νῦν</span> <span class='ocrx_word' id='word_1_80' title='bbox 1447 1175 1559 1247; x_wconf 80' lang='grc' dir='ltr'>γὰρ</span> <span class='ocrx_word' id='word_1_81' title='bbox 1586 1173 1854 1243; x_wconf 71' lang='grc' dir='ltr'>λυχνίαν</span> 
     </span>
    </p>
   </div>
   <div class='ocr_carea' id='block_1_12' title="bbox 269 1266 1851 1346">
    <p class='ocr_par' dir='ltr' id='par_1_12' title="bbox 269 1266 1851 1346">
     <span class='ocr_line' id='line_1_12' title="bbox 269 1266 1851 1346; baseline -0.004 -17"><span class='ocrx_word' id='word_1_82' title='bbox 269 1274 516 1346; x_wconf 78' lang='grc' dir='ltr'><strong>χρυσῆν</strong></span> <span class='ocrx_word' id='word_1_83' title='bbox 545 1275 626 1338; x_wconf 83' lang='grc' dir='ltr'><strong>είς</strong></span> <span class='ocrx_word' id='word_1_84' title='bbox 656 1271 825 1327; x_wconf 86' lang='grc' dir='ltr'>τύπον</span> <span class='ocrx_word' id='word_1_85' title='bbox 881 1272 980 1343; x_wconf 83' lang='grc' dir='ltr'><strong>τῆς</strong></span> <span class='ocrx_word' id='word_1_86' title='bbox 1038 1271 1192 1335; x_wconf 84' lang='grc' dir='ltr'>θείας</span> <span class='ocrx_word' id='word_1_87' title='bbox 1221 1268 1389 1335; x_wconf 76' lang='grc' dir='ltr'>ἔδειξε</span> <span class='ocrx_word' id='word_1_88' title='bbox 1419 1266 1784 1342; x_wconf 75' lang='grc' dir='ltr'><strong>προμηθείας,</strong></span> <span class='ocrx_word' id='word_1_89' title='bbox 1816 1267 1851 1340; x_wconf 82' lang='grc' dir='ltr'><strong>ὴ</strong></span> 
     </span>
    </p>
   </div>
   <div class='ocr_carea' id='block_1_13' title="bbox 270 1360 1854 1439">
    <p class='ocr_par' dir='ltr' id='par_1_13' title="bbox 270 1360 1854 1439">
     <span class='ocr_line' id='line_1_13' title="bbox 270 1360 1854 1439; baseline -0.005 -17"><span class='ocrx_word' id='word_1_90' title='bbox 270 1369 366 1422; x_wconf 79' lang='grc' dir='ltr'>καὶ</span> <span class='ocrx_word' id='word_1_91' title='bbox 393 1366 463 1421; x_wconf 81' lang='grc' dir='ltr'>τὰ</span> <span class='ocrx_word' id='word_1_92' title='bbox 490 1366 718 1439; x_wconf 84' lang='grc' dir='ltr'>οὐράνια</span> <span class='ocrx_word' id='word_1_93' title='bbox 776 1364 872 1419; x_wconf 73' lang='grc' dir='ltr'>καὶ</span> <span class='ocrx_word' id='word_1_94' title='bbox 913 1363 982 1418; x_wconf 86' lang='grc' dir='ltr'><strong>τά</strong></span> <span class='ocrx_word' id='word_1_95' title='bbox 1012 1363 1234 1432; x_wconf 77' lang='grc' dir='ltr'>ἐπίγεια</span> <span class='ocrx_word' id='word_1_96' title='bbox 1264 1361 1630 1435; x_wconf 80' lang='grc' dir='ltr'>πρυτανεύειο</span> <span class='ocrx_word' id='word_1_97' title='bbox 1690 1362 1738 1414; x_wconf 85' lang='lat' dir='ltr'><strong>oi</strong></span> <span class='ocrx_word' id='word_1_98' title='bbox 1795 1360 1854 1414; x_wconf 81' lang='grc' dir='ltr'>δὲ</span> 
     </span>
    </p>
   </div>
   <div class='ocr_carea' id='block_1_14' title="bbox 269 1451 1854 1526">
    <p class='ocr_par' dir='ltr' id='par_1_14' title="bbox 269 1451 1854 1526">
     <span class='ocr_line' id='line_1_14' title="bbox 269 1451 1854 1526; baseline -0.003 -13"><span class='ocrx_word' id='word_1_99' title='bbox 269 1458 422 1513; x_wconf 81' lang='grc' dir='ltr'>ἑπτὰ</span> <span class='ocrx_word' id='word_1_100' title='bbox 450 1457 669 1526; x_wconf 76' lang='grc' dir='ltr'>λύχνοι</span> <span class='ocrx_word' id='word_1_101' title='bbox 689 1455 799 1510; x_wconf 86' lang='grc' dir='ltr'><strong>τῶν</strong></span> <span class='ocrx_word' id='word_1_102' title='bbox 830 1455 971 1509; x_wconf 85' lang='grc' dir='ltr'>ἐπτὰ</span> <span class='ocrx_word' id='word_1_103' title='bbox 1001 1454 1099 1526; x_wconf 81' lang='grc' dir='ltr'>τῆς</span> <span class='ocrx_word' id='word_1_104' title='bbox 1144 1453 1444 1526; x_wconf 76' lang='grc' dir='ltr'>ἑϐδομάδος</span> <span class='ocrx_word' id='word_1_105' title='bbox 1475 1451 1700 1525; x_wconf 80' lang='grc' dir='ltr'>ἡμερῶν</span> <span class='ocrx_word' id='word_1_106' title='bbox 1737 1452 1854 1508; x_wconf 80' lang='grc' dir='ltr'>ἰσά-</span> 
     </span>
    </p>
   </div>
   <div class='ocr_carea' id='block_1_15' title="bbox 274 1543 1856 1622">
    <p class='ocr_par' dir='ltr' id='par_1_15' title="bbox 274 1543 1856 1622">
     <span class='ocr_line' id='line_1_15' title="bbox 274 1543 1856 1622; baseline -0.004 -18"><span class='ocrx_word' id='word_1_107' title='bbox 274 1549 483 1622; x_wconf 85' lang='grc' dir='ltr'>ριθμοι,</span> <span class='ocrx_word' id='word_1_108' title='bbox 512 1547 574 1601; x_wconf 82' lang='grc' dir='ltr'>τὸ</span> <span class='ocrx_word' id='word_1_109' title='bbox 604 1547 853 1619; x_wconf 82' lang='grc' dir='ltr'>διηνεκὲς</span> <span class='ocrx_word' id='word_1_110' title='bbox 883 1547 978 1601; x_wconf 72' lang='grc' dir='ltr'>καὶ</span> <span class='ocrx_word' id='word_1_111' title='bbox 1005 1545 1229 1617; x_wconf 84' lang='grc' dir='ltr'>διαρκὲς</span> <span class='ocrx_word' id='word_1_112' title='bbox 1273 1546 1371 1617; x_wconf 85' lang='grc' dir='ltr'>τῆς</span> <span class='ocrx_word' id='word_1_113' title='bbox 1413 1545 1564 1609; x_wconf 85' lang='grc' dir='ltr'>θείας</span> <span class='ocrx_word' id='word_1_114' title='bbox 1606 1543 1856 1616; x_wconf 85' lang='grc' dir='ltr'>παραδη-</span> 
     </span>
    </p>
   </div>
   <div class='ocr_carea' id='block_1_16' title="bbox 269 1637 1856 1711">
    <p class='ocr_par' dir='ltr' id='par_1_16' title="bbox 269 1637 1856 1711">
     <span class='ocr_line' id='line_1_16' title="bbox 269 1637 1856 1711; baseline -0.002 -15"><span class='ocrx_word' id='word_1_115' title='bbox 269 1642 427 1696; x_wconf 85' lang='grc' dir='ltr'>λοῦσι</span> <span class='ocrx_word' id='word_1_116' title='bbox 461 1640 750 1711; x_wconf 70' lang='grc' dir='ltr'>προνοίαςο</span> <span class='ocrx_word' id='word_1_117' title='bbox 783 1639 840 1692; x_wconf 87' lang='grc' dir='ltr'><strong>αί</strong></span> <span class='ocrx_word' id='word_1_118' title='bbox 868 1638 926 1691; x_wconf 86' lang='grc' dir='ltr'>δὲ</span> <span class='ocrx_word' id='word_1_119' title='bbox 963 1637 1424 1708; x_wconf 76' lang='grc' dir='ltr'>ἐπαρυστρίδες,</span> <span class='ocrx_word' id='word_1_120' title='bbox 1470 1640 1526 1692; x_wconf 75' lang='grc' dir='ltr'>αἱ</span> <span class='ocrx_word' id='word_1_121' title='bbox 1568 1638 1630 1691; x_wconf 83' lang='grc' dir='ltr'>τὸ</span> <span class='ocrx_word' id='word_1_122' title='bbox 1674 1637 1856 1693; x_wconf 75' lang='grc' dir='ltr'>ἔλαιον</span> 
     </span>
    </p>
   </div>
   <div class='ocr_carea' id='block_1_17' title="bbox 1507 235 2332 298">
    <p class='ocr_par' dir='ltr' id='par_1_17' title="bbox 1507 235 2332 298">
     <span class='ocr_line' id='line_1_17' title="bbox 1507 235 2332 298; baseline -0.001 -2"><span class='ocrx_word' id='word_1_123' title='bbox 1507 237 1590 298; x_wconf 85' lang='grc' dir='ltr'><strong>ΙΝ</strong></span> <span class='ocrx_word' id='word_1_124' title='bbox 1618 235 2016 298; x_wconf 74' lang='grc' dir='ltr'><strong>ΖΑΟΗΑΒΙᾸΞ</strong></span> <span class='ocrx_word' id='word_1_125' title='bbox 2040 237 2199 297; x_wconf 77' lang='lat' dir='ltr'><strong>CAP.</strong></span> <span class='ocrx_word' id='word_1_126' title='bbox 2233 236 2332 298; x_wconf 83' lang='lat' dir='ltr'><strong>IV.</strong></span> 
     </span>
    </p>
   </div>
   <div class='ocr_carea' id='block_1_18' title="bbox 1875 356 1924 411">
    <p class='ocr_par' dir='ltr' id='par_1_18' title="bbox 1875 356 1924 411">
     <span class='ocr_line' id='line_1_18' title="bbox 1875 356 1924 411; baseline 0 0"><span class='ocrx_word' id='word_1_127' title='bbox 1875 356 1924 411; x_wconf 72' lang='grc' dir='ltr'>Α</span> 
     </span>
    </p>
   </div>
   <div class='ocr_carea' id='block_1_19' title="bbox 2549 348 3494 406">
    <p class='ocr_par' dir='ltr' id='par_1_19' title="bbox 2549 348 3494 406">
     <span class='ocr_line' id='line_1_19' title="bbox 2549 348 3494 406; baseline -0.004 0"><span class='ocrx_word' id='word_1_128' title='bbox 2549 348 2780 406; x_wconf 74' lang='lat' dir='ltr'><strong>CAPUT</strong></span> <span class='ocrx_word' id='word_1_129' title='bbox 2843 349 2932 405; x_wconf 74' lang='lat' dir='ltr'><strong>IV.</strong></span> <span class='ocrx_word' id='word_1_130' title='bbox 3488 370 3494 376; x_wconf 61' lang='grc' dir='ltr'><strong>υ</strong></span> 
     </span>
    </p>
   </div>
   <div class='ocr_carea' id='block_1_20' title="bbox 2021 440 3528 514">
    <p class='ocr_par' dir='ltr' id='par_1_20' title="bbox 2021 440 3528 514">
     <span class='ocr_line' id='line_1_20' title="bbox 2021 440 3528 514; baseline 0 -19"><span class='ocrx_word' id='word_1_131' title='bbox 2021 440 2186 499; x_wconf 72' lang='lat' dir='ltr'><strong>Vens.</strong></span> <span class='ocrx_word' id='word_1_132' title='bbox 2229 443 2342 497; x_wconf 82' lang='grc'><strong>1-5.</strong></span> <span class='ocrx_word' id='word_1_133' title='bbox 2384 460 2402 494; x_wconf 80' lang='grc' dir='ltr'><strong>ι</strong></span> <span class='ocrx_word' id='word_1_134' title='bbox 2438 443 2759 510; x_wconf 81' lang='lat' dir='ltr'><strong>Accedens,</strong></span> <span class='ocrx_word' id='word_1_135' title='bbox 2796 443 3012 514; x_wconf 86' lang='lat' dir='ltr'><strong>inquit,</strong></span> <span class='ocrx_word' id='word_1_136' title='bbox 3070 441 3360 499; x_wconf 84' lang='lat' dir='ltr'><strong>suscitavit</strong></span> <span class='ocrx_word' id='word_1_137' title='bbox 3420 457 3528 507; x_wconf 88' lang='lat' dir='ltr'><strong>me,</strong></span> 
     </span>
    </p>
   </div>
   <div class='ocr_carea' id='block_1_21' title="bbox 1949 535 3533 592">
    <p class='ocr_par' dir='ltr' id='par_1_21' title="bbox 1949 535 3533 592">
     <span class='ocr_line' id='line_1_21' title="bbox 1949 535 3533 592; baseline -0.002 -1"><span class='ocrx_word' id='word_1_138' title='bbox 1949 535 2097 591; x_wconf 91' lang='lat' dir='ltr'><strong>sicut</strong></span> <span class='ocrx_word' id='word_1_139' title='bbox 2124 535 2390 592; x_wconf 73' lang='lat' dir='ltr'><strong>suscitari</strong></span> <span class='ocrx_word' id='word_1_140' title='bbox 2423 535 2566 592; x_wconf 90' lang='lat' dir='ltr'><strong>solet</strong></span> <span class='ocrx_word' id='word_1_141' title='bbox 2610 535 2776 590; x_wconf 81' lang='lat' dir='ltr'><strong>homo</strong></span> <span class='ocrx_word' id='word_1_142' title='bbox 2807 535 2878 590; x_wconf 90' lang='lat' dir='ltr'><strong>de</strong></span> <span class='ocrx_word' id='word_1_143' title='bbox 2911 549 3108 591; x_wconf 89' lang='lat' dir='ltr'><strong>somno</strong></span> <span class='ocrx_word' id='word_1_144' title='bbox 3130 550 3252 590; x_wconf 93' lang='lat' dir='ltr'><strong>suo.</strong></span> <span class='ocrx_word' id='word_1_145' title='bbox 3281 535 3346 589; x_wconf 87' lang='lat' dir='ltr'><strong>Et</strong></span> <span class='ocrx_word' id='word_1_146' title='bbox 3392 535 3533 590; x_wconf 77' lang='lat' dir='ltr'><strong>dixit</strong></span> 
     </span>
    </p>
   </div>
   <div class='ocr_carea' id='block_1_22' title="bbox 1949 626 3533 695">
    <p class='ocr_par' dir='ltr' id='par_1_22' title="bbox 1949 626 3533 695">
     <span class='ocr_line' id='line_1_22' title="bbox 1949 626 3533 695; baseline 0.001 -13"><span class='ocrx_word' id='word_1_147' title='bbox 1949 627 2019 682; x_wconf 89' lang='lat' dir='ltr'><strong>ad</strong></span> <span class='ocrx_word' id='word_1_148' title='bbox 2045 643 2130 684; x_wconf 90' lang='lat' dir='ltr'><strong>me</strong></span> <span class='ocrx_word' id='word_1_149' title='bbox 2152 647 2165 684; x_wconf 91' lang='lat'>:</span> <span class='ocrx_word' id='word_1_150' title='bbox 2187 627 2329 695; x_wconf 85' lang='lat' dir='ltr'><strong>Quid</strong></span> <span class='ocrx_word' id='word_1_151' title='bbox 2347 635 2404 683; x_wconf 91' lang='lat' dir='ltr'><strong>tu</strong></span> <span class='ocrx_word' id='word_1_152' title='bbox 2429 627 2622 686; x_wconf 85' lang='lat' dir='ltr'><strong>vides?</strong></span> <span class='ocrx_word' id='word_1_153' title='bbox 2652 626 2719 683; x_wconf 90' lang='lat' dir='ltr'><strong>Et</strong></span> <span class='ocrx_word' id='word_1_154' title='bbox 2741 628 2854 683; x_wconf 77' lang='lat' dir='ltr'><strong>dixi</strong></span> <span class='ocrx_word' id='word_1_155' title='bbox 2890 645 2905 683; x_wconf 85' lang='lat'><strong>:</strong></span> <span class='ocrx_word' id='word_1_156' title='bbox 2933 628 3076 692; x_wconf 80' lang='lat' dir='ltr'><strong>Vidi,</strong></span> <span class='ocrx_word' id='word_1_157' title='bbox 3101 635 3156 684; x_wconf 90' lang='lat' dir='ltr'><strong>et</strong></span> <span class='ocrx_word' id='word_1_158' title='bbox 3175 642 3307 683; x_wconf 91' lang='lat' dir='ltr'><strong>ecce</strong></span> <span class='ocrx_word' id='word_1_159' title='bbox 3327 628 3533 684; x_wconf 85' lang='lat' dir='ltr'><strong>cande-</strong></span> 
     </span>
    </p>
   </div>
   <div class='ocr_carea' id='block_1_23' title="bbox 1949 720 3533 792">
    <p class='ocr_par' dir='ltr' id='par_1_23' title="bbox 1949 720 3533 792">
     <span class='ocr_line' id='line_1_23' title="bbox 1949 720 3533 792; baseline 0.001 -16"><span class='ocrx_word' id='word_1_160' title='bbox 1949 721 2165 777; x_wconf 89' lang='lat' dir='ltr'><strong>labrum</strong></span> <span class='ocrx_word' id='word_1_161' title='bbox 2197 736 2424 777; x_wconf 89' lang='lat' dir='ltr'><strong>aureum</strong></span> <span class='ocrx_word' id='word_1_162' title='bbox 2444 728 2641 788; x_wconf 92' lang='lat' dir='ltr'><strong>totum,</strong></span> <span class='ocrx_word' id='word_1_163' title='bbox 2663 729 2718 777; x_wconf 90' lang='lat' dir='ltr'><strong>et</strong></span> <span class='ocrx_word' id='word_1_164' title='bbox 2740 721 2949 792; x_wconf 84' lang='lat' dir='ltr'><strong>lampas</strong></span> <span class='ocrx_word' id='word_1_165' title='bbox 2974 736 3140 791; x_wconf 81' lang='lat' dir='ltr'><strong>super</strong></span> <span class='ocrx_word' id='word_1_166' title='bbox 3165 720 3322 788; x_wconf 87' lang='lat' dir='ltr'><strong>illud,</strong></span> <span class='ocrx_word' id='word_1_167' title='bbox 3353 727 3408 775; x_wconf 90' lang='lat' dir='ltr'><strong>et</strong></span> <span class='ocrx_word' id='word_1_168' title='bbox 3442 736 3533 777; x_wconf 89' lang='lat' dir='ltr'><strong>se-</strong></span> 
     </span>
    </p>
   </div>
   <div class='ocr_carea' id='block_1_24' title="bbox 1949 811 3532 884">
    <p class='ocr_par' dir='ltr' id='par_1_24' title="bbox 1949 811 3532 884">
     <span class='ocr_line' id='line_1_24' title="bbox 1949 811 3532 884; baseline -0.002 -16"><span class='ocrx_word' id='word_1_169' title='bbox 1949 821 2096 884; x_wconf 90' lang='lat' dir='ltr'><strong>ptem</strong></span> <span class='ocrx_word' id='word_1_170' title='bbox 2120 813 2360 868; x_wconf 83' lang='lat' dir='ltr'><strong>lucernae</strong></span> <span class='ocrx_word' id='word_1_171' title='bbox 2383 828 2550 880; x_wconf 82' lang='lat' dir='ltr'><strong>super</strong></span> <span class='ocrx_word' id='word_1_172' title='bbox 2572 813 2728 876; x_wconf 89' lang='lat' dir='ltr'><strong>illud,</strong></span> <span class='ocrx_word' id='word_1_173' title='bbox 2750 821 2805 868; x_wconf 90' lang='lat' dir='ltr'><strong>et</strong></span> <span class='ocrx_word' id='word_1_174' title='bbox 2826 820 3034 882; x_wconf 89' lang='lat' dir='ltr'><strong>septem</strong></span> <span class='ocrx_word' id='word_1_175' title='bbox 3055 811 3321 878; x_wconf 71' lang='lat' dir='ltr'><strong>inlusoria</strong></span> <span class='ocrx_word' id='word_1_176' title='bbox 3347 813 3532 867; x_wconf 83' lang='lat' dir='ltr'><strong>lucer-</strong></span> 
     </span>
    </p>
   </div>
   <div class='ocr_carea' id='block_1_25' title="bbox 1949 903 3534 977">
    <p class='ocr_par' dir='ltr' id='par_1_25' title="bbox 1949 903 3534 977">
     <span class='ocr_line' id='line_1_25' title="bbox 1949 903 3534 977; baseline 0 -16"><span class='ocrx_word' id='word_1_177' title='bbox 1949 920 2169 970; x_wconf 81' lang='lat' dir='ltr'><strong>narum,</strong></span> <span class='ocrx_word' id='word_1_178' title='bbox 2199 920 2320 976; x_wconf 66' lang='lat' dir='ltr'><strong>quae</strong></span> <span class='ocrx_word' id='word_1_179' title='bbox 2346 912 2506 960; x_wconf 88' lang='lat' dir='ltr'><strong>erant</strong></span> <span class='ocrx_word' id='word_1_180' title='bbox 2528 919 2692 976; x_wconf 80' lang='lat' dir='ltr'><strong>super</strong></span> <span class='ocrx_word' id='word_1_181' title='bbox 2713 905 2869 961; x_wconf 88' lang='lat' dir='ltr'><strong>illud.</strong></span> <span class='ocrx_word' id='word_1_182' title='bbox 2891 903 2951 958; x_wconf 88' lang='lat' dir='ltr'><strong>Et</strong></span> <span class='ocrx_word' id='word_1_183' title='bbox 2972 906 3093 962; x_wconf 81' lang='lat' dir='ltr'><strong>duae</strong></span> <span class='ocrx_word' id='word_1_184' title='bbox 3107 905 3263 964; x_wconf 68' lang='lat' dir='ltr'><strong>oliva:</strong></span> <span class='ocrx_word' id='word_1_185' title='bbox 3283 921 3446 977; x_wconf 84' lang='lat' dir='ltr'><strong>super</strong></span> <span class='ocrx_word' id='word_1_186' title='bbox 3467 907 3534 961; x_wconf 91' lang='lat' dir='ltr'><strong>il-</strong></span> 
     </span>
    </p>
   </div>
   <div class='ocr_carea' id='block_1_26' title="bbox 1950 997 3532 1068">
    <p class='ocr_par' dir='ltr' id='par_1_26' title="bbox 1950 997 3532 1068">
     <span class='ocr_line' id='line_1_26' title="bbox 1950 997 3532 1068; baseline 0.003 -15"><span class='ocrx_word' id='word_1_187' title='bbox 1950 997 2067 1063; x_wconf 88' lang='lat' dir='ltr'><strong>lud,</strong></span> <span class='ocrx_word' id='word_1_188' title='bbox 2085 1013 2194 1054; x_wconf 87' lang='lat' dir='ltr'><strong>una</strong></span> <span class='ocrx_word' id='word_1_189' title='bbox 2209 1012 2240 1052; x_wconf 91' lang='lat' dir='ltr'><strong>a</strong></span> <span class='ocrx_word' id='word_1_190' title='bbox 2260 998 2502 1054; x_wconf 81' lang='lat' dir='ltr'><strong>dexteris</strong></span> <span class='ocrx_word' id='word_1_191' title='bbox 2519 999 2807 1068; x_wconf 85' lang='lat' dir='ltr'><strong>lampadis,</strong></span> <span class='ocrx_word' id='word_1_192' title='bbox 2825 1006 2879 1054; x_wconf 91' lang='lat' dir='ltr'><strong>et</strong></span> <span class='ocrx_word' id='word_1_193' title='bbox 2894 1013 3004 1053; x_wconf 89' lang='lat' dir='ltr'><strong>una</strong></span> <span class='ocrx_word' id='word_1_194' title='bbox 3029 1013 3059 1054; x_wconf 89' lang='lat' dir='ltr'><strong>a</strong></span> <span class='ocrx_word' id='word_1_195' title='bbox 3081 998 3375 1056; x_wconf 67' lang='lat' dir='ltr'><strong>sinistris.»</strong></span> <span class='ocrx_word' id='word_1_196' title='bbox 3406 997 3532 1058; x_wconf 68' lang='grc' dir='ltr'>ιιωο</span> 
     </span>
    </p>
   </div>
   <div class='ocr_carea' id='block_1_27' title="bbox 1951 1089 3534 1160">
    <p class='ocr_par' dir='ltr' id='par_1_27' title="bbox 1951 1089 3534 1160">
     <span class='ocr_line' id='line_1_27' title="bbox 1951 1089 3534 1160; baseline 0 -15"><span class='ocrx_word' id='word_1_197' title='bbox 1951 1089 2116 1146; x_wconf 87' lang='lat' dir='ltr'><strong>etiam</strong></span> <span class='ocrx_word' id='word_1_198' title='bbox 2158 1090 2343 1145; x_wconf 83' lang='lat' dir='ltr'><strong>omnia</strong></span> <span class='ocrx_word' id='word_1_199' title='bbox 2377 1090 2615 1145; x_wconf 89' lang='lat' dir='ltr'><strong>aliarum</strong></span> <span class='ocrx_word' id='word_1_200' title='bbox 2643 1106 2830 1146; x_wconf 90' lang='lat' dir='ltr'><strong>rerum</strong></span> <span class='ocrx_word' id='word_1_201' title='bbox 2863 1098 2994 1146; x_wconf 83' lang='lat' dir='ltr'><strong>sunt</strong></span> <span class='ocrx_word' id='word_1_202' title='bbox 3027 1090 3344 1160; x_wconf 69' lang='lat' dir='ltr'><strong>mnigmata.</strong></span> <span class='ocrx_word' id='word_1_203' title='bbox 3376 1089 3534 1145; x_wconf 81' lang='lat' dir='ltr'><strong>Nunc</strong></span> 
     </span>
    </p>
   </div>
   <div class='ocr_carea' id='block_1_28' title="bbox 1953 1179 3572 1252">
    <p class='ocr_par' dir='ltr' id='par_1_28' title="bbox 1953 1179 3572 1252">
     <span class='ocr_line' id='line_1_28' title="bbox 1953 1179 3572 1252; baseline -0.004 -13"><span class='ocrx_word' id='word_1_204' title='bbox 1953 1184 2102 1239; x_wconf 89' lang='lat' dir='ltr'><strong>enim</strong></span> <span class='ocrx_word' id='word_1_205' title='bbox 2153 1181 2538 1238; x_wconf 83' lang='lat' dir='ltr'><strong>candelabrum</strong></span> <span class='ocrx_word' id='word_1_206' title='bbox 2587 1199 2810 1237; x_wconf 82' lang='lat' dir='ltr'><strong>aureum</strong></span> <span class='ocrx_word' id='word_1_207' title='bbox 2845 1181 3089 1237; x_wconf 89' lang='lat' dir='ltr'><strong>ostendit</strong></span> <span class='ocrx_word' id='word_1_208' title='bbox 3132 1183 3189 1236; x_wconf 90' lang='lat' dir='ltr'><strong>in</strong></span> <span class='ocrx_word' id='word_1_209' title='bbox 3218 1189 3410 1252; x_wconf 85' lang='lat' dir='ltr'><strong>typum</strong></span> <span class='ocrx_word' id='word_1_210' title='bbox 3443 1179 3533 1236; x_wconf 85' lang='lat' dir='ltr'><strong>di-</strong></span> <span class='ocrx_word' id='word_1_211' title='bbox 3564 1217 3572 1250; x_wconf 63' lang='grc' dir='ltr'><strong><em>τ</em></strong></span> 
     </span>
    </p>
   </div>
   <div class='ocr_carea' id='block_1_29' title="bbox 1952 1270 3538 1342">
    <p class='ocr_par' dir='ltr' id='par_1_29' title="bbox 1952 1270 3538 1342">
     <span class='ocr_line' id='line_1_29' title="bbox 1952 1270 3538 1342; baseline -0.001 -14"><span class='ocrx_word' id='word_1_212' title='bbox 1952 1273 2094 1328; x_wconf 78' lang='lat' dir='ltr'><strong>vina:</strong></span> <span class='ocrx_word' id='word_1_213' title='bbox 2112 1270 2496 1338; x_wconf 67' lang='lat' dir='ltr'><strong>Providentiae,</strong></span> <span class='ocrx_word' id='word_1_214' title='bbox 2533 1287 2657 1342; x_wconf 76' lang='lat' dir='ltr'><strong>qua:</strong></span> <span class='ocrx_word' id='word_1_215' title='bbox 2690 1272 2936 1328; x_wconf 63' lang='lat' dir='ltr'><strong>caelestia</strong></span> <span class='ocrx_word' id='word_1_216' title='bbox 2965 1278 3020 1326; x_wconf 94' lang='lat' dir='ltr'><strong>et</strong></span> <span class='ocrx_word' id='word_1_217' title='bbox 3042 1272 3328 1328; x_wconf 83' lang='lat' dir='ltr'><strong>terrestria</strong></span> <span class='ocrx_word' id='word_1_218' title='bbox 3361 1271 3538 1326; x_wconf 82' lang='lat' dir='ltr'><strong>admi-</strong></span> 
     </span>
    </p>
   </div>
   <div class='ocr_carea' id='block_1_30' title="bbox 1955 1362 3534 1435">
    <p class='ocr_par' dir='ltr' id='par_1_30' title="bbox 1955 1362 3534 1435">
     <span class='ocr_line' id='line_1_30' title="bbox 1955 1362 3534 1435; baseline -0.001 -15"><span class='ocrx_word' id='word_1_219' title='bbox 1955 1365 2180 1421; x_wconf 82' lang='lat' dir='ltr'><strong>nistrat.</strong></span> <span class='ocrx_word' id='word_1_220' title='bbox 2227 1362 2440 1434; x_wconf 80' lang='lat' dir='ltr'><strong>Septem</strong></span> <span class='ocrx_word' id='word_1_221' title='bbox 2475 1379 2608 1419; x_wconf 89' lang='lat' dir='ltr'><strong>vero</strong></span> <span class='ocrx_word' id='word_1_222' title='bbox 2647 1363 2878 1419; x_wconf 67' lang='lat' dir='ltr'><strong>lucerna:</strong></span> <span class='ocrx_word' id='word_1_223' title='bbox 2914 1363 3278 1420; x_wconf 81' lang='lat' dir='ltr'><strong>hebdomadis</strong></span> <span class='ocrx_word' id='word_1_224' title='bbox 3325 1376 3534 1435; x_wconf 86' lang='lat' dir='ltr'><strong>septem</strong></span> 
     </span>
    </p>
   </div>
   <div class='ocr_carea' id='block_1_31' title="bbox 1960 1455 3540 1528">
    <p class='ocr_par' dir='ltr' id='par_1_31' title="bbox 1960 1455 3540 1528">
     <span class='ocr_line' id='line_1_31' title="bbox 1960 1455 3540 1528; baseline 0 -16"><span class='ocrx_word' id='word_1_225' title='bbox 1960 1455 2172 1528; x_wconf 77' lang='lat'><strong>1613</strong></span> <span class='ocrx_word' id='word_1_226' title='bbox 2221 1455 2420 1512; x_wconf 89' lang='lat' dir='ltr'><strong>diebus</strong></span> <span class='ocrx_word' id='word_1_227' title='bbox 2449 1471 2681 1512; x_wconf 89' lang='lat' dir='ltr'><strong>numero</strong></span> <span class='ocrx_word' id='word_1_228' title='bbox 2728 1455 3009 1527; x_wconf 72' lang='lat' dir='ltr'><strong>aequales,</strong></span> <span class='ocrx_word' id='word_1_229' title='bbox 3046 1456 3432 1513; x_wconf 84' lang='lat' dir='ltr'><strong>assiduitatem</strong></span> <span class='ocrx_word' id='word_1_230' title='bbox 3483 1467 3540 1514; x_wconf 88' lang='lat' dir='ltr'><strong>et</strong></span> 
     </span>
    </p>
   </div>
   <div class='ocr_carea' id='block_1_32' title="bbox 1957 1546 3536 1621">
    <p class='ocr_par' dir='ltr' id='par_1_32' title="bbox 1957 1546 3536 1621">
     <span class='ocr_line' id='line_1_32' title="bbox 1957 1546 3536 1621; baseline -0.001 -18"><span class='ocrx_word' id='word_1_231' title='bbox 1957 1548 2383 1621; x_wconf 85' lang='lat' dir='ltr'><strong>perpetuitatem</strong></span> <span class='ocrx_word' id='word_1_232' title='bbox 2413 1547 2616 1603; x_wconf 71' lang='lat' dir='ltr'><strong>divinas</strong></span> <span class='ocrx_word' id='word_1_233' title='bbox 2641 1546 2952 1602; x_wconf 88' lang='lat' dir='ltr'><strong>curationis</strong></span> <span class='ocrx_word' id='word_1_234' title='bbox 2986 1546 3392 1604; x_wconf 86' lang='lat' dir='ltr'><strong>demonstrant.</strong></span> <span class='ocrx_word' id='word_1_235' title='bbox 3436 1546 3536 1602; x_wconf 87' lang='lat' dir='ltr'><strong>In-</strong></span> 
     </span>
    </p>
   </div>
   <div class='ocr_carea' id='block_1_33' title="bbox 1956 1637 3535 1712">
    <p class='ocr_par' dir='ltr' id='par_1_33' title="bbox 1956 1637 3535 1712">
     <span class='ocr_line' id='line_1_33' title="bbox 1956 1637 3535 1712; baseline -0.001 -18"><span class='ocrx_word' id='word_1_236' title='bbox 1956 1640 2166 1712; x_wconf 77' lang='lat' dir='ltr'><strong>fusoria</strong></span> <span class='ocrx_word' id='word_1_237' title='bbox 2202 1648 2385 1695; x_wconf 87' lang='lat' dir='ltr'><strong>autem</strong></span> <span class='ocrx_word' id='word_1_238' title='bbox 2419 1640 2784 1707; x_wconf 77' lang='lat' dir='ltr'><strong>lucernarum,</strong></span> <span class='ocrx_word' id='word_1_239' title='bbox 2817 1653 2940 1708; x_wconf 63' lang='lat' dir='ltr'><strong>quae</strong></span> <span class='ocrx_word' id='word_1_240' title='bbox 2975 1637 3160 1702; x_wconf 81' lang='lat' dir='ltr'><strong>oleum</strong></span> <span class='ocrx_word' id='word_1_241' title='bbox 3201 1638 3535 1704; x_wconf 85' lang='lat' dir='ltr'><strong>infundunt,</strong></span> 
     </span>
    </p>
   </div>
   <div class='ocr_carea' id='block_1_34' title="bbox 272 1713 1862 1805">
    <p class='ocr_par' dir='ltr' id='par_1_34' title="bbox 272 1728 1853 1804">
     <span class='ocr_line' id='line_1_34' title="bbox 272 1728 1853 1804; baseline -0.003 -17"><span class='ocrx_word' id='word_1_242' title='bbox 272 1732 737 1804; x_wconf 83' lang='grc' dir='ltr'>ἐπιχέουσαι,τὴν</span> <span class='ocrx_word' id='word_1_243' title='bbox 786 1729 1016 1800; x_wconf 79' lang='grc' dir='ltr'>ἄφθονον</span> <span class='ocrx_word' id='word_1_244' title='bbox 1064 1729 1380 1801; x_wconf 81' lang='grc' dir='ltr'>φιλοτιμίαν</span> <span class='ocrx_word' id='word_1_245' title='bbox 1425 1729 1525 1800; x_wconf 83' lang='grc' dir='ltr'>τῆς</span> <span class='ocrx_word' id='word_1_246' title='bbox 1566 1729 1662 1783; x_wconf 87' lang='grc' dir='ltr'><strong>τοῦ</strong></span> <span class='ocrx_word' id='word_1_247' title='bbox 1719 1728 1853 1783; x_wconf 84' lang='grc' dir='ltr'>Θεοῦ</span> 
     </span>
    </p>
   </div>
   <div class='ocr_carea' id='block_1_35' title="bbox 1966 1713 3540 1805">
    <p class='ocr_par' dir='ltr' id='par_1_35' title="bbox 1966 1732 3540 1805">
     <span class='ocr_line' id='line_1_35' title="bbox 1966 1732 3540 1805; baseline 0 -17"><span class='ocrx_word' id='word_1_248' title='bbox 1966 1734 2288 1789; x_wconf 84' lang='lat' dir='ltr'><strong>immensam</strong></span> <span class='ocrx_word' id='word_1_249' title='bbox 2326 1733 2532 1788; x_wconf 65' lang='lat' dir='ltr'><strong>divinae</strong></span> <span class='ocrx_word' id='word_1_250' title='bbox 2556 1733 2917 1804; x_wconf 81' lang='lat' dir='ltr'><strong>benignitatis</strong></span> <span class='ocrx_word' id='word_1_251' title='bbox 2943 1732 3333 1789; x_wconf 87' lang='lat' dir='ltr'><strong>liberalitatem</strong></span> <span class='ocrx_word' id='word_1_252' title='bbox 3366 1737 3540 1805; x_wconf 81' lang='lat' dir='ltr'><strong>signi-</strong></span> 
     </span>
    </p>
   </div>
   <div class='ocr_carea' id='block_1_36' title="bbox 272 1821 1854 1898">
    <p class='ocr_par' dir='ltr' id='par_1_36' title="bbox 272 1821 1854 1898">
     <span class='ocr_line' id='line_1_36' title="bbox 272 1821 1854 1898; baseline -0.005 -16"><span class='ocrx_word' id='word_1_253' title='bbox 272 1825 692 1898; x_wconf 82' lang='grc' dir='ltr'>φιλανθρωπίας</span> <span class='ocrx_word' id='word_1_254' title='bbox 741 1823 1121 1895; x_wconf 85' lang='grc' dir='ltr'>σημαίνουσιν.</span> <span class='ocrx_word' id='word_1_255' title='bbox 1171 1821 1328 1876; x_wconf 76' lang='grc' dir='ltr'>Οὕτω</span> <span class='ocrx_word' id='word_1_256' title='bbox 1374 1821 1462 1875; x_wconf 75' lang='grc' dir='ltr'>διὰ</span> <span class='ocrx_word' id='word_1_257' title='bbox 1490 1821 1582 1875; x_wconf 87' lang='grc' dir='ltr'><strong>τοῦ</strong></span> <span class='ocrx_word' id='word_1_258' title='bbox 1611 1824 1854 1890; x_wconf 74' lang='grc' dir='ltr'>λαμπα-</span> 
     </span>
    </p>
   </div>
   <div class='ocr_carea' id='block_1_37' title="bbox 271 1911 1852 1988">
    <p class='ocr_par' dir='ltr' id='par_1_37' title="bbox 271 1911 1852 1988">
     <span class='ocr_line' id='line_1_37' title="bbox 271 1911 1852 1988; baseline -0.004 -15"><span class='ocrx_word' id='word_1_259' title='bbox 271 1919 407 1973; x_wconf 82' lang='grc' dir='ltr'>δίου</span> <span class='ocrx_word' id='word_1_260' title='bbox 435 1917 533 1988; x_wconf 82' lang='grc' dir='ltr'>τὴν</span> <span class='ocrx_word' id='word_1_261' title='bbox 561 1915 630 1969; x_wconf 79' lang='grc' dir='ltr'><strong>τὰ</strong></span> <span class='ocrx_word' id='word_1_262' title='bbox 661 1914 841 1969; x_wconf 85' lang='grc' dir='ltr'>πάντα</span> <span class='ocrx_word' id='word_1_263' title='bbox 884 1912 1373 1982; x_wconf 74' lang='grc' dir='ltr'>καταφωτίζουσαν</span> <span class='ocrx_word' id='word_1_264' title='bbox 1409 1911 1570 1984; x_wconf 88' lang='grc' dir='ltr'>χάριν</span> <span class='ocrx_word' id='word_1_265' title='bbox 1614 1911 1852 1984; x_wconf 69' lang='grc' dir='ltr'>ᾐνίξατο.</span> 
     </span>
    </p>
   </div>
   <div class='ocr_carea' id='block_1_38' title="bbox 273 2004 1857 2077">
    <p class='ocr_par' dir='ltr' id='par_1_38' title="bbox 273 2004 1857 2077">
     <span class='ocr_line' id='line_1_38' title="bbox 273 2004 1857 2077; baseline -0.006 -12"><span class='ocrx_word' id='word_1_266' title='bbox 273 2011 390 2065; x_wconf 83' lang='grc' dir='ltr'>Δύο</span> <span class='ocrx_word' id='word_1_267' title='bbox 415 2009 472 2062; x_wconf 85' lang='grc' dir='ltr'><strong>δέ</strong></span> <span class='ocrx_word' id='word_1_268' title='bbox 501 2009 712 2074; x_wconf 77' lang='grc' dir='ltr'>ἐλαίας</span> <span class='ocrx_word' id='word_1_269' title='bbox 740 2005 1085 2077; x_wconf 79' lang='grc' dir='ltr'>ἑκατέρωθεν</span> <span class='ocrx_word' id='word_1_270' title='bbox 1101 2004 1412 2074; x_wconf 71' lang='grc' dir='ltr'>τεθηλυίας,</span> <span class='ocrx_word' id='word_1_271' title='bbox 1444 2005 1542 2076; x_wconf 80' lang='grc' dir='ltr'>τὴν</span> <span class='ocrx_word' id='word_1_272' title='bbox 1575 2004 1857 2075; x_wconf 82' lang='grc' dir='ltr'>βασιλείαν</span> 
     </span>
    </p>
   </div>
   <div class='ocr_carea' id='block_1_39' title="bbox 273 2095 1858 2173">
    <p class='ocr_par' dir='ltr' id='par_1_39' title="bbox 273 2095 1858 2173">
     <span class='ocr_line' id='line_1_39' title="bbox 273 2095 1858 2173; baseline -0.006 -16"><span class='ocrx_word' id='word_1_273' title='bbox 273 2103 370 2157; x_wconf 72' lang='grc' dir='ltr'>καὶ</span> <span class='ocrx_word' id='word_1_274' title='bbox 397 2101 495 2173; x_wconf 80' lang='grc' dir='ltr'><strong>τὴν</strong></span> <span class='ocrx_word' id='word_1_275' title='bbox 529 2098 834 2172; x_wconf 80' lang='grc' dir='ltr'>ἱερωσύνην</span> <span class='ocrx_word' id='word_1_276' title='bbox 865 2096 1114 2162; x_wconf 86' lang='grc' dir='ltr'>ἐκάλεσε,</span> <span class='ocrx_word' id='word_1_277' title='bbox 1147 2099 1213 2168; x_wconf 83' lang='grc' dir='ltr'>τῇ</span> <span class='ocrx_word' id='word_1_278' title='bbox 1259 2095 1380 2168; x_wconf 81' lang='grc' dir='ltr'>θείᾳ</span> <span class='ocrx_word' id='word_1_279' title='bbox 1408 2097 1594 2168; x_wconf 86' lang='grc' dir='ltr'>χάριτι</span> <span class='ocrx_word' id='word_1_280' title='bbox 1624 2113 1858 2167; x_wconf 69' lang='grc' dir='ltr'>κοσμουη</span> 
     </span>
    </p>
   </div>
   <div class='ocr_carea' id='block_1_40' title="bbox 277 2186 1859 2267">
    <p class='ocr_par' dir='ltr' id='par_1_40' title="bbox 277 2186 1859 2267">
     <span class='ocr_line' id='line_1_40' title="bbox 277 2186 1859 2267; baseline -0.006 -18"><span class='ocrx_word' id='word_1_281' title='bbox 277 2195 481 2267; x_wconf 85' lang='grc' dir='ltr'>μένας’</span> <span class='ocrx_word' id='word_1_282' title='bbox 541 2193 667 2256; x_wconf 85' lang='grc' dir='ltr'>τοὺς</span> <span class='ocrx_word' id='word_1_283' title='bbox 723 2191 781 2244; x_wconf 84' lang='grc' dir='ltr'>δὲ</span> <span class='ocrx_word' id='word_1_284' title='bbox 837 2189 946 2244; x_wconf 83' lang='grc' dir='ltr'><strong>δύο</strong></span> <span class='ocrx_word' id='word_1_285' title='bbox 1000 2187 1289 2254; x_wconf 74' lang='grc' dir='ltr'>κλάδους,</span> <span class='ocrx_word' id='word_1_286' title='bbox 1347 2188 1474 2251; x_wconf 79' lang='grc' dir='ltr'>τοὺς</span> <span class='ocrx_word' id='word_1_287' title='bbox 1533 2187 1696 2259; x_wconf 86' lang='grc' dir='ltr'>μέχρι</span> <span class='ocrx_word' id='word_1_288' title='bbox 1751 2186 1859 2240; x_wconf 87' lang='grc' dir='ltr'><strong>τῶν</strong></span> 
     </span>
    </p>
   </div>
   <div class='ocr_carea' id='block_1_41' title="bbox 272 2277 1859 2356">
    <p class='ocr_par' dir='ltr' id='par_1_41' title="bbox 272 2277 1859 2356">
     <span class='ocr_line' id='line_1_41' title="bbox 272 2277 1859 2356; baseline -0.006 -16"><span class='ocrx_word' id='word_1_289' title='bbox 272 2285 486 2356; x_wconf 87' lang='grc' dir='ltr'>λύχνων</span> <span class='ocrx_word' id='word_1_290' title='bbox 520 2283 834 2353; x_wconf 88' lang='grc' dir='ltr'>διήκοντας,</span> <span class='ocrx_word' id='word_1_291' title='bbox 876 2279 968 2334; x_wconf 82' lang='grc' dir='ltr'>τὸν</span> <span class='ocrx_word' id='word_1_292' title='bbox 1011 2279 1219 2350; x_wconf 79' lang='grc' dir='ltr'>Ἰησοῦν</span> <span class='ocrx_word' id='word_1_293' title='bbox 1251 2279 1346 2333; x_wconf 77' lang='grc' dir='ltr'>καὶ</span> <span class='ocrx_word' id='word_1_294' title='bbox 1389 2278 1481 2333; x_wconf 78' lang='grc' dir='ltr'>τὸν</span> <span class='ocrx_word' id='word_1_295' title='bbox 1522 2277 1859 2350; x_wconf 87' lang='grc' dir='ltr'>Ζοροϐάϐελ,</span> 
     </span>
    </p>
   </div>
   <div class='ocr_carea' id='block_1_42' title="bbox 273 2369 1862 2446">
    <p class='ocr_par' dir='ltr' id='par_1_42' title="bbox 273 2369 1862 2446">
     <span class='ocr_line' id='line_1_42' title="bbox 273 2369 1862 2446; baseline -0.004 -16"><span class='ocrx_word' id='word_1_296' title='bbox 273 2377 369 2430; x_wconf 84' lang='grc' dir='ltr'>τὸν</span> <span class='ocrx_word' id='word_1_297' title='bbox 402 2375 500 2446; x_wconf 87' lang='grc' dir='ltr'><strong>μέν</strong></span> <span class='ocrx_word' id='word_1_298' title='bbox 530 2375 596 2428; x_wconf 82' lang='grc' dir='ltr'><strong>ἐκ</strong></span> <span class='ocrx_word' id='word_1_299' title='bbox 626 2375 722 2444; x_wconf 76' lang='grc' dir='ltr'>τῆς</span> <span class='ocrx_word' id='word_1_300' title='bbox 756 2371 1062 2442; x_wconf 80' lang='grc' dir='ltr'>ἱερατικῆς,</span> <span class='ocrx_word' id='word_1_301' title='bbox 1112 2370 1204 2425; x_wconf 80' lang='grc' dir='ltr'>τὸν</span> <span class='ocrx_word' id='word_1_302' title='bbox 1248 2369 1304 2424; x_wconf 79' lang='grc' dir='ltr'>δὲ</span> <span class='ocrx_word' id='word_1_303' title='bbox 1349 2371 1414 2424; x_wconf 84' lang='grc' dir='ltr'><strong>ἐκ</strong></span> <span class='ocrx_word' id='word_1_304' title='bbox 1441 2370 1540 2440; x_wconf 80' lang='grc' dir='ltr'>τῆς</span> <span class='ocrx_word' id='word_1_305' title='bbox 1573 2369 1862 2440; x_wconf 82' lang='grc' dir='ltr'>βασιλικῆς</span> 
     </span>
    </p>
   </div>
   <div class='ocr_carea' id='block_1_43' title="bbox 284 2461 1862 2540">
    <p class='ocr_par' dir='ltr' id='par_1_43' title="bbox 284 2461 1862 2540">
     <span class='ocr_line' id='line_1_43' title="bbox 284 2461 1862 2540; baseline -0.004 -19"><span class='ocrx_word' id='word_1_306' title='bbox 284 2465 696 2540; x_wconf 82' lang='grc' dir='ltr'>βεϐλαστηκότα</span> <span class='ocrx_word' id='word_1_307' title='bbox 725 2464 917 2535; x_wconf 83' lang='grc' dir='ltr'>φυλῆς.</span> <span class='ocrx_word' id='word_1_308' title='bbox 961 2463 1181 2534; x_wconf 88' lang='grc' dir='ltr'>Ἐπειδὴ</span> <span class='ocrx_word' id='word_1_309' title='bbox 1211 2461 1318 2534; x_wconf 87' lang='grc' dir='ltr'><strong>γάρ</strong></span> <span class='ocrx_word' id='word_1_310' title='bbox 1357 2464 1470 2525; x_wconf 85' lang='grc' dir='ltr'>τοῖς</span> <span class='ocrx_word' id='word_1_311' title='bbox 1499 2461 1862 2533; x_wconf 85' lang='grc' dir='ltr'>ἀνθρωπίνοις</span> 
     </span>
    </p>
   </div>
   <div class='ocr_carea' id='block_1_44' title="bbox 273 2553 1861 2632">
    <p class='ocr_par' dir='ltr' id='par_1_44' title="bbox 273 2553 1861 2632">
     <span class='ocr_line' id='line_1_44' title="bbox 273 2553 1861 2632; baseline -0.006 -16"><span class='ocrx_word' id='word_1_312' title='bbox 273 2561 559 2632; x_wconf 78' lang='grc' dir='ltr'>λογισμοῖς</span> <span class='ocrx_word' id='word_1_313' title='bbox 630 2556 993 2630; x_wconf 83' lang='grc' dir='ltr'>κεχρημένοις</span> <span class='ocrx_word' id='word_1_314' title='bbox 1068 2555 1298 2610; x_wconf 80' lang='grc' dir='ltr'>ἄπιστον</span> <span class='ocrx_word' id='word_1_315' title='bbox 1355 2554 1530 2608; x_wconf 84' lang='grc' dir='ltr'>ἐδόκει</span> <span class='ocrx_word' id='word_1_316' title='bbox 1589 2556 1684 2607; x_wconf 79' lang='grc' dir='ltr'>καὶ</span> <span class='ocrx_word' id='word_1_317' title='bbox 1740 2553 1861 2608; x_wconf 82' lang='grc' dir='ltr'>λίαν</span> 
     </span>
    </p>
   </div>
   <div class='ocr_carea' id='block_1_45' title="bbox 276 2644 1862 2720">
    <p class='ocr_par' dir='ltr' id='par_1_45' title="bbox 276 2644 1862 2720">
     <span class='ocr_line' id='line_1_45' title="bbox 276 2644 1862 2720; baseline -0.005 -15"><span class='ocrx_word' id='word_1_318' title='bbox 276 2650 561 2714; x_wconf 85' lang='grc' dir='ltr'>ἀπίθανον,</span> <span class='ocrx_word' id='word_1_319' title='bbox 617 2649 818 2720; x_wconf 78' lang='grc' dir='ltr'>ἄνδρας</span> <span class='ocrx_word' id='word_1_320' title='bbox 872 2646 1107 2714; x_wconf 85' lang='grc' dir='ltr'>ὀλίγους,</span> <span class='ocrx_word' id='word_1_321' title='bbox 1157 2645 1252 2697; x_wconf 79' lang='grc' dir='ltr'>καὶ</span> <span class='ocrx_word' id='word_1_322' title='bbox 1287 2645 1542 2716; x_wconf 82' lang='grc' dir='ltr'>πένητας,</span> <span class='ocrx_word' id='word_1_323' title='bbox 1576 2645 1671 2698; x_wconf 59' lang='grc' dir='ltr'><strong>καὶ⁵</strong></span> <span class='ocrx_word' id='word_1_324' title='bbox 1703 2644 1862 2715; x_wconf 85' lang='grc' dir='ltr'>μόγις</span> 
     </span>
    </p>
   </div>
   <div class='ocr_carea' id='block_1_46' title="bbox 273 2734 1863 2809">
    <p class='ocr_par' dir='ltr' id='par_1_46' title="bbox 273 2734 1863 2809">
     <span class='ocr_line' id='line_1_46' title="bbox 273 2734 1863 2809; baseline -0.003 -17"><span class='ocrx_word' id='word_1_325' title='bbox 273 2739 377 2808; x_wconf 77' lang='grc' dir='ltr'><strong>ὀψέ</strong></span> <span class='ocrx_word' id='word_1_326' title='bbox 420 2755 550 2793; x_wconf 89' lang='grc' dir='ltr'>ποτε</span> <span class='ocrx_word' id='word_1_327' title='bbox 592 2738 688 2809; x_wconf 77' lang='grc' dir='ltr'>τὴν</span> <span class='ocrx_word' id='word_1_328' title='bbox 748 2735 966 2808; x_wconf 77' lang='grc' dir='ltr'>μακρὰν</span> <span class='ocrx_word' id='word_1_329' title='bbox 996 2734 1214 2806; x_wconf 86' lang='grc' dir='ltr'>ἐκείνην</span> <span class='ocrx_word' id='word_1_330' title='bbox 1255 2734 1638 2806; x_wconf 72' lang='grc' dir='ltr'>αἰχμαλωσίαν</span> <span class='ocrx_word' id='word_1_331' title='bbox 1666 2735 1863 2804; x_wconf 74' lang='grc' dir='ltr'>διαφυ-</span> 
     </span>
    </p>
   </div>
   <div class='ocr_carea' id='block_1_47' title="bbox 278 2825 1863 2902">
    <p class='ocr_par' dir='ltr' id='par_1_47' title="bbox 278 2825 1863 2902">
     <span class='ocr_line' id='line_1_47' title="bbox 278 2825 1863 2902; baseline -0.003 -17"><span class='ocrx_word' id='word_1_332' title='bbox 278 2835 502 2902; x_wconf 77' lang='grc' dir='ltr'>γόντας,</span> <span class='ocrx_word' id='word_1_333' title='bbox 533 2829 770 2883; x_wconf 83' lang='grc' dir='ltr'>τοσαῦτα</span> <span class='ocrx_word' id='word_1_334' title='bbox 818 2829 912 2882; x_wconf 70' lang='grc' dir='ltr'>καὶ</span> <span class='ocrx_word' id='word_1_335' title='bbox 956 2825 1179 2880; x_wconf 85' lang='grc' dir='ltr'>τοιαῦτα</span> <span class='ocrx_word' id='word_1_336' title='bbox 1212 2825 1556 2898; x_wconf 83' lang='grc' dir='ltr'>κατορθῶσαι</span> <span class='ocrx_word' id='word_1_337' title='bbox 1589 2827 1863 2898; x_wconf 85' lang='grc' dir='ltr'>ἀνδραγα-</span> 
     </span>
    </p>
   </div>
   <div class='ocr_carea' id='block_1_48' title="bbox 1957 1823 3538 1894">
    <p class='ocr_par' dir='ltr' id='par_1_48' title="bbox 1957 1823 3538 1894">
     <span class='ocr_line' id='line_1_48' title="bbox 1957 1823 3538 1894; baseline 0 -16"><span class='ocrx_word' id='word_1_338' title='bbox 1957 1824 2150 1882; x_wconf 86' lang='lat' dir='ltr'><strong>ticant.</strong></span> <span class='ocrx_word' id='word_1_339' title='bbox 2190 1823 2280 1880; x_wconf 88' lang='lat' dir='ltr'><strong>Sic</strong></span> <span class='ocrx_word' id='word_1_340' title='bbox 2311 1839 2409 1894; x_wconf 85' lang='lat' dir='ltr'><strong>per</strong></span> <span class='ocrx_word' id='word_1_341' title='bbox 2449 1823 2753 1893; x_wconf 85' lang='lat' dir='ltr'><strong>lampadem</strong></span> <span class='ocrx_word' id='word_1_342' title='bbox 2773 1826 2813 1891; x_wconf 77' lang='lat'><strong>‘,</strong></span> <span class='ocrx_word' id='word_1_343' title='bbox 2843 1824 3078 1894; x_wconf 78' lang='lat' dir='ltr'><strong>gratiam</strong></span> <span class='ocrx_word' id='word_1_344' title='bbox 3107 1825 3293 1879; x_wconf 86' lang='lat' dir='ltr'><strong>omnia</strong></span> <span class='ocrx_word' id='word_1_345' title='bbox 3332 1825 3538 1878; x_wconf 89' lang='lat' dir='ltr'><strong>illumi-</strong></span> 
     </span>
    </p>
   </div>
   <div class='ocr_carea' id='block_1_49' title="bbox 1958 1916 3539 1987">
    <p class='ocr_par' dir='ltr' id='par_1_49' title="bbox 1958 1916 3539 1987">
     <span class='ocr_line' id='line_1_49' title="bbox 1958 1916 3539 1987; baseline 0.001 -15"><span class='ocrx_word' id='word_1_346' title='bbox 1958 1928 2183 1974; x_wconf 86' lang='lat' dir='ltr'><strong>nantem</strong></span> <span class='ocrx_word' id='word_1_347' title='bbox 2205 1918 2408 1972; x_wconf 87' lang='lat' dir='ltr'><strong>innuit.</strong></span> <span class='ocrx_word' id='word_1_348' title='bbox 2446 1916 2595 1970; x_wconf 74' lang='lat' dir='ltr'><strong>Duas</strong></span> <span class='ocrx_word' id='word_1_349' title='bbox 2619 1932 2751 1972; x_wconf 88' lang='lat' dir='ltr'><strong>vero</strong></span> <span class='ocrx_word' id='word_1_350' title='bbox 2785 1917 2956 1972; x_wconf 79' lang='lat' dir='ltr'><strong>olivas</strong></span> <span class='ocrx_word' id='word_1_351' title='bbox 2990 1917 3258 1987; x_wconf 87' lang='lat' dir='ltr'><strong>utrinque</strong></span> <span class='ocrx_word' id='word_1_352' title='bbox 3291 1930 3539 1979; x_wconf 78' lang='lat' dir='ltr'><strong>exortas,</strong></span> 
     </span>
    </p>
   </div>
   <div class='ocr_carea' id='block_1_50' title="bbox 1959 2008 3540 2080">
    <p class='ocr_par' dir='ltr' id='par_1_50' title="bbox 1959 2008 3540 2080">
     <span class='ocr_line' id='line_1_50' title="bbox 1959 2008 3540 2080; baseline 0.001 -16"><span class='ocrx_word' id='word_1_353' title='bbox 1959 2024 2188 2079; x_wconf 81' lang='lat' dir='ltr'><strong>regnum</strong></span> <span class='ocrx_word' id='word_1_354' title='bbox 2218 2017 2273 2064; x_wconf 90' lang='lat' dir='ltr'><strong>et</strong></span> <span class='ocrx_word' id='word_1_355' title='bbox 2307 2008 2678 2065; x_wconf 86' lang='lat' dir='ltr'><strong>sacerdotium</strong></span> <span class='ocrx_word' id='word_1_356' title='bbox 2710 2008 2952 2074; x_wconf 89' lang='lat' dir='ltr'><strong>vocavit,</strong></span> <span class='ocrx_word' id='word_1_357' title='bbox 2992 2008 3185 2064; x_wconf 88' lang='lat' dir='ltr'><strong>divina</strong></span> <span class='ocrx_word' id='word_1_358' title='bbox 3229 2011 3404 2080; x_wconf 85' lang='lat' dir='ltr'><strong>gratia</strong></span> <span class='ocrx_word' id='word_1_359' title='bbox 3437 2027 3540 2066; x_wconf 78' lang='lat' dir='ltr'><strong>ex-</strong></span> 
     </span>
    </p>
   </div>
   <div class='ocr_carea' id='block_1_51' title="bbox 1960 2101 3545 2173">
    <p class='ocr_par' dir='ltr' id='par_1_51' title="bbox 1960 2101 3545 2173">
     <span class='ocr_line' id='line_1_51' title="bbox 1960 2101 3545 2173; baseline 0.001 -18"><span class='ocrx_word' id='word_1_360' title='bbox 1960 2110 2187 2168; x_wconf 85' lang='lat' dir='ltr'><strong>ornata;</strong></span> <span class='ocrx_word' id='word_1_361' title='bbox 2218 2101 2352 2155; x_wconf 78' lang='lat' dir='ltr'><strong>duos</strong></span> <span class='ocrx_word' id='word_1_362' title='bbox 2378 2111 2557 2156; x_wconf 88' lang='lat' dir='ltr'><strong>autem</strong></span> <span class='ocrx_word' id='word_1_363' title='bbox 2578 2118 2754 2156; x_wconf 78' lang='lat' dir='ltr'><strong>ramos</strong></span> <span class='ocrx_word' id='word_1_364' title='bbox 2782 2116 2958 2172; x_wconf 89' lang='lat' dir='ltr'><strong>usque</strong></span> <span class='ocrx_word' id='word_1_365' title='bbox 2975 2102 3040 2157; x_wconf 92' lang='lat' dir='ltr'><strong>ad</strong></span> <span class='ocrx_word' id='word_1_366' title='bbox 3060 2102 3315 2160; x_wconf 86' lang='lat' dir='ltr'><strong>lucernas</strong></span> <span class='ocrx_word' id='word_1_367' title='bbox 3333 2106 3545 2173; x_wconf 89' lang='lat' dir='ltr'><strong>pertin-</strong></span> 
     </span>
    </p>
   </div>
   <div class='ocr_carea' id='block_1_52' title="bbox 1959 2191 3546 2264">
    <p class='ocr_par' dir='ltr' id='par_1_52' title="bbox 1959 2191 3546 2264">
     <span class='ocr_line' id='line_1_52' title="bbox 1959 2191 3546 2264; baseline 0.003 -16"><span class='ocrx_word' id='word_1_368' title='bbox 1959 2199 2172 2264; x_wconf 85' lang='lat' dir='ltr'><strong>gentes,</strong></span> <span class='ocrx_word' id='word_1_369' title='bbox 2198 2191 2424 2248; x_wconf 78' lang='lat' dir='ltr'><strong>Josuam</strong></span> <span class='ocrx_word' id='word_1_370' title='bbox 2467 2202 2522 2248; x_wconf 92' lang='lat' dir='ltr'><strong>et</strong></span> <span class='ocrx_word' id='word_1_371' title='bbox 2553 2191 2974 2258; x_wconf 87' lang='lat' dir='ltr'><strong>Zorobabelem,</strong></span> <span class='ocrx_word' id='word_1_372' title='bbox 3006 2194 3159 2249; x_wconf 90' lang='lat' dir='ltr'><strong>illum</strong></span> <span class='ocrx_word' id='word_1_373' title='bbox 3192 2212 3260 2251; x_wconf 79' lang='lat' dir='ltr'><strong>ex</strong></span> <span class='ocrx_word' id='word_1_374' title='bbox 3287 2199 3546 2252; x_wconf 87' lang='lat' dir='ltr'><strong>sacerdo-</strong></span> 
     </span>
    </p>
   </div>
   <div class='ocr_carea' id='block_1_53' title="bbox 1961 2283 3545 2359">
    <p class='ocr_par' dir='ltr' id='par_1_53' title="bbox 1961 2283 3545 2359">
     <span class='ocr_line' id='line_1_53' title="bbox 1961 2283 3545 2359; baseline 0.003 -21"><span class='ocrx_word' id='word_1_375' title='bbox 1961 2285 2081 2350; x_wconf 89' lang='lat' dir='ltr'><strong>tali,</strong></span> <span class='ocrx_word' id='word_1_376' title='bbox 2108 2285 2257 2339; x_wconf 85' lang='lat' dir='ltr'><strong>hunc</strong></span> <span class='ocrx_word' id='word_1_377' title='bbox 2293 2299 2360 2340; x_wconf 82' lang='lat' dir='ltr'><strong>ex</strong></span> <span class='ocrx_word' id='word_1_378' title='bbox 2397 2283 2569 2356; x_wconf 80' lang='lat' dir='ltr'><strong>regali</strong></span> <span class='ocrx_word' id='word_1_379' title='bbox 2605 2285 2756 2339; x_wconf 84' lang='lat' dir='ltr'><strong>tribu</strong></span> <span class='ocrx_word' id='word_1_380' title='bbox 2795 2295 3012 2342; x_wconf 89' lang='lat' dir='ltr'><strong>natum.</strong></span> <span class='ocrx_word' id='word_1_381' title='bbox 3044 2285 3320 2352; x_wconf 83' lang='lat' dir='ltr'><strong>Quoniam</strong></span> <span class='ocrx_word' id='word_1_382' title='bbox 3353 2288 3422 2342; x_wconf 80' lang='lat' dir='ltr'><strong>iis</strong></span> <span class='ocrx_word' id='word_1_383' title='bbox 3447 2289 3545 2359; x_wconf 87' lang='lat' dir='ltr'><strong>qui</strong></span> 
     </span>
    </p>
   </div>
   <div class='ocr_carea' id='block_1_54' title="bbox 1963 2377 3548 2446">
    <p class='ocr_par' dir='ltr' id='par_1_54' title="bbox 1963 2377 3548 2446">
     <span class='ocr_line' id='line_1_54' title="bbox 1963 2377 3548 2446; baseline 0.003 -15"><span class='ocrx_word' id='word_1_384' title='bbox 1963 2377 2274 2433; x_wconf 84' lang='lat' dir='ltr'><strong>rationibus</strong></span> <span class='ocrx_word' id='word_1_385' title='bbox 2322 2377 2586 2443; x_wconf 84' lang='lat' dir='ltr'><strong>humanis</strong></span> <span class='ocrx_word' id='word_1_386' title='bbox 2641 2377 2964 2446; x_wconf 89' lang='lat' dir='ltr'><strong>utebantur,</strong></span> <span class='ocrx_word' id='word_1_387' title='bbox 3014 2379 3348 2437; x_wconf 84' lang='lat' dir='ltr'><strong>incredibile</strong></span> <span class='ocrx_word' id='word_1_388' title='bbox 3398 2382 3548 2436; x_wconf 84' lang='lat' dir='ltr'><strong>vide-</strong></span> 
     </span>
    </p>
   </div>
   <div class='ocr_carea' id='block_1_55' title="bbox 1963 2467 3544 2537">
    <p class='ocr_par' dir='ltr' id='par_1_55' title="bbox 1963 2467 3544 2537">
     <span class='ocr_line' id='line_1_55' title="bbox 1963 2467 3544 2537; baseline 0 -15"><span class='ocrx_word' id='word_1_389' title='bbox 1963 2467 2149 2533; x_wconf 88' lang='lat' dir='ltr'><strong>batur,</strong></span> <span class='ocrx_word' id='word_1_390' title='bbox 2176 2482 2381 2537; x_wconf 88' lang='lat' dir='ltr'><strong>paucos</strong></span> <span class='ocrx_word' id='word_1_391' title='bbox 2411 2467 2580 2527; x_wconf 87' lang='lat' dir='ltr'><strong>viros.</strong></span> <span class='ocrx_word' id='word_1_392' title='bbox 2613 2474 2669 2520; x_wconf 92' lang='lat' dir='ltr'><strong>et</strong></span> <span class='ocrx_word' id='word_1_393' title='bbox 2694 2481 2985 2536; x_wconf 88' lang='lat' dir='ltr'><strong>pauperes,</strong></span> <span class='ocrx_word' id='word_1_394' title='bbox 3014 2479 3068 2522; x_wconf 89' lang='lat' dir='ltr'><strong>et</strong></span> <span class='ocrx_word' id='word_1_395' title='bbox 3088 2469 3182 2537; x_wconf 91' lang='lat' dir='ltr'><strong>qui</strong></span> <span class='ocrx_word' id='word_1_396' title='bbox 3208 2469 3295 2523; x_wconf 77' lang='lat' dir='ltr'><strong>vix</strong></span> <span class='ocrx_word' id='word_1_397' title='bbox 3323 2469 3544 2523; x_wconf 89' lang='lat' dir='ltr'><strong>tandem</strong></span> 
     </span>
    </p>
   </div>
   <div class='ocr_carea' id='block_1_56' title="bbox 1964 2554 3546 2628">
    <p class='ocr_par' dir='ltr' id='par_1_56' title="bbox 1964 2554 3546 2628">
     <span class='ocr_line' id='line_1_56' title="bbox 1964 2554 3546 2628; baseline 0.001 -19"><span class='ocrx_word' id='word_1_398' title='bbox 1964 2556 2115 2610; x_wconf 84' lang='lat' dir='ltr'><strong>illam</strong></span> <span class='ocrx_word' id='word_1_399' title='bbox 2160 2557 2379 2628; x_wconf 79' lang='lat' dir='ltr'><strong>longam</strong></span> <span class='ocrx_word' id='word_1_400' title='bbox 2419 2555 2796 2624; x_wconf 83' lang='lat' dir='ltr'><strong>captivitatem</strong></span> <span class='ocrx_word' id='word_1_401' title='bbox 2830 2554 3180 2626; x_wconf 81' lang='lat' dir='ltr'><strong>effugissent,</strong></span> <span class='ocrx_word' id='word_1_402' title='bbox 3209 2564 3291 2612; x_wconf 89' lang='lat' dir='ltr'><strong>tot</strong></span> <span class='ocrx_word' id='word_1_403' title='bbox 3339 2566 3394 2612; x_wconf 89' lang='lat' dir='ltr'><strong>et</strong></span> <span class='ocrx_word' id='word_1_404' title='bbox 3436 2567 3546 2612; x_wconf 89' lang='lat' dir='ltr'><strong>tam</strong></span> 
     </span>
    </p>
   </div>
   <div class='ocr_carea' id='block_1_57' title="bbox 1965 2645 3570 2720">
    <p class='ocr_par' dir='ltr' id='par_1_57' title="bbox 1965 2645 3570 2720">
     <span class='ocr_line' id='line_1_57' title="bbox 1965 2645 3570 2720; baseline 0.001 -17"><span class='ocrx_word' id='word_1_405' title='bbox 1965 2649 2230 2720; x_wconf 63' lang='lat' dir='ltr'><strong>praeclara</strong></span> <span class='ocrx_word' id='word_1_406' title='bbox 2291 2647 2537 2702; x_wconf 88' lang='lat' dir='ltr'><strong>facinora</strong></span> <span class='ocrx_word' id='word_1_407' title='bbox 2595 2645 2872 2712; x_wconf 88' lang='lat' dir='ltr'><strong>edidisse,</strong></span> <span class='ocrx_word' id='word_1_408' title='bbox 2921 2647 3354 2717; x_wconf 87' lang='lat' dir='ltr'><strong>promissionem</strong></span> <span class='ocrx_word' id='word_1_409' title='bbox 3400 2647 3570 2718; x_wconf 30' lang='lat' dir='ltr'><strong>Deus,</strong></span> 
     </span>
    </p>
   </div>
   <div class='ocr_carea' id='block_1_58' title="bbox 1967 2739 3548 2812">
    <p class='ocr_par' dir='ltr' id='par_1_58' title="bbox 1967 2739 3548 2812">
     <span class='ocr_line' id='line_1_58' title="bbox 1967 2739 3548 2812; baseline 0.001 -16"><span class='ocrx_word' id='word_1_410' title='bbox 1967 2757 2068 2812; x_wconf 86' lang='lat' dir='ltr'><strong>per</strong></span> <span class='ocrx_word' id='word_1_411' title='bbox 2123 2756 2188 2796; x_wconf 91' lang='lat' dir='ltr'><strong>ea</strong></span> <span class='ocrx_word' id='word_1_412' title='bbox 2242 2755 2366 2811; x_wconf 76' lang='lat' dir='ltr'><strong>qua:</strong></span> <span class='ocrx_word' id='word_1_413' title='bbox 2417 2747 2642 2796; x_wconf 88' lang='lat' dir='ltr'><strong>ostensa</strong></span> <span class='ocrx_word' id='word_1_414' title='bbox 2697 2745 2826 2795; x_wconf 90' lang='lat' dir='ltr'><strong>sunt</strong></span> <span class='ocrx_word' id='word_1_415' title='bbox 2883 2739 3286 2796; x_wconf 82' lang='lat' dir='ltr'><strong>confirmavit:</strong></span> <span class='ocrx_word' id='word_1_416' title='bbox 3339 2741 3548 2797; x_wconf 87' lang='lat' dir='ltr'><strong>docens</strong></span> 
     </span>
    </p>
   </div>
   <div class='ocr_carea' id='block_1_59' title="bbox 1966 2833 3551 2905">
    <p class='ocr_par' dir='ltr' id='par_1_59' title="bbox 1966 2833 3551 2905">
     <span class='ocr_line' id='line_1_59' title="bbox 1966 2833 3551 2905; baseline -0.001 -16"><span class='ocrx_word' id='word_1_417' title='bbox 1966 2835 2074 2890; x_wconf 89' lang='lat' dir='ltr'><strong>ista</strong></span> <span class='ocrx_word' id='word_1_418' title='bbox 2099 2847 2210 2889; x_wconf 89' lang='lat' dir='ltr'><strong>non</strong></span> <span class='ocrx_word' id='word_1_419' title='bbox 2236 2848 2430 2888; x_wconf 89' lang='lat' dir='ltr'><strong>eorum</strong></span> <span class='ocrx_word' id='word_1_420' title='bbox 2463 2833 2697 2896; x_wconf 86' lang='lat' dir='ltr'><strong>viribus,</strong></span> <span class='ocrx_word' id='word_1_421' title='bbox 2737 2833 2830 2888; x_wconf 90' lang='lat' dir='ltr'><strong>sed</strong></span> <span class='ocrx_word' id='word_1_422' title='bbox 2865 2833 3046 2904; x_wconf 87' lang='lat' dir='ltr'><strong>gratia</strong></span> <span class='ocrx_word' id='word_1_423' title='bbox 3078 2849 3180 2889; x_wconf 87' lang='lat' dir='ltr'><strong>sua</strong></span> <span class='ocrx_word' id='word_1_424' title='bbox 3207 2833 3387 2892; x_wconf 84' lang='lat' dir='ltr'><strong>fuisse</strong></span> <span class='ocrx_word' id='word_1_425' title='bbox 3422 2852 3551 2905; x_wconf 81' lang='lat' dir='ltr'><strong>per-</strong></span> 
     </span>
    </p>
   </div>
   <div class='ocr_carea' id='block_1_60' title="bbox 280 2915 1862 2998">
    <p class='ocr_par' dir='ltr' id='par_1_60' title="bbox 280 2915 1862 2994">
     <span class='ocr_line' id='line_1_60' title="bbox 280 2915 1862 2994; baseline -0.004 -17"><span class='ocrx_word' id='word_1_426' title='bbox 280 2924 525 2994; x_wconf 83' lang='grc' dir='ltr'>θὴματα,</span> <span class='ocrx_word' id='word_1_427' title='bbox 559 2919 860 2974; x_wconf 86' lang='grc' dir='ltr'>ἐϐεϐαίωσε</span> <span class='ocrx_word' id='word_1_428' title='bbox 891 2919 1002 2980; x_wconf 83' lang='grc' dir='ltr'>τοῖς</span> <span class='ocrx_word' id='word_1_429' title='bbox 1049 2917 1416 2987; x_wconf 82' lang='grc' dir='ltr'>ὑποδειχθεῖσι</span> <span class='ocrx_word' id='word_1_430' title='bbox 1446 2915 1543 2987; x_wconf 81' lang='grc' dir='ltr'>τὴν</span> <span class='ocrx_word' id='word_1_431' title='bbox 1573 2915 1862 2987; x_wconf 84' lang='grc' dir='ltr'>ὑπόσχεσιν</span> 
     </span>
    </p>
   </div>
   <div class='ocr_carea' id='block_1_61' title="bbox 1966 2915 3550 2998">
    <p class='ocr_par' dir='ltr' id='par_1_61' title="bbox 1970 2925 3550 2998">
     <span class='ocr_line' id='line_1_61' title="bbox 1970 2925 3550 2998; baseline 0.003 -18"><span class='ocrx_word' id='word_1_432' title='bbox 1970 2926 2134 2982; x_wconf 76' lang='lat' dir='ltr'><strong>facta.</strong></span> <span class='ocrx_word' id='word_1_433' title='bbox 2174 2925 2353 2996; x_wconf 82' lang='lat' dir='ltr'><strong>Atque</strong></span> <span class='ocrx_word' id='word_1_434' title='bbox 2391 2925 2535 2979; x_wconf 84' lang='lat' dir='ltr'><strong>hanc</strong></span> <span class='ocrx_word' id='word_1_435' title='bbox 2567 2925 2992 2994; x_wconf 81' lang='lat' dir='ltr'><strong>explicationem</strong></span> <span class='ocrx_word' id='word_1_436' title='bbox 3027 2926 3097 2982; x_wconf 85' lang='lat' dir='ltr'><strong>ab</strong></span> <span class='ocrx_word' id='word_1_437' title='bbox 3145 2926 3266 2998; x_wconf 86' lang='lat' dir='ltr'><strong>ipso</strong></span> <span class='ocrx_word' id='word_1_438' title='bbox 3311 2926 3550 2984; x_wconf 82' lang='lat' dir='ltr'><strong>Domino</strong></span> 
     </span>
    </p>
   </div>
   <div class='ocr_carea' id='block_1_62' title="bbox 279 3007 1862 3106">
    <p class='ocr_par' dir='ltr' id='par_1_62' title="bbox 279 3007 1862 3079">
     <span class='ocr_line' id='line_1_62' title="bbox 279 3007 1862 3079; baseline -0.005 -10"><span class='ocrx_word' id='word_1_439' title='bbox 279 3017 312 3069; x_wconf 83' lang='grc' dir='ltr'><strong>ό</strong></span> <span class='ocrx_word' id='word_1_440' title='bbox 338 3015 489 3078; x_wconf 82' lang='grc' dir='ltr'>Θεὸς,</span> <span class='ocrx_word' id='word_1_441' title='bbox 521 3013 808 3073; x_wconf 81' lang='grc' dir='ltr'>διδάσκων,</span> <span class='ocrx_word' id='word_1_442' title='bbox 844 3009 920 3074; x_wconf 89' lang='grc' dir='ltr'><strong>ώς</strong></span> <span class='ocrx_word' id='word_1_443' title='bbox 949 3010 1010 3062; x_wconf 87' lang='grc' dir='ltr'><strong>ού</strong></span> <span class='ocrx_word' id='word_1_444' title='bbox 1041 3009 1141 3079; x_wconf 77' lang='grc' dir='ltr'>τῆς</span> <span class='ocrx_word' id='word_1_445' title='bbox 1171 3007 1350 3062; x_wconf 78' lang='grc' dir='ltr'>αὐτῶν</span> <span class='ocrx_word' id='word_1_446' title='bbox 1389 3007 1695 3078; x_wconf 88' lang='grc' dir='ltr'>δυνάμεως,</span> <span class='ocrx_word' id='word_1_447' title='bbox 1729 3007 1862 3061; x_wconf 82' lang='grc' dir='ltr'>ἀλλά</span> 
     </span>
    </p>
   </div>
   <div class='ocr_carea' id='block_1_63' title="bbox 1966 3007 3550 3106">
    <p class='ocr_par' dir='ltr' id='par_1_63' title="bbox 1969 3013 3550 3088">
     <span class='ocr_line' id='line_1_63' title="bbox 1969 3013 3550 3088; baseline -0.001 -18"><span class='ocrx_word' id='word_1_448' title='bbox 1969 3015 2287 3078; x_wconf 86' lang='lat' dir='ltr'><strong>didicimus,</strong></span> <span class='ocrx_word' id='word_1_449' title='bbox 2314 3015 2408 3084; x_wconf 89' lang='lat' dir='ltr'><strong>qui</strong></span> <span class='ocrx_word' id='word_1_450' title='bbox 2441 3014 2712 3082; x_wconf 77' lang='lat' dir='ltr'><strong>visionem</strong></span> <span class='ocrx_word' id='word_1_451' title='bbox 2746 3014 2897 3069; x_wconf 85' lang='lat' dir='ltr'><strong>illam</strong></span> <span class='ocrx_word' id='word_1_452' title='bbox 2933 3013 3202 3074; x_wconf 87' lang='lat' dir='ltr'><strong>ostendit.</strong></span> <span class='ocrx_word' id='word_1_453' title='bbox 3224 3014 3378 3088; x_wconf 69' lang='lat'><strong>{4-6.}</strong></span> <span class='ocrx_word' id='word_1_454' title='bbox 3412 3014 3550 3070; x_wconf 82' lang='lat' dir='ltr'><strong>Nam</strong></span> 
     </span>
    </p>
   </div>
   <div class='ocr_carea' id='block_1_64' title="bbox 279 3097 1862 3180">
    <p class='ocr_par' dir='ltr' id='par_1_64' title="bbox 279 3097 1862 3177">
     <span class='ocr_line' id='line_1_64' title="bbox 279 3097 1862 3177; baseline -0.005 -17"><span class='ocrx_word' id='word_1_455' title='bbox 279 3106 383 3177; x_wconf 81' lang='grc' dir='ltr'>τῆς</span> <span class='ocrx_word' id='word_1_456' title='bbox 411 3101 580 3158; x_wconf 81' lang='grc' dir='ltr'>αὑτοῦ</span> <span class='ocrx_word' id='word_1_457' title='bbox 611 3100 829 3172; x_wconf 83' lang='grc' dir='ltr'>χάριτός</span> <span class='ocrx_word' id='word_1_458' title='bbox 861 3101 1010 3153; x_wconf 82' lang='grc' dir='ltr'>ἐστιν</span> <span class='ocrx_word' id='word_1_459' title='bbox 1039 3101 1073 3172; x_wconf 75' lang='grc' dir='ltr'><strong>ἡ</strong></span> <span class='ocrx_word' id='word_1_460' title='bbox 1104 3097 1464 3170; x_wconf 87' lang='grc' dir='ltr'>κατόρθωσις.</span> <span class='ocrx_word' id='word_1_461' title='bbox 1506 3100 1617 3153; x_wconf 73' lang='grc' dir='ltr'><strong>Καὶ</strong></span> <span class='ocrx_word' id='word_1_462' title='bbox 1658 3099 1862 3170; x_wconf 81' lang='grc' dir='ltr'>ταύτην</span> 
     </span>
    </p>
   </div>
   <div class='ocr_carea' id='block_1_65' title="bbox 1966 3097 3568 3180">
    <p class='ocr_par' dir='ltr' id='par_1_65' title="bbox 1972 3107 3568 3180">
     <span class='ocr_line' id='line_1_65' title="bbox 1972 3107 3568 3180; baseline 0.003 -18"><span class='ocrx_word' id='word_1_463' title='bbox 1972 3122 2098 3162; x_wconf 89' lang='lat' dir='ltr'><strong>cum</strong></span> <span class='ocrx_word' id='word_1_464' title='bbox 2121 3107 2391 3176; x_wconf 88' lang='lat' dir='ltr'><strong>propheta</strong></span> <span class='ocrx_word' id='word_1_465' title='bbox 2427 3114 2874 3176; x_wconf 83' lang='lat' dir='ltr'><strong>percontaretur,</strong></span> <span class='ocrx_word' id='word_1_466' title='bbox 2899 3121 3134 3177; x_wconf 86' lang='lat' dir='ltr'><strong>quarum</strong></span> <span class='ocrx_word' id='word_1_467' title='bbox 3168 3122 3352 3163; x_wconf 87' lang='lat' dir='ltr'><strong>rerum</strong></span> <span class='ocrx_word' id='word_1_468' title='bbox 3372 3109 3568 3180; x_wconf 80' lang='lat' dir='ltr'><strong>ﬁgura.</strong></span> 
     </span>
    </p>
   </div>
   <div class='ocr_carea' id='block_1_66' title="bbox 281 3189 1862 3270">
    <p class='ocr_par' dir='ltr' id='par_1_66' title="bbox 281 3189 1862 3269">
     <span class='ocr_line' id='line_1_66' title="bbox 281 3189 1862 3269; baseline -0.004 -19"><span class='ocrx_word' id='word_1_469' title='bbox 281 3197 382 3269; x_wconf 79' lang='grc' dir='ltr'>τὴν</span> <span class='ocrx_word' id='word_1_470' title='bbox 427 3196 729 3268; x_wconf 78' lang='grc' dir='ltr'>ἑρμηνείαν</span> <span class='ocrx_word' id='word_1_471' title='bbox 779 3193 910 3262; x_wconf 87' lang='grc' dir='ltr'>παρ’</span> <span class='ocrx_word' id='word_1_472' title='bbox 957 3189 1123 3245; x_wconf 77' lang='grc' dir='ltr'>αὐτοῦ</span> <span class='ocrx_word' id='word_1_473' title='bbox 1170 3190 1572 3262; x_wconf 75' lang='grc' dir='ltr'>μεμαθήκαμεν</span> <span class='ocrx_word' id='word_1_474' title='bbox 1622 3189 1718 3244; x_wconf 87' lang='grc' dir='ltr'><strong>τοῦ</strong></span> <span class='ocrx_word' id='word_1_475' title='bbox 1763 3191 1862 3261; x_wconf 76' lang='grc' dir='ltr'>τὴν</span> 
     </span>
    </p>
   </div>
   <div class='ocr_carea' id='block_1_67' title="bbox 1966 3189 3571 3270">
    <p class='ocr_par' dir='ltr' id='par_1_67' title="bbox 1974 3197 3571 3270">
     <span class='ocr_line' id='line_1_67' title="bbox 1974 3197 3571 3270; baseline -0.001 -15"><span class='ocrx_word' id='word_1_476' title='bbox 1974 3208 2030 3255; x_wconf 92' lang='lat' dir='ltr'><strong>et</strong></span> <span class='ocrx_word' id='word_1_477' title='bbox 2049 3199 2343 3270; x_wconf 74' lang='lat' dir='ltr'><strong>aenigmata</strong></span> <span class='ocrx_word' id='word_1_478' title='bbox 2373 3207 2583 3264; x_wconf 88' lang='lat' dir='ltr'><strong>essent,</strong></span> <span class='ocrx_word' id='word_1_479' title='bbox 2612 3213 2730 3268; x_wconf 76' lang='lat' dir='ltr'><strong>quae</strong></span> <span class='ocrx_word' id='word_1_480' title='bbox 2775 3197 3002 3254; x_wconf 84' lang='lat' dir='ltr'><strong>fuerant</strong></span> <span class='ocrx_word' id='word_1_481' title='bbox 3034 3199 3439 3264; x_wconf 86' lang='lat' dir='ltr'><strong>demonstrata,</strong></span> <span class='ocrx_word' id='word_1_482' title='bbox 3467 3201 3571 3256; x_wconf 80' lang='lat' dir='ltr'><strong>di—.</strong></span> 
     </span>
    </p>
   </div>
   <div class='ocr_carea' id='block_1_68' title="bbox 281 3282 1862 3362">
    <p class='ocr_par' dir='ltr' id='par_1_68' title="bbox 281 3282 1862 3360">
     <span class='ocr_line' id='line_1_68' title="bbox 281 3282 1862 3360; baseline -0.005 -18"><span class='ocrx_word' id='word_1_483' title='bbox 281 3289 404 3360; x_wconf 64' lang='grc' dir='ltr'>δψιν</span> <span class='ocrx_word' id='word_1_484' title='bbox 435 3286 653 3357; x_wconf 81' lang='grc' dir='ltr'>ἐκείνην</span> <span class='ocrx_word' id='word_1_485' title='bbox 683 3283 1064 3348; x_wconf 80' lang='grc' dir='ltr'>ὑποδείξαντος</span> <span class='ocrx_word' id='word_1_486' title='bbox 1109 3282 1381 3336; x_wconf 84' lang='grc' dir='ltr'>Δεσπότου</span> <span class='ocrx_word' id='word_1_487' title='bbox 1407 3298 1421 3312; x_wconf 77' lang='grc' dir='ltr'><strong>ο</strong></span> <span class='ocrx_word' id='word_1_488' title='bbox 1467 3282 1562 3336; x_wconf 88' lang='grc' dir='ltr'><strong>τοῦ</strong></span> <span class='ocrx_word' id='word_1_489' title='bbox 1595 3283 1702 3356; x_wconf 85' lang='grc' dir='ltr'>γὰρ</span> <span class='ocrx_word' id='word_1_490' title='bbox 1732 3300 1862 3356; x_wconf 86' lang='grc' dir='ltr'>προ-</span> 
     </span>
    </p>
   </div>
   <div class='ocr_carea' id='block_1_69' title="bbox 1966 3282 3556 3362">
    <p class='ocr_par' dir='ltr' id='par_1_69' title="bbox 1973 3291 3556 3362">
     <span class='ocr_line' id='line_1_69' title="bbox 1973 3291 3556 3362; baseline 0.001 -16"><span class='ocrx_word' id='word_1_491' title='bbox 1973 3292 2138 3346; x_wconf 79' lang='lat' dir='ltr'><strong>vinus</strong></span> <span class='ocrx_word' id='word_1_492' title='bbox 2187 3291 2416 3362; x_wconf 86' lang='lat' dir='ltr'><strong>angelus</strong></span> <span class='ocrx_word' id='word_1_493' title='bbox 2470 3291 2594 3345; x_wconf 87' lang='lat' dir='ltr'><strong>ait:</strong></span> <span class='ocrx_word' id='word_1_494' title='bbox 2639 3309 2657 3342; x_wconf 81' lang='grc' dir='ltr'><strong>ι</strong></span> <span class='ocrx_word' id='word_1_495' title='bbox 2690 3292 2800 3347; x_wconf 90' lang='lat' dir='ltr'><strong>lste</strong></span> <span class='ocrx_word' id='word_1_496' title='bbox 2847 3300 2935 3346; x_wconf 87' lang='lat' dir='ltr'><strong>est</strong></span> <span class='ocrx_word' id='word_1_497' title='bbox 2993 3303 3176 3347; x_wconf 83' lang='lat' dir='ltr'><strong>sermo</strong></span> <span class='ocrx_word' id='word_1_498' title='bbox 3232 3291 3449 3348; x_wconf 90' lang='lat' dir='ltr'><strong>Domini</strong></span> <span class='ocrx_word' id='word_1_499' title='bbox 3483 3292 3556 3347; x_wconf 87' lang='lat' dir='ltr'><strong>ad</strong></span> 
     </span>
    </p>
   </div>
   <div class='ocr_carea' id='block_1_70' title="bbox 284 3375 1862 3456">
    <p class='ocr_par' dir='ltr' id='par_1_70' title="bbox 284 3375 1862 3454">
     <span class='ocr_line' id='line_1_70' title="bbox 284 3375 1862 3454; baseline -0.01 -13"><span class='ocrx_word' id='word_1_500' title='bbox 284 3383 459 3454; x_wconf 79' lang='grc' dir='ltr'>φήτου</span> <span class='ocrx_word' id='word_1_501' title='bbox 490 3377 799 3448; x_wconf 83' lang='grc' dir='ltr'>πυθομένου</span> <span class='ocrx_word' id='word_1_502' title='bbox 844 3375 915 3430; x_wconf 81' lang='grc' dir='ltr'><strong>τὰ</strong></span> <span class='ocrx_word' id='word_1_503' title='bbox 953 3375 1237 3446; x_wconf 79' lang='grc' dir='ltr'>δειχθέντα</span> <span class='ocrx_word' id='word_1_504' title='bbox 1264 3375 1426 3430; x_wconf 85' lang='grc' dir='ltr'>τίνων</span> <span class='ocrx_word' id='word_1_505' title='bbox 1457 3376 1583 3430; x_wconf 73' lang='grc' dir='ltr'><strong>ἐστὶ⁴</strong></span> <span class='ocrx_word' id='word_1_506' title='bbox 1602 3376 1862 3448; x_wconf 84' lang='grc' dir='ltr'>πραγμά-</span> 
     </span>
    </p>
   </div>
   <div class='ocr_carea' id='block_1_71' title="bbox 1966 3375 3554 3456">
    <p class='ocr_par' dir='ltr' id='par_1_71' title="bbox 1978 3381 3554 3456">
     <span class='ocr_line' id='line_1_71' title="bbox 1978 3381 3554 3456; baseline 0.001 -20"><span class='ocrx_word' id='word_1_507' title='bbox 1978 3382 2394 3449; x_wconf 83' lang='lat' dir='ltr'><strong>Zorobabelem,</strong></span> <span class='ocrx_word' id='word_1_508' title='bbox 2443 3383 2633 3438; x_wconf 85' lang='lat' dir='ltr'><strong>dicens</strong></span> <span class='ocrx_word' id='word_1_509' title='bbox 2666 3399 2681 3435; x_wconf 88' lang='lat'><strong><em>:</em></strong></span> <span class='ocrx_word' id='word_1_510' title='bbox 2719 3381 2838 3437; x_wconf 84' lang='lat' dir='ltr'><strong>Non</strong></span> <span class='ocrx_word' id='word_1_511' title='bbox 2864 3383 2922 3438; x_wconf 89' lang='lat' dir='ltr'><strong>in</strong></span> <span class='ocrx_word' id='word_1_512' title='bbox 2955 3383 3282 3441; x_wconf 80' lang='lat' dir='ltr'><strong>fortitudine</strong></span> <span class='ocrx_word' id='word_1_513' title='bbox 3330 3399 3554 3456; x_wconf 85' lang='lat' dir='ltr'><strong>magna,</strong></span> 
     </span>
    </p>
   </div>
   <div class='ocr_carea' id='block_1_72' title="bbox 283 3460 1862 3545">
    <p class='ocr_par' dir='ltr' id='par_1_72' title="bbox 283 3460 1862 3542">
     <span class='ocr_line' id='line_1_72' title="bbox 283 3460 1862 3542; baseline -0.003 -15"><span class='ocrx_word' id='word_1_514' title='bbox 283 3489 394 3527; x_wconf 88' lang='grc' dir='ltr'><strong>των</strong></span> <span class='ocrx_word' id='word_1_515' title='bbox 448 3472 769 3542; x_wconf 71' lang='grc' dir='ltr'>αἰνίγματα,</span> <span class='ocrx_word' id='word_1_516' title='bbox 828 3471 856 3522; x_wconf 89' lang='grc' dir='ltr'>ὁ</span> <span class='ocrx_word' id='word_1_517' title='bbox 913 3469 1055 3532; x_wconf 84' lang='grc' dir='ltr'>θεῖος</span> <span class='ocrx_word' id='word_1_518' title='bbox 1093 3468 1327 3538; x_wconf 81' lang='grc' dir='ltr'>ἄγγελος</span> <span class='ocrx_word' id='word_1_519' title='bbox 1369 3468 1508 3540; x_wconf 79' lang='grc' dir='ltr'>ἔφη·</span> <span class='ocrx_word' id='word_1_520' title='bbox 1575 3460 1788 3530; x_wconf 76' lang='grc' dir='ltr'>«Οὗτος</span> <span class='ocrx_word' id='word_1_521' title='bbox 1841 3471 1862 3522; x_wconf 73' lang='grc' dir='ltr'><strong>ό</strong></span> 
     </span>
    </p>
   </div>
   <div class='ocr_carea' id='block_1_73' title="bbox 1966 3460 3560 3545">
    <p class='ocr_par' dir='ltr' id='par_1_73' title="bbox 1973 3472 3560 3545">
     <span class='ocr_line' id='line_1_73' title="bbox 1973 3472 3560 3545; baseline 0 -14"><span class='ocrx_word' id='word_1_522' title='bbox 1973 3491 2152 3545; x_wconf 88' lang='lat' dir='ltr'><strong>neque</strong></span> <span class='ocrx_word' id='word_1_523' title='bbox 2178 3475 2234 3529; x_wconf 93' lang='lat' dir='ltr'><strong>in</strong></span> <span class='ocrx_word' id='word_1_524' title='bbox 2262 3476 2493 3542; x_wconf 90' lang='lat' dir='ltr'><strong>robore,</strong></span> <span class='ocrx_word' id='word_1_525' title='bbox 2538 3474 2634 3530; x_wconf 89' lang='lat' dir='ltr'><strong>sed</strong></span> <span class='ocrx_word' id='word_1_526' title='bbox 2671 3475 2726 3528; x_wconf 92' lang='lat' dir='ltr'><strong>in</strong></span> <span class='ocrx_word' id='word_1_527' title='bbox 2762 3472 2974 3544; x_wconf 87' lang='lat' dir='ltr'><strong>Spiritu</strong></span> <span class='ocrx_word' id='word_1_528' title='bbox 3022 3490 3168 3541; x_wconf 85' lang='lat' dir='ltr'><strong>meo,</strong></span> <span class='ocrx_word' id='word_1_529' title='bbox 3203 3475 3342 3531; x_wconf 84' lang='lat' dir='ltr'><strong>dicit</strong></span> <span class='ocrx_word' id='word_1_530' title='bbox 3378 3475 3560 3531; x_wconf 83' lang='lat' dir='ltr'><strong>Domi-</strong></span> 
     </span>
    </p>
   </div>
   <div class='ocr_carea' id='block_1_74' title="bbox 283 3562 1862 3638">
    <p class='ocr_par' dir='ltr' id='par_1_74' title="bbox 283 3562 1862 3638">
     <span class='ocr_line' id='line_1_74' title="bbox 283 3562 1862 3638; baseline -0.004 -16"><span class='ocrx_word' id='word_1_531' title='bbox 283 3568 446 3637; x_wconf 86' lang='grc' dir='ltr'>λόγος</span> <span class='ocrx_word' id='word_1_532' title='bbox 500 3567 709 3638; x_wconf 85' lang='grc' dir='ltr'>Κυρίου</span> <span class='ocrx_word' id='word_1_533' title='bbox 767 3563 905 3634; x_wconf 79' lang='grc' dir='ltr'>πρὸς</span> <span class='ocrx_word' id='word_1_534' title='bbox 961 3562 1292 3634; x_wconf 85' lang='grc' dir='ltr'>Ζοροϐάϐελ,</span> <span class='ocrx_word' id='word_1_535' title='bbox 1350 3563 1565 3634; x_wconf 83' lang='grc' dir='ltr'>λέγων·</span> <span class='ocrx_word' id='word_1_536' title='bbox 1643 3562 1758 3616; x_wconf 82' lang='grc' dir='ltr'>Οὐκ</span> <span class='ocrx_word' id='word_1_537' title='bbox 1814 3565 1862 3615; x_wconf 76' lang='grc' dir='ltr'><strong>ἐι</strong></span> 
     </span>
    </p>
   </div>
   <div class='ocr_carea' id='block_1_75' title="bbox 1966 3562 3561 3638">
    <p class='ocr_par' dir='ltr' id='par_1_75' title="bbox 1976 3562 3561 3635">
     <span class='ocr_line' id='line_1_75' title="bbox 1976 3562 3561 3635; baseline 0.002 -15"><span class='ocrx_word' id='word_1_538' title='bbox 1976 3581 2084 3622; x_wconf 86' lang='lat' dir='ltr'><strong>nus</strong></span> <span class='ocrx_word' id='word_1_539' title='bbox 2118 3565 2495 3635; x_wconf 89' lang='lat' dir='ltr'><strong>omnipotens.</strong></span> <span class='ocrx_word' id='word_1_540' title='bbox 2539 3583 2558 3616; x_wconf 75' lang='grc' dir='ltr'><strong>ι</strong></span> <span class='ocrx_word' id='word_1_541' title='bbox 2603 3562 2791 3632; x_wconf 85' lang='lat' dir='ltr'><strong>Neque</strong></span> <span class='ocrx_word' id='word_1_542' title='bbox 2841 3564 2910 3618; x_wconf 88' lang='lat' dir='ltr'><strong>ad</strong></span> <span class='ocrx_word' id='word_1_543' title='bbox 2949 3573 3282 3635; x_wconf 71' lang='lat' dir='ltr'><strong>praesentem</strong></span> <span class='ocrx_word' id='word_1_544' title='bbox 3311 3568 3561 3622; x_wconf 81' lang='lat' dir='ltr'><strong>tenuita-</strong></span> 
     </span>
    </p>
   </div>
   <div class='ocr_carea' id='block_1_76' title="bbox 284 3653 1862 3732">
    <p class='ocr_par' dir='ltr' id='par_1_76' title="bbox 284 3653 1862 3732">
     <span class='ocr_line' id='line_1_76' title="bbox 284 3653 1862 3732; baseline -0.006 -17"><span class='ocrx_word' id='word_1_545' title='bbox 284 3660 514 3732; x_wconf 85' lang='grc' dir='ltr'>δυνάμει</span> <span class='ocrx_word' id='word_1_546' title='bbox 561 3658 792 3730; x_wconf 77' lang='grc' dir='ltr'>μεγάλῃ,</span> <span class='ocrx_word' id='word_1_547' title='bbox 831 3655 951 3708; x_wconf 78' lang='grc' dir='ltr'>οὐδὲ</span> <span class='ocrx_word' id='word_1_548' title='bbox 985 3655 1042 3708; x_wconf 85' lang='grc' dir='ltr'><strong>ἐν</strong></span> <span class='ocrx_word' id='word_1_549' title='bbox 1086 3654 1254 3725; x_wconf 78' lang='grc' dir='ltr'>ἰσχύϊ,</span> <span class='ocrx_word' id='word_1_550' title='bbox 1319 3654 1435 3708; x_wconf 88' lang='grc' dir='ltr'>ἀλλ’</span> <span class='ocrx_word' id='word_1_551' title='bbox 1479 3658 1536 3708; x_wconf 84' lang='grc' dir='ltr'><strong>ἐν</strong></span> <span class='ocrx_word' id='word_1_552' title='bbox 1593 3653 1862 3723; x_wconf 76' lang='grc' dir='ltr'>Πνεύματ1</span> 
     </span>
    </p>
   </div>
   <div class='ocr_carea' id='block_1_77' title="bbox 1966 3653 3559 3732">
    <p class='ocr_par' dir='ltr' id='par_1_77' title="bbox 1977 3653 3559 3730">
     <span class='ocr_line' id='line_1_77' title="bbox 1977 3653 3559 3730; baseline 0.002 -20"><span class='ocrx_word' id='word_1_553' title='bbox 1977 3665 2108 3718; x_wconf 89' lang='lat' dir='ltr'><strong>tem,</strong></span> <span class='ocrx_word' id='word_1_554' title='bbox 2135 3669 2169 3709; x_wconf 90' lang='grc' dir='ltr'><strong>ο</strong></span> <span class='ocrx_word' id='word_1_555' title='bbox 2208 3654 2540 3718; x_wconf 88' lang='lat' dir='ltr'><strong>Zorobabel,</strong></span> <span class='ocrx_word' id='word_1_556' title='bbox 2566 3653 2894 3722; x_wconf 89' lang='lat' dir='ltr'><strong>respiciens,</strong></span> <span class='ocrx_word' id='word_1_557' title='bbox 2933 3653 3326 3726; x_wconf 72' lang='lat' dir='ltr'><strong>praedictorum</strong></span> <span class='ocrx_word' id='word_1_558' title='bbox 3358 3657 3559 3730; x_wconf 80' lang='lat' dir='ltr'><strong>despe—</strong></span> 
     </span>
    </p>
   </div>
   <div class='ocr_carea' id='block_1_78' title="bbox 290 3745 1862 3823">
    <p class='ocr_par' dir='ltr' id='par_1_78' title="bbox 290 3745 1862 3823">
     <span class='ocr_line' id='line_1_78' title="bbox 290 3745 1862 3823; baseline -0.004 -18"><span class='ocrx_word' id='word_1_559' title='bbox 290 3768 416 3823; x_wconf 85' lang='grc' dir='ltr'>μου,</span> <span class='ocrx_word' id='word_1_560' title='bbox 464 3750 612 3818; x_wconf 82' lang='grc' dir='ltr'>λέγει</span> <span class='ocrx_word' id='word_1_561' title='bbox 659 3748 864 3819; x_wconf 77' lang='grc' dir='ltr'>Κύριος</span> <span class='ocrx_word' id='word_1_562' title='bbox 906 3745 1330 3816; x_wconf 82' lang='grc' dir='ltr'>παντοκράτωρ.</span> <span class='ocrx_word' id='word_1_563' title='bbox 1361 3765 1377 3794; x_wconf 75' lang='grc' dir='ltr'><strong>ι</strong></span> <span class='ocrx_word' id='word_1_564' title='bbox 1441 3746 1596 3816; x_wconf 85' lang='grc' dir='ltr'>Μήτε</span> <span class='ocrx_word' id='word_1_565' title='bbox 1638 3748 1719 3808; x_wconf 81' lang='grc' dir='ltr'><strong>εἰς</strong></span> <span class='ocrx_word' id='word_1_566' title='bbox 1774 3745 1862 3815; x_wconf 60' lang='lat' dir='ltr'><strong>sip.</strong></span> 
     </span>
    </p>
   </div>
   <div class='ocr_carea' id='block_1_79' title="bbox 1966 3745 3562 3823">
    <p class='ocr_par' dir='ltr' id='par_1_79' title="bbox 1979 3746 3562 3820">
     <span class='ocr_line' id='line_1_79' title="bbox 1979 3746 3562 3820; baseline 0.003 -19"><span class='ocrx_word' id='word_1_567' title='bbox 1979 3761 2068 3802; x_wconf 92' lang='lat' dir='ltr'><strong>res</strong></span> <span class='ocrx_word' id='word_1_568' title='bbox 2096 3746 2306 3801; x_wconf 81' lang='lat' dir='ltr'><strong>exitum</strong></span> <span class='ocrx_word' id='word_1_569' title='bbox 2339 3765 2352 3801; x_wconf 89' lang='lat'>:</span> <span class='ocrx_word' id='word_1_570' title='bbox 2380 3760 2560 3816; x_wconf 87' lang='lat' dir='ltr'><strong>neque</strong></span> <span class='ocrx_word' id='word_1_571' title='bbox 2588 3759 2810 3809; x_wconf 86' lang='lat' dir='ltr'><strong>rursus,</strong></span> <span class='ocrx_word' id='word_1_572' title='bbox 2851 3761 2975 3801; x_wconf 91' lang='lat' dir='ltr'><strong>cum</strong></span> <span class='ocrx_word' id='word_1_573' title='bbox 3011 3747 3294 3818; x_wconf 84' lang='lat' dir='ltr'><strong>quidpiam</strong></span> <span class='ocrx_word' id='word_1_574' title='bbox 3326 3753 3562 3820; x_wconf 75' lang='lat' dir='ltr'><strong>prmcla~</strong></span> 
     </span>
    </p>
   </div>
   <div class='ocr_carea' id='block_1_80' title="bbox 287 3831 1862 3914">
    <p class='ocr_par' dir='ltr' id='par_1_80' title="bbox 287 3831 1862 3914">
     <span class='ocr_line' id='line_1_80' title="bbox 287 3831 1862 3914; baseline -0.004 -18"><span class='ocrx_word' id='word_1_575' title='bbox 287 3840 572 3914; x_wconf 73' lang='grc' dir='ltr'>παροῦσαν</span> <span class='ocrx_word' id='word_1_576' title='bbox 604 3839 903 3902; x_wconf 75' lang='grc' dir='ltr'>εὐτέλειαν,</span> <span class='ocrx_word' id='word_1_577' title='bbox 945 3831 990 3892; x_wconf 82' lang='grc' dir='ltr'><strong>ὦ</strong></span> <span class='ocrx_word' id='word_1_578' title='bbox 1034 3836 1365 3910; x_wconf 87' lang='grc' dir='ltr'>Ζοροϐάϐελ,</span> <span class='ocrx_word' id='word_1_579' title='bbox 1410 3836 1734 3890; x_wconf 85' lang='grc' dir='ltr'>ἀποϐλέπων</span> <span class='ocrx_word' id='word_1_580' title='bbox 1767 3836 1862 3890; x_wconf 68' lang='grc' dir='ltr'><strong>τῶι</strong></span> 
     </span>
    </p>
   </div>
   <div class='ocr_carea' id='block_1_81' title="bbox 1966 3831 3560 3914">
    <p class='ocr_par' dir='ltr' id='par_1_81' title="bbox 1981 3835 3560 3911">
     <span class='ocr_line' id='line_1_81' title="bbox 1981 3835 3560 3911; baseline 0.003 -18"><span class='ocrx_word' id='word_1_581' title='bbox 1981 3856 2100 3893; x_wconf 89' lang='lat' dir='ltr'><strong>rum</strong></span> <span class='ocrx_word' id='word_1_582' title='bbox 2138 3839 2401 3911; x_wconf 81' lang='lat' dir='ltr'><strong>gesseris,</strong></span> <span class='ocrx_word' id='word_1_583' title='bbox 2451 3838 2554 3893; x_wconf 89' lang='lat' dir='ltr'><strong>tibi</strong></span> <span class='ocrx_word' id='word_1_584' title='bbox 2591 3835 2884 3891; x_wconf 87' lang='lat' dir='ltr'><strong>victoriam</strong></span> <span class='ocrx_word' id='word_1_585' title='bbox 2932 3838 3206 3895; x_wconf 87' lang='lat' dir='ltr'><strong>ascribas.</strong></span> <span class='ocrx_word' id='word_1_586' title='bbox 3238 3839 3354 3894; x_wconf 80' lang='lat' dir='ltr'><strong>Mea</strong></span> <span class='ocrx_word' id='word_1_587' title='bbox 3407 3843 3560 3897; x_wconf 89' lang='lat' dir='ltr'><strong>enim</strong></span> 
     </span>
    </p>
   </div>
   <div class='ocr_carea' id='block_1_82' title="bbox 291 3927 1862 4007">
    <p class='ocr_par' dir='ltr' id='par_1_82' title="bbox 291 3927 1862 4007">
     <span class='ocr_line' id='line_1_82' title="bbox 291 3927 1862 4007; baseline -0.006 -16"><span class='ocrx_word' id='word_1_588' title='bbox 291 3933 785 4007; x_wconf 84' lang='grc' dir='ltr'>προηγορευμένων</span> <span class='ocrx_word' id='word_1_589' title='bbox 842 3930 1230 4000; x_wconf 77' lang='grc' dir='ltr'>ἀπαγορεύσῃς</span> <span class='ocrx_word' id='word_1_590' title='bbox 1284 3927 1386 3998; x_wconf 81' lang='grc' dir='ltr'>τὴν</span> <span class='ocrx_word' id='word_1_591' title='bbox 1440 3928 1683 3994; x_wconf 77' lang='grc' dir='ltr'>ἔκϐασιν,</span> <span class='ocrx_word' id='word_1_592' title='bbox 1734 3930 1862 4000; x_wconf 76' lang='grc' dir='ltr'>μήτε</span> 
     </span>
    </p>
   </div>
   <div class='ocr_carea' id='block_1_83' title="bbox 1966 3927 3559 4007">
    <p class='ocr_par' dir='ltr' id='par_1_83' title="bbox 1981 3928 3559 4004">
     <span class='ocr_line' id='line_1_83' title="bbox 1981 3928 3559 4004; baseline 0.004 -17"><span class='ocrx_word' id='word_1_593' title='bbox 1981 3932 2323 4002; x_wconf 84' lang='lat' dir='ltr'><strong>benignitate</strong></span> <span class='ocrx_word' id='word_1_594' title='bbox 2383 3929 2631 4000; x_wconf 86' lang='lat' dir='ltr'><strong>adjutus,</strong></span> <span class='ocrx_word' id='word_1_595' title='bbox 2684 3928 2752 3984; x_wconf 90' lang='lat' dir='ltr'><strong>de</strong></span> <span class='ocrx_word' id='word_1_596' title='bbox 2793 3929 3050 4000; x_wconf 86' lang='lat' dir='ltr'><strong>gentibus</strong></span> <span class='ocrx_word' id='word_1_597' title='bbox 3106 3940 3376 4004; x_wconf 68' lang='lat' dir='ltr'><strong>tropaeum</strong></span> <span class='ocrx_word' id='word_1_598' title='bbox 3427 3934 3559 3992; x_wconf 86' lang='lat' dir='ltr'><strong>illud</strong></span> 
     </span>
    </p>
   </div>
   <div class='ocr_carea' id='block_1_84' title="bbox 293 4022 1862 4100">
    <p class='ocr_par' dir='ltr' id='par_1_84' title="bbox 293 4022 1862 4100">
     <span class='ocr_line' id='line_1_84' title="bbox 293 4022 1862 4100; baseline -0.02 -14"><span class='ocrx_word' id='word_1_599' title='bbox 293 4032 456 4088; x_wconf 87' lang='grc' dir='ltr'>πάλιν</span> <span class='ocrx_word' id='word_1_600' title='bbox 513 4027 866 4100; x_wconf 84' lang='grc' dir='ltr'>κατορθώσας</span> <span class='ocrx_word' id='word_1_601' title='bbox 912 4025 1092 4095; x_wconf 85' lang='grc' dir='ltr'>σαυτῷ</span> <span class='ocrx_word' id='word_1_602' title='bbox 1135 4023 1232 4094; x_wconf 83' lang='grc' dir='ltr'>τὴν</span> <span class='ocrx_word' id='word_1_603' title='bbox 1276 4022 1431 4094; x_wconf 86' lang='grc' dir='ltr'>νίκην</span> <span class='ocrx_word' id='word_1_604' title='bbox 1473 4023 1760 4096; x_wconf 59' lang='grc' dir='ltr'>ἐπιγράψῃ</span> <span class='ocrx_word' id='word_1_605' title='bbox 1791 4024 1862 4055; x_wconf 76' lang='lat' dir='ltr'><strong>ea.</strong></span> 
     </span>
    </p>
   </div>
   <div class='ocr_carea' id='block_1_85' title="bbox 1966 4022 3436 4100">
    <p class='ocr_par' dir='ltr' id='par_1_85' title="bbox 1985 4023 3436 4081">
     <span class='ocr_line' id='line_1_85' title="bbox 1985 4023 3436 4081; baseline 0 0"><span class='ocrx_word' id='word_1_606' title='bbox 1985 4025 2276 4081; x_wconf 81' lang='lat' dir='ltr'><strong>excitabis.</strong></span> <span class='ocrx_word' id='word_1_607' title='bbox 2316 4023 2524 4079; x_wconf 91' lang='lat' dir='ltr'><strong>Deinde</strong></span> <span class='ocrx_word' id='word_1_608' title='bbox 2555 4023 2623 4078; x_wconf 89' lang='lat' dir='ltr'><strong>ad</strong></span> <span class='ocrx_word' id='word_1_609' title='bbox 2653 4039 2752 4080; x_wconf 87' lang='lat' dir='ltr'><strong>eos</strong></span> <span class='ocrx_word' id='word_1_610' title='bbox 2791 4026 3066 4080; x_wconf 90' lang='lat' dir='ltr'><strong>convertit</strong></span> <span class='ocrx_word' id='word_1_611' title='bbox 3099 4042 3436 4081; x_wconf 84' lang='lat' dir='ltr'><strong>sermonem.</strong></span> 
     </span>
    </p>
   </div>
   <div class='ocr_carea' id='block_1_86' title="bbox 294 4113 3564 4195">
    <p class='ocr_par' dir='ltr' id='par_1_86' title="bbox 294 4113 3564 4195">
     <span class='ocr_line' id='line_1_86' title="bbox 294 4113 3564 4195; baseline -0.003 -16"><span class='ocrx_word' id='word_1_612' title='bbox 294 4126 403 4180; x_wconf 84' lang='grc' dir='ltr'><strong>ὑπὸ</strong></span> <span class='ocrx_word' id='word_1_613' title='bbox 430 4123 475 4156; x_wconf 65' lang='grc'>⁸⁸</span> <span class='ocrx_word' id='word_1_614' title='bbox 506 4123 616 4195; x_wconf 80' lang='grc' dir='ltr'><strong>γάρ</strong></span> <span class='ocrx_word' id='word_1_615' title='bbox 645 4123 743 4192; x_wconf 80' lang='grc' dir='ltr'>τῆς</span> <span class='ocrx_word' id='word_1_616' title='bbox 773 4120 913 4191; x_wconf 82' lang='grc' dir='ltr'>ἐμῆς</span> <span class='ocrx_word' id='word_1_617' title='bbox 946 4117 1314 4188; x_wconf 82' lang='grc' dir='ltr'>βοηθούμενος</span> <span class='ocrx_word' id='word_1_618' title='bbox 1359 4116 1602 4186; x_wconf 88' lang='grc' dir='ltr'>χάριτος,</span> <span class='ocrx_word' id='word_1_619' title='bbox 1647 4114 1708 4168; x_wconf 87' lang='grc' dir='ltr'>τὸ</span> <span class='ocrx_word' id='word_1_620' title='bbox 1737 4117 1878 4171; x_wconf 81' lang='grc' dir='ltr'><strong>κατά</strong></span> <span class='ocrx_word' id='word_1_621' title='bbox 1901 4117 2011 4172; x_wconf 88' lang='grc' dir='ltr'><strong>τῶν</strong></span> <span class='ocrx_word' id='word_1_622' title='bbox 2041 4119 2210 4172; x_wconf 87' lang='grc' dir='ltr'>ἐθνῶν</span> <span class='ocrx_word' id='word_1_623' title='bbox 2241 4117 2464 4171; x_wconf 80' lang='grc' dir='ltr'>ἐκείνων</span> <span class='ocrx_word' id='word_1_624' title='bbox 2511 4115 2776 4185; x_wconf 86' lang='grc' dir='ltr'>τρόπαιον</span> <span class='ocrx_word' id='word_1_625' title='bbox 2833 4117 3181 4187; x_wconf 83' lang='grc' dir='ltr'>ἀναστήσεις.</span> <span class='ocrx_word' id='word_1_626' title='bbox 3233 4113 3366 4170; x_wconf 84' lang='grc' dir='ltr'>Εἶτα</span> <span class='ocrx_word' id='word_1_627' title='bbox 3427 4116 3564 4186; x_wconf 81' lang='grc' dir='ltr'>πρὸς</span> 
     </span>
    </p>
   </div>
   <div class='ocr_carea' id='block_1_87' title="bbox 293 4211 3135 4283">
    <p class='ocr_par' dir='ltr' id='par_1_87' title="bbox 293 4211 3135 4283">
     <span class='ocr_line' id='line_1_87' title="bbox 293 4211 3135 4283; baseline -0.013 -6"><span class='ocrx_word' id='word_1_628' title='bbox 293 4217 486 4280; x_wconf 73' lang='grc' dir='ltr'>αὐτοὺς</span> <span class='ocrx_word' id='word_1_629' title='bbox 520 4216 761 4277; x_wconf 83' lang='grc' dir='ltr'>ἐκείνους</span> <span class='ocrx_word' id='word_1_630' title='bbox 792 4212 981 4283; x_wconf 77' lang='grc' dir='ltr'>τρέπει</span> <span class='ocrx_word' id='word_1_631' title='bbox 1013 4212 1102 4264; x_wconf 76' lang='grc' dir='ltr'><strong>τὸν</strong></span> <span class='ocrx_word' id='word_1_632' title='bbox 1140 4211 1320 4277; x_wconf 86' lang='grc' dir='ltr'>λόγον.</span> <span class='ocrx_word' id='word_1_633' title='bbox 1567 4257 1570 4260; x_wconf 83' lang='lat'><strong>.</strong></span> <span class='ocrx_word' id='word_1_634' title='bbox 3131 4266 3135 4270; x_wconf 73' lang='lat'><em>_</em></span> 
     </span>
    </p>
   </div>
   <div class='ocr_carea' id='block_1_88' title="bbox 364 4301 1862 4382">
    <p class='ocr_par' dir='ltr' id='par_1_88' title="bbox 364 4304 1862 4382">
     <span class='ocr_line' id='line_1_88' title="bbox 364 4304 1862 4382; baseline -0.006 -15"><span class='ocrx_word' id='word_1_635' title='bbox 364 4315 429 4380; x_wconf 78' lang='grc' dir='ltr'><strong>ζ’.</strong></span> <span class='ocrx_word' id='word_1_636' title='bbox 469 4330 485 4365; x_wconf 87' lang='grc' dir='ltr'><strong>ι</strong></span> <span class='ocrx_word' id='word_1_637' title='bbox 515 4312 612 4376; x_wconf 86' lang='grc' dir='ltr'>Τίς</span> <span class='ocrx_word' id='word_1_638' title='bbox 642 4307 691 4364; x_wconf 70' lang='lat' dir='ltr'><strong>sl</strong></span> <span class='ocrx_word' id='word_1_639' title='bbox 723 4309 786 4362; x_wconf 81' lang='grc' dir='ltr'>σὺ</span> <span class='ocrx_word' id='word_1_640' title='bbox 817 4308 878 4361; x_wconf 85' lang='grc' dir='ltr'>τὸ</span> <span class='ocrx_word' id='word_1_641' title='bbox 907 4308 1033 4379; x_wconf 76' lang='grc' dir='ltr'>ὅρος</span> <span class='ocrx_word' id='word_1_642' title='bbox 1078 4305 1140 4358; x_wconf 87' lang='grc' dir='ltr'>τὸ</span> <span class='ocrx_word' id='word_1_643' title='bbox 1173 4305 1318 4382; x_wconf 80' lang='grc' dir='ltr'>μέγα</span> <span class='ocrx_word' id='word_1_644' title='bbox 1343 4305 1406 4358; x_wconf 79' lang='grc' dir='ltr'>τὸ</span> <span class='ocrx_word' id='word_1_645' title='bbox 1437 4305 1544 4375; x_wconf 75' lang='grc' dir='ltr'><strong>πρδ</strong></span> <span class='ocrx_word' id='word_1_646' title='bbox 1576 4304 1862 4374; x_wconf 85' lang='grc' dir='ltr'>προσώποι</span> 
     </span>
    </p>
   </div>
   <div class='ocr_carea' id='block_1_89' title="bbox 1966 4301 3562 4382">
    <p class='ocr_par' dir='ltr' id='par_1_89' title="bbox 2053 4301 3562 4370">
     <span class='ocr_line' id='line_1_89' title="bbox 2053 4301 3562 4370; baseline 0.003 -16"><span class='ocrx_word' id='word_1_647' title='bbox 2053 4301 2220 4357; x_wconf 67' lang='lat' dir='ltr'><strong>Vens.</strong></span> <span class='ocrx_word' id='word_1_648' title='bbox 2248 4301 2300 4355; x_wconf 92' lang='lat'><strong>7.</strong></span> <span class='ocrx_word' id='word_1_649' title='bbox 2332 4320 2349 4352; x_wconf 85' lang='grc' dir='ltr'><strong>ι</strong></span> <span class='ocrx_word' id='word_1_650' title='bbox 2381 4301 2516 4367; x_wconf 84' lang='lat' dir='ltr'><strong>Quis</strong></span> <span class='ocrx_word' id='word_1_651' title='bbox 2545 4317 2604 4356; x_wconf 91' lang='lat' dir='ltr'><strong>es</strong></span> <span class='ocrx_word' id='word_1_652' title='bbox 2643 4308 2724 4365; x_wconf 92' lang='lat' dir='ltr'><strong>tu,</strong></span> <span class='ocrx_word' id='word_1_653' title='bbox 2759 4314 2919 4356; x_wconf 82' lang='lat' dir='ltr'><strong>mons</strong></span> <span class='ocrx_word' id='word_1_654' title='bbox 2948 4315 3171 4370; x_wconf 82' lang='lat' dir='ltr'><strong>magne,</strong></span> <span class='ocrx_word' id='word_1_655' title='bbox 3212 4309 3338 4356; x_wconf 85' lang='lat' dir='ltr'><strong>ante</strong></span> <span class='ocrx_word' id='word_1_656' title='bbox 3363 4302 3562 4359; x_wconf 79' lang='lat' dir='ltr'><strong>faciem</strong></span> 
     </span>
    </p>
   </div>
   <div class='ocr_carea' id='block_1_90' title="bbox 295 4390 1862 4477">
    <p class='ocr_par' dir='ltr' id='par_1_90' title="bbox 295 4395 1862 4477">
     <span class='ocr_line' id='line_1_90' title="bbox 295 4395 1862 4477; baseline -0.008 -17"><span class='ocrx_word' id='word_1_657' title='bbox 295 4404 623 4477; x_wconf 83' lang='grc' dir='ltr'>Ζοροϐάϐελ,</span> <span class='ocrx_word' id='word_1_658' title='bbox 680 4401 775 4455; x_wconf 84' lang='grc' dir='ltr'><strong>τοῦ</strong></span> <span class='ocrx_word' id='word_1_659' title='bbox 836 4397 1219 4467; x_wconf 78' lang='grc' dir='ltr'>κατορθῶσαι;</span> <span class='ocrx_word' id='word_1_660' title='bbox 1253 4415 1269 4447; x_wconf 77' lang='grc' dir='ltr'><strong>ι</strong></span> <span class='ocrx_word' id='word_1_661' title='bbox 1347 4395 1567 4466; x_wconf 80' lang='grc' dir='ltr'>Ἐπειδὴ</span> <span class='ocrx_word' id='word_1_662' title='bbox 1622 4396 1730 4466; x_wconf 84' lang='grc' dir='ltr'>γὰρ</span> <span class='ocrx_word' id='word_1_663' title='bbox 1787 4397 1862 4449; x_wconf 78' lang='grc' dir='ltr'>κα¹</span> 
     </span>
    </p>
   </div>
   <div class='ocr_carea' id='block_1_91' title="bbox 1966 4390 3560 4477">
    <p class='ocr_par' dir='ltr' id='par_1_91' title="bbox 1983 4390 3560 4464">
     <span class='ocr_line' id='line_1_91' title="bbox 1983 4390 3560 4464; baseline -0.001 -16"><span class='ocrx_word' id='word_1_664' title='bbox 1983 4393 2360 4458; x_wconf 85' lang='lat' dir='ltr'><strong>Zorobabelis,</strong></span> <span class='ocrx_word' id='word_1_665' title='bbox 2394 4390 2608 4464; x_wconf 48' lang='lat' dir='ltr'><strong>161i</strong></span> <span class='ocrx_word' id='word_1_666' title='bbox 2646 4401 2703 4446; x_wconf 93' lang='lat' dir='ltr'><strong>ut</strong></span> <span class='ocrx_word' id='word_1_667' title='bbox 2727 4390 3016 4462; x_wconf 79' lang='lat' dir='ltr'><strong>corrigas?</strong></span> <span class='ocrx_word' id='word_1_668' title='bbox 3052 4409 3078 4443; x_wconf 73' lang='grc' dir='ltr'>ι»</span> <span class='ocrx_word' id='word_1_669' title='bbox 3120 4393 3391 4458; x_wconf 83' lang='lat' dir='ltr'><strong>Quoniam</strong></span> <span class='ocrx_word' id='word_1_670' title='bbox 3413 4395 3560 4449; x_wconf 84' lang='lat' dir='ltr'><strong>enim</strong></span> 
     </span>
    </p>
   </div>
   <div class='ocr_carea' id='block_1_92' title="bbox 296 4482 1862 4566">
    <p class='ocr_par' dir='ltr' id='par_1_92' title="bbox 296 4488 1862 4566">
     <span class='ocr_line' id='line_1_92' title="bbox 296 4488 1862 4566; baseline -0.006 -14"><span class='ocrx_word' id='word_1_671' title='bbox 296 4500 458 4552; x_wconf 77' lang='grc' dir='ltr'>αὑτὸν</span> <span class='ocrx_word' id='word_1_672' title='bbox 487 4496 578 4551; x_wconf 82' lang='grc' dir='ltr'>τὸν</span> <span class='ocrx_word' id='word_1_673' title='bbox 611 4491 924 4566; x_wconf 83' lang='grc' dir='ltr'>Ζοροϐάϐελ</span> <span class='ocrx_word' id='word_1_674' title='bbox 953 4490 1130 4544; x_wconf 71' lang='grc' dir='ltr'>λίθον</span> <span class='ocrx_word' id='word_1_675' title='bbox 1172 4489 1482 4560; x_wconf 76' lang='grc' dir='ltr'>ὠνόμασεν,</span> <span class='ocrx_word' id='word_1_676' title='bbox 1528 4488 1755 4552; x_wconf 75' lang='grc' dir='ltr'>εἰκότως</span> <span class='ocrx_word' id='word_1_677' title='bbox 1786 4491 1862 4542; x_wconf 68' lang='grc' dir='ltr'>κα¹</span> 
     </span>
    </p>
   </div>
   <div class='ocr_carea' id='block_1_93' title="bbox 1966 4482 3564 4566">
    <p class='ocr_par' dir='ltr' id='par_1_93' title="bbox 1987 4482 3564 4557">
     <span class='ocr_line' id='line_1_93' title="bbox 1987 4482 3564 4557; baseline -0.001 -15"><span class='ocrx_word' id='word_1_678' title='bbox 1987 4488 2168 4557; x_wconf 90' lang='lat' dir='ltr'><strong>ipsum</strong></span> <span class='ocrx_word' id='word_1_679' title='bbox 2217 4485 2615 4540; x_wconf 85' lang='lat' dir='ltr'><strong>Zorobabelem</strong></span> <span class='ocrx_word' id='word_1_680' title='bbox 2670 4482 2899 4551; x_wconf 81' lang='lat' dir='ltr'><strong>lapidem</strong></span> <span class='ocrx_word' id='word_1_681' title='bbox 2957 4485 3195 4544; x_wconf 85' lang='lat' dir='ltr'><strong>vocavit,</strong></span> <span class='ocrx_word' id='word_1_682' title='bbox 3251 4495 3398 4540; x_wconf 78' lang='lat' dir='ltr'><strong>recte</strong></span> <span class='ocrx_word' id='word_1_683' title='bbox 3441 4486 3564 4540; x_wconf 81' lang='lat' dir='ltr'><strong>illas</strong></span> 
     </span>
    </p>
   </div>
   <div class='ocr_carea' id='block_1_94' title="bbox 296 4575 1862 4660">
    <p class='ocr_par' dir='ltr' id='par_1_94' title="bbox 296 4578 1862 4660">
     <span class='ocr_line' id='line_1_94' title="bbox 296 4578 1862 4660; baseline -0.008 -16"><span class='ocrx_word' id='word_1_684' title='bbox 296 4589 367 4644; x_wconf 83' lang='grc' dir='ltr'><strong>τὰ</strong></span> <span class='ocrx_word' id='word_1_685' title='bbox 411 4587 582 4660; x_wconf 85' lang='grc' dir='ltr'>μυρία</span> <span class='ocrx_word' id='word_1_686' title='bbox 623 4585 752 4654; x_wconf 77' lang='grc' dir='ltr'>ἔθνη</span> <span class='ocrx_word' id='word_1_687' title='bbox 797 4585 982 4637; x_wconf 86' lang='grc' dir='ltr'>ἐκεῖνα</span> <span class='ocrx_word' id='word_1_688' title='bbox 1027 4581 1166 4650; x_wconf 84' lang='grc' dir='ltr'>ὅρος</span> <span class='ocrx_word' id='word_1_689' title='bbox 1216 4580 1399 4645; x_wconf 87' lang='grc' dir='ltr'>καλεῖ,</span> <span class='ocrx_word' id='word_1_690' title='bbox 1459 4581 1552 4634; x_wconf 70' lang='grc' dir='ltr'>καὶ</span> <span class='ocrx_word' id='word_1_691' title='bbox 1593 4578 1688 4632; x_wconf 85' lang='grc' dir='ltr'><strong>τοῦ</strong></span> <span class='ocrx_word' id='word_1_692' title='bbox 1735 4579 1862 4632; x_wconf 81' lang='grc' dir='ltr'>θείοι</span> 
     </span>
    </p>
   </div>
   <div class='ocr_carea' id='block_1_95' title="bbox 1966 4575 3566 4660">
    <p class='ocr_par' dir='ltr' id='par_1_95' title="bbox 1989 4575 3566 4646">
     <span class='ocr_line' id='line_1_95' title="bbox 1989 4575 3566 4646; baseline -0.003 -12"><span class='ocrx_word' id='word_1_693' title='bbox 1989 4580 2157 4634; x_wconf 91' lang='lat' dir='ltr'><strong>etiam</strong></span> <span class='ocrx_word' id='word_1_694' title='bbox 2193 4575 2637 4632; x_wconf 85' lang='lat' dir='ltr'><strong>innumerabiles</strong></span> <span class='ocrx_word' id='word_1_695' title='bbox 2672 4582 2864 4646; x_wconf 82' lang='lat' dir='ltr'><strong>gentes</strong></span> <span class='ocrx_word' id='word_1_696' title='bbox 2899 4583 3127 4628; x_wconf 83' lang='lat' dir='ltr'><strong>montem</strong></span> <span class='ocrx_word' id='word_1_697' title='bbox 3160 4575 3418 4644; x_wconf 86' lang='lat' dir='ltr'><strong>appellat,</strong></span> <span class='ocrx_word' id='word_1_698' title='bbox 3442 4593 3566 4645; x_wconf 64' lang='lat' dir='ltr'><strong>qua:</strong></span> 
     </span>
    </p>
   </div>
   <div class='ocr_carea' id='block_1_96' title="bbox 300 4667 1862 4751">
    <p class='ocr_par' dir='ltr' id='par_1_96' title="bbox 300 4670 1862 4751">
     <span class='ocr_line' id='line_1_96' title="bbox 300 4670 1862 4751; baseline -0.008 -15"><span class='ocrx_word' id='word_1_699' title='bbox 300 4673 430 4737; x_wconf 85' lang='grc' dir='ltr'>ναοῦ</span> <span class='ocrx_word' id='word_1_700' title='bbox 473 4681 572 4751; x_wconf 81' lang='grc' dir='ltr'>τὴν</span> <span class='ocrx_word' id='word_1_701' title='bbox 620 4676 934 4747; x_wconf 81' lang='grc' dir='ltr'>οἰκοδομίαν</span> <span class='ocrx_word' id='word_1_702' title='bbox 981 4673 1223 4728; x_wconf 85' lang='grc' dir='ltr'>κωλύσαι</span> <span class='ocrx_word' id='word_1_703' title='bbox 1264 4671 1606 4742; x_wconf 83' lang='grc' dir='ltr'>πειρώμενα,</span> <span class='ocrx_word' id='word_1_704' title='bbox 1652 4671 1745 4724; x_wconf 72' lang='grc' dir='ltr'>καὶ</span> <span class='ocrx_word' id='word_1_705' title='bbox 1788 4670 1862 4724; x_wconf 75' lang='grc' dir='ltr'>τοῐ</span> 
     </span>
    </p>
   </div>
   <div class='ocr_carea' id='block_1_97' title="bbox 1966 4667 3566 4751">
    <p class='ocr_par' dir='ltr' id='par_1_97' title="bbox 1992 4667 3566 4740">
     <span class='ocr_line' id='line_1_97' title="bbox 1992 4667 3566 4740; baseline -0.001 -15"><span class='ocrx_word' id='word_1_706' title='bbox 1992 4671 2163 4726; x_wconf 88' lang='lat' dir='ltr'><strong>divini</strong></span> <span class='ocrx_word' id='word_1_707' title='bbox 2231 4670 2417 4740; x_wconf 89' lang='lat' dir='ltr'><strong>templi</strong></span> <span class='ocrx_word' id='word_1_708' title='bbox 2477 4668 2896 4724; x_wconf 68' lang='lat' dir='ltr'><strong>aedificationem</strong></span> <span class='ocrx_word' id='word_1_709' title='bbox 2948 4667 3320 4738; x_wconf 85' lang='lat' dir='ltr'><strong>impedire,et</strong></span> <span class='ocrx_word' id='word_1_710' title='bbox 3379 4671 3566 4740; x_wconf 83' lang='lat' dir='ltr'><strong>populi</strong></span> 
     </span>
    </p>
   </div>
   <div class='ocr_carea' id='block_1_98' title="bbox 301 4757 1862 4840">
    <p class='ocr_par' dir='ltr' id='par_1_98' title="bbox 301 4764 1862 4840">
     <span class='ocr_line' id='line_1_98' title="bbox 301 4764 1862 4840; baseline -0.008 -11"><span class='ocrx_word' id='word_1_711' title='bbox 301 4772 431 4830; x_wconf 79' lang='grc' dir='ltr'>λαοῦ</span> <span class='ocrx_word' id='word_1_712' title='bbox 464 4772 525 4825; x_wconf 71' lang='grc' dir='ltr'>τὸ</span> <span class='ocrx_word' id='word_1_713' title='bbox 554 4771 880 4840; x_wconf 86' lang='grc' dir='ltr'>λειπόμενον</span> <span class='ocrx_word' id='word_1_714' title='bbox 912 4766 1241 4821; x_wconf 82' lang='grc' dir='ltr'>καταλῦσαι.</span> <span class='ocrx_word' id='word_1_715' title='bbox 1289 4764 1430 4817; x_wconf 82' lang='grc' dir='ltr'>Ἀλλ’</span> <span class='ocrx_word' id='word_1_716' title='bbox 1461 4764 1613 4818; x_wconf 77' lang='grc' dir='ltr'>οὐδὲν</span> <span class='ocrx_word' id='word_1_717' title='bbox 1636 4764 1862 4834; x_wconf 59' lang='grc' dir='ltr'>ἰσχύσετέ</span> 
     </span>
    </p>
   </div>
   <div class='ocr_carea' id='block_1_99' title="bbox 1966 4757 3568 4840">
    <p class='ocr_par' dir='ltr' id='par_1_99' title="bbox 1994 4757 3568 4831">
     <span class='ocr_line' id='line_1_99' title="bbox 1994 4757 3568 4831; baseline 0.001 -16"><span class='ocrx_word' id='word_1_718' title='bbox 1994 4761 2262 4831; x_wconf 82' lang='lat' dir='ltr'><strong>reliquias</strong></span> <span class='ocrx_word' id='word_1_719' title='bbox 2318 4761 2504 4815; x_wconf 89' lang='lat' dir='ltr'><strong>delere</strong></span> <span class='ocrx_word' id='word_1_720' title='bbox 2563 4767 2777 4814; x_wconf 72' lang='lat' dir='ltr'><strong>cenatas</strong></span> <span class='ocrx_word' id='word_1_721' title='bbox 2848 4758 3106 4814; x_wconf 76' lang='lat' dir='ltr'><strong>fuissent.</strong></span> <span class='ocrx_word' id='word_1_722' title='bbox 3174 4757 3568 4816; x_wconf 79' lang='lat' dir='ltr'><strong>Verumtamen</strong></span> 
     </span>
    </p>
   </div>
   <div class='ocr_carea' id='block_1_100' title="bbox 299 4856 1882 4934">
    <p class='ocr_par' dir='ltr' id='par_1_100' title="bbox 299 4856 1882 4934">
     <span class='ocr_line' id='line_1_100' title="bbox 299 4856 1882 4934; baseline -0.007 -13"><span class='ocrx_word' id='word_1_723' title='bbox 299 4866 476 4922; x_wconf 85' lang='grc' dir='ltr'>ταῦτα</span> <span class='ocrx_word' id='word_1_724' title='bbox 517 4862 918 4934; x_wconf 77' lang='grc' dir='ltr'>βουλευόμενοι.</span> <span class='ocrx_word' id='word_1_725' title='bbox 973 4878 990 4910; x_wconf 82' lang='grc' dir='ltr'><strong>ι</strong></span> <span class='ocrx_word' id='word_1_726' title='bbox 1030 4857 1256 4924; x_wconf 79' lang='grc' dir='ltr'>Ἐξοίσω</span> <span class='ocrx_word' id='word_1_727' title='bbox 1301 4856 1407 4927; x_wconf 81' lang='grc' dir='ltr'>γὰρ</span> <span class='ocrx_word' id='word_1_728' title='bbox 1453 4856 1543 4909; x_wconf 71' lang='grc' dir='ltr'><strong>τὸν</strong></span> <span class='ocrx_word' id='word_1_729' title='bbox 1582 4856 1728 4910; x_wconf 87' lang='grc' dir='ltr'>λίθον</span> <span class='ocrx_word' id='word_1_730' title='bbox 1786 4859 1882 4926; x_wconf 81' lang='grc' dir='ltr'>τῆς</span> 
     </span>
    </p>
   </div>
   <div class='ocr_carea' id='block_1_101' title="bbox 303 4951 1888 5031">
    <p class='ocr_par' dir='ltr' id='par_1_101' title="bbox 303 4951 1888 5031">
     <span class='ocr_line' id='line_1_101' title="bbox 303 4951 1888 5031; baseline -0.007 -17"><span class='ocrx_word' id='word_1_731' title='bbox 303 4957 694 5031; x_wconf 83' lang='grc' dir='ltr'>κληρονομίας,</span> <span class='ocrx_word' id='word_1_732' title='bbox 759 4955 981 5021; x_wconf 78' lang='grc' dir='ltr'>ἰσότητα</span> <span class='ocrx_word' id='word_1_733' title='bbox 1025 4953 1244 5023; x_wconf 81' lang='grc' dir='ltr'>χάριτος</span> <span class='ocrx_word' id='word_1_734' title='bbox 1289 4951 1488 5020; x_wconf 83' lang='grc' dir='ltr'>χάριτα</span> <span class='ocrx_word' id='word_1_735' title='bbox 1520 4951 1706 5020; x_wconf 83' lang='grc' dir='ltr'>αὐτῆς.</span> <span class='ocrx_word' id='word_1_736' title='bbox 1736 4970 1753 5001; x_wconf 71' lang='grc' dir='ltr'><strong>ι</strong></span> <span class='ocrx_word' id='word_1_737' title='bbox 1823 4952 1888 5003; x_wconf 83' lang='lat' dir='ltr'><strong>&quot;O</strong></span> 
     </span>
    </p>
   </div>
   <div class='ocr_carea' id='block_1_102' title="bbox 303 5043 1889 5118">
    <p class='ocr_par' dir='ltr' id='par_1_102' title="bbox 303 5043 1889 5118">
     <span class='ocr_line' id='line_1_102' title="bbox 303 5043 1889 5118; baseline -0.007 -13"><span class='ocrx_word' id='word_1_738' title='bbox 303 5054 360 5106; x_wconf 81' lang='grc' dir='ltr'><strong>δέ</strong></span> <span class='ocrx_word' id='word_1_739' title='bbox 410 5052 555 5118; x_wconf 82' lang='grc' dir='ltr'>λέγει</span> <span class='ocrx_word' id='word_1_740' title='bbox 606 5046 849 5101; x_wconf 84' lang='grc' dir='ltr'>τοιοῦτόν</span> <span class='ocrx_word' id='word_1_741' title='bbox 908 5046 1055 5096; x_wconf 79' lang='grc' dir='ltr'>ἐστι’</span> <span class='ocrx_word' id='word_1_742' title='bbox 1127 5044 1232 5096; x_wconf 74' lang='grc' dir='ltr'><strong>κᾶν</strong></span> <span class='ocrx_word' id='word_1_743' title='bbox 1281 5044 1542 5114; x_wconf 84' lang='grc' dir='ltr'>μυριάκις</span> <span class='ocrx_word' id='word_1_744' title='bbox 1587 5043 1889 5114; x_wconf 84' lang='grc' dir='ltr'>λυττήσητε</span> 
     </span>
    </p>
   </div>
   <div class='ocr_carea' id='block_1_103' title="bbox 305 5135 1890 5214">
    <p class='ocr_par' dir='ltr' id='par_1_103' title="bbox 305 5135 1890 5214">
     <span class='ocr_line' id='line_1_103' title="bbox 305 5135 1890 5214; baseline -0.006 -18"><span class='ocrx_word' id='word_1_745' title='bbox 305 5143 558 5214; x_wconf 77' lang='grc' dir='ltr'>ἐμποδὼν</span> <span class='ocrx_word' id='word_1_746' title='bbox 617 5140 694 5209; x_wconf 79' lang='grc' dir='ltr'>τῷ</span> <span class='ocrx_word' id='word_1_747' title='bbox 750 5135 1058 5208; x_wconf 84' lang='grc' dir='ltr'>Ζοροϐάϐελ</span> <span class='ocrx_word' id='word_1_748' title='bbox 1114 5135 1451 5205; x_wconf 83' lang='grc' dir='ltr'>γιγνόμενοι,</span> <span class='ocrx_word' id='word_1_749' title='bbox 1516 5136 1678 5198; x_wconf 77' lang='grc' dir='ltr'>κενὰς</span> <span class='ocrx_word' id='word_1_750' title='bbox 1738 5136 1890 5204; x_wconf 76' lang='grc' dir='ltr'>ὑμῶν</span> 
     </span>
    </p>
   </div>
   <div class='ocr_carea' id='block_1_104' title="bbox 304 5227 1888 5302">
    <p class='ocr_par' dir='ltr' id='par_1_104' title="bbox 304 5227 1888 5302">
     <span class='ocr_line' id='line_1_104' title="bbox 304 5227 1888 5302; baseline -0.006 -13"><span class='ocrx_word' id='word_1_751' title='bbox 304 5233 570 5302; x_wconf 71' lang='grc' dir='ltr'>ἀποφανῶ</span> <span class='ocrx_word' id='word_1_752' title='bbox 600 5232 696 5294; x_wconf 74' lang='grc' dir='ltr'><strong>τὰς</strong></span> <span class='ocrx_word' id='word_1_753' title='bbox 729 5230 948 5292; x_wconf 78' lang='grc' dir='ltr'>ἐλπίδας</span> <span class='ocrx_word' id='word_1_754' title='bbox 976 5245 989 5257; x_wconf 72' lang='grc'><strong><em>⁸</em></strong></span> <span class='ocrx_word' id='word_1_755' title='bbox 1056 5229 1236 5296; x_wconf 80' lang='grc' dir='ltr'>πάσης</span> <span class='ocrx_word' id='word_1_756' title='bbox 1267 5227 1374 5297; x_wconf 77' lang='grc' dir='ltr'><strong>γάρ</strong></span> <span class='ocrx_word' id='word_1_757' title='bbox 1407 5227 1569 5280; x_wconf 75' lang='grc' dir='ltr'>αὑτὸν</span> <span class='ocrx_word' id='word_1_758' title='bbox 1601 5227 1888 5296; x_wconf 72' lang='grc' dir='ltr'>ἐμπλήσας</span> 
     </span>
    </p>
   </div>
   <div class='ocr_carea' id='block_1_105' title="bbox 306 5317 1888 5397">
    <p class='ocr_par' dir='ltr' id='par_1_105' title="bbox 306 5317 1888 5397">
     <span class='ocr_line' id='line_1_105' title="bbox 306 5317 1888 5397; baseline -0.006 -19"><span class='ocrx_word' id='word_1_759' title='bbox 306 5327 554 5397; x_wconf 84' lang='grc' dir='ltr'>χάριτος,</span> <span class='ocrx_word' id='word_1_760' title='bbox 614 5326 706 5375; x_wconf 61' lang='grc' dir='ltr'><strong>κα)⁹</strong></span> <span class='ocrx_word' id='word_1_761' title='bbox 763 5321 948 5391; x_wconf 74' lang='grc' dir='ltr'>τελεία</span> <span class='ocrx_word' id='word_1_762' title='bbox 1004 5319 1167 5372; x_wconf 78' lang='grc' dir='ltr'>αὑτὸν</span> <span class='ocrx_word' id='word_1_763' title='bbox 1215 5318 1640 5387; x_wconf 70' lang='grc' dir='ltr'>κατακοσμήσεις</span> <span class='ocrx_word' id='word_1_764' title='bbox 1685 5317 1888 5387; x_wconf 81' lang='grc' dir='ltr'>χάριτι,</span> 
     </span>
    </p>
   </div>
   <div class='ocr_carea' id='block_1_106' title="bbox 308 5406 1888 5488">
    <p class='ocr_par' dir='ltr' id='par_1_106' title="bbox 308 5406 1888 5488">
     <span class='ocr_line' id='line_1_106' title="bbox 308 5406 1888 5488; baseline -0.008 -16"><span class='ocrx_word' id='word_1_765' title='bbox 308 5418 406 5474; x_wconf 73' lang='grc' dir='ltr'>καὶ</span> <span class='ocrx_word' id='word_1_766' title='bbox 441 5416 668 5488; x_wconf 71' lang='grc' dir='ltr'>στερρὸν</span> <span class='ocrx_word' id='word_1_767' title='bbox 699 5416 984 5485; x_wconf 80' lang='grc' dir='ltr'>ἀποφήνας</span> <span class='ocrx_word' id='word_1_768' title='bbox 1018 5406 1104 5464; x_wconf 74' lang='grc' dir='ltr'><strong>οἷα</strong></span> <span class='ocrx_word' id='word_1_769' title='bbox 1136 5411 1199 5482; x_wconf 77' lang='grc' dir='ltr'>δὴ</span> <span class='ocrx_word' id='word_1_770' title='bbox 1235 5411 1400 5477; x_wconf 86' lang='grc' dir='ltr'>λίθον,</span> <span class='ocrx_word' id='word_1_771' title='bbox 1453 5409 1700 5472; x_wconf 76' lang='grc' dir='ltr'>ἅπαντας</span> <span class='ocrx_word' id='word_1_772' title='bbox 1744 5410 1888 5478; x_wconf 84' lang='grc' dir='ltr'>ὑμᾶς</span> 
     </span>
    </p>
   </div>
   <div class='ocr_carea' id='block_1_107' title="bbox 1996 4850 3572 4919">
    <p class='ocr_par' dir='ltr' id='par_1_107' title="bbox 1996 4850 3572 4919">
     <span class='ocr_line' id='line_1_107' title="bbox 1996 4850 3572 4919; baseline -0.002 -10"><span class='ocrx_word' id='word_1_773' title='bbox 1996 4857 2102 4910; x_wconf 89' lang='lat' dir='ltr'><strong>ista</strong></span> <span class='ocrx_word' id='word_1_774' title='bbox 2141 4854 2517 4908; x_wconf 79' lang='lat' dir='ltr'><strong>deliberantes</strong></span> <span class='ocrx_word' id='word_1_775' title='bbox 2571 4851 2800 4919; x_wconf 80' lang='lat' dir='ltr'><strong>exsequi</strong></span> <span class='ocrx_word' id='word_1_776' title='bbox 2862 4851 2997 4903; x_wconf 84' lang='lat' dir='ltr'><strong>nihil</strong></span> <span class='ocrx_word' id='word_1_777' title='bbox 3054 4851 3326 4918; x_wconf 87' lang='lat' dir='ltr'><strong>poteritis.</strong></span> <span class='ocrx_word' id='word_1_778' title='bbox 3367 4871 3385 4904; x_wconf 80' lang='grc' dir='ltr'><strong>ι</strong></span> <span class='ocrx_word' id='word_1_779' title='bbox 3426 4850 3572 4907; x_wconf 86' lang='lat' dir='ltr'><strong>Edu-</strong></span> 
     </span>
    </p>
   </div>
   <div class='ocr_carea' id='block_1_108' title="bbox 1995 4939 3570 5012">
    <p class='ocr_par' dir='ltr' id='par_1_108' title="bbox 1995 4939 3570 5012">
     <span class='ocr_line' id='line_1_108' title="bbox 1995 4939 3570 5012; baseline -0.002 -12"><span class='ocrx_word' id='word_1_780' title='bbox 1995 4959 2114 5000; x_wconf 90' lang='lat' dir='ltr'><strong>cam</strong></span> <span class='ocrx_word' id='word_1_781' title='bbox 2151 4945 2298 4998; x_wconf 90' lang='lat' dir='ltr'><strong>enim</strong></span> <span class='ocrx_word' id='word_1_782' title='bbox 2331 4942 2565 5012; x_wconf 87' lang='lat' dir='ltr'><strong>lapidem</strong></span> <span class='ocrx_word' id='word_1_783' title='bbox 2591 4939 2950 5004; x_wconf 68' lang='lat' dir='ltr'><strong>limreditatis,</strong></span> <span class='ocrx_word' id='word_1_784' title='bbox 2976 4941 3347 5009; x_wconf 66' lang='lat' dir='ltr'><strong>aequalitatem</strong></span> <span class='ocrx_word' id='word_1_785' title='bbox 3379 4944 3570 5011; x_wconf 76' lang='lat' dir='ltr'><strong>gratia:</strong></span> 
     </span>
    </p>
   </div>
   <div class='ocr_carea' id='block_1_109' title="bbox 1997 5032 3566 5105">
    <p class='ocr_par' dir='ltr' id='par_1_109' title="bbox 1997 5032 3566 5105">
     <span class='ocr_line' id='line_1_109' title="bbox 1997 5032 3566 5105; baseline -0.001 -16"><span class='ocrx_word' id='word_1_786' title='bbox 1997 5035 2230 5105; x_wconf 79' lang='lat' dir='ltr'><strong>gratiam</strong></span> <span class='ocrx_word' id='word_1_787' title='bbox 2283 5034 2424 5102; x_wconf 84' lang='lat' dir='ltr'><strong>ejus.</strong></span> <span class='ocrx_word' id='word_1_788' title='bbox 2467 5053 2484 5083; x_wconf 71' lang='grc' dir='ltr'><strong>ι</strong></span> <span class='ocrx_word' id='word_1_789' title='bbox 2523 5032 2678 5098; x_wconf 86' lang='lat' dir='ltr'><strong>Quod</strong></span> <span class='ocrx_word' id='word_1_790' title='bbox 2717 5047 2871 5086; x_wconf 82' lang='lat' dir='ltr'><strong>.vero</strong></span> <span class='ocrx_word' id='word_1_791' title='bbox 2902 5033 3000 5097; x_wconf 91' lang='lat' dir='ltr'><strong>ait,</strong></span> <span class='ocrx_word' id='word_1_792' title='bbox 3037 5041 3123 5088; x_wconf 86' lang='lat' dir='ltr'><strong>est</strong></span> <span class='ocrx_word' id='word_1_793' title='bbox 3183 5033 3497 5103; x_wconf 78' lang='lat' dir='ltr'><strong>liujusmodi</strong></span> <span class='ocrx_word' id='word_1_794' title='bbox 3552 5051 3566 5088; x_wconf 90' lang='lat'>:</span> 
     </span>
    </p>
   </div>
   <div class='ocr_carea' id='block_1_110' title="bbox 1999 5123 3570 5196">
    <p class='ocr_par' dir='ltr' id='par_1_110' title="bbox 1999 5123 3570 5196">
     <span class='ocr_line' id='line_1_110' title="bbox 1999 5123 3570 5196; baseline -0.001 -17"><span class='ocrx_word' id='word_1_795' title='bbox 1999 5126 2109 5181; x_wconf 80' lang='lat' dir='ltr'><strong>Etsi</strong></span> <span class='ocrx_word' id='word_1_796' title='bbox 2147 5126 2350 5179; x_wconf 82' lang='lat' dir='ltr'><strong>millies</strong></span> <span class='ocrx_word' id='word_1_797' title='bbox 2402 5124 2712 5185; x_wconf 81' lang='lat' dir='ltr'><strong>insaniatis,</strong></span> <span class='ocrx_word' id='word_1_798' title='bbox 2767 5131 2820 5178; x_wconf 75' lang='lat' dir='ltr'><strong>ut</strong></span> <span class='ocrx_word' id='word_1_799' title='bbox 2858 5123 3248 5180; x_wconf 87' lang='lat' dir='ltr'><strong>Zorobabelem</strong></span> <span class='ocrx_word' id='word_1_800' title='bbox 3305 5126 3570 5196; x_wconf 88' lang='lat' dir='ltr'><strong>impedire</strong></span> 
     </span>
    </p>
   </div>
   <div class='ocr_carea' id='block_1_111' title="bbox 2001 5214 3568 5284">
    <p class='ocr_par' dir='ltr' id='par_1_111' title="bbox 2001 5214 3568 5284">
     <span class='ocr_line' id='line_1_111' title="bbox 2001 5214 3568 5284; baseline -0.004 -10"><span class='ocrx_word' id='word_1_801' title='bbox 2001 5219 2300 5284; x_wconf 85' lang='lat' dir='ltr'><strong>conemini,</strong></span> <span class='ocrx_word' id='word_1_802' title='bbox 2337 5226 2550 5272; x_wconf 89' lang='lat' dir='ltr'><strong>vestras</strong></span> <span class='ocrx_word' id='word_1_803' title='bbox 2587 5231 2714 5284; x_wconf 90' lang='lat' dir='ltr'><strong>spes</strong></span> <span class='ocrx_word' id='word_1_804' title='bbox 2743 5231 2914 5270; x_wconf 90' lang='lat' dir='ltr'><strong>vanas</strong></span> <span class='ocrx_word' id='word_1_805' title='bbox 2963 5216 3211 5272; x_wconf 88' lang='lat' dir='ltr'><strong>reddam.</strong></span> <span class='ocrx_word' id='word_1_806' title='bbox 3248 5217 3378 5269; x_wconf 86' lang='lat' dir='ltr'><strong>Eum</strong></span> <span class='ocrx_word' id='word_1_807' title='bbox 3421 5214 3568 5269; x_wconf 82' lang='lat' dir='ltr'><strong>enim</strong></span> 
     </span>
    </p>
   </div>
   <div class='ocr_carea' id='block_1_112' title="bbox 2003 5308 3676 5379">
    <p class='ocr_par' dir='ltr' id='par_1_112' title="bbox 2003 5308 3676 5379">
     <span class='ocr_line' id='line_1_112' title="bbox 2003 5308 3676 5379; baseline -0.005 -12"><span class='ocrx_word' id='word_1_808' title='bbox 2003 5312 2151 5367; x_wconf 79' lang='lat' dir='ltr'><strong>omni</strong></span> <span class='ocrx_word' id='word_1_809' title='bbox 2187 5310 2470 5379; x_wconf 83' lang='lat' dir='ltr'><strong>complens</strong></span> <span class='ocrx_word' id='word_1_810' title='bbox 2500 5311 2700 5379; x_wconf 87' lang='lat' dir='ltr'><strong>gratia,</strong></span> <span class='ocrx_word' id='word_1_811' title='bbox 2737 5317 2791 5363; x_wconf 90' lang='lat' dir='ltr'><strong>et</strong></span> <span class='ocrx_word' id='word_1_812' title='bbox 2837 5309 3080 5379; x_wconf 85' lang='lat' dir='ltr'><strong>perfecta</strong></span> <span class='ocrx_word' id='word_1_813' title='bbox 3127 5323 3329 5364; x_wconf 89' lang='lat' dir='ltr'><strong>ornans</strong></span> <span class='ocrx_word' id='word_1_814' title='bbox 3374 5308 3567 5375; x_wconf 80' lang='lat' dir='ltr'><strong>gratia,</strong></span> <span class='ocrx_word' id='word_1_815' title='bbox 3665 5363 3676 5371; x_wconf 89' lang='lat'>_</span> 
     </span>
    </p>
   </div>
   <div class='ocr_carea' id='block_1_113' title="bbox 1997 5399 3568 5472">
    <p class='ocr_par' dir='ltr' id='par_1_113' title="bbox 1997 5399 3568 5472">
     <span class='ocr_line' id='line_1_113' title="bbox 1997 5399 3568 5472; baseline -0.002 -14"><span class='ocrx_word' id='word_1_816' title='bbox 1997 5415 2051 5459; x_wconf 87' lang='lat' dir='ltr'><strong>et</strong></span> <span class='ocrx_word' id='word_1_817' title='bbox 2089 5403 2303 5457; x_wconf 81' lang='lat' dir='ltr'><strong>tinuum</strong></span> <span class='ocrx_word' id='word_1_818' title='bbox 2339 5410 2599 5472; x_wconf 88' lang='lat' dir='ltr'><strong>tanquam</strong></span> <span class='ocrx_word' id='word_1_819' title='bbox 2652 5399 2887 5472; x_wconf 88' lang='lat' dir='ltr'><strong>lapidem</strong></span> <span class='ocrx_word' id='word_1_820' title='bbox 2935 5401 3190 5467; x_wconf 89' lang='lat' dir='ltr'><strong>reddens,</strong></span> <span class='ocrx_word' id='word_1_821' title='bbox 3225 5413 3322 5453; x_wconf 85' lang='lat' dir='ltr'><strong>vos</strong></span> <span class='ocrx_word' id='word_1_822' title='bbox 3378 5412 3568 5455; x_wconf 83' lang='lat' dir='ltr'><strong>omnes</strong></span> 
     </span>
    </p>
   </div>
   <div class='ocr_carea' id='block_1_114' title="bbox 1601 5562 2251 5620">
    <p class='ocr_par' dir='ltr' id='par_1_114' title="bbox 1601 5562 2251 5620">
     <span class='ocr_line' id='line_1_114' title="bbox 1601 5562 2251 5620; baseline -0.002 -1"><span class='ocrx_word' id='word_1_823' title='bbox 1601 5564 1829 5620; x_wconf 64' lang='lat' dir='ltr'><strong>VARHE</strong></span> <span class='ocrx_word' id='word_1_824' title='bbox 1866 5562 2159 5620; x_wconf 82' lang='lat' dir='ltr'><strong>LECTION</strong></span> <span class='ocrx_word' id='word_1_825' title='bbox 2170 5562 2251 5618; x_wconf 77' lang='lat' dir='ltr'><strong>ES</strong></span> 
     </span>
    </p>
   </div>
   <div class='ocr_carea' id='block_1_115' title="bbox 373 5659 1711 5738">
    <p class='ocr_par' dir='ltr' id='par_1_115' title="bbox 373 5659 1711 5738">
     <span class='ocr_line' id='line_1_115' title="bbox 373 5659 1711 5738; baseline -0.006 -17"><span class='ocrx_word' id='word_1_826' title='bbox 373 5668 477 5734; x_wconf 70' lang='lat' dir='ltr'><strong>“f;</strong></span> <span class='ocrx_word' id='word_1_827' title='bbox 513 5665 843 5738; x_wconf 66' lang='grc' dir='ltr'>ὲπιγράψῃς.</span> <span class='ocrx_word' id='word_1_828' title='bbox 942 5665 996 5695; x_wconf 57' lang='grc'><strong>³³</strong></span> <span class='ocrx_word' id='word_1_829' title='bbox 1020 5662 1166 5716; x_wconf 75' lang='grc' dir='ltr'>Ειίίι.</span> <span class='ocrx_word' id='word_1_830' title='bbox 1204 5679 1355 5732; x_wconf 72' lang='lat' dir='ltr'><strong>prior</strong></span> <span class='ocrx_word' id='word_1_831' title='bbox 1388 5661 1495 5717; x_wconf 76' lang='lat' dir='ltr'><strong>hab</strong></span> <span class='ocrx_word' id='word_1_832' title='bbox 1548 5659 1711 5729; x_wconf 69' lang='grc' dir='ltr'>ὑπέρ.</span> 
     </span>
    </p>
   </div>
   <div class='ocr_carea' id='block_1_116' title="bbox 600 5755 1325 5830">
    <p class='ocr_par' dir='ltr' id='par_1_116' title="bbox 600 5755 1325 5830">
     <span class='ocr_line' id='line_1_116' title="bbox 600 5755 1325 5830; baseline -0.004 -12"><span class='ocrx_word' id='word_1_833' title='bbox 600 5759 872 5818; x_wconf 58' lang='lat' dir='ltr'><strong>Parum.</strong></span> <span class='ocrx_word' id='word_1_834' title='bbox 912 5755 1028 5815; x_wconf 80' lang='lat' dir='ltr'><strong>Gn.</strong></span> <span class='ocrx_word' id='word_1_835' title='bbox 1071 5756 1325 5830; x_wconf 62' lang='lat' dir='ltr'><strong>LXXXI.</strong></span> 
     </span>
    </p>
   </div>
   <div class='ocr_carea' id='block_1_117' title="bbox 3048 5737 3136 5825">
    <p class='ocr_par' dir='ltr' id='par_1_117' title="bbox 3048 5737 3136 5825">
     <span class='ocr_line' id='line_1_117' title="bbox 3048 5737 3136 5825; baseline 0.034 -3"><span class='ocrx_word' id='word_1_836' title='bbox 3048 5737 3136 5825; x_wconf 77' lang='grc' dir='ltr'><strong>,δο</strong></span> 
     </span>
    </p>
   </div>
  </div>
