3956 6202
428 325 448 390 1
461 325 565 388 903

1424 277 1913 381 TIIEODORETi
1949 317 2287 379 EPISCOPI
2311 316 2678 379 CYRENSIS

3559 320 3700 387 1904

423 445 550 488 nam
593 446 750 486 sacra
789 429 1076 498 Scriptura
1112 427 1383 498 plumbum
1416 430 1678 498 appellat,
1704 430 1850 500 quod
1900 443 1992 482 na-

2107 430 2304 493 καλοὺς
2361 425 2730 499 μαργαρίτας.
2785 445 2805 480 ι
2844 425 2949 499 Τὴν
2987 426 3043 481 δὲ
3070 429 3168 499 τῆς
3214 429 3492 501 ἁμαρτίας
3525 452 3704 505 τιμω.

424 533 549 577 tura
598 521 814 592 1618
853 535 1019 590 grave
1069 530 1175 586 est,
1212 521 1421 590 peccati
1459 536 1588 573 vero
1628 521 1840 589 pondus
1874 534 2002 590 gra-

425 617 710 672 vissimum
742 633 753 668 :
791 613 936 682 quod
966 629 1068 667 nos
1103 612 1264 666 docet
1295 611 1520 667 divinus
1551 612 1741 676 David,
1771 613 1961 667 dicens
1987 631 2000 665 :

429 729 446 758 ι
491 706 815 775 Iniquitates
850 720 984 759 mea!
1011 719 1385 775 supergressa:
1423 713 1551 759 sunt
1581 713 1748 775 caput
1795 719 2001 770 meum,

420 808 474 853 et
503 799 652 854 sicut
677 813 820 853 onus
847 813 1012 868 grave
1047 811 1246 868 graves
1277 795 1438 851 facta
1460 805 1589 852 sunt
1612 811 1777 866 super
1803 805 1952 851 mc'.
1980 813 1998 847 ι

421 893 651 947 Divinus
685 892 870 960 itaque
899 889 1198 944 Zacharias
1230 900 1517 960 peccatum
1548 889 1697 944 videt
1729 890 1832 943 sub
1885 902 2003 959 spe-

419 983 505 1038 cie
555 983 855 1037 mulieris:
897 996 1020 1035 nam
1087 997 1153 1036 ex
1216 982 1498 1051 voluptate
1550 982 1692 1036 mala
1740 981 2004 1052 pleraque

420 1082 749 1130 nascuntur.
829 1073 990 1127 Videt
1058 1085 1228 1142 porro
1286 1073 1670 1142 puuitiouem,
1739 1080 2000 1142 tanquam

420 1165 706 1237 plumbum
739 1165 1131 1236 gravissimum
1172 1166 1254 1218 ori
1305 1164 1619 1234 iniquitatis
1671 1164 2000 1218 incumbens

417 1260 572 1328 juxta
627 1257 992 1328 psalmodiam
1047 1256 1320 1312 dicentem
1372 1274 1386 1312 :
1429 1275 1448 1308 ι
1495 1254 1688 1310 Omnis
1733 1256 2001 1326 iniquitas

419 1352 668 1407 ohstruet
703 1366 766 1406 os
799 1365 983 1404 suum.
1021 1347 1238 1404 Peccati
1282 1357 1466 1404 autem
1497 1347 1713 1402 fructus
1736 1359 1820 1402 est
1849 1349 2003 1418 igno-

418 1441 588 1495 minia
609 1453 632 1481 ε
653 1479 669 1494 .
697 1460 715 1493 ι
756 1439 848 1496 Sic
873 1440 1042 1495 etiam
1075 1440 1274 1496 beatus
1316 1439 1394 1495 ait
1421 1439 1666 1494 Paulus:
1698 1457 1717 1490 ι
1757 1438 2000 1494 Liherati

419 1550 448 1587 a
483 1543 726 1603 peccato,
796 1532 939 1587 servi
995 1531 1122 1588 facti
1176 1533 1314 1587 estis
1347 1531 1602 1601 justitiw.
1643 1531 1817 1598 Quem
1868 1545 2000 1601 ergo

420 1624 658 1678 fmctum
701 1622 982 1679 habuistis
1034 1633 1166 1677 tunc
1221 1623 1274 1676 in
1335 1623 1483 1685 illis,
1544 1637 1781 1692 quorum
1828 1634 1998 1676 causa

418 1731 565 1771 nunc
607 1714 1028 1770 crubescitisb?
1075 1734 1092 1766 ι
1139 1713 1341 1768 Didicit
1392 1731 1524 1785 ergo
1566 1715 1854 1786 propheta,
1888 1715 2000 1768 sol-

417 1805 566 1860 vissc
593 1815 646 1860 et
677 1805 962 1861 remisisse
998 1804 1167 1861 Deum
1199 1807 1401 1876 populo
1439 1819 1747 1878 peccatum,
1784 1817 1837 1862 et
1881 1821 1997 1878 pte-
2030 1801 2069 1854 Β

417 1913 544 1951 nam
580 1897 928 1952 terminasse.
967 1893 1046 1969 [9]
1099 1897 1245 1954 Duas
1299 1913 1464 1968 porro
1516 1899 1693 1953 cernit
1737 1898 1995 1954 mulieres

415 1987 616 2048 ala‘tas,
671 2001 794 2056 qua:
836 1999 964 2040 cum
1005 1986 1248 2042 stridore
1298 1989 1538 2057 quodam
1575 1987 1914 2049 ferebantur,
1942 1995 1998 2041 et

415 2094 648 2148 quarum
685 2078 783 2133 ala:
811 2078 1024 2134 similes
1058 2079 1161 2134 alis
1201 2094 1403 2150 upupa:
1450 2087 1630 2135 erant.
1664 2078 1760 2135 Est
1814 2088 1996 2135 autem

417 2173 534 2226 haec
567 2171 686 2226 avis
721 2169 1097 2237 velocissima,
1129 2186 1353 2227 carnem
1377 2173 1597 2242 quidem
1634 2173 1844 2229 habens
1883 2173 1999 2228 exi-

415 2278 604 2331 quam,
643 2263 738 2318 sed
773 2263 888 2318 alas
931 2256 1166 2334 corpore
1216 2265 1480 2334 majores.
1530 2266 1639 2320 Illae
1679 2265 1871 2337 igitur,
1916 2266 2000 2320 in-

415 2353 555 2421 quit,
583 2367 710 2407 cum
765 2367 1082 2409 mensuram
1122 2355 1272 2408 illam
1318 2359 1695 2427 accepissent,
1749 2372 1845 2427 per
1880 2372 1997 2412 me-

415 2445 568 2500 dium
635 2459 817 2499 acrem
887 2443 1226 2503 ferebantur.
1284 2445 1399 2519 [l0,
1444 2447 1532 2520 ll]
1608 2450 1721 2521 Ego
1769 2463 1901 2504 vero
1929 2463 1995 2502 ex

418 2529 613 2604 angelo
643 2542 1040 2603 percontatus,
1071 2551 1184 2607 quo
1236 2537 1346 2591 illae
1396 2552 1714 2593 mensuram
1767 2535 1997 2600 ferrent,

415 2627 660 2682 intellexi
695 2641 790 2682 eas
823 2627 876 2681 in
903 2626 1234 2699 Babylonem
1268 2627 1565 2699 proﬁcisci,
1599 2643 1708 2683 non
1749 2629 1912 2684 modo
1943 2639 2000 2682 ut

415 2733 534 2772 eam
569 2717 623 2772 in
652 2719 790 2774 urbe
829 2719 1195 2784 collocarent,
1227 2719 1320 2775 sed
1343 2726 1398 2775 ct
1429 2720 1478 2774 ei
1507 2720 1734 2775 domum
1760 2719 2000 2773 aediﬁca-

413 2819 561 2875 rent,
593 2819 646 2864 ct
678 2826 798 2864 eam
826 2811 898 2865 ibi
937 2811 1280 2882 deponerent
1327 2810 1392 2864 ad
1449 2826 1582 2866 usus
1613 2811 1756 2881 ejus.
1807 2807 1998 2878 Neque

410 2901 578 2966 enim,
617 2901 815 2970 inquit,
859 2903 1326 2972 quemadmodum
1359 2901 1752 2972 Hierosolyma:
1781 2909 1994 2956 certum

413 3004 629 3064 tempus
681 2993 905 3049 deﬁnivi
958 2995 1026 3048 ad
1070 2996 1415 3060 vastitatem,
1468 2994 1670 3048 deinde
1707 2993 1755 3049 ei
1787 2994 1993 3064 ignovi,

411 3087 491 3141 sic
549 3087 841 3158 Babylonis
912 3088 1235 3154 miserebor,
1300 3087 1398 3143 sed
1456 3095 1750 3157 perpetuas
1807 3087 1993 3142 multa:

411 3179 709 3251 impietatis
741 3194 934 3251 pmnas
969 3179 1144 3235 dabit.

911 3475 1128 3548 1619
1173 3473 1402 3532 CAPUT
1435 3474 1526 3530 vr.

482 3571 622 3644 [1-5]
657 3571 772 3626 llac
805 3570 1018 3625 visione
1046 3569 1128 3624 sic
1155 3569 1432 3637 absoluta,
1480 3568 1711 3625 alterius
1759 3569 1992 3625 visionis

409 3666 786 3719 narrationem
844 3661 1077 3724 inducit,
1137 3663 1324 3732 aitque
1376 3678 1435 3718 se
1474 3662 1682 3718 vidisse
1751 3670 1994 3733 quatuor

408 3771 634 3819 currus,
669 3758 684 3776 ⁴
739 3751 1085 3825 egredientes
1126 3769 1155 3808 e
1187 3752 1405 3808 duobus
1456 3753 1734 3807 montibus
1778 3751 1986 3806 asticis:

408 3862 472 3901 ac
499 3848 658 3916 primi
707 3847 928 3916 quidem
965 3859 1163 3900 currus
1205 3861 1378 3916 equos
1436 3845 1609 3900 fuisse
1662 3845 1839 3909 rufos,
1899 3861 1990 3900 sc-

406 3938 573 3992 cundi
612 3940 822 4009 nigros.
881 3935 1033 3991 tertii
1084 3936 1263 4001 albos,
1301 3937 1484 4006 quarti
1523 3952 1651 3989 vero
1707 3937 1889 3991 varios
1934 3944 1989 3990 ct

391 4031 758 4096 ,uiaculosos;
813 4027 945 4101 [4-6]
1007 4036 1198 4099 postea
1243 4037 1624 4098 percontatum
1677 4028 1747 4083 ab
1797 4028 1990 4100 angelo

403 4123 756 4193 cognovisse,
819 4123 918 4176 hos
951 4136 1074 4176 esse
1131 4129 1372 4190 quatuor
1435 4127 1628 4174 ventos
1681 4121 1838 4185 cwli,
1893 4122 1988 4192 qui

403 4213 788 4284 egrediuntur,
851 4219 909 4266 ut
965 4211 1234 4266 assistant
1293 4210 1526 4266 Domino
1581 4215 1762 4270 omnis
1804 4223 1984 4271 terrae.

402 4294 652 4368 Quatuor
679 4311 859 4358 autem
889 4315 1069 4357 ventos
1108 4301 1349 4370 appellat
1381 4314 1623 4372 quatuor
1675 4314 1861 4376 partes
1903 4323 1989 4362 or-

401 4395 488 4449 bis
537 4403 735 4450 tcrrac:
785 4393 874 4448 his
921 4392 1067 4447 enim
1117 4407 1352 4446 numero
1399 4409 1563 4464 pares
1618 4413 1742 4452 esse
1793 4407 1986 4455 ventos

2117 521 2236 592 ρίαν
2254 520 2548 590 μόλιϐδον
2565 522 2598 588 ἡ
2622 519 2744 588 ἱερὰ
2766 521 3163 592 προσαγορεύει
3184 523 3377 594 Γραφή
3411 541 3423 552 ·
3451 525 3616 594 φύσει
3641 528 3705 581 δὲ

2112 603 2268 673 οὗτος
2293 609 2483 680 βαρὺς,
2519 608 2824 680 βαρύτατον
2843 609 2898 662 δὲ
2921 611 3015 663 καὶ
3041 611 3101 662 τὸ
3132 610 3232 680 τῆς
3260 613 3539 683 ἁμαρτίας
3568 631 3709 686 φορ-

2111 696 2245 752 τίον.
2288 697 2399 751 Καὶ
2434 697 2594 751 τοῦτο
2633 699 2661 750 6
2688 697 2829 760 θεῖος
2859 700 3007 768 ἡμᾶς
3058 698 3302 754 διδάσκει
3341 703 3539 756 Δαϐίδ·
3573 725 3592 756 ι
3630 706 3708 758 Δί

2111 792 2335 862 ἀνομίαι
2393 808 2518 862 μου,
2569 790 2780 859 λέγων,
2807 792 3093 863 ὑπερῆραν
3127 793 3228 863 τὴν
3273 795 3516 866 κεφαλήν
3569 815 3706 866 μου,

2111 883 2244 936 ὡσεὶ
2271 883 2493 954 φορτίον
2520 883 2658 954 βαρὺ
2693 882 3069 954 ὲϐαρύνθησαν
3104 886 3325 954 ἐπ’έμέ.
3363 907 3381 938 ι
3403 889 3707 958 Τοιγάρτοι

2112 977 2207 1031 καὶ
2250 977 2280 1030 6
2306 976 2592 1039 Θεσπέσιος
2624 975 2901 1046 Ζαχαρίας
2932 978 3035 1046 ὁρᾷ
3063 977 3161 1046 μὲν
3213 977 3312 1048 τὴν
3341 979 3620 1049 ἁμαρτίαν
3639 981 3709 1033 ἐν

2110 1067 2266 1138 τύπῳ
2287 1067 2546 1135 γυναικὸς
2582 1066 2917 1137 φαινομένην
2945 1084 2958 1098 ·
3000 1070 3058 1134 ἐξ
3106 1069 3439 1138 ἡδυπαθείας
3475 1071 3589 1142 γὰρ
3627 1071 3711 1125 τὰ

2111 1159 2333 1213 πλείονα
2364 1160 2611 1213 τίκτεται
2637 1159 2744 1212 τῶν
2788 1161 2995 1214 κακῶν.
3035 1161 3168 1232 Ὁρᾷ
3197 1162 3254 1215 δὲ
3283 1154 3382 1233 τὴν
3424 1164 3709 1234 τιμωρίαν

2111 1249 2365 1322 καθάπερ
2406 1251 2529 1306 τινὰ
2579 1251 2884 1322 βαρύτατον
2933 1252 3182 1323 μόλιϐδον
3219 1254 3300 1324 τῷ
3332 1255 3429 1325 τῆς
3463 1257 3710 1326 ἀνομίας

2111 1347 2463 1418 ἐπικείμενον
2515 1348 2768 1418 στόματι,
2819 1348 2962 1402 κατά
2995 1348 3094 1420 τὴν
3121 1347 3440 1420 ψαλμῳδίαν
3474 1349 3577 1419 τὴν
3605 1349 3706 1404 λέ-

2108 1457 2312 1509 γουσαν
2349 1457 2366 1476 ο
2405 1459 2426 1492 ι
2460 1443 2616 1495 Πᾶσα
2647 1441 2849 1512 ἀνομία
2883 1441 3154 1513 ἐμφράξει
3185 1442 3246 1494 τὸ
3275 1446 3449 1512 στόμα
3494 1441 3706 1509 αὐτῆς.
3777 1505 3782 1509 _

2109 1535 2340 1606 Καρπδς
2371 1534 2428 1587 δὲ
2461 1535 2560 1606 τῆς
2595 1535 2872 1606 ἁμαρτίας
2901 1535 3156 1607 αίσχύνη.
3178 1555 3197 1588 ι
3233 1535 3388 1590 Οὕτω
3410 1537 3502 1590 καὶ
3529 1536 3561 1588 6
3586 1553 3711 1605 μα-

2107 1627 2303 1698 κάριος
2355 1627 2503 1695 λέγει
2536 1627 2751 1691 Παῦλος
2790 1644 2806 1660 ο
2838 1647 2858 1680 ι
2909 1627 3396 1701 Ἐλευθερωθέντες
3437 1627 3548 1680 ἀπὸ
3592 1627 3711 1698 τῆς

2108 1719 2410 1791 ἁμαρτίας,
2447 1719 2783 1792 ἐδουλώθητε
2822 1723 2888 1792 τῇ
2919 1719 3258 1794 δικαιοσύνῃ·
3277 1722 3396 1774 τίνα
3424 1717 3518 1774 οὖν
3551 1737 3709 1790 καρ-

2100 1812 2203 1865 πὸν
2248 1813 2425 1883 εἴχετε
2455 1812 2577 1865 τότε
2625 1813 2712 1882 ἐφ’
2735 1807 2813 1878 οἷς
2847 1813 2939 1868 νῦν
2969 1813 3396 1884 ὲπαισχύνεσθε;
3427 1832 3445 1864 ι
3488 1813 3706 1868 mea-

2100 1904 2203 1976 χθη
2236 1904 2415 1960 τοίνυν
2444 1906 2473 1959 6
2495 1907 2798 1978 προφήτης,
2827 1906 2903 1970 ώς
2934 1905 3029 1959 τοῦ
3055 1906 3186 1961 λαοῦ
3227 1905 3326 1978 τὴν
3340 1905 3385 1938 ³⁸
3416 1905 3712 1976 ἁμαρτίαν

2101 1997 2291 2051 ἔλυσεν
2319 1999 2348 2052 6
2377 1998 2534 2064 Θεδς,
2561 2000 2656 2054 καὶ
2689 1998 2786 2071 τὴν
2828 1999 3102 2070 τιμωρίαν
3141 1999 3510 2054 κατέπαυσεν.
3537 2000 3714 2070 Ἀμέ-

2099 2090 2182 2144 λει
2224 2090 2317 2145 δύο
2361 2091 2558 2164 θεωρεῖ
2579 2093 2848 2161 γυναῖκας
2881 2090 3246 2164 ὑποπτέρους,
3275 2090 3438 2162 ῥοίζῳ
3457 2092 3571 2144 τινὶ
3598 2108 3712 2160 φε-

2065 2177 2075 2186 ’
2103 2184 2370 2256 ρομένας·
2402 2184 2606 2250 ἔποπος
2635 2184 2694 2238 δὲ
2742 2183 2988 2255 πτεροῖς,
3021 2183 3189 2254 φησὶν
3208 2224 3224 2250 ,
3257 2182 3418 2254 ἐῴκει
3448 2183 3518 2236 τὰ
3569 2183 3712 2236 τού-

2100 2293 2210 2329 των
2261 2276 2457 2348 πτερά.
2514 2275 2812 2342 Ὀξύτατον
2867 2276 2925 2330 δὲ
2971 2275 3131 2331 τοῦτο
3181 2276 3244 2330 τὸ
3269 2275 3476 2347 ὄρνεον,
3510 2275 3711 2344 σάρκα

2104 2368 2202 2437 μὲν
2241 2366 2502 2440 βραχεῖαν
2531 2368 2654 2439 ἔχον
2678 2411 2692 2434 ,
2727 2368 2903 2440 πτερά
2946 2367 3003 2422 δὲ
3051 2368 3151 2440 τῆς
3203 2369 3405 2440 σαρκὸς
3441 2368 3706 2439 μείζονα.

2100 2452 2272 2514 Αύται
2310 2461 2512 2526 τοίνυν,
2546 2461 2704 2533 φησὶ,
2735 2460 3002 2516 λαϐοῦσαι
3029 2460 3091 2515 τδ
3143 2461 3342 2534 μέτρον
3378 2461 3582 2525 ἐκεῖνο,
3605 2461 3710 2516 διὰ

2105 2551 2273 2624 μέσου
2301 2551 2394 2606 τοῦ
2424 2553 2587 2624 ἀέρος
2613 2553 2894 2624 ἐφέροντο.
2925 2552 3068 2622 Ἐγὼ
3098 2552 3157 2606 δὲ
3187 2553 3279 2606 τὸν
3301 2551 3442 2606 θεῖον
3469 2551 3708 2622 ἠρόμην

2101 2645 2334 2715 ἄγγελον
2356 2687 2370 2713 ,
2400 2646 2505 2700 πού
2551 2646 2614 2700 τὸ
2650 2647 2849 2719 μέτρον
2895 2639 3056 2700 αὗται
3106 2645 3394 2716 κομίζουσι
3414 2663 3429 2676 ’
3459 2647 3560 2700 καὶ
3583 2646 3708 2698 ἐδι-

2100 2738 2304 2810 δάχθην
2336 2740 2413 2804 ὡς
2461 2740 2543 2803 είς
2574 2739 2674 2811 τὴν
2722 2739 3016 2794 Βαϐυλῶνα
3061 2741 3322 2802 ἀπίασιν,
3349 2739 3491 2793 ὥστε
3560 2740 3708 2792 αὐτὸ

2105 2830 2181 2902 μὴ
2219 2830 2378 2900 μόνον
2406 2831 2677 2886 ἐπιθεῖναι
2703 2834 2770 2903 τῇ
2799 2831 2973 2894 πόλει,
3021 2831 3156 2885 ἀλλὰ
3186 2831 3277 2886 καὶ
3330 2830 3510 2885 οἰκίαν
3539 2831 3705 2902 αὐτῷ

2099 2923 2476 2996 οἰκοδομῆσαι,
2513 2926 2608 2978 καὶ
2657 2924 2833 2978 θεῖναι
2863 2924 2998 2978 αὐτὸ
3035 2926 3151 2978 έκεί
3176 2926 3268 2978 ἐπὶ
3313 2924 3411 2994 τὴν
3462 2925 3704 2993 ἕτοιμα⁹

2103 3018 2224 3072 σίαν
2255 3016 2438 3071 αὐτοῦ.
2475 3018 2611 3072 Οὐδὲ
2642 3017 2750 3089 γὰρ
2806 3017 3078 3089 καθάπερ,
3112 3019 3266 3087 φησὶ,
3301 3019 3366 3088 τῇ
3410 3017 3706 3086 Ἰερουσα-

2100 3108 2212 3180 λὴμ
2245 3109 2409 3181 ῥητὸν
2461 3109 2639 3179 ὥρισα
2671 3111 2863 3182 χρόνον
2919 3111 2999 3172 είς
3053 3108 3319 3180 ἐρημίαν,
3354 3103 3475 3160 εἶτα
3528 3109 3702 3162 πάλιν

2095 3201 2268 3272 αὐτὴν
2298 3197 2511 3268 φειδοῦς
2538 3199 2748 3269 ἠξίωσα
2793 3201 2887 3254 καὶ
2919 3198 3250 3270 συγγνώμης
3273 3238 3288 3262 ,
3317 3197 3460 3250 οὕτω
3494 3198 3592 3250 καὶ
3625 3201 3699 3267 τῇ

2099 3291 2381 3346 Βαϐυλῶνι
2435 3291 2734 3360 μεταδώσω
2785 3291 3232 3363 φιλανθρωπίας·
3267 3291 3404 3345 ἀλλὰ
3457 3291 3698 3361 διηνεκῆ

2095 3383 2308 3450 δέξεται
2341 3384 2612 3456 τιμωρίαν
2647 3384 2768 3436 ἀντὶ
2795 3385 2838 3417 ⁸¹
2877 3384 2975 3454 τῆς
3006 3383 3204 3454 πολλῆς
3235 3382 3514 3445 ἀσεϐείας.

2615 3476 3017 3529 ΚΕΦΑΛΑΙΟΝ
3060 3478 3150 3542 εῖν.

2164 3567 2321 3623 Οὕτω
2368 3568 2572 3641 ταύτην
2605 3569 2963 3640 συμπερανας
3011 3567 3110 3639 τὴν
3152 3567 3442 3631 ὀπτασίαν,
3491 3569 3699 3639 ἑτέρας

2094 3661 2328 3733 θεωρίας
2377 3661 2678 3734 προσφέρει
2727 3661 3005 3732 διήγησιν,
3055 3663 3148 3713 καὶ
3193 3661 3344 3728 λέγει
3391 3659 3698 3715 τεθεᾶσθαι

2094 3754 2318 3827 ἅρματα
2351 3755 2598 3827 τέσσαρα
2631 3753 2724 3808 τὸν
2751 3752 2985 3824 ἀριθμὸν
3029 3754 3093 3806 ὲκ
3135 3752 3228 3806 δύο
3258 3753 3478 3823 χαλκῶν
3512 3755 3699 3824 ὀρέων

2092 3846 2526 3918 ἐκπορευόμενα,
2569 3847 2665 3900 καὶ
2705 3845 2782 3917 τῷ
2834 3845 2933 3916 μὲν
2981 3846 3184 3916 πρώτῳ
3235 3846 3443 3916 ἅρματι
3481 3848 3696 3910 ἵππους

2091 3938 2417 4009 έπεζεῦχθαι
2468 3939 2732 4010 πυρροὺς,
2783 3937 2859 4008 τῷ
2903 3939 3144 4008 δευτέρῳ
3185 3939 3241 3991 δὲ
3279 3938 3544 4008 μέλανας,
3587 3941 3696 3993 καὶ

2090 4031 2169 4102 τῷ
2211 4031 2382 4102 τρίτῳ
2427 4031 2676 4094 λευκοὺς,
2705 4029 2984 4094 ποικίλους
3016 4030 3073 4082 δὲ
3121 4032 3213 4083 καὶ
3239 4031 3451 4100 ψαροὺς
3482 4031 3563 4100 τῷ
3592 4049 3690 4084 τε-

2089 4122 2296 4194 τάρτῳ.
2331 4118 2469 4178 Εἶτα
2507 4122 2601 4176 καὶ
2634 4121 2900 4176 πυθέσθαι
2943 4121 3114 4190 λέγει,
3161 4123 3258 4175 καὶ
3297 4123 3693 4194 μεμαθηκέναι

2091 4215 2243 4300 παρὰ
2274 4215 2370 4270 τοῦ
2405 4215 2659 4284 ἀγγέλου,
2693 4215 2775 4268 ὅτι
2819 4214 2996 4269 ταῦτά
3030 4217 3179 4268 ἐστιν
3207 4215 3257 4268 oi
3287 4216 3560 4289 τέσσαρες
3591 4219 3690 4272 ἄν·

2090 4310 2214 4382 εμόι
2259 4309 2354 4364 τοῦ
2395 4308 2654 4381 ούρανοῦ,
2701 4308 2750 4362 οἳ
2782 4309 3175 4380 ἐκπορεύονται
3212 4311 3572 4381 παραστῆναι
3606 4311 3693 4382 τῷ

2089 4400 2282 4473 Κυρίῳ
2324 4401 2504 4471 πάσης
2551 4401 2650 4472 τῆς
2682 4401 2806 4471 γῆς.
2847 4400 3159 4469 Τέσσαρας
3199 4400 3257 4453 δὲ
3310 4401 3576 4470 ἀνέμους
3618 4406 3690 4458 τὰ

399 4487 598 4555 vulgus
657 4485 939 4552 opinatur.
1002 4482 1242 4537 Docctur
1297 4501 1430 4556 ergo
1486 4489 1776 4560 propheta,
1830 4492 1978 4561 quod

2100 4493 2327 4565 τέσσαρα
2356 4493 2618 4564 τμήματα
2646 4493 2746 4562 τῆς
2771 4493 3098 4565 οἰκουμένης
3124 4495 3280 4547 καλεῖ
3302 4512 3314 4524 ⁸
3350 4497 3687 4568 ἰσαρίθμους

402 4577 546 4630 Deus
582 4575 948 4643 potestatibus
983 4574 1358 4633 inrisibilibus
1402 4588 1562 4637 utens
1594 4583 1892 4648 ministris,
1929 4593 1984 4640 et

401 4668 544 4721 bona
599 4666 898 4735 largiatur,
948 4675 1002 4723 et
1058 4669 1258 4723 acerba
1333 4672 1653 4730 hominibus
1713 4675 1980 4732 inducat:

400 4754 865 4825 quemadmodum
903 4759 1096 4815 beatus
1128 4759 1296 4816 David
1330 4763 1466 4819 dicit
1495 4783 1508 4820 :
1550 4785 1568 4817 ι
1607 4766 1978 4823 Castrameta-

402 4845 550 4899 bitur
597 4847 822 4919 angelus
855 4847 1070 4905 Domini
1104 4853 1158 4906 in
1189 4855 1432 4910 circuitu
1467 4857 1780 4911 timentium
1829 4874 1976 4923 eum,

399 4945 454 4990 et
481 4937 676 5006 eripiet
710 4954 807 4996 eos
838 4952 885 4996 ο.
919 4961 936 4992 ι
973 4940 1052 4998 De
1081 4946 1289 5000 ultione
1325 4959 1506 5002 autem
1539 4949 1593 5001 in
1634 4949 1742 5003 alio
1766 4950 1979 5018 psalmo

400 5030 512 5083 ait:
564 5049 580 5079 ι
629 5030 824 5086 Emisit
862 5035 914 5089 in
951 5051 1048 5092 eos
1084 5038 1220 5092 iram
1275 5039 1672 5110 indignationis
1722 5055 1856 5103 suae,
1893 5043 1977 5094 in-

398 5119 777 5188 dignationem
811 5132 863 5178 ct
918 5126 1078 5190 iram,
1111 5137 1164 5182 et
1201 5129 1638 5192 tribulationem,
1675 5131 1976 5186 immissim

399 5219 521 5266 n‘czn
573 5229 669 5281 per
725 5217 950 5286 angelos
1009 5221 1186 5274 malos
1210 5219 1257 5273 ἀ.
1300 5239 1318 5270 ι
1382 5220 1474 5272 Sic
1527 5221 1694 5274 etiam
1755 5217 1976 5276 divinus

397 5302 694 5361 Zacharias
718 5325 874 5377 equos
904 5310 1122 5379 quidem
1153 5312 1334 5380 m'gros
1362 5312 1510 5366 videt
1558 5312 1625 5368 ad
1658 5312 1975 5384 aquilonem

2090 4585 2199 4655 γὰρ
2239 4585 2288 4636 οἱ
2318 4583 2506 4637 πολλοὶ
2547 4583 2758 4644 τούτοις
2794 4585 2890 4637 καὶ
2918 4585 3046 4647 τοὺς
3079 4585 3314 4656 ἀνέμους
3355 4587 3686 4660 ὑπολαμϐα-

2089 4691 2272 4728 νουσιν
2305 4669 2463 4729 εἶναι.
2504 4674 2826 4729 Διδάσκεται
2850 4675 3031 4730 τοίνυν
3060 4679 3087 4731 6
3113 4679 3422 4749 προφήτης,
3455 4680 3533 4744 ὡς
3557 4685 3681 4747 ταῖς

2088 4767 2340 4837 ἀοράτοις
2384 4766 2680 4837 δυνάμεσιν
2737 4767 3036 4839 ὑπουργοῖς
3086 4771 3430 4841 κεχρημένος
3487 4773 3516 4824 6
3567 4775 3681 4825 τῶν

2086 4858 2224 4912 ὅλων
2259 4858 2391 4923 Θεὸς
2411 4859 2456 4890 ⁸⁸
2485 4859 2581 4913 καὶ
2607 4859 2673 4912 τὰ
2715 4859 2898 4929 ἀγαθὰ
2937 4865 3184 4933 χορηγεῖ,
3219 4864 3318 4915 καί
3347 4867 3419 4916 τα
3449 4864 3676 4938 λυπηρὰ

2087 4951 2200 5012 τοῖς
2233 4949 2542 5022 ἀνθρώποις
2581 4951 2796 5022 ἐπάγει.
2836 4951 2994 5007 υΰτω
3035 4955 3126 5007 καὶ
3155 4957 3185 5008 6
3215 4957 3493 5029 μακάριος
3524 4961 3680 5028 λέγει

2087 5041 2286 5095 Δαϐίδ·
2329 5061 2346 5092 ι
2403 5042 2757 5114 Παρεμϐαλεί
2793 5046 3026 5115 ἄγγελος
3076 5049 3282 5120 Κυρίου
3332 5050 3524 5120 κύκλῳ
3566 5056 3679 5107 τῶν

2087 5133 2434 5203 φοϐουμένων
2459 5136 2640 5202 αὑτὸν,
2665 5137 2758 5190 καὶ
2782 5139 3003 5204 ῥύσεται
3035 5141 3287 5205 αὐτούς.»
3325 5144 3465 5216 Περὶ
3495 5145 3553 5199 δὲ
3575 5147 3678 5217 τῆς

2083 5226 2352 5296 τιμωρίας
2389 5228 2446 5279 ὲν
2489 5227 2661 5299 ἑτέρῳ
2699 5228 2899 5300 ψαλμῷ
2943 5247 3145 5302 φησιν⁶
3181 5252 3200 5284 ι
3254 5207 3674 5300 Ἐξαπέστειλέν

2085 5318 2164 5379 εἰς
2193 5317 2388 5381 αὐτοὺς
2411 5318 2580 5389 ὀργὴν
2609 5319 2781 5392 θυμοῦ
2804 5321 2973 5376 αὑτοῦ
2997 5339 3008 5351 ·
3035 5323 3205 5396 θυμὸν
3231 5327 3329 5381 καὶ
3353 5327 3550 5401 ὀργὴν,
3578 5332 3674 5384 καὶ

465 5490 490 5520 ι
527 5482 668 5539 Psal.
709 5505 912 5553 xxxiii,
947 5490 998 5544 5.
1077 5501 1101 5528 ει
1143 5489 1289 5544 Psal.
1327 5507 1435 5558 cvi,
1469 5494 1561 5549 4:2.
1642 5496 1667 5534 ιι
1710 5494 1866 5551 Rom.
1903 5511 1980 5564 \‘l,

2104 5498 2210 5553 2|.
2287 5497 2479 5571 fPsal.
2515 5517 2706 5568 χχχιιι,
2751 5503 2799 5556 7.
2878 5504 2902 5542 ἀ
2932 5504 3077 5563 Psal.
3109 5519 3332 5576 uxm,
3358 5506 3451 5564 69.

1683 5652 1917 5708 VARIE
1959 5652 2362 5709 LECTIONES.

1159 5760 1204 5790 ⁶¹
1238 5760 1379 5817 ἀντί.
1414 5764 1562 5819 (SE-'1'.

466 5751 512 5782 ⁸⁸
535 5755 650 5824 τήν.
683 5754 722 5807 C
757 5772 940 5825 paen.
969 5759 1080 5814 καί.

1573 5806 1585 5820 .
1649 5846 1651 5849 Ι
1685 5770 1728 5800 ⁸³
1759 5771 1784 5821 ὀ
1819 5786 1866 5824 τ.
1901 5770 1948 5823 ὃ.
1985 5769 2138 5834 Θεὸς.
2177 5771 2254 5825 Ex
2287 5771 2326 5828 (Ἰ
2356 5774 2534 5843 suppl.
