3956 6202
247 338 385 406 1905
1444 342 1531 405 IN
1560 344 1963 407 ZACHARL‘E
1995 347 2152 409 CAP.
2174 349 2274 410 v1;
3363 316 3516 417 1905:

240 452 438 522 θλίψιν,
469 450 774 523 ἀποστολὴν
795 449 864 506 δι’
892 451 1143 523 ἀγγέλων
1172 453 1447 525 πονηρῶν.
1482 473 1500 507 ι
1538 455 1696 511 Οῦτω
1723 455 1820 510 καὶ

1946 457 2231 523 endentes,
2268 473 2365 531 per
2413 474 2556 530 quos
2608 459 2907 532 Babylonis
2938 461 3173 517 exitium
3223 463 3500 537 designat.

236 548 267 600 ό
302 544 592 609 θεσπέσιος
629 544 906 617 Ζαχαρίας
947 545 1054 618 δρᾷ
1080 547 1210 609 τοὺς
1261 546 1361 618 μὶν
1408 545 1679 616 μέλανας
1723 549 1821 603 2::-

1945 567 1949 599 π
2012 548 2137 605 Albi
2169 558 2351 606 autem
2385 553 2814 623 egrediebantur
2865 570 2896 608 a
2956 563 3112 626 tergo
3171 555 3425 621 istorum,
3478 579 3519 613 ι·

238 654 394 705 ⁸τους
421 636 515 691 ἐπὶ
538 636 606 691 τά
630 636 818 710 βόρεια
844 636 984 710 μέρη
1009 636 1110 708 τῆς
1132 638 1461 710 οἰκουμένης
1492 639 1816 707 ἐλάσαντας,

1945 657 2036 696 ton
2066 650 2125 697 ut
2157 642 2268 700 illis
2294 643 2439 699 bona
2470 645 2824 715 largirenlut‘,
2858 646 2953 702 sed
2983 654 3043 701 ut
3077 648 3185 703 illis
3213 649 3503 717 castigatis

239 729 539 783 αἰνίττεται
560 728 618 782 δὲ
639 728 727 783 διὰ
749 727 940 782 τούτου
975 728 1075 801 τῆς
1100 728 1420 795 Βαϐυλῶνος
1451 730 1545 785 τὸν
1575 730 1814 802 ὄλεθρον.

1945 733 2185 803 'cliquias
2211 734 2553 805 captivbrum
2580 734 2931 793 Hebraeorum
2966 739 3023 794 in
3062 737 3307 795 Judmam
3341 741 3503 796 redu—

244 841 263 872 ι
296 821 410 876 Καὶ
437 822 487 874 oi
513 820 699 874 λευκοὶ
724 821 782 874 δὶ
806 820 1197 891 ὶξεποριύοντο
1220 822 1553 877 κατόπισθεν
1579 822 1779 888 αὐτῶν,
1795 842 1813 876 ι

1945 832 2129 881 :erent.
2185 843 2205 879 ι
2275 825 2397 881 Ruﬁ
2453 827 2626 898 (vero)
2692 829 3117 901 egrediebantur
3174 832 3230 885 in
3289 839 3501 887 terram

238 913 337 984 οὐχ
392 912 479 966 ἵνα
525 910 759 975 ἐκείνοις
812 915 1163 984 χορηγήσωσι
1209 914 1276 967 τὰ
1322 913 1526 983 ἀγαθὰ,
1579 915 1697 969 ἀλλ’
1731 915 1821 971 ἴνα

1945 917 2136 982 mstri,
2199 936 2218 971 ι
2280 919 2557 977 minantes
2627 921 2843 994 1620
2891 923 3038 977 mala
3088 923 3506 994 insurgentibus

240 1004 466 1059 lzsivuw
486 1003 865 1075 κολαζομένων
897 1007 1023 1069 τοὺς
1052 1006 1380 1072 ὑπολοίπους
1408 1008 1518 1062 τῶν
1550 1008 1823 1080 δορυαλώο

1945 1016 2123 1065 :ontra
2149 1009 2589 1084 Hierosolymam
2635 1015 2913 1084 gentibus.
2963 1013 3070 1070 Per
3101 1016 3332 1071 colerem
3357 1017 3506 1072 enim

239 1112 346 1147 των
387 1094 658 1164 Ἑϐραίων
684 1096 765 1157 είς
788 1095 889 1166 τὴν
924 1096 1186 1150 Ἰουδαίαν
1210 1099 1630 1167 ἐπαναγάγωσι.
1661 1119 1680 1152 ι
1712 1100 1824 1155 Καὶ

1945 1101 2110 1171 rufum
2142 1101 2575 1173 indignationem
2611 1120 2797 1161 sermo
2825 1105 3158 1178 designavit.

240 1189 285 1240 oi
307 1185 504 1257 πυρῤοὶ
528 1184 914 1255 ἐξεπορεύοντο
939 1184 1032 1238 ἐπὶ
1059 1186 1165 1255 γῆν
1188 1188 1237 1221 ⁸³
1268 1188 1443 1254 νότου,
1475 1208 1494 1241 ι
1531 1190 1885 1255 ἀπειλοῦντες
1926 1192 2073 1247 κακὰ
2119 1195 2235 1257 τοῖς
2285 1195 2747 1267 ὲπανισταμένοις
2796 1195 2939 1251 κατὰ
2989 1197 3089 1269 τῆς
3151 1197 3509 1272 Ἰερουσαλὴμ

239 1278 417 1332 ἔθνεσι
439 1295 453 1308 ·
480 1275 569 1329 διὰ
608 1275 703 1328 τοῦ
740 1274 974 1344 πυῤῥοῦ
1005 1276 1116 1347 γάρ
1156 1277 1463 1347 χρώματος
1496 1281 1559 1334 τὸ
1592 1279 1876 1350 θυμοειδὲς
1904 1282 1932 1334 ὁ
1959 1280 2118 1350 λόγος
2141 1282 2379 1355 ᾐνίξατο.

307 1368 373 1435 ζ’.
408 1389 427 1420 ρ
459 1367 567 1421 Καὶ
592 1368 904 1421 οίιποικίλοι
939 1366 1036 1421 καὶ
1063 1369 1110 1421 oi
1132 1367 1177 1400 θ’*
1201 1370 1368 1441 ψαροὶ
1398 1368 1815 1442 ἐξεπορεύοντο,

1975 1369 2203 1428 VensJ.
2217 1393 2233 1426 ι
2246 1375 2313 1429 Ει
2331 1374 2469 1430 varii
2490 1385 2544 1431 et
2560 1375 2823 1432 maculosi
2840 1372 3269 1447 egrediebantur
3285 1387 3340 1435 et
3356 1389 3500 1451 quae-

238 1460 333 1514 καὶ
360 1459 611 1531 ἐζήτουν,
648 1458 741 1512 καὶ
764 1458 813 1491 ⁸⁸⁷
855 1458 1160 1513 ἐπέϐλεπον
1191 1461 1287 1515 τοῦ
1335 1462 1685 1534 περιοδεῦσαι
1716 1463 1818 1535 τὴν

1945 1464 2119 1520 'ebaut
2134 1473 2186 1521 et
2204 1466 2625 1524 considerabant
2643 1468 2879 1524 circuire
2895 1478 3096 1525 terram
3116 1489 3129 1526 :
3150 1480 3202 1526 et
3222 1470 3361 1526 dixit
3380 1471 3503 1537 :lte.

238 1551 343 1620 γῆν
362 1567 376 1580 ο
410 1550 506 1604 καὶ
535 1544 657 1602 εἷπε
674 1564 688 1577 ⁶
719 1547 1025 1619 Πορεύεσθε
1048 1549 1141 1603 καὶ
1164 1550 1551 1621 περιοδεύσατε
1572 1550 1672 1621 τὴν
1691 1552 1819 1621 γῆν,

1945 1557 2162 1614 :ircuite
2191 1568 2418 1624 terram,
2476 1559 2893 1617 ct‘circuierunt
2926 1568 3151 1617 terram.
3193 1582 3211 1615 i
3286 1563 3521 1619 Terram

239 1644 352 1703 Καὶ
371 1644 419 1677 ⁸⁸
448 1640 820 1713 περιῶδευσαν
861 1642 961 1712 τὴν
990 1641 1117 1711 γῆν.
1149 1660 1167 1692 ι
1208 1641 1342 1711 Γῆν
1373 1641 1609 1696 ἐνταῦθα
1639 1643 1817 1706 καλεῖ,

1946 1665 2032 1706 ιοο
2061 1651 2182 1707 loco
2228 1661 2411 1715 vocat,
2463 1667 2572 1708 non
2621 1661 2827 1709 terram
2863 1652 3106 1720 i'sraelis,
3159 1655 3253 1711 sed
3286 1672 3524 1713 omnem-

239 1737 298 1791 ού
326 1737 426 1807 τὴν
474 1736 567 1789 τοῦ
601 1733 861 1806 Ἰσραὴλ,
908 1734 1046 1789 ἀλλὰ
1092 1737 1275 1811 πᾶσαν
1319 1735 1420 1806 τὴν
1467 1735 1817 1807 οἰκουμένην.

1945 1743 2114 1797 >rbcm
2149 1751 2328 1800 terrae.
2363 1742 2671 1801 Παειιίοεοε
2707 1754 2888 1802 autem
2917 1753 2971 1802 et
2996 1748 3171 1802 varios
3206 1762 3301 1804 eos
3347 1747 3503 1814 dicit,

240 1828 559 1892 Ποικίλους
584 1827 642 1880 δὲ
669 1826 866 1890 αὐτοὺς
897 1826 1046 1895 λέγει
1080 1827 1177 1881 καὶ
1207 1825 1468 1896 ψαροὺς,
1511 1827 1588 1891 ὠς
1620 1844 1821 1881 παντο-

1945 1837 2084 1905 μιπὶ
2121 1836 2306 1891 omnia
2361 1847 2758 1908 procurantes,
2803 1847 2858 1895 et
2895 1838 3191 1910 punientes
3224 1840 3317 1896 ubi
3365 1856 3522 1910 opus-

238 1920 388 1974 δαπὰ
407 1918 827 1990 οίκονομοῦντας
856 1920 952 1973 καὶ
976 1917 1306 1985 κολάζοντας
1330 1913 1392 1973 οὗ
1417 1920 1516 1987 δεῖ,
1549 1922 1643 1976 καὶ
1668 1921 1824 1992 εὐερ-

1945 1935 2030 1992 rst,
2065 1935 2118 1983 et
2146 1928 2550 1987 benefacicntcs
2576 1930 2669 1986 ubi
2700 1937 2944 2003 oportet.

241 2011 535 2080 γετοῦντας
565 2010 694 2065 ἔνθα
724 2012 855 2082 χρή.

312 2109 383 2174 η’.
421 2123 439 2155 ι
469 2103 577 2157 Καὶ
598 2103 792 2174 ἐϐόησε
811 2104 880 2168 ⁸⁷,
901 2105 997 2157 καὶ
1022 2104 1246 2160 ἐκάλεσέ
1278 2121 1346 2176 με
1367 2105 1436 2175 ⁸⁸,
1468 2106 1565 2160 καὶ
1595 2105 1823 2176 ὲλάλησε

1997 2108 2166 2164 Vens.
2202 2108 2256 2165 8.
2298 2129 2317 2160 ι
2349 2107 2417 2165 Et
2440 2110 2721 2175 clamavit,
2751 2117 2808 2165 et
2836 2110 3051 2165 vocavit
3076 2123 3182 2176 me,
3208 2116 3262 2166 ct
3290 2110 3506 2165 locutus

241 2197 384 2269 πρός
422 2214 526 2268 με,
578 2196 787 2266 λέγων·
836 2197 971 2252 Ἰδοὺ
1022 2199 1071 2251 oi
1115 2197 1548 2269 ἐκπορευόμενοι
1597 2198 1690 2251 ἐπὶ
1723 2200 1827 2267 γῆν

1945 2208 2013 2257 :st
2052 2201 2122 2256 ad
2172 2216 2292 2267 me,
2331 2200 2562 2258 dicens:
2594 2199 2735 2257 Ecce
2786 2201 2884 2271 qui
2949 2200 3312 2271 egrediuntur
3338 2215 3508 2271 super

241 2289 426 2360 Βορῥᾶ
453 2288 766 2342 ἀνέπαυσαν
784 2289 831 2322 ⁸⁸
858 2289 918 2343 τὺ
947 2288 1167 2359 πνεῦμά
1198 2306 1300 2359 μου
1333 2290 1425 2342 ἐπὶ
1444 2290 1547 2361 γῆν
1568 2290 1770 2362 uappa.
1800 2309 1821 2343 ι

1952 2310 2133 2351 errant
2170 2294 2483 2365 Aquilonis,
2544 2293 2895 2364 requiescere
2955 2292 3206 2349 iecerunt
3262 2292 3511 2347 furorem

240 2381 469 2434 Δικαίαν
510 2380 641 2451 γάρ,
673 2381 830 2452 φησὶ,
869 2383 983 2445 τοῖς
1029 2380 1391 2444 Βαϐυλωνίοις
1435 2382 1717 2451 ἐπήγαγον
1744 2398 1827 2435 τι·

1945 2402 2108 2442 neum
2140 2387 2194 2441 in
2223 2396 2371 2443 terra
2404 2386 2720 2457 Aquilonis.
2758 2403 2777 2437 ι
2811 2384 2969 2442 Justa
3004 2385 3148 2440 enim
3201 2383 3518 2455 supplicia,

242 2472 483 2545 μωρίαν,
505 2473 571 2542 ἢν
598 2474 664 2526 ὲκ
700 2471 898 2527 πολλοῦ
932 2474 1030 2543 μὲν
1064 2471 1317 2540 ὤφειλον,
1352 2472 1440 2526 διὰ
1472 2472 1529 2526 δὲ
1558 2473 1657 2543 τὴν
1688 2472 1827 2543 ἐμὴν

1953 2477 2126 2547 nquit,
2158 2475 2475 2549 Babyloniis
2505 2478 2746 2548 irrogavi
2778 2494 2792 2531 :
2829 2493 2951 2546 quae
2981 2478 3095 2547 jam
3141 2462 3355 2547 pridem
3388 2475 3510 2546 qui-

242 2562 629 2634 μακροθυμίαν
655 2563 756 2617 οὐκ
778 2562 984 2617 ἔτισαν.
1018 2562 1175 2616 Μετὰ
1200 2562 1409 2624 ταύτας
1439 2561 1540 2626 τὰς
1569 2562 1823 2633 θεωρίας,

1945 2563 2051 2620 lem
2089 2572 2429 2632 meruerant,
2461 2565 2556 2620 sed
2590 2572 2817 2634 propter
2838 2579 3015 2619 meam
3044 2564 3261 2634 longam
3295 2563 3508 2634 patien-

238 2658 267 2708 ὁ
288 2654 580 2724 προφήτης
618 2654 900 2708 κελεύεται
929 2653 999 2708 τὰ
1029 2652 1362 2723 κομισθέντα
1387 2651 1539 2724 παρὰ
1574 2651 1682 2705 τῶν
1706 2654 1828 2722 αίχ-

244 2745 513 2815 μαλώτων
545 2745 694 2817 δῶρα
740 2745 948 2808 λαϐεῖν,
982 2745 1100 2801 ἀλλ’
1129 2745 1228 2815 οὐχ
1258 2744 1445 2808 ἁπλῶς
1485 2742 1647 2815 παρὰ
1686 2743 1825 2798 πάνυ

1953 2747 2151 2802 ubetur
2180 2745 2323 2801 dona
2359 2761 2387 2801 a
2445 2746 2680 2816 captivis
2736 2746 2900 2799 allata
2960 2744 3362 2814 recipere.'sed
3400 2759 3511 2799 non

240 2854 372 2903 των,
402 2835 541 2891 ἀλλὰ
569 2837 719 2908 παρὰ
754 2837 865 2890 τῶν
899 2837 1196 2908 ἀρχόντων,
1227 2837 1323 2890 καὶ
1365 2836 1519 2908 παρὰ
1545 2837 1655 2889 τῶν
1688 2853 1826 2907 χρη-

1945 2839 2247 2910 promiscue
2279 2838 2349 2894 ab
2394 2839 2675 2904 omnibus,
2732 2838 2829 2894 sed
2878 2852 2909 2890 a
2947 2836 3309 2908 principibus,
3359 2846 3413 2891 et
3443 2835 3514 2891 ab

242 2928 421 2999 σίμων
475 2928 666 3000 αὐτῆς,
698 2928 795 2982 καὶ
843 2927 994 2999 παρὰ
1042 2927 1151 2981 τῶν
1199 2926 1590 2995 ὲπεγνωκότων
1631 2926 1826 2997 αὑτήν.

1945 2931 2159 2986 utilibus
2189 2928 2332 3000 ejus,
2364 2936 2418 2984 et
2468 2929 2560 2999 qui
2597 2928 2954 3000 cognoverint
3007 2942 3151 2983 eam.
3197 2926 3304 2993 Qui
3333 2926 3508 2984 enim.

240 3020 401 3074 Ὅσοι
436 3021 567 3091 γὰρ,
600 3021 783 3090 φησὶν,
820 3019 1073 3090 αἴσθησιν
1117 3019 1313 3075 ἔλαϐον
1340 3018 1451 3072 τῶν
1482 3019 1690 3085 κακῶν,
1735 3018 1828 3071 καὶ

1945 3024 2133 3093 inquit,
2163 3023 2434 3078 malorum
2468 3036 2695 3079 sensum
2746 3026 3034 3092 ceperunt,
3084 3029 3139 3075 et
3172 3017 3514 3089 captivitatis

236 3114 345 3184 τῆς
372 3113 757 3185 αἰχμαλωσίας
786 3114 1031 3182 ἔγνωσαν
1059 3113 1157 3184 τὴν
1187 3112 1384 3177 αἰτίαν,
1418 3113 1515 3166 καὶ
1536 3112 1598 3166 τὸ
1626 3111 1830 3182 ταύτης

1945 3129 2158 3170 causam
2205 3120 2498 3176 noverunt,
2555 3113 2786 3184 ejusque
2828 3112 3140 3168 didicerunt
3187 3110 3511 3175 utilitatem,

241 3182 557 3276 κατέμαθον
584 3206 874 3277 χρήσιμον,
909 3182 1374 3277 προσφερέτωσαν
1408 3206 1477 3260 τὰ
1498 3206 1665 3280 δῶρα.
1698 3200 1831 3259 Εἶτα

1945 3205 2169 3261 afferant
2227 3206 2393 3260 dona.
2425 3208 2442 3229 ‘
2493 3182 2942 3278 [9-il]vDeinde
2994 3204 3328 3259 mentionem
3379 3201 3516 3256 facit

242 3295 524 3366 μέμνηται
545 3297 591 3329 ⁸⁸
622 3295 717 3350 καὶ
744 3295 1031 3365 ὀνομάτων
1059 3295 1284 3360 Ἐλδαῒ,
1314 3296 1416 3351 καὶ
1455 3297 1695 3356 Τωϐίου.
1730 3295 1831 3350 καὶ

1945 3298 2220 3353 nominum
2257 3295 2441 3362 Eldai,
2492 3304 2542 3350 et
2573 3295 2774 3363 Tobim,
2806 3305 2854 3350 et
2914 3294 3053 3352 Idei.
3084 3295 3319 3350 Jubetur
3346 3291 3513 3349 etiam

240 3387 471 3443 Ἰδαίου.
504 3387 807 3442 Κελεύεται
836 3387 895 3442 δὲ
924 3388 1021 3441 καὶ
1060 3407 1079 3440 ι
1134 3390 1214 3453 είς
1251 3390 1344 3443 τδν
1374 3386 1520 3442 οἷκον
1566 3387 1832 3441 είσελθεῖν

1945 3389 2147 3461 ingredi
2180 3407 2200 3440 ι
2236 3389 2291 3444 in
2330 3388 2558 3443 domum
2590 3385 2756 3444 Josiae
2803 3387 2902 3443 lilii
2950 3387 3271 3459 SOphonire,
3310 3403 3329 3438 ι
3367 3399 3516 3440 nunc

236 3480 454 3534 Ἰωσίου
487 3480 582 3534 τοῦ
605 3481 888 3550 Σοφονίου,
928 3500 949 3534 ι
981 3480 1079 3534 τοῦ
1107 3481 1203 3535 νῦν
1231 3482 1462 3552 ἥκοντος
1489 3482 1553 3536 ὲκ
1578 3480 1833 3535 Βαϐυλῶ-

1945 3482 2211 3538 venientis
2265 3479 2335 3537 de
2370 3480 2684 3553 Babylone,
2733 3489 2786 3536 et
2817 3480 3069 3551 accipere
3118 3485 3408 3551 argentum
3462 3484 3517 3531 et

1932 2657 2061 2711 tiam
2097 2670 2204 2710 non
2232 2655 2636 2725 persolverant.
2666 2653 2799 2709 Post
2828 2655 2928 2709 has
2952 2654 3217 2720 visiones,
3241 2653 3521 2724 propheta.

237 3590 356 3637 νος,
399 3572 494 3625 καλ⁸
522 3572 710 3626 λαϐεῖν
754 3572 1017 3645 ἀργύριον
1048 3573 1142 3627 καὶ
1171 3575 1416 3644 χρυσίον,
1447 3572 1540 3627 καὶ
1571 3573 1834 3644 στέφανον

237 3666 308 3719 ὲκ
337 3664 549 3718 τούτων
590 3664 1041 3741 κατασκευάσαι,
1096 3664 1190 3720 καὶ
1237 3666 1339 3735 τὴν
1386 3664 1482 3718 τοῦ
1531 3665 1835 3738 ἀρχιερέως

236 3755 426 3827 Ἰησοῦ
472 3755 714 3827 κεφαλὴν
739 3757 1052 3821 ταινιῶσαι,
1092 3758 1187 3811 καὶ
1231 3757 1359 3822 τοὺς
1397 3755 1579 3821 θείους
1619 3757 1768 3830 αὐτῷ
1785 3759 1831 3791 ⁸⁸

237 3850 437 3917 λόγους
466 3847 922 3921 διαπορθμεῦσαι,
960 3850 1056 3903 καὶ
1084 3849 1265 3904 εἰπεῖν
1284 3864 1300 3882 ’

315 3937 412 4007 ιβ’,
441 3944 529 4006 ιγ’.
568 3957 587 3989 ι
630 3938 770 3993 Τάδε
806 3938 957 4007 λέγει
999 3940 1206 4011 Κύριος
1241 3941 1667 4016 παντοκράτωρ·
1695 3942 1833 3997 ’1δοῦ

241 4029 415 4102 ἀνὴρ,
446 4029 705 4100 Ἀνατολὴ
734 4031 909 4100 ὄνομα
937 4032 1111 4102 αὐτῷ,
1144 4032 1239 4087 καὶ
1278 4034 1632 4089 ὑποκάτωθεν
1666 4032 1835 4089 αὐτοῦ

240 4120 524 4193 άνατελεῖ,
549 4122 642 4175 καὶ
670 4121 1021 4192 οἰκοδομήσει
1045 4122 1136 4176 τὸν
1164 4117 1311 4176 οἷκον
1340 4124 1568 4194 Κυρίου.
1601 4124 1711 4176 Καὶ
1739 4123 1837 4177 αύ-

1936 3589 2156 3640 aurum,
2185 3582 2241 3629 et
2268 3590 2337 3629 ex
2367 3572 2455 3630 his
2482 3587 2744 3630 coronam
2777 3572 3077 3635 coniicere,
3117 3580 3172 3627 et
3201 3569 3383 3642 magni
3425 3583 3516 3624 sa-

1934 3667 2176 3724 cerdotis
2208 3666 2393 3723 Josua:
2427 3675 2592 3739 caput
2623 3667 2906 3734 redimire,
2941 3673 2995 3724 et
3029 3665 3097 3722 ad
3130 3680 3256 3720 eum
3299 3663 3523 3720 divinos

1937 3771 2221 3814 sermones
2251 3758 2522 3829 perferre,
2554 3754 2829 3813 ac‘dicere
2858 3775 2872 3812 :

2012 3933 2221 4004 1621
2251 3931 2421 3989 Vens.
2448 3931 2646 3998 42,15.
2678 3951 2696 3985 ι
2734 3929 2863 3988 Haec
2885 3931 3020 3987 dicit
3046 3929 3314 3986 Dominus
3337 3927 3519 3984 omni-

1938 4034 2134 4094 potens
2166 4038 2180 4075 :
2226 4023 2368 4078 Ecce
2399 4022 2508 4086 vir,
2544 4022 2739 4078 Oriens
2773 4037 2976 4076 nomen
3024 4021 3170 4090 ejus.
3222 4026 3275 4073 et
3305 4019 3410 4074 sub
3453 4030 3528 4073 co

1938 4113 2168 4174 orietur,
2193 4121 2246 4166 et
2277 4111 2575 4167 :edillcabit
2604 4112 2827 4166 domum
2858 4110 3096 4166 Domini.
3127 4109 3192 4163 Et
3220 4109 3336 4178 ipse
3365 4107 3515 4162 acci-

1936 4204 2047 4273 piet
2081 4204 2359 4268 virtutem,
2385 4210 2438 4256 et
2455 4203 2689 4263 sedebit,
2717 4210 2772 4256 et
2792 4201 3092 4272 imperabit
3118 4212 3286 4270 super
3311 4197 3523 4253 throno

1940 4306 2077 4347 suo:
2111 4300 2163 4346 et
2197 4290 2302 4345 erit
2329 4289 2592 4346 sacerdos
2625 4306 2655 4344 a
2679 4290 2927 4346 dexteris
2953 4291 3096 4359 ejus,
3128 4299 3183 4345 et.
3216 4286 3521 4344 consilium

241 4215 340 4278 τὸς
390 4212 619 4283 λήψεται
658 4210 894 4284 ἀρετὴν,
949 4213 1045 4265 καὶ
1092 4211 1384 4277 καθιεϊται,
1426 4214 1522 4266 καὶ
1571 4212 1835 4282 κατάρξει

241 4305 344 4359 ἐπὶ
384 4302 478 4357 τοῦ
521 4302 713 4373 θρόνου
758 4299 947 4364 αὑτοῦ,
977 4301 1072 4355 καὶ
1104 4302 1258 4355 ἔσται
1286 4305 1315 4354 ό
1344 4303 1523 4374 ἱερεὺς
1545 4304 1626 4356 ’ὲκ
1648 4301 1837 4367 δεξιῶν

242 4393 442 4461 αὐτοῦ,
475 4395 571 4448 καὶ
605 4393 770 4464 βουλὴ
802 4392 1053 4463 εἰρηνικὴ
1097 4391 1253 4459 ἔσται
1292 4392 1567 4463 άναμέσον
1596 4392 1833 4463 ἀμφοτέ-

1945 4381 2235 4454 paciﬁcum
2263 4381 2371 4437 erit
2396 4382 2539 4436 inter
2558 4388 2875 4452 utrumque.
2909 4401 2928 4432 ι
2965 4380 3164 4437 Omnia
3195 4387 3377 4435 autem
3404 4378 3523 4432 haec

245 4501 390 4556 ρων.
436 4503 456 4536 ι
507 4483 696 4538 Ταῦτα
741 4482 798 4537 δὲ
846 4484 1063 4538 ἅπαντα
1084 4484 1131 4515 ⁹¹
1190 4483 1322 4554 περὶ
1375 4483 1469 4538 τοῦ
1522 4482 1833 4553 Ζοραϐάϐελ

1945 4474 2008 4530 de
2041 4473 2380 4530 Zorobabele
2410 4472 2697 4544 praedicit:
2737 4488 2844 4527 non
2879 4472 3009 4544 quia
3058 4473 3304 4526 nondum
3353 4476 3520 4526 natus

244 4572 640 4647 προαγορεύει,
696 4573 796 4643 οὺχ
843 4572 919 4637 ὡς
972 4571 1198 4643 μηδέπω
1250 4572 1555 4643 τεχθέντος,
1604 4571 1721 4625 ἀλλ’
1760 4571 1833 4635 ὡς

1945 4576 2109 4632 esset,
2165 4565 2263 4622 sed
2318 4565 2465 4638 quod
2518 4563 2764 4620 nondum
2827 4564 3121 4635 imperium
3181 4565 3515 4635 accepisset.

249 4662 486 4736 μηδέπω
540 4662 638 4733 τὴν
690 4661 991 4733 ἡγεμονίαν
1043 4660 1465 4735 παρειληφότος.
1507 4660 1833 4729 Ἀνατολὴν

1946 4659 2217 4715 Orientem
2240 4672 2372 4715 vero
2408 4673 2533 4714 eum
2559 4657 2841 4724 nominat,
2873 4658 3133 4728 quoniam
3172 4657 3313 4713 lucis
3341 4658 3521 4711 instar

247 4758 311 4811 δὲ
360 4756 524 4809 αὐτὸν
570 4754 851 4825 ὀνομάζει,
900 4752 1090 4824 ἐπειδὴ
1137 4752 1291 4822 δίκην
1341 4752 1519 4822 φωτὸς
1556 4753 1669 4815 τοῖς
1701 4768 1833 4822 τηνι·

1945 4758 2168 4807 exortus
2198 4756 2284 4807 est
2326 4749 2652 4806 hominibus
2701 4764 2768 4804 eo
2799 4757 3045 4820 tempore
3078 4747 3519 4820 Hierosolymam

249 4848 390 4903 κάδε
416 4846 515 4917 τὴν
556 4846 911 4917 Ἰερουσαλὴμ
942 4844 1184 4898 οἰκοῦσιν
1214 4844 1507 4909 ἀνέτειλεν,
1539 4844 1717 4914 άωρίᾳ⁸
1739 4859 1833 4897 κα-

1945 4844 2341 4910 incolentibus,
2403 4843 2500 4915 qui
2553 4843 2769 4899 acerbis
2809 4842 2974 4897 malis
3032 4842 3517 4906 conﬂictabantur,

250 4939 375 4993 κῶν
407 4938 503 4992 καὶ
542 4938 855 5010 σκοτομήνῃ
888 4936 1294 5008 κατεχομένοις.
1328 4936 1530 4989 Τοῦτον
1559 4936 1708 5005 λέγει
1745 4936 1833 4990 καὶ

1945 4944 1999 4993 et
2037 4937 2095 4991 in
2131 4938 2370 4993 obscura
2393 4943 2558 4992 nocte
2585 4936 2968 4990 versabantur.
3004 4934 3170 4988 Hunc
3200 4932 3337 4987 dicit
3378 4932 3522 4987 divi-

248 5030 352 5083 τὺν
381 5029 523 5082 θεῖον
551 5028 859 5083 τελειώσειν
902 5023 1071 5091 οἷκον,
1110 5027 1208 5081 καὶ
1236 5028 1348 5091 τοῖς
1389 5026 1688 5097 βασιλικοῖς
1727 5030 1833 5082 ὲνι-

1945 5044 2071 5083 nam
2101 5044 2321 5099 quoque
2352 5029 2572 5084 domum
2597 5028 3004 5091 absolutnrnm,
3033 5034 3089 5083 ct
3110 5027 3166 5082 in
3198 5028 3351 5099 regio
3381 5026 3522 5081 solio

250 5120 660 5192 δρυσθήσεσθαι
688 5120 921 5192 θρόνοις,
953 5119 1159 5173 καὶτὸν
1187 5119 1451 5191 ἀρχιερέα
1473 5119 1654 5191 πάσης
1677 5119 1833 5183 άξιὼ-

1945 5136 2361 5186 consessurum,
2394 5135 2766 5192 magnumque
2815 5119 3165 5174 sacerdotem
3221 5118 3369 5173 omni
3419 5116 3520 5168 ho-

254 5229 378 5268 σειν
408 5213 596 5285 τιμῆς,
641 5214 735 5268 καὶ
765 5213 1033 5283 τοσαύτην
1080 5211 1216 5284 πρὸς
1260 5211 1420 5267 αὐτὸν
1453 5214 1672 5285 σχήσειν
1708 5212 1833 5285 ὁμό-

1945 5228 2078 5269 nore
2133 5214 2566 5278 cumulaturum,
2602 5219 2657 5269 et
2719 5218 2870 5267 tanta
2922 5227 3050 5267 cum
3113 5226 3178 5268 eo
3224 5206 3520 5266 concordia

1566 5390 1796 5446 VARIIE
1822 5389 2218 5447 LECTIONES.

369 5570 415 5603 ⁸³
439 5570 564 5639 γῆν.
593 5568 633 5623 C
671 5582 858 5639 praem.
889 5568 1009 5638 τήν.
1125 5567 1169 5599 ⁸⁵
1201 5584 1352 5639 grant.
1380 5569 1537 5639 x.oi.
1569 5567 1692 5622 Des.
1740 5566 1794 5620 in
1830 5568 1895 5624 Α.
1994 5568 2040 5639 ῗ¹⁸
2066 5568 2144 5631 ἐξ.
2184 5564 2294 5619 καί.
2349 5566 2477 5623 Des.
2516 5568 2666 5639 ibid.
2736 5638 2739 5639 ν
2774 5569 2817 5599 ⁸⁸
2846 5570 2939 5621 καὶ
2973 5596 3044 5639 -τ
3068 5563 3192 5639 γῇν.
3222 5564 3426 5639 D_es._in

257 5641 307 5674 ⁸⁷
350 5643 386 5692 Λ
419 5635 701 5704 ἀνεϐόησε.
804 5638 848 5668 ⁸⁸
880 5635 1040 5691 κζὲκ.
1079 5654 1164 5706 με.
1201 5637 1325 5691 Des.
1384 5638 1518 5691 ibid.
1626 5639 1669 5670 ⁸⁹
1694 5639 1849 5690 άνέτε.
1884 5667 1945 5675 --
1984 5638 2174 5707 βορῤἱ.
2217 5638 2339 5693 Ilus.
2409 5641 2458 5691 in
2501 5637 2560 5701 (Σ,
2589 5640 2681 5693 sed
2718 5638 2760 5691 A
2818 5639 2977 5691 habet
3022 5635 3179 5707 dvén.
3231 5635 3322 5707 τόν
3353 5635 3555 5705 θυμόν,

258 5728 376 5835 ἴτον
406 5712 464 5791 έν
496 5713 565 5781 γῇ
605 5709 797 5791 Βορῤἄ.
876 5709 920 5740 ὀ
950 5703 1136 5787 μέμυ.
1170 5738 1244 5779 γ--
1287 5707 1491 5762 Ἰδείου.
1524 5708 1648 5763 Ηωο
1676 5707 1894 5762 nomina
1925 5703 2122 5764 (Ie-siin
2158 5709 2222 5773 Α,
2259 5715 2471 5765 exstant
2498 5717 2675 5764 autem
2726 5708 2777 5762 in
2806 5707 2962 5762 Barb.
3041 5707 3083 5739 "
3122 5703 3240 5758 αὐτ.
3281 5703 3356 5761 Ita
3396 5703 3551 5763 cum'

290 5782 306 5832 ἒ
332 5778 580 5835 lemnius.
620 5781 786 5835 Strtn.
812 5775 998 5833 αὐτου.
1081 5779 1124 5810 ³³
1151 5778 1189 5831 (ὲ
1218 5776 1413 5833 πάντα.

332 5775 580 5851 legimus.
620 5775 786 5838 Sirin.
812 5775 998 5833 αὐτοῦ.
1052 5775 1124 5810 ’³³
1151 5778 1189 5831 C
1218 5776 1413 5833 πάντα.
