  <div class='ocr_page' id='page_1' title='image "/cluster/home/n/w/nwhite01/storage/ocr_20150623/81/mdp.39015078384339/1007.png"; bbox 0 0 3956 6202; ppageno 0'>
   <div class='ocr_carea' id='block_1_1' title="bbox 463 368 594 437">
    <p class='ocr_par' dir='ltr' id='par_1_1' title="bbox 463 368 594 437">
     <span class='ocr_line' id='line_1_1' title="bbox 463 368 594 437; baseline 0.015 -2"><span class='ocrx_word' id='word_1_1' title='bbox 463 368 594 437; x_wconf 71' lang='grc'><strong>1911</strong></span> 
     </span>
    </p>
   </div>
   <div class='ocr_carea' id='block_1_2' title="bbox 1446 376 2701 446">
    <p class='ocr_par' dir='ltr' id='par_1_2' title="bbox 1446 376 2701 446">
     <span class='ocr_line' id='line_1_2' title="bbox 1446 376 2701 446; baseline 0.006 -7"><span class='ocrx_word' id='word_1_2' title='bbox 1446 379 1926 440; x_wconf 79' lang='lat' dir='ltr'><strong>THEODOBETI</strong></span> <span class='ocrx_word' id='word_1_3' title='bbox 1961 376 2302 440; x_wconf 86' lang='lat' dir='ltr'><strong>EPISCOPI</strong></span> <span class='ocrx_word' id='word_1_4' title='bbox 2337 382 2701 446; x_wconf 83' lang='lat' dir='ltr'><strong>CYRENSIS</strong></span> 
     </span>
    </p>
   </div>
   <div class='ocr_carea' id='block_1_3' title="bbox 3579 382 3707 449">
    <p class='ocr_par' dir='ltr' id='par_1_3' title="bbox 3579 382 3707 449">
     <span class='ocr_line' id='line_1_3' title="bbox 3579 382 3707 449; baseline 0.008 -3"><span class='ocrx_word' id='word_1_5' title='bbox 3579 382 3707 449; x_wconf 67' lang='grc'><strong>1912</strong></span> 
     </span>
    </p>
   </div>
   <div class='ocr_carea' id='block_1_4' title="bbox 525 484 2018 564">
    <p class='ocr_par' dir='ltr' id='par_1_4' title="bbox 525 484 2018 562">
     <span class='ocr_line' id='line_1_4' title="bbox 525 484 2018 562; baseline 0.003 -23"><span class='ocrx_word' id='word_1_6' title='bbox 525 484 693 540; x_wconf 71' lang='lat' dir='ltr'><strong>Vens.</strong></span> <span class='ocrx_word' id='word_1_7' title='bbox 731 487 814 542; x_wconf 70' lang='grc'><strong>14.</strong></span> <span class='ocrx_word' id='word_1_8' title='bbox 854 505 872 539; x_wconf 82' lang='grc' dir='ltr'><strong>ι</strong></span> <span class='ocrx_word' id='word_1_9' title='bbox 907 485 973 541; x_wconf 87' lang='lat' dir='ltr'><strong>Et</strong></span> <span class='ocrx_word' id='word_1_10' title='bbox 1029 486 1251 558; x_wconf 87' lang='lat' dir='ltr'><strong>ejiciam</strong></span> <span class='ocrx_word' id='word_1_11' title='bbox 1303 503 1398 545; x_wconf 88' lang='lat' dir='ltr'><strong>eos</strong></span> <span class='ocrx_word' id='word_1_12' title='bbox 1449 491 1502 544; x_wconf 88' lang='lat' dir='ltr'><strong>in</strong></span> <span class='ocrx_word' id='word_1_13' title='bbox 1566 504 1759 546; x_wconf 90' lang='lat' dir='ltr'><strong>omnes</strong></span> <span class='ocrx_word' id='word_1_14' title='bbox 1815 498 2018 562; x_wconf 67' lang='lat' dir='ltr'><strong>gentes,</strong></span> 
     </span>
    </p>
   </div>
   <div class='ocr_carea' id='block_1_5' title="bbox 2128 484 3714 564">
    <p class='ocr_par' dir='ltr' id='par_1_5' title="bbox 2208 493 3714 564">
     <span class='ocr_line' id='line_1_5' title="bbox 2208 493 3714 564; baseline 0.003 -19"><span class='ocrx_word' id='word_1_15' title='bbox 2208 493 2289 546; x_wconf 85' lang='grc' dir='ltr'>ιδ’.</span> <span class='ocrx_word' id='word_1_16' title='bbox 2327 512 2343 545; x_wconf 82' lang='grc' dir='ltr'><strong>ι</strong></span> <span class='ocrx_word' id='word_1_17' title='bbox 2375 495 2484 548; x_wconf 76' lang='grc' dir='ltr'><strong>Καὶ</strong></span> <span class='ocrx_word' id='word_1_18' title='bbox 2523 494 2740 550; x_wconf 85' lang='grc' dir='ltr'>ἐκϐαλῶ</span> <span class='ocrx_word' id='word_1_19' title='bbox 2769 495 2965 561; x_wconf 74' lang='grc' dir='ltr'>αὐτοὺς</span> <span class='ocrx_word' id='word_1_20' title='bbox 2989 497 3033 529; x_wconf 81' lang='grc'><strong>’⁸</strong></span> <span class='ocrx_word' id='word_1_21' title='bbox 3071 493 3152 560; x_wconf 88' lang='grc' dir='ltr'><strong>είς</strong></span> <span class='ocrx_word' id='word_1_22' title='bbox 3198 495 3380 550; x_wconf 87' lang='grc' dir='ltr'>πάντα</span> <span class='ocrx_word' id='word_1_23' title='bbox 3412 493 3480 547; x_wconf 72' lang='grc' dir='ltr'><strong>τὰ</strong></span> <span class='ocrx_word' id='word_1_24' title='bbox 3507 493 3655 564; x_wconf 73' lang='grc' dir='ltr'>ἔθνη,</span> <span class='ocrx_word' id='word_1_25' title='bbox 3679 496 3714 550; x_wconf 82' lang='grc' dir='ltr'>ἃ</span> 
     </span>
    </p>
   </div>
   <div class='ocr_carea' id='block_1_6' title="bbox 451 579 2032 651">
    <p class='ocr_par' dir='ltr' id='par_1_6' title="bbox 451 579 2032 651">
     <span class='ocr_line' id='line_1_6' title="bbox 451 579 2032 651; baseline 0.004 -21"><span class='ocrx_word' id='word_1_26' title='bbox 451 591 590 643; x_wconf 82' lang='lat' dir='ltr'><strong>quas</strong></span> <span class='ocrx_word' id='word_1_27' title='bbox 626 579 1040 648; x_wconf 78' lang='lat' dir='ltr'><strong>ignoravcrunt,</strong></span> <span class='ocrx_word' id='word_1_28' title='bbox 1075 599 1092 632; x_wconf 74' lang='grc' dir='ltr'><strong>ι</strong></span> <span class='ocrx_word' id='word_1_29' title='bbox 1121 581 1224 637; x_wconf 92' lang='lat' dir='ltr'><strong>hoc</strong></span> <span class='ocrx_word' id='word_1_30' title='bbox 1270 589 1375 645; x_wconf 89' lang='lat' dir='ltr'><strong>est,</strong></span> <span class='ocrx_word' id='word_1_31' title='bbox 1417 582 1566 651; x_wconf 71' lang='lat' dir='ltr'><strong>ejecj.</strong></span> <span class='ocrx_word' id='word_1_32' title='bbox 1604 599 1622 631; x_wconf 76' lang='grc' dir='ltr'><strong>ι</strong></span> <span class='ocrx_word' id='word_1_33' title='bbox 1659 581 1724 635; x_wconf 84' lang='lat' dir='ltr'><strong>Et</strong></span> <span class='ocrx_word' id='word_1_34' title='bbox 1759 590 1907 637; x_wconf 89' lang='lat' dir='ltr'><strong>terra</strong></span> <span class='ocrx_word' id='word_1_35' title='bbox 1937 581 2032 636; x_wconf 83' lang='lat' dir='ltr'><strong>de-</strong></span> 
     </span>
    </p>
   </div>
   <div class='ocr_carea' id='block_1_7' title="bbox 453 667 2024 740">
    <p class='ocr_par' dir='ltr' id='par_1_7' title="bbox 453 667 2024 740">
     <span class='ocr_line' id='line_1_7' title="bbox 453 667 2024 740; baseline 0.002 -20"><span class='ocrx_word' id='word_1_36' title='bbox 453 667 730 722; x_wconf 85' lang='lat' dir='ltr'><strong>solabitur</strong></span> <span class='ocrx_word' id='word_1_37' title='bbox 751 675 875 738; x_wconf 89' lang='lat' dir='ltr'><strong>post</strong></span> <span class='ocrx_word' id='word_1_38' title='bbox 908 683 1002 725; x_wconf 89' lang='lat' dir='ltr'><strong>eos</strong></span> <span class='ocrx_word' id='word_1_39' title='bbox 1034 684 1063 722; x_wconf 87' lang='lat' dir='ltr'><strong>a</strong></span> <span class='ocrx_word' id='word_1_40' title='bbox 1104 671 1543 740; x_wconf 71' lang='lat' dir='ltr'><strong>perambulante,</strong></span> <span class='ocrx_word' id='word_1_41' title='bbox 1575 682 1630 726; x_wconf 89' lang='lat' dir='ltr'><strong>et</strong></span> <span class='ocrx_word' id='word_1_42' title='bbox 1651 678 1978 735; x_wconf 85' lang='lat' dir='ltr'><strong>revertente,</strong></span> <span class='ocrx_word' id='word_1_43' title='bbox 2005 689 2024 723; x_wconf 75' lang='grc' dir='ltr'><strong>ι</strong></span> 
     </span>
    </p>
   </div>
   <div class='ocr_carea' id='block_1_8' title="bbox 455 760 2027 835">
    <p class='ocr_par' dir='ltr' id='par_1_8' title="bbox 455 760 2027 835">
     <span class='ocr_line' id='line_1_8' title="bbox 455 760 2027 835; baseline 0.007 -25"><span class='ocrx_word' id='word_1_44' title='bbox 455 760 556 811; x_wconf 85' lang='lat' dir='ltr'><strong>hoc</strong></span> <span class='ocrx_word' id='word_1_45' title='bbox 587 769 695 826; x_wconf 89' lang='lat' dir='ltr'><strong>est,</strong></span> <span class='ocrx_word' id='word_1_46' title='bbox 739 761 984 817; x_wconf 80' lang='lat' dir='ltr'><strong>desolata</strong></span> <span class='ocrx_word' id='word_1_47' title='bbox 1031 773 1113 819; x_wconf 82' lang='lat' dir='ltr'><strong>est</strong></span> <span class='ocrx_word' id='word_1_48' title='bbox 1139 781 1156 819; x_wconf 94' lang='lat'><em>:</em></span> <span class='ocrx_word' id='word_1_49' title='bbox 1187 764 1334 835; x_wconf 92' lang='lat' dir='ltr'><strong>quod</strong></span> <span class='ocrx_word' id='word_1_50' title='bbox 1367 765 1656 835; x_wconf 81' lang='lat' dir='ltr'><strong>sequentia</strong></span> <span class='ocrx_word' id='word_1_51' title='bbox 1706 765 2027 821; x_wconf 89' lang='lat' dir='ltr'><strong>ostendunt.</strong></span> 
     </span>
    </p>
   </div>
   <div class='ocr_carea' id='block_1_9' title="bbox 454 847 2033 927">
    <p class='ocr_par' dir='ltr' id='par_1_9' title="bbox 454 847 2033 927">
     <span class='ocr_line' id='line_1_9' title="bbox 454 847 2033 927; baseline 0.008 -27"><span class='ocrx_word' id='word_1_52' title='bbox 454 847 682 906; x_wconf 73' lang='lat' dir='ltr'><strong>Mutavit</strong></span> <span class='ocrx_word' id='word_1_53' title='bbox 724 853 937 924; x_wconf 72' lang='lat'><strong>1625</strong></span> <span class='ocrx_word' id='word_1_54' title='bbox 971 855 1117 911; x_wconf 87' lang='lat' dir='ltr'><strong>enim</strong></span> <span class='ocrx_word' id='word_1_55' title='bbox 1165 857 1419 927; x_wconf 82' lang='lat' dir='ltr'><strong>ﬁguram,</strong></span> <span class='ocrx_word' id='word_1_56' title='bbox 1470 866 1524 912; x_wconf 91' lang='lat' dir='ltr'><strong>et</strong></span> <span class='ocrx_word' id='word_1_57' title='bbox 1580 857 1755 913; x_wconf 85' lang='lat' dir='ltr'><strong>dicit:</strong></span> <span class='ocrx_word' id='word_1_58' title='bbox 1795 877 1814 909; x_wconf 81' lang='grc' dir='ltr'><strong>ι</strong></span> <span class='ocrx_word' id='word_1_59' title='bbox 1842 857 1908 911; x_wconf 84' lang='grc' dir='ltr'>Ει</span> <span class='ocrx_word' id='word_1_60' title='bbox 1937 873 2033 927; x_wconf 88' lang='lat' dir='ltr'><strong>po-</strong></span> 
     </span>
    </p>
   </div>
   <div class='ocr_carea' id='block_1_10' title="bbox 452 947 2030 1004">
    <p class='ocr_par' dir='ltr' id='par_1_10' title="bbox 452 947 2030 1004">
     <span class='ocr_line' id='line_1_10' title="bbox 452 947 2030 1004; baseline 0.005 -10"><span class='ocrx_word' id='word_1_61' title='bbox 452 949 682 996; x_wconf 89' lang='lat' dir='ltr'><strong>suerunt</strong></span> <span class='ocrx_word' id='word_1_62' title='bbox 731 952 935 1000; x_wconf 86' lang='lat' dir='ltr'><strong>terram</strong></span> <span class='ocrx_word' id='word_1_63' title='bbox 993 947 1225 1003; x_wconf 89' lang='lat' dir='ltr'><strong>electam</strong></span> <span class='ocrx_word' id='word_1_64' title='bbox 1273 949 1326 1002; x_wconf 92' lang='lat' dir='ltr'><strong>in</strong></span> <span class='ocrx_word' id='word_1_65' title='bbox 1383 948 1806 1004; x_wconf 82' lang='lat' dir='ltr'><strong>desolationem.</strong></span> <span class='ocrx_word' id='word_1_66' title='bbox 1852 967 1871 999; x_wconf 74' lang='grc'><strong>»</strong></span> <span class='ocrx_word' id='word_1_67' title='bbox 1903 947 2030 1002; x_wconf 70' lang='lat' dir='ltr'><strong>lltec</strong></span> 
     </span>
    </p>
   </div>
   <div class='ocr_carea' id='block_1_11' title="bbox 451 1029 2030 1112">
    <p class='ocr_par' dir='ltr' id='par_1_11' title="bbox 451 1029 2030 1112">
     <span class='ocr_line' id='line_1_11' title="bbox 451 1029 2030 1112; baseline 0.005 -26"><span class='ocrx_word' id='word_1_68' title='bbox 451 1034 519 1089; x_wconf 87' lang='lat' dir='ltr'><strong>de</strong></span> <span class='ocrx_word' id='word_1_69' title='bbox 583 1034 956 1094; x_wconf 83' lang='lat' dir='ltr'><strong>inobedientia</strong></span> <span class='ocrx_word' id='word_1_70' title='bbox 1009 1051 1226 1111; x_wconf 85' lang='lat' dir='ltr'><strong>patrum</strong></span> <span class='ocrx_word' id='word_1_71' title='bbox 1282 1029 1569 1112; x_wconf 79' lang='lat' dir='ltr'><strong>ipsorum,</strong></span> <span class='ocrx_word' id='word_1_72' title='bbox 1634 1048 1689 1096; x_wconf 89' lang='lat' dir='ltr'><strong>et</strong></span> <span class='ocrx_word' id='word_1_73' title='bbox 1744 1039 2030 1110; x_wconf 86' lang='lat' dir='ltr'><strong>punitione</strong></span> 
     </span>
    </p>
   </div>
   <div class='ocr_carea' id='block_1_12' title="bbox 454 1123 2029 1203">
    <p class='ocr_par' dir='ltr' id='par_1_12' title="bbox 454 1123 2029 1203">
     <span class='ocr_line' id='line_1_12' title="bbox 454 1123 2029 1203; baseline 0.008 -29"><span class='ocrx_word' id='word_1_74' title='bbox 454 1123 670 1178; x_wconf 90' lang='lat' dir='ltr'><strong>illorum</strong></span> <span class='ocrx_word' id='word_1_75' title='bbox 695 1126 980 1184; x_wconf 83' lang='lat' dir='ltr'><strong>disseruit.</strong></span> <span class='ocrx_word' id='word_1_76' title='bbox 1013 1131 1127 1185; x_wconf 85' lang='lat' dir='ltr'><strong>Nec</strong></span> <span class='ocrx_word' id='word_1_77' title='bbox 1156 1131 1302 1186; x_wconf 89' lang='lat' dir='ltr'><strong>enim</strong></span> <span class='ocrx_word' id='word_1_78' title='bbox 1346 1147 1444 1202; x_wconf 88' lang='lat' dir='ltr'><strong>par</strong></span> <span class='ocrx_word' id='word_1_79' title='bbox 1481 1141 1629 1188; x_wconf 88' lang='lat' dir='ltr'><strong>esset</strong></span> <span class='ocrx_word' id='word_1_80' title='bbox 1659 1133 1727 1188; x_wconf 91' lang='lat' dir='ltr'><strong>iis</strong></span> <span class='ocrx_word' id='word_1_81' title='bbox 1754 1133 1844 1203; x_wconf 90' lang='lat' dir='ltr'><strong>qui</strong></span> <span class='ocrx_word' id='word_1_82' title='bbox 1876 1146 2029 1186; x_wconf 91' lang='lat' dir='ltr'><strong>acer-</strong></span> 
     </span>
    </p>
   </div>
   <div class='ocr_carea' id='block_1_13' title="bbox 455 1211 2028 1293">
    <p class='ocr_par' dir='ltr' id='par_1_13' title="bbox 455 1211 2028 1293">
     <span class='ocr_line' id='line_1_13' title="bbox 455 1211 2028 1293; baseline 0.01 -31"><span class='ocrx_word' id='word_1_83' title='bbox 455 1211 575 1264; x_wconf 90' lang='lat' dir='ltr'><strong>bam</strong></span> <span class='ocrx_word' id='word_1_84' title='bbox 607 1216 929 1273; x_wconf 84' lang='lat' dir='ltr'><strong>servitutem</strong></span> <span class='ocrx_word' id='word_1_85' title='bbox 983 1222 1409 1288; x_wconf 82' lang='lat' dir='ltr'><strong>sustinuissent,</strong></span> <span class='ocrx_word' id='word_1_86' title='bbox 1470 1230 1524 1279; x_wconf 90' lang='lat' dir='ltr'><strong>et</strong></span> <span class='ocrx_word' id='word_1_87' title='bbox 1582 1223 1652 1278; x_wconf 90' lang='lat' dir='ltr'><strong>ab</strong></span> <span class='ocrx_word' id='word_1_88' title='bbox 1701 1223 1804 1278; x_wconf 89' lang='lat' dir='ltr'><strong>hac</strong></span> <span class='ocrx_word' id='word_1_89' title='bbox 1853 1238 2028 1293; x_wconf 88' lang='lat' dir='ltr'><strong>nuper</strong></span> 
     </span>
    </p>
   </div>
   <div class='ocr_carea' id='block_1_14' title="bbox 453 1294 2027 1385">
    <p class='ocr_par' dir='ltr' id='par_1_14' title="bbox 453 1294 2027 1385">
     <span class='ocr_line' id='line_1_14' title="bbox 453 1294 2027 1385; baseline 0.012 -29"><span class='ocrx_word' id='word_1_90' title='bbox 453 1303 668 1362; x_wconf 88' lang='lat' dir='ltr'><strong>liberati</strong></span> <span class='ocrx_word' id='word_1_91' title='bbox 727 1307 984 1378; x_wconf 78' lang='lat' dir='ltr'><strong>fuissent,</strong></span> <span class='ocrx_word' id='word_1_92' title='bbox 1007 1294 1379 1385; x_wconf 73' lang='lat' dir='ltr'><strong>nondumque</strong></span> <span class='ocrx_word' id='word_1_93' title='bbox 1438 1317 1629 1373; x_wconf 89' lang='lat' dir='ltr'><strong>urbem</strong></span> <span class='ocrx_word' id='word_1_94' title='bbox 1685 1316 2027 1374; x_wconf 68' lang='lat' dir='ltr'><strong>exaediﬁcas-</strong></span> 
     </span>
    </p>
   </div>
   <div class='ocr_carea' id='block_1_15' title="bbox 453 1401 1542 1472">
    <p class='ocr_par' dir='ltr' id='par_1_15' title="bbox 453 1401 1542 1472">
     <span class='ocr_line' id='line_1_15' title="bbox 453 1401 1542 1472; baseline 0.013 -20"><span class='ocrx_word' id='word_1_95' title='bbox 453 1407 596 1466; x_wconf 89' lang='lat' dir='ltr'><strong>sent,</strong></span> <span class='ocrx_word' id='word_1_96' title='bbox 619 1401 892 1472; x_wconf 85' lang='lat' dir='ltr'><strong>ejusmodi</strong></span> <span class='ocrx_word' id='word_1_97' title='bbox 923 1404 1062 1461; x_wconf 84' lang='lat' dir='ltr'><strong>dura</strong></span> <span class='ocrx_word' id='word_1_98' title='bbox 1095 1423 1293 1464; x_wconf 92' lang='lat' dir='ltr'><strong>rursus</strong></span> <span class='ocrx_word' id='word_1_99' title='bbox 1318 1410 1542 1466; x_wconf 89' lang='lat' dir='ltr'><strong>minari.</strong></span> 
     </span>
    </p>
   </div>
   <div class='ocr_carea' id='block_1_16' title="bbox 1010 1497 1458 1556">
    <p class='ocr_par' dir='ltr' id='par_1_16' title="bbox 1010 1497 1458 1556">
     <span class='ocr_line' id='line_1_16' title="bbox 1010 1497 1458 1556; baseline 0.009 -5"><span class='ocrx_word' id='word_1_100' title='bbox 1010 1501 1029 1517; x_wconf 86' lang='lat'><strong><em>‘</em></strong></span> <span class='ocrx_word' id='word_1_101' title='bbox 1059 1497 1290 1553; x_wconf 85' lang='lat' dir='ltr'><strong>CAPUT</strong></span> <span class='ocrx_word' id='word_1_102' title='bbox 1325 1499 1458 1556; x_wconf 76' lang='lat' dir='ltr'><strong>Vlll.</strong></span> 
     </span>
    </p>
   </div>
   <div class='ocr_carea' id='block_1_17' title="bbox 523 1583 2031 1654">
    <p class='ocr_par' dir='ltr' id='par_1_17' title="bbox 523 1583 2031 1654">
     <span class='ocr_line' id='line_1_17' title="bbox 523 1583 2031 1654; baseline 0.011 -17"><span class='ocrx_word' id='word_1_103' title='bbox 523 1583 690 1642; x_wconf 71' lang='lat' dir='ltr'><strong>Vens.</strong></span> <span class='ocrx_word' id='word_1_104' title='bbox 722 1589 773 1653; x_wconf 76' lang='grc' dir='ltr'><strong>ί,</strong></span> <span class='ocrx_word' id='word_1_105' title='bbox 806 1586 861 1642; x_wconf 78' lang='lat'><strong>2.</strong></span> <span class='ocrx_word' id='word_1_106' title='bbox 898 1608 915 1640; x_wconf 82' lang='grc' dir='ltr'><strong>ι</strong></span> <span class='ocrx_word' id='word_1_107' title='bbox 950 1587 1015 1644; x_wconf 86' lang='lat' dir='ltr'><strong>Et</strong></span> <span class='ocrx_word' id='word_1_108' title='bbox 1044 1589 1222 1646; x_wconf 83' lang='lat' dir='ltr'><strong>factus</strong></span> <span class='ocrx_word' id='word_1_109' title='bbox 1260 1601 1346 1648; x_wconf 91' lang='lat' dir='ltr'><strong>est</strong></span> <span class='ocrx_word' id='word_1_110' title='bbox 1382 1607 1575 1650; x_wconf 82' lang='lat' dir='ltr'><strong>sermo</strong></span> <span class='ocrx_word' id='word_1_111' title='bbox 1595 1594 1812 1652; x_wconf 92' lang='lat' dir='ltr'><strong>Domini</strong></span> <span class='ocrx_word' id='word_1_112' title='bbox 1856 1597 2031 1654; x_wconf 90' lang='lat' dir='ltr'><strong>omni-</strong></span> 
     </span>
    </p>
   </div>
   <div class='ocr_carea' id='block_1_18' title="bbox 454 1678 2030 1746">
    <p class='ocr_par' dir='ltr' id='par_1_18' title="bbox 454 1678 2030 1746">
     <span class='ocr_line' id='line_1_18' title="bbox 454 1678 2030 1746; baseline 0.009 -17"><span class='ocrx_word' id='word_1_113' title='bbox 454 1678 692 1746; x_wconf 80' lang='lat' dir='ltr'><strong>potentis</strong></span> <span class='ocrx_word' id='word_1_114' title='bbox 726 1679 793 1734; x_wconf 89' lang='lat' dir='ltr'><strong>ad</strong></span> <span class='ocrx_word' id='word_1_115' title='bbox 840 1695 947 1745; x_wconf 89' lang='lat' dir='ltr'><strong>me,</strong></span> <span class='ocrx_word' id='word_1_116' title='bbox 997 1681 1188 1738; x_wconf 83' lang='lat' dir='ltr'><strong>dicens</strong></span> <span class='ocrx_word' id='word_1_117' title='bbox 1220 1700 1234 1741; x_wconf 90' lang='lat'>:</span> <span class='ocrx_word' id='word_1_118' title='bbox 1270 1682 1395 1739; x_wconf 63' lang='lat' dir='ltr'><strong>Haec</strong></span> <span class='ocrx_word' id='word_1_119' title='bbox 1429 1685 1565 1741; x_wconf 88' lang='lat' dir='ltr'><strong>dicit</strong></span> <span class='ocrx_word' id='word_1_120' title='bbox 1599 1685 1866 1744; x_wconf 83' lang='lat' dir='ltr'><strong>Dominus</strong></span> <span class='ocrx_word' id='word_1_121' title='bbox 1918 1703 2030 1744; x_wconf 90' lang='lat' dir='ltr'><strong>om-</strong></span> 
     </span>
    </p>
   </div>
   <div class='ocr_carea' id='block_1_19' title="bbox 452 1769 2028 1850">
    <p class='ocr_par' dir='ltr' id='par_1_19' title="bbox 452 1769 2028 1850">
     <span class='ocr_line' id='line_1_19' title="bbox 452 1769 2028 1850; baseline 0.01 -29"><span class='ocrx_word' id='word_1_122' title='bbox 452 1769 710 1838; x_wconf 72' lang='lat' dir='ltr'><strong>nipotens</strong></span> <span class='ocrx_word' id='word_1_123' title='bbox 743 1790 756 1825; x_wconf 90' lang='lat'><strong>:</strong></span> <span class='ocrx_word' id='word_1_124' title='bbox 794 1771 1012 1829; x_wconf 85' lang='lat' dir='ltr'><strong>Zelatus</strong></span> <span class='ocrx_word' id='word_1_125' title='bbox 1065 1788 1184 1829; x_wconf 90' lang='lat' dir='ltr'><strong>sum</strong></span> <span class='ocrx_word' id='word_1_126' title='bbox 1219 1776 1290 1832; x_wconf 91' lang='lat' dir='ltr'><strong>ob</strong></span> <span class='ocrx_word' id='word_1_127' title='bbox 1331 1775 1774 1850; x_wconf 80' lang='lat' dir='ltr'><strong>Hierosolymam</strong></span> <span class='ocrx_word' id='word_1_128' title='bbox 1814 1787 1870 1836; x_wconf 88' lang='lat' dir='ltr'><strong>et</strong></span> <span class='ocrx_word' id='word_1_129' title='bbox 1905 1777 2028 1836; x_wconf 75' lang='lat' dir='ltr'><strong>Sio-</strong></span> 
     </span>
    </p>
   </div>
   <div class='ocr_carea' id='block_1_20' title="bbox 450 1865 2025 1935">
    <p class='ocr_par' dir='ltr' id='par_1_20' title="bbox 450 1865 2025 1935">
     <span class='ocr_line' id='line_1_20' title="bbox 450 1865 2025 1935; baseline 0.008 -20"><span class='ocrx_word' id='word_1_130' title='bbox 450 1876 572 1916; x_wconf 84' lang='lat' dir='ltr'><strong>nem</strong></span> <span class='ocrx_word' id='word_1_131' title='bbox 607 1865 724 1918; x_wconf 83' lang='lat' dir='ltr'><strong>zelo</strong></span> <span class='ocrx_word' id='word_1_132' title='bbox 755 1880 974 1935; x_wconf 79' lang='lat' dir='ltr'><strong>magno,</strong></span> <span class='ocrx_word' id='word_1_133' title='bbox 1041 1874 1094 1922; x_wconf 84' lang='lat' dir='ltr'><strong>et</strong></span> <span class='ocrx_word' id='word_1_134' title='bbox 1139 1867 1326 1924; x_wconf 81' lang='lat' dir='ltr'><strong>furore</strong></span> <span class='ocrx_word' id='word_1_135' title='bbox 1373 1870 1615 1925; x_wconf 82' lang='lat' dir='ltr'><strong>maximo</strong></span> <span class='ocrx_word' id='word_1_136' title='bbox 1655 1872 1867 1928; x_wconf 88' lang='lat' dir='ltr'><strong>zelatus</strong></span> <span class='ocrx_word' id='word_1_137' title='bbox 1902 1888 2025 1929; x_wconf 87' lang='lat' dir='ltr'><strong>sum</strong></span> 
     </span>
    </p>
   </div>
   <div class='ocr_carea' id='block_1_21' title="bbox 451 1955 2025 2033">
    <p class='ocr_par' dir='ltr' id='par_1_21' title="bbox 451 1955 2025 2033">
     <span class='ocr_line' id='line_1_21' title="bbox 451 1955 2025 2033; baseline 0.01 -28"><span class='ocrx_word' id='word_1_138' title='bbox 451 1955 520 2007; x_wconf 86' lang='lat' dir='ltr'><strong>ob</strong></span> <span class='ocrx_word' id='word_1_139' title='bbox 547 1969 688 2009; x_wconf 89' lang='lat' dir='ltr'><strong>eam.</strong></span> <span class='ocrx_word' id='word_1_140' title='bbox 731 1975 750 2006; x_wconf 76' lang='grc' dir='ltr'><strong>ι</strong></span> <span class='ocrx_word' id='word_1_141' title='bbox 785 1956 900 2012; x_wconf 83' lang='lat' dir='ltr'><strong>Hoc</strong></span> <span class='ocrx_word' id='word_1_142' title='bbox 923 1973 1064 2024; x_wconf 85' lang='lat' dir='ltr'><strong>eam,</strong></span> <span class='ocrx_word' id='word_1_143' title='bbox 1100 1960 1298 2030; x_wconf 86' lang='lat' dir='ltr'><strong>inquit,</strong></span> <span class='ocrx_word' id='word_1_144' title='bbox 1324 1962 1601 2032; x_wconf 91' lang='lat' dir='ltr'><strong>supplicio</strong></span> <span class='ocrx_word' id='word_1_145' title='bbox 1622 1962 1803 2027; x_wconf 82' lang='lat' dir='ltr'><strong>aﬂ‘eci,</strong></span> <span class='ocrx_word' id='word_1_146' title='bbox 1832 1979 2025 2033; x_wconf 68' lang='lat' dir='ltr'><strong>poenas</strong></span> 
     </span>
    </p>
   </div>
   <div class='ocr_carea' id='block_1_22' title="bbox 451 2045 2024 2122">
    <p class='ocr_par' dir='ltr' id='par_1_22' title="bbox 451 2045 2024 2122">
     <span class='ocr_line' id='line_1_22' title="bbox 451 2045 2024 2122; baseline 0.008 -24"><span class='ocrx_word' id='word_1_147' title='bbox 451 2045 744 2114; x_wconf 78' lang='lat' dir='ltr'><strong>impietatis</strong></span> <span class='ocrx_word' id='word_1_148' title='bbox 773 2049 827 2102; x_wconf 91' lang='lat' dir='ltr'><strong>in</strong></span> <span class='ocrx_word' id='word_1_149' title='bbox 865 2064 950 2104; x_wconf 87' lang='lat' dir='ltr'><strong>me</strong></span> <span class='ocrx_word' id='word_1_150' title='bbox 1001 2050 1255 2107; x_wconf 65' lang='lat' dir='ltr'><strong>admissae</strong></span> <span class='ocrx_word' id='word_1_151' title='bbox 1294 2062 1567 2122; x_wconf 88' lang='lat' dir='ltr'><strong>repetens.</strong></span> <span class='ocrx_word' id='word_1_152' title='bbox 1609 2053 1795 2109; x_wconf 84' lang='lat' dir='ltr'><strong>Zelum</strong></span> <span class='ocrx_word' id='word_1_153' title='bbox 1842 2063 2024 2110; x_wconf 90' lang='lat' dir='ltr'><strong>autem</strong></span> 
     </span>
    </p>
   </div>
   <div class='ocr_carea' id='block_1_23' title="bbox 448 2135 2024 2214">
    <p class='ocr_par' dir='ltr' id='par_1_23' title="bbox 448 2135 2024 2214">
     <span class='ocr_line' id='line_1_23' title="bbox 448 2135 2024 2214; baseline 0.009 -25"><span class='ocrx_word' id='word_1_154' title='bbox 448 2135 914 2208; x_wconf 83' lang='lat' dir='ltr'><strong>appellatjuslam</strong></span> <span class='ocrx_word' id='word_1_155' title='bbox 950 2141 1123 2201; x_wconf 86' lang='lat' dir='ltr'><strong>iram.</strong></span> <span class='ocrx_word' id='word_1_156' title='bbox 1155 2141 1295 2198; x_wconf 90' lang='lat' dir='ltr'><strong>Cum</strong></span> <span class='ocrx_word' id='word_1_157' title='bbox 1347 2143 1494 2199; x_wconf 84' lang='lat' dir='ltr'><strong>enim</strong></span> <span class='ocrx_word' id='word_1_158' title='bbox 1526 2146 1648 2214; x_wconf 88' lang='lat' dir='ltr'><strong>ejus</strong></span> <span class='ocrx_word' id='word_1_159' title='bbox 1679 2147 1764 2201; x_wconf 85' lang='lat' dir='ltr'><strong>vir</strong></span> <span class='ocrx_word' id='word_1_160' title='bbox 1810 2147 2024 2203; x_wconf 88' lang='lat' dir='ltr'><strong>dicere-</strong></span> 
     </span>
    </p>
   </div>
   <div class='ocr_carea' id='block_1_24' title="bbox 447 2233 2022 2308">
    <p class='ocr_par' dir='ltr' id='par_1_24' title="bbox 447 2233 2022 2308">
     <span class='ocr_line' id='line_1_24' title="bbox 447 2233 2022 2308; baseline 0.013 -34"><span class='ocrx_word' id='word_1_161' title='bbox 447 2233 556 2288; x_wconf 89' lang='lat' dir='ltr'><strong>tur,</strong></span> <span class='ocrx_word' id='word_1_162' title='bbox 591 2234 646 2280; x_wconf 91' lang='lat' dir='ltr'><strong>et</strong></span> <span class='ocrx_word' id='word_1_163' title='bbox 687 2242 916 2283; x_wconf 83' lang='lat' dir='ltr'><strong>uxorem</strong></span> <span class='ocrx_word' id='word_1_164' title='bbox 963 2245 1083 2286; x_wconf 89' lang='lat' dir='ltr'><strong>eam</strong></span> <span class='ocrx_word' id='word_1_165' title='bbox 1127 2233 1462 2303; x_wconf 87' lang='lat' dir='ltr'><strong>nominaret,</strong></span> <span class='ocrx_word' id='word_1_166' title='bbox 1519 2238 1770 2308; x_wconf 89' lang='lat' dir='ltr'><strong>apposite</strong></span> <span class='ocrx_word' id='word_1_167' title='bbox 1817 2253 2022 2294; x_wconf 90' lang='lat' dir='ltr'><strong>nomen</strong></span> 
     </span>
    </p>
   </div>
   <div class='ocr_carea' id='block_1_25' title="bbox 450 2314 2019 2397">
    <p class='ocr_par' dir='ltr' id='par_1_25' title="bbox 450 2314 2019 2397">
     <span class='ocr_line' id='line_1_25' title="bbox 450 2314 2019 2397; baseline 0.009 -30"><span class='ocrx_word' id='word_1_168' title='bbox 450 2314 548 2368; x_wconf 74' lang='lat' dir='ltr'><strong>zeli</strong></span> <span class='ocrx_word' id='word_1_169' title='bbox 580 2317 763 2373; x_wconf 84' lang='lat' dir='ltr'><strong>verbis</strong></span> <span class='ocrx_word' id='word_1_170' title='bbox 789 2318 1044 2374; x_wconf 83' lang='lat' dir='ltr'><strong>inseruit.</strong></span> <span class='ocrx_word' id='word_1_171' title='bbox 1071 2319 1209 2376; x_wconf 84' lang='lat' dir='ltr'><strong>Nam</strong></span> <span class='ocrx_word' id='word_1_172' title='bbox 1255 2324 1328 2378; x_wconf 87' lang='lat' dir='ltr'><strong>ita</strong></span> <span class='ocrx_word' id='word_1_173' title='bbox 1363 2340 1424 2381; x_wconf 87' lang='lat' dir='ltr'><strong>se</strong></span> <span class='ocrx_word' id='word_1_174' title='bbox 1474 2326 1656 2396; x_wconf 86' lang='lat' dir='ltr'><strong>ipsum</strong></span> <span class='ocrx_word' id='word_1_175' title='bbox 1697 2328 2019 2397; x_wconf 80' lang='lat' dir='ltr'><strong>appellavit,</strong></span> 
     </span>
    </p>
   </div>
   <div class='ocr_carea' id='block_1_26' title="bbox 445 2407 2020 2488">
    <p class='ocr_par' dir='ltr' id='par_1_26' title="bbox 445 2407 2020 2488">
     <span class='ocr_line' id='line_1_26' title="bbox 445 2407 2020 2488; baseline 0.009 -29"><span class='ocrx_word' id='word_1_176' title='bbox 445 2421 571 2460; x_wconf 84' lang='lat' dir='ltr'><strong>cum</strong></span> <span class='ocrx_word' id='word_1_177' title='bbox 612 2407 689 2461; x_wconf 86' lang='lat' dir='ltr'><strong>illi</strong></span> <span class='ocrx_word' id='word_1_178' title='bbox 718 2408 1120 2473; x_wconf 85' lang='lat' dir='ltr'><strong>dominaretur.</strong></span> <span class='ocrx_word' id='word_1_179' title='bbox 1152 2413 1351 2471; x_wconf 86' lang='lat' dir='ltr'><strong>dicens</strong></span> <span class='ocrx_word' id='word_1_180' title='bbox 1391 2435 1403 2471; x_wconf 94' lang='lat'>:</span> <span class='ocrx_word' id='word_1_181' title='bbox 1440 2435 1459 2469; x_wconf 78' lang='grc' dir='ltr'><strong>ι</strong></span> <span class='ocrx_word' id='word_1_182' title='bbox 1499 2417 1611 2488; x_wconf 79' lang='lat' dir='ltr'><strong>Ego</strong></span> <span class='ocrx_word' id='word_1_183' title='bbox 1653 2433 1776 2472; x_wconf 90' lang='lat' dir='ltr'><strong>sum</strong></span> <span class='ocrx_word' id='word_1_184' title='bbox 1830 2416 2020 2473; x_wconf 82' lang='lat' dir='ltr'><strong>Domi-</strong></span> 
     </span>
    </p>
   </div>
   <div class='ocr_carea' id='block_1_27' title="bbox 444 2497 2014 2579">
    <p class='ocr_par' dir='ltr' id='par_1_27' title="bbox 444 2497 2014 2579">
     <span class='ocr_line' id='line_1_27' title="bbox 444 2497 2014 2579; baseline 0.006 -28"><span class='ocrx_word' id='word_1_185' title='bbox 444 2513 548 2554; x_wconf 84' lang='lat' dir='ltr'><strong>nus</strong></span> <span class='ocrx_word' id='word_1_186' title='bbox 585 2497 732 2555; x_wconf 87' lang='lat' dir='ltr'><strong>Deus</strong></span> <span class='ocrx_word' id='word_1_187' title='bbox 759 2507 909 2566; x_wconf 87' lang='lat' dir='ltr'><strong>tuus,</strong></span> <span class='ocrx_word' id='word_1_188' title='bbox 941 2500 1085 2558; x_wconf 86' lang='lat' dir='ltr'><strong>Deus</strong></span> <span class='ocrx_word' id='word_1_189' title='bbox 1108 2505 1333 2572; x_wconf 82' lang='lat' dir='ltr'><strong>zelotes,</strong></span> <span class='ocrx_word' id='word_1_190' title='bbox 1369 2507 1510 2579; x_wconf 80' lang='lat' dir='ltr'><strong>ignis</strong></span> <span class='ocrx_word' id='word_1_191' title='bbox 1553 2523 1889 2565; x_wconf 84' lang='lat' dir='ltr'><strong>consumens</strong></span> <span class='ocrx_word' id='word_1_192' title='bbox 1911 2520 1957 2564; x_wconf 72' lang='grc' dir='ltr'>θ.</span> <span class='ocrx_word' id='word_1_193' title='bbox 1995 2529 2014 2561; x_wconf 75' lang='grc' dir='ltr'><strong>ι</strong></span> 
     </span>
    </p>
   </div>
   <div class='ocr_carea' id='block_1_28' title="bbox 444 2588 2018 2668">
    <p class='ocr_par' dir='ltr' id='par_1_28' title="bbox 444 2588 2018 2668">
     <span class='ocr_line' id='line_1_28' title="bbox 444 2588 2018 2668; baseline 0.008 -26"><span class='ocrx_word' id='word_1_194' title='bbox 444 2588 512 2644; x_wconf 82' lang='lat' dir='ltr'><strong>Et</strong></span> <span class='ocrx_word' id='word_1_195' title='bbox 545 2597 836 2662; x_wconf 81' lang='lat' dir='ltr'><strong>postquam</strong></span> <span class='ocrx_word' id='word_1_196' title='bbox 867 2593 964 2650; x_wconf 85' lang='lat' dir='ltr'><strong>irae</strong></span> <span class='ocrx_word' id='word_1_197' title='bbox 986 2608 1189 2652; x_wconf 83' lang='lat' dir='ltr'><strong>causas</strong></span> <span class='ocrx_word' id='word_1_198' title='bbox 1235 2597 1317 2653; x_wconf 90' lang='lat' dir='ltr'><strong>sic</strong></span> <span class='ocrx_word' id='word_1_199' title='bbox 1347 2599 1623 2668; x_wconf 74' lang='lat' dir='ltr'><strong>exposuit,</strong></span> <span class='ocrx_word' id='word_1_200' title='bbox 1652 2600 1706 2653; x_wconf 90' lang='lat' dir='ltr'><strong>in</strong></span> <span class='ocrx_word' id='word_1_201' title='bbox 1734 2608 2018 2668; x_wconf 85' lang='lat' dir='ltr'><strong>posterum</strong></span> 
     </span>
    </p>
   </div>
   <div class='ocr_carea' id='block_1_29' title="bbox 443 2680 932 2753">
    <p class='ocr_par' dir='ltr' id='par_1_29' title="bbox 443 2680 932 2753">
     <span class='ocr_line' id='line_1_29' title="bbox 443 2680 932 2753; baseline 0.008 -17"><span class='ocrx_word' id='word_1_202' title='bbox 443 2680 586 2737; x_wconf 83' lang='lat' dir='ltr'><strong>bona</strong></span> <span class='ocrx_word' id='word_1_203' title='bbox 615 2684 932 2753; x_wconf 83' lang='lat' dir='ltr'><strong>pollicetur.</strong></span> 
     </span>
    </p>
   </div>
   <div class='ocr_carea' id='block_1_30' title="bbox 511 2885 2017 2953">
    <p class='ocr_par' dir='ltr' id='par_1_30' title="bbox 511 2885 2017 2953">
     <span class='ocr_line' id='line_1_30' title="bbox 511 2885 2017 2953; baseline 0.008 -13"><span class='ocrx_word' id='word_1_204' title='bbox 511 2885 682 2943; x_wconf 74' lang='lat' dir='ltr'><strong>Vsus.</strong></span> <span class='ocrx_word' id='word_1_205' title='bbox 712 2889 766 2944; x_wconf 82' lang='grc'>5.</span> <span class='ocrx_word' id='word_1_206' title='bbox 802 2907 821 2941; x_wconf 80' lang='grc' dir='ltr'><strong>ι</strong></span> <span class='ocrx_word' id='word_1_207' title='bbox 875 2889 1002 2944; x_wconf 61' lang='lat' dir='ltr'><strong>Haec</strong></span> <span class='ocrx_word' id='word_1_208' title='bbox 1059 2890 1194 2946; x_wconf 82' lang='lat' dir='ltr'><strong>dicit</strong></span> <span class='ocrx_word' id='word_1_209' title='bbox 1253 2890 1517 2948; x_wconf 85' lang='lat' dir='ltr'><strong>Dominus</strong></span> <span class='ocrx_word' id='word_1_210' title='bbox 1565 2894 1882 2951; x_wconf 75' lang='lat' dir='ltr'><strong>:llevertar</strong></span> <span class='ocrx_word' id='word_1_211' title='bbox 1949 2899 2017 2953; x_wconf 86' lang='lat' dir='ltr'><strong>ad</strong></span> 
     </span>
    </p>
   </div>
   <div class='ocr_carea' id='block_1_31' title="bbox 444 2978 2019 3063">
    <p class='ocr_par' dir='ltr' id='par_1_31' title="bbox 444 2978 2019 3063">
     <span class='ocr_line' id='line_1_31' title="bbox 444 2978 2019 3063; baseline 0.007 -29"><span class='ocrx_word' id='word_1_212' title='bbox 444 2978 692 3045; x_wconf 87' lang='lat' dir='ltr'><strong>Sionem,</strong></span> <span class='ocrx_word' id='word_1_213' title='bbox 747 2989 803 3037; x_wconf 88' lang='lat' dir='ltr'><strong>et</strong></span> <span class='ocrx_word' id='word_1_214' title='bbox 847 2982 1107 3038; x_wconf 89' lang='lat' dir='ltr'><strong>habitabo</strong></span> <span class='ocrx_word' id='word_1_215' title='bbox 1155 2984 1210 3038; x_wconf 92' lang='lat' dir='ltr'><strong>in</strong></span> <span class='ocrx_word' id='word_1_216' title='bbox 1259 2983 1438 3040; x_wconf 86' lang='lat' dir='ltr'><strong>medio</strong></span> <span class='ocrx_word' id='word_1_217' title='bbox 1501 2984 1917 3063; x_wconf 84' lang='lat' dir='ltr'><strong>Hierosolymae,</strong></span> <span class='ocrx_word' id='word_1_218' title='bbox 1964 2998 2019 3045; x_wconf 89' lang='lat' dir='ltr'><strong>et</strong></span> 
     </span>
    </p>
   </div>
   <div class='ocr_carea' id='block_1_32' title="bbox 439 3068 2018 3143">
    <p class='ocr_par' dir='ltr' id='par_1_32' title="bbox 439 3068 2018 3143">
     <span class='ocr_line' id='line_1_32' title="bbox 439 3068 2018 3143; baseline 0.011 -25"><span class='ocrx_word' id='word_1_219' title='bbox 439 3069 732 3124; x_wconf 74' lang='lat' dir='ltr'><strong>vocabitur</strong></span> <span class='ocrx_word' id='word_1_220' title='bbox 765 3068 1148 3143; x_wconf 83' lang='lat' dir='ltr'><strong>Hierosolyma</strong></span> <span class='ocrx_word' id='word_1_221' title='bbox 1179 3071 1379 3129; x_wconf 79' lang='lat' dir='ltr'><strong>civitas</strong></span> <span class='ocrx_word' id='word_1_222' title='bbox 1431 3090 1556 3132; x_wconf 88' lang='lat' dir='ltr'><strong>vera</strong></span> <span class='ocrx_word' id='word_1_223' title='bbox 1578 3116 1593 3142; x_wconf 87' lang='lat'><strong>,</strong></span> <span class='ocrx_word' id='word_1_224' title='bbox 1627 3090 1682 3134; x_wconf 91' lang='lat' dir='ltr'><strong>et</strong></span> <span class='ocrx_word' id='word_1_225' title='bbox 1711 3095 1870 3137; x_wconf 88' lang='lat' dir='ltr'><strong>mons</strong></span> <span class='ocrx_word' id='word_1_226' title='bbox 1913 3080 2018 3136; x_wconf 88' lang='lat' dir='ltr'><strong>Do-</strong></span> 
     </span>
    </p>
   </div>
   <div class='ocr_carea' id='block_1_33' title="bbox 2133 586 3711 658">
    <p class='ocr_par' dir='ltr' id='par_1_33' title="bbox 2133 586 3711 658">
     <span class='ocr_line' id='line_1_33' title="bbox 2133 586 3711 658; baseline 0.006 -20"><span class='ocrx_word' id='word_1_227' title='bbox 2133 586 2234 640; x_wconf 83' lang='grc' dir='ltr'><strong>ούκ</strong></span> <span class='ocrx_word' id='word_1_228' title='bbox 2267 586 2546 657; x_wconf 79' lang='grc' dir='ltr'><strong>ἔγνωσαν·</strong></span> <span class='ocrx_word' id='word_1_229' title='bbox 2598 608 2615 642; x_wconf 76' lang='grc' dir='ltr'><strong>ι</strong></span> <span class='ocrx_word' id='word_1_230' title='bbox 2675 589 2798 643; x_wconf 77' lang='grc' dir='ltr'>ἀντὶ</span> <span class='ocrx_word' id='word_1_231' title='bbox 2847 589 2942 643; x_wconf 80' lang='grc' dir='ltr'><strong>τοῦ</strong></span> <span class='ocrx_word' id='word_1_232' title='bbox 2992 589 3307 654; x_wconf 75' lang='grc' dir='ltr'>ἐξέϐαλον.</span> <span class='ocrx_word' id='word_1_233' title='bbox 3350 608 3369 639; x_wconf 76' lang='grc' dir='ltr'><strong>ι</strong></span> <span class='ocrx_word' id='word_1_234' title='bbox 3407 587 3521 641; x_wconf 72' lang='grc' dir='ltr'><strong>Καὶ</strong></span> <span class='ocrx_word' id='word_1_235' title='bbox 3571 590 3605 658; x_wconf 67' lang='grc' dir='ltr'><strong>ἡ</strong></span> <span class='ocrx_word' id='word_1_236' title='bbox 3646 589 3711 655; x_wconf 72' lang='grc' dir='ltr'><strong>’ίῆ</strong></span> 
     </span>
    </p>
   </div>
   <div class='ocr_carea' id='block_1_34' title="bbox 2132 679 3714 751">
    <p class='ocr_par' dir='ltr' id='par_1_34' title="bbox 2132 679 3714 751">
     <span class='ocr_line' id='line_1_34' title="bbox 2132 679 3714 751; baseline -0.001 -20"><span class='ocrx_word' id='word_1_237' title='bbox 2132 679 2562 751; x_wconf 74' lang='grc' dir='ltr'><strong>ἀφανισθήσεται</strong></span> <span class='ocrx_word' id='word_1_238' title='bbox 2586 682 2914 735; x_wconf 83' lang='grc' dir='ltr'><strong>κατόπισθεν</strong></span> <span class='ocrx_word' id='word_1_239' title='bbox 2944 680 3122 737; x_wconf 82' lang='grc' dir='ltr'>αὐτῶν</span> <span class='ocrx_word' id='word_1_240' title='bbox 3147 681 3212 734; x_wconf 79' lang='grc' dir='ltr'><strong>ἐκ</strong></span> <span class='ocrx_word' id='word_1_241' title='bbox 3241 679 3596 742; x_wconf 82' lang='grc' dir='ltr'>διοδεύοντος,</span> <span class='ocrx_word' id='word_1_242' title='bbox 3624 681 3714 731; x_wconf 74' lang='grc' dir='ltr'><strong>καὶ</strong></span> 
     </span>
    </p>
   </div>
   <div class='ocr_carea' id='block_1_35' title="bbox 2133 768 3714 843">
    <p class='ocr_par' dir='ltr' id='par_1_35' title="bbox 2133 768 3714 843">
     <span class='ocr_line' id='line_1_35' title="bbox 2133 768 3714 843; baseline -0.002 -20"><span class='ocrx_word' id='word_1_243' title='bbox 2133 771 2190 836; x_wconf 78' lang='grc' dir='ltr'><strong>ἐξ</strong></span> <span class='ocrx_word' id='word_1_244' title='bbox 2222 771 2682 843; x_wconf 65' lang='grc' dir='ltr'><strong>ὁινοιιῖτρέφοντος⁸</strong></span> <span class='ocrx_word' id='word_1_245' title='bbox 2723 793 2742 824; x_wconf 74' lang='grc' dir='ltr'><strong>ι</strong></span> <span class='ocrx_word' id='word_1_246' title='bbox 2779 773 3078 836; x_wconf 81' lang='grc' dir='ltr'><strong>τουτέστιν,</strong></span> <span class='ocrx_word' id='word_1_247' title='bbox 3129 771 3474 840; x_wconf 58' lang='grc' dir='ltr'><strong>ἠφανίσθη⁸</strong></span> <span class='ocrx_word' id='word_1_248' title='bbox 3511 769 3609 824; x_wconf 78' lang='grc' dir='ltr'><strong>καὶ</strong></span> <span class='ocrx_word' id='word_1_249' title='bbox 3637 768 3714 838; x_wconf 82' lang='grc' dir='ltr'>δη-</span> 
     </span>
    </p>
   </div>
   <div class='ocr_carea' id='block_1_36' title="bbox 2131 859 3746 946">
    <p class='ocr_par' dir='ltr' id='par_1_36' title="bbox 2131 859 3746 946">
     <span class='ocr_line' id='line_1_36' title="bbox 2131 859 3746 946; baseline -0.002 -31"><span class='ocrx_word' id='word_1_250' title='bbox 2131 862 2215 915; x_wconf 80' lang='grc' dir='ltr'><strong>λοῖ</strong></span> <span class='ocrx_word' id='word_1_251' title='bbox 2267 862 2336 916; x_wconf 79' lang='grc' dir='ltr'><strong>τά</strong></span> <span class='ocrx_word' id='word_1_252' title='bbox 2366 865 2701 934; x_wconf 82' lang='grc' dir='ltr'>ἐπαγόμενα.</span> <span class='ocrx_word' id='word_1_253' title='bbox 2759 863 3041 918; x_wconf 85' lang='grc' dir='ltr'>Μετέϐαλε</span> <span class='ocrx_word' id='word_1_254' title='bbox 3093 864 3202 934; x_wconf 83' lang='grc' dir='ltr'>γὰρ</span> <span class='ocrx_word' id='word_1_255' title='bbox 3239 863 3300 916; x_wconf 82' lang='grc' dir='ltr'><strong>τὸ</strong></span> <span class='ocrx_word' id='word_1_256' title='bbox 3356 862 3570 932; x_wconf 83' lang='grc' dir='ltr'>σχῆμα,</span> <span class='ocrx_word' id='word_1_257' title='bbox 3624 859 3746 946; x_wconf 48' lang='grc' dir='ltr'>καί,</span> 
     </span>
    </p>
   </div>
   <div class='ocr_carea' id='block_1_37' title="bbox 2132 955 3716 1027">
    <p class='ocr_par' dir='ltr' id='par_1_37' title="bbox 2132 955 3716 1027">
     <span class='ocr_line' id='line_1_37' title="bbox 2132 955 3716 1027; baseline -0.001 -20"><span class='ocrx_word' id='word_1_258' title='bbox 2132 968 2298 1025; x_wconf 88' lang='grc' dir='ltr'>φησι·</span> <span class='ocrx_word' id='word_1_259' title='bbox 2342 973 2359 1006; x_wconf 84' lang='grc' dir='ltr'><strong>ι</strong></span> <span class='ocrx_word' id='word_1_260' title='bbox 2409 956 2520 1008; x_wconf 74' lang='grc' dir='ltr'><strong>Καὶ</strong></span> <span class='ocrx_word' id='word_1_261' title='bbox 2559 956 2756 1024; x_wconf 75' lang='grc' dir='ltr'>ἔταξαν</span> <span class='ocrx_word' id='word_1_262' title='bbox 2789 956 2896 1027; x_wconf 82' lang='grc' dir='ltr'>γῆν</span> <span class='ocrx_word' id='word_1_263' title='bbox 2940 955 3344 1026; x_wconf 75' lang='grc' dir='ltr'>ἐπιθυμητὴν²⁷</span> <span class='ocrx_word' id='word_1_264' title='bbox 3393 956 3479 1017; x_wconf 86' lang='grc' dir='ltr'><strong>είς</strong></span> <span class='ocrx_word' id='word_1_265' title='bbox 3526 955 3716 1021; x_wconf 71' lang='grc' dir='ltr'>ἀφανι-</span> 
     </span>
    </p>
   </div>
   <div class='ocr_carea' id='block_1_38' title="bbox 2133 1044 3716 1119">
    <p class='ocr_par' dir='ltr' id='par_1_38' title="bbox 2133 1044 3716 1119">
     <span class='ocr_line' id='line_1_38' title="bbox 2133 1044 3716 1119; baseline -0.003 -21"><span class='ocrx_word' id='word_1_266' title='bbox 2133 1046 2289 1116; x_wconf 88' lang='grc' dir='ltr'>σμόν.</span> <span class='ocrx_word' id='word_1_267' title='bbox 2330 1065 2348 1097; x_wconf 76' lang='grc' dir='ltr'><strong>ι</strong></span> <span class='ocrx_word' id='word_1_268' title='bbox 2385 1045 2573 1100; x_wconf 81' lang='grc' dir='ltr'>Ταῦτα</span> <span class='ocrx_word' id='word_1_269' title='bbox 2614 1048 2742 1119; x_wconf 74' lang='grc' dir='ltr'>περὶ</span> <span class='ocrx_word' id='word_1_270' title='bbox 2780 1047 2882 1118; x_wconf 78' lang='grc' dir='ltr'>τῆς</span> <span class='ocrx_word' id='word_1_271' title='bbox 2913 1047 3022 1100; x_wconf 82' lang='grc' dir='ltr'><strong>τῶν</strong></span> <span class='ocrx_word' id='word_1_272' title='bbox 3053 1047 3310 1118; x_wconf 82' lang='grc' dir='ltr'>πατέρων</span> <span class='ocrx_word' id='word_1_273' title='bbox 3345 1044 3531 1100; x_wconf 75' lang='grc' dir='ltr'>αὐτῶν</span> <span class='ocrx_word' id='word_1_274' title='bbox 3564 1045 3716 1098; x_wconf 65' lang='grc' dir='ltr'>ἀπει-</span> 
     </span>
    </p>
   </div>
   <div class='ocr_carea' id='block_1_39' title="bbox 2135 1134 3716 1210">
    <p class='ocr_par' dir='ltr' id='par_1_39' title="bbox 2135 1134 3716 1210">
     <span class='ocr_line' id='line_1_39' title="bbox 2135 1134 3716 1210; baseline -0.003 -18"><span class='ocrx_word' id='word_1_275' title='bbox 2135 1138 2286 1204; x_wconf 82' lang='grc' dir='ltr'>θείας</span> <span class='ocrx_word' id='word_1_276' title='bbox 2313 1157 2372 1194; x_wconf 85' lang='grc' dir='ltr'><strong>τε</strong></span> <span class='ocrx_word' id='word_1_277' title='bbox 2404 1141 2500 1193; x_wconf 70' lang='grc' dir='ltr'><strong>καὶ</strong></span> <span class='ocrx_word' id='word_1_278' title='bbox 2526 1141 2791 1210; x_wconf 80' lang='grc' dir='ltr'>τιμωρίας</span> <span class='ocrx_word' id='word_1_279' title='bbox 2829 1138 3222 1210; x_wconf 82' lang='grc' dir='ltr'>διεξελήλυθεν.</span> <span class='ocrx_word' id='word_1_280' title='bbox 3257 1135 3396 1192; x_wconf 70' lang='grc' dir='ltr'>Οὔτε</span> <span class='ocrx_word' id='word_1_281' title='bbox 3427 1137 3541 1207; x_wconf 81' lang='grc' dir='ltr'><strong>γάρ</strong></span> <span class='ocrx_word' id='word_1_282' title='bbox 3575 1134 3716 1196; x_wconf 77' lang='grc' dir='ltr'>εἰκὸς</span> 
     </span>
    </p>
   </div>
   <div class='ocr_carea' id='block_1_40' title="bbox 2135 1225 3716 1302">
    <p class='ocr_par' dir='ltr' id='par_1_40' title="bbox 2135 1225 3716 1302">
     <span class='ocr_line' id='line_1_40' title="bbox 2135 1225 3716 1302; baseline -0.004 -19"><span class='ocrx_word' id='word_1_283' title='bbox 2135 1225 2225 1302; x_wconf 79' lang='grc' dir='ltr'>ἦν,</span> <span class='ocrx_word' id='word_1_284' title='bbox 2257 1233 2371 1293; x_wconf 82' lang='grc' dir='ltr'>τοῖς</span> <span class='ocrx_word' id='word_1_285' title='bbox 2414 1230 2620 1301; x_wconf 83' lang='grc' dir='ltr'>πικρᾶς</span> <span class='ocrx_word' id='word_1_286' title='bbox 2670 1229 2912 1292; x_wconf 78' lang='grc' dir='ltr'>δουλείας</span> <span class='ocrx_word' id='word_1_287' title='bbox 2945 1227 3173 1282; x_wconf 82' lang='grc' dir='ltr'>λαϐοῦσι</span> <span class='ocrx_word' id='word_1_288' title='bbox 3219 1226 3320 1298; x_wconf 82' lang='grc' dir='ltr'>τὴν</span> <span class='ocrx_word' id='word_1_289' title='bbox 3359 1227 3582 1297; x_wconf 78' lang='grc' dir='ltr'>πεῖραν,</span> <span class='ocrx_word' id='word_1_290' title='bbox 3626 1226 3716 1278; x_wconf 74' lang='grc' dir='ltr'><strong>καὶ</strong></span> 
     </span>
    </p>
   </div>
   <div class='ocr_carea' id='block_1_41' title="bbox 2137 1312 3714 1396">
    <p class='ocr_par' dir='ltr' id='par_1_41' title="bbox 2137 1312 3714 1396">
     <span class='ocr_line' id='line_1_41' title="bbox 2137 1312 3714 1396; baseline -0.004 -21"><span class='ocrx_word' id='word_1_291' title='bbox 2137 1322 2367 1393; x_wconf 76' lang='grc' dir='ltr'><strong>ἔναγχος</strong></span> <span class='ocrx_word' id='word_1_292' title='bbox 2393 1324 2600 1396; x_wconf 81' lang='grc' dir='ltr'>ταύτης</span> <span class='ocrx_word' id='word_1_293' title='bbox 2633 1312 3020 1392; x_wconf 84' lang='grc' dir='ltr'>ἀπαλλαγεῖσι,</span> <span class='ocrx_word' id='word_1_294' title='bbox 3052 1322 3148 1376; x_wconf 80' lang='grc' dir='ltr'><strong>καὶ</strong></span> <span class='ocrx_word' id='word_1_295' title='bbox 3179 1320 3410 1393; x_wconf 85' lang='grc' dir='ltr'><strong>μηδέπω</strong></span> <span class='ocrx_word' id='word_1_296' title='bbox 3431 1317 3534 1388; x_wconf 82' lang='grc' dir='ltr'>τὴν</span> <span class='ocrx_word' id='word_1_297' title='bbox 3566 1317 3714 1371; x_wconf 85' lang='grc' dir='ltr'>πόλιν</span> 
     </span>
    </p>
   </div>
   <div class='ocr_carea' id='block_1_42' title="bbox 2129 1411 3739 1488">
    <p class='ocr_par' dir='ltr' id='par_1_42' title="bbox 2129 1411 3739 1488">
     <span class='ocr_line' id='line_1_42' title="bbox 2129 1411 3739 1488; baseline -0.003 -20"><span class='ocrx_word' id='word_1_298' title='bbox 2129 1417 2542 1488; x_wconf 84' lang='grc' dir='ltr'>οίκοδομήσασι,</span> <span class='ocrx_word' id='word_1_299' title='bbox 2566 1415 2792 1470; x_wconf 82' lang='grc' dir='ltr'>τοιαῦτα</span> <span class='ocrx_word' id='word_1_300' title='bbox 2827 1415 2990 1470; x_wconf 87' lang='grc' dir='ltr'>πάλιν</span> <span class='ocrx_word' id='word_1_301' title='bbox 3021 1413 3321 1482; x_wconf 82' lang='grc' dir='ltr'>ἀπειλῆσαι</span> <span class='ocrx_word' id='word_1_302' title='bbox 3361 1411 3539 1464; x_wconf 87' lang='grc' dir='ltr'>δεινά.</span> <span class='ocrx_word' id='word_1_303' title='bbox 3679 1416 3682 1418; x_wconf 64' lang='grc'>⁷</span> <span class='ocrx_word' id='word_1_304' title='bbox 3732 1435 3739 1488; x_wconf 64' lang='grc' dir='ltr'><strong>ε</strong></span> 
     </span>
    </p>
   </div>
   <div class='ocr_carea' id='block_1_43' title="bbox 2655 1507 3178 1562">
    <p class='ocr_par' dir='ltr' id='par_1_43' title="bbox 2655 1507 3178 1562">
     <span class='ocr_line' id='line_1_43' title="bbox 2655 1507 3178 1562; baseline -0.006 0"><span class='ocrx_word' id='word_1_305' title='bbox 2655 1507 3051 1562; x_wconf 77' lang='grc' dir='ltr'><strong>ΚΕΦΑΛΔΙΟΝ</strong></span> <span class='ocrx_word' id='word_1_306' title='bbox 3093 1507 3178 1559; x_wconf 82' lang='grc' dir='ltr'><strong>Η¹.</strong></span> 
     </span>
    </p>
   </div>
   <div class='ocr_carea' id='block_1_44' title="bbox 2202 1595 3715 1673">
    <p class='ocr_par' dir='ltr' id='par_1_44' title="bbox 2202 1595 3715 1673">
     <span class='ocr_line' id='line_1_44' title="bbox 2202 1595 3715 1673; baseline -0.007 -16"><span class='ocrx_word' id='word_1_307' title='bbox 2202 1602 2272 1669; x_wconf 88' lang='grc' dir='ltr'>α’,</span> <span class='ocrx_word' id='word_1_308' title='bbox 2317 1603 2382 1673; x_wconf 84' lang='grc' dir='ltr'><strong>β’.</strong></span> <span class='ocrx_word' id='word_1_309' title='bbox 2421 1623 2440 1655; x_wconf 80' lang='grc' dir='ltr'><strong>ι</strong></span> <span class='ocrx_word' id='word_1_310' title='bbox 2474 1601 2586 1656; x_wconf 79' lang='grc' dir='ltr'><strong>Καὶ</strong></span> <span class='ocrx_word' id='word_1_311' title='bbox 2604 1601 2821 1671; x_wconf 83' lang='grc' dir='ltr'>ἐγένετο</span> <span class='ocrx_word' id='word_1_312' title='bbox 2841 1600 2998 1669; x_wconf 80' lang='grc' dir='ltr'>λόγος</span> <span class='ocrx_word' id='word_1_313' title='bbox 3031 1598 3238 1669; x_wconf 80' lang='grc' dir='ltr'>Κυρίου</span> <span class='ocrx_word' id='word_1_314' title='bbox 3273 1595 3715 1667; x_wconf 71' lang='grc' dir='ltr'>παντοκράτορος</span> 
     </span>
    </p>
   </div>
   <div class='ocr_carea' id='block_1_45' title="bbox 2133 1687 3711 1767">
    <p class='ocr_par' dir='ltr' id='par_1_45' title="bbox 2133 1687 3711 1767">
     <span class='ocr_line' id='line_1_45' title="bbox 2133 1687 3711 1767; baseline -0.006 -19"><span class='ocrx_word' id='word_1_315' title='bbox 2133 1695 2270 1767; x_wconf 91' lang='grc' dir='ltr'>πρός</span> <span class='ocrx_word' id='word_1_316' title='bbox 2304 1712 2372 1766; x_wconf 88' lang='grc' dir='ltr'><strong>με</strong></span> <span class='ocrx_word' id='word_1_317' title='bbox 2393 1695 2459 1759; x_wconf 76' lang='grc'><strong>⁸⁸,</strong></span> <span class='ocrx_word' id='word_1_318' title='bbox 2481 1693 2686 1763; x_wconf 87' lang='grc' dir='ltr'>λέγων·</span> <span class='ocrx_word' id='word_1_319' title='bbox 2715 1691 2851 1746; x_wconf 84' lang='grc' dir='ltr'>Τάδε</span> <span class='ocrx_word' id='word_1_320' title='bbox 2879 1691 3028 1760; x_wconf 82' lang='grc' dir='ltr'>λέγει</span> <span class='ocrx_word' id='word_1_321' title='bbox 3055 1691 3260 1761; x_wconf 77' lang='grc' dir='ltr'>Κύριος</span> <span class='ocrx_word' id='word_1_322' title='bbox 3291 1687 3711 1756; x_wconf 73' lang='grc' dir='ltr'>παντοκράτωρ·</span> 
     </span>
    </p>
   </div>
   <div class='ocr_carea' id='block_1_46' title="bbox 2144 1777 3712 1859">
    <p class='ocr_par' dir='ltr' id='par_1_46' title="bbox 2144 1777 3712 1859">
     <span class='ocr_line' id='line_1_46' title="bbox 2144 1777 3712 1859; baseline -0.008 -19"><span class='ocrx_word' id='word_1_323' title='bbox 2144 1787 2428 1859; x_wconf 82' lang='grc' dir='ltr'>Ἐζήλωκα</span> <span class='ocrx_word' id='word_1_324' title='bbox 2458 1785 2556 1856; x_wconf 85' lang='grc' dir='ltr'>τὴν</span> <span class='ocrx_word' id='word_1_325' title='bbox 2593 1782 2950 1856; x_wconf 79' lang='grc' dir='ltr'>Ἰερουσαλὴμ</span> <span class='ocrx_word' id='word_1_326' title='bbox 2981 1782 3076 1837; x_wconf 72' lang='grc' dir='ltr'>καὶ</span> <span class='ocrx_word' id='word_1_327' title='bbox 3119 1782 3220 1854; x_wconf 78' lang='grc' dir='ltr'>τὴν</span> <span class='ocrx_word' id='word_1_328' title='bbox 3254 1779 3393 1834; x_wconf 87' lang='grc' dir='ltr'>Σιὼν</span> <span class='ocrx_word' id='word_1_329' title='bbox 3427 1779 3590 1850; x_wconf 80' lang='grc' dir='ltr'>ζῆλον</span> <span class='ocrx_word' id='word_1_330' title='bbox 3622 1777 3712 1846; x_wconf 78' lang='grc' dir='ltr'>μέ·</span> 
     </span>
    </p>
   </div>
   <div class='ocr_carea' id='block_1_47' title="bbox 2129 1869 3714 1950">
    <p class='ocr_par' dir='ltr' id='par_1_47' title="bbox 2129 1869 3714 1950">
     <span class='ocr_line' id='line_1_47' title="bbox 2129 1869 3714 1950; baseline -0.008 -16"><span class='ocrx_word' id='word_1_331' title='bbox 2129 1898 2254 1950; x_wconf 89' lang='grc' dir='ltr'>γαν,</span> <span class='ocrx_word' id='word_1_332' title='bbox 2278 1881 2373 1934; x_wconf 77' lang='grc' dir='ltr'><strong>καὶ</strong></span> <span class='ocrx_word' id='word_1_333' title='bbox 2402 1877 2560 1950; x_wconf 88' lang='grc' dir='ltr'>θυμῷ</span> <span class='ocrx_word' id='word_1_334' title='bbox 2593 1877 2814 1949; x_wconf 82' lang='grc' dir='ltr'>μεγάλῳ</span> <span class='ocrx_word' id='word_1_335' title='bbox 2853 1877 3104 1948; x_wconf 76' lang='grc' dir='ltr'>ἐζήλωσα</span> <span class='ocrx_word' id='word_1_336' title='bbox 3125 1876 3170 1908; x_wconf 80' lang='grc'><strong>’⁹</strong></span> <span class='ocrx_word' id='word_1_337' title='bbox 3205 1873 3396 1944; x_wconf 73' lang='grc' dir='ltr'>αὑτήν.</span> <span class='ocrx_word' id='word_1_338' title='bbox 3446 1889 3464 1924; x_wconf 87' lang='grc' dir='ltr'><strong>ι</strong></span> <span class='ocrx_word' id='word_1_339' title='bbox 3501 1869 3714 1936; x_wconf 77' lang='grc' dir='ltr'>Ταύτην</span> 
     </span>
    </p>
   </div>
   <div class='ocr_carea' id='block_1_48' title="bbox 2127 1961 3712 2046">
    <p class='ocr_par' dir='ltr' id='par_1_48' title="bbox 2127 1961 3712 2046">
     <span class='ocr_line' id='line_1_48' title="bbox 2127 1961 3712 2046; baseline -0.009 -18"><span class='ocrx_word' id='word_1_340' title='bbox 2127 1977 2288 2046; x_wconf 77' lang='grc' dir='ltr'>αὐτῇ,</span> <span class='ocrx_word' id='word_1_341' title='bbox 2325 1974 2480 2045; x_wconf 71' lang='grc' dir='ltr'>φησὶ,</span> <span class='ocrx_word' id='word_1_342' title='bbox 2525 1972 2626 2043; x_wconf 83' lang='grc' dir='ltr'>τὴν</span> <span class='ocrx_word' id='word_1_343' title='bbox 2671 1971 2943 2042; x_wconf 73' lang='grc' dir='ltr'>τιμωρίαν</span> <span class='ocrx_word' id='word_1_344' title='bbox 2991 1971 3294 2040; x_wconf 74' lang='grc' dir='ltr'>ἐπήγαγον,</span> <span class='ocrx_word' id='word_1_345' title='bbox 3332 1966 3439 2033; x_wconf 76' lang='grc' dir='ltr'>τῆς</span> <span class='ocrx_word' id='word_1_346' title='bbox 3488 1965 3571 2027; x_wconf 85' lang='grc' dir='ltr'><strong>είς</strong></span> <span class='ocrx_word' id='word_1_347' title='bbox 3619 1961 3712 2032; x_wconf 73' lang='grc' dir='ltr'>ἐμὲ</span> 
     </span>
    </p>
   </div>
   <div class='ocr_carea' id='block_1_49' title="bbox 2126 2057 3711 2136">
    <p class='ocr_par' dir='ltr' id='par_1_49' title="bbox 2126 2057 3711 2136">
     <span class='ocr_line' id='line_1_49' title="bbox 2126 2057 3711 2136; baseline -0.009 -15"><span class='ocrx_word' id='word_1_348' title='bbox 2126 2067 2446 2130; x_wconf 86' lang='grc' dir='ltr'>δυσσεϐείας</span> <span class='ocrx_word' id='word_1_349' title='bbox 2475 2065 2666 2136; x_wconf 84' lang='grc' dir='ltr'>ποινὴν</span> <span class='ocrx_word' id='word_1_350' title='bbox 2689 2062 3173 2136; x_wconf 77' lang='grc' dir='ltr'>εἰσπραττόμενος.</span> <span class='ocrx_word' id='word_1_351' title='bbox 3208 2059 3416 2129; x_wconf 75' lang='grc' dir='ltr'>Ζῆλον</span> <span class='ocrx_word' id='word_1_352' title='bbox 3453 2057 3512 2110; x_wconf 85' lang='grc' dir='ltr'><strong>δέ</strong></span> <span class='ocrx_word' id='word_1_353' title='bbox 3546 2071 3711 2126; x_wconf 84' lang='grc' dir='ltr'>προσ-</span> 
     </span>
    </p>
   </div>
   <div class='ocr_carea' id='block_1_50' title="bbox 2127 2146 3710 2230">
    <p class='ocr_par' dir='ltr' id='par_1_50' title="bbox 2127 2146 3710 2230">
     <span class='ocr_line' id='line_1_50' title="bbox 2127 2146 3710 2230; baseline -0.011 -18"><span class='ocrx_word' id='word_1_354' title='bbox 2127 2157 2383 2230; x_wconf 88' lang='grc' dir='ltr'>αγορεύει</span> <span class='ocrx_word' id='word_1_355' title='bbox 2417 2158 2516 2228; x_wconf 80' lang='grc' dir='ltr'>τὴν</span> <span class='ocrx_word' id='word_1_356' title='bbox 2547 2157 2763 2211; x_wconf 87' lang='grc' dir='ltr'>δικαίαν</span> <span class='ocrx_word' id='word_1_357' title='bbox 2805 2156 2999 2228; x_wconf 86' lang='grc' dir='ltr'>ὀργήν.</span> <span class='ocrx_word' id='word_1_358' title='bbox 3046 2152 3266 2222; x_wconf 81' lang='grc' dir='ltr'>Ἐπειδὴ</span> <span class='ocrx_word' id='word_1_359' title='bbox 3301 2151 3412 2221; x_wconf 81' lang='grc' dir='ltr'><strong>γάρ</strong></span> <span class='ocrx_word' id='word_1_360' title='bbox 3448 2147 3590 2220; x_wconf 75' lang='grc' dir='ltr'>ἀνὴρ</span> <span class='ocrx_word' id='word_1_361' title='bbox 3619 2146 3710 2200; x_wconf 66' lang='grc' dir='ltr'><strong>αὖ.</strong></span> 
     </span>
    </p>
   </div>
   <div class='ocr_carea' id='block_1_51' title="bbox 2125 2241 3711 2322">
    <p class='ocr_par' dir='ltr' id='par_1_51' title="bbox 2125 2241 3711 2322">
     <span class='ocr_line' id='line_1_51' title="bbox 2125 2241 3711 2322; baseline -0.008 -18"><span class='ocrx_word' id='word_1_362' title='bbox 2125 2251 2225 2321; x_wconf 84' lang='grc' dir='ltr'><strong>τῆς</strong></span> <span class='ocrx_word' id='word_1_363' title='bbox 2250 2249 2606 2322; x_wconf 80' lang='grc' dir='ltr'>ἐχρημάτιζε,</span> <span class='ocrx_word' id='word_1_364' title='bbox 2631 2249 2728 2303; x_wconf 72' lang='grc' dir='ltr'>καὶ</span> <span class='ocrx_word' id='word_1_365' title='bbox 2756 2249 2992 2317; x_wconf 85' lang='grc' dir='ltr'>γυναῖκα</span> <span class='ocrx_word' id='word_1_366' title='bbox 3017 2245 3190 2316; x_wconf 80' lang='grc' dir='ltr'>αὐτὴν</span> <span class='ocrx_word' id='word_1_367' title='bbox 3208 2241 3523 2314; x_wconf 79' lang='grc' dir='ltr'>ὠνόμαζεν,</span> <span class='ocrx_word' id='word_1_368' title='bbox 3552 2241 3711 2308; x_wconf 81' lang='grc' dir='ltr'>ἀναγο</span> 
     </span>
    </p>
   </div>
   <div class='ocr_carea' id='block_1_52' title="bbox 2124 2332 3709 2410">
    <p class='ocr_par' dir='ltr' id='par_1_52' title="bbox 2124 2332 3709 2410">
     <span class='ocr_line' id='line_1_52' title="bbox 2124 2332 3709 2410; baseline -0.008 -13"><span class='ocrx_word' id='word_1_369' title='bbox 2124 2343 2296 2407; x_wconf 86' lang='grc' dir='ltr'>καίως</span> <span class='ocrx_word' id='word_1_370' title='bbox 2328 2343 2423 2396; x_wconf 73' lang='grc' dir='ltr'><strong>καὶ</strong></span> <span class='ocrx_word' id='word_1_371' title='bbox 2471 2343 2532 2397; x_wconf 79' lang='grc' dir='ltr'>τὸ</span> <span class='ocrx_word' id='word_1_372' title='bbox 2570 2340 2666 2396; x_wconf 80' lang='grc' dir='ltr'>τοῦ</span> <span class='ocrx_word' id='word_1_373' title='bbox 2703 2339 2888 2410; x_wconf 74' lang='grc' dir='ltr'>ζήλου</span> <span class='ocrx_word' id='word_1_374' title='bbox 2931 2341 3046 2404; x_wconf 76' lang='grc' dir='ltr'>τοῖς</span> <span class='ocrx_word' id='word_1_375' title='bbox 3093 2339 3273 2406; x_wconf 88' lang='grc' dir='ltr'>λόγοις</span> <span class='ocrx_word' id='word_1_376' title='bbox 3323 2332 3709 2405; x_wconf 81' lang='grc' dir='ltr'>προστέθεικεν</span> 
     </span>
    </p>
   </div>
   <div class='ocr_carea' id='block_1_53' title="bbox 2122 2424 3708 2506">
    <p class='ocr_par' dir='ltr' id='par_1_53' title="bbox 2122 2424 3708 2506">
     <span class='ocr_line' id='line_1_53' title="bbox 2122 2424 3708 2506; baseline -0.009 -17"><span class='ocrx_word' id='word_1_377' title='bbox 2122 2435 2314 2506; x_wconf 78' lang='grc' dir='ltr'>ινομα.</span> <span class='ocrx_word' id='word_1_378' title='bbox 2343 2433 2502 2488; x_wconf 79' lang='grc' dir='ltr'>Οὓτω</span> <span class='ocrx_word' id='word_1_379' title='bbox 2517 2434 2625 2506; x_wconf 83' lang='grc' dir='ltr'>γὰρ</span> <span class='ocrx_word' id='word_1_380' title='bbox 2653 2434 2749 2488; x_wconf 81' lang='grc' dir='ltr'>καὶ</span> <span class='ocrx_word' id='word_1_381' title='bbox 2775 2432 2981 2502; x_wconf 80' lang='grc' dir='ltr'>ταύτης</span> <span class='ocrx_word' id='word_1_382' title='bbox 3003 2429 3308 2502; x_wconf 82' lang='grc' dir='ltr'>ἀρξάμενος</span> <span class='ocrx_word' id='word_1_383' title='bbox 3327 2424 3526 2479; x_wconf 73' lang='grc' dir='ltr'>ἑαυτὸν</span> <span class='ocrx_word' id='word_1_384' title='bbox 3550 2439 3708 2493; x_wconf 56' lang='lat' dir='ltr'><strong>«pose</strong></span> 
     </span>
    </p>
   </div>
   <div class='ocr_carea' id='block_1_54' title="bbox 2124 2513 3706 2599">
    <p class='ocr_par' dir='ltr' id='par_1_54' title="bbox 2124 2513 3706 2599">
     <span class='ocr_line' id='line_1_54' title="bbox 2124 2513 3706 2599; baseline -0.009 -19"><span class='ocrx_word' id='word_1_385' title='bbox 2124 2527 2460 2599; x_wconf 75' lang='grc' dir='ltr'>ηγόρευσενο</span> <span class='ocrx_word' id='word_1_386' title='bbox 2499 2544 2518 2576; x_wconf 86' lang='grc' dir='ltr'><strong>ι</strong></span> <span class='ocrx_word' id='word_1_387' title='bbox 2567 2524 2709 2594; x_wconf 84' lang='grc' dir='ltr'><strong>Ἐγώ</strong></span> <span class='ocrx_word' id='word_1_388' title='bbox 2741 2525 2893 2595; x_wconf 85' lang='grc' dir='ltr'>είμι,</span> <span class='ocrx_word' id='word_1_389' title='bbox 2939 2520 3214 2590; x_wconf 64' lang='grc' dir='ltr'>λέγωνκ,</span> <span class='ocrx_word' id='word_1_390' title='bbox 3248 2517 3462 2587; x_wconf 82' lang='grc' dir='ltr'>Κύριος</span> <span class='ocrx_word' id='word_1_391' title='bbox 3511 2517 3541 2568; x_wconf 80' lang='grc' dir='ltr'><strong>ὁ</strong></span> <span class='ocrx_word' id='word_1_392' title='bbox 3585 2513 3706 2576; x_wconf 68' lang='lat'><strong>8:6;</strong></span> 
     </span>
    </p>
   </div>
   <div class='ocr_carea' id='block_1_55' title="bbox 2124 2601 3706 2682">
    <p class='ocr_par' dir='ltr' id='par_1_55' title="bbox 2124 2601 3706 2682">
     <span class='ocr_line' id='line_1_55' title="bbox 2124 2601 3706 2682; baseline -0.008 -15"><span class='ocrx_word' id='word_1_393' title='bbox 2124 2631 2242 2677; x_wconf 88' lang='grc' dir='ltr'>σου,</span> <span class='ocrx_word' id='word_1_394' title='bbox 2279 2615 2306 2668; x_wconf 86' lang='grc' dir='ltr'>ὁ</span> <span class='ocrx_word' id='word_1_395' title='bbox 2360 2612 2492 2675; x_wconf 81' lang='grc' dir='ltr'>Θεὸς</span> <span class='ocrx_word' id='word_1_396' title='bbox 2537 2611 2805 2682; x_wconf 85' lang='grc' dir='ltr'>ζηλωτὴς,</span> <span class='ocrx_word' id='word_1_397' title='bbox 2863 2609 2977 2680; x_wconf 80' lang='grc' dir='ltr'>πῦρ</span> <span class='ocrx_word' id='word_1_398' title='bbox 3011 2606 3438 2663; x_wconf 81' lang='grc' dir='ltr'>καταναλίσκον.</span> <span class='ocrx_word' id='word_1_399' title='bbox 3474 2623 3495 2656; x_wconf 75' lang='grc' dir='ltr'><strong>ι</strong></span> <span class='ocrx_word' id='word_1_400' title='bbox 3558 2601 3706 2656; x_wconf 71' lang='grc' dir='ltr'>Οὕτω</span> 
     </span>
    </p>
   </div>
   <div class='ocr_carea' id='block_1_56' title="bbox 2121 2692 3705 2776">
    <p class='ocr_par' dir='ltr' id='par_1_56' title="bbox 2121 2692 3705 2776">
     <span class='ocr_line' id='line_1_56' title="bbox 2121 2692 3705 2776; baseline -0.008 -16"><span class='ocrx_word' id='word_1_401' title='bbox 2121 2707 2304 2773; x_wconf 83' lang='grc' dir='ltr'>δείξας</span> <span class='ocrx_word' id='word_1_402' title='bbox 2331 2705 2429 2776; x_wconf 80' lang='grc' dir='ltr'>τῆς</span> <span class='ocrx_word' id='word_1_403' title='bbox 2457 2703 2629 2775; x_wconf 81' lang='grc' dir='ltr'>ὀργῆς</span> <span class='ocrx_word' id='word_1_404' title='bbox 2659 2703 2758 2775; x_wconf 81' lang='grc' dir='ltr'>τὴν</span> <span class='ocrx_word' id='word_1_405' title='bbox 2799 2703 3001 2770; x_wconf 84' lang='grc' dir='ltr'>αἰτίαν,</span> <span class='ocrx_word' id='word_1_406' title='bbox 3046 2701 3389 2770; x_wconf 84' lang='grc' dir='ltr'>ὑπισχνεῖται</span> <span class='ocrx_word' id='word_1_407' title='bbox 3423 2697 3615 2750; x_wconf 74' lang='grc' dir='ltr'>λοιπὸν</span> <span class='ocrx_word' id='word_1_408' title='bbox 3643 2692 3705 2748; x_wconf 71' lang='grc' dir='ltr'><strong>τά</strong></span> 
     </span>
    </p>
   </div>
   <div class='ocr_carea' id='block_1_57' title="bbox 2122 2797 2324 2854">
    <p class='ocr_par' dir='ltr' id='par_1_57' title="bbox 2122 2797 2324 2854">
     <span class='ocr_line' id='line_1_57' title="bbox 2122 2797 2324 2854; baseline 0.015 -3"><span class='ocrx_word' id='word_1_409' title='bbox 2122 2797 2324 2854; x_wconf 82' lang='grc' dir='ltr'>ἀγαθά.</span> 
     </span>
    </p>
   </div>
   <div class='ocr_carea' id='block_1_58' title="bbox 2160 2813 3699 2957">
    <p class='ocr_par' dir='ltr' id='par_1_58' title="bbox 2160 2813 3699 2957">
     <span class='ocr_line' id='line_1_58' title="bbox 2160 2813 3699 2957; baseline -0.01 -15"><span class='ocrx_word' id='word_1_410' title='bbox 2160 2813 2324 2956; x_wconf 47' lang='grc' dir='ltr'>γᾷῑίαί</span> <span class='ocrx_word' id='word_1_411' title='bbox 2360 2886 2500 2941; x_wconf 81' lang='grc' dir='ltr'>τάδε</span> <span class='ocrx_word' id='word_1_412' title='bbox 2542 2885 2690 2954; x_wconf 80' lang='grc' dir='ltr'>λέγει</span> <span class='ocrx_word' id='word_1_413' title='bbox 2736 2885 2972 2957; x_wconf 85' lang='grc' dir='ltr'>Κύριος·</span> <span class='ocrx_word' id='word_1_414' title='bbox 3029 2879 3374 2952; x_wconf 75' lang='grc' dir='ltr'>Ἐπιστρέψω</span> <span class='ocrx_word' id='word_1_415' title='bbox 3405 2878 3501 2931; x_wconf 73' lang='grc' dir='ltr'>ἐπὶ</span> <span class='ocrx_word' id='word_1_416' title='bbox 3547 2877 3699 2940; x_wconf 80' lang='grc' dir='ltr'>Σιὼν,</span> 
     </span>
    </p>
   </div>
   <div class='ocr_carea' id='block_1_59' title="bbox 2121 2969 3702 3050">
    <p class='ocr_par' dir='ltr' id='par_1_59' title="bbox 2121 2969 3702 3050">
     <span class='ocr_line' id='line_1_59' title="bbox 2121 2969 3702 3050; baseline -0.008 -16"><span class='ocrx_word' id='word_1_417' title='bbox 2121 2980 2218 3034; x_wconf 75' lang='grc' dir='ltr'>καὶ</span> <span class='ocrx_word' id='word_1_418' title='bbox 2249 2981 2565 3050; x_wconf 87' lang='grc' dir='ltr'>κατοικήσω</span> <span class='ocrx_word' id='word_1_419' title='bbox 2583 2978 2626 3011; x_wconf 70' lang='grc'><strong>³⁸</strong></span> <span class='ocrx_word' id='word_1_420' title='bbox 2657 2979 2716 3031; x_wconf 87' lang='grc' dir='ltr'><strong>ἐν</strong></span> <span class='ocrx_word' id='word_1_421' title='bbox 2761 2977 2911 3049; x_wconf 84' lang='grc' dir='ltr'>μέσῳ</span> <span class='ocrx_word' id='word_1_422' title='bbox 2961 2974 3341 3046; x_wconf 78' lang='grc' dir='ltr'>Ἰερουσαλὴμ,</span> <span class='ocrx_word' id='word_1_423' title='bbox 3375 2970 3472 3025; x_wconf 67' lang='grc' dir='ltr'><strong>καὶ</strong></span> <span class='ocrx_word' id='word_1_424' title='bbox 3503 2969 3702 3040; x_wconf 84' lang='grc' dir='ltr'>κληθή-</span> 
     </span>
    </p>
   </div>
   <div class='ocr_carea' id='block_1_60' title="bbox 2124 3063 3700 3143">
    <p class='ocr_par' dir='ltr' id='par_1_60' title="bbox 2124 3063 3700 3143">
     <span class='ocr_line' id='line_1_60' title="bbox 2124 3063 3700 3143; baseline -0.008 -17"><span class='ocrx_word' id='word_1_425' title='bbox 2124 3089 2276 3128; x_wconf 88' lang='grc' dir='ltr'>σεται</span> <span class='ocrx_word' id='word_1_426' title='bbox 2318 3070 2678 3143; x_wconf 82' lang='grc' dir='ltr'>Ἰερουσαλὴμ</span> <span class='ocrx_word' id='word_1_427' title='bbox 2719 3069 2876 3133; x_wconf 82' lang='grc' dir='ltr'>πόλις</span> <span class='ocrx_word' id='word_1_428' title='bbox 2923 3068 3172 3139; x_wconf 78' lang='grc' dir='ltr'>ἀληθινὴ,</span> <span class='ocrx_word' id='word_1_429' title='bbox 3215 3067 3310 3120; x_wconf 68' lang='grc' dir='ltr'>καὶ</span> <span class='ocrx_word' id='word_1_430' title='bbox 3346 3064 3410 3118; x_wconf 80' lang='grc' dir='ltr'><strong>τὸ</strong></span> <span class='ocrx_word' id='word_1_431' title='bbox 3439 3063 3568 3134; x_wconf 76' lang='grc' dir='ltr'>ὅρος</span> <span class='ocrx_word' id='word_1_432' title='bbox 3598 3063 3700 3116; x_wconf 71' lang='grc' dir='ltr'><strong>Κυ-</strong></span> 
     </span>
    </p>
   </div>
   <div class='ocr_carea' id='block_1_61' title="bbox 439 3153 2018 3247">
    <p class='ocr_par' dir='ltr' id='par_1_61' title="bbox 439 3161 2016 3247">
     <span class='ocr_line' id='line_1_61' title="bbox 439 3161 2016 3247; baseline 0.011 -34"><span class='ocrx_word' id='word_1_433' title='bbox 439 3161 574 3216; x_wconf 86' lang='lat' dir='ltr'><strong>mini</strong></span> <span class='ocrx_word' id='word_1_434' title='bbox 606 3163 1034 3232; x_wconf 87' lang='lat' dir='ltr'><strong>omnipotentis,</strong></span> <span class='ocrx_word' id='word_1_435' title='bbox 1085 3179 1247 3222; x_wconf 91' lang='lat' dir='ltr'><strong>mons</strong></span> <span class='ocrx_word' id='word_1_436' title='bbox 1295 3178 1548 3226; x_wconf 91' lang='lat' dir='ltr'><strong>sanctus.</strong></span> <span class='ocrx_word' id='word_1_437' title='bbox 1593 3189 1612 3224; x_wconf 74' lang='grc' dir='ltr'><strong>ι</strong></span> <span class='ocrx_word' id='word_1_438' title='bbox 1657 3170 1786 3229; x_wconf 72' lang='lat' dir='ltr'><strong>Haec</strong></span> <span class='ocrx_word' id='word_1_439' title='bbox 1835 3175 2016 3247; x_wconf 80' lang='lat' dir='ltr'><strong>typice</strong></span> 
     </span>
    </p>
   </div>
   <div class='ocr_carea' id='block_1_62' title="bbox 2128 3153 3700 3247">
    <p class='ocr_par' dir='ltr' id='par_1_62' title="bbox 2128 3153 3700 3247">
     <span class='ocr_line' id='line_1_62' title="bbox 2128 3153 3700 3247; baseline -0.007 -31"><span class='ocrx_word' id='word_1_440' title='bbox 2128 3162 2240 3235; x_wconf 83' lang='grc' dir='ltr'>ρίου</span> <span class='ocrx_word' id='word_1_441' title='bbox 2294 3160 2754 3233; x_wconf 81' lang='grc' dir='ltr'>παντοκράτορος,</span> <span class='ocrx_word' id='word_1_442' title='bbox 2791 3161 2914 3233; x_wconf 80' lang='grc' dir='ltr'>ὄρος</span> <span class='ocrx_word' id='word_1_443' title='bbox 2959 3159 3136 3227; x_wconf 77' lang='grc' dir='ltr'>ἅγιον.</span> <span class='ocrx_word' id='word_1_444' title='bbox 3173 3177 3192 3212; x_wconf 85' lang='grc'>›</span> <span class='ocrx_word' id='word_1_445' title='bbox 3228 3155 3416 3210; x_wconf 79' lang='grc' dir='ltr'>Ταῦτα</span> <span class='ocrx_word' id='word_1_446' title='bbox 3458 3153 3700 3247; x_wconf 61' lang='grc' dir='ltr'>τυπικιῖις</span> 
     </span>
    </p>
   </div>
   <div class='ocr_carea' id='block_1_63' title="bbox 439 3245 2018 3341">
    <p class='ocr_par' dir='ltr' id='par_1_63' title="bbox 439 3245 2016 3341">
     <span class='ocr_line' id='line_1_63' title="bbox 439 3245 2016 3341; baseline 0.011 -34"><span class='ocrx_word' id='word_1_447' title='bbox 439 3259 565 3323; x_wconf 85' lang='lat' dir='ltr'><strong>post</strong></span> <span class='ocrx_word' id='word_1_448' title='bbox 604 3253 958 3312; x_wconf 81' lang='lat' dir='ltr'><strong>Zorobabelis</strong></span> <span class='ocrx_word' id='word_1_449' title='bbox 1003 3255 1424 3317; x_wconf 69' lang='lat' dir='ltr'><strong>aediﬁcationem</strong></span> <span class='ocrx_word' id='word_1_450' title='bbox 1475 3263 1620 3319; x_wconf 81' lang='lat' dir='ltr'><strong>facta</strong></span> <span class='ocrx_word' id='word_1_451' title='bbox 1661 3273 1822 3336; x_wconf 90' lang='lat' dir='ltr'><strong>sunt;</strong></span> <span class='ocrx_word' id='word_1_452' title='bbox 1865 3245 2016 3341; x_wconf 84' lang='lat' dir='ltr'><strong>post</strong></span> 
     </span>
    </p>
   </div>
   <div class='ocr_carea' id='block_1_64' title="bbox 2128 3245 3699 3341">
    <p class='ocr_par' dir='ltr' id='par_1_64' title="bbox 2128 3245 3699 3341">
     <span class='ocr_line' id='line_1_64' title="bbox 2128 3245 3699 3341; baseline -0.004 -35"><span class='ocrx_word' id='word_1_453' title='bbox 2128 3255 2261 3327; x_wconf 76' lang='grc' dir='ltr'>μετὰ</span> <span class='ocrx_word' id='word_1_454' title='bbox 2291 3252 2390 3324; x_wconf 83' lang='grc' dir='ltr'>τὴν</span> <span class='ocrx_word' id='word_1_455' title='bbox 2439 3251 2743 3325; x_wconf 85' lang='grc' dir='ltr'>Ζοροϐάϐελ</span> <span class='ocrx_word' id='word_1_456' title='bbox 2767 3252 2811 3285; x_wconf 76' lang='grc'><strong>³⁸</strong></span> <span class='ocrx_word' id='word_1_457' title='bbox 2861 3249 3169 3321; x_wconf 82' lang='grc' dir='ltr'>οἰκοδομίαν</span> <span class='ocrx_word' id='word_1_458' title='bbox 3221 3248 3444 3341; x_wconf 80' lang='grc' dir='ltr'>ἐγένετο</span> <span class='ocrx_word' id='word_1_459' title='bbox 3464 3265 3477 3278; x_wconf 88' lang='grc'><strong>·</strong></span> <span class='ocrx_word' id='word_1_460' title='bbox 3512 3247 3615 3341; x_wconf 63' lang='grc' dir='ltr'>τὴν</span> <span class='ocrx_word' id='word_1_461' title='bbox 3647 3245 3699 3300; x_wconf 72' lang='grc' dir='ltr'>δὲ</span> 
     </span>
    </p>
   </div>
   <div class='ocr_carea' id='block_1_65' title="bbox 438 3344 2014 3417">
    <p class='ocr_par' dir='ltr' id='par_1_65' title="bbox 438 3344 2014 3417">
     <span class='ocr_line' id='line_1_65' title="bbox 438 3344 2014 3417; baseline 0.013 -20"><span class='ocrx_word' id='word_1_462' title='bbox 438 3344 882 3401; x_wconf 76' lang='lat' dir='ltr'><strong>incarnationem</strong></span> <span class='ocrx_word' id='word_1_463' title='bbox 934 3355 1116 3404; x_wconf 84' lang='lat' dir='ltr'><strong>autem</strong></span> <span class='ocrx_word' id='word_1_464' title='bbox 1153 3349 1459 3410; x_wconf 82' lang='lat' dir='ltr'><strong>Salvatoris</strong></span> <span class='ocrx_word' id='word_1_465' title='bbox 1495 3357 1675 3412; x_wconf 90' lang='lat' dir='ltr'><strong>nostri</strong></span> <span class='ocrx_word' id='word_1_466' title='bbox 1725 3360 2014 3417; x_wconf 81' lang='lat' dir='ltr'><strong>veritatem</strong></span> 
     </span>
    </p>
   </div>
   <div class='ocr_carea' id='block_1_66' title="bbox 439 3435 2016 3522">
    <p class='ocr_par' dir='ltr' id='par_1_66' title="bbox 439 3435 2016 3522">
     <span class='ocr_line' id='line_1_66' title="bbox 439 3435 2016 3522; baseline 0.015 -36"><span class='ocrx_word' id='word_1_467' title='bbox 439 3435 741 3506; x_wconf 68' lang='lat' dir='ltr'><strong>prophetiae</strong></span> <span class='ocrx_word' id='word_1_468' title='bbox 769 3436 1025 3494; x_wconf 83' lang='lat' dir='ltr'><strong>viderunt</strong></span> <span class='ocrx_word' id='word_1_469' title='bbox 1052 3455 1267 3500; x_wconf 87' lang='lat' dir='ltr'><strong>omnes.</strong></span> <span class='ocrx_word' id='word_1_470' title='bbox 1316 3445 1396 3501; x_wconf 84' lang='lat' dir='ltr'><strong>Ad</strong></span> <span class='ocrx_word' id='word_1_471' title='bbox 1451 3447 1566 3504; x_wconf 64' lang='lat' dir='ltr'><strong>haec</strong></span> <span class='ocrx_word' id='word_1_472' title='bbox 1624 3451 1898 3522; x_wconf 89' lang='lat' dir='ltr'><strong>promittit</strong></span> <span class='ocrx_word' id='word_1_473' title='bbox 1954 3469 2016 3510; x_wconf 92' lang='lat' dir='ltr'><strong>se</strong></span> 
     </span>
    </p>
   </div>
   <div class='ocr_carea' id='block_1_67' title="bbox 438 3527 2012 3615">
    <p class='ocr_par' dir='ltr' id='par_1_67' title="bbox 438 3527 2012 3615">
     <span class='ocr_line' id='line_1_67' title="bbox 438 3527 2012 3615; baseline 0.013 -35"><span class='ocrx_word' id='word_1_474' title='bbox 438 3527 562 3581; x_wconf 84' lang='lat' dir='ltr'><strong>urbi</strong></span> <span class='ocrx_word' id='word_1_475' title='bbox 633 3535 689 3582; x_wconf 89' lang='lat' dir='ltr'><strong>et</strong></span> <span class='ocrx_word' id='word_1_476' title='bbox 751 3529 1159 3601; x_wconf 67' lang='lat' dir='ltr'><strong>multitudinem</strong></span> <span class='ocrx_word' id='word_1_477' title='bbox 1240 3536 1546 3595; x_wconf 87' lang='lat' dir='ltr'><strong>incolarum</strong></span> <span class='ocrx_word' id='word_1_478' title='bbox 1603 3544 2012 3615; x_wconf 73' lang='lat' dir='ltr'><strong>praebiturum,</strong></span> 
     </span>
    </p>
   </div>
   <div class='ocr_carea' id='block_1_68' title="bbox 441 3617 2010 3705">
    <p class='ocr_par' dir='ltr' id='par_1_68' title="bbox 441 3617 2010 3705">
     <span class='ocr_line' id='line_1_68' title="bbox 441 3617 2010 3705; baseline 0.014 -33"><span class='ocrx_word' id='word_1_479' title='bbox 441 3617 657 3689; x_wconf 72' lang='lat'><strong>1626</strong></span> <span class='ocrx_word' id='word_1_480' title='bbox 679 3625 734 3673; x_wconf 90' lang='lat' dir='ltr'><strong>et</strong></span> <span class='ocrx_word' id='word_1_481' title='bbox 757 3619 881 3678; x_wconf 92' lang='lat' dir='ltr'><strong>illos</strong></span> <span class='ocrx_word' id='word_1_482' title='bbox 914 3623 981 3678; x_wconf 88' lang='lat' dir='ltr'><strong>ad</strong></span> <span class='ocrx_word' id='word_1_483' title='bbox 1003 3636 1318 3694; x_wconf 79' lang='lat' dir='ltr'><strong>provectam</strong></span> <span class='ocrx_word' id='word_1_484' title='bbox 1349 3637 1566 3689; x_wconf 81' lang='lat' dir='ltr'><strong>aetatem</strong></span> <span class='ocrx_word' id='word_1_485' title='bbox 1594 3635 2010 3705; x_wconf 87' lang='lat' dir='ltr'><strong>perducturum,</strong></span> 
     </span>
    </p>
   </div>
   <div class='ocr_carea' id='block_1_69' title="bbox 435 3713 2011 3796">
    <p class='ocr_par' dir='ltr' id='par_1_69' title="bbox 435 3713 2011 3796">
     <span class='ocr_line' id='line_1_69' title="bbox 435 3713 2011 3796; baseline 0.014 -31"><span class='ocrx_word' id='word_1_486' title='bbox 435 3715 513 3766; x_wconf 88' lang='lat' dir='ltr'><strong>ita</strong></span> <span class='ocrx_word' id='word_1_487' title='bbox 537 3721 596 3767; x_wconf 90' lang='lat' dir='ltr'><strong>ut</strong></span> <span class='ocrx_word' id='word_1_488' title='bbox 625 3713 837 3773; x_wconf 86' lang='lat' dir='ltr'><strong>baculis</strong></span> <span class='ocrx_word' id='word_1_489' title='bbox 871 3718 1047 3776; x_wconf 87' lang='lat' dir='ltr'><strong>innixi</strong></span> <span class='ocrx_word' id='word_1_490' title='bbox 1078 3739 1177 3794; x_wconf 91' lang='lat' dir='ltr'><strong>per</strong></span> <span class='ocrx_word' id='word_1_491' title='bbox 1199 3723 1376 3782; x_wconf 82' lang='lat' dir='ltr'><strong>forum</strong></span> <span class='ocrx_word' id='word_1_492' title='bbox 1412 3728 1703 3796; x_wconf 87' lang='lat' dir='ltr'><strong>incedant,</strong></span> <span class='ocrx_word' id='word_1_493' title='bbox 1737 3739 1790 3787; x_wconf 91' lang='lat' dir='ltr'><strong>et</strong></span> <span class='ocrx_word' id='word_1_494' title='bbox 1820 3731 1876 3786; x_wconf 89' lang='lat' dir='ltr'><strong>in</strong></span> <span class='ocrx_word' id='word_1_495' title='bbox 1919 3747 2011 3787; x_wconf 92' lang='lat' dir='ltr'><strong>so-</strong></span> 
     </span>
    </p>
   </div>
   <div class='ocr_carea' id='block_1_70' title="bbox 435 3805 2012 3893">
    <p class='ocr_par' dir='ltr' id='par_1_70' title="bbox 435 3805 2012 3893">
     <span class='ocr_line' id='line_1_70' title="bbox 435 3805 2012 3893; baseline 0.013 -34"><span class='ocrx_word' id='word_1_496' title='bbox 435 3805 550 3863; x_wconf 85' lang='lat' dir='ltr'><strong>lit-is</strong></span> <span class='ocrx_word' id='word_1_497' title='bbox 597 3813 959 3869; x_wconf 79' lang='lat' dir='ltr'><strong>conventibus</strong></span> <span class='ocrx_word' id='word_1_498' title='bbox 1007 3817 1313 3884; x_wconf 86' lang='lat' dir='ltr'><strong>assideant,</strong></span> <span class='ocrx_word' id='word_1_499' title='bbox 1344 3829 1398 3874; x_wconf 84' lang='lat' dir='ltr'><strong>et</strong></span> <span class='ocrx_word' id='word_1_500' title='bbox 1448 3824 1634 3893; x_wconf 86' lang='lat' dir='ltr'><strong>pueris</strong></span> <span class='ocrx_word' id='word_1_501' title='bbox 1693 3823 2012 3880; x_wconf 91' lang='lat' dir='ltr'><strong>ludentibus</strong></span> 
     </span>
    </p>
   </div>
   <div class='ocr_carea' id='block_1_71' title="bbox 434 3893 2011 3976">
    <p class='ocr_par' dir='ltr' id='par_1_71' title="bbox 434 3893 2011 3976">
     <span class='ocr_line' id='line_1_71' title="bbox 434 3893 2011 3976; baseline 0.011 -26"><span class='ocrx_word' id='word_1_502' title='bbox 434 3893 627 3964; x_wconf 74' lang='lat' dir='ltr'><strong>plateae</strong></span> <span class='ocrx_word' id='word_1_503' title='bbox 668 3898 996 3968; x_wconf 88' lang='lat' dir='ltr'><strong>redundent,</strong></span> <span class='ocrx_word' id='word_1_504' title='bbox 1029 3907 1177 3976; x_wconf 87' lang='lat' dir='ltr'><strong>quod</strong></span> <span class='ocrx_word' id='word_1_505' title='bbox 1235 3909 1290 3964; x_wconf 92' lang='lat' dir='ltr'><strong>in</strong></span> <span class='ocrx_word' id='word_1_506' title='bbox 1345 3912 1573 3968; x_wconf 89' lang='lat' dir='ltr'><strong>urbibus</strong></span> <span class='ocrx_word' id='word_1_507' title='bbox 1637 3914 2011 3970; x_wconf 88' lang='lat' dir='ltr'><strong>celeberrimis</strong></span> 
     </span>
    </p>
   </div>
   <div class='ocr_carea' id='block_1_72' title="bbox 434 3985 1794 4066">
    <p class='ocr_par' dir='ltr' id='par_1_72' title="bbox 434 3985 1794 4066">
     <span class='ocr_line' id='line_1_72' title="bbox 434 3985 1794 4066; baseline 0.013 -26"><span class='ocrx_word' id='word_1_508' title='bbox 434 3985 555 4042; x_wconf 79' lang='lat' dir='ltr'><strong>ﬁeri</strong></span> <span class='ocrx_word' id='word_1_509' title='bbox 587 3989 747 4047; x_wconf 88' lang='lat' dir='ltr'><strong>solet.</strong></span> <span class='ocrx_word' id='word_1_510' title='bbox 775 3991 892 4049; x_wconf 85' lang='lat' dir='ltr'><strong>Hoc</strong></span> <span class='ocrx_word' id='word_1_511' title='bbox 919 3995 1066 4052; x_wconf 91' lang='lat' dir='ltr'><strong>enim</strong></span> <span class='ocrx_word' id='word_1_512' title='bbox 1091 3998 1414 4066; x_wconf 84' lang='lat' dir='ltr'><strong>declaravit,</strong></span> <span class='ocrx_word' id='word_1_513' title='bbox 1446 4017 1570 4056; x_wconf 90' lang='lat' dir='ltr'><strong>eum</strong></span> <span class='ocrx_word' id='word_1_514' title='bbox 1607 4003 1747 4058; x_wconf 83' lang='lat' dir='ltr'><strong>dixit</strong></span> <span class='ocrx_word' id='word_1_515' title='bbox 1782 4024 1794 4058; x_wconf 88' lang='lat'><strong>:</strong></span> 
     </span>
    </p>
   </div>
   <div class='ocr_carea' id='block_1_73' title="bbox 504 4160 2010 4233">
    <p class='ocr_par' dir='ltr' id='par_1_73' title="bbox 504 4160 2010 4233">
     <span class='ocr_line' id='line_1_73' title="bbox 504 4160 2010 4233; baseline 0.01 -15"><span class='ocrx_word' id='word_1_516' title='bbox 504 4160 672 4222; x_wconf 70' lang='lat' dir='ltr'><strong>Vens.</strong></span> <span class='ocrx_word' id='word_1_517' title='bbox 702 4165 760 4233; x_wconf 60' lang='grc' dir='ltr'>ὁ,</span> <span class='ocrx_word' id='word_1_518' title='bbox 793 4166 849 4222; x_wconf 80' lang='grc'>5.</span> <span class='ocrx_word' id='word_1_519' title='bbox 895 4186 914 4220; x_wconf 81' lang='grc' dir='ltr'><strong>ι</strong></span> <span class='ocrx_word' id='word_1_520' title='bbox 949 4168 1146 4230; x_wconf 81' lang='lat' dir='ltr'><strong>Adhuc</strong></span> <span class='ocrx_word' id='word_1_521' title='bbox 1176 4172 1445 4229; x_wconf 86' lang='lat' dir='ltr'><strong>sedebunt</strong></span> <span class='ocrx_word' id='word_1_522' title='bbox 1482 4189 1642 4231; x_wconf 89' lang='lat' dir='ltr'><strong>senes</strong></span> <span class='ocrx_word' id='word_1_523' title='bbox 1687 4183 1742 4232; x_wconf 86' lang='lat' dir='ltr'><strong>et</strong></span> <span class='ocrx_word' id='word_1_524' title='bbox 1776 4177 2010 4233; x_wconf 80' lang='lat' dir='ltr'><strong>aniculae</strong></span> 
     </span>
    </p>
   </div>
   <div class='ocr_carea' id='block_1_74' title="bbox 429 4257 2008 4342">
    <p class='ocr_par' dir='ltr' id='par_1_74' title="bbox 429 4257 2008 4342">
     <span class='ocr_line' id='line_1_74' title="bbox 429 4257 2008 4342; baseline 0.012 -31"><span class='ocrx_word' id='word_1_525' title='bbox 429 4257 485 4312; x_wconf 76' lang='lat' dir='ltr'><strong>in</strong></span> <span class='ocrx_word' id='word_1_526' title='bbox 547 4259 744 4329; x_wconf 84' lang='lat' dir='ltr'><strong>plateis</strong></span> <span class='ocrx_word' id='word_1_527' title='bbox 794 4261 1218 4339; x_wconf 73' lang='lat' dir='ltr'><strong>Hierosolyma,</strong></span> <span class='ocrx_word' id='word_1_528' title='bbox 1271 4271 1653 4342; x_wconf 88' lang='lat' dir='ltr'><strong>unusquisque</strong></span> <span class='ocrx_word' id='word_1_529' title='bbox 1717 4273 1774 4328; x_wconf 90' lang='lat' dir='ltr'><strong>in</strong></span> <span class='ocrx_word' id='word_1_530' title='bbox 1841 4288 2008 4329; x_wconf 89' lang='lat' dir='ltr'><strong>manu</strong></span> 
     </span>
    </p>
   </div>
   <div class='ocr_carea' id='block_1_75' title="bbox 431 4351 2004 4431">
    <p class='ocr_par' dir='ltr' id='par_1_75' title="bbox 431 4351 2004 4431">
     <span class='ocr_line' id='line_1_75' title="bbox 431 4351 2004 4431; baseline 0.011 -27"><span class='ocrx_word' id='word_1_531' title='bbox 431 4351 736 4422; x_wconf 86' lang='lat' dir='ltr'><strong>scipionem</strong></span> <span class='ocrx_word' id='word_1_532' title='bbox 761 4371 922 4412; x_wconf 86' lang='lat' dir='ltr'><strong>suum</strong></span> <span class='ocrx_word' id='word_1_533' title='bbox 955 4366 1150 4416; x_wconf 83' lang='lat' dir='ltr'><strong>tenens</strong></span> <span class='ocrx_word' id='word_1_534' title='bbox 1203 4377 1313 4431; x_wconf 66' lang='lat' dir='ltr'><strong>prae</strong></span> <span class='ocrx_word' id='word_1_535' title='bbox 1363 4363 1716 4420; x_wconf 86' lang='lat' dir='ltr'><strong>multitudine</strong></span> <span class='ocrx_word' id='word_1_536' title='bbox 1767 4366 2004 4422; x_wconf 88' lang='lat' dir='ltr'><strong>dierum.</strong></span> 
     </span>
    </p>
   </div>
   <div class='ocr_carea' id='block_1_76' title="bbox 429 4441 2002 4531">
    <p class='ocr_par' dir='ltr' id='par_1_76' title="bbox 429 4441 2002 4531">
     <span class='ocr_line' id='line_1_76' title="bbox 429 4441 2002 4531; baseline 0.016 -37"><span class='ocrx_word' id='word_1_537' title='bbox 429 4441 498 4496; x_wconf 77' lang='lat' dir='ltr'><strong>Et</strong></span> <span class='ocrx_word' id='word_1_538' title='bbox 546 4444 741 4513; x_wconf 74' lang='lat' dir='ltr'><strong>platea:</strong></span> <span class='ocrx_word' id='word_1_539' title='bbox 764 4447 1004 4505; x_wconf 87' lang='lat' dir='ltr'><strong>civitatis</strong></span> <span class='ocrx_word' id='word_1_540' title='bbox 1059 4453 1417 4521; x_wconf 87' lang='lat' dir='ltr'><strong>replebuntur</strong></span> <span class='ocrx_word' id='word_1_541' title='bbox 1455 4457 1642 4524; x_wconf 90' lang='lat' dir='ltr'><strong>pueris</strong></span> <span class='ocrx_word' id='word_1_542' title='bbox 1681 4467 1736 4514; x_wconf 91' lang='lat' dir='ltr'><strong>et</strong></span> <span class='ocrx_word' id='word_1_543' title='bbox 1776 4462 2002 4531; x_wconf 86' lang='lat' dir='ltr'><strong>puellis,</strong></span> 
     </span>
    </p>
   </div>
   <div class='ocr_carea' id='block_1_77' title="bbox 2117 3338 3698 3417">
    <p class='ocr_par' dir='ltr' id='par_1_77' title="bbox 2117 3338 3698 3417">
     <span class='ocr_line' id='line_1_77' title="bbox 2117 3338 3698 3417; baseline -0.005 -17"><span class='ocrx_word' id='word_1_544' title='bbox 2117 3345 2377 3417; x_wconf 87' lang='grc' dir='ltr'>ἀλήθειαν</span> <span class='ocrx_word' id='word_1_545' title='bbox 2424 3344 2526 3414; x_wconf 82' lang='grc' dir='ltr'>τῆς</span> <span class='ocrx_word' id='word_1_546' title='bbox 2577 3343 2917 3415; x_wconf 78' lang='grc' dir='ltr'>προφητείας</span> <span class='ocrx_word' id='word_1_547' title='bbox 2970 3343 3107 3414; x_wconf 83' lang='grc' dir='ltr'>μετὰ</span> <span class='ocrx_word' id='word_1_548' title='bbox 3154 3342 3254 3414; x_wconf 75' lang='grc' dir='ltr'>τὴν</span> <span class='ocrx_word' id='word_1_549' title='bbox 3303 3339 3396 3395; x_wconf 80' lang='grc' dir='ltr'>τοῦ</span> <span class='ocrx_word' id='word_1_550' title='bbox 3449 3338 3698 3410; x_wconf 75' lang='grc' dir='ltr'>Σωτῆρος</span> 
     </span>
    </p>
   </div>
   <div class='ocr_carea' id='block_1_78' title="bbox 2118 3429 3699 3509">
    <p class='ocr_par' dir='ltr' id='par_1_78' title="bbox 2118 3429 3699 3509">
     <span class='ocr_line' id='line_1_78' title="bbox 2118 3429 3699 3509; baseline -0.005 -19"><span class='ocrx_word' id='word_1_551' title='bbox 2118 3436 2275 3509; x_wconf 82' lang='grc' dir='ltr'>ήμῶν</span> <span class='ocrx_word' id='word_1_552' title='bbox 2307 3435 2719 3508; x_wconf 82' lang='grc' dir='ltr'>ἐνανθρώπησιν</span> <span class='ocrx_word' id='word_1_553' title='bbox 2752 3434 3048 3502; x_wconf 84' lang='grc' dir='ltr'>διέγνωσαν</span> <span class='ocrx_word' id='word_1_554' title='bbox 3077 3434 3340 3498; x_wconf 72' lang='grc' dir='ltr'>ἅπαντες.</span> <span class='ocrx_word' id='word_1_555' title='bbox 3392 3432 3545 3503; x_wconf 79' lang='grc' dir='ltr'>Πρὸς</span> <span class='ocrx_word' id='word_1_556' title='bbox 3583 3429 3699 3484; x_wconf 78' lang='grc' dir='ltr'>τούο</span> 
     </span>
    </p>
   </div>
   <div class='ocr_carea' id='block_1_79' title="bbox 2117 3523 3693 3598">
    <p class='ocr_par' dir='ltr' id='par_1_79' title="bbox 2117 3523 3693 3598">
     <span class='ocr_line' id='line_1_79' title="bbox 2117 3523 3693 3598; baseline -0.006 -16"><span class='ocrx_word' id='word_1_557' title='bbox 2117 3545 2232 3593; x_wconf 89' lang='grc' dir='ltr'>τοις</span> <span class='ocrx_word' id='word_1_558' title='bbox 2255 3529 2600 3598; x_wconf 85' lang='grc' dir='ltr'>ὑπισχνεῖται</span> <span class='ocrx_word' id='word_1_559' title='bbox 2635 3525 2731 3581; x_wconf 79' lang='grc' dir='ltr'>καὶ</span> <span class='ocrx_word' id='word_1_560' title='bbox 2762 3525 2964 3598; x_wconf 85' lang='grc' dir='ltr'>πλῆθος</span> <span class='ocrx_word' id='word_1_561' title='bbox 2999 3525 3300 3597; x_wconf 83' lang='grc' dir='ltr'>οἰκητόρων</span> <span class='ocrx_word' id='word_1_562' title='bbox 3339 3523 3604 3594; x_wconf 78' lang='grc' dir='ltr'>παρέξειν</span> <span class='ocrx_word' id='word_1_563' title='bbox 3633 3523 3693 3592; x_wconf 77' lang='grc' dir='ltr'>τῇ</span> 
     </span>
    </p>
   </div>
   <div class='ocr_carea' id='block_1_80' title="bbox 2118 3615 3697 3690">
    <p class='ocr_par' dir='ltr' id='par_1_80' title="bbox 2118 3615 3697 3690">
     <span class='ocr_line' id='line_1_80' title="bbox 2118 3615 3697 3690; baseline -0.003 -16"><span class='ocrx_word' id='word_1_564' title='bbox 2118 3620 2292 3685; x_wconf 84' lang='grc' dir='ltr'>πόλει,</span> <span class='ocrx_word' id='word_1_565' title='bbox 2339 3619 2435 3674; x_wconf 73' lang='grc' dir='ltr'><strong>καὶ</strong></span> <span class='ocrx_word' id='word_1_566' title='bbox 2463 3619 2544 3682; x_wconf 86' lang='grc' dir='ltr'><strong>είς</strong></span> <span class='ocrx_word' id='word_1_567' title='bbox 2566 3618 2743 3690; x_wconf 86' lang='grc' dir='ltr'>γῆρας</span> <span class='ocrx_word' id='word_1_568' title='bbox 2771 3618 2968 3681; x_wconf 82' lang='grc' dir='ltr'>αὐτοὺς</span> <span class='ocrx_word' id='word_1_569' title='bbox 2990 3618 3205 3670; x_wconf 80' lang='grc' dir='ltr'>ἐλάσειν</span> <span class='ocrx_word' id='word_1_570' title='bbox 3256 3616 3418 3687; x_wconf 82' lang='grc' dir='ltr'>βαθὺ,</span> <span class='ocrx_word' id='word_1_571' title='bbox 3441 3615 3587 3670; x_wconf 81' lang='grc' dir='ltr'>ὥστε</span> <span class='ocrx_word' id='word_1_572' title='bbox 3611 3616 3697 3670; x_wconf 70' lang='grc' dir='ltr'><strong>καὶ</strong></span> 
     </span>
    </p>
   </div>
   <div class='ocr_carea' id='block_1_81' title="bbox 2119 3705 3692 3783">
    <p class='ocr_par' dir='ltr' id='par_1_81' title="bbox 2119 3705 3692 3783">
     <span class='ocr_line' id='line_1_81' title="bbox 2119 3705 3692 3783; baseline -0.004 -18"><span class='ocrx_word' id='word_1_573' title='bbox 2119 3710 2446 3783; x_wconf 84' lang='grc' dir='ltr'>βακτηρίαις</span> <span class='ocrx_word' id='word_1_574' title='bbox 2481 3709 2954 3780; x_wconf 84' lang='grc' dir='ltr'>σκηριπτομένους</span> <span class='ocrx_word' id='word_1_575' title='bbox 2993 3708 3135 3762; x_wconf 79' lang='grc' dir='ltr'>κατὰ</span> <span class='ocrx_word' id='word_1_576' title='bbox 3163 3707 3264 3773; x_wconf 80' lang='grc' dir='ltr'>τὴν</span> <span class='ocrx_word' id='word_1_577' title='bbox 3297 3707 3511 3779; x_wconf 76' lang='grc' dir='ltr'>ἀγοράν</span> <span class='ocrx_word' id='word_1_578' title='bbox 3543 3705 3692 3769; x_wconf 84' lang='grc' dir='ltr'>ίὲναι,</span> 
     </span>
    </p>
   </div>
   <div class='ocr_carea' id='block_1_82' title="bbox 2115 3800 3694 3873">
    <p class='ocr_par' dir='ltr' id='par_1_82' title="bbox 2115 3800 3694 3873">
     <span class='ocr_line' id='line_1_82' title="bbox 2115 3800 3694 3873; baseline -0.004 -14"><span class='ocrx_word' id='word_1_579' title='bbox 2115 3805 2210 3858; x_wconf 75' lang='grc' dir='ltr'>καὶ</span> <span class='ocrx_word' id='word_1_580' title='bbox 2246 3807 2306 3858; x_wconf 85' lang='grc' dir='ltr'><strong>ἐν</strong></span> <span class='ocrx_word' id='word_1_581' title='bbox 2335 3806 2447 3866; x_wconf 86' lang='grc' dir='ltr'>τοῖς</span> <span class='ocrx_word' id='word_1_582' title='bbox 2495 3801 2748 3873; x_wconf 88' lang='grc' dir='ltr'>συνήθεσι</span> <span class='ocrx_word' id='word_1_583' title='bbox 2782 3801 3060 3869; x_wconf 79' lang='grc' dir='ltr'>συλλόγοις</span> <span class='ocrx_word' id='word_1_584' title='bbox 3091 3800 3385 3871; x_wconf 83' lang='grc' dir='ltr'>καθῆσθαι,</span> <span class='ocrx_word' id='word_1_585' title='bbox 3435 3801 3533 3854; x_wconf 80' lang='grc' dir='ltr'><strong>καὶ</strong></span> <span class='ocrx_word' id='word_1_586' title='bbox 3581 3816 3694 3871; x_wconf 85' lang='grc' dir='ltr'>μει-</span> 
     </span>
    </p>
   </div>
   <div class='ocr_carea' id='block_1_83' title="bbox 2120 3893 3695 3968">
    <p class='ocr_par' dir='ltr' id='par_1_83' title="bbox 2120 3893 3695 3968">
     <span class='ocr_line' id='line_1_83' title="bbox 2120 3893 3695 3968; baseline -0.004 -16"><span class='ocrx_word' id='word_1_587' title='bbox 2120 3898 2328 3968; x_wconf 84' lang='grc' dir='ltr'>ρακίων</span> <span class='ocrx_word' id='word_1_588' title='bbox 2376 3895 2681 3962; x_wconf 81' lang='grc' dir='ltr'>παιζόντων</span> <span class='ocrx_word' id='word_1_589' title='bbox 2714 3894 3050 3967; x_wconf 81' lang='grc' dir='ltr'>πληροῦσθαι</span> <span class='ocrx_word' id='word_1_590' title='bbox 3085 3895 3184 3958; x_wconf 75' lang='grc' dir='ltr'><strong>τάς</strong></span> <span class='ocrx_word' id='word_1_591' title='bbox 3229 3895 3450 3964; x_wconf 76' lang='grc' dir='ltr'>ἀγυιὰς,</span> <span class='ocrx_word' id='word_1_592' title='bbox 3496 3893 3695 3964; x_wconf 69' lang='lat' dir='ltr'><strong>amp”</strong></span> 
     </span>
    </p>
   </div>
   <div class='ocr_carea' id='block_1_84' title="bbox 2114 3985 3690 4058">
    <p class='ocr_par' dir='ltr' id='par_1_84' title="bbox 2114 3985 3690 4058">
     <span class='ocr_line' id='line_1_84' title="bbox 2114 3985 3690 4058; baseline -0.003 -14"><span class='ocrx_word' id='word_1_593' title='bbox 2114 3994 2172 4044; x_wconf 81' lang='grc' dir='ltr'><strong>ἐν</strong></span> <span class='ocrx_word' id='word_1_594' title='bbox 2224 3990 2346 4051; x_wconf 83' lang='grc' dir='ltr'>ταῖς</span> <span class='ocrx_word' id='word_1_595' title='bbox 2405 3985 2852 4058; x_wconf 75' lang='grc' dir='ltr'>πολυανθρώποις</span> <span class='ocrx_word' id='word_1_596' title='bbox 2907 3985 3067 4039; x_wconf 74' lang='grc' dir='ltr'>εἴωθε</span> <span class='ocrx_word' id='word_1_597' title='bbox 3125 3985 3373 4054; x_wconf 87' lang='grc' dir='ltr'>γίνεσθαι</span> <span class='ocrx_word' id='word_1_598' title='bbox 3393 3986 3443 4020; x_wconf 66' lang='grc'>⁸⁸</span> <span class='ocrx_word' id='word_1_599' title='bbox 3487 3985 3690 4039; x_wconf 72' lang='grc' dir='ltr'>πόλεσι.</span> 
     </span>
    </p>
   </div>
   <div class='ocr_carea' id='block_1_85' title="bbox 2115 4077 3074 4152">
    <p class='ocr_par' dir='ltr' id='par_1_85' title="bbox 2115 4077 3074 4152">
     <span class='ocr_line' id='line_1_85' title="bbox 2115 4077 3074 4152; baseline -0.005 -16"><span class='ocrx_word' id='word_1_600' title='bbox 2115 4080 2302 4136; x_wconf 77' lang='grc' dir='ltr'>Ταῦτα</span> <span class='ocrx_word' id='word_1_601' title='bbox 2332 4081 2442 4152; x_wconf 89' lang='grc' dir='ltr'>γὰρ</span> <span class='ocrx_word' id='word_1_602' title='bbox 2478 4080 2768 4149; x_wconf 84' lang='grc' dir='ltr'>ἐδήλωσεν,</span> <span class='ocrx_word' id='word_1_603' title='bbox 2800 4077 3038 4150; x_wconf 73' lang='grc' dir='ltr'>εἰρηκώς</span> <span class='ocrx_word' id='word_1_604' title='bbox 3059 4094 3074 4109; x_wconf 75' lang='grc' dir='ltr'><strong>ο</strong></span> 
     </span>
    </p>
   </div>
   <div class='ocr_carea' id='block_1_86' title="bbox 2181 4167 3736 4246">
    <p class='ocr_par' dir='ltr' id='par_1_86' title="bbox 2181 4167 3736 4246">
     <span class='ocr_line' id='line_1_86' title="bbox 2181 4167 3736 4246; baseline -0.003 -20"><span class='ocrx_word' id='word_1_605' title='bbox 2181 4174 2245 4239; x_wconf 87' lang='grc' dir='ltr'>δ’,</span> <span class='ocrx_word' id='word_1_606' title='bbox 2274 4179 2334 4226; x_wconf 88' lang='grc' dir='ltr'>ε’.</span> <span class='ocrx_word' id='word_1_607' title='bbox 2369 4190 2388 4224; x_wconf 76' lang='grc' dir='ltr'><strong>ι</strong></span> <span class='ocrx_word' id='word_1_608' title='bbox 2432 4171 2554 4224; x_wconf 87' lang='grc' dir='ltr'>Ἔτι</span> <span class='ocrx_word' id='word_1_609' title='bbox 2584 4169 2916 4241; x_wconf 82' lang='grc' dir='ltr'>καθήσονται</span> <span class='ocrx_word' id='word_1_610' title='bbox 2942 4169 3304 4246; x_wconf 84' lang='grc' dir='ltr'>πρεσϐύτεροι</span> <span class='ocrx_word' id='word_1_611' title='bbox 3335 4170 3433 4224; x_wconf 83' lang='grc' dir='ltr'><strong>καὶ</strong></span> <span class='ocrx_word' id='word_1_612' title='bbox 3466 4167 3694 4238; x_wconf 79' lang='grc' dir='ltr'>πρεσϐύ·</span> <span class='ocrx_word' id='word_1_613' title='bbox 3732 4173 3736 4175; x_wconf 65' lang='grc'><strong>“</strong></span> 
     </span>
    </p>
   </div>
   <div class='ocr_carea' id='block_1_87' title="bbox 2111 4260 3692 4337">
    <p class='ocr_par' dir='ltr' id='par_1_87' title="bbox 2111 4260 3692 4337">
     <span class='ocr_line' id='line_1_87' title="bbox 2111 4260 3692 4337; baseline -0.004 -17"><span class='ocrx_word' id='word_1_614' title='bbox 2111 4282 2266 4337; x_wconf 89' lang='grc' dir='ltr'>τεραι</span> <span class='ocrx_word' id='word_1_615' title='bbox 2299 4265 2359 4316; x_wconf 87' lang='grc' dir='ltr'><strong>ἐν</strong></span> <span class='ocrx_word' id='word_1_616' title='bbox 2398 4265 2519 4327; x_wconf 85' lang='grc' dir='ltr'>ταῖς</span> <span class='ocrx_word' id='word_1_617' title='bbox 2550 4261 2831 4323; x_wconf 75' lang='grc' dir='ltr'>πλατείαις</span> <span class='ocrx_word' id='word_1_618' title='bbox 2875 4261 3271 4332; x_wconf 82' lang='grc' dir='ltr'>Ἰερουσαλὴμ,</span> <span class='ocrx_word' id='word_1_619' title='bbox 3321 4261 3558 4325; x_wconf 73' lang='grc' dir='ltr'>ἕκαστος</span> <span class='ocrx_word' id='word_1_620' title='bbox 3599 4260 3692 4331; x_wconf 76' lang='grc' dir='ltr'>τὴν</span> 
     </span>
    </p>
   </div>
   <div class='ocr_carea' id='block_1_88' title="bbox 2112 4353 3692 4428">
    <p class='ocr_par' dir='ltr' id='par_1_88' title="bbox 2112 4353 3692 4428">
     <span class='ocr_line' id='line_1_88' title="bbox 2112 4353 3692 4428; baseline -0.004 -16"><span class='ocrx_word' id='word_1_621' title='bbox 2112 4357 2309 4428; x_wconf 81' lang='grc' dir='ltr'>ῥάϐδον</span> <span class='ocrx_word' id='word_1_622' title='bbox 2345 4353 2509 4409; x_wconf 82' lang='grc' dir='ltr'>αὑτοῦ</span> <span class='ocrx_word' id='word_1_623' title='bbox 2540 4354 2680 4425; x_wconf 69' lang='grc' dir='ltr'>ἔχων</span> <span class='ocrx_word' id='word_1_624' title='bbox 2713 4354 2770 4406; x_wconf 87' lang='grc' dir='ltr'><strong>ἐν</strong></span> <span class='ocrx_word' id='word_1_625' title='bbox 2800 4355 2864 4423; x_wconf 84' lang='grc' dir='ltr'><strong>τῇ</strong></span> <span class='ocrx_word' id='word_1_626' title='bbox 2895 4353 3043 4424; x_wconf 84' lang='grc' dir='ltr'>χειρὶ</span> <span class='ocrx_word' id='word_1_627' title='bbox 3071 4353 3260 4420; x_wconf 79' lang='grc' dir='ltr'>αὑτοῦ,</span> <span class='ocrx_word' id='word_1_628' title='bbox 3301 4353 3412 4408; x_wconf 82' lang='grc' dir='ltr'><strong>ἀπὺ</strong></span> <span class='ocrx_word' id='word_1_629' title='bbox 3456 4353 3692 4424; x_wconf 82' lang='grc' dir='ltr'>πλήθους</span> 
     </span>
    </p>
   </div>
   <div class='ocr_carea' id='block_1_89' title="bbox 2110 4443 3691 4520">
    <p class='ocr_par' dir='ltr' id='par_1_89' title="bbox 2110 4443 3691 4520">
     <span class='ocr_line' id='line_1_89' title="bbox 2110 4443 3691 4520; baseline -0.003 -18"><span class='ocrx_word' id='word_1_630' title='bbox 2110 4451 2142 4520; x_wconf 88' lang='grc' dir='ltr'><strong>ή</strong></span> <span class='ocrx_word' id='word_1_631' title='bbox 2154 4447 2358 4520; x_wconf 82' lang='grc' dir='ltr'>μερῶν.</span> <span class='ocrx_word' id='word_1_632' title='bbox 2397 4445 2508 4499; x_wconf 72' lang='grc' dir='ltr'>Καὶ</span> <span class='ocrx_word' id='word_1_633' title='bbox 2536 4447 2593 4499; x_wconf 82' lang='grc' dir='ltr'><strong>αἱ</strong></span> <span class='ocrx_word' id='word_1_634' title='bbox 2635 4444 2889 4498; x_wconf 82' lang='grc' dir='ltr'>πλατεῖαι</span> <span class='ocrx_word' id='word_1_635' title='bbox 2915 4443 3017 4514; x_wconf 77' lang='grc' dir='ltr'>τῆς</span> <span class='ocrx_word' id='word_1_636' title='bbox 3051 4445 3260 4509; x_wconf 84' lang='grc' dir='ltr'>πόλεως</span> <span class='ocrx_word' id='word_1_637' title='bbox 3284 4444 3691 4517; x_wconf 82' lang='grc' dir='ltr'>πλησθήσονται</span> 
     </span>
    </p>
   </div>
   <div class='ocr_carea' id='block_1_90' title="bbox 428 4522 2018 4612">
    <p class='ocr_par' dir='ltr' id='par_1_90' title="bbox 428 4522 2004 4612">
     <span class='ocr_line' id='line_1_90' title="bbox 428 4522 2004 4612; baseline 0.015 -25"><span class='ocrx_word' id='word_1_638' title='bbox 428 4535 750 4595; x_wconf 88' lang='lat' dir='ltr'><strong>ludentlbus</strong></span> <span class='ocrx_word' id='word_1_639' title='bbox 808 4540 861 4594; x_wconf 92' lang='lat' dir='ltr'><strong>in</strong></span> <span class='ocrx_word' id='word_1_640' title='bbox 914 4541 1113 4610; x_wconf 87' lang='lat' dir='ltr'><strong>plateis</strong></span> <span class='ocrx_word' id='word_1_641' title='bbox 1153 4542 1291 4612; x_wconf 83' lang='lat' dir='ltr'><strong>ejus.</strong></span> <span class='ocrx_word' id='word_1_642' title='bbox 1340 4564 1358 4596; x_wconf 72' lang='grc' dir='ltr'><strong>ι</strong></span> <span class='ocrx_word' id='word_1_643' title='bbox 1391 4522 1598 4605; x_wconf 74' lang='lat' dir='ltr'><strong>Deinde</strong></span> <span class='ocrx_word' id='word_1_644' title='bbox 1645 4522 1808 4608; x_wconf 73' lang='lat' dir='ltr'><strong>[idem</strong></span> <span class='ocrx_word' id='word_1_645' title='bbox 1868 4522 2004 4610; x_wconf 78' lang='lat' dir='ltr'><strong>facit</strong></span> 
     </span>
    </p>
   </div>
   <div class='ocr_carea' id='block_1_91' title="bbox 2128 4522 3694 4612">
    <p class='ocr_par' dir='ltr' id='par_1_91' title="bbox 2128 4536 3694 4611">
     <span class='ocr_line' id='line_1_91' title="bbox 2128 4536 3694 4611; baseline -0.004 -17"><span class='ocrx_word' id='word_1_646' title='bbox 2128 4539 2408 4611; x_wconf 87' lang='grc' dir='ltr'>ταιδαρίων</span> <span class='ocrx_word' id='word_1_647' title='bbox 2437 4537 2531 4591; x_wconf 75' lang='grc' dir='ltr'>καὶ</span> <span class='ocrx_word' id='word_1_648' title='bbox 2561 4536 2833 4608; x_wconf 87' lang='grc' dir='ltr'>κορασίων</span> <span class='ocrx_word' id='word_1_649' title='bbox 2860 4537 3163 4601; x_wconf 78' lang='grc' dir='ltr'>παιζόντων</span> <span class='ocrx_word' id='word_1_650' title='bbox 3183 4539 3241 4590; x_wconf 90' lang='grc' dir='ltr'><strong>ἐν</strong></span> <span class='ocrx_word' id='word_1_651' title='bbox 3260 4539 3382 4600; x_wconf 86' lang='grc' dir='ltr'>ταῖς</span> <span class='ocrx_word' id='word_1_652' title='bbox 3407 4536 3694 4599; x_wconf 84' lang='grc' dir='ltr'>πλατείαις</span> 
     </span>
    </p>
   </div>
   <div class='ocr_carea' id='block_1_92' title="bbox 428 4627 1716 4710">
    <p class='ocr_par' dir='ltr' id='par_1_92' title="bbox 428 4627 1716 4710">
     <span class='ocr_line' id='line_1_92' title="bbox 428 4627 1716 4710; baseline 0.016 -31"><span class='ocrx_word' id='word_1_653' title='bbox 428 4627 739 4696; x_wconf 83' lang='lat' dir='ltr'><strong>verborum,</strong></span> <span class='ocrx_word' id='word_1_654' title='bbox 775 4637 1103 4700; x_wconf 86' lang='lat' dir='ltr'><strong>potestatem</strong></span> <span class='ocrx_word' id='word_1_655' title='bbox 1140 4648 1295 4688; x_wconf 82' lang='lat' dir='ltr'><strong>suam</strong></span> <span class='ocrx_word' id='word_1_656' title='bbox 1336 4635 1716 4710; x_wconf 87' lang='lat' dir='ltr'><strong>interponens.</strong></span> 
     </span>
    </p>
   </div>
   <div class='ocr_carea' id='block_1_93' title="bbox 500 4806 2003 4891">
    <p class='ocr_par' dir='ltr' id='par_1_93' title="bbox 500 4806 2003 4891">
     <span class='ocr_line' id='line_1_93' title="bbox 500 4806 2003 4891; baseline 0.013 -31"><span class='ocrx_word' id='word_1_657' title='bbox 500 4806 668 4864; x_wconf 70' lang='lat' dir='ltr'><strong>Vens.</strong></span> <span class='ocrx_word' id='word_1_658' title='bbox 701 4807 755 4864; x_wconf 73' lang='grc' dir='ltr'><strong>ϐ.</strong></span> <span class='ocrx_word' id='word_1_659' title='bbox 784 4827 802 4860; x_wconf 80' lang='grc' dir='ltr'><strong>ι</strong></span> <span class='ocrx_word' id='word_1_660' title='bbox 853 4807 977 4864; x_wconf 64' lang='lat' dir='ltr'><strong>Haec</strong></span> <span class='ocrx_word' id='word_1_661' title='bbox 1005 4810 1140 4867; x_wconf 84' lang='lat' dir='ltr'><strong>dicit</strong></span> <span class='ocrx_word' id='word_1_662' title='bbox 1187 4812 1453 4873; x_wconf 80' lang='lat' dir='ltr'><strong>Dominus</strong></span> <span class='ocrx_word' id='word_1_663' title='bbox 1495 4819 1848 4891; x_wconf 91' lang='lat' dir='ltr'><strong>omnipotens</strong></span> <span class='ocrx_word' id='word_1_664' title='bbox 1886 4840 1900 4878; x_wconf 89' lang='lat'><strong>:</strong></span> <span class='ocrx_word' id='word_1_665' title='bbox 1945 4823 2003 4879; x_wconf 86' lang='lat' dir='ltr'><strong>Si</strong></span> 
     </span>
    </p>
   </div>
   <div class='ocr_carea' id='block_1_94' title="bbox 2107 4626 3693 4703">
    <p class='ocr_par' dir='ltr' id='par_1_94' title="bbox 2107 4626 3693 4703">
     <span class='ocr_line' id='line_1_94' title="bbox 2107 4626 3693 4703; baseline -0.003 -17"><span class='ocrx_word' id='word_1_666' title='bbox 2107 4631 2300 4703; x_wconf 79' lang='grc' dir='ltr'>αὐτῆς.</span> <span class='ocrx_word' id='word_1_667' title='bbox 2347 4649 2367 4684; x_wconf 67' lang='grc' dir='ltr'><strong>ι</strong></span> <span class='ocrx_word' id='word_1_668' title='bbox 2431 4627 2565 4684; x_wconf 79' lang='grc' dir='ltr'>Εἶτα</span> <span class='ocrx_word' id='word_1_669' title='bbox 2613 4626 2898 4682; x_wconf 81' lang='grc' dir='ltr'>πιστοῦται</span> <span class='ocrx_word' id='word_1_670' title='bbox 2931 4629 3059 4693; x_wconf 85' lang='grc' dir='ltr'>τοὺς</span> <span class='ocrx_word' id='word_1_671' title='bbox 3111 4628 3304 4698; x_wconf 86' lang='grc' dir='ltr'>λόγους</span> <span class='ocrx_word' id='word_1_672' title='bbox 3333 4628 3438 4700; x_wconf 75' lang='grc' dir='ltr'>τὴν</span> <span class='ocrx_word' id='word_1_673' title='bbox 3482 4630 3693 4684; x_wconf 78' lang='grc' dir='ltr'>οἰκείαν</span> 
     </span>
    </p>
   </div>
   <div class='ocr_carea' id='block_1_95' title="bbox 2106 4721 2933 4796">
    <p class='ocr_par' dir='ltr' id='par_1_95' title="bbox 2106 4721 2933 4796">
     <span class='ocr_line' id='line_1_95' title="bbox 2106 4721 2933 4796; baseline -0.006 -17"><span class='ocrx_word' id='word_1_674' title='bbox 2106 4724 2336 4796; x_wconf 83' lang='grc' dir='ltr'>δύναμιν</span> <span class='ocrx_word' id='word_1_675' title='bbox 2367 4723 2621 4793; x_wconf 82' lang='grc' dir='ltr'>παρέχων</span> <span class='ocrx_word' id='word_1_676' title='bbox 2651 4721 2933 4791; x_wconf 82' lang='grc' dir='ltr'>ἐχέγγυον.</span> 
     </span>
    </p>
   </div>
   <div class='ocr_carea' id='block_1_96' title="bbox 2179 4812 3694 4884">
    <p class='ocr_par' dir='ltr' id='par_1_96' title="bbox 2179 4812 3694 4884">
     <span class='ocr_line' id='line_1_96' title="bbox 2179 4812 3694 4884; baseline -0.003 -14"><span class='ocrx_word' id='word_1_677' title='bbox 2179 4824 2253 4883; x_wconf 79' lang='grc' dir='ltr'>ς’.</span> <span class='ocrx_word' id='word_1_678' title='bbox 2287 4835 2304 4868; x_wconf 81' lang='grc' dir='ltr'><strong>ι</strong></span> <span class='ocrx_word' id='word_1_679' title='bbox 2343 4814 2482 4869; x_wconf 83' lang='grc' dir='ltr'>Τάδε</span> <span class='ocrx_word' id='word_1_680' title='bbox 2516 4812 2666 4881; x_wconf 82' lang='grc' dir='ltr'>λέγει</span> <span class='ocrx_word' id='word_1_681' title='bbox 2697 4813 2904 4884; x_wconf 84' lang='grc' dir='ltr'>Κύριος</span> <span class='ocrx_word' id='word_1_682' title='bbox 2936 4813 3364 4884; x_wconf 82' lang='grc' dir='ltr'>παντοκράτωρ·</span> <span class='ocrx_word' id='word_1_683' title='bbox 3400 4814 3466 4867; x_wconf 78' lang='lat' dir='ltr'><strong>Ei</strong></span> <span class='ocrx_word' id='word_1_684' title='bbox 3499 4813 3694 4868; x_wconf 80' lang='grc' dir='ltr'>ἀδυνα-</span> 
     </span>
    </p>
   </div>
   <div class='ocr_carea' id='block_1_97' title="bbox 428 4897 2018 4983">
    <p class='ocr_par' dir='ltr' id='par_1_97' title="bbox 428 4897 2000 4983">
     <span class='ocr_line' id='line_1_97' title="bbox 428 4897 2000 4983; baseline 0.013 -34"><span class='ocrx_word' id='word_1_685' title='bbox 428 4897 769 4966; x_wconf 73' lang='lat' dir='ltr'><strong>impossibile</strong></span> <span class='ocrx_word' id='word_1_686' title='bbox 789 4897 957 4956; x_wconf 80' lang='lat' dir='ltr'><strong>fuerit</strong></span> <span class='ocrx_word' id='word_1_687' title='bbox 997 4916 1184 4959; x_wconf 86' lang='lat' dir='ltr'><strong>coram</strong></span> <span class='ocrx_word' id='word_1_688' title='bbox 1225 4905 1478 4978; x_wconf 86' lang='lat' dir='ltr'><strong>reliquiis</strong></span> <span class='ocrx_word' id='word_1_689' title='bbox 1522 4912 1709 4980; x_wconf 92' lang='lat' dir='ltr'><strong>populi</strong></span> <span class='ocrx_word' id='word_1_690' title='bbox 1743 4912 1914 4983; x_wconf 81' lang='lat' dir='ltr'><strong>hujus</strong></span> <span class='ocrx_word' id='word_1_691' title='bbox 1945 4915 2000 4969; x_wconf 92' lang='lat' dir='ltr'><strong>in</strong></span> 
     </span>
    </p>
   </div>
   <div class='ocr_carea' id='block_1_98' title="bbox 2128 4897 3690 4983">
    <p class='ocr_par' dir='ltr' id='par_1_98' title="bbox 2128 4903 3690 4982">
     <span class='ocr_line' id='line_1_98' title="bbox 2128 4903 3690 4982; baseline -0.003 -19"><span class='ocrx_word' id='word_1_692' title='bbox 2128 4911 2258 4982; x_wconf 73' lang='grc' dir='ltr'>τήσει</span> <span class='ocrx_word' id='word_1_693' title='bbox 2287 4907 2518 4962; x_wconf 83' lang='grc' dir='ltr'>ἐνώπιον</span> <span class='ocrx_word' id='word_1_694' title='bbox 2543 4905 2652 4958; x_wconf 89' lang='grc' dir='ltr'><strong>τῶν</strong></span> <span class='ocrx_word' id='word_1_695' title='bbox 2678 4904 3025 4958; x_wconf 85' lang='grc' dir='ltr'>καταλοίπων</span> <span class='ocrx_word' id='word_1_696' title='bbox 3064 4903 3160 4958; x_wconf 81' lang='grc' dir='ltr'>τοῦ</span> <span class='ocrx_word' id='word_1_697' title='bbox 3185 4905 3318 4958; x_wconf 79' lang='grc' dir='ltr'>λαοῦ</span> <span class='ocrx_word' id='word_1_698' title='bbox 3339 4905 3539 4959; x_wconf 86' lang='grc' dir='ltr'>τούτου</span> <span class='ocrx_word' id='word_1_699' title='bbox 3564 4906 3608 4938; x_wconf 86' lang='grc'><strong><em>³³</em></strong></span> <span class='ocrx_word' id='word_1_700' title='bbox 3635 4906 3690 4959; x_wconf 80' lang='grc' dir='ltr'><strong>ἐν</strong></span> 
     </span>
    </p>
   </div>
   <div class='ocr_carea' id='block_1_99' title="bbox 423 4985 2002 5072">
    <p class='ocr_par' dir='ltr' id='par_1_99' title="bbox 423 4985 2002 5072">
     <span class='ocr_line' id='line_1_99' title="bbox 423 4985 2002 5072; baseline 0.013 -33"><span class='ocrx_word' id='word_1_701' title='bbox 423 4985 619 5044; x_wconf 87' lang='lat' dir='ltr'><strong>diebus</strong></span> <span class='ocrx_word' id='word_1_702' title='bbox 649 4988 777 5058; x_wconf 91' lang='lat' dir='ltr'><strong>illis,</strong></span> <span class='ocrx_word' id='word_1_703' title='bbox 801 4994 1048 5064; x_wconf 90' lang='lat' dir='ltr'><strong>nunquid</strong></span> <span class='ocrx_word' id='word_1_704' title='bbox 1080 5004 1134 5052; x_wconf 90' lang='lat' dir='ltr'><strong>et</strong></span> <span class='ocrx_word' id='word_1_705' title='bbox 1167 4991 1357 5054; x_wconf 78' lang='lat' dir='ltr'><strong>coram</strong></span> <span class='ocrx_word' id='word_1_706' title='bbox 1385 5015 1471 5056; x_wconf 92' lang='lat' dir='ltr'><strong>me</strong></span> <span class='ocrx_word' id='word_1_707' title='bbox 1490 5001 1836 5072; x_wconf 85' lang='lat' dir='ltr'><strong>impossibile</strong></span> <span class='ocrx_word' id='word_1_708' title='bbox 1858 5006 2002 5060; x_wconf 91' lang='lat' dir='ltr'><strong>erit?</strong></span> 
     </span>
    </p>
   </div>
   <div class='ocr_carea' id='block_1_100' title="bbox 424 5079 1999 5167">
    <p class='ocr_par' dir='ltr' id='par_1_100' title="bbox 424 5079 1999 5167">
     <span class='ocr_line' id='line_1_100' title="bbox 424 5079 1999 5167; baseline 0.012 -34"><span class='ocrx_word' id='word_1_709' title='bbox 424 5079 560 5134; x_wconf 86' lang='lat' dir='ltr'><strong>dicit</strong></span> <span class='ocrx_word' id='word_1_710' title='bbox 584 5082 849 5142; x_wconf 83' lang='lat' dir='ltr'><strong>Dominus</strong></span> <span class='ocrx_word' id='word_1_711' title='bbox 880 5087 1250 5160; x_wconf 86' lang='lat' dir='ltr'><strong>omnipotens.</strong></span> <span class='ocrx_word' id='word_1_712' title='bbox 1291 5111 1309 5144; x_wconf 68' lang='grc' dir='ltr'><strong>ι</strong></span> <span class='ocrx_word' id='word_1_713' title='bbox 1343 5091 1456 5150; x_wconf 79' lang='lat' dir='ltr'><strong>Vos</strong></span> <span class='ocrx_word' id='word_1_714' title='bbox 1480 5095 1650 5161; x_wconf 89' lang='lat' dir='ltr'><strong>enim,</strong></span> <span class='ocrx_word' id='word_1_715' title='bbox 1692 5095 1893 5167; x_wconf 87' lang='lat' dir='ltr'><strong>inquit,</strong></span> <span class='ocrx_word' id='word_1_716' title='bbox 1930 5097 1999 5152; x_wconf 89' lang='lat' dir='ltr'><strong>ad</strong></span> 
     </span>
    </p>
   </div>
   <div class='ocr_carea' id='block_1_101' title="bbox 425 5177 1999 5258">
    <p class='ocr_par' dir='ltr' id='par_1_101' title="bbox 425 5177 1999 5258">
     <span class='ocr_line' id='line_1_101' title="bbox 425 5177 1999 5258; baseline 0.011 -31"><span class='ocrx_word' id='word_1_717' title='bbox 425 5179 664 5229; x_wconf 87' lang='lat' dir='ltr'><strong>vestram</strong></span> <span class='ocrx_word' id='word_1_718' title='bbox 696 5177 1031 5246; x_wconf 84' lang='lat' dir='ltr'><strong>paucitatem</strong></span> <span class='ocrx_word' id='word_1_719' title='bbox 1056 5183 1372 5257; x_wconf 85' lang='lat' dir='ltr'><strong>etinopiam</strong></span> <span class='ocrx_word' id='word_1_720' title='bbox 1393 5187 1773 5258; x_wconf 86' lang='lat' dir='ltr'><strong>respicientes,</strong></span> <span class='ocrx_word' id='word_1_721' title='bbox 1801 5188 1999 5244; x_wconf 75' lang='lat' dir='ltr'><strong>horum</strong></span> 
     </span>
    </p>
   </div>
   <div class='ocr_carea' id='block_1_102' title="bbox 498 5359 952 5438">
    <p class='ocr_par' dir='ltr' id='par_1_102' title="bbox 498 5359 952 5438">
     <span class='ocr_line' id='line_1_102' title="bbox 498 5359 952 5438; baseline 0.007 -25"><span class='ocrx_word' id='word_1_722' title='bbox 498 5369 522 5398; x_wconf 76' lang='grc' dir='ltr'><strong>ο</strong></span> <span class='ocrx_word' id='word_1_723' title='bbox 559 5359 734 5416; x_wconf 66' lang='lat' dir='ltr'><strong>Exod.</strong></span> <span class='ocrx_word' id='word_1_724' title='bbox 773 5375 879 5438; x_wconf 73' lang='lat' dir='ltr'><strong>xx,</strong></span> <span class='ocrx_word' id='word_1_725' title='bbox 898 5360 952 5416; x_wconf 80' lang='grc'>5.</span> 
     </span>
    </p>
   </div>
   <div class='ocr_carea' id='block_1_103' title="bbox 2108 4995 3693 5071">
    <p class='ocr_par' dir='ltr' id='par_1_103' title="bbox 2108 4995 3693 5071">
     <span class='ocr_line' id='line_1_103' title="bbox 2108 4995 3693 5071; baseline -0.009 -16"><span class='ocrx_word' id='word_1_726' title='bbox 2108 5004 2229 5066; x_wconf 86' lang='grc' dir='ltr'>ταῖς</span> <span class='ocrx_word' id='word_1_727' title='bbox 2262 4999 2498 5071; x_wconf 84' lang='grc' dir='ltr'>ἡμέραις</span> <span class='ocrx_word' id='word_1_728' title='bbox 2529 4998 2788 5060; x_wconf 79' lang='grc' dir='ltr'>ἐκείναις,</span> <span class='ocrx_word' id='word_1_729' title='bbox 2833 4997 2908 5065; x_wconf 81' lang='grc' dir='ltr'>μὴ</span> <span class='ocrx_word' id='word_1_730' title='bbox 2953 4996 3051 5050; x_wconf 78' lang='grc' dir='ltr'><strong>καὶ</strong></span> <span class='ocrx_word' id='word_1_731' title='bbox 3089 4995 3324 5050; x_wconf 85' lang='grc' dir='ltr'>ἐνώπιόν</span> <span class='ocrx_word' id='word_1_732' title='bbox 3359 5014 3465 5068; x_wconf 88' lang='grc' dir='ltr'><strong>μου</strong></span> <span class='ocrx_word' id='word_1_733' title='bbox 3498 4999 3693 5052; x_wconf 81' lang='grc' dir='ltr'>ἀδυνα-</span> 
     </span>
    </p>
   </div>
   <div class='ocr_carea' id='block_1_104' title="bbox 2106 5088 3688 5168">
    <p class='ocr_par' dir='ltr' id='par_1_104' title="bbox 2106 5088 3688 5168">
     <span class='ocr_line' id='line_1_104' title="bbox 2106 5088 3688 5168; baseline -0.005 -19"><span class='ocrx_word' id='word_1_734' title='bbox 2106 5097 2289 5168; x_wconf 89' lang='grc' dir='ltr'>τήσει;</span> <span class='ocrx_word' id='word_1_735' title='bbox 2321 5092 2470 5160; x_wconf 89' lang='grc' dir='ltr'>λέγει</span> <span class='ocrx_word' id='word_1_736' title='bbox 2498 5088 2702 5161; x_wconf 87' lang='grc' dir='ltr'>Κύριος</span> <span class='ocrx_word' id='word_1_737' title='bbox 2727 5088 3179 5160; x_wconf 75' lang='grc' dir='ltr'>παντοκράτωρ.»</span> <span class='ocrx_word' id='word_1_738' title='bbox 3219 5089 3408 5160; x_wconf 83' lang='grc' dir='ltr'>Ὑμεῖς</span> <span class='ocrx_word' id='word_1_739' title='bbox 3435 5089 3538 5160; x_wconf 80' lang='grc' dir='ltr'>μὲν</span> <span class='ocrx_word' id='word_1_740' title='bbox 3561 5090 3688 5159; x_wconf 76' lang='grc' dir='ltr'>γὰρ,</span> 
     </span>
    </p>
   </div>
   <div class='ocr_carea' id='block_1_105' title="bbox 2109 5179 3691 5258">
    <p class='ocr_par' dir='ltr' id='par_1_105' title="bbox 2109 5179 3691 5258">
     <span class='ocr_line' id='line_1_105' title="bbox 2109 5179 3691 5258; baseline -0.004 -18"><span class='ocrx_word' id='word_1_741' title='bbox 2109 5186 2294 5258; x_wconf 70' lang='grc' dir='ltr'>φησὶν,</span> <span class='ocrx_word' id='word_1_742' title='bbox 2316 5184 2397 5248; x_wconf 81' lang='grc' dir='ltr'><strong>εἰς</strong></span> <span class='ocrx_word' id='word_1_743' title='bbox 2427 5182 2526 5252; x_wconf 83' lang='grc' dir='ltr'><strong>τὴν</strong></span> <span class='ocrx_word' id='word_1_744' title='bbox 2552 5179 2761 5236; x_wconf 74' lang='grc' dir='ltr'>οἰκείαν</span> <span class='ocrx_word' id='word_1_745' title='bbox 2785 5179 3101 5250; x_wconf 79' lang='grc' dir='ltr'>ἀφορῶντες</span> <span class='ocrx_word' id='word_1_746' title='bbox 3129 5181 3422 5253; x_wconf 79' lang='grc' dir='ltr'>ὀλιγότητα</span> <span class='ocrx_word' id='word_1_747' title='bbox 3459 5183 3559 5236; x_wconf 78' lang='grc' dir='ltr'>καὶ</span> <span class='ocrx_word' id='word_1_748' title='bbox 3593 5182 3691 5234; x_wconf 77' lang='grc' dir='ltr'>πε-</span> 
     </span>
    </p>
   </div>
   <div class='ocr_carea' id='block_1_106' title="bbox 1708 5521 2387 5580">
    <p class='ocr_par' dir='ltr' id='par_1_106' title="bbox 1708 5521 2387 5580">
     <span class='ocr_line' id='line_1_106' title="bbox 1708 5521 2387 5580; baseline 0.003 -4"><span class='ocrx_word' id='word_1_749' title='bbox 1708 5521 1942 5577; x_wconf 68' lang='lat' dir='ltr'><strong>VARUS</strong></span> <span class='ocrx_word' id='word_1_750' title='bbox 1983 5521 2387 5580; x_wconf 56' lang='lat' dir='ltr'><strong>LECTIONES‘.</strong></span> 
     </span>
    </p>
   </div>
   <div class='ocr_carea' id='block_1_107' title="bbox 518 5660 2603 5805">
    <p class='ocr_par' dir='ltr' id='par_1_107' title="bbox 518 5660 2603 5805">
     <span class='ocr_line' id='line_1_107' title="bbox 518 5660 2603 5760; baseline 0.005 -36"><span class='ocrx_word' id='word_1_751' title='bbox 518 5671 565 5703; x_wconf 77' lang='lat'><strong>“</strong></span> <span class='ocrx_word' id='word_1_752' title='bbox 586 5672 709 5725; x_wconf 80' lang='grc' dir='ltr'>αὐτ.</span> <span class='ocrx_word' id='word_1_753' title='bbox 743 5673 784 5728; x_wconf 87' lang='lat' dir='ltr'><strong><em>C</em></strong></span> <span class='ocrx_word' id='word_1_754' title='bbox 813 5672 938 5728; x_wconf 85' lang='lat' dir='ltr'><strong>add.</strong></span> <span class='ocrx_word' id='word_1_755' title='bbox 971 5672 1045 5736; x_wconf 82' lang='grc' dir='ltr'>ὡς</span> <span class='ocrx_word' id='word_1_756' title='bbox 1080 5673 1140 5728; x_wconf 82' lang='grc' dir='ltr'>ὲν</span> <span class='ocrx_word' id='word_1_757' title='bbox 1179 5673 1420 5728; x_wconf 85' lang='grc' dir='ltr'>λαίλαπι.</span> <span class='ocrx_word' id='word_1_758' title='bbox 1499 5676 1541 5705; x_wconf 73' lang='grc'><strong>’⁷</strong></span> <span class='ocrx_word' id='word_1_759' title='bbox 1574 5691 1628 5742; x_wconf 93' lang='grc' dir='ltr'>γ.</span> <span class='ocrx_word' id='word_1_760' title='bbox 1676 5677 1820 5731; x_wconf 84' lang='grc' dir='ltr'>ἐπιθ.</span> <span class='ocrx_word' id='word_1_761' title='bbox 1851 5677 1896 5730; x_wconf 80' lang='grc' dir='ltr'>Α</span> <span class='ocrx_word' id='word_1_762' title='bbox 1925 5679 2025 5747; x_wconf 83' lang='grc' dir='ltr'><strong>τὴν</strong></span> <span class='ocrx_word' id='word_1_763' title='bbox 2068 5660 2350 5749; x_wconf 78' lang='grc' dir='ltr'>ἐκλεκτήν.</span> <span class='ocrx_word' id='word_1_764' title='bbox 2449 5679 2494 5710; x_wconf 71' lang='grc'>⁸⁸</span> <span class='ocrx_word' id='word_1_765' title='bbox 2529 5698 2603 5760; x_wconf 75' lang='grc' dir='ltr'><strong>πρ</strong></span> 
     </span>
     <span class='ocr_line' id='line_1_108' title="bbox 518 5739 2603 5805; baseline 0.006 -14"><span class='ocrx_word' id='word_1_766' title='bbox 518 5739 618 5805; x_wconf 64' lang='grc' dir='ltr'><strong>ιέγ.</strong></span> <span class='ocrx_word' id='word_1_767' title='bbox 669 5741 746 5796; x_wconf 82' lang='lat' dir='ltr'><strong>Ex</strong></span> <span class='ocrx_word' id='word_1_768' title='bbox 807 5743 849 5800; x_wconf 87' lang='lat' dir='ltr'><strong><em>C</em></strong></span> <span class='ocrx_word' id='word_1_769' title='bbox 907 5746 1086 5805; x_wconf 82' lang='lat' dir='ltr'><strong>suppl.</strong></span> <span class='ocrx_word' id='word_1_770' title='bbox 1198 5745 1240 5776; x_wconf 87' lang='grc'><strong>³¹</strong></span> <span class='ocrx_word' id='word_1_771' title='bbox 1281 5743 1326 5799; x_wconf 77' lang='grc' dir='ltr'><strong>Δ</strong></span> <span class='ocrx_word' id='word_1_772' title='bbox 1369 5747 1798 5805; x_wconf 71' lang='grc' dir='ltr'>κατασκηνὼσω.</span> <span class='ocrx_word' id='word_1_773' title='bbox 1915 5749 2107 5805; x_wconf 80' lang='grc' dir='ltr'>³³Ζοο.</span> <span class='ocrx_word' id='word_1_774' title='bbox 2167 5750 2210 5804; x_wconf 85' lang='lat' dir='ltr'>C</span> <span class='ocrx_word' id='word_1_775' title='bbox 2269 5764 2455 5805; x_wconf 70' lang='lat' dir='ltr'><strong>prmm.</strong></span> <span class='ocrx_word' id='word_1_776' title='bbox 2513 5767 2603 5804; x_wconf 85' lang='grc' dir='ltr'><strong>του</strong></span> 
     </span>
    </p>
   </div>
   <div class='ocr_carea' id='block_1_108' title="bbox 2024 5766 2628 5820">
    <p class='ocr_par' dir='ltr' id='par_1_108' title="bbox 2024 5766 2628 5820">
     <span class='ocr_line' id='line_1_109' title="bbox 2024 5766 2628 5820; baseline 0.002 -17"><span class='ocrx_word' id='word_1_777' title='bbox 2024 5767 2107 5820; x_wconf 87' lang='grc' dir='ltr'><strong>ορ.</strong></span> <span class='ocrx_word' id='word_1_778' title='bbox 2167 5766 2210 5804; x_wconf 64' lang='grc' dir='ltr'><strong>υ</strong></span> <span class='ocrx_word' id='word_1_779' title='bbox 2269 5766 2455 5820; x_wconf 69' lang='lat' dir='ltr'><strong>prmm.</strong></span> <span class='ocrx_word' id='word_1_780' title='bbox 2513 5767 2628 5805; x_wconf 85' lang='grc' dir='ltr'>του.</span> 
     </span>
    </p>
   </div>
   <div class='ocr_carea' id='block_1_109' title="bbox 425 5739 1086 5816">
    <p class='ocr_par' dir='ltr' id='par_1_109' title="bbox 425 5739 1086 5816">
     <span class='ocr_line' id='line_1_110' title="bbox 425 5739 1086 5816; baseline -0.003 -10"><span class='ocrx_word' id='word_1_781' title='bbox 425 5739 618 5816; x_wconf 63' lang='grc' dir='ltr'><strong>’ξ’,λέγ-</strong></span> <span class='ocrx_word' id='word_1_782' title='bbox 663 5741 746 5816; x_wconf 75' lang='lat' dir='ltr'><strong>_Ex</strong></span> <span class='ocrx_word' id='word_1_783' title='bbox 807 5743 849 5800; x_wconf 87' lang='lat' dir='ltr'><strong><em>C</em></strong></span> <span class='ocrx_word' id='word_1_784' title='bbox 907 5746 1086 5816; x_wconf 84' lang='lat' dir='ltr'><strong>suppl.</strong></span> 
     </span>
    </p>
   </div>
   <div class='ocr_carea' id='block_1_110' title="bbox 441 5808 936 5868">
    <p class='ocr_par' dir='ltr' id='par_1_110' title="bbox 441 5808 936 5868">
     <span class='ocr_line' id='line_1_111' title="bbox 441 5808 936 5868; baseline 0.008 -3"><span class='ocrx_word' id='word_1_785' title='bbox 441 5808 486 5841; x_wconf 86' lang='lat'>&quot;</span> <span class='ocrx_word' id='word_1_786' title='bbox 519 5811 558 5865; x_wconf 64' lang='grc' dir='ltr'><strong>(Ξ</strong></span> <span class='ocrx_word' id='word_1_787' title='bbox 597 5810 713 5868; x_wconf 80' lang='grc' dir='ltr'>τοῦ.</span> <span class='ocrx_word' id='word_1_788' title='bbox 934 5838 936 5840; x_wconf 60' lang='grc' dir='ltr'><strong>τ</strong></span> 
     </span>
    </p>
   </div>
   <div class='ocr_carea' id='block_1_111' title="bbox 815 5921 942 5938">
    <p class='ocr_par' dir='ltr' id='par_1_111' title="bbox 815 5921 942 5938">
     <span class='ocr_line' id='line_1_112' title="bbox 815 5921 942 5938; baseline 0 0"><span class='ocrx_word' id='word_1_789' title='bbox 815 5921 897 5938; x_wconf 51' lang='grc' dir='ltr'><strong>,ΔΛ</strong></span> <span class='ocrx_word' id='word_1_790' title='bbox 935 5924 942 5934; x_wconf 87' lang='lat'><em>\</em></span> 
     </span>
    </p>
   </div>
   <div class='ocr_carea' id='block_1_112' title="bbox 1198 5743 1798 5813">
    <p class='ocr_par' dir='ltr' id='par_1_112' title="bbox 1198 5743 1798 5813">
     <span class='ocr_line' id='line_1_113' title="bbox 1198 5743 1798 5813; baseline 0.007 -14"><span class='ocrx_word' id='word_1_791' title='bbox 1198 5745 1240 5776; x_wconf 86' lang='grc'><strong>³¹</strong></span> <span class='ocrx_word' id='word_1_792' title='bbox 1281 5743 1326 5799; x_wconf 77' lang='grc' dir='ltr'><strong>Δ</strong></span> <span class='ocrx_word' id='word_1_793' title='bbox 1369 5747 1798 5813; x_wconf 72' lang='grc' dir='ltr'>κατασκηνὼσω.</span> 
     </span>
    </p>
   </div>
   <div class='ocr_carea' id='block_1_113' title="bbox 3261 5679 3679 5746">
    <p class='ocr_par' dir='ltr' id='par_1_113' title="bbox 3261 5679 3679 5746">
     <span class='ocr_line' id='line_1_114' title="bbox 3261 5679 3679 5746; baseline -0.005 -13"><span class='ocrx_word' id='word_1_794' title='bbox 3261 5679 3307 5710; x_wconf 72' lang='grc'><strong>³⁸</strong></span> <span class='ocrx_word' id='word_1_795' title='bbox 3333 5679 3376 5733; x_wconf 81' lang='grc' dir='ltr'>Α</span> <span class='ocrx_word' id='word_1_796' title='bbox 3415 5680 3679 5746; x_wconf 74' lang='grc' dir='ltr'>ἐζήλωκα.</span> 
     </span>
    </p>
   </div>
   <div class='ocr_carea' id='block_1_114' title="bbox 2449 5679 3678 5820">
    <p class='ocr_par' dir='ltr' id='par_1_114' title="bbox 2449 5679 3678 5820">
     <span class='ocr_line' id='line_1_115' title="bbox 2449 5679 3678 5752; baseline -0.011 -14"><span class='ocrx_word' id='word_1_797' title='bbox 2449 5679 2494 5710; x_wconf 71' lang='grc'>⁸⁸</span> <span class='ocrx_word' id='word_1_798' title='bbox 2529 5679 2662 5749; x_wconf 83' lang='grc' dir='ltr'>πρός</span> <span class='ocrx_word' id='word_1_799' title='bbox 2699 5698 2786 5752; x_wconf 79' lang='grc' dir='ltr'><strong>με.</strong></span> <span class='ocrx_word' id='word_1_800' title='bbox 2822 5681 2942 5735; x_wconf 83' lang='lat' dir='ltr'><strong>Des.</strong></span> <span class='ocrx_word' id='word_1_801' title='bbox 2992 5680 3044 5733; x_wconf 89' lang='lat' dir='ltr'><strong>in</strong></span> <span class='ocrx_word' id='word_1_802' title='bbox 3085 5679 3148 5735; x_wconf 72' lang='grc' dir='ltr'>Α.</span> <span class='ocrx_word' id='word_1_803' title='bbox 3261 5679 3307 5710; x_wconf 74' lang='grc'><strong><em>³⁸</em></strong></span> <span class='ocrx_word' id='word_1_804' title='bbox 3333 5679 3376 5733; x_wconf 80' lang='grc' dir='ltr'>Α</span> <span class='ocrx_word' id='word_1_805' title='bbox 3415 5680 3678 5746; x_wconf 65' lang='grc' dir='ltr'>ἐζήλωκα,</span> 
     </span>
     <span class='ocr_line' id='line_1_116' title="bbox 2449 5749 3678 5820; baseline -0.01 -15"><span class='ocrx_word' id='word_1_806' title='bbox 2449 5791 2455 5805; x_wconf 87' lang='lat'><strong>.</strong></span> <span class='ocrx_word' id='word_1_807' title='bbox 2513 5750 2628 5805; x_wconf 79' lang='grc' dir='ltr'>τοῦ.</span> <span class='ocrx_word' id='word_1_808' title='bbox 2737 5752 2783 5782; x_wconf 85' lang='grc'><em>³³</em></span> <span class='ocrx_word' id='word_1_809' title='bbox 2840 5750 2882 5807; x_wconf 86' lang='lat' dir='ltr'><strong>C</strong></span> <span class='ocrx_word' id='word_1_810' title='bbox 2915 5749 3122 5820; x_wconf 85' lang='grc' dir='ltr'>ὥσπερ.</span> <span class='ocrx_word' id='word_1_811' title='bbox 3203 5750 3248 5801; x_wconf 60' lang='grc'><strong>³3</strong></span> <span class='ocrx_word' id='word_1_812' title='bbox 3289 5751 3332 5806; x_wconf 69' lang='grc' dir='ltr'><strong>(ὶ</strong></span> <span class='ocrx_word' id='word_1_813' title='bbox 3380 5750 3678 5820; x_wconf 69' lang='grc' dir='ltr'>γίγνεσθαε,</span> 
     </span>
    </p>
   </div>
   <div class='ocr_carea' id='block_1_115' title="bbox 2737 5749 3122 5821">
    <p class='ocr_par' dir='ltr' id='par_1_115' title="bbox 2737 5749 3122 5821">
     <span class='ocr_line' id='line_1_117' title="bbox 2737 5749 3122 5821; baseline -0.008 -14"><span class='ocrx_word' id='word_1_814' title='bbox 2737 5752 2783 5782; x_wconf 85' lang='grc'><em>³³</em></span> <span class='ocrx_word' id='word_1_815' title='bbox 2840 5750 2882 5807; x_wconf 85' lang='lat' dir='ltr'><strong>C</strong></span> <span class='ocrx_word' id='word_1_816' title='bbox 2915 5749 3063 5805; x_wconf 84' lang='grc' dir='ltr'>ὥσπε</span> <span class='ocrx_word' id='word_1_817' title='bbox 3073 5767 3122 5821; x_wconf 92' lang='grc' dir='ltr'><strong>ρ.</strong></span> 
     </span>
    </p>
   </div>
  </div>
