3956 6202
356 440 492 511 1913

1513 455 1596 516 IN
1623 459 2018 525 ZACHARIJE
2047 465 2204 527 CAP.
2253 467 2413 530 VIII.

3472 471 3613 540 1914·

353 557 492 624 νίαν,
537 557 644 612 τῶν
673 559 894 629 ἀγαθῶν
921 561 1126 616 τούτων
1158 563 1219 617 οὑ
1261 562 1480 633 δέχεσθε
1515 563 1614 635 τὴν
1636 567 1682 598 ³⁸
1711 567 1922 629 ἐλπίδα.

2034 577 2299 631 bonorum
2314 591 2463 647 spem
2491 591 2596 632 non
2618 577 2928 634 admittitis.
2949 571 3092 652 [7,8]
3115 576 3182 633 At
3205 581 3466 637 convenit
3485 601 3613 650 vos,

355 648 630 720 Προσήκει
654 649 710 702 δὲ
739 651 882 722 ὑμᾶς
915 650 1010 706 τοῦ
1051 652 1424 724 ὑποσχομένου
1451 653 1511 707 τὸ
1540 654 1762 711 δυνατὸν
1789 659 1926 714 εἰδόο

349 757 472 805 τας,
513 741 905 807 ἁνενδοιάστως
952 744 1203 816 δέχεσθαι
1231 749 1302 804 τὰ
1355 749 1644 824 λεγόμενα,
1697 757 1790 811 καὶ
1839 775 1931 811 πι-

355 829 564 885 στεύειν
607 829 682 895 ὼς
709 833 982 904 σωτηρίας
1010 835 1232 908 ἁπάσης
1259 837 1352 893 τὸν
1372 840 1506 911 ἐμὸν
1535 842 1753 910 ἀξιώσω
1779 845 1924 915 λαὸν,

352 920 446 972 καὶ
501 919 764 974 πάντοθεν
816 922 976 975 αὑτὸν
1026 924 1385 996 συναθροίσας
1431 931 1511 994 είς
1542 931 1641 1002 τὴν
1669 934 1930 1004 πατρῴαν

351 1009 457 1079 γῆν
503 1010 789 1077 ἐπανάξω·
847 1011 1002 1082 κάγὼ
1055 1015 1300 1087 συνήθως
1354 1018 1412 1072 ἐν
1459 1023 1525 1091 τῇ
1573 1021 1930 1096 Ἰερουσαλὴμ

350 1103 646 1175 ποιήσομαι
689 1105 789 1176 τὴν
837 1107 1073 1177 ἐμαυτοῦ
1105 1110 1452 1180 ἐπιφάνειαν.
1489 1113 1660 1168 Τοῦτο
1691 1116 1800 1190 γὰρ
1838 1117 1928 1171 λέ-

349 1210 470 1263 γει·
527 1215 546 1248 ι
583 1197 1008 1270 Κατασκηνώσω
1038 1203 1095 1254 ἐν
1131 1201 1281 1273 μέσῳ
1326 1203 1702 1279 Ἰερουσαλήμ.
1743 1228 1762 1262 ι
1817 1212 1928 1266 Καὶ

348 1286 514 1351 αὐτὸς
547 1288 646 1360 μέν
675 1289 808 1360 ἐμὸς
833 1293 1162 1364 χρηματίσει
1191 1294 1348 1360 λαός⁶
1381 1297 1493 1366 ἐγὼ
1519 1298 1576 1352 δὲ
1601 1300 1765 1354 αὑτοῦ
1796 1301 1928 1368 Θεὸς

348 1378 795 1451 όνομασθήσομαι
816 1421 832 1446 ,
883 1383 982 1454 οὑχ
1017 1383 1206 1458 ὥσπερ
1241 1387 1412 1444 πάλαι
1443 1388 1676 1460 ψευδῶς,
1712 1390 1829 1446 ἀλλ’
1871 1396 1929 1449 ἐν

348 1470 578 1545 ἀληθείᾳ
607 1472 702 1526 καὶ
732 1475 790 1528 ἐν
818 1473 1155 1551 δικαιοσύνῃ.

419 1561 463 1615 θ’
499 1581 519 1615 ι
556 1564 694 1619 Τάδε
720 1564 868 1635 λέγει
912 1567 1120 1640 Κύριος
1164 1573 1595 1648 παντοκράτωρο
1631 1577 1928 1650 Κατισχυέ-

344 1670 526 1710 τωσαν
550 1656 606 1709 αί
632 1658 815 1730 χεῖρες
837 1659 992 1731 ὑμῶν
1016 1661 1125 1715 τῶν
1146 1663 1454 1719 ἀκουόντων
1475 1668 1532 1720 ἐν
1549 1669 1668 1733 ταῖς
1691 1670 1927 1741 ἡμέραις

344 1743 573 1811 ταύταις
600 1747 726 1808 τοὺς
755 1748 948 1819 λόγους
982 1751 1208 1818 τούτους
1241 1754 1306 1807 ἐκ
1353 1755 1618 1828 στόματος
1652 1757 1760 1812 τῶν
1793 1777 1927 1832 προ-

2031 681 2156 721 cum
2192 675 2517 738 potestatem
2559 668 2930 738 promittentis
2975 685 3084 724 non
3125 670 3393 742 ignoretis
3419 714 3433 740 ,
3488 675 3619 733 sine

2030 757 2372 814 dubitatione
2402 774 2464 813 ea
2505 775 2627 830 quae
2656 760 2922 816 dicuntur
2952 762 3207 832 excipere
3229 803 3247 828 ,
3295 775 3351 820 ct
3377 768 3614 826 credere

2031 865 2116 905 me
2137 851 2285 905 omni
2311 851 2526 907 ratione
2547 852 2781 908 salutem
2815 854 3000 926 populi
3023 856 3128 910 mei
3156 866 3606 928 procuraturum,

2030 945 2085 994 et
2114 937 2354 1010 undique
2382 950 2632 996 coactum
2661 941 2717 996 in
2754 951 3040 1012 paternam
3082 951 3288 1000 terram
3343 947 3608 1003 reductu-

2031 1047 2174 1096 rum,
2206 1039 2259 1088 et
2291 1033 2346 1088 in
2379 1032 2512 1088 urbe
2538 1031 2920 1107 Hierosolyma
2968 1044 3158 1107 aperte
3216 1039 3604 1109 appariturum

2029 1138 2172 1179 esse.
2214 1123 2330 1179 Hoc
2357 1125 2501 1179 enim
2555 1127 2816 1191 ostendit,
2844 1142 2970 1182 cum
3007 1127 3145 1183 dixit
3175 1146 3188 1183 :
3231 1148 3249 1182 ι
3279 1132 3295 1151 ⁶
3331 1128 3615 1186 Habitabo

2028 1215 2085 1270 in
2125 1216 2307 1272 medio
2351 1215 2762 1289 Hierosolyma.
2799 1237 2818 1272 ι
2867 1217 3044 1276 Ειὶιιε
3091 1221 3314 1291 quidem
3371 1222 3608 1293 populus

2031 1323 2187 1364 meus
2209 1310 2443 1374 dicetur,
2476 1327 2577 1380 ego
2609 1327 2737 1368 vero
2769 1309 2914 1368 Deus
2945 1309 3066 1384 ejus
3113 1313 3462 1379 uominabor,
3493 1327 3615 1369 non'

2031 1413 2089 1456 ut
2120 1401 2251 1458 olim
2294 1401 2456 1471 falso,
2484 1402 2582 1460 sed
2625 1403 2682 1459 in
2717 1404 2954 1461 veritate
2977 1405 3293 1476 etjustitia.

2101 1583 2270 1642 Vens.
2303 1586 2356 1642 9.
2384 1606 2402 1640 ι
2434 1584 2560 1643 Haec
2589 1587 2723 1644 dicit
2749 1588 3017 1648 Dominus
3040 1579 3394 1663 omnipotens
3422 1579 3607 1649 τοι)υέ

2030 1675 2299 1732 fortentur
2334 1694 2532 1735 manus
2571 1690 2787 1746 vestrae,
2824 1680 2918 1752 qui
2951 1681 3158 1738 auditis
3192 1682 3247 1737 in
3280 1683 3476 1739 diebus
3516 1683 3606 1739 his

2028 1782 2312 1824 sermones
2355 1768 2492 1824 istos
2511 1784 2608 1839 per
2630 1784 2693 1826 os
2721 1770 3134 1841 prephetarum,
3172 1773 3384 1843 1627
3407 1787 3470 1828 ex
3495 1787 3608 1842 quo

347 1837 556 1909 φητῶν.
587 1839 680 1933 ᾅςΐ
709 1835 779 1914 ἦς
807 1841 1022 1915 ἡμέρας
1049 1844 1435 1916 τεθεμελίωται
1465 1850 1492 1901 6
1535 1845 1685 1914 οἶκος
1713 1851 1922 1923 Κυρίου

2034 1857 2258 1914 fundata
2287 1868 2372 1915 est
2407 1835 2604 1916 domus
2635 1835 2854 1916 Domini
2910 1835 3430 1933 omnipoteut'i;-et
3463 1835 3602 1916 tem-

345 1932 810 2004 παντοκράτορος,
851 1935 945 1989 καὶ
975 1937 1004 1990 6
1042 1939 1168 2002 ναὸς
1198 1939 1292 2010 ἀφ’
1321 1933 1383 1995 οὗ
1417 1941 1778 2013 οἰκοδομεῖται
1803 1945 1868 2000 ³⁸.
1900 1963 1919 1998 ι

2034 1951 2181 2022 plum
2209 1968 2276 2007 ex
2307 1966 2416 2023 quo
2453 1951 2780 2010 aediﬁcatur.
2822 1973 2841 2008 ›
2877 1953 3277 2011 Promissionis
3308 1969 3442 2009 mete
3472 1970 3606 2009 con-

345 2023 627 2095 Ἔχοντες,
661 2028 816 2098 φησι,
862 2028 962 2100 τὴν
993 2029 1102 2084 ἀπὸ
1147 2031 1247 2102 τῆς
1286 2031 1430 2104 ἐμῆς
1463 2033 1796 2103 ἐπαγγελίας
1825 2035 1927 2107 ψυ-

341 2119 646 2189 χαγωγίαν,
679 2119 1012 2194 θαρροῦντες
1037 2123 1128 2177 τὸν
1157 2125 1299 2178 θεῖον
1325 2120 1471 2180 οἶκοι.
1509 2127 1921 2200 οίκοδομήσατε,

340 2209 491 2275 ὅπως
514 2213 614 2277 τάς
651 2231 710 2268 τε
739 2217 970 2286 νομικὰς
998 2218 1056 2270 ἐν
1089 2217 1236 2289 αὑτῷ
1257 2219 1516 2290 λατρείας
1549 2220 1922 2292 ἐπιτελέσητε,

341 2300 440 2356 καὶ
469 2301 571 2367 τὰς
601 2302 752 2368 θείας
782 2305 851 2359 δι’
888 2305 1056 2359 αὑτοῦ
1079 2307 1311 2377 χάριτας
1347 2307 1707 2381 ὑποδέξησθε.

422 2426 478 2476 ι’.
523 2437 543 2471 ι
566 2417 709 2474 Διότι
743 2418 848 2488 πρὸ
876 2419 985 2473 τῶν
1015 2419 1235 2492 ἡμερῶν
1279 2421 1509 2476 ἐκείνων
1533 2423 1562 2475 6
1591 2421 1782 2493 μισθὸς
1815 2421 1923 2476 τῶν

341 2513 648 2587 ἀνθρώπων
695 2511 796 2567 οὑκ
824 2507 893 2583 ἦν
917 2512 961 2544 ³⁸
1003 2514 1084 2576 είς
1129 2514 1338 2584 ὄνησιν,
1385 2516 1478 2569 καὶ
1510 2517 1538 2568 6
1575 2513 1769 2586 μισθὸς
1814 2514 1923 2567 τῶν

345 2605 560 2679 κτηνῶν
586 2607 684 2678 οὑχ
711 2605 927 2676 ὑπῆρχε
945 2606 1014 2668 ³⁸,
1045 2605 1240 2676 καὶτῷ
1273 2607 1698 2678 ἐκπορευομένῳ
1729 2607 1822 2661 καὶ
1847 2605 1925 2677 τῷ

345 2696 788 2769 εἰσπορευομένῳ
801 2694 847 2726 ⁸⁸
873 2696 973 2750 οὑκ
996 2689 1120 2767 ἦνδι
1145 2696 1337 2767 είρήνη
1364 2694 1473 2749 ἀπὸ
1492 2695 1591 2766 τῆς
1618 2694 1871 2765 θλίψεως.
1899 2712 1917 2745 ι

359 2790 558 2845 Ἠνίκα
588 2788 687 2860 μὲν
714 2787 823 2858 γὰρ
851 2789 951 2858 τῆς
981 2786 1294 2857 οίκοδομίας
1328 2787 1714 2857 κατημελεῖτε,
1735 2787 1921 2857 φησὶν,

344 2880 579 2953 ἀκερδὴς
612 2879 710 2950 μὲν
736 2873 804 2950 ἦν
833 2878 943 2932 τῶν
973 2877 1281 2950 ἀνθρώπων
1311 2879 1338 2932 6
1363 2877 1546 2946 πόνος,
1580 2877 1838 2948 ἀνόνητος
1865 2876 1924 2930 δὲ

343 2971 456 3025 τῶν
481 2971 705 3041 κτηνῶν·
724 2973 751 3024 6
783 2970 993 3042 μισθὸς,
1014 2971 1072 3023 ἐν
1102 2969 1267 3024 δέειη
1299 2969 1355 3024 δὲ
1379 2971 1616 3040 διηνεκεῖ
1646 2968 1926 3040 καθειστή-

346 3082 537 3120 κεισαν
559 3063 820 3126 ἅπαντες,
844 3063 940 3116 καὶ
961 3061 1392 3133 ἀποδημοῦντες,
1425 3061 1521 3117 καὶ
1545 3059 1922 3134 ἐνδημοῦντες.

352 3177 371 3211 ι
400 3159 511 3211 Καὶ
543 3155 889 3222 ἐξαποστελῶ
920 3155 1130 3220 πάντας
1158 3155 1286 3218 τοὺς
1316 3154 1658 3227 ἀνθρώπους,
1695 3152 1925 3208 ἕκαστον

2029 2044 2395 2114 solatiouem,
2427 2046 2628 2118 inquit,
2666 2047 2959 2112 habentes,
2993 2063 3194 2120 magna
3235 2047 3434 2103 ﬁducia
3463 2047 3607 2102 divi-

2028 2152 2155 2192 nam
2186 2137 2408 2194 domum
2471 2139 2831 2206 exmdilicate,
2883 2149 2943 2196 ut
2993 2151 3050 2197 et
3097 2141 3398 2211 legitimam
3451 2139 3507 2196 in
3539 2155 3603 2195 ea

2028 2227 2354 2298 religionem
2390 2228 2628 2295 obeatis,
2659 2238 2714 2284 et
2755 2244 2855 2300 per
2886 2244 3006 2286 eam
3053 2228 3240 2285 divina
3269 2229 3413 2285 dona
3463 2228 3606 2285 reci-

2027 2318 2216 2390 piatis.

2098 2430 2268 2488 Vens.
2294 2433 2379 2488 lo.
2407 2452 2426 2484 ι
2465 2432 2605 2499 Quia
2629 2441 2754 2490 ante
2771 2434 2889 2490 dies
2924 2434 3048 2490 illos
3076 2448 3293 2490 merces
3319 2431 3606 2489 hominum

2028 2540 2135 2582 non
2156 2533 2271 2580 erat
2289 2525 2344 2580 in
2367 2526 2604 2591 lucrum,
2628 2536 2681 2582 et
2703 2542 2912 2583 merces
2928 2527 3308 2596 iumentorum
3327 2540 3437 2579 non
3471 2525 3606 2580 sub-

2027 2615 2278 2681 sistebat,
2311 2622 2366 2670 et
2392 2616 2695 2687 egredienti
2734 2627 2790 2672 et
2819 2617 3146 2687 ingredienti
3182 2632 3290 2672 non
3320 2623 3444 2671 erat
3496 2630 3604 2685 pax

2025 2719 2136 2775 pra:
2167 2705 2540 2761 tribulatione.
2573 2724 2592 2758 ι
2630 2705 2768 2759 Cum
2819 2705 2968 2760 enim
3015 2704 3307 2760 aediﬁcatio
3351 2702 3538 2772 templi
3573 2717 3603 2756 a

2026 2796 2182 2853 vobis
2206 2795 2602 2868 negligebatur,
2636 2796 2836 2867 inquit,
2873 2795 3159 2852 hominum
3197 2793 3418 2866 quidem
3440 2793 3602 2849 labor

2028 2884 2411 2941 infructuosus
2425 2895 2578 2952 crat,
2606 2895 2661 2942 et
2682 2885 3061 2956 jumentorum
3090 2900 3305 2942 merces
3339 2884 3554 2940 inutilis
3587 2901 3602 2938 :

2027 2993 2220 3034 omnes
2253 2985 2433 3033 autem
2464 2977 2716 3033 homines
2743 2974 2892 3032 domi
2919 2974 3163 3047 forisque
3195 2973 3422 3031 assiduo
3453 2981 3604 3029 metu

2027 3069 2537 3126 commovebantur.
2581 3088 2597 3120 ι
2641 3068 2706 3122 Et
2749 3068 2998 3122 emittam
3051 3081 3244 3121 omnes
3313 3064 3601 3130 homines,

2029 3177 2479 3233 unumquemque
2529 3160 2598 3217 ad
2651 3159 2961 3231 proximum
3009 3175 3192 3215 suum.
3238 3158 3396 3230 »Εεο
3454 3158 3602 3213 enim

343 3252 484 3323 πρὸς
513 3251 605 3305 τὸν
639 3249 869 3321 πλησίον
895 3248 1083 3305 αὑτοῦ.
1132 3267 1150 3301 ι
1207 3248 1350 3316 Ἐγὼ
1389 3247 1498 3320 γὰρ
1536 3247 1627 3302 διὰ
1657 3247 1757 3318 τὴν
1796 3245 1924 3318 περὶ

2034 3263 2254 3325 propter
2313 3269 2499 3310 rerum
2556 3253 2868 3309 divinarum
2935 3251 3357 3325 negligentiam,
3414 3251 3604 3307 turbas

342 3345 416 3398 τὰ
445 3343 565 3398 θεῖα
600 3342 896 3414 ὀλιγωρίαν
940 3342 1069 3406 τοὺς
1117 3340 1452 3411 ἐπαλλήλους
1501 3341 1629 3412 ὑμῖν
1661 3339 1922 3412 θορύϐους

342 3435 640 3504 ἐπήγειρα.
674 3431 789 3485 Νῦν
821 3431 878 3485 δὲ
905 3431 1048 3503 ὀρῶν
1081 3429 1236 3501 ὑμῶν
1268 3429 1367 3500 τὴν
1407 3429 1536 3501 περὶ
1569 3429 1668 3501 τὴν
1721 3429 1923 3483 οίκοδο-

344 3526 477 3594 μίαν
525 3522 781 3595 σπουδὴν,
829 3521 986 3576 δώσω
1040 3521 1140 3592 μὲν
1191 3522 1321 3592 ὑμῖν
1368 3519 1476 3592 πρὸ
1519 3521 1628 3574 τῶν
1674 3520 1850 3576 ἄλλων
1877 3520 1924 3552 ⁸³

343 3617 602 3672 ἁπάντων
633 3615 734 3686 τῆς
762 3615 988 3686 εἰρήνης
1020 3614 1079 3667 τὸ
1103 3613 1274 3685 δῶρον
1301 3629 1314 3642 ”
1367 3612 1705 3669 ἀπολαύσετε
1743 3613 1800 3666 δέ
1829 3613 1924 3668 καὶ

339 3707 452 3761 τῶν
491 3707 602 3762 ἀπὸ
645 3710 749 3778 γῆς
800 3705 1052 3777 καρπῶν,
1089 3704 1296 3760 ἄνωθεν
1325 3704 1435 3759 τῶν
1479 3705 1648 3760 ὑετῶν
1675 3703 1923 3775 ἀφθόνως

340 3791 579 3870 χόρηγου
587 3796 781 3867 μένων.
1045 3862 1062 3878 ’

414 3919 504 3981 ιγ’.
551 3930 569 3963 ι
599 3912 710 3966 Καὶ
751 3909 924 3975 ἐσται,
971 3909 1029 3962 ὃν
1058 3911 1258 3982 τρόπον
1289 3906 1390 3982 ἦτε
1438 3911 1497 3964 ἐν
1542 3908 1763 3983 κατάρᾳ
1785 3909 1830 3941 ⁸³
1863 3910 1922 3963 ἐν

338 4005 455 4068 τοῖς
493 4002 723 4064 ἐθνεσιν,
751 3997 897 4064 οἶκος
948 3999 1140 4065 Ἰούδα,
1172 4003 1270 4056 καὶ
1295 3997 1444 4066 οἶκος
1494 4001 1731 4074 Ἰσραὴλ,
1777 4000 1922 4055 οὑτω

339 4093 590 4150 διασώσω
618 4093 762 4164 ὑμᾶς
776 4092 845 4158 ⁷⁵⁸,
879 4093 974 4147 καὶ
1005 4092 1194 4147 ἔσεσθε
1225 4095 1282 4146 ἐν
1321 4093 1562 4166 εὐλογίᾳ.
1606 4113 1626 4146 ι
1679 4093 1937 4148 Είὼθασι’

339 4189 452 4258 γὰρ
499 4186 550 4240 οἱ
579 4185 880 4256 ἄνθρωποι,
920 4185 1018 4238 καὶ
1052 4185 1424 4255 ἐπαρώμενοι,
1447 4188 1574 4250 τοὺς
1613 4189 1920 4257 συμφοραῖς

340 4275 833 4348 περιπεπτωκότας
887 4273 1076 4342 φέρειν
1137 4275 1218 4336 είς
1279 4275 1479 4343 μέσον,
1546 4274 1641 4328 καὶ
1695 4274 1916 4342 λέγειν’

340 4367 544 4431 ἱίάθοις
562 4366 787 4422 τοιαῦτα
811 4359 898 4420 οἷα
924 4368 951 4420 6
973 4365 1118 4420 δεῖνα
1141 4364 1374 4419 πέπονθε
1401 4382 1414 4395 ο
1443 4366 1539 4418 καὶ
1562 4364 1919 4435 ἐπευχόμενοί

338 4475 454 4512 τισι
483 4458 594 4512 τῶν
623 4459 721 4528 τῆς
751 4457 900 4521 θείας
935 4455 1185 4523 εὐλογίας
1218 4453 1543 4526 ἠξιωμένων
1587 4455 1919 4527 προσφέρειν

338 4550 440 4620 τὴν
471 4551 710 4622 μνήμην·

416 4680 438 4717 ι
463 4662 747 4734 Θαρσεῖτε,
786 4663 883 4717 καὶ
912 4660 1233 4733 κατισχύετε
1266 4661 1323 4714 ἐν
1354 4661 1474 4724 ταῖς
1506 4660 1694 4731 χερσὶν
1728 4658 1881 4730 ὑμῶν
1902 4675 1915 4689 ·

338 4754 361 4816 ί
371 4753 450 4818 ιδ’,
472 4753 578 4824 ιε’.)
611 4753 756 4807 Διότι
784 4753 910 4808 τάδε
943 4755 1092 4823 λέγει
1120 4753 1326 4826 Κύριος
1355 4752 1781 4822 παντοκράτωρ⁹
1822 4752 1919 4804 Ὃν

342 4845 542 4916 τρόπον
567 4844 849 4917 διενοήθην
880 4844 974 4899 τοῦ
1007 4845 1259 4899 κακῶσαι
1289 4845 1434 4915 ὑμᾶς
1460 4845 1518 4897 ἐν
1542 4843 1621 4915 τῷ
1655 4844 1923 4915 παροργί-

347 4956 434 4992 σαι
471 4954 539 5009 με
569 4937 695 5000 τοὺς
725 4937 968 5008 πατέρας
993 4937 1168 5008 ὑμῶν,
1204 4936 1353 5004 λέγει
1376 4935 1584 5008 Κύριος
1613 4935 1920 5007 παντοκρά-

1949 4627 1996 4684 D

2030 3349 2176 3403 inter
2200 3363 2300 3403 vos
2323 3348 2626 3404 continuas
2669 3347 2924 3404 excitavi.
2978 3345 3212 3420 [11,12]
3267 3345 3422 3402 Nunc
3473 3361 3605 3402 vero

2025 3439 2222 3496 videns
2263 3440 2504 3496 studium
2537 3450 2785 3497 vestrum
2828 3456 2958 3510 erga
3003 3439 3444 3505 aediﬁcationem,
3476 3449 3606 3495 ante

2027 3530 2169 3585 alias
2201 3544 2290 3584 res
2333 3544 2526 3586 omnes
2577 3529 2720 3586 dabo
2768 3530 2926 3586 vobis
2959 3529 3112 3608 pacis
3159 3526 3366 3583 donum
3399 3548 3411 3583 :
3444 3535 3604 3583 terra:

2027 3627 2208 3675 autem
2242 3618 2497 3691 frugibus
2531 3636 2753 3693 quoque
2783 3619 3068 3688 Iruemini,
3117 3618 3319 3692 pluviis
3369 3617 3605 3689 desuper

2025 3711 2244 3768 abunde
2273 3713 2580 3770 concessis.

2097 3905 2263 3965 Vsus.
2305 3908 2392 3965 15.
2422 3925 2440 3958 ι
2475 3906 2544 3964 Ει
2573 3908 2700 3976 erit,
2731 3907 2878 3964 sicut
2905 3907 3079 3964 eratis
3129 3903 3408 3962 maledicti
3459 3903 3605 3960 inter

2025 4008 2240 4072 gentes,
2295 4000 2494 4058 domus
2527 3999 2705 4067 Iudae,
2738 4007 2794 4056 et
2848 3999 3049 4056 domus
3077 3997 3324 4063 lsraelis,
3353 3997 3435 4053 sic
3491 3994 3605 4052 sal-

2022 4097 2165 4152 vabo
2193 4110 2316 4160 vos,
2344 4102 2400 4151 et
2431 4096 2586 4152 eritis
2615 4093 2917 4151 benedicti.
2963 4111 2982 4144 ι
3016 4091 3210 4148 Solent
3239 4090 3389 4145 enim
3422 4087 3602 4143 homi-

2023 4204 2146 4252 nes,
2177 4196 2234 4243 et
2265 4202 2392 4242 cum
2445 4188 2846 4257 imprecantur,
2895 4201 2990 4240 eos
3016 4185 3110 4254 qui
3157 4185 3211 4237 in
3262 4183 3604 4238 calamitates

2022 4279 2335 4334 inciderunt
2363 4279 2419 4333 in
2457 4277 2696 4332 medium
2727 4278 2942 4340 all‘erre,
2975 4289 3039 4328 ac
3063 4273 3247 4339 dicere
3277 4290 3292 4327 :
3318 4270 3474 4326 Talia
3501 4271 3602 4326 tibi

2022 4369 2362 4440 contingant,
2417 4369 2601 4438 qualia
2647 4369 2724 4422 illi
2776 4367 3127 4436 contigerunt
3167 4381 3182 4419 :
3219 4373 3273 4420 et
3307 4378 3432 4418 cum
3465 4362 3603 4418 bene

2019 4471 2341 4532 precantur,
2376 4473 2570 4515 eorum
2632 4458 2968 4515 mentionem
3005 4458 3212 4522 facere,
3254 4454 3460 4527 quibus
3513 4454 3600 4510 di-

2022 4553 2150 4609 vina
2176 4552 2372 4624 obtigit
2405 4549 2751 4608 benedictio:

2101 4685 2120 4718 ι
2159 4666 2449 4732 Conﬁdite,
2475 4673 2530 4720 et
2556 4663 2943 4721 confortemini
2982 4666 3038 4720 in
3070 4664 3328 4720 manibus
3359 4662 3561 4719 vestris
3585 4680 3603 4717 :

2025 4757 2214 4828 (Vens.
2249 4758 2337 4822 Μ,
2371 4755 2485 4826 15.)
2513 4756 2653 4822 Quia
2699 4757 2915 4828 1328
2965 4755 3083 4810 haec
3143 4753 3279 4810 dicit
3338 4751 3606 4808 Dominus

2022 4849 2592 4921 omnipotens:Sicut
2632 4847 2868 4919 cogitavi
2902 4859 2962 4902 ut
3005 4847 3300 4918 amigerem
3355 4860 3475 4910 vos,
3537 4859 3608 4901 eo

2024 4942 2169 5014 quod
2192 4957 2277 4998 me
2299 4939 2367 4996 ad
2395 4939 2741 4995 iracundiam
2767 4945 3159 5010 provocassem
3193 4945 3380 5008 patres
3410 4937 3602 5003 vestri,

342 5045 479 5098 τωρ,
522 5027 616 5081 καὶ
645 5027 704 5079 οὑ
755 5027 1094 5098 μετενόησα·
1148 5026 1294 5080 οὕτω
1340 5029 1786 5098 παρατέταγμαι,
1824 5027 1919 5080 καὶ

2034 5034 2156 5090 dicit
2214 5033 2479 5089 Dominus
2509 5031 2880 5101 omnipotens,
2910 5039 2966 5087 et
3010 5045 3118 5085 non
3164 5044 3251 5086 me
3293 5028 3600 5099 paenituit:

341 5119 688 5189 διανενόημαι
733 5119 790 5171 ἐν
823 5120 947 5179 ταῖς
975 5117 1213 5189 ήμέραις
1249 5117 1499 5183 ταύταις,
1539 5118 1630 5172 τοῦ
1647 5119 1692 5152 ⁵⁸
1734 5119 1918 5182 καλῶς

2034 5129 2102 5182 ita
2124 5135 2350 5198 paratus
2379 5139 2522 5190 sum,
2553 5129 2607 5179 et
2639 5122 2875 5195 cogitavi
2901 5122 2959 5177 in
2989 5121 3183 5178 diebus
3207 5120 3352 5186 istis,
3389 5129 3449 5174 ut
3467 5121 3607 5174 bene

346 5211 566 5280 ποιῆσαι
597 5209 694 5280 τὴν
714 5208 758 5241 ⁸⁷
800 5209 1174 5280 Ἰερουσαλὴμ,
1197 5211 1403 5264 καὶτὸν
1433 5206 1580 5264 οἶκον
1597 5211 1641 5244 ⁸⁸
1675 5211 1866 5266 Ἰούδα.
1895 5230 1914 5264 ι

2034 5219 2226 5274 faciam
2279 5215 2692 5286 Hierosolyma,
2741 5221 2797 5268 et
2829 5212 3018 5269 domui
3069 5211 3247 5269 Judze.
3287 5232 3306 5266 ι
3333 5208 3606 5278 Quemad-

345 5302 630 5372 Καθάπερ,
664 5301 851 5371 φησὶν,
897 5301 1117 5374 ἀληθεῖς
1146 5302 1324 5368 ἔδειξα
1373 5304 1472 5374 τῆς
1521 5305 1791 5377 τιμωρίας
1822 5304 1920 5369 τὰς

2034 5311 2274 5375 modum,
2295 5309 2498 5380 inquit,
2526 5322 2686 5364 veras
2699 5321 2824 5363 esse
2853 5322 3142 5378 poenarum
3164 5306 3341 5361 minas
3366 5301 3604 5369 ostendi,

344 5392 596 5461 ἀπειλὰς,
625 5393 765 5448 οὑτω
788 5394 880 5449 καὶ
903 5397 1022 5459 ταῖς
1055 5395 1286 5464 ἀγαθαῖς
1316 5396 1650 5466 οἰκονομίαις
1677 5397 1924 5469 ἐπιθήσω

2034 5403 2113 5456 sic
2145 5400 2312 5457 etiam
2345 5399 2506 5456 bonis
2543 5398 3050 5469 dispensationibus
3085 5398 3248 5454 ﬁnem
3300 5393 3605 5464 imponam.

1646 5572 1880 5630 VARIA‘I
1923 5573 2325 5632 LEC'I'IONES.

3019 5729 3063 5760 “
3098 5743 3151 5780 κ.
3193 5725 3271 5796 τῷ
3295 5726 3439 5780 είσπ.
3481 5724 3604 5782 Des.

419 5734 462 5764 ³⁸
493 5732 591 5803 τὴν
618 5763 687 5772 —
719 5732 984 5800 δέχεσθαι.
1023 5729 1148 5787 Des.
1187 5731 1237 5784 in
1266 5732 1327 5785 C.
1406 5732 1447 5762 ³⁷
1477 5731 1516 5785 C
1542 5731 1905 5801 ᾠκοδόμηται.
2017 5731 2060 5762 ³⁸
2091 5729 2177 5802 ἦν.
2210 5733 2252 5782 Λ
2289 5730 2460 5784 ἔσται.
2537 5733 2581 5764 ³⁵
2605 5731 2649 5785 Α
2673 5730 2925 5802 ὑπάρξει.
3019 5729 3063 5760 ⁸⁸
3098 5743 3151 5780 κ.
3193 5729 3271 5796 τῷ
3295 5729 3439 5780 είσπ.
3481 5729 3582 5782 Des

438 5804 499 5854 Α.
609 5801 649 5832 ⁵⁸
683 5797 766 5867 ἦν.
800 5803 836 5854 Α
877 5803 1046 5855 ἔσται.
1157 5803 1202 5830 ⁸²
1226 5803 1264 5856 C
1292 5803 1483 5864 ἐνδεεῖς
1518 5811 1571 5855 et
1595 5801 1788 5855 deinde
1813 5801 2095 5867 διηνεκῶς.
2190 5801 2234 5832 ⁸³
2266 5801 2382 5854 ἄλλ.
2423 5802 2462 5855 C
2499 5817 2685 5867 praem.
2724 5803 2840 5867 μέν.
2953 5797 2997 5831 ⁸⁵
3029 5801 3074 5852 Α
3105 5796 3336 5867 κατάρα.
3423 5797 3470 5828 ⁵⁸
3501 5796 3582 5866 ﬁt:

357 5806 408 5872 iu
438 5804 499 5854 Α.
549 5797 559 5803 ’
609 5801 649 5832 δ’
683 5797 836 5872 ἦνζλ
877 5803 1046 5872 ἔσται.
1157 5803 1202 5830 ⁸²
1226 5803 1264 5856 C
1292 5803 1483 5864 ἐνδςεῖς
1518 5797 1571 5855 et
1595 5797 1788 5855 deinde
1813 5801 2095 5868 διηνεκῶς.

355 5871 432 5924 lix
458 5872 498 5926 Α
530 5870 714 5944 suppl.
777 5872 820 5903 ⁸⁸
850 5870 961 5925 τοῦ.
1000 5870 1073 5926 lix
1102 5872 1145 5926 Α
1178 5874 1353 5944 suppl.
1414 5875 1451 5903 ³⁷
1488 5874 1602 5943 τήν.
1635 5872 1692 5926 lu
1726 5876 1766 5923 Α
1807 5872 1921 5926 des.
1953 5872 1991 5926 (3
2022 5875 2107 5943 τῇ.

2017 5731 2060 5762 ³⁸
2091 5725 2252 5802 ἦν.νᾼ
2289 5730 2460 5802 ἔσται.
2537 5733 2581 5764 ³⁵
2605 5731 2649 5785 Α
2673 5730 2925 5802 ὑπάρξει.

2012 5801 2123 5863 ὥς(
2190 5801 2234 5832 ⁸³
2266 5801 2382 5854 ἄλλ.
2423 5802 2462 5855 C
2499 5817 2685 5870 praem.
2724 5801 2840 5872 μέν.

2022 5875 2107 5928 τῆ.
2191 5873 2234 5902 ³⁸
2256 5873 2294 5928 C
2331 5872 2406 5928 τῷ
2441 5873 2588 5928 οἴκῳ.

3257 5969 3378 5987 μη..
