3878 6204
437 318 532 385 187

1423 322 1915 383 THEODORETI
1935 321 2273 383 EPISCOPI
2295 324 2662 386 CYRENSIS

3589 319 3687 385 188

431 444 656 501 gressus
690 429 789 491 tui.
822 428 929 484 ﬁlia
956 428 1187 485 Nadab!
1244 448 1264 481 ι
1311 428 1537 494 Verum,
1574 438 1633 485 ut
1672 447 1783 489 non
1836 431 1993 486 modo

2107 435 2388 506 προφήτης
2423 434 2648 495 ’ίίσαῖας
2711 430 2957 503 προορῶν
3014 430 3218 500 ἔλεγεν·
3268 448 3285 483 ι
3355 430 3443 494 Ὠς
3496 431 3684 502 ὡραῖοι

429 537 497 577 ex
538 521 782 576 nominis
816 521 1291 592 interpretatione,
1333 523 1428 576 sed
1463 523 1631 577 etiam
1664 539 1727 578 ex
1764 524 1885 594 ipso
1909 539 2006 578 no-

433 611 583 667 mine
627 612 1115 681 contemplationis
1168 611 1408 679 alicujus
1453 620 1721 668 nascatur
1755 614 2004 677 occasio,

431 718 561 773 age,
604 704 732 774 quis
760 702 949 758 Nadab
993 705 1063 758 sit
1114 702 1534 774 investigemus.
1592 704 1719 759 Fuit
1765 705 2006 760 Aaronis

435 794 582 849 ﬁlius
617 794 667 858 δ,
698 794 826 862 qui,
859 808 984 848 cum
1036 791 1215 862 ignem
1250 793 1490 848 alienum
1537 796 1591 849 in
1624 796 1716 849 Dei
1748 796 2007 850 taberna-

431 886 618 939 culum
666 886 961 948 intulisset,
1019 885 1145 939 vitae
1190 885 1350 940 ﬁnem
1401 888 1638 959 accepit.
1690 886 2005 944 Invenimus

432 973 605 1043 igitur
631 983 684 1027 et
720 973 937 1027 Domini
982 988 1243 1043 sponsam
1296 975 1604 1031 Ecclesium
1655 978 1908 1033 divinum
1945 978 2004 1034 in

428 1062 846 1115 tabernaculum
893 1077 1002 1116 non
1063 1063 1246 1134 ignem
1306 1066 1560 1136 legalem,
1624 1069 1722 1123 sed
1775 1084 2000 1132 novum,

427 1166 590 1218 quem
624 1153 692 1205 ab
714 1152 836 1222 ipso
863 1168 1072 1223 sponso
1090 1167 1433 1226 susceperat,
1477 1160 1755 1215 intulisse.
1778 1180 1799 1214 ι
1823 1161 2002 1231 Ignem

426 1243 593 1305 enim,
624 1244 839 1313 inquit,
890 1247 1013 1300 veni
1072 1248 1285 1304 mittere
1338 1249 1393 1303 in
1445 1251 1746 1317 mundum;
1781 1260 1836 1308 et
1866 1253 2000 1323 quid

428 1332 573 1395 volo.
607 1333 652 1388 si
680 1334 793 1403 jam
827 1353 1098 1392 accensus
1133 1348 1221 1394 est
1250 1351 1272 1379 ι·
1300 1341 1323 1394 ?
1350 1360 1368 1393 ι
1405 1340 1588 1412 [gnem
1622 1343 1769 1398 hunc
1799 1360 2004 1400 novum

423 1436 490 1477 es
535 1422 688 1479 Novo
726 1424 1079 1484 Testamento
1122 1432 1175 1485 in
1214 1430 1310 1487 Dei
1354 1433 1771 1489 tabernaculum
1818 1436 2006 1490 intulit

428 1530 656 1587 Sponsa,
697 1519 942 1573 clamans
976 1528 1029 1575 et
1067 1520 1295 1577 dicens:
1335 1540 1355 1574 ι
1394 1522 1596 1579 Vetera
1634 1527 2001 1596 transierunt,

423 1622 555 1664 ecce
605 1607 748 1662 facta
805 1620 934 1665 sunt
980 1611 1163 1664 omnia
1220 1627 1362 1667 nova
1395 1612 1444 1667 ά.
1499 1634 1519 1667 ι
1577 1616 1773 1673 Merito
1834 1620 2005 1691 igitur

429 1709 585 1754 vocat
623 1715 742 1755 eam
784 1719 805 1753 ι
847 1701 1013 1756 ﬁliam
1045 1700 1256 1769 Nadab,
1314 1722 1334 1755 ι
1376 1721 1499 1775 quae
1553 1709 1677 1778 igne
1719 1726 1863 1766 novo
1910 1728 1999 1768 sa-

424 1791 692 1846 criﬁcium
746 1793 1030 1848 hominum
1084 1793 1366 1850 obtulerit.
1408 1796 1562 1854 Licet
1596 1801 1739 1856 enim
1776 1802 1996 1860 diverso

2110 530 2158 581 οί
2188 527 2344 591 ποδες
2375 525 2484 579 τῶν
2519 523 3020 594 εὐαγγελιζομένων
3049 524 3271 594 εἰρήνην
3300 525 3363 588 η,
3387 522 3498 578 τῶν
3525 524 3691 592 εὐαγ.

2108 616 2471 688 γελιζομένων
2503 615 2711 683 ἀγαθαί
2740 635 2757 666 ι
2786 615 2910 678 Τοῖς
2945 615 3128 677 αὐτοῖς
3152 615 3358 684 ῥήμασι
3377 614 3471 668 καὶ
3498 615 3528 667 ὁ
3550 633 3688 684 νυμ-

2111 710 2231 780 φίος
2291 711 2349 762 ὲν
2405 708 2540 778 τῷδε
2588 707 2666 778 τῷ
2729 707 3122 778 συγγράμματι
3150 706 3490 778 κεχρημένος
3514 706 3686 776 φησί’

2114 822 2133 855 ι
2166 803 2230 856 Τί
2262 801 2625 872 ὼραιώθησαν
2657 798 2971 870 διαϐήματᾶ
2999 817 3115 864 σου,
3141 799 3379 870 θύγατερ
3419 798 3640 853 Ναδάὅί
3665 817 3683 849 ι

2111 893 2229 946 Ἵνα
2250 893 2308 945 δὲ
2340 891 2414 962 μὴ
2468 891 2626 962 μόνον
2660 890 2767 943 ἀπὸ
2812 891 2911 961 τῆς
2942 890 3239 960 ἑρμηνείας
3278 890 3372 944 τοῦ
3402 890 3688 960 ὀνόματος,

2107 983 2240 1038 ἀλλά
2267 984 2363 1037 καὶ
2395 982 2454 1049 ἐξ
2485 982 2647 1036 αὐτοῦ
2676 982 2771 1035 τοῦ
2825 982 3090 1053 ὀνόματος
3120 982 3375 1053 λάϐωμέν
3406 1000 3524 1036 τινα
3555 981 3690 1035 θεω-

2107 1077 2250 1147 ρίαν,
2307 1076 2438 1148 φέρε
2494 1075 2817 1146 ζητήσωμεν
2869 1074 2953 1138 τίς
2986 1077 3014 1128 ὁ
3069 1074 3277 1129 Ναδάό.
3312 1074 3439 1138 Υἱὸς
3478 1073 3690 1145 ’Λαρὼν

2105 1166 2353 1236 ἐγένετο·
2396 1165 2510 1234 πῦρ
2538 1166 2596 1218 δὲ
2646 1165 2923 1235 ἀλλότριον
2954 1167 3031 1229 είς
3054 1163 3153 1235 τὴν
3189 1163 3287 1219 τοῦ
3319 1162 3453 1217 Θεοῦ
3483 1165 3688 1234 σκηνὴν

2104 1255 2448 1325 εἰσενεγκὼν,
2479 1255 2540 1308 τὸ
2584 1254 2734 1318 τέλος
2773 1253 2864 1307 τοῦ
2917 1254 3032 1324 βίου
3067 1253 3305 1319 ἐδέξατο.
3347 1252 3689 1324 Εὐρίσκομεν

2103 1349 2283 1402 τοίνυν
2315 1347 2409 1402 καὶ
2457 1347 2550 1400 τοῦ
2581 1347 2784 1419 Κυρίου
2820 1346 2919 1417 τὴν
2948 1346 3187 1416 νύμφην,
3217 1344 3315 1416 τὴν
3355 1344 3687 1412 Ἐκκλησίαν

2106 1439 2267 1509 φημὶ,
2297 1438 2356 1492 οὗ
2391 1438 2451 1491 τὸ
2495 1438 2715 1508 νομικὸν
2746 1438 2878 1508 πῦρ,
2927 1436 3065 1491 ἀλλὰ
3093 1436 3154 1489 τὸ
3202 1435 3388 1490 καινὸν
3402 1435 3450 1468 ¹⁰
3477 1436 3558 1497 εἰς
3587 1434 3688 1504 τὴν

2106 1531 2257 1585 θείαν
2290 1524 2707 1598 είσὲνεγκοῦσαν
2750 1530 2976 1600 σκηνήν.
2999 1527 3198 1581 Ἔλαὸε
3221 1527 3279 1580 δὲ
3314 1526 3470 1581 τοῦτο
3488 1527 3550 1580 τὸ
3577 1525 3688 1597 πῦρ

2107 1621 2425 1694 παρ’·αὺτοῦ
2448 1621 2542 1675 τοῦ
2575 1621 2835 1692 νυμφίου.
2859 1641 2876 1672 ι
2904 1621 3021 1692 Πῦρ
3051 1620 3160 1690 γάρ
3204 1614 3366 1691 ἦλθον
3405 1618 3586 1686 βαλεῖν
3605 1621 3689 1683 εἰς

2105 1714 2196 1768 τὸν
2227 1713 2450 1783 κόσμον·
2491 1713 2585 1765 καὶ
2618 1711 2669 1764 τί
2699 1711 2837 1765 θέλω
2857 1712 2924 1773 ἰ,
2949 1713 2996 1764 εί
3044 1711 3146 1782 ἤδη
3185 1710 3430 1780 ἀνήφθης
3459 1730 3477 1761 ι
3513 1708 3689 1763 Τοῦτο

2108 1803 2169 1856 τὸ
2198 1802 2382 1856 καινὸν
2403 1802 2514 1874 πῦρ
2541 1801 2631 1855 διὰ
2655 1802 2755 1871 τῆς
2782 1801 2988 1872 Καινῆς
3009 1801 3285 1872 Διαθήκης
3316 1801 3395 1863 είς
3412 1799 3509 1871 τὴν
3535 1800 3688 1854 θείαν

424 1884 662 1937 consilio
699 1884 880 1955 ignem
915 1886 1005 1940 hic
1027 1894 1083 1941 et
1113 1887 1208 1941 illa
1243 1891 1658 1955 commutarint,
1683 1906 1790 1946 una
1813 1901 1993 1949 tamen

2105 1892 2492 1962 είσενεγκοῦσα
2540 1891 2763 1963 σκηνὴν,
2821 1892 2920 1964 βοᾷ
2949 1892 3042 1946 καὶ
3094 1892 3241 1957 λέγει
3265 1908 3280 1923 ·
3315 1910 3334 1942 ι
3366 1891 3448 1944 Τὰ
3480 1892 3687 1961 ἀρχαῖα

422 1980 479 2027 et
504 1974 696 2028 eadem
734 1991 822 2030 res
863 1977 932 2030 ab
978 1985 1219 2047 utroque
1262 1977 1408 2032 facta
1436 1989 1542 2035 est.
1574 1979 1699 2036 Haec
1731 1990 1915 2038 autem
1967 1998 1993 2038 a

2106 1985 2405 2057 παρῆλθεν,
2459 1985 2569 2039 ἰδοὺ
2600 1985 2790 2052 γέγονε
2823 1984 2893 2038 τά
2938 1984 3117 2038 πάντα
3172 1982 3355 2037 καινά.
3387 2000 3406 2033 ι
3447 1982 3690 2045 Εἰκότως

424 2066 591 2120 nobis
617 2067 670 2118 in
698 2068 988 2136 praesentia
1014 2069 1160 2124 dicta
1184 2077 1337 2134 sunt,
1368 2085 1439 2124 ne
1462 2071 1582 2126 sine
1606 2071 1993 2142 disquisitione

2104 2075 2283 2129 τοίνυν
2318 2095 2336 2128 ι
2364 2074 2639 2146 θυγατέρα
2668 2074 2857 2127 Ναδὰῦ
2889 2093 2907 2124 ι
2930 2075 3099 2144 αὐτὴν
3129 2072 3554 2144 προσαγορεύει,
3587 2072 3687 2125 ars

426 2154 604 2224 ipsum
632 2172 831 2212 nomen
868 2159 969 2214 hoc
1000 2161 1399 2229 praeteriretur.
1430 2160 1644 2218 Rursus
1670 2179 1803 2232 ergo
1829 2180 1993 2233 spon-

2105 2163 2170 2234 δὴ
2206 2163 2283 2233 τῷ
2310 2162 2482 2233 καινῷ
2517 2163 2651 2233 πυρὶ
2698 2163 2797 2233 τὴν
2830 2162 2939 2215 τῶν
2989 2161 3293 2233 ἀνθρώπιον
3343 2162 3536 2215 θυσίαν
3565 2161 3689 2215 ὀλο-

424 2263 521 2303 sus
548 2250 730 2304 omnia
759 2266 976 2320 sponsa:
1015 2253 1259 2308 membra
1291 2256 1590 2323 percurrit,
1626 2262 1681 2310 ct
1714 2257 1993 2327 propriam

2105 2253 2483 2307 καυτώσασαν.
2546 2255 2605 2306 El
2645 2253 2754 2324 γὰρ
2776 2253 2871 2307 καὶ
2922 2254 3063 2307 κατὰ
3094 2254 3155 2306 τὸ
3186 2253 3442 2325 φρόνημα.
3467 2252 3571 2322 τῆς
3589 2249 3688 2305 τοῦ

421 2339 658 2409 singulis
695 2341 885 2394 tribuit
925 2343 1483 2410 commendationem,
1516 2360 1580 2400 ac
1609 2345 1782 2402 dicit:

2104 2345 2276 2415 πυρὸς
2298 2345 2599 2416 ὲναλλαγῆς
2621 2344 2997 2416 διαφέρουσιν,
3031 2344 3165 2398 ἀλλὰ
3200 2344 3258 2397 ἒν
3280 2346 3373 2397 ὑπ’
3403 2346 3449 2376 ’³
3472 2344 3687 2398 ἐκείνου

419 2432 517 2487 καὶ
545 2432 747 2501 ταύτης
777 2433 835 2486 τὸ
861 2434 1093 2504 πρᾶγμα
1121 2434 1435 2507 γεγένηται.
1476 2436 1659 2491 Ταῦτα
1702 2438 1758 2491 δὲ
1799 2428 1899 2492 ἐπὶ¹
1930 2436 2023 2491 τοῦ
2051 2439 2318 2509 παρόντος
2335 2437 2657 2507 εἰρήκαμεν,
2675 2437 2759 2490 ἵνα
2792 2437 2924 2507 μηδὲ
2953 2438 3052 2506 τὴν
3102 2437 3470 2508 προσηγορίαν
3507 2454 3676 2492 κατα-

419 2522 663 2592 λίπωμεν
712 2522 1046 2595 ἀθεώρητον.
1090 2526 1258 2580 Πάλιν
1308 2529 1488 2582 τοίνυν
1528 2531 1555 2582 ὁ
1598 2528 1831 2600 νυμφίος
1876 2530 2018 2584 κατά
2057 2529 2220 2600 μέρος
2266 2528 2435 2598 αὐτῆς
2452 2527 2519 2580 τά
2553 2527 2688 2598 μέλη
2720 2527 2961 2593 διέξεισι,
3000 2529 3094 2582 καὶ
3134 2528 3347 2598 ἑκάστῳ
3375 2527 3473 2598 τὴν
3514 2528 3690 2599 πρὸσσ

421 2631 585 2685 φορον
610 2612 883 2682 εὐφημίαν
917 2616 1239 2684 προσφέρει,
1281 2616 1375 2669 καί
1405 2634 1537 2687 φησι
1561 2631 1576 2647 ο

493 2706 888 2760 Conciunitates
939 2706 1198 2774 femorum
1241 2716 1450 2762 tuorum
1486 2709 1688 2763 similes
1726 2717 1847 2763 sunt
1880 2725 1993 2762 ma-

2177 2704 2413 2773 'on,uol
2450 2705 2498 2737 ’³
2537 2703 2744 2774 μηρῶν
2772 2720 2888 2758 σου
2930 2704 3119 2773 ὅμοιοι
3173 2705 3482 2774 ὀρμίσκοις
3531 2705 3682 2774 ἔργῳ

420 2796 638 2858 uitibus,
668 2813 783 2866 qua:
808 2797 955 2866 facta
988 2807 1110 2852 sum
1149 2815 1311 2852 manu
1340 2800 1590 2868 artiﬁcis.
1637 2798 1826 2870 (Vsus.
1846 2798 1990 2870 2-5.)

2095 2794 2611 2865 χειρῶντεχνίτου.
2628 2794 2718 2865 (β’,
2739 2796 2826 2864 ε’.)
2845 2796 3145 2864 Ὀμφαλός
3161 2811 3277 2850 σου
3296 2795 3683 2863 κρατὴρ²⁸τοσ

422 2885 720 2942 Umbilicus
763 2882 1112 2943 tuus'crater
1156 2890 1454 2956 tornatilis,
1488 2907 1592 2944 non
1627 2890 1864 2961 indigens
1890 2892 1991 2945 mis

2095 2887 2322 2953 ρευτὸς,
2340 2885 2426 2955 μὴ
2453 2887 2892 2956 ὐστερούμενος
2921 2884 3146 2955 κρᾶμα·
3177 2889 3375 2939 κοιλία
3424 2903 3542 2941 σου
3577 2891 3679 2956 θη-

417 2987 522 3033 sto.
572 2977 759 3032 Venter
791 2988 915 3033 tuus
943 2996 1161 3035 acervus
1208 2983 1374 3035 tritici
1404 2980 1635 3036 vallatus
1668 2982 1821 3036 (iliis.
1869 2982 1988 3038 Duo

2095 2977 2280 3045 μωνία
2315 2977 2490 3031 σίτου
2517 2976 2901 3045 πεφραγμένη
2939 2976 3010 3029 ἐν
3035 2976 3277 3043 κρίνοις.
3311 2978 3426 3030 Δύο
3454 2978 3680 3045 gae-tot

413 3069 579 3123 ubera
610 3080 700 3123 tua
733 3070 870 3124 sicut
906 3070 1257 3126 duo-Itinuuli
1283 3073 1493 3143 gemelli
1524 3090 1749 3137 capreae.
1776 3074 1988 3130 Collum

2095 3082 2207 3121 σου
2238 3068 2310 3133 ὼε,
2352 3069 2460 3120 δύο
2487 3067 2684 3135 νεϐροὶ
2726 3066 2962 3135 δίδυμοι
3010 3065 3321 3134 δορκάδος.
3373 3066 3679 3135 Τρὰχηλός

416 3167 565 3211 tuum
608 3159 745 3211 sicut
804 3157 958 3229 142
1008 3161 1173 3214 turris
1220 3161 1475 3216 eburnea.
1522 3161 1674 3217 Oculi
1720 3165 1799 3217 tui
1849 3166 1986 3219 sicut

2095 3172 2207 3211 σου
2236 3158 2316 3223 ὠς
2348 3160 2573 3227 πύρτος
2594 3157 2984 3227 ἐλεφάντινος
3008 3175 3020 3186 ·
3066 3161 3116 3211 οι
3139 3158 3431 3226 ὀφθαλμοί
3448 3174 3567 3212 σου
3596 3159 3679 3223 ὡς

415 3255 605 3317 stagna
643 3248 697 3298 in
734 3245 987 3308 Essebon,
1018 3248 1072 3300 in
1108 3250 1277 3315 portis
1300 3248 1431 3317 ﬁlia:
1453 3251 1762 3307 multorum.
1809 3250 1988 3309 Nasus

416 3345 537 3389 tuus
571 3336 710 3389 sicut
763 3337 927 3388 turris
977 3334 1188 3401 Libani,
1232 3353 1349 3406 qua:
1390 3339 1604 3407 respicit
1648 3338 1843 3408 faciem
1884 3339 1992 3392 Da-

417 3429 604 3482 masci.
639 3425 809 3495 Caput
843 3436 989 3481 tuum
1022 3438 1079 3479 ut
1111 3427 1388 3482 Carmelus
1430 3444 1589 3497 super
1633 3440 1703 3483 te.
1738 3429 1807 3482 Et
1838 3447 1991 3483 coma

412 3517 605 3586 capitis
649 3518 726 3570 tui
776 3518 919 3571 sicut
954 3532 1215 3585 purpura,
1267 3535 1359 3571 rex
1391 3520 1584 3589 ligatus
1625 3520 1680 3573 iu
1714 3527 1990 3574 transcur-

412 3609 581 3663 sibus.
626 3609 799 3663 Antea
831 3624 1070 3679 sponsus
1116 3624 1145 3662 a
1190 3610 1572 3679 superioribus
1610 3627 1827 3680 sponsa:
1860 3629 1989 3683 par-

415 3702 561 3755 tibus
593 3701 865 3770 incipiens
921 3700 1162 3753 laudavit
1208 3716 1351 3755 eam.
1398 3701 1554 3757 Nunc
1578 3704 1647 3757 ab
1684 3704 1903 3760 incessu
1935 3713 1990 3760 et

412 3791 807 3846 calceamentis
860 3790 1080 3845 initium
1125 3808 1386 3858 sumens,
1440 3794 1508 3849 ad
1539 3792 1733 3865 capitis
1766 3812 1982 3850 comam

413 3900 588 3953 usque
643 3883 860 3952 singula
919 3883 1213 3950 percurrit.
1277 3883 1355 3939 Ae
1413 3894 1541 3956 post
1604 3888 1986 3943 calceamenta

413 3984 576 4046 atque
608 3975 914 4037 incessum,
960 3974 1272 4028 admiratur
1305 3991 1410 4029 non
1451 3976 1675 4041 femora,
1707 3980 1800 4034 sed
1829 3990 1986 4050 aptas

411 4076 466 4119 et
500 4069 804 4120 concinnas
853 4062 1123 4117 femorum
1154 4065 1473 4134 iuncturas,
1512 4086 1651 4139 quas
1682 4072 1985 4129 monilibus

413 4156 623 4210 similes
671 4154 807 4207 dicit
836 4170 960 4208 esse
991 4156 1061 4209 ab
1093 4157 1303 4211 artiﬁce
1337 4159 1681 4217 fabrefactis.
1708 4163 1985 4229 Quemad-

413 4244 633 4299 modum
674 4247 844 4309 enim,
900 4246 1116 4316 inquit,
1158 4248 1252 4302 illa
1282 4267 1347 4307 ex
1377 4268 1513 4307 auro
1538 4255 1789 4311 confecta
1818 4264 1873 4311 et
1903 4256 1984 4311 la.

412 4336 559 4405 pillis
594 4344 719 4405 apte
750 4338 983 4394 inclusis
1017 4340 1282 4396 distincta
1308 4353 1459 4410 sunt,
1485 4345 1623 4400 adeo
1644 4356 1702 4401 ut
1728 4357 1983 4417 spectan-

2089 3248 2294 3314 λίμναι
2327 3247 2396 3299 ἐν
2429 3245 2735 3300 Ἐσσειΐὼν
2758 3247 2823 3306 ’⁸.
2854 3246 2923 3299 ἐν
2954 3246 3176 3311 πύλαις
3212 3246 3503 3313 θυγατρὸς
3529 3250 3668 3301 πολι

2089 3336 2234 3391 λῶν.
2264 3337 2511 3406 Μυκτήρ
2555 3354 2671 3392 σου
2698 3338 2778 3403 ὠς
2810 3339 3034 3405 πύργος
3079 3336 3184 3389 τοῦ
3223 3337 3503 3398 Λιϐάνου,
3529 3353 3676 3390 σκο-

2090 3428 2290 3480 πεύων
2339 3430 2663 3495 πρόσωπον
2721 3427 3060 3495 Δαμασκοῦ.
3122 3430 3360 3494 Κεφαλτ,
3424 3444 3542 3479 σου
3596 3429 3677 3493 ὡς

2089 3516 2398 3586 Κάρμηλος
2440 3518 2536 3570 ἐπὶ
2568 3518 2643 3571 σέ
2670 3533 2683 3546 ’
2718 3519 2813 3570 καί
2852 3520 3107 3571 πλόκιον
3141 3517 3412 3587 κεφαλῆς
3442 3533 3562 3572 σου
3594 3520 3675 3585 ὡς

2089 3608 2384 3675 πορφύρα,
2401 3607 2701 3670 βασιλεὺς
2722 3605 3039 3674 δεδεμένος
3062 3607 3130 3659 ἐν
3151 3607 3503 3675 πιιραδρομιι
3518 3608 3571 3672 ῖς
3603 3609 3672 3662 τε.

2090 3699 2361 3769 Πρότερον
2406 3699 2501 3765 μὲν
2523 3693 2614 3750 οῦν
2637 3699 2664 3750 ὁ
2698 3698 2934 3767 νυμφίος
2979 3699 3085 3750 άπὸ
3120 3699 3164 3729 ³⁷
3192 3699 3301 3751 τῶν
3333 3699 3541 3752 ἄνωθεν
3572 3700 3675 3768 τῆς

2088 3791 2305 3862 νύμᾨης
2333 3788 2634 3860 ἀρξάμενος
2668 3788 2929 3859 ἐπῄνεσεν
2962 3790 3131 3859 αὐτὴν
3155 3807 3165 3817 '
3194 3790 3288 3841 ἐπὶ
3317 3789 3372 3842 δὲ
3395 3790 3488 3842 τοῦ
3530 3808 3668 3860 παρ.

2087 3885 2256 3947 όντος,
2281 3883 2387 3936 ἀπὸ
2421 3880 2529 3932 τῶν
2556 3880 2907 3951 διαδημάτων
2925 3880 3018 3934 καὶ
3044 3880 3152 3932 τῶν
3180 3880 3543 3950 ὑποδημάτων
3571 3882 3675 3953 τὴν

2087 3977 2258 4048 ἀρχὴν
2295 3974 2685 4045 ποιησάμενος,
2736 3972 2865 4042 ἄχρι
2900 3972 2994 4025 τοῦ
3048 3972 3268 4024 πλοκξου
3302 3973 3400 4039 τῆς
3430 3973 3675 4043 κεφαλῆς

2085 4066 2395 4135 ἀνελήλυθε.
2431 4068 2537 4120 Καὶ
2593 4066 2892 4136 θαυμάζει,
2931 4065 3068 4135 μετὰ
3101 4065 3170 4117 τὰ
3231 4065 3553 4134 ὑποδήματα
3576 4067 3673 4118 καὶ

2083 4159 2152 4213 τὰ
2188 4158 2519 4228 διαϐήματα,
2556 4158 2616 4209 οὺ
2666 4157 2792 4218 τοὺς
2850 4157 3079 4227 μηροὺς,
3111 4155 3246 4208 ἀλλά
3267 4157 3390 4217 τοὺς
3429 4156 3671 4225 ῥυθμοὺς

2082 4248 2190 4303 τῶν
2216 4250 2424 4321 μηρῶν,
2460 4249 2553 4302 καὶ
2583 4248 2731 4315 λέγει
2760 4247 2955 4309 αὐτοὺς
2978 4245 3211 4299 ἐοικέναι
3240 4246 3525 4315 ὁρμίσκοις
3565 4248 3673 4301 ὑπὸ

2081 4339 2321 4410 τεχνίτου
2351 4337 2896 4407 κατεσκευασμένοις·
2919 4336 3127 4405 ’Ὠσπερ
3150 4334 3258 4406 γὰρ
3277 4336 3492 4403 ἐκείνοι,
3510 4340 3671 4409 φησὶ,

412 4434 494 4481 les
534 4443 641 4482 non
679 4429 856 4484 solum
893 4432 1188 4500 pretiosam
1238 4434 1356 4487 auri
1402 4435 1827 4507 lapillorumque
1863 4454 1979 4493 ma-

2095 4429 2228 4502 μετά
2254 4430 2433 4498 πάσης
2460 4428 2726 4499 ἁρμονίας
2786 4426 2967 4497 έχουσι
3006 4425 3132 4489 τοῦς
3158 4426 3338 4491 λίθους
3364 4427 3440 4498 τῷ
3483 4429 3671 4499 χρυσῷ

413 4520 604 4573 teriam
631 4561 645 4586 ,
687 4538 876 4575 verum
908 4523 1075 4576 etiam
1108 4523 1355 4581 aurificis
1379 4527 1670 4582 artiﬁcium
1701 4530 1982 4584 admiren-

411 4619 537 4665 tur:
573 4613 641 4665 ita
675 4613 903 4682 singulae
960 4616 1223 4670 virtutum
1280 4618 1650 4685 practicarum
1693 4619 1982 4688 partit-ulte

412 4715 644 4755 numero
675 4713 729 4754 ct
755 4715 1030 4757 concentu
1065 4705 1208 4759 inter
1247 4721 1306 4759 se
1348 4707 1631 4775 implicita:
1653 4717 1816 4777 atque
1842 4723 1980 4763 con-

408 4792 611 4861 junctae
639 4800 789 4845 sunt.
846 4793 1147 4862 Allegorice
1174 4796 1321 4849 enim
1363 4796 1569 4851 femora
1607 4800 1846 4868 appellat
1873 4800 1981 4853 vir-

2086 4520 2494 4591 ὲμπεπηγότας,
2523 4519 2662 4572 ὥστε
2694 4519 2819 4583 τοὺς
2848 4516 3091 4589 ὁρῶντας
3108 4518 3183 4589 μὴ
3216 4519 3373 4587 μόνον
3402 4521 3501 4584 τὰς
3536 4521 3671 4587 ὔλας

2084 4613 2177 4667 τοῦ
2200 4613 2404 4685 χρυσοῦ
2435 4612 2662 4666 καὶτῶν
2684 4611 2869 4675 λίθων,
2904 4610 3038 4664 ἀλλά
3084 4612 3176 4664 καὶ
3211 4611 3310 4681 τὴν
3338 4612 3534 4684 τέχνην
3571 4614 3670 4668 τοῦ

2074 4704 2378 4779 χρυσοχόου
2407 4703 2708 4773 θαυμάζειν
2725 4719 2737 4732 ⁶
2767 4702 2938 4766 οὕτως
2953 4701 3182 4754 ἕκαστον
3204 4702 3310 4755 τῶν
3324 4704 3419 4772 τῆς
3438 4721 3671 4774 πρακτι-

2082 4796 2186 4865 κῆς
2201 4796 2401 4865 ἀρετῆς
2422 4795 2465 4828 ⁸⁸
2493 4795 2694 4866 μορίων
2717 4793 2910 4866 ῥυθμῴ
2928 4793 3019 4846 καὶ
3043 4794 3276 4865 ἁρμονίᾳ
3304 4795 3664 4865 κεκόσμηται.

412 4888 556 4937 tutes
591 4881 887 4950 practicas,
910 4884 1169 4950 quoniam
1193 4885 1302 4938 illis
1334 4886 1436 4939 iter
1454 4885 1739 4952 facientes,
1766 4888 1978 4958 agimus

2095 4885 2224 4949 Τοὺς
2259 4886 2368 4957 γὰρ
2393 4886 2601 4956 μηροὺς
2615 4884 2887 4953 τροπικῶς
2910 4882 3009 4953 τὴν
3033 4883 3342 4954 πρακτικὴν
3380 4884 3668 4955 ὠνόμασεν

409 4988 475 5028 ea
521 4988 646 5043 qua:
708 4972 986 5029 volumus.
1050 4974 1320 5046 Sponsam
1390 4994 1519 5049 ergo
1583 4981 1976 5036 commendans

2095 4979 2309 5050 ἀρετὴν,
2322 4976 2509 5049 ἐπειδὴ
2533 4975 2621 5030 διὰ
2640 4974 2841 5028 τούτων
2854 4973 2950 5046 τὴν
2964 4973 3182 5046 πορείαν
3203 4974 3355 5029 ποιοῦ
3363 4993 3512 5047 μενοι
3525 4976 3667 5048 δρῶο

483 5146 513 5188 δ
552 5147 566 5201 Ι
602 5146 782 5202 Paral.
806 5163 970 5212 sxw,
1002 5147 1055 5202 Ι.
1131 5160 1155 5189 ο
1188 5149 1323 5205 Luc.
1354 5165 1453 5214 xu,
1475 5151 1564 5205 ιο.
1638 5151 1664 5192 ά
1691 5153 1734 5207 ll
1764 5153 1890 5209 Cor.
1923 5170 1976 5219 ν,
2050 5154 2135 5209 Π.

1709 5305 1944 5362 νΑηιΑζ
1988 5308 2393 5364 LECTIONES.

484 5418 525 5503 ξ’
558 5419 661 5503 εἰρ..
703 5417 818 5503 fit»:
833 5420 1043 5503 βυαγγ.
1079 5421 1205 5503 [ξιιὲ
1233 5423 1285 5503 in
1323 5424 1445 5503 cod.
1476 5421 1632 5503 Infra.
1654 5422 1700 5503 Ιἒ
1724 5427 1916 5503 r._leg_.
1945 5431 2113 5502 ἀκοὴν
2154 5432 2398 5502 εἰρήνης.
2506 5432 2551 5503 τ’
2580 5430 2712 5503 ἀλλὰ
2740 5432 2801 5486 τὸ
2839 5430 3045 5503 καινόν.
3083 5429 3206 5485 Des.
3238 5431 3292 5484 in
3324 5429 3462 5503 cod.
3506 5433 3586 5503 __"
3612 5435 3667 5487 τί

416 5488 572 5571 Θέλω.
610 5488 743 5571 Cod.
793 5488 1035 5571 ῆθελον..
1079 5494 1122 5523 ’⁸
1163 5493 1296 5571 Cod.
1352 5494 1461 5549 ἐπ’.
1536 5494 1580 5524 ⁸³
1608 5494 1824 5571 ῥυθμοί.
1858 5488 2022 5555 Ilebr.
2070 5488 2440 5571 ambitus,"3.
2477 5501 2761 5571 circuitus.
2838 5502 2886 5533 ²⁶
2908 5501 3446 5571 κρατὴρ-κρᾶμα.
3499 5500 3664 5556 Hebr.

417 5569 595 5633 uratur
629 5560 919 5633 rotundus,
949 5560 1035 5612 cui
1077 5577 1183 5633 non
1214 5563 1368 5633 deest
1405 5573 1565 5633 polus
1596 5560 1808 5620 mist-us.
1886 5573 1931 5603 "
1958 5574 2015 5624 ὲν
2056 5560 2344 5624 Ἐσσεόὡνξ
2372 5569 2529 5622 Hebr.
2557 5572 2608 5623 in
2645 5570 2883 5624 llesbon.
2915 5560 3044 5626 Hec.
3074 5560 3247 5625 'l'cctio
3276 5560 3363 5624 cst
3404 5571 3667 5624 Ἐσεεὼν.

419 5635 466 5665 η
504 5626 786 5707 δεδεμένος
820 5631 877 5707 ἐν
925 5631 1375 5707 παρίπεδρηηλεὸι·1
1407 5626 1514 5707 ’νοτ
1567 5634 1879 5707 ligatusls.
1922 5643 2136 5695 cinctus
2188 5656 2267 5694 sc.
2331 5640 2591 5707 purpura)
2647 5640 2708 5693 ad
2756 5642 2975 5698 canales
3010 5657 3087 5705 sc.
3135 5640 3398 5696 ambulat.
3478 5641 3522 5673 ³⁷
3556 5640 3675 5694 ἀπὸ

424 5721 494 5737 --.
522 5697 711 5768 αὐτὴν.
749 5698 883 5753 Cod.
932 5697 1139 5755 ἄνωθεν
1173 5702 1279 5755 ἀπὸ
1318 5705 1414 5774 τῆς
1440 5697 1658 5776 νύμφης
1693 5697 1976 5776 ἐπῄνεσεν.
2054 5711 2098 5741 ³⁸
2132 5697 2353 5778 ἀρετῆέ.
2399 5697 2535 5763 Cod.
2563 5697 2688 5766 add.
2727 5726 2843 5765 σου.
2963 5697 2967 5698 ί
3019 5697 3060 5705 Ἰ
3706 5730 3711 5735 ‘
