3956 6202
384 363 519 430 1919

1315 363 1800 426 THEODORET]
1867 360 2207 426 EPISCOPI
2261 366 2630 433 CYRENSIS

3409 365 3646 428 .1020

381 481 713 555 cognitionis
742 479 834 536 itei
883 476 1094 536 lumine
1131 476 1441 547 illustratae,
1495 494 1562 536 ea
1604 478 1813 534 facient
1840 490 1962 548 qua:

2069 473 2148 540 ζει
2175 479 2208 550 ή
2240 480 2360 535 θεία
2383 483 2594 555 Γραφή.
2616 477 2785 540 Abeat
2816 481 2916 553 μέν
2942 480 3056 548 οὖν,
3089 480 3166 553 τῷ
3193 480 3292 551 τῆς
3324 481 3650 547 θεογνωσεας

383 573 502 632 ﬁeri
549 572 830 629 convenit.

457 684 477 717 ι
514 662 694 737 Tyrus
727 673 778 719 et
803 662 1000 731 Sidon,
1053 663 1315 735 quoniam
1359 662 1653 720 admodum
1692 663 1970 736 sapientes

383 755 628 813 fuerunt.
669 753 860 824 (Vens.
902 754 1088 828 5-5.)
1124 754 1192 810 Ει
1219 755 1513 813 aediﬁcavit
1570 755 1752 829 Tyrus
1789 759 1971 813 inuui-

379 849 586 903 tionem
618 862 800 915 suam,
830 854 887 903 et
909 848 1266 920 congregavit
1300 857 1590 920 argentum
1625 856 1685 903 ut
1714 849 1966 910 humum.

378 947 435 995 et
479 954 671 995 aurum
704 947 762 994 ut
819 939 995 995 lutum
1044 938 1281 996 viarum.
1339 940 1632 1012 Propterea
1704 940 1969 997 Dominus

344 1025 688 1104 ’possidebit
725 1048 844 1100 eos,
880 1042 936 1090 et
964 1034 1237 1104 percutiet
1285 1034 1342 1090 in
1388 1036 1527 1090 mari
1582 1035 1967 1090 fortitudinem

379 1125 524 1194 ejus,
578 1132 633 1179 et
660 1126 778 1196 ipsa
803 1125 927 1197 igne
951 1127 1422 1182 concremabitur.
1452 1127 1675 1183 Videbit
1707 1128 1966 1194 Ascalou,

385 1217 600 1289 1632
639 1226 694 1274 et
712 1218 931 1275 timebit
964 1217 1132 1286 Gaza,
1169 1228 1223 1275 et
1246 1220 1402 1276 valde
1445 1219 1754 1287 dolebit;et
1796 1221 1969 1275 Acca-

381 1325 503 1376 ron,
530 1310 791 1380 quoniam
816 1310 1046 1368 confusa
1069 1321 1156 1367 est
1171 1328 1339 1383 super
1360 1312 1515 1371 ruina
1536 1329 1665 1368 sua:
1700 1323 1754 1369 et
1769 1312 1970 1383 peribit

378 1414 477 1455 rex
510 1399 578 1456 de
593 1401 767 1478 Gaza,
796 1411 852 1459 et
887 1402 1125 1457 Ascaion
1157 1419 1265 1459 non
1315 1403 1675 1459 habitabitur.
1707 1421 1725 1455 ι
1765 1404 1966 1474 Tyrus,

379 1490 584 1562 inquit,
631 1499 686 1547 et
726 1489 921 1558 Sidon,
959 1491 1168 1548 divitiis
1199 1508 1322 1548 sese
1365 1493 1680 1560 ellerentes,
1724 1502 1779 1549 et
1817 1509 1969 1550 com-

378 1583 608 1639 munitis
639 1585 815 1640 muris
844 1583 1210 1648 conﬁdentes.
1242 1585 1392 1639 omni
1431 1600 1634 1657 genere
1672 1586 1967 1641 calamita-

378 1687 493 1732 tum
526 1675 853 1731 allieientur.
888 1674 1092 1731 Eorum
1140 1675 1286 1731 enim
1320 1678 1728 1751 possessiones,
1773 1679 1965 1749 partim

378 1769 549 1827 maris
585 1769 842 1825 eluvione
885 1770 1330 1841 submergentur,
1362 1772 1562 1841 partim
1599 1772 1723 1844 igne
1760 1787 1966 1827 consu-

320 1890 323 1893 λ
377 1873 619 1930 tuentur,
653 1862 764 1919 Deo
820 1863 1201 1919 universorum
1247 1864 1301 1918 in
1335 1863 1459 1920 illos
1510 1865 1839 1921 sententiam
1887 1864 1967 1920 le-

378 1965 554 2013 rente.
592 1954 749 2022 Quod
803 1970 936 2012 vero
961 1954 1062 2020 ait,
1089 1955 1343 2012 Dominus
1377 1956 1668 2027 possidebit
1718 1974 1832 2023 eos,
1881 1956 1964 2014 sic

375 2048 762 2118 exponendum
811 2058 895 2105 est
927 2067 940 2104 :
986 2048 1261 2116 Quoniam
1306 2050 1522 2120 seipsos
1551 2065 1582 2104 a
1613 2049 1799 2106 divina
1829 2064 1963 2124 pro-

376 2141 666 2196 curatione
694 2140 1106 2207 abstraxerunt,
1128 2141 1330 2197 divinaa
1360 2142 1623 2213 potentiae
1654 2143 1767 2198 vim
1798 2156 1965 2214 expe—

378 2233 614 2289 rientur.
650 2233 893 2289 Ascalon
943 2242 1125 2292 autem
1156 2243 1211 2290 et
1240 2235 1409 2302 Gaza,
1435 2236 1553 2292 haec
1588 2235 1860 2304 videntes,
1904 2235 1962 2291 in

376 2336 594 2379 summo
638 2322 836 2378 timore
873 2334 1028 2380 erunt
1053 2363 1069 2387 ,
1108 2332 1165 2381 et
1206 2340 1331 2380 cum
1372 2324 1655 2381 Accarone
1697 2330 1962 2396 perpetuo

376 2414 529 2468 luctu
589 2430 649 2471 se
699 2414 1262 2487 allligent;quoniam
1324 2417 1548 2487 confusa
1606 2424 1706 2482 eu,
1768 2430 1962 2488 nempe

376 2502 575 2577 T3rus,
607 2521 764 2575 super
812 2508 971 2563 ruina
1019 2524 1143 2564 sua.
1191 2507 1298 2565 Sed
1347 2516 1403 2564 et
1449 2506 1612 2566 Gazae
1658 2509 1822 2565 etiam
1873 2524 1961 2565 re-

375 2613 543 2668 gnum
570 2597 785 2665 delebo,
816 2609 872 2654 ct
919 2600 1251 2656 Ascalonem
1303 2600 1519 2657 civibus
1554 2615 1781 2655 vacuam
1833 2602 1959 2658 red-

374 2691 527 2757 dam,
559 2698 731 2762 atque
766 2700 826 2747 ut
855 2693 1177 2763 alienigena:
1203 2709 1324 2749 eam
1347 2703 1403 2750 et
1431 2694 1661 2749 Azotum
1691 2695 1956 2761 incolant,

372 2784 625 2840 alliciam.
656 2785 811 2852 Quod
854 2789 1001 2843 enim
1031 2790 1130 2853 ait,
1178 2788 1414 2843 Ascalon
1461 2805 1564 2844 non
1605 2789 1958 2856 habitabitur,

373 2875 444 2932 de
473 2877 791 2934 hominibus
824 2879 974 2936 illius
1025 2880 1296 2952 temporis
1340 2879 1607 2951 loquitur,
1658 2895 1799 2951 quos
1836 2883 1959 2940 neci

372 2975 429 3023 et
468 2969 722 3024 servituti
750 2970 1023 3036 tradidit;
1051 2985 1228 3042 quare
1265 2970 1522 3041 adjunxit
1559 2989 1574 3027 :

2077 576 2541 643 ωταυγασθείσαι
2569 578 2730 647 φωτὶ,
2754 576 2824 632 τά
2851 576 3196 648 προσήκοντα
3224 574 3514 644 δράσουσι.

2150 685 2169 718 ι
2203 665 2379 738 Τύρος
2405 667 2464 721 δὲ
2497 669 2591 722 καὶ
2638 667 2828 733 Σιδὼν,
2877 668 2960 722 ὃτι
3011 663 3385 738 ἐφρόνησαντί
3428 663 3650 735 σφόδρα.

2073 758 2267 831 (γὀέ.)
2307 759 2415 813 Καὶ
2447 759 2767 831 ᾠκοδόμησέ
2793 758 2971 830 Τύρος
3013 758 3280 831 ὀχύρωμα
3323 757 3519 829 αὐτῆς,
3564 759 3653 811 καὶ

2071 851 2434 924 ἐθησαύρισεν
2454 850 2716 923 ἀργύριον
2734 851 2811 916 ὡς
2836 851 2988 923 χοῦν,
3010 852 3105 907 καὶ
3126 850 3350 923 χρυσίον
3373 850 3453 913 ὡς
3486 849 3653 920 πηλὸν

2070 942 2228 997 ὁδῶν.
2269 943 2370 996 Διά
2398 941 2558 996 τοῦτο
2586 943 2791 1012 Κύριος
2821 941 3223 1013 κληρονομήσει
3271 941 3506 1003 αὐτοὺς,
3563 939 3652 993 καὶ

2073 1034 2302 1099 πατάξει
2352 1037 2433 1099 είς
2465 1035 2742 1090 Θάλασσαν
2772 1034 2870 1106 τὴν
2899 1034 3131 1105 δύναμιν
3164 1034 3358 1104 αὐτῆς,
3391 1033 3489 1087 καὶ
3516 1031 3650 1101 αὕτη

2071 1130 2129 1184 ἐν
2173 1129 2306 1200 πυρὶ
2350 1128 2886 1199 καταναλωθήσεται.
2927 1127 3158 1197 ὐψεται
3210 1126 3512 1191 ’Δσκάλων,
3561 1126 3651 1180 καὶ

2071 1221 2436 1294 φοϐηθήσεται
2466 1220 2616 1286 Γάζα
2630 1222 2697 1287 τ’,
2744 1220 2837 1277 καὶ
2874 1221 3261 1292 ὀδυνηθήσεται
3292 1220 3523 1289 σφόδρα,
3561 1216 3651 1271 καὶ

2083 1316 2389 1387 Ἀκκάρων,
2429 1315 2513 1369 ὃτι
2560 1312 2911 1386 κατῃσχύνθη
2926 1312 2973 1346 ⁷³
3015 1314 3107 1367 ἐπὶ
3136 1312 3214 1383 τῷ
3245 1310 3650 1383 παραπτώματι

2069 1409 2263 1479 αὐτῆς,
2294 1407 2391 1464 καὶ⁸
2417 1408 2698 1464 ἀπολεῖται
2731 1406 2983 1478 βασιλεὺς
3011 1407 3074 1460 ἐκ
3097 1404 3299 1475 Γάζης,
3331 1403 3428 1456 καὶ
3465 1402 3652 1455 Ἄσκα-

2068 1502 2177 1558 λων
2202 1503 2264 1557 οὐ
2298 1502 2377 1574 μὴ
2399 1500 2948 1573 κατοικηθήσεταιτδ.
2983 1517 3002 1551 ι
3051 1499 3118 1552 Ἦ
3142 1497 3340 1568 Τύρος,
3372 1495 3529 1566 φησι,
3562 1495 3651 1546 καὶ

2070 1593 2261 1659 Σιδὼν,
2300 1593 2395 1646 ἐπὶ
2440 1591 2656 1664 πλούτῳ
2690 1589 3102 1663 βρενθυόμεναι,
3128 1589 3226 1642 καὶ
3270 1588 3386 1649 τοῖς
3438 1585 3649 1655 ὀχυροῖς

2072 1685 2379 1759 πριῦόλοις
2424 1682 2746 1757 θαῤῥοῦσαι,
2796 1683 3104 1754 συμφοραῖς
3143 1677 3433 1741 παντοίαις
3477 1693 3651 1746 παραυ

2070 1778 2404 1850 δοθήσονται.
2462 1776 2545 1830 Τά
2580 1775 2682 1848 μὲν
2712 1774 2821 1847 γὰρ
2860 1772 3041 1829 αὐτῶν
3068 1775 3103 1845 η
3150 1771 3392 1827 θάλαττα
3427 1768 3649 1823 ἐπικλύ-

2070 1887 2212 1926 σασα
2253 1869 2560 1941 ὑποϐρύχια
2612 1866 2819 1934 δείξει·
2869 1868 2940 1919 τά
2972 1864 3030 1920 δέ
3080 1865 3216 1937 πυρὶ
3257 1859 3649 1931 καταναλωθῆ-

2069 1978 2247 2030 σεται,
2295 1959 2392 2014 τοῦ
2418 1958 2552 2013 Θεοῦ
2598 1956 2710 2011 τῶν
2756 1957 2896 2012 ὅλων
2926 1957 3133 2027 ταύτην
3166 1955 3287 2010 κατ’
3317 1953 3505 2006 αὐτῶν
3557 1952 3650 2023 τὴν

2064 2053 2248 2124 ψῆφον
2300 2051 2644 2125 ἐκφέροντος.
2703 2049 2778 2104 Τδ
2812 2048 2894 2116 δὲ,
2942 2048 3159 2118 Κύριος
3203 2044 3652 2115 κληρονομήσει

2064 2145 2307 2213 αὐτοὺς,
2357 2144 2561 2213 ταύτην
2589 2142 2705 2214 ἔχει
2734 2142 2834 2214 τὴν
2863 2140 3162 2213 ἑρμηνείαν
3192 2154 3207 2170 ⁸
3255 2136 3481 2207 Ἐπειδῆ
3514 2136 3652 2206 σφᾶς
3678 2214 3684 2219 ,

2066 2238 2267 2301 αὐτοὺς
2294 2236 2394 2306 τῆς
2420 2234 2572 2299 θείας
2598 2232 2929 2307 κηδεμονίας
2965 2230 3271 2304 ἀφώρισαν,
3319 2229 3525 2298 πεῖραν
3557 2226 3651 2296 τῆς

2069 2329 2236 2386 αὐτοῦ
2279 2328 2562 2399 δυνάμεως
2606 2326 2887 2398 λήψονται.
2940 2322 3127 2378 Ταῦτα
3169 2322 3226 2376 δὲ
3276 2323 3310 2393 ἡ
3371 2320 3682 2389 Ἀσκάλων,

2069 2423 2267 2496 ὁρῶσα,
2299 2422 2394 2477 καὶ
2427 2422 2460 2492 ή
2488 2420 2658 2485 Γάζα,
2691 2418 2961 2490 περιδεεῖς
2989 2416 3221 2480 ἔσονται,
3257 2414 3352 2469 καὶ
3384 2414 3527 2485 μετά
3558 2413 3651 2481 τῆς

2081 2516 2370 2587 ’Δκκάρων
2414 2512 2808 2584 ὀλοφυρόμενοι
2856 2508 3196 2565 διατελοῦσιν
3232 2523 3247 2538 ·
3322 2507 3409 2560 ὅτι
3469 2521 3649 2571 κατῃ-

2066 2611 2330 2681 σχύνοη,
2375 2607 2635 2662 τουτέστιν
2662 2606 2698 2679 ἡ
2737 2604 2934 2677 Τύρος,
2979 2603 3082 2659 ἐπί
3118 2602 3198 2669 τῷ
3224 2601 3649 2671 παραπτώματι

2064 2700 2277 2770 αὐτῆς.
2331 2697 2492 2753 Ἀλὶά
2525 2696 2634 2769 μὴν
2682 2697 2776 2751 καὶ
2814 2697 2917 2767 τῆς
2963 2695 3144 2765 Γάζης
3179 2691 3525 2749 καταπαύσω
3556 2691 3650 2762 τὴν

2068 2790 2371 2864 βασιλείαν,
2391 2789 2486 2844 καὶ
2510 2788 2608 2860 τὴν
2642 2787 2962 2843 Ἀσκάλωνα
2985 2803 3053 2856 γυ
3060 2785 3199 2858 μνὴν
3218 2785 3328 2838 τῶν
3350 2783 3649 2853 οἰκητόρων

2066 2881 2353 2955 ἀποφανῶ,
2384 2881 2481 2937 καὶ
2509 2880 2819 2951 ἀλλογενεῖς
2864 2879 3036 2950 αὐτήν
3062 2894 3122 2932 τε
3157 2877 3250 2933 καὶ
3276 2877 3379 2948 τὴν
3406 2876 3652 2940 Ἄζωτον

2063 2976 2342 3031 κατοικεῖν
2369 2972 2823 3052 παρασκευάσωζ
2835 2969 2914 3024 Τὸ
2942 2969 3074 3042 γὰρ,
3116 2967 3429 3024 Ἀσκάλων
3471 2969 3545 3021 οὐ
3566 2965 3649 3037 μὴ

374 3063 726 3132 κατοικηθῇ,
777 3066 908 3137 περὶ
956 3065 1065 3121 τῶν
1116 3065 1237 3120 τότε
1288 3066 1596 3140 ἀνθρώπων
1639 3066 1810 3138 λέγει,
1884 3070 1980 3137 οὓς
2028 3074 2211 3144 σφαγῇ
2273 3087 2334 3125 τι
2386 3068 2483 3125 καὶ
2540 3067 2759 3140 δουλείᾳ
2814 3065 3126 3140 παρέδωκε.
3193 3063 3341 3120 Διότι
3424 3060 3447 3093 ⁸
3516 3062 3649 3132 ἐπή·

374 3169 549 3223 γαγεν
574 3172 591 3188 ο

448 3245 610 3303 Vens.
639 3248 696 3312 6,
716 3249 769 3305 7.
810 3267 829 3302 ι
851 3252 916 3305 Ει
947 3250 1279 3308 habitabunt
1299 3252 1625 3326 alienigene
1660 3253 1719 3311 in
1750 3256 1949 3322 Azoto,

2132 3260 2209 3321 ς’,
2239 3253 2305 3319 ζ’.
2349 3271 2368 3305 ι
2397 3250 2510 3307 Καὶ
2534 3249 2959 3322 κατοικήσουσιν
2977 3245 3290 3316 ἀλλογενετς
3309 3245 3370 3300 ἐν
3407 3246 3647 3320 Ἀζώτῳ,

372 3344 428 3394 (ι
460 3337 739 3394 destruam
777 3342 1033 3413 injuriam
1083 3343 1514 3416 alienigenarum
1577 3355 1672 3413 ;et
1717 3348 1963 3405 auferam

373 3431 696 3502 sanguinem
745 3448 937 3489 eorum
995 3450 1060 3491 ex
1086 3451 1183 3491 ore
1218 3435 1458 3502 illorum,
1489 3447 1548 3494 et
1595 3436 1966 3497 abominatio-

336 3570 339 3573 .
374 3538 471 3580 nes
500 3540 689 3580 eorum
720 3541 752 3582 e
773 3526 952 3582 medio
984 3526 1232 3585 dentium
1258 3528 1503 3585 illorum.
1541 3548 1559 3581 ι
1597 3530 1770 3588 Mater
1798 3532 1967 3604 igitur

371 3617 621 3673 beneficii
686 3627 773 3675 est
824 3623 1099 3677 correctio
1153 3636 1181 3675 a
1242 3619 1353 3677 Deo
1409 3622 1687 3680 adhibita.
1739 3603 1968 3696 Propter

370 3705 514 3762 hanc
553 3710 697 3763 enim
742 3710 1082 3782 alienigenas
1139 3713 1236 3779 ait,
1316 3713 1526 3786 1633
1573 3723 1628 3772 et
1672 3715 1963 3787 pristinam

368 3799 723 3871 iniquitatem
768 3803 1215 3877 impietatemque
1239 3805 1558 3878 reliquisse,
1587 3815 1642 3864 et
1665 3807 1762 3865 Dei
1785 3807 1966 3863 notio-

370 3910 496 3953 nem
526 3894 819 3964 recepisse.
863 3897 982 3953 Hoc
1018 3899 1168 3954 enim
1207 3899 1421 3964 docuit,
1466 3914 1592 3954 cum
1630 3899 1815 3954 statim
1865 3896 1964 3953 ad-

364 3987 566 4058 iecerit
598 4006 613 4037 :
652 4007 672 4039 ι
719 3988 786 4043 Et
836 3990 1229 4060 relinquentur
1275 3998 1331 4047 et
1362 3991 1454 4046 isti
1490 3991 1603 4045 Deo
1652 4000 1865 4054 nostro,
1909 3999 1964 4046 et

366 4091 528 4137 erunt
550 4088 611 4137 ut
636 4081 845 4137 tribuni
877 4083 933 4138 in
971 4080 1115 4139 Juda
1150 4102 1164 4138 :
1195 4093 1251 4140 et
1271 4083 1525 4137 Accaron
1559 4083 1576 4103 ⁶
1601 4081 1747 4135 sicut
1790 4079 1961 4137 Jebu-

371 4188 535 4229 smus.
567 4194 586 4227 ι
639 4172 982 4232 Detestantes
1027 4176 1172 4231 cnim
1213 4174 1485 4230 idolorum
1516 4171 1810 4240 sacriﬁcia,
1839 4174 1962 4245 qui-

371 4267 475 4323 lous
519 4276 680 4322 antea
730 4269 882 4339 pleni
937 4277 1124 4335 erant,
1187 4267 1389 4322 divina:
1429 4265 1791 4336 providentiae
1836 4283 1962 4325 sese

370 4358 689 4429 subjicient,
719 4368 773 4416 et
820 4361 1026 4430 populo
1071 4359 1227 4414 Judae
1269 4356 1500 4427 ascripti
1550 4357 1703 4413 velut
1752 4361 1958 4417 tribuni

368 4450 595 4516 quidam
626 4451 966 4521 praecellent,
1000 4458 1055 4505 et
1087 4449 1282 4504 incolis
1313 4449 1709 4525 Hierosolyma;
1749 4455 1959 4512 honore

369 4541 825 4612 nd:equahuntur.
853 4541 965 4597 llos
992 4542 1139 4597 enim
1165 4539 1440 4600 Jebasaeos
1474 4545 1794 4618 appellavit,
1824 4549 1954 4620 quia

370 4631 486 4688 haec
514 4632 643 4688 olim
681 4630 850 4688 Jebus
879 4632 1198 4688 vocabatur.

442 4805 614 4871 Vens,
635 4806 690 4863 8.
726 4825 747 4859 ι
771 4805 840 4861 Et
875 4822 1182 4880 supponam
1208 4810 1397 4869 domui
1426 4830 1562 4872 meae
1592 4816 1954 4874 elevationem

2067 3347 2161 3402 καὶ
2193 3343 2406 3401 καθελῶ
2454 3342 2612 3416 ὖσριν
2649 3339 2998 3410 ἀλλοφύλων,
3036 3339 3132 3394 καὶ
3178 3337 3362 3411 ἐξαρῶ
3405 3339 3470 3393 τὸ
3517 3335 3649 3410 αἷμα

2066 3436 2245 3492 αὐτῶν
2275 3437 2342 3490 ἐκ
2367 3433 2463 3490 τοῦ
2483 3435 2528 3468 ⁷⁸
2557 3432 2828 3504 στόματος
2853 3430 3055 3498 αὐτῶν,
3081 3430 3178 3486 καὶ
3205 3429 3276 3485 τά
3307 3429 3651 3503 βδελύγματα
3681 3494 3693 3508 ,

2054 3530 2246 3590 ,αὐτῶν
2263 3531 2306 3562 ⁷⁷
2342 3530 2407 3584 ἐκ
2461 3526 2627 3600 μέσου
2652 3524 2762 3580 τῶν
2778 3524 2825 3558 ⁷⁸
2870 3524 3099 3580 ὀδόντων
3139 3524 3343 3580 αὐτῶν.
3377 3543 3398 3576 ι
3452 3526 3651 3597 Μήτηρ

2066 3625 2175 3696 ἄρα
2204 3620 2523 3695 εὐεργεσίας
2557 3621 2591 3691 ἡ
2620 3618 2726 3673 ὑπὸ
2750 3615 2846 3672 τοῦ
2889 3617 3027 3672 Θεοῦ
3058 3618 3438 3689 ἐπιφερομένη
3452 3619 3498 3651 ’⁸
3529 3635 3650 3671 παι-

2066 3718 2184 3770 δεία
2204 3729 2219 3745 ο
2268 3715 2358 3769 διά
2382 3713 2585 3782 ταύτην
2617 3712 2728 3783 γὰρ
2757 3712 2852 3767 καὶ
2881 3710 3012 3775 τοὺς
3054 3709 3387 3779 ἀλλοφύλους
3418 3711 3525 3781 ἔφη
3554 3712 3651 3781 τῆς

2060 3808 2171 3878 μὲν
2199 3807 2471 3879 προτέρας
2497 3804 2767 3861 παύεσθαι
2794 3804 3142 3876 παρανομίας
3178 3802 3276 3858 καὶ
3300 3803 3643 3869 δυσσεϐείας,

2064 3898 2156 3952 τοῦ
2189 3897 2246 3952 δὲ
2275 3896 2412 3951 Θεοῦ
2447 3897 2546 3967 τὴν
2578 3895 2872 3965 ἐπίγνωσιν
2897 3892 3172 3966 δέχεσθαι.
3201 3894 3374 3949 Τοῦτο
3398 3894 3510 3966 γάρ
3534 3895 3652 3966 ἐδή-

2063 3988 2235 4042 λωσεν
2263 3987 2426 4051 εὐθὺς
2461 3985 2756 4057 ἐπαγαγών
2778 4001 2795 4016 ·
2841 4003 2864 4038 ε
2890 3985 3005 4039 Kai.
3034 3985 3530 4055 ὑπολειφθήσονται
3558 3983 3651 4038 καὶ

2061 4073 2207 4135 οὗτοι
2244 4079 2322 4150 τῷ
2353 4078 2474 4151 Θεῷ
2505 4077 2685 4151 ἡμῶν,
2732 4078 2826 4134 καὶ
2854 4078 3070 4132 ἔσονται
3101 4077 3179 4142 ὡς
3220 4077 3497 4149 χιλίαρχοι
3519 4077 3565 4110 ⁸⁸
3594 4079 3652 4131 ἐν

2062 4171 2142 4244 τῷ
2157 4172 2200 4205 ⁸¹
2242 4170 2433 4244 Ἰούδᾳ,
2469 4171 2564 4226 καὶ
2604 4170 2695 4225 ὁ⁸¹
2735 4171 3025 4240 Ἀκκάρων
3071 4169 3148 4235 ὡς
3174 4172 3204 4225 ὁ
3249 4169 3592 4234 Ἰεϐουσαῖος.
3624 4188 3644 4222 ι

2062 4260 2457 4334 Βδελυξάμενοι
2490 4260 2598 4332 γὰρ
2626 4248 2726 4324 τάς
2755 4259 2866 4314 τῶν
2896 4259 3131 4313 εἰδώλων
3163 4260 3378 4325 θυσίας,
3414 4253 3493 4314 ὧν
3524 4262 3652 4330 πρὶν

2060 4353 2484 4425 ἐνεπίμπλαντο,
2520 4352 2624 4406 ὑπὸ
2651 4351 2751 4423 τὴν
2776 4350 2872 4404 τοῦ
2901 4350 3038 4405 Θεοῦ
3066 4350 3397 4423 κηδεμονίαν
3424 4352 3651 4413 ἑαυτοὺς

2059 4443 2299 4509 τάξουσι,
2326 4443 2421 4496 καὶ
2435 4441 2513 4514 τῷ
2544 4441 2715 4514 Ἰούδᾳ
2737 4441 3290 4513 συγκαταλεγόμενοι,
3313 4441 3472 4513 δίκην
3491 4441 3652 4496 τινῶν

2058 4534 2415 4609 διαπρέψουσι
2432 4533 2753 4607 χιλιάρχων,
2776 4533 2872 4589 καὶ
2899 4536 3012 4599 τοῖς
3025 4532 3233 4589 οίκοῦσι
3253 4534 3353 4606 τὴν
3380 4534 3651 4607 Ἰερουσα-

1986 4598 2032 4656 D
2059 4627 2171 4700 λὴμ
2192 4598 2808 4699 ύμύτιμοιῆγενησονται.
2839 4624 3077 4689 Τούτους
3102 4624 3213 4697 γὰρ
3246 4598 3653 4691 Ἰεϐουσαίους

2055 4719 2312 4774 ἐκάλεσεν
2338 4733 2353 4748 ⁸
2397 4717 2598 4782 Ἰεὸοὺς
2620 4718 2729 4791 γάρ
2750 4716 2891 4788 αὕτη
2920 4716 3089 4771 πάλαι
3117 4716 3581 4789 προσηγορεύετο.

2125 4813 2195 4879 η’.
2257 4826 2276 4858 ι
2305 4805 2416 4860 Καὶ
2457 4806 2839 4879 ὑποστήσομαι
2884 4804 2966 4876 τῷ
3011 4807 3146 4878 οῐκῳ
3192 4823 3295 4878 μου
3333 4806 3647 4878 ἀνάστημα,

374 4902 431 4950 ιιι
462 4912 623 4953 nemo
653 4909 1014 4969 pertranseat,
1046 4919 1225 4975 neque
1275 4917 1598 4975 revertatur,
1644 4918 1702 4966 et
1753 4924 1961 4981 nequa-

2069 4897 2150 4953 τοῦ
2188 4898 2265 4971 μὴ
2309 4897 2772 4972 διαπορεύεσθαι,
2825 4899 2963 4971 μηδέ
2994 4898 3403 4971 ἀνακάμπτειν,
3451 4901 3548 4954 καὶ
3587 4898 3647 4953 ού

370 5001 536 5057 quam
579 4992 935 5060 superveniat
970 4996 1125 5053 vobis
1159 4997 1307 5054 ultra
1337 4999 1585 5068 ahactor,
1635 5002 1765 5073 quia
1808 5017 1958 5058 nunc

371 5078 477 5135 vidi
508 5081 685 5139 oculis
732 5084 887 5141 meis.
933 5104 950 5139 ι
1004 5086 1236 5145 Domum
1283 5106 1460 5147 meam
1496 5093 1762 5150 illustrem
1813 5110 1955 5166 pra:-

372 5169 551 5236 stabo,
581 5178 637 5228 et
657 5174 918 5243 populum
941 5192 1122 5232 meum
1155 5184 1401 5251 potentia
1439 5183 1520 5240 sic
1542 5184 1866 5255 complebo.
1894 5192 1954 5240 ut

371 5260 558 5320 hostes
601 5263 802 5321 bellum
830 5265 940 5324 illis
970 5268 1175 5329 inferre
1197 5274 1579 5346 aggredientes
1610 5291 1722 5332 non
1762 5291 1954 5332 rever-

2057 4993 2132 5064 μὴ
2166 4991 2370 5065 ἐπέλθῃ
2408 4993 2495 5063 ἐφ’
2540 4992 2744 5064 ὑμᾶς⁸⁸
2776 4993 2962 5048 οὐκέτι
2988 4991 3292 5057 ἐξελαύνων
3315 5009 3333 5026 ο
3378 4992 3519 5048 διότι
3552 4990 3646 5047 νῦν

2055 5083 2276 5158 ἑώρακα
2319 5089 2378 5141 ἐν
2427 5087 2539 5151 τοῖς
2589 5085 2889 5157 ὀφθαλμοῖς
2921 5103 3048 5158 μου.
3080 5105 3100 5139 ι
3150 5084 3527 5157 Περίόλεπτον
3556 5085 3648 5138 τὶν

2064 5179 2196 5251 ἐμὸν
2264 5174 2412 5233 οἶκον
2472 5177 2769 5250 ἀποφανῶ,
2827 5178 2922 5233 καὶ
2985 5176 3287 5250 δυνάμενος
3359 5177 3455 5232 τὸν
3517 5177 3649 5249 ἐμὸν

2063 5273 2330 5348 ἐμπλήσω
2400 5272 2526 5329 λαδν
2550 5313 2565 5341 ,
2627 5275 2768 5330 ὥστε
2842 5272 2972 5338 τοὺς
3040 5271 3259 5327 ἐπιέναι
3330 5258 3680 5344 τολμιῖινιιαςΧ

1649 5448 1887 5508 VARle
1927 5450 2335 5510 LECTIONES.

444 5593 559 5683 ’λς
595 5595 882 5683 ἐφρόνησε.
931 5602 1002 5683 ’τ’
1022 5600 1191 5683 Γάζα.
1293 5616 1480 5683 praem.
1511 5605 1626 5683 καί.
1699 5607 1758 5683 ’[³-
1784 5606 1828 5661 A
1853 5606 2115 5683 ᾐσχύνθη.

2226 5608 2274 5640 ⁷⁸
2298 5607 2340 5662 Α
2365 5608 2684 5679 κατοικηθῇ.
2761 5610 2810 5643 ’⁸
2840 5609 2881 5665 C
2917 5611 3018 5665 διό.
3093 5611 3142 5643 ⁷⁸
3161 5609 3277 5666 τοῦ.
3306 5609 3435 5665 Des.
3494 5611 3546 5663 in
3576 5609 3641 5665 Α.

373 5663 437 5752 '1‘
455 5664 583 5752 αρτ.
613 5663 995 5752 ἰξῖὶριιιιεειιειιι.
1020 5663 1264 5752 [Ἠῷοι.
1283 5663 1420 5752 :qua‘.
1452 5675 1509 5728 in
1534 5676 1667 5752 edit.
1704 5663 2292 5752 Sirm_:'s'_éqttcbanttir.
2328 5680 2392 5732 ἐκ
2422 5663 2517 5752 τοῦ
2552 5663 2820 5752 στόματος
2846 5663 3053 5745 αὐτῶν,
3076 5663 3276 5752 καὶτά
3300 5663 3645 5752 βδελύγματα

377 5733 838 5818 gulam-ﬁnium
866 5739 999 5818 nihil
1028 5733 1259 5818 in_‘A_ct
1277 5733 1533 5818 (instat.
1572 5743 1647 5818 E_x
1678 5733 2057 5814 superioribus
2084 5733 2532 5818 itaque-repetita
2572 5733 2694 5804 esse
2719 5733 2993 5805 videntur.

372 5809 427 5854 ct
454 5799 516 5856 C.
592 5804 640 5839 τ’
665 5805 707 5859 C
736 5808 1011 5880 φερομένη
1084 5811 1129 5843 ⁸ο
1160 5810 1204 5866 Α
1229 5810 1523 5885 χιλίαρχος.
1601 5815 1641 5846 ει
1684 5799 1764 5887 eg;
1793 5799 1918 5871 at"
1939 5799 2053 5872 κίίό
2087 5799 3021 5890 bes.—'in'KZV'Tuixvén‘iab-Eoéé.

3102 5753 3149 5784 '"'
3177 5749 3309 5808 τῶν.
3346 5749 3483 5808 Des.
3503 5749 3574 5806 'in
3599 5749 3643 5803 Δ

3541 5918 3585 5934 Δ
