3956 6202
384 277 408 334 J
421 277 524 341 927

1355 264 1848 330 TIIEODORETI
1881 267 2222 328 EPlSCOPI
2255 267 2626 328 CYRENSIS

3515 265 3652 331 1928

388 389 613 445 herbam
648 385 704 440 in
758 397 912 456 agro.
947 400 966 436 ι
1013 381 1153 452 Ipse,
1201 381 1401 450 inquit,
1435 389 1490 435 et
1529 381 1715 434 vinum
1762 390 1816 435 ct
1847 379 1966 434 fru-

2082 386 2126 435 ὲν
2161 381 2338 454 ἀγρῷ.
2368 401 2388 436 ι
2413 382 2606 448 Αὐτὸς,
2641 381 2794 454 φησὶ,
2827 382 2924 437 καὶ
2940 382 3086 436 σῖτον
3117 382 3212 437 καὶ
3237 379 3380 436 οἶνον
3407 389 3654 455 χορηγεῖ,

388 489 632 537 mentum
670 479 862 544 donat,
892 483 951 530 ut
977 485 1029 532 et
1050 475 1282 544 juvenes
1318 472 1598 528 frumento
1630 473 1966 528 confirmem

389 585 503 642 tur,
531 581 585 628 et
616 572 864 642 virgines
910 583 978 624 ex
1030 568 1160 622 vino
1204 565 1447 621 laetitiam
1487 565 1818 636 percipiant.
1851 565 1968 620 lloc

386 663 534 718 enim
569 662 734 716 etiam
777 660 900 714 loco
933 656 1149 729 1639
1184 657 1360 711 vinum
1396 669 1496 726 pro
1541 653 1728 708 laztitia
1760 653 1964 724 posuit.

388 751 515 806 llaec
547 751 734 820 itaque
766 751 1028 815 scientes,
1062 748 1387 802 matutinam
1416 755 1474 802 et
1517 746 1816 803 serotinum
1849 747 1972 815 plu-

391 844 538 899 viam
572 845 628 898 i‘n
652 853 901 913 tempore
930 840 1205 913 petite-ab
1229 855 1296 896 eo
1331 839 1425 910 qui
1473 839 1607 894 dare
1647 848 1842 910 potest.
1875 838 1972 892 Et—

388 937 534 992 enim
562 937 678 1006 ipse
706 943 760 992 et
777 935 974 1007 pluviae
993 941 1207 998 auctor,
1224 942 1278 988 et
1303 932 1533 986 aliarum
1557 945 1740 986 rerum
1763 929 1967 1000 opifex,

387 1043 510 1098 qua:
547 1027 618 1082 ad
651 1028 932 1083 hominum
983 1039 1250 1082 terrorem
1304 1023 1420 1079 fieri
1488 1023 1690 1079 solent.
1730 1020 1972 1094 Fulgura

386 1121 535 1174 enim
572 1121 627 1174 in
660 1120 901 1191 pluviam
936 1118 1089 1174 fecit.
1119 1115 1278 1170 Talia
1315 1115 1704 1184 apparitiouem
1731 1114 1974 1184 appella-

388 1212 489 1280 vit,
536 1221 595 1267 ut
651 1228 772 1282 qua:
822 1219 1135 1266 exterreant
1184 1209 1477 1263 homines:
1518 1221 1613 1278 per
1649 1207 1765 1261 haec
1791 1213 1972 1261 autem

388 1304 554 1358 etiam
589 1317 654 1358 ex
690 1311 838 1358 terra
863 1301 1165 1376 gignuntur
1198 1298 1434 1354 fructus.
1469 1296 1616 1352 Deus
1648 1311 1778 1369 ergo
1809 1311 1974 1352 verus

390 1396 524 1450 talia
553 1405 608 1451 et
640 1394 771 1451 facit
796 1406 848 1451 et
871 1395 1122 1465 largitur.

462 1574 631 1629 Vens.
660 1573 715 1626 9..
751 1591 769 1624 ι
805 1572 908 1639 Qui
939 1587 1069 1628 vero
1102 1571 1494 1642 loquebantur,
1529 1573 1697 1628 locuti
1735 1580 1866 1628 sunt
1897 1573 1976 1626 la-

389 1672 602 1724 bores:
661 1675 717 1721 et
765 1666 1106 1721 divinatorcs
1163 1666 1404 1720 visiones
1465 1665 1633 1720 falsas
1662 1675 1716 1720 et
1761 1664 1974 1721 somnia

2071 474 2214 528 ὥστε
2236 475 2330 529 καὶ
2365 476 2683 538 νεανίσκους
2733 473 2810 545 τῷ
2845 473 2976 546 σίτῳ
3026 474 3402 549 στηρίζεσθαι,
3435 477 3532 529 καὶ
3560 477 3657 538 τὰς

2073 567 2380 636 παρθένους
2413 567 2511 637 τὴν
2555 566 2666 620 ἀπὺ
2712 565 2807 620 τοῦ
2834 567 2978 621 οῐνου
3025 568 3371 639 ε’ῦφροσύνην
3406 568 3657 639 καρποῦ·

2075 661 2220 714 σθαι.
2260 660 2384 714 Ἐπὶ
2415 661 2516 730 τῆς
2539 660 2880 732 εὐφροσύνης
2913 662 3021 733 γὰρ
3049 661 3156 716 τὸν
3173 657 3344 718 οἶνον
3373 662 3657 717 κάνταῦθα

2073 754 2313 809 τέθεικε.
2345 753 2532 808 Ταῦτα
2548 753 2729 808 τοίνυν
2759 753 2985 817 εἰδότες,
3012 754 3107 807 καὶ
3137 753 3232 806 τὸν
3261 753 3537 826 πρὼῖμον,
3567 757 3660 808 καὶ

2073 845 2166 900 τὸν
2187 845 2383 916 όψιμον
2415 844 2570 899 ὑετὸν
2599 846 2680 909 εἰς
2705 844 2898 916 καιρὸν
2926 847 3133 898 αἰτεῖτε
3165 844 3258 900 τὸν
3287 845 3472 900 δοῦναι
3497 847 3658 902 δυνά-

2079 954 2258 1008 μενον.
2286 937 2458 1002 Αὐτὸς
2523 937 2634 1008 γὰρ
2676 937 2770 991 καὶ
2827 936 2984 991 ὑετοῦ
3023 939 3068 970 ¹³
3097 937 3356 1010 χορηγὸς,
3403 939 3502 992 καὶ
3551 939 3662 993 τῶν

2075 1031 2251 1085 ἄλλων
2303 1030 2657 1102 δημιουργὸς,
2709 1029 2747 1085 ἃ
2777 1031 2858 1095 είς
2891 1030 3054 1099 φόϐον
3092 1031 3252 1085 εῐωθε
3277 1030 3530 1100 γίνεσθαι
3551 1031 3662 1086 τῶν

2075 1122 2406 1195 ἀνθρώπων
2441 1124 2730 1194 ἀστραπὰς
2777 1122 2888 1195 γάρ
2945 1126 3026 1196 είς
3086 1125 3244 1179 ὑετὸν
3285 1124 3536 1196 ἐποίησε.
3579 1126 3660 1180 Τὰ

2077 1216 2301 1270 τοιαῦτα
2323 1217 2670 1286 φαντασίαν
2683 1215 2962 1281 ἐκάλεσεν,
2979 1216 3056 1280 ὡς
3072 1217 3445 1288 ἐκπλήττοντα
3473 1219 3519 1250 ¹⁶
3536 1219 3662 1282 τοὺς

2078 1307 2398 1380 ἀνθρώπους
2415 1323 2428 1337 ·
2464 1309 2554 1364 διὰ
2579 1308 2786 1362 τούτων
2812 1308 2870 1362 δὲ
2896 1312 2994 1364 καὶ
3015 1309 3122 1362 ἀπὸ
3155 1309 3196 1340 ³⁷
3226 1309 3328 1381 γῆς
3361 1309 3662 1377 γεννῶνται

2079 1401 2302 1473 καρποί.
2344 1403 2400 1455 '0
2431 1401 2474 1432 ⁸⁸
2506 1401 2607 1472 μὲν
2646 1396 2740 1456 οὖν
2777 1400 2986 1473 ἀληθὴς
3016 1401 3151 1466 Θεὸς
3201 1401 3273 1456 τά
3305 1400 3535 1456 τοιαῦτα
3568 1405 3663 1458 καὶ

2078 1495 2370 1566 ἐργάζεται
2396 1496 2490 1549 καὶ
2517 1493 2819 1566 χαρίζεται.

2151 1587 2216 1658 β’.
2249 1605 2266 1638 ι
2295 1588 2357 1640 Οἱ
2410 1585 2466 1640 δὲ
2510 1587 2552 1618 ⁸⁸
2591 1584 3062 1656 ἀποφθεγγόμενοι
3117 1584 3390 1655 ἐλάλησαν
3434 1585 3658 1648 κόπους,

2081 1679 2174 1732 καὶ
2224 1679 2275 1730 ot
2329 1678 2552 1748 μάντεις
2605 1677 2827 1748 ὁράσεις
2873 1675 3092 1747 ψευδεῖς
3143 1676 3236 1729 καὶ
3260 1676 3330 1730 τά
3364 1674 3593 1730 ἐνύπνια
3619 1676 3664 1705 ¹⁰

390 1762 531 1816 falsa
584 1759 752 1814 locuti
783 1767 954 1814 sunt:
1005 1773 1142 1812 vane
1179 1757 1634 1824 consolabantur,
1679 1757 1808 1812 ideo
1850 1772 1971 1812 are-

2082 1772 2249 1843 ψευδῆ
2295 1769 2519 1824 ἐλάλουν
2562 1771 2626 1801 ¹¹·
2680 1770 2888 1840 μάταια
2933 1766 3315 1841 παρεκάλουν’
3369 1766 3461 1821 διὰ
3505 1765 3664 1819 τοῦτο

389 1853 518 1908 facti
550 1861 680 1909 sunt
710 1852 854 1907 sicut
877 1866 1030 1916 oves,
1057 1859 1112 1905 et
1141 1848 1325 1905 amicti
1366 1860 1515 1915 sunt,
1547 1848 1674 1919 quia
1713 1863 1825 1904 non
1855 1857 1976 1904 erat

387 1945 627 2000 sanatio.
673 1962 690 1994 ι
735 1940 1001 1997 Uuiverso
1035 1939 1240 1994 diaboli
1269 1954 1432 2008 grege
1477 1940 1535 1994 in
1577 1940 1818 1994 medium
1852 1955 1978 2010 pro-

390 2036 580 2098 ducto,
615 2032 1068 2094 vaticinantibus,
1129 2045 1225 2101 per
1277 2030 1466 2086 stellas
1507 2034 1523 2052 ‘
1570 2030 1975 2096 divinantibus,

391 2126 735 2181 somniorum
767 2123 1199 2192 conjectoribus,
1235 2128 1292 2175 et
1327 2121 1613 2175 mendacia
1639 2120 1859 2176 illorum
1892 2136 1980 2177 re-

390 2215 699 2283 prehendit,
729 2223 781 2267 et
821 2227 1010 2280 poenas
1040 2210 1300 2266 ostendit.

466 2303 630 2358 Vens.
664 2305 718 2359 5.
754 2323 772 2353 ι
810 2302 988 2370 Super
1030 2311 1280 2370 pastores
1327 2301 1641 2356 concitatus
1691 2311 1776 2358 est
1823 2301 1979 2358 furor

393 2411 568 2461 meus,
625 2402 680 2449 et
722 2409 890 2462 super
929 2408 1101 2464 agnos
1153 2407 1307 2448 meos
1333 2394 1589 2448 visitabo.
1632 2413 1651 2447 ι
1692 2393 1801 2452 Eos
1829 2397 1975 2451 enim

391 2488 486 2558 qui
511 2487 654 2542 male
683 2493 1004 2556 regnarunt,
1036 2486 1091 2540 iu
1120 2486 1442 2540 servitutem
1484 2485 1694 2558 redegi,
1725 2487 1976 2545 subditos

393 2595 525 2636 vero
549 2581 699 2634 illinc
731 2579 946 2644 reduxi,
976 2590 1029 2633 et
1056 2594 1174 2634 mea
1214 2579 1556 2649 providentia
1583 2579 1802 2650 dignos.
1859 2599 1878 2632 σ
1912 2579 1978 2636 Et

392 2673 640 2729 visitahit
671 2671 934 2726 Dominus
960 2671 1104 2726 Deus
1134 2671 1484 2742 omnipotens
1527 2687 1746 2744 gregem
1789 2689 1976 2738 suum,

393 2766 618 2820 domum
645 2763 818 2829 ludar,
864 2772 920 2820 et
974 2772 1138 2834 ponet
1169 2779 1264 2819 eos
1295 2765 1440 2819 sicut
1485 2779 1688 2834 equum
1717 2765 1975 2820 decorum

392 2843 556 2909 suum
599 2853 651 2908 in
685 2855 895 2924 praelio.
931 2872 950 2904 ›
983 2853 1048 2907 Et
1086 2853 1212 2907 belli
1245 2861 1491 2923 tempore
1525 2854 1722 2910 faciam
1776 2862 1836 2908 ut
1863 2855 1979 2910 sint

387 2955 656 3015 tanquam
683 2961 859 3016 equus
890 2944 1303 3015 pulchritudine
1337 2953 1392 3000 et
1430 2945 1640 3001 viribus
1669 2946 1972 3011 exsultans,

388 3044 448 3094 et
477 3038 534 3093 in
564 3038 752 3094 hostes
779 3038 1017 3103 irruens,
1045 3045 1100 3093 ct
1133 3036 1241 3092 alio
1264 3035 1516 3093 subsidio
1539 3053 1649 3092 non
1684 3037 1972 3108 indigebit.

458 3339 630 3394 'V’r-zns.
669 3340 725 3403 4,
757 3339 810 3394 5.
844 3357 862 3390 ι
901 3338 976 3393 Ex
1015 3337 1135 3410 ipso
1183 3339 1353 3403 enim,
1390 3339 1592 3410 inquit,
1631 3340 1895 3411 respexit,
1923 3348 1979 3396 et

376 3449 459 3489 ex
513 3433 725 3505 1640
780 3433 898 3503 ipso
949 3433 1156 3503 posuit,
1203 3441 1258 3488 et
1294 3448 1361 3488 ex
1395 3433 1518 3504 ipso
1551 3448 1713 3491 arcus
1755 3435 1874 3504 ejus
1921 3434 1976 3490 in

391 3527 591 3596 spiritu
619 3525 841 3587 furoris,
869 3540 934 3578 ex
967 3524 1088 3594 ipso
1115 3523 1434 3595 egredietur
1460 3524 1640 3580 omnis
1679 3524 1774 3596 qui
1805 3525 1976 3596 abigit

377 3620 446 3674 .in
473 3619 525 3674 id
549 3619 750 3688 ipsum.
782 3617 847 3672 Et
885 3624 1048 3673 erunt
1071 3617 1229 3687 quasi
1249 3617 1546 3672 bellatores
1585 3617 1974 3671 conculcantes

379 3713 568 3768 .lutum
597 3713 808 3766 viarum
853 3711 906 3764 in
945 3710 1155 3781 praelia,
1191 3717 1247 3765 et
1292 3710 1347 3764 in
1395 3709 1514 3765 acie
1565 3710 1811 3774 stabunt,
1844 3708 1974 3780 quia

389 3807 657 3860 Dominus
687 3820 810 3858 cum
849 3805 930 3858 eis
971 3813 1076 3868 est,
1111 3815 1164 3857 et
1206 3801 1618 3857 confundentur
1647 3815 1973 3856 ascensores

387 3912 680 3968 equorum.
719 3914 736 3948 ι
767 3893 876 3948 Nec
910 3894 1129 3959 alienis,
1162 3894 1359 3964 inquit,
1384 3895 1554 3947 armis
1595 3903 1838 3956 utentur,
1873 3908 1972 3948 nec

386 3996 609 4046 exteros
659 3985 861 4040 milites
903 3984 1157 4039 mercede
1193 3983 1539 4050 conducent,
1576 3985 1672 4040 sed
1719 4000 1786 4038 ex
1834 3985 1970 4052 ipsis

386 4079 515 4137 belli
567 4081 794 4141 ductor,
838 4091 904 4131 ex
947 4075 1084 4147 ipsis
1129 4083 1292 4131 erunt
1331 4090 1523 4131 omnes
1546 4074 1801 4129 ordinum
1833 4091 1970 4146 prae-

378 4172 535 4236 fecti,
561 4171 666 4242 ipsi
707 4170 1055 4242 reprmclare
1113 4175 1267 4238 gesta
1305 4167 1589 4220 victoriam
1621 4167 1882 4228 referent,
1915 4174 1970 4222 et

385 4266 543 4337 quasi
577 4265 752 4318 lutum
781 4264 1021 4318 hostium
1042 4261 1285 4332 legiones
1313 4259 1740 4314 conculcabunt.
1761 4260 1968 4325 Quem—

381 4354 680 4410 admodum
733 4354 878 4408 en‘im
922 4352 1098 4407 lutum
1141 4351 1372 4420 pedibus
1416 4350 1965 4421 supergredientibns

357 4428 552 4511 cedit,
587 4447 668 4501 sic
709 4445 786 4499 illi
821 4459 1040 4514 quoque
1075 4444 1127 4496 in
1180 4441 1363 4512 fugam
1411 4450 1712 4510 vertentur,
1765 4453 1818 4497 et
1880 4443 1963 4496 fu-

383 4540 594 4608 g’ientcs
627 4535 1041 4596 interficientur,
1075 4535 1335 4603 quoniam
1385 4533 1528 4589 Deus
1574 4532 1960 4589 universorum

381 4631 548 4699 hujus
583 4629 711 4684 belli
739 4627 1200 4682 administrationi
1233 4635 1450 4696 praeest.

453 4722 618 4775 Vsus.
643 4720 695 4774 6.
728 4739 746 4771 ‹
784 4718 849 4770 Et
873 4718 1197 4774 confer-tabo
1220 4720 1439 4773 domum
1471 4717 1643 4783 Iudae,
1665 4726 1719 4773 et
1739 4719 1962 4773 domum

378 4810 604 4880 Josephi
657 4811 896 4872 salvabo,
947 4819 1000 4864 et
1057 4809 1306 4864 habitare
1363 4808 1557 4862 faciam
1605 4823 1720 4864 eos.
1763 4827 1780 4860 ι
1822 4808 1961 4862 Cum

381 4916 513 4955 vero
544 4902 624 4955 sic
653 4917 866 4965 omnes,
905 4901 1106 4972 inquit,
1138 4917 1330 4956 eorum
1376 4901 1565 4955 hostes
1606 4899 1960 4962 interfecero,

377 4994 609 5050 efficiam
636 5005 693 5050 ut
731 4997 781 5048 iu
813 5011 943 5066 pace
971 5004 1174 5051 terram
1221 5007 1502 5084 patet-utrm
1539 4994 1868 5049 inbabitent.
1897 4991 1961 5044 Et

377 5100 606 5144 causam
647 5085 920 5152 indicans,
971 5087 1210 5159 adjecit:
1267 5107 1283 5141 ι
1331 5086 1472 5154 Quia
1514 5087 1680 5141 dilexi
1716 5100 1812 5142 eos
1852 5103 1865 5140 :
1901 5095 1960 5139 et

2077 1862 2455 1936 ὲξηράνθησαν
2502 1862 2578 1924 ὡς
2610 1862 2656 1893 ²²
2681 1861 2954 1933 πρόϐατα,
3003 1862 3098 1913 καὶ
3158 1858 3545 1930 ἐκακώθησαν,
3581 1859 3660 1910 ὅτι

2076 1958 2176 2011 οὐκ
2200 1953 2268 2028 ἦν
2302 1956 2467 2020 ἴασις.
2498 1974 2517 2009 ι
2557 1956 2744 2010 Πάντα
2795 1954 2892 2008 τοῦ
2945 1953 3192 2007 διαϐόλου
3247 1953 3340 2007 τὸν
3387 1951 3549 2022 χορὸν
3585 1952 3664 2021 εἰς

2082 2047 2248 2118 μέσον
2277 2046 2640 2118 παραγαγὼν,
2695 2048 2823 2110 τοὺς
2862 2047 3106 2116 μάντεις,
3156 2044 3283 2108 τοὺς
3322 2044 3655 2113 ἀστερομάν-

2076 2156 2212 2204 τεις,
2240 2139 2368 2202 τοὺς
2393 2137 2792 2210 ὀνειροπόλους,
2833 2139 2932 2191 καὶ
2983 2138 3045 2190 τὸ
3093 2135 3289 2206 ψεῦδος
3333 2135 3515 2190 αὐτῶν
3545 2135 3658 2206 διή-

2077 2232 2256 2300 λεγξε,
2298 2233 2394 2285 καὶ
2415 2231 2515 2301 τὴν
2543 2231 2812 2303 τιμωρίαν
2840 2229 3138 2295 ὑπέδειξεν.

2148 2328 2218 2390 γ’.
2249 2340 2266 2372 ι
2289 2322 2383 2384 Et;
2401 2323 2449 2354 ”
2477 2322 2604 2385 τοὺς
2626 2323 2892 2392 ποιμένας
2922 2321 3250 2394 παρωξύνθη
3282 2323 3312 2373 ὁ
3336 2319 3510 2390 θυμός
3539 2336 3666 2389 μου,

2077 2413 2182 2466 καὶ
2225 2411 2318 2467 ἐπὶ
2371 2413 2501 2476 τοὺς
2560 2412 2770 2482 ἀμνούς
2807 2430 2908 2484 μου
2951 2415 2999 2445 ³⁵
3043 2413 3433 2483 ἐπισκέψομαι.
3473 2431 3492 2464 ι
3525 2412 3666 2475 Τοὺς

2083 2504 2184 2575 μὲν
2235 2503 2346 2576 γὰρ
2390 2505 2574 2569 κακῶς
2627 2506 2900 2576 ἄρξαντας
2948 2503 3296 2575 αἰχμαλωσίᾲ
3327 2503 3623 2574 παρέδωκα
3649 2543 3665 2569 ,

2077 2597 2204 2660 τοὺς
2243 2595 2300 2648 δὲ
2333 2595 2668 2667 ἀρχομένους
2731 2595 2939 2650 ἐκεῖθεν
2987 2597 3360 2666 ἐπανήγαγον,
3422 2594 3528 2658 καὶ,
3565 2593 3668 2663 τῆς

2081 2688 2222 2758 ἐμῆς
2246 2687 2386 2754 ἀξιῶ
2413 2687 2761 2759 κηδεμονίας.
2803 2705 2822 2737 ι
2861 2687 2972 2740 Καὶ
3017 2687 3373 2755 ἐπισκέψεται
3403 2684 3611 2755 Κύριος
3639 2685 3669 2736 ό

2080 2779 2214 2843 Θεὸς
2243 2782 2272 2833 ὀ
2295 2781 2689 2851 παντοκράτωρ
2737 2781 2799 2833 τὸ
2854 2779 3109 2851 ποίμνιον
3152 2778 3341 2843 αὐτοῦ,
3385 2777 3480 2832 τὸν
3518 2771 3671 2834 οἷκον

2093 2871 2292 2925 Ἰούδαο
2325 2872 2420 2925 καὶ
2447 2872 2598 2938 τάξει
2632 2873 2830 2936 αὐτοὺς
2845 2873 2922 2935 ὡς
2953 2873 3120 2926 ἵππον
3144 2873 3188 2904 ³⁵
3209 2871 3463 2942 εὐπρεπῆ
3499 2867 3668 2922 αὑτοῦ

2079 2964 2139 3017 ὲν
2173 2963 2414 3035 πολέμῳ.
2457 2984 2475 3017 ι
2505 2965 2613 3018 Καὶ
2678 2964 2950 3029 ἀποδείξω
2995 2965 3217 3027 αὐτοὺς,
3249 2963 3439 3033 φησιν,
3501 2962 3562 3014 ὲν
3589 2959 3669 3030 τῷ

2077 3053 2174 3108 τοῦ
2203 3055 2442 3127 πολέμου
2479 3055 2679 3128 καιρῷ,
2723 3049 2836 3110 οἷόν
2868 3074 2994 3110 τινα
3032 3056 3198 3110 ἵππον
3227 3057 3324 3109 ἐπὶ
3348 3053 3543 3110 κάλλει
3573 3054 3671 3106 καὶ

2008 3147 2050 3205 C
2082 3145 2311 3218 δυνάμει
2331 3152 2661 3220 γαυριῶντα,
2693 3150 2790 3204 καὶ
2818 3148 2991 3214 ἀδεῶς
3030 3150 3125 3203 ἐπὶ
3153 3148 3227 3202 τά
3254 3148 3529 3220 πρόσωπα
3558 3164 3668 3217 χω-

2083 3235 2301 3307 ροῦντα,
2342 3239 2436 3292 καὶ
2465 3239 2526 3292 οὐ
2560 3239 2886 3310 δεηθήσεται
2917 3239 3172 3311 βοηθείας
3202 3239 3421 3309 ἑτέρας.

2149 3328 2212 3394 δ’,
2247 3335 2309 3386 ε’.
2354 3347 2373 3382 ι
2427 3329 2518 3396 Ἐξ
2567 3329 2731 3384 αὑτοῦ
2767 3331 2898 3403 γὰρ,
2943 3333 3128 3403 φησιν,
3163 3330 3458 3400 ὲπέόλεψε,
3483 3329 3580 3384 καὶ
3609 3327 3668 3395 ἐξ

2080 3421 2243 3476 αὐτοῦ
2277 3421 2455 3487 ἔταξε,
2486 3422 2580 3477 καὶ
2613 3422 2672 3488 ἐξ
2703 3423 2868 3477 αὐτοῦ
2891 3424 2954 3476 τὴ
2977 3425 3024 3456 ¹⁶
3039 3423 3191 3490 τόξον
3212 3421 3379 3476 αὐτοῦ
3413 3424 3473 3476 ὲν
3503 3422 3669 3475 πνεύο

2082 3531 2213 3584 ματι
2232 3514 2405 3586 θυμοῦ
2435 3515 2501 3581 ’⁷,
2531 3516 2593 3581 ἐξ
2613 3515 2777 3570 αὐτοῦ
2803 3516 3145 3583 ἐξελεύσεται
3175 3517 3297 3580 πᾶς
3323 3515 3668 3582 ἑξελαύνων¹

2077 3609 2136 3662 ἐν
2165 3609 2316 3681 αὐτῷ
2340 3609 2406 3666 ’⁸.
2436 3611 2546 3663 Kal.
2570 3609 2786 3663 ἔσονται
2819 3609 2896 3672 ὼς
2933 3609 3177 3680 μαχηταὶ
3227 3609 3531 3673 πατοῦντες
3555 3627 3663 3678 πη-

2076 3699 2167 3755 λὸν
2190 3702 2247 3753 ἐν
2277 3701 2394 3764 ταῖς
2421 3700 2559 3764 ὁδοῖς
2587 3701 2645 3752 ὲν
2667 3699 2908 3771 πολέμῳ,
2927 3700 3022 3753 καὶ
3048 3699 3478 3770 παρατάξονται,
3513 3701 3596 3753 δτι
3617 3701 3663 3733 ³⁸

2076 3792 2280 3863 Κύριος
2311 3793 2430 3863 μετ’
2460 3793 2660 3857 αὐτῶν,
2688 3793 2782 3846 καὶ
2811 3795 3374 3865 καταισχυνθήσονται
3393 3794 3668 3848 ἀναϐάται

2077 3886 2279 3939 ἵππων.
2321 3905 2340 3938 ι
2371 3885 2510 3940 Οὔτε
2536 3886 2742 3954 ὅπλοις,
2787 3887 2976 3958 φησὶν,
3011 3885 3316 3957 ἀλλοτρίοις
3342 3886 3662 3957 χρήσονται,

2073 3975 2196 4030 οὔτε
2231 3973 2416 4041 ξενικά
2454 3979 2495 4010 ³³
2547 3978 2914 4049 μισθώσονται
2939 3993 2954 4008 ’
2985 3977 3103 4032 ἀλλ’
3129 3979 3190 4045 ὲξ
3225 3978 3404 4032 αὐτῶν
3435 3979 3464 4031 ὁ
3497 3995 3666 4050 στραο

2071 4069 2259 4140 τηγδς,
2311 4070 2371 4135 ἐξ
2400 4071 2578 4126 αὐτῶν
2631 4073 2680 4125 oi
2725 4071 3006 4143 ταξίαρχοι
3049 4072 3118 4138 ³⁸,
3159 4071 3315 4125 αὐτοὶ
3343 4073 3663 4142 νικήσουσιν

2072 4161 2471 4232 ἀριστεύοντες,
2529 4177 2623 4216 και
2671 4163 2829 4234 δίκην
2861 4162 3034 4234 πηλοῦ
3098 4165 3522 4234 συμπατήσουσι
3550 4163 3662 4216 τῶν

2073 4254 2347 4325 πολεμίων
2405 4254 2504 4325 τὴν
2548 4255 2822 4324 φάλαγγα.
2878 4254 3153 4326 Καθάπερ
3197 4254 3302 4325 γὰρ
3375 4256 3582 4317 ἐκεῖνος
3612 4255 3661 4288 ⁸³

2071 4349 2183 4410 τοῖς
2213 4347 2371 4400 ποσὶν
2407 4346 2779 4401 ὲπιὸαίνουσιν
2801 4347 2976 4413 εἴκει,
3007 4346 3150 4400 οὕτω
3179 4347 3422 4400 κάκεῖνοι
3444 4347 3661 4417 τραπή-

2072 4454 2278 4500 σονται,
2311 4439 2404 4491 καὶ
2459 4437 2753 4508 φεύγοντες
2800 4439 3425 4509 κατακοντισθήσονται,
3467 4441 3658 4509 επειδὴ

2070 4527 2178 4581 τῶν
2225 4529 2362 4582 ὅλων
2414 4530 2443 4582 ὁ
2489 4529 2695 4599 Κύριος
2755 4529 2959 4600 ταύτης
3020 4531 3235 4600 ἡγεῖται
3275 4530 3375 4600 τῆς
3417 4547 3655 4600 στρατη-

2070 4624 2214 4691 γίας.

2143 4722 2217 4780 ς’.
2259 4735 2277 4765 ι
2318 4715 2425 4768 Καὶ
2465 4714 2776 4786 κατισχύσω
2836 4715 2929 4769 τὸν
2984 4710 3134 4770 οἷκον
3168 4715 3362 4782 Ἰούδα,
3417 4719 3512 4770 καὶ
3565 4718 3658 4770 τὸν

2068 4805 2215 4861 οἷκον
2249 4809 2447 4879 Ἰωσὴφ
2475 4810 2656 4871 σώσω,
2685 4809 2780 4862 καὶ
2815 4809 3078 4864 κατοικιῶ
3111 4810 3328 4874 αὐτούς.
3368 4830 3386 4860 ι
3426 4810 3583 4863 υῦτω
3601 4811 3654 4863 δὲ

2072 4902 2302 4964 πάντας,
2343 4904 2528 4970 φησιν,
2577 4903 2756 4955 αὐτῶν
2798 4903 2926 4965 τοὺς
2968 4902 3197 4972 ἐχθροὺς
3256 4902 3536 4972 παραδοὺς
3578 4903 3655 4973 τῷ

2070 4994 2305 5065 θανάτῳ,
2336 4995 2554 5064 οἰκῆσαι
2601 4995 2798 5057 αὐτοὺς
2833 4995 2892 5046 ὲν
2932 4995 3123 5066 εἰρήνῃ
3170 4992 3266 5062 τὴν
3291 4996 3398 5062 γῆν
3427 4994 3528 5064 τὴν
3554 5012 3656 5046 πα-

2069 5084 2249 5155 τρῴαν
2275 5086 2696 5157 παρασκευάσω.
2749 5085 2859 5139 Καὶ
2909 5083 3010 5155 τὴν
3046 5083 3225 5137 αἰτίαν
3252 5083 3491 5152 δεικνὺς,
3524 5085 3658 5154 tm“-

1693 5263 1930 5318 VAltle
1972 5261 2382 5320 LECTIONES.

476 5449 519 5480 ¹¹
548 5446 589 5502 C
623 5446 810 5502 ὑετῶν.
890 5447 934 5478 ¹⁶
957 5445 1217 5516 ὲκπλήττ.
1249 5446 1289 5500 C
1310 5447 1434 5501 add.
1473 5450 1560 5500 κκὶ
1593 5446 2063 5515 καταπλήττοντα.

1141 5517 1188 5548 ⁸⁸
1215 5516 1370 5586 ψευδ.
1405 5518 1496 5569 καὶ
1528 5517 1594 5569 τὰ
1635 5516 1879 5569 ἐνύπνια.
1940 5517 2062 5571 Des.
2121 5517 2174 5570 in
2209 5517 2276 5570 A.

1876 5604 1999 5656 μου.
2041 5587 2164 5641 fles.
2193 5588 2244 5639 in
2278 5588 2342 5639 Α.

383 5515 427 5548 ¹⁰
449 5520 511 5570 Οἱ
550 5519 626 5570 δέ.
689 5521 730 5570 Α
778 5517 921 5569 Διότι
957 5519 1026 5571 οἱ.

380 5587 426 5616 ’³
455 5587 529 5645 ὡς
562 5617 630 5626 -—
663 5591 822 5643 ἐκακ.
877 5588 1070 5641 Des.in
1103 5589 1168 5638 Α.
1275 5588 1319 5618 ’³
1349 5587 1461 5648 Εἰς.
1502 5588 1542 5639 Α
1577 5588 1687 5639 ἐπί.
1799 5589 1844 5617 ’δ

381 5655 496 5728 des.
543 5657 698 5728 iirA.
807 5659 850 5690 ³⁷
889 5675 981 5710 πν,
1007 5657 1138 5726 θυμ.
1175 5657 1216 5709 Α
1251 5655 1427 5728 θυμῷ.

381 5724 428 5756 ³³
453 5725 496 5782 (Σ
519 5727 829 5798 ταξιάρχαι.
904 5729 945 5760 ³³
969 5728 1008 5784 C
1043 5724 1260 5783 ἐκεῖνοι.

1533 5657 1578 5689 ³⁸
1598 5657 1644 5711 Δ
1675 5657 1993 5729 ἐξερευνῶν.

2164 5445 2634 5532 "ani-flprmm.
2661 5448 2753 5529 οἱ..
2830 5447 2877 5532 :3
2907 5447 3312 5532 ό--χαρίςετίκιΖ
3350 5446 3477 5532 llos:
3507 5446 3556 5500 in
3584 5443 3652 5499 C.

2361 5518 2400 5547 "
2439 5515 2515 5568 ιλ.
2565 5516 2690 5572 Des.
2743 5519 2794 5571 in
2827 5517 2892 5580 C.
2943 5515 3039 5574 sed
3077 5515 3120 5573 Ἀ
3152 5521 3317 5573 habet
3351 5518 3651 5587 ἐλάλησαν.

2445 5587 2489 5618 ³⁵
2524 5587 2648 5640 ῖππ.
2678 5588 2722 5641 Α
2747 5583 2917 5642 οἷκον.
2993 5590 3040 5620 ³⁸
3076 5589 3136 5642 τὸ
3165 5598 3221 5644 et
3258 5589 3458 5642 deinde
3485 5584 3653 5641 αὖττῦ

2073 5659 2116 5689 ἐ’
2149 5657 2312 5731 αὐτῷ.
2354 5653 2395 5712 C
2437 5671 2623 5728 prium.
2664 5658 2762 5729 τῷ.
2851 5659 2961 5714 ³⁰Δ
2996 5657 3148 5713 διότι.
3265 5660 3309 5692 ³¹
3341 5658 3383 5714 C
3411 5655 3648 5724 ξενικόν.
