3956 6202
304 412 444 476 1929

1530 409 1611 473 ΙΝ
1642 410 2041 474 ZACHARI/E
2078 412 2235 473 CAP.
2278 412 2352 474 Χ.

3433 411 3569 475 1930

305 544 535 600 ηγαγεν·
561 546 580 578 ι
613 528 736 581 Ὂτι
764 526 1026 600 ἠγάπησα
1056 528 1271 597 αὐτοὺς,
1309 530 1402 583 καὶ
1429 528 1642 584 ἔσονται
1670 530 1729 583 ὃν
1757 530 1879 600 τρό-

1996 539 2148 586 erunt
2178 535 2317 587 sicut
2348 540 2592 601 tempore
2622 543 2733 601 quo
2765 543 2872 585 non
2902 530 3211 602 abjcceram
3238 546 3351 586 eos.
3395 551 3413 583 ι
3446 530 3559 588 lloc

300 638 400 673 πον
432 619 533 672 οὐκ
555 619 988 691 ἁπεστρεψάμην
1031 619 1250 684 αὐτούς.
1290 638 1307 670 ι
1344 619 1518 674 Τοῦτο
1549 621 1884 691 σαφέστερον

298 712 329 763 6
365 710 663 781 Σύμμαχος
690 711 1005 783 ἡρμήνευσε
1032 727 1047 741 ⁸
1083 730 1101 764 ι
1137 712 1248 767 Καὶ
1268 711 1482 767 ἔσονται
1511 713 1588 777 ῶς
1620 712 1686 767 ἂν
1730 713 1777 766 εί
1810 713 1885 785 μὴ

298 801 609 872 ἀπωσάμην
635 801 850 866 αὐτούς.
881 820 899 854 ι
925 802 1080 856 Οὕτω
1113 802 1222 874 γάρ
1253 804 1474 868 αὐτοὺς,
1500 804 1690 874 φησὶν,
1721 804 1886 876 άνθῆ-

299 910 391 947 σαι
425 895 857 964 παρασκευάσω,
908 892 1050 948 ὥστε
1101 894 1240 965 μηδὲ
1284 895 1540 968 αἴσθησιν
1597 896 1743 968 ἔχειν
1786 899 1887 970 τῆς

297 983 676 1056 γεγενημένης
733 984 1135 1055 αἰχμαλωσίας,
1188 984 1288 1057 τὴν
1332 972 1607 1061 προτέραν
1645 989 1888 1059 ὁρῶντας

298 1074 620 1146 εὐπραξίαν.

372 1187 395 1222 ι
431 1168 576 1222 Διὸτι
643 1167 754 1238 ἐγὼ
816 1167 1020 1240 Κύριος
1074 1171 1103 1224 δ
1159 1167 1292 1235 Θεὸς
1358 1171 1573 1238 αὐτῶν,
1634 1174 1726 1227 καὶ
1787 1174 1885 1226 ἑπ-

306 1260 614 1331 ακούσομαι
680 1260 859 1314 αὐτῶν
901 1260 965 1315 “.
1029 1260 1139 1333 (ζ’.)
1177 1262 1288 1315 Καὶ
1344 1262 1552 1318 ἔσονται
1604 1261 1681 1327 ὡς
1709 1279 1886 1335 μαχη-

295 1353 388 1405 ταὶ
447 1351 495 1404 oi
543 1350 589 1383 ³⁸
639 1349 733 1404 τοῦ
791 1351 1051 1423 Ἐφραίμ,
1115 1352 1210 1406 καὶ
1255 1353 1553 1424 χαρήσεται
1604 1355 1638 1424 ή
1691 1352 1889 1422 καρδία

295 1442 478 1496 αὐτῶν
528 1441 605 1506 ὠς
641 1441 749 1496 ἀπὸ
782 1441 925 1497 οἴνου
965 1443 1031 1508 ³⁸,
1088 1442 1182 1497 καὶ
1213 1445 1281 1498 τὰ
1309 1444 1475 1499 τέκνα
1510 1444 1689 1498 αὐτῶν
1735 1443 1890 1513 ὄψον-

293 1550 386 1587 ται
450 1533 545 1587 καὶ
595 1532 1084 1605 εὐφρανθήσονται,
1156 1536 1251 1590 καὶ⁵
1311 1538 1612 1609 χαρήσεται
1669 1538 1701 1607 ή
1749 1555 1887 1609 καρ-

295 1625 386 1679 δία
436 1624 616 1679 αὐτῶν
673 1626 767 1679 ἐπὶ
822 1625 902 1697 τῷ
953 1627 1163 1698 Κυρίῳ.
1203 1648 1220 1680 ι
1265 1628 1472 1699 Κύριος
1526 1628 1634 1700 γάρ
1688 1628 1887 1690 αὐτῶν,

297 1719 484 1790 φησὶν,
516 1718 592 1772 ὢν
649 1720 744 1772 καὶ
799 1718 952 1784 Θεὸς,
993 1718 1090 1772 καὶ
1126 1718 1225 1782 τὰς
1276 1720 1487 1790 δεήσεις
1521 1719 1764 1790 δέξομαι,
1794 1718 1891 1772 καὶ

294 1810 631 1882 νικηφόρους
674 1809 960 1879 ἀποφανῶ,
1010 1808 1106 1865 καὶ
1145 1811 1202 1863 ἐν
1242 1809 1480 1884 θυμηδίᾳ
1511 1811 1662 1884 πάσῃ
1683 1810 1890 1879 διάγειν

295 1877 725 1971 παρασπευάσω.
751 1877 861 1954 καὶ
888 1900 1135 1954 τὰτέκνα
1159 1900 1215 1954 δὲ
1250 1877 1431 1955 αὐτῶν
1455 1877 1668 1972 ’ὁμοίως
1698 1877 1884 1966 αὐτοῖς
1919 1877 1960 1931 Β

295 1997 356 2048 ὲν
387 1993 548 2064 ήδονῇ
577 1992 724 2064 πάσῃ
790 1990 986 2055 διάξει,
1054 1992 1141 2044 ἐπ’
1199 1993 1322 2062 ἐμοὶ
1358 1993 1751 2063 σεμνυνόμενα,
1789 1993 1886 2046 καὶ

295 2085 393 2138 ἐπὶ
423 2086 489 2155 τῇ
515 2083 740 2152 δυνάμει
767 2098 868 2152 μου
896 2081 1233 2153 γαυριῶντα.

369 2182 439 2248 η’.
479 2195 498 2227 ι
535 2174 772 2247 Σημανῶ
836 2174 1022 2238 αὐτοῖς
1048 2174 1116 2237 ³⁷,
1165 2174 1260 2228 καὶ
1312 2171 1621 2246 εἰσδέξομαι
1667 2175 1885 2240 αὐτοὺς,

295 2264 649 2336 λυτρώσομαι
677 2263 723 2296 ³⁸
753 2263 979 2328 αὐτοὺς,
1010 2263 1107 2317 καὶ
1158 2263 1652 2335 πληθυνθήσονται,
1700 2264 1889 2319 καθότι

294 2353 440 2426 ἦσαν
474 2354 677 2409 πολλοί.
724 2374 743 2406 ι
775 2355 885 2408 Καὶ
939 2355 1020 2419 εἰς
1072 2354 1281 2425 πλῆθος
1324 2354 1401 2417 δὲ,
1438 2355 1623 2426 φησὶν,
1652 2354 1888 2427 αὐξηθή-

297 2463 507 2511 σονται,
538 2449 636 2518 τῆς
658 2446 990 2515 πολυγονίας
1013 2446 1110 2518 τὴν
1131 2445 1383 2514 εὐλογίαν
1407 2445 1712 2517 δεξάμενοι,
1744 2446 1888 2500 ὥστε

300 2539 379 2610 μὴ
405 2537 776 2609 ἀρκουμένους
800 2538 922 2600 ταῖς
943 2535 1176 2600 οίκείαις
1211 2535 1422 2601 πόλεσι,
1460 2534 1556 2589 καὶ
1584 2537 1665 2599 είς
1688 2534 1884 2606 ἐτέρας

295 2629 687 2700 ἀποικισθῆναι
746 2628 952 2692 πόλεις,
1003 2627 1098 2681 καὶ
1148 2626 1401 2695 γενέσθαι
1450 2626 1543 2680 καὶ
1595 2625 1775 2689 ἄλλοις
1818 2625 1887 2680 δι’

296 2721 481 2776 αὐτῶν
528 2720 798 2794 πρόφασιν
856 2718 1148 2789 σωτηρίας.
1204 2717 1375 2771 Τοῦτο
1428 2716 1540 2790 γάρ
1590 2717 1882 2788 ἐσήμανεν,

296 2813 539 2886 εἰρηκώς
565 2830 581 2847 ’

373 2905 439 2961 θ’.
477 2924 497 2958 ι
533 2906 645 2960 Καὶ
678 2905 864 2978 σπερῶ
891 2905 1086 2969 αὐτοὺς
1109 2906 1166 2959 ἐν
1200 2905 1370 2970 λαοῖς,
1398 2903 1493 2957 καὶ
1518 2903 1568 2957 oi
1597 2901 1817 2974 μακρὰν
1836 2903 1882 2934 ³⁹

301 2997 708 3070 μνησθήσονται
739 3015 865 3070 μου,
920 2998 1014 3051 καὶ
1042 2996 1090 3029 ⁸ο
1125 2996 1455 3068 ὲκθρέψουσι
1491 2995 1560 3049 τά
1588 2994 1754 3049 τέκνα
1783 2994 1885 3047 αὐ-

295 3088 428 3143 τῶν.
459 3107 477 3141 ι
527 3088 790 3159 Ὀρῶντες
817 3088 946 3160 γάρ,
1003 3088 1190 3160 φησὶν,
1237 3088 1418 3142 αὐτῶν
1465 3088 1564 3158 τὴν
1601 3087 1884 3139 εὐσέϐειαν

299 3180 623 3245 σπουδαίαν,
665 3183 845 3235 πᾶσαν
877 3180 1058 3236 αὐτῶν
1087 3183 1404 3252 ποιήσονται
1429 3180 1773 3249 ἐπιμέλειαν.

1987 618 2193 673 clarius
2226 617 2588 691 Symmachus
2612 617 3021 691 interpretatus
3073 629 3158 676 est
3191 638 3204 675 :
3258 639 3277 671 ι
3318 618 3385 675 Et
3409 631 3571 678 erunt
3614 632 3617 637 '

1988 709 2216 780 perinde
2252 724 2316 765 ac
2345 711 2389 766 si
2416 725 2513 767 eos
2549 725 2661 767 non
2708 711 3064 784 expulissem.
3110 730 3130 764 ι
3173 709 3267 767 Sic
3305 712 3570 769 nimirum

1988 815 2106 867 eos,
2140 801 2342 872 inquit,
2391 800 2593 859 ﬂorere
2644 801 2871 871 faciam,
2919 812 2978 858 ut
3009 802 3304 875 praeterita:
3336 801 3591 876 captivi-3

1991 896 2119 949 tatis
2150 895 2387 965 amplius
2429 908 2538 951 non
2587 893 2971 961 recordentur,
2991 894 3240 951 videntes
3279 908 3341 951 se
3372 893 3428 949 in
3451 880 3592 965 pri-"

1990 987 2188 1039 stiuam
2222 984 2536 1041 felicitatem
2563 988 2871 1042 restitutos.

2065 1182 2085 1215 ι
2123 1163 2264 1230 Quia
2297 1179 2396 1235 ego
2435 1162 2700 1219 Dominus
2749 1165 2896 1221 Deus
2945 1179 3160 1230 eorum,
3191 1172 3248 1222 et
3279 1165 3572 1222 exaudiam

1990 1270 2107 1312 eos.
2142 1254 2333 1327 (Vens.
2373 1257 2450 1326 7.)
2474 1256 2538 1311 Ει
2565 1266 2727 1313 erunt
2752 1257 2909 1328 quasi
2937 1257 3236 1315 bellatores
3265 1255 3570 1329 Ephraimi,

1991 1354 2046 1400 et
2081 1347 2352 1402 laetabitur
2379 1361 2475 1403 cor
2504 1361 2694 1403 eorum
2727 1349 2887 1419 quasi
2918 1363 2951 1403 a
2977 1349 3104 1404 vino
3133 1367 3146 1403 :
3178 1355 3234 1404 et
3256 1347 3356 1403 ﬁlii
3380 1361 3575 1405 eorum

1990 1438 2251 1493 videbunt
2291 1449 2343 1493 et
2376 1439 2729 1504 lauabuntur,
2762 1446 2818 1495 et
2871 1439 3131 1512 gaudebit
3162 1453 3261 1495 cor
3291 1453 3484 1495 eorum
3513 1438 3573 1494 in

1991 1532 2246 1588 Domino.
2278 1552 2296 1585 ι
2354 1533 2490 1588 Cum
2539 1535 2684 1590 enim
2725 1548 2938 1600 eorum,
2977 1533 3186 1606 1641
3222 1532 3425 1603 inquit,
3465 1532 3573 1589 sim

1991 1622 2257 1679 Dominus
2284 1633 2337 1681 et
2371 1626 2535 1693 Deus,
2570 1641 2761 1682 eorum
2797 1641 2991 1697 preces
3037 1627 3327 1680 admittam
3354 1663 3371 1690 ,
3403 1631 3460 1680 et
3488 1625 3574 1680 vi—

1992 1725 2174 1772 ctores
2217 1733 2311 1772 eos
2369 1717 2720 1782 constituam,
2775 1725 2944 1788 utque
2972 1715 3121 1771 omni
3174 1715 3360 1772 laetitia
3400 1716 3573 1771 vitam

1992 1818 2179 1879 agant,
2204 1810 2497 1879 praestabo.
2523 1806 2628 1864 Sed
2650 1816 2913 1865 eteorum
2942 1807 3037 1863 lilii
3068 1808 3325 1864 similiter
3344 1807 3401 1863 in
3419 1808 3573 1864 omni

1991 1901 2266 1969 voluptate
2303 1900 2465 1955 vitam
2500 1900 2824 1970 transigent,
2851 1899 2919 1954 de
2952 1914 3038 1954 me
3066 1899 3387 1971 gloriantes,
3421 1906 3476 1956 et
3501 1898 3573 1955 de

1992 1992 2233 2059 potentia
2267 1992 2285 2011 ‘
2315 1998 2432 2045 inea
2463 1990 2821 2046 exsultantes.

2059 2169 2226 2227 Vens.
2256 2173 2309 2228 8.
2352 2191 2374 2225 ι
2399 2172 2735 2246 Signiﬁcalio
2762 2176 2863 2242 eis,
2891 2184 2946 2231 et
2971 2176 3271 2247 suscipiam
3304 2176 3453 2244 illos;
3480 2192 3570 2233 re-

1988 2260 2192 2316 dimam
2247 2278 2363 2328 eos,
2448 2272 2503 2319 et
2568 2266 3104 2337 multiplicabuntur,
3180 2270 3321 2322 sicut
3408 2278 3570 2324 erant

1989 2354 2166 2408 multi.
2208 2374 2227 2408 ι
2258 2354 2324 2409 Et
2341 2356 2401 2411 in
2430 2371 2705 2428 magnam,
2740 2359 2941 2428 inquit,
2971 2358 3376 2416 multitudinem
3405 2374 3571 2431 auge-

1987 2445 2214 2512 buutur,
2243 2447 2600 2505 fecunditatis
2632 2449 3018 2527 benedictione
3049 2460 3300 2523 percepta
3330 2471 3341 2505 :
3369 2451 3440 2505 ita
3485 2461 3567 2515 ut,

1985 2555 2111 2595 cum
2139 2541 2254 2597 suis
2278 2543 2507 2598 urbibus
2529 2544 2804 2598 contineri
2830 2551 3125 2615 nequeant,
3150 2545 3208 2599 in
3239 2540 3375 2601 alias
3400 2545 3567 2600 etiam

1987 2632 2151 2689 urbes
2194 2633 2485 2703 emigrent,
2532 2634 2767 2704 aliisque
2810 2633 3018 2689 aditum
3068 2635 3323 2704 paranda:
3370 2634 3566 2691 salutis

1987 2726 2284 2795 praebeant.
2320 2724 2436 2782 Hoc
2465 2724 2612 2782 enim
2641 2725 2926 2790 indicavit,
2958 2740 3081 2781 cum
3106 2726 3306 2781 dixerit
3338 2745 3351 2779 :

2060 2896 2222 2953 Vsus.
2261 2897 2316 2953 9.
2350 2915 2370 2950 ι
2415 2897 2478 2953 Et
2507 2897 2792 2954 semiuabo
2831 2910 2925 2952 eos
2976 2895 3031 2950 in
3078 2893 3319 2966 pepulis,
3363 2900 3418 2949 et
3470 2888 3562 2965 qui

1983 2997 2141 3044 erant
2189 2989 2349 3061 longe
2396 2989 2588 3045 remoti
2621 2988 3061 3045 recordabuntur
3088 2988 3216 3055 mei,
3241 2994 3296 3043 ct
3318 2986 3567 3043 nutrieut

1987 3082 2128 3137 lilios
2157 3097 2308 3139 suos.
2340 3100 2358 3134 ι
2387 3078 2649 3137 Videntes
2670 3080 2840 3148 enim,
2867 3080 3065 3152 inquit,
3089 3094 3278 3135 eorum
3304 3078 3564 3136 eximiam

1983 3173 2264 3244 pietatem,
2292 3171 2439 3227 omni
2471 3185 2567 3227 eos
2596 3185 2730 3225 cura
2761 3177 3188 3241 prosequentur.

377 3278 426 3325 ι’.
464 3290 483 3323 ι
528 3273 638 3325 Καὶ
672 3272 985 3342 ἐπιστρέψω
1013 3271 1209 3335 αὐτοὺς
1242 3272 1305 3325 ἐκ
1331 3271 1437 3341 γῆς
1460 3271 1760 3339 Αἰγύπτου,
1787 3271 1880 3323 καὶ

2056 3261 2225 3319 Vsus.
2263 3265 2348 3319 l0.
2374 3281 2393 3314 ι
2432 3261 2499 3316 Ει
2523 3270 2839 3318 convertam
2883 3275 2981 3318 eos
3012 3260 3080 3316 de
3111 3269 3257 3315 terra
3317 3257 3562 3332 Egypti,

297 3362 362 3428 ἐξ
412 3364 710 3434 ’Λσσυρίων
732 3363 1041 3434 εἰσδέξομαι
1067 3362 1288 3425 αὐτοὺς,
1316 3363 1408 3414 καὶ
1442 3363 1522 3424 εἰς
1547 3361 1643 3432 τὴν
1671 3360 1884 3414 Γαλαα-

302 3454 462 3518 δῖτιν,
496 3454 589 3507 καὶ
621 3456 698 3517 είς
719 3453 807 3507 τὸν
839 3453 1071 3508 Λίϐανον
1105 3452 1319 3517 ζείσάξω
1351 3452 1569 3516 αὐτοὺς,
1599 3452 1691 3505 καὶ
1713 3453 1772 3505 οὐ
1809 3451 1882 3522 μὴ

302 3544 604 3616 ὑπολειφθῇ
669 3544 727 3611 ἐξ
776 3544 954 3597 αὐτῶν
1001 3544 1174 3608 οὐδείς
1206 3543 1272 3596 “.
1317 3563 1336 3595 ι
1389 3543 1672 3608 Ἐπανάξω
1704 3542 1760 3596 δὲ
1784 3544 1883 3596 αὐ-

300 3636 449 3698 τοὺς,
483 3635 637 3703 φησὶ,
675 3635 766 3686 καὶ
794 3633 855 3698 ἐξ
880 3633 1179 3702 Αἰγύπτου,
1205 3631 1301 3685 καὶ
1335 3630 1393 3697 ἐξ
1438 3630 1761 3701 Ἀσσυρίων,
1792 3631 1885 3684 καί

300 3726 403 3795 τήν
432 3743 491 3779 τε
528 3726 787 3796 πατρῴαν
818 3725 921 3795 γῆν
949 3726 1170 3794 οἰκῆσαι
1216 3724 1645 3792 παρασκευάσω,
1671 3723 1764 3776 καὶ
1786 3723 1883 3794 τὴν

300 3817 621 3871 Γαλααδῖτιν
655 3816 714 3883 ἐξ
741 3818 919 3871 αὐτῶν
944 3817 1233 3888 ἐμπλήσω,
1262 3814 1356 3868 καὶ
1389 3814 1583 3884 μέχρις
1608 3814 1770 3869 αὐτοῦ
1788 3815 1882 3868 τοῦ

299 3908 534 3963 Λιϐάνου
580 3908 679 3978 τὴν
730 3908 946 3976 οἴκησιν
980 3908 1164 3970 αὐτοῖς
1221 3906 1567 3976 δωρήσομαι,
1608 3907 1700 3960 καὶ
1731 3905 1882 3959 οὐδὲν

298 4001 486 4063 αὐτοῖς
515 3998 766 4070 ἐμποδὼν
819 4001 1132 4070 γενήσεται,
1165 3997 1352 4067 ἐπειδὴ
1392 3997 1600 4061 πάντας
1631 3999 1756 4059 τοὺς
1785 4015 1882 4051 πο-

298 4092 487 4160 λεμεῖν
509 4090 689 4151 αὐτοῖς
729 4107 906 4159 πειρω
921 4088 1109 4156 μένους
1132 4086 1338 4155 ὀλέθρῳ
1364 4085 1690 4158 παραδώσω.
1711 4085 1882 4139 Τοῦτο

297 4181 408 4251 γάρ
435 4181 738 4251 παραδηλοῖ
767 4181 848 4242 τὸ,

372 4298 463 4346 ια’.
498 4309 516 4342 ι
550 4289 922 4343 Διελεύσονται
943 4289 988 4320 ’θ’
1013 4289 1068 4341 ἐν
1094 4289 1337 4363 θαλάσσῃ
1370 4292 1550 4360 στενῇ,
1579 4291 1672 4343 καὶ
1705 4292 1877 4344 πατά-

299 4383 482 4449 ξουσιν
543 4385 600 4436 ἐν
644 4382 886 4452 θαλάσσῃ
937 4380 1180 4452 κύματα,
1217 4383 1312 4436 καὶ
1367 4378 1795 4451 ξηρανθήσονται
1834 4381 1878 4419 ι³

301 4475 482 4529 πάντα
522 4475 591 4528 τὰ
624 4474 760 4545 βάθη
786 4472 1067 4543 ποταμῶν.
1100 4492 1118 4524 ι
1164 4472 1254 4526 Ἐν
1288 4471 1563 4543 μεγίστοις
1597 4470 1705 4541 γάρ
1740 4470 1875 4523 ἀπο-

1988 3365 2043 3413 et
2068 3357 2135 3413 de
2159 3355 2402 3428 Assyriis
2421 3355 2718 3426 suscipiam
2749 3354 2894 3421 illos,
2919 3362 2973 3410 et
2993 3353 3048 3409 in
3070 3352 3487 3419 Galaaditidem,
3509 3360 3564 3409 et

1989 3449 2042 3505 in
2084 3450 2347 3505 Libanum
2394 3448 2739 3503 introducam
2793 3447 2910 3513 eos,
2946 3456 3000 3502 et
3034 3447 3219 3503 nullus
3257 3460 3323 3509 ex
3363 3445 3445 3501 eis
3468 3444 3565 3501 de-

1986 3541 2109 3596 erit.
2141 3559 2159 3593 ι
2190 3538 2469 3595 Reducam
2501 3545 2681 3595 autem
2714 3538 2861 3604 illos,
2894 3538 3092 3609 inquit,
3119 3545 3173 3592 et
3198 3552 3265 3593 ex
3300 3535 3562 3609 Egyptb.

1987 3640 2040 3687 et
2067 3629 2406 3701 ex‘Assyriis
2430 3648 2444 3684 :
2473 3638 2638 3699 atque
2667 3636 2726 3683 ut
2756 3635 2959 3684 terram
2987 3629 3220 3699 patriam
3255 3628 3564 3683 inhabitcnt

1985 3720 2234 3785 eﬂiciam,
2283 3727 2339 3772 et
2375 3718 2770 3774 Galaaditidem
2821 3733 2888 3773 ex
2926 3718 3008 3774 eis
3050 3717 3358 3788 complebo.
3384 3725 3441 3774 et
3466 3732 3562 3773 us-

1984 3826 2091 3879 que
2141 3811 2207 3865 ad
2239 3811 2415 3881 ipsum
2446 3809 2716 3865 Libanum
2767 3824 2960 3866 eorum
3006 3808 3400 3865 habitationem
3430 3823 3562 3878 pro-

1985 3904 2235 3975 pagabo:
2271 3903 2512 3973 nihilque
2565 3901 2648 3958 eis
2693 3901 2799 3957 erit
2829 3901 3242 3972 impedimento,
3295 3898 3559 3971 quoniam

1984 4011 2175 4052 omnes
2212 3996 2414 4050 bellum
2449 3995 2516 4049 iis
2551 3992 2755 4049 inferre
2799 3994 3178 4065 aggredientes
3211 3991 3557 4049 interliciam.

1986 4086 2098 4142 Hoc
2127 4087 2272 4141 enim
2310 4087 2575 4151 declarat,
2608 4101 2735 4139 cum
2767 4085 2841 4138 ait
2870 4103 2884 4138 :

2057 4285 2216 4338 Vens.
2256 4285 2338 4337 ll.
2373 4303 2390 4333 ι
2430 4282 2495 4336 Et
2527 4281 2935 4352 pertransibunt
2970 4279 3027 4333 in
3046 4278 3183 4332 mari
3213 4285 3472 4349 angusto,
3501 4284 3558 4333 et

1982 4374 2289 4444 percutient
2320 4375 2373 4426 in
2406 4372 2542 4425 mari
2582 4370 2805 4432 ﬂuctus,
2827 4379 2880 4424 et
2909 4368 3341 4425 exsiccabuntur
3372 4366 3557 4422 omnia

1983 4463 2249 4533 profunda
2291 4462 2603 4517 ﬂuviorum.
2652 4480 2671 4514 ι
2728 4458 2785 4514 1η
2832 4460 3066 4514 maxima
3114 4458 3261 4513 enim
3311 4458 3557 4528 pericula

298 4564 591 4634 ληφθέντες
619 4563 899 4626 κινδύνοις,
945 4562 1040 4615 καὶ
1072 4560 1269 4632 μικροῦ
1312 4562 1425 4613 δεῖν
1445 4560 1543 4631 τὴν
1594 4559 1877 4631 σωτηρίαν

1996 4555 2252 4624 :onjecti,
2295 4561 2349 4610 et
2402 4552 2795 4624 propemodum
2854 4551 2923 4606 de
2979 4550 3155 4606 salute
3210 4548 3420 4621 1642
3456 4549 3556 4604 dco

300 4653 790 4724 ἀπαγορεύσαντες
817 4652 995 4723 (τοῦτο
1020 4653 1129 4722 γάρ
1149 4652 1379 4719 στενὴν
1403 4651 1629 4705 ἐκάλεσε
1654 4649 1878 4705 θάλασ-

301 4745 444 4810 σαν)
463 4781 480 4808 ,
509 4742 578 4796 τά
607 4743 714 4797 τῶν
761 4742 1043 4814 δυσμενῶν
1072 4740 1349 4805 ἐπάταξαν
1389 4739 1611 4809 κύματα
1640 4738 1733 4792 καὶ
1770 4734 1879 4791 οἶόν

1909 4608 1956 4666 D

1982 4645 2412 4716 sperantcs(hoc
2439 4644 2583 4699 cnim
2619 4659 2767 4697 mare
2795 4650 3077 4713 angustant
3108 4640 3366 4712 vocavit),
3387 4640 3556 4696 male-

1982 4737 2227 4791 volorum
2269 4734 2468 4791 ﬂuctus
2505 4742 2917 4806 percusserunt,
2965 4742 3019 4788 et
3066 4731 3233 4787 veluti
3282 4729 3555 4801 profunda

305 4852 450 4898 τινας
479 4834 661 4903 βαθεῖς
695 4835 973 4906 ποταμοὺς
1001 4833 1201 4904 ξηροὺς
1233 4833 1543 4902 ἀπέφηναν,
1584 4833 1710 4893 τοὺς
1744 4829 1880 4882 ὲκεί-

1996 4827 2227 4898 ιιιαῖιιειη
2271 4826 2493 4881 ﬂumina
2527 4827 2968 4893 exsiccaverunt,
3002 4838 3123 4877 cum
3166 4822 3386 4876 illorum
3418 4822 3556 4877 insi-

296 4942 410 4979 νων
435 4924 915 4988 καταναλώσαντες
939 4924 1149 4994 λόχους.

379 5056 394 5086 ι
434 5014 544 5090 καὶ
604 5037 1061 5108 καθαιρεθήσεται
1110 5037 1157 5068 ιδ
1198 5037 1347 5090 πᾶσα
1393 5037 1426 5106 ή
1464 5035 1508 5067 ³⁵
1553 5035 1709 5106 ὕϐρις
1759 5033 1881 5086 Ἀσ-

307 5128 537 5197 συρίων,
580 5130 674 5182 καὶ
710 5131 986 5199 σκῆπτρον
1042 5126 1318 5195 Αἰγύπτου
1375 5125 1878 5197 περιαιρεθήσεται.

307 5219 441 5288 (ιβ’.)
463 5220 570 5275 Καί
594 5220 909 5291 κατισχύσω
925 5218 1119 5282 αὐτοὺς
1142 5220 1197 5271 ἐν
1221 5219 1408 5290 Κυρίῳ
1425 5218 1542 5289 Θεῷ
1565 5217 1764 5281 αὐτῶν,
1783 5218 1879 5271 καὶ

307 5316 363 5366 ἐν
389 5311 613 5383 ὀνόματι
637 5311 682 5344 ⁸⁸
704 5311 868 5366 αὐτοῦ⁹
902 5312 1269 5382 καυχήσονται
1313 5311 1381 5376 ⁸⁷,
1414 5311 1563 5379 λέγει
1591 5309 1814 5381 Κύριος.
1853 5328 1873 5362 ι

1981 4919 2102 4975 dias
2127 4918 2554 4988 oppressissent.

2061 5054 2079 5085 ‹
2116 5034 2180 5088 Et
2217 5033 2496 5088 auferetur
2531 5033 2787 5088 universa
2842 5031 3044 5100 injuria
3094 5028 3472 5102 Assyriorum,
3500 5039 3558 5086 et

1987 5133 2265 5197 sceptrum
2327 5124 2552 5198 Egypti
2597 5126 2840 5180 tolletur.
2877 5123 3067 5196 (Vens.
3099 5122 3210 5187 l9...)
3244 5122 3306 5178 Et
3336 5122 3559 5178 confor-

1988 5219 2115 5274 tabo
2161 5233 2256 5274 eos
2304 5217 2354 5271 in
2389 5218 2620 5272 Domino
2674 5216 2781 5271 Deo
2831 5215 3099 5286 ipsorum,
3133 5222 3186 5268 et
3229 5214 3282 5267 in
3335 5211 3555 5265 nomine

1987 5308 2107 5378 ejus
2135 5308 2543 5379 gloriabuntur,
2575 5306 2708 5361 dicit
2738 5306 3026 5361 Dominus.
3067 5324 3085 5356 ι
3120 5303 3365 5373 Regnum
3387 5300 3554 5354 etiam

1577 5487 1812 5543 VARUE
1848 5486 2250 5545 LECTIONES.

408 5654 519 5707 "A
551 5653 751 5716 αὐτοῖς.
856 5653 900 5685 ³⁸
926 5653 995 5707 οἱ.
1064 5653 1189 5709 Des.
1244 5654 1298 5707 iu
1348 5653 1411 5706 Λ.

306 5726 349 5778 Α
397 5724 522 5777 add.
562 5724 761 5776 αὐτῶν.
837 5723 883 5754 ⁸⁸
911 5723 1024 5778 καί.
1068 5724 1190 5779 Des.
1242 5725 1314 5778 ib.

309 5797 355 5846 Α
388 5792 836 5861 ἀφαιρεθήσεται,
906 5794 948 5822 ³⁸
1065 5794 1186 5848 Des.
1218 5793 1273 5845 in
1298 5797 1360 5845 Α.

616 5889 883 5949 Patron.
927 5890 1042 5947 Gu.
1088 5889 1334 5948 LXXXl.

1514 5652 1560 5684 ³⁸
1591 5651 1620 5689 Δ
1656 5654 1710 5689 lu
1760 5650 1814 5689 ni'

1514 5651 1628 5705 ³⁸Α
1654 5654 1710 5704 ὲν
1760 5651 1906 5721 οἴνῳ.
1987 5651 2030 5683 ³⁷
2056 5651 2090 5705 Α
2130 5651 2348 5715 αὐτούς.
2443 5652 2486 5685 ³⁸
2514 5653 2668 5724 λυτρ.
2713 5651 2758 5707 Α
2791 5664 2977 5720 prtem.
3038 5651 3191 5700 διότι.
3300 5651 3346 5674 "
3377 5656 3493 5711 μακ

1415 5723 1458 5754 ⁴⁵¹
1507 5721 1549 5776 C
1581 5722 1700 5774 οὐδὲ
1746 5717 1847 5782 εἷς.
1921 5721 2143 5790 “Atei.
2186 5722 2229 5774 A
2267 5738 2450 5789 pneuu.
2496 5724 2611 5778 καί.
2688 5722 2732 5754 ⁸³
2769 5724 2815 5777 Α
2854 5716 3269 5790 ξηρανθήσεται.
3344 5712 3391 5745 ⁸⁸
3424 5727 3494 5765 κα

1451 5792 1495 5822 ⁸⁸
1539 5793 1614 5844 ὸν.
1644 5792 1681 5842 A
1712 5789 1897 5859 praelii.
1929 5789 2025 5858 τῷ.
2104 5793 2146 5821 ⁸⁷
2176 5790 2218 5842 A
2243 5793 2767 5862 κατακαυχήσονται.

1987 5651 2030 5683 ³⁷
2056 5651 2090 5705 Α
2130 5651 2348 5715 αὐτούς.
2443 5652 2486 5685 ³⁸
2514 5653 2668 5724 λυτρ.
2713 5651 2758 5707 Α
2791 5664 2977 5720 prtem.
3038 5647 3191 5700 διότι.
3300 5641 3346 5674 ³⁸
3377 5656 3550 5764 pars.

2003 5722 2142 5764 Διελ,
2189 5722 2224 5764 Λ
2267 5738 2427 5764 m-mm
2496 5724 2607 5764 vni.
2688 5722 2732 5754 ⁸³
2775 5724 2810 5764 Α
2854 5716 3269 5764 ἕῇοανθῇσεται.
3344 5712 3391 5745 ⁸⁸
3424 5727 3494 5764 κα
3535 5748 3550 5763 .

3083 5880 3151 5945 61
