  <div class='ocr_page' id='page_1' title='image "/cluster/home/n/w/nwhite01/storage/ocr_20150623/81/mdp.39015078384339/1017.png"; bbox 0 0 3956 6202; ppageno 0'>
   <div class='ocr_carea' id='block_1_1' title="bbox 434 348 566 416">
    <p class='ocr_par' dir='ltr' id='par_1_1' title="bbox 434 348 566 416">
     <span class='ocr_line' id='line_1_1' title="bbox 434 348 566 416; baseline 0 -3"><span class='ocrx_word' id='word_1_1' title='bbox 434 348 566 416; x_wconf 65' lang='grc'><strong>1931</strong></span> 
     </span>
    </p>
   </div>
   <div class='ocr_carea' id='block_1_2' title="bbox 1395 351 2633 418">
    <p class='ocr_par' dir='ltr' id='par_1_2' title="bbox 1395 351 2633 418">
     <span class='ocr_line' id='line_1_2' title="bbox 1395 351 2633 418; baseline 0.006 -7"><span class='ocrx_word' id='word_1_2' title='bbox 1395 352 1883 415; x_wconf 79' lang='lat' dir='ltr'><strong>THEODORETI</strong></span> <span class='ocrx_word' id='word_1_3' title='bbox 1910 351 2249 416; x_wconf 83' lang='lat' dir='ltr'><strong>EPISCOPI</strong></span> <span class='ocrx_word' id='word_1_4' title='bbox 2270 356 2633 418; x_wconf 84' lang='lat' dir='ltr'><strong>CYRENSIS</strong></span> 
     </span>
    </p>
   </div>
   <div class='ocr_carea' id='block_1_3' title="bbox 3549 350 3676 418">
    <p class='ocr_par' dir='ltr' id='par_1_3' title="bbox 3549 350 3676 418">
     <span class='ocr_line' id='line_1_3' title="bbox 3549 350 3676 418; baseline 0.008 -1"><span class='ocrx_word' id='word_1_5' title='bbox 3549 350 3676 418; x_wconf 74' lang='lat'><strong>1932</strong></span> 
     </span>
    </p>
   </div>
   <div class='ocr_carea' id='block_1_4' title="bbox 431 456 2005 538">
    <p class='ocr_par' dir='ltr' id='par_1_4' title="bbox 431 456 2001 533">
     <span class='ocr_line' id='line_1_4' title="bbox 431 456 2001 533; baseline -0.001 -18"><span class='ocrx_word' id='word_1_6' title='bbox 431 457 652 529; x_wconf 57' lang='lat' dir='ltr'><strong>Aigypti</strong></span> <span class='ocrx_word' id='word_1_7' title='bbox 702 456 969 523; x_wconf 85' lang='lat' dir='ltr'><strong>funditus,</strong></span> <span class='ocrx_word' id='word_1_8' title='bbox 1002 456 1201 528; x_wconf 91' lang='lat' dir='ltr'><strong>inquit,</strong></span> <span class='ocrx_word' id='word_1_9' title='bbox 1229 456 1523 527; x_wconf 72' lang='lat' dir='ltr'><strong>deleliitur,</strong></span> <span class='ocrx_word' id='word_1_10' title='bbox 1559 470 1611 515; x_wconf 92' lang='lat' dir='ltr'><strong>et</strong></span> <span class='ocrx_word' id='word_1_11' title='bbox 1646 462 2001 533; x_wconf 81' lang='lat' dir='ltr'><strong>Assyriorum</strong></span> 
     </span>
    </p>
   </div>
   <div class='ocr_carea' id='block_1_5' title="bbox 2113 456 3673 538">
    <p class='ocr_par' dir='ltr' id='par_1_5' title="bbox 2113 462 3673 538">
     <span class='ocr_line' id='line_1_5' title="bbox 2113 462 3673 538; baseline 0.001 -22"><span class='ocrx_word' id='word_1_12' title='bbox 2113 463 2293 529; x_wconf 82' lang='grc' dir='ltr'><strong>Τέλος,</strong></span> <span class='ocrx_word' id='word_1_13' title='bbox 2319 466 2476 536; x_wconf 80' lang='grc' dir='ltr'>φησί,</span> <span class='ocrx_word' id='word_1_14' title='bbox 2500 467 2593 520; x_wconf 78' lang='grc' dir='ltr'>καὶ</span> <span class='ocrx_word' id='word_1_15' title='bbox 2634 468 2667 538; x_wconf 79' lang='grc' dir='ltr'><strong>η</strong></span> <span class='ocrx_word' id='word_1_16' title='bbox 2702 464 2800 536; x_wconf 84' lang='grc' dir='ltr'><strong>τῆς</strong></span> <span class='ocrx_word' id='word_1_17' title='bbox 2832 463 3113 535; x_wconf 74' lang='grc' dir='ltr'>Αἰγύπτου</span> <span class='ocrx_word' id='word_1_18' title='bbox 3145 462 3391 532; x_wconf 70' lang='grc' dir='ltr'>βασιλειά</span> <span class='ocrx_word' id='word_1_19' title='bbox 3432 462 3673 535; x_wconf 69' lang='grc' dir='ltr'>λήψεται,</span> 
     </span>
    </p>
   </div>
   <div class='ocr_carea' id='block_1_6' title="bbox 433 549 2006 624">
    <p class='ocr_par' dir='ltr' id='par_1_6' title="bbox 433 549 2006 624">
     <span class='ocr_line' id='line_1_6' title="bbox 433 549 2006 624; baseline 0.004 -22"><span class='ocrx_word' id='word_1_20' title='bbox 433 551 607 605; x_wconf 73' lang='lat' dir='ltr'><strong>fastus</strong></span> <span class='ocrx_word' id='word_1_21' title='bbox 660 549 961 621; x_wconf 74' lang='lat' dir='ltr'><strong>frangetur;</strong></span> <span class='ocrx_word' id='word_1_22' title='bbox 1002 559 1055 605; x_wconf 89' lang='lat' dir='ltr'><strong>et</strong></span> <span class='ocrx_word' id='word_1_23' title='bbox 1086 565 1217 607; x_wconf 86' lang='lat' dir='ltr'><strong>vero</strong></span> <span class='ocrx_word' id='word_1_24' title='bbox 1265 551 1377 616; x_wconf 86' lang='lat' dir='ltr'><strong>isti,</strong></span> <span class='ocrx_word' id='word_1_25' title='bbox 1421 553 1514 623; x_wconf 87' lang='lat' dir='ltr'><strong>qui</strong></span> <span class='ocrx_word' id='word_1_26' title='bbox 1567 553 1844 624; x_wconf 89' lang='lat' dir='ltr'><strong>quondam</strong></span> <span class='ocrx_word' id='word_1_27' title='bbox 1898 554 2006 609; x_wconf 89' lang='lat' dir='ltr'><strong>illis</strong></span> 
     </span>
    </p>
   </div>
   <div class='ocr_carea' id='block_1_7' title="bbox 432 642 2005 719">
    <p class='ocr_par' dir='ltr' id='par_1_7' title="bbox 432 642 2005 719">
     <span class='ocr_line' id='line_1_7' title="bbox 432 642 2005 719; baseline 0.003 -21"><span class='ocrx_word' id='word_1_28' title='bbox 432 642 761 703; x_wconf 82' lang='lat' dir='ltr'><strong>servierunt.</strong></span> <span class='ocrx_word' id='word_1_29' title='bbox 797 658 919 698; x_wconf 88' lang='lat' dir='ltr'><strong>meo</strong></span> <span class='ocrx_word' id='word_1_30' title='bbox 949 644 1153 701; x_wconf 84' lang='lat' dir='ltr'><strong>auxilio</strong></span> <span class='ocrx_word' id='word_1_31' title='bbox 1180 644 1423 707; x_wconf 70' lang='lat' dir='ltr'><strong>illustres</strong></span> <span class='ocrx_word' id='word_1_32' title='bbox 1449 653 1503 705; x_wconf 86' lang='lat' dir='ltr'><strong>et</strong></span> <span class='ocrx_word' id='word_1_33' title='bbox 1556 647 1803 717; x_wconf 76' lang='lat' dir='ltr'><strong>praeclari</strong></span> <span class='ocrx_word' id='word_1_34' title='bbox 1859 646 2005 719; x_wconf 82' lang='lat' dir='ltr'><strong>apud</strong></span> 
     </span>
    </p>
   </div>
   <div class='ocr_carea' id='block_1_8' title="bbox 431 741 827 789">
    <p class='ocr_par' dir='ltr' id='par_1_8' title="bbox 431 741 827 789">
     <span class='ocr_line' id='line_1_8' title="bbox 431 741 827 789; baseline 0 -3"><span class='ocrx_word' id='word_1_35' title='bbox 431 747 620 789; x_wconf 86' lang='lat' dir='ltr'><strong>omnes</strong></span> <span class='ocrx_word' id='word_1_36' title='bbox 644 741 827 788; x_wconf 78' lang='lat' dir='ltr'><strong>Cl&#39;lllll.</strong></span> 
     </span>
    </p>
   </div>
   <div class='ocr_carea' id='block_1_9' title="bbox 1041 913 1403 971">
    <p class='ocr_par' dir='ltr' id='par_1_9' title="bbox 1041 913 1403 971">
     <span class='ocr_line' id='line_1_9' title="bbox 1041 913 1403 971; baseline -0.006 0"><span class='ocrx_word' id='word_1_37' title='bbox 1041 914 1273 971; x_wconf 74' lang='lat' dir='ltr'><strong>CAPUT</strong></span> <span class='ocrx_word' id='word_1_38' title='bbox 1314 913 1403 970; x_wconf 76' lang='lat' dir='ltr'><strong>Xl.</strong></span> 
     </span>
    </p>
   </div>
   <div class='ocr_carea' id='block_1_10' title="bbox 492 1004 2011 1076">
    <p class='ocr_par' dir='ltr' id='par_1_10' title="bbox 492 1004 2011 1076">
     <span class='ocr_line' id='line_1_10' title="bbox 492 1004 2011 1076; baseline -0.001 -17"><span class='ocrx_word' id='word_1_39' title='bbox 492 1004 668 1061; x_wconf 72' lang='lat' dir='ltr'><strong>Vens.</strong></span> <span class='ocrx_word' id='word_1_40' title='bbox 698 1007 752 1069; x_wconf 80' lang='grc'>1,</span> <span class='ocrx_word' id='word_1_41' title='bbox 782 1005 837 1060; x_wconf 73' lang='lat'><strong>2.</strong></span> <span class='ocrx_word' id='word_1_42' title='bbox 876 1023 895 1058; x_wconf 79' lang='grc' dir='ltr'><strong>ι</strong></span> <span class='ocrx_word' id='word_1_43' title='bbox 939 1004 1126 1075; x_wconf 81' lang='lat' dir='ltr'><strong>Aperi,</strong></span> <span class='ocrx_word' id='word_1_44' title='bbox 1172 1004 1399 1069; x_wconf 88' lang='lat' dir='ltr'><strong>Libane,</strong></span> <span class='ocrx_word' id='word_1_45' title='bbox 1439 1014 1631 1076; x_wconf 88' lang='lat' dir='ltr'><strong>portas</strong></span> <span class='ocrx_word' id='word_1_46' title='bbox 1664 1015 1808 1072; x_wconf 87' lang='lat' dir='ltr'><strong>tuas,</strong></span> <span class='ocrx_word' id='word_1_47' title='bbox 1837 1015 1890 1061; x_wconf 90' lang='lat' dir='ltr'><strong>et</strong></span> <span class='ocrx_word' id='word_1_48' title='bbox 1919 1021 2011 1061; x_wconf 83' lang='lat' dir='ltr'><strong>cu-</strong></span> 
     </span>
    </p>
   </div>
   <div class='ocr_carea' id='block_1_11' title="bbox 408 1100 2011 1179">
    <p class='ocr_par' dir='ltr' id='par_1_11' title="bbox 408 1100 2011 1179">
     <span class='ocr_line' id='line_1_11' title="bbox 408 1100 2011 1179; baseline -0.002 -20"><span class='ocrx_word' id='word_1_49' title='bbox 408 1103 619 1179; x_wconf 25' lang='lat' dir='ltr'><strong>,medat</strong></span> <span class='ocrx_word' id='word_1_50' title='bbox 644 1104 787 1177; x_wconf 85' lang='lat' dir='ltr'><strong>ignis</strong></span> <span class='ocrx_word' id='word_1_51' title='bbox 816 1102 1013 1158; x_wconf 89' lang='lat' dir='ltr'><strong>ccdros</strong></span> <span class='ocrx_word' id='word_1_52' title='bbox 1040 1111 1188 1159; x_wconf 88' lang='lat' dir='ltr'><strong>tuas.</strong></span> <span class='ocrx_word' id='word_1_53' title='bbox 1222 1100 1404 1157; x_wconf 85' lang='lat' dir='ltr'><strong>Ululct</strong></span> <span class='ocrx_word' id='word_1_54' title='bbox 1428 1102 1614 1173; x_wconf 84' lang='lat' dir='ltr'><strong>pinus,</strong></span> <span class='ocrx_word' id='word_1_55' title='bbox 1647 1101 1778 1172; x_wconf 87' lang='lat' dir='ltr'><strong>quia</strong></span> <span class='ocrx_word' id='word_1_56' title='bbox 1813 1101 2011 1159; x_wconf 84' lang='lat' dir='ltr'><strong>cecidit</strong></span> 
     </span>
    </p>
   </div>
   <div class='ocr_carea' id='block_1_12' title="bbox 427 1192 2011 1268">
    <p class='ocr_par' dir='ltr' id='par_1_12' title="bbox 427 1192 2011 1268">
     <span class='ocr_line' id='line_1_12' title="bbox 427 1192 2011 1268; baseline -0.005 -14"><span class='ocrx_word' id='word_1_57' title='bbox 427 1198 648 1255; x_wconf 81' lang='lat' dir='ltr'><strong>cedrus.</strong></span> <span class='ocrx_word' id='word_1_58' title='bbox 678 1215 703 1250; x_wconf 72' lang='grc' dir='ltr'><strong>ι</strong></span> <span class='ocrx_word' id='word_1_59' title='bbox 734 1196 939 1254; x_wconf 85' lang='lat' dir='ltr'><strong>Omnes</strong></span> <span class='ocrx_word' id='word_1_60' title='bbox 961 1194 1152 1268; x_wconf 71' lang='lat' dir='ltr'><strong>igitur,</strong></span> <span class='ocrx_word' id='word_1_61' title='bbox 1176 1195 1377 1266; x_wconf 88' lang='lat' dir='ltr'><strong>quibus</strong></span> <span class='ocrx_word' id='word_1_62' title='bbox 1401 1194 1645 1265; x_wconf 87' lang='lat' dir='ltr'><strong>potentia</strong></span> <span class='ocrx_word' id='word_1_63' title='bbox 1677 1193 1874 1247; x_wconf 82' lang='lat' dir='ltr'><strong>nimios</strong></span> <span class='ocrx_word' id='word_1_64' title='bbox 1901 1192 2011 1264; x_wconf 92' lang='lat' dir='ltr'><strong>spi-</strong></span> 
     </span>
    </p>
   </div>
   <div class='ocr_carea' id='block_1_13' title="bbox 405 1272 2009 1365">
    <p class='ocr_par' dir='ltr' id='par_1_13' title="bbox 405 1272 2009 1365">
     <span class='ocr_line' id='line_1_13' title="bbox 405 1272 2009 1365; baseline -0.002 -20"><span class='ocrx_word' id='word_1_65' title='bbox 405 1272 575 1347; x_wconf 31' lang='lat' dir='ltr'><strong>‘ritus</strong></span> <span class='ocrx_word' id='word_1_66' title='bbox 604 1286 779 1354; x_wconf 80' lang='lat' dir='ltr'><strong>all&#39;ert,</strong></span> <span class='ocrx_word' id='word_1_67' title='bbox 802 1288 1005 1365; x_wconf 84' lang='lat' dir='ltr'><strong>quide</strong></span> <span class='ocrx_word' id='word_1_68' title='bbox 1036 1287 1232 1343; x_wconf 88' lang='lat' dir='ltr'><strong>Libani</strong></span> <span class='ocrx_word' id='word_1_69' title='bbox 1271 1286 1663 1360; x_wconf 81' lang='lat' dir='ltr'><strong>proceritatem</strong></span> <span class='ocrx_word' id='word_1_70' title='bbox 1693 1285 1862 1339; x_wconf 79' lang='lat' dir='ltr'><strong>animi</strong></span> <span class='ocrx_word' id='word_1_71' title='bbox 1892 1285 2009 1341; x_wconf 81' lang='lat' dir='ltr'><strong>cla-</strong></span> 
     </span>
    </p>
   </div>
   <div class='ocr_carea' id='block_1_14' title="bbox 428 1374 2011 1449">
    <p class='ocr_par' dir='ltr' id='par_1_14' title="bbox 428 1374 2011 1449">
     <span class='ocr_line' id='line_1_14' title="bbox 428 1374 2011 1449; baseline -0.002 -15"><span class='ocrx_word' id='word_1_72' title='bbox 428 1381 576 1436; x_wconf 85' lang='lat' dir='ltr'><strong>tione</strong></span> <span class='ocrx_word' id='word_1_73' title='bbox 610 1378 923 1445; x_wconf 83' lang='lat' dir='ltr'><strong>imitamini,</strong></span> <span class='ocrx_word' id='word_1_74' title='bbox 976 1392 1076 1434; x_wconf 90' lang='lat' dir='ltr'><strong>vos</strong></span> <span class='ocrx_word' id='word_1_75' title='bbox 1119 1378 1276 1449; x_wconf 86' lang='lat' dir='ltr'><strong>ipsos</strong></span> <span class='ocrx_word' id='word_1_76' title='bbox 1322 1385 1514 1449; x_wconf 84' lang='lat' dir='ltr'><strong>parate</strong></span> <span class='ocrx_word' id='word_1_77' title='bbox 1575 1374 1645 1433; x_wconf 83' lang='lat' dir='ltr'><strong>ad</strong></span> <span class='ocrx_word' id='word_1_78' title='bbox 1695 1376 2011 1446; x_wconf 84' lang='lat' dir='ltr'><strong>ingruentcs</strong></span> 
     </span>
    </p>
   </div>
   <div class='ocr_carea' id='block_1_15' title="bbox 428 1467 2010 1545">
    <p class='ocr_par' dir='ltr' id='par_1_15' title="bbox 428 1467 2010 1545">
     <span class='ocr_line' id='line_1_15' title="bbox 428 1467 2010 1545; baseline -0.008 -11"><span class='ocrx_word' id='word_1_79' title='bbox 428 1488 619 1545; x_wconf 71' lang='lat' dir='ltr'><strong>poenas</strong></span> <span class='ocrx_word' id='word_1_80' title='bbox 647 1471 1028 1530; x_wconf 72' lang='lat' dir='ltr'><strong>sustinendos.</strong></span> <span class='ocrx_word' id='word_1_81' title='bbox 1056 1470 1154 1529; x_wconf 83' lang='lat' dir='ltr'><strong>llis</strong></span> <span class='ocrx_word' id='word_1_82' title='bbox 1177 1478 1361 1527; x_wconf 88' lang='lat' dir='ltr'><strong>autem</strong></span> <span class='ocrx_word' id='word_1_83' title='bbox 1392 1468 1689 1527; x_wconf 86' lang='lat' dir='ltr'><strong>inferiores</strong></span> <span class='ocrx_word' id='word_1_84' title='bbox 1718 1468 1868 1540; x_wconf 87' lang='lat' dir='ltr'><strong>(nam</strong></span> <span class='ocrx_word' id='word_1_85' title='bbox 1909 1467 2010 1522; x_wconf 88' lang='lat' dir='ltr'><strong>hos</strong></span> 
     </span>
    </p>
   </div>
   <div class='ocr_carea' id='block_1_16' title="bbox 406 1560 2007 1637">
    <p class='ocr_par' dir='ltr' id='par_1_16' title="bbox 406 1560 2007 1637">
     <span class='ocr_line' id='line_1_16' title="bbox 406 1560 2007 1637; baseline -0.008 -12"><span class='ocrx_word' id='word_1_86' title='bbox 406 1567 583 1634; x_wconf 73' lang='lat' dir='ltr'><strong>.plmu</strong></span> <span class='ocrx_word' id='word_1_87' title='bbox 636 1564 920 1637; x_wconf 73' lang='lat' dir='ltr'><strong>appellat),</strong></span> <span class='ocrx_word' id='word_1_88' title='bbox 956 1562 1361 1634; x_wconf 88' lang='lat' dir='ltr'><strong>potentioribus</strong></span> <span class='ocrx_word' id='word_1_89' title='bbox 1405 1562 1613 1617; x_wconf 81' lang='lat' dir='ltr'><strong>illatam</strong></span> <span class='ocrx_word' id='word_1_90' title='bbox 1653 1562 1671 1582; x_wconf 79' lang='lat'><strong><em>‘</em></strong></span> <span class='ocrx_word' id='word_1_91' title='bbox 1710 1560 2007 1629; x_wconf 83' lang='lat' dir='ltr'><strong>perniciem</strong></span> 
     </span>
    </p>
   </div>
   <div class='ocr_carea' id='block_1_17' title="bbox 408 1650 2008 1727">
    <p class='ocr_par' dir='ltr' id='par_1_17' title="bbox 408 1650 2008 1727">
     <span class='ocr_line' id='line_1_17' title="bbox 408 1650 2008 1727; baseline -0.003 -19"><span class='ocrx_word' id='word_1_92' title='bbox 408 1655 694 1722; x_wconf 22' lang='lat' dir='ltr'><strong>,videotcs,</strong></span> <span class='ocrx_word' id='word_1_93' title='bbox 725 1663 939 1711; x_wconf 88' lang='lat' dir='ltr'><strong>vestras</strong></span> <span class='ocrx_word' id='word_1_94' title='bbox 975 1654 1325 1711; x_wconf 84' lang='lat' dir='ltr'><strong>calamitates</strong></span> <span class='ocrx_word' id='word_1_95' title='bbox 1346 1653 1546 1727; x_wconf 89' lang='lat' dir='ltr'><strong>lugete.</strong></span> <span class='ocrx_word' id='word_1_96' title='bbox 1578 1670 1597 1705; x_wconf 79' lang='grc' dir='ltr'><strong>ι</strong></span> <span class='ocrx_word' id='word_1_97' title='bbox 1635 1651 1819 1707; x_wconf 87' lang='lat' dir='ltr'><strong>Ululet</strong></span> <span class='ocrx_word' id='word_1_98' title='bbox 1840 1650 2008 1718; x_wconf 89' lang='lat' dir='ltr'><strong>enim,</strong></span> 
     </span>
    </p>
   </div>
   <div class='ocr_carea' id='block_1_18' title="bbox 2113 556 3679 631">
    <p class='ocr_par' dir='ltr' id='par_1_18' title="bbox 2113 556 3679 631">
     <span class='ocr_line' id='line_1_18' title="bbox 2113 556 3679 631; baseline 0.001 -20"><span class='ocrx_word' id='word_1_99' title='bbox 2113 557 2258 629; x_wconf 75' lang='grc' dir='ltr'>καὶὴ</span> <span class='ocrx_word' id='word_1_100' title='bbox 2302 558 2607 630; x_wconf 80' lang='grc' dir='ltr'><strong>Ἀσσυρίων</strong></span> <span class='ocrx_word' id='word_1_101' title='bbox 2663 557 3011 631; x_wconf 77' lang='grc' dir='ltr'><strong>ὑπερηφανία</strong></span> <span class='ocrx_word' id='word_1_102' title='bbox 3070 556 3456 629; x_wconf 73' lang='grc' dir='ltr'>σςεσθήσεταιο</span> <span class='ocrx_word' id='word_1_103' title='bbox 3507 559 3597 612; x_wconf 70' lang='grc' dir='ltr'>καὶ</span> <span class='ocrx_word' id='word_1_104' title='bbox 3636 556 3679 591; x_wconf 72' lang='grc'><strong>⁵⁸</strong></span> 
     </span>
    </p>
   </div>
   <div class='ocr_carea' id='block_1_19' title="bbox 2112 643 3679 717">
    <p class='ocr_par' dir='ltr' id='par_1_19' title="bbox 2112 643 3679 717">
     <span class='ocr_line' id='line_1_19' title="bbox 2112 643 3679 717; baseline -0.001 -13"><span class='ocrx_word' id='word_1_105' title='bbox 2112 643 2256 704; x_wconf 76' lang='grc' dir='ltr'>οὗτοι</span> <span class='ocrx_word' id='word_1_106' title='bbox 2306 650 2387 713; x_wconf 82' lang='grc' dir='ltr'>δὲ,</span> <span class='ocrx_word' id='word_1_107' title='bbox 2449 652 2498 704; x_wconf 84' lang='grc' dir='ltr'><strong>οἱ</strong></span> <span class='ocrx_word' id='word_1_108' title='bbox 2548 649 2777 716; x_wconf 85' lang='grc' dir='ltr'>ἐκείνοις</span> <span class='ocrx_word' id='word_1_109' title='bbox 2810 650 2983 707; x_wconf 84' lang='grc' dir='ltr'>πάλαι</span> <span class='ocrx_word' id='word_1_110' title='bbox 3012 648 3416 713; x_wconf 84' lang='grc' dir='ltr'>δουλεύσαντες,</span> <span class='ocrx_word' id='word_1_111' title='bbox 3451 648 3541 702; x_wconf 77' lang='grc' dir='ltr'><strong>διὰ</strong></span> <span class='ocrx_word' id='word_1_112' title='bbox 3583 650 3679 717; x_wconf 75' lang='grc' dir='ltr'>τῆς</span> 
     </span>
    </p>
   </div>
   <div class='ocr_carea' id='block_1_20' title="bbox 2110 739 3679 813">
    <p class='ocr_par' dir='ltr' id='par_1_20' title="bbox 2110 739 3679 813">
     <span class='ocr_line' id='line_1_20' title="bbox 2110 739 3679 813; baseline -0.002 -16"><span class='ocrx_word' id='word_1_113' title='bbox 2110 739 2253 811; x_wconf 70' lang='grc' dir='ltr'>ἐμῆς</span> <span class='ocrx_word' id='word_1_114' title='bbox 2274 741 2597 813; x_wconf 71' lang='grc' dir='ltr'><strong>ἐπικουρίας</strong></span> <span class='ocrx_word' id='word_1_115' title='bbox 2645 743 2909 813; x_wconf 83' lang='grc' dir='ltr'>ἐπίσημοι</span> <span class='ocrx_word' id='word_1_116' title='bbox 2960 742 3052 796; x_wconf 73' lang='grc' dir='ltr'><strong>καὶ</strong></span> <span class='ocrx_word' id='word_1_117' title='bbox 3084 739 3511 812; x_wconf 82' lang='grc' dir='ltr'>πολυθρύλλητοι</span> <span class='ocrx_word' id='word_1_118' title='bbox 3533 742 3679 811; x_wconf 82' lang='grc' dir='ltr'>παρᾶ</span> 
     </span>
    </p>
   </div>
   <div class='ocr_carea' id='block_1_21' title="bbox 2111 833 2617 905">
    <p class='ocr_par' dir='ltr' id='par_1_21' title="bbox 2111 833 2617 905">
     <span class='ocr_line' id='line_1_21' title="bbox 2111 833 2617 905; baseline 0.004 -18"><span class='ocrx_word' id='word_1_119' title='bbox 2111 833 2245 887; x_wconf 79' lang='grc' dir='ltr'>πᾶσι</span> <span class='ocrx_word' id='word_1_120' title='bbox 2274 834 2617 905; x_wconf 78' lang='grc' dir='ltr'>γενήσονται.</span> 
     </span>
    </p>
   </div>
   <div class='ocr_carea' id='block_1_22' title="bbox 2635 922 3176 982">
    <p class='ocr_par' dir='ltr' id='par_1_22' title="bbox 2635 922 3176 982">
     <span class='ocr_line' id='line_1_22' title="bbox 2635 922 3176 982; baseline 0.002 -1"><span class='ocrx_word' id='word_1_121' title='bbox 2635 925 3033 981; x_wconf 69' lang='grc' dir='ltr'><strong>ΚΕΦἉΛΑιΟΝ</strong></span> <span class='ocrx_word' id='word_1_122' title='bbox 3072 922 3176 982; x_wconf 83' lang='grc' dir='ltr'><strong>ῙΔ’.</strong></span> 
     </span>
    </p>
   </div>
   <div class='ocr_carea' id='block_1_23' title="bbox 2181 1015 3683 1088">
    <p class='ocr_par' dir='ltr' id='par_1_23' title="bbox 2181 1015 3683 1088">
     <span class='ocr_line' id='line_1_23' title="bbox 2181 1015 3683 1088; baseline -0.001 -19"><span class='ocrx_word' id='word_1_123' title='bbox 2181 1024 2251 1081; x_wconf 86' lang='grc' dir='ltr'>α’,</span> <span class='ocrx_word' id='word_1_124' title='bbox 2274 1015 2339 1086; x_wconf 84' lang='grc' dir='ltr'><strong>β’.</strong></span> <span class='ocrx_word' id='word_1_125' title='bbox 2371 1036 2390 1069; x_wconf 74' lang='grc' dir='ltr'><strong>ι</strong></span> <span class='ocrx_word' id='word_1_126' title='bbox 2436 1016 2731 1084; x_wconf 80' lang='grc' dir='ltr'>Διάνοιξον,</span> <span class='ocrx_word' id='word_1_127' title='bbox 2756 1019 2785 1070; x_wconf 93' lang='lat'><strong>6</strong></span> <span class='ocrx_word' id='word_1_128' title='bbox 2817 1017 3070 1082; x_wconf 85' lang='grc' dir='ltr'>Λίϐανος,</span> <span class='ocrx_word' id='word_1_129' title='bbox 3110 1016 3207 1082; x_wconf 82' lang='grc' dir='ltr'>τὰς</span> <span class='ocrx_word' id='word_1_130' title='bbox 3244 1017 3413 1088; x_wconf 89' lang='grc' dir='ltr'>θύρας</span> <span class='ocrx_word' id='word_1_131' title='bbox 3456 1034 3572 1081; x_wconf 76' lang='grc' dir='ltr'>σου,</span> <span class='ocrx_word' id='word_1_132' title='bbox 3594 1015 3683 1069; x_wconf 68' lang='grc' dir='ltr'><strong>καὶ</strong></span> 
     </span>
    </p>
   </div>
   <div class='ocr_carea' id='block_1_24' title="bbox 2110 1107 3682 1180">
    <p class='ocr_par' dir='ltr' id='par_1_24' title="bbox 2110 1107 3682 1180">
     <span class='ocr_line' id='line_1_24' title="bbox 2110 1107 3682 1180; baseline -0.002 -17"><span class='ocrx_word' id='word_1_133' title='bbox 2110 1109 2483 1178; x_wconf 83' lang='grc' dir='ltr'>καταφαγέτω</span> <span class='ocrx_word' id='word_1_134' title='bbox 2512 1108 2556 1140; x_wconf 73' lang='grc'><strong>⁸⁸</strong></span> <span class='ocrx_word' id='word_1_135' title='bbox 2591 1107 2702 1179; x_wconf 86' lang='grc' dir='ltr'><strong>πῦρ</strong></span> <span class='ocrx_word' id='word_1_136' title='bbox 2732 1108 2834 1171; x_wconf 79' lang='grc' dir='ltr'>τὰς</span> <span class='ocrx_word' id='word_1_137' title='bbox 2853 1108 3078 1180; x_wconf 74' lang='grc' dir='ltr'>κέδρους</span> <span class='ocrx_word' id='word_1_138' title='bbox 3114 1126 3231 1163; x_wconf 88' lang='grc' dir='ltr'>σου.</span> <span class='ocrx_word' id='word_1_139' title='bbox 3272 1107 3611 1174; x_wconf 75' lang='grc' dir='ltr'>Ὀλολυξάτω</span> <span class='ocrx_word' id='word_1_140' title='bbox 3638 1108 3682 1139; x_wconf 82' lang='grc'><strong>⁸⁸</strong></span> 
     </span>
    </p>
   </div>
   <div class='ocr_carea' id='block_1_25' title="bbox 2111 1199 3684 1273">
    <p class='ocr_par' dir='ltr' id='par_1_25' title="bbox 2111 1199 3684 1273">
     <span class='ocr_line' id='line_1_25' title="bbox 2111 1199 3684 1273; baseline 0 -20"><span class='ocrx_word' id='word_1_141' title='bbox 2111 1199 2289 1265; x_wconf 81' lang='grc' dir='ltr'>πίτυς,</span> <span class='ocrx_word' id='word_1_142' title='bbox 2340 1200 2475 1255; x_wconf 82' lang='grc' dir='ltr'><strong>διότι</strong></span> <span class='ocrx_word' id='word_1_143' title='bbox 2535 1200 2794 1254; x_wconf 83' lang='grc' dir='ltr'>πέπτωκε</span> <span class='ocrx_word' id='word_1_144' title='bbox 2849 1199 3060 1273; x_wconf 75' lang='grc' dir='ltr'>κέδρος.</span> <span class='ocrx_word' id='word_1_145' title='bbox 3111 1219 3128 1253; x_wconf 75' lang='grc' dir='ltr'><strong>ι</strong></span> <span class='ocrx_word' id='word_1_146' title='bbox 3164 1201 3373 1263; x_wconf 83' lang='grc' dir='ltr'>Πάντες</span> <span class='ocrx_word' id='word_1_147' title='bbox 3415 1201 3596 1254; x_wconf 70' lang='grc' dir='ltr'>τοίνυν</span> <span class='ocrx_word' id='word_1_148' title='bbox 3637 1201 3684 1255; x_wconf 71' lang='grc' dir='ltr'><strong>οἱ</strong></span> 
     </span>
    </p>
   </div>
   <div class='ocr_carea' id='block_1_26' title="bbox 2108 1290 3688 1364">
    <p class='ocr_par' dir='ltr' id='par_1_26' title="bbox 2108 1290 3688 1364">
     <span class='ocr_line' id='line_1_26' title="bbox 2108 1290 3688 1364; baseline 0.002 -21"><span class='ocrx_word' id='word_1_149' title='bbox 2108 1290 2202 1344; x_wconf 72' lang='grc' dir='ltr'>ἐπὶ</span> <span class='ocrx_word' id='word_1_150' title='bbox 2226 1290 2456 1362; x_wconf 77' lang='grc' dir='ltr'><strong>δυνάμει</strong></span> <span class='ocrx_word' id='word_1_151' title='bbox 2516 1293 2665 1364; x_wconf 80' lang='grc' dir='ltr'>μέγα</span> <span class='ocrx_word' id='word_1_152' title='bbox 2718 1291 3065 1363; x_wconf 78' lang='grc' dir='ltr'>φρονοῦντες,</span> <span class='ocrx_word' id='word_1_153' title='bbox 3100 1293 3195 1348; x_wconf 70' lang='grc' dir='ltr'>καὶ</span> <span class='ocrx_word' id='word_1_154' title='bbox 3233 1292 3331 1346; x_wconf 89' lang='grc' dir='ltr'><strong>τοῦ</strong></span> <span class='ocrx_word' id='word_1_155' title='bbox 3359 1292 3597 1348; x_wconf 75' lang='grc' dir='ltr'>Λιϐάνου</span> <span class='ocrx_word' id='word_1_156' title='bbox 3629 1292 3688 1346; x_wconf 76' lang='grc' dir='ltr'><strong>τὸ</strong></span> 
     </span>
    </p>
   </div>
   <div class='ocr_carea' id='block_1_27' title="bbox 2110 1380 3687 1457">
    <p class='ocr_par' dir='ltr' id='par_1_27' title="bbox 2110 1380 3687 1457">
     <span class='ocr_line' id='line_1_27' title="bbox 2110 1380 3687 1457; baseline 0.001 -22"><span class='ocrx_word' id='word_1_157' title='bbox 2110 1380 2244 1453; x_wconf 72' lang='grc' dir='ltr'>ὕψος</span> <span class='ocrx_word' id='word_1_158' title='bbox 2277 1386 2343 1456; x_wconf 76' lang='grc' dir='ltr'>τῇ</span> <span class='ocrx_word' id='word_1_159' title='bbox 2372 1385 2472 1455; x_wconf 78' lang='grc' dir='ltr'>τῆς</span> <span class='ocrx_word' id='word_1_160' title='bbox 2531 1384 2851 1449; x_wconf 75' lang='grc' dir='ltr'>ἀλαζονείας</span> <span class='ocrx_word' id='word_1_161' title='bbox 2892 1385 3165 1457; x_wconf 78' lang='grc' dir='ltr'>φαντασίᾳ</span> <span class='ocrx_word' id='word_1_162' title='bbox 3206 1385 3559 1457; x_wconf 76' lang='grc' dir='ltr'><strong>μιμούμενοι,</strong></span> <span class='ocrx_word' id='word_1_163' title='bbox 3601 1385 3687 1438; x_wconf 82' lang='grc' dir='ltr'><strong>εὖ·</strong></span> 
     </span>
    </p>
   </div>
   <div class='ocr_carea' id='block_1_28' title="bbox 2109 1475 3686 1549">
    <p class='ocr_par' dir='ltr' id='par_1_28' title="bbox 2109 1475 3686 1549">
     <span class='ocr_line' id='line_1_28' title="bbox 2109 1475 3686 1549; baseline 0 -20"><span class='ocrx_word' id='word_1_164' title='bbox 2109 1478 2331 1549; x_wconf 87' lang='grc' dir='ltr'>τρεπεῖς</span> <span class='ocrx_word' id='word_1_165' title='bbox 2364 1476 2592 1540; x_wconf 76' lang='grc' dir='ltr'>ἑαυτοὺς</span> <span class='ocrx_word' id='word_1_166' title='bbox 2614 1475 2753 1548; x_wconf 77' lang='grc' dir='ltr'>πρὸς</span> <span class='ocrx_word' id='word_1_167' title='bbox 2784 1478 2887 1547; x_wconf 75' lang='grc' dir='ltr'>τὴν</span> <span class='ocrx_word' id='word_1_168' title='bbox 2929 1478 3337 1548; x_wconf 58' lang='grc' dir='ltr'>ἐπιφερομένην</span> <span class='ocrx_word' id='word_1_169' title='bbox 3362 1478 3497 1548; x_wconf 78' lang='grc' dir='ltr'>ὑμῖν.</span> <span class='ocrx_word' id='word_1_170' title='bbox 3519 1494 3686 1530; x_wconf 81' lang='grc' dir='ltr'>κατα-</span> 
     </span>
    </p>
   </div>
   <div class='ocr_carea' id='block_1_29' title="bbox 2112 1567 3688 1640">
    <p class='ocr_par' dir='ltr' id='par_1_29' title="bbox 2112 1567 3688 1640">
     <span class='ocr_line' id='line_1_29' title="bbox 2112 1567 3688 1640; baseline -0.001 -18"><span class='ocrx_word' id='word_1_171' title='bbox 2112 1569 2346 1640; x_wconf 82' lang='grc' dir='ltr'>στήσατε</span> <span class='ocrx_word' id='word_1_172' title='bbox 2386 1567 2680 1640; x_wconf 78' lang='grc' dir='ltr'>τιμωρίαν.</span> <span class='ocrx_word' id='word_1_173' title='bbox 2713 1570 2775 1622; x_wconf 84' lang='lat' dir='ltr'><strong>Ol</strong></span> <span class='ocrx_word' id='word_1_174' title='bbox 2801 1568 2859 1621; x_wconf 81' lang='grc' dir='ltr'>δὲ</span> <span class='ocrx_word' id='word_1_175' title='bbox 2877 1568 3083 1622; x_wconf 88' lang='grc' dir='ltr'>τούτων</span> <span class='ocrx_word' id='word_1_176' title='bbox 3125 1569 3509 1638; x_wconf 77' lang='grc' dir='ltr'>ὑποδεέστεροι</span> <span class='ocrx_word' id='word_1_177' title='bbox 3543 1570 3688 1636; x_wconf 82' lang='grc' dir='ltr'>(τού-</span> 
     </span>
    </p>
   </div>
   <div class='ocr_carea' id='block_1_30' title="bbox 2108 1657 3689 1737">
    <p class='ocr_par' dir='ltr' id='par_1_30' title="bbox 2108 1657 3689 1737">
     <span class='ocr_line' id='line_1_30' title="bbox 2108 1657 3689 1737; baseline -0.003 -24"><span class='ocrx_word' id='word_1_178' title='bbox 2108 1675 2235 1722; x_wconf 92' lang='grc' dir='ltr'>τους</span> <span class='ocrx_word' id='word_1_179' title='bbox 2256 1657 2363 1731; x_wconf 82' lang='grc' dir='ltr'>γὰρ</span> <span class='ocrx_word' id='word_1_180' title='bbox 2385 1659 2562 1724; x_wconf 82' lang='grc' dir='ltr'>πίτυς</span> <span class='ocrx_word' id='word_1_181' title='bbox 2586 1657 2785 1729; x_wconf 87' lang='grc' dir='ltr'>καλεῖ),</span> <span class='ocrx_word' id='word_1_182' title='bbox 2813 1657 2906 1711; x_wconf 81' lang='grc' dir='ltr'><strong>τὸν</strong></span> <span class='ocrx_word' id='word_1_183' title='bbox 2924 1657 3031 1712; x_wconf 83' lang='grc' dir='ltr'><strong>τῶν</strong></span> <span class='ocrx_word' id='word_1_184' title='bbox 3058 1657 3447 1729; x_wconf 79' lang='grc' dir='ltr'>δυνατωτέρων</span> <span class='ocrx_word' id='word_1_185' title='bbox 3473 1657 3689 1737; x_wconf 70' lang='grc' dir='ltr'>ὄλεθρον</span> 
     </span>
    </p>
   </div>
   <div class='ocr_carea' id='block_1_31' title="bbox 416 1744 2005 1824">
    <p class='ocr_par' dir='ltr' id='par_1_31' title="bbox 416 1744 2005 1823">
     <span class='ocr_line' id='line_1_31' title="bbox 416 1744 2005 1823; baseline -0.001 -21"><span class='ocrx_word' id='word_1_186' title='bbox 416 1748 628 1823; x_wconf 78' lang='lat' dir='ltr'><strong>inquit,</strong></span> <span class='ocrx_word' id='word_1_187' title='bbox 669 1747 855 1819; x_wconf 80' lang='lat' dir='ltr'><strong>pinus,</strong></span> <span class='ocrx_word' id='word_1_188' title='bbox 880 1748 1009 1819; x_wconf 87' lang='lat' dir='ltr'><strong>quia</strong></span> <span class='ocrx_word' id='word_1_189' title='bbox 1036 1747 1240 1803; x_wconf 88' lang='lat' dir='ltr'><strong>cecidit</strong></span> <span class='ocrx_word' id='word_1_190' title='bbox 1273 1746 1495 1803; x_wconf 78' lang='lat' dir='ltr'><strong>cedrus.</strong></span> <span class='ocrx_word' id='word_1_191' title='bbox 1558 1765 1577 1798; x_wconf 77' lang='grc' dir='ltr'><strong>ι</strong></span> <span class='ocrx_word' id='word_1_192' title='bbox 1623 1746 1692 1801; x_wconf 86' lang='lat' dir='ltr'><strong>Et</strong></span> <span class='ocrx_word' id='word_1_193' title='bbox 1720 1744 2005 1815; x_wconf 85' lang='lat' dir='ltr'><strong>explicans</strong></span> 
     </span>
    </p>
   </div>
   <div class='ocr_carea' id='block_1_32' title="bbox 2113 1744 3686 1824">
    <p class='ocr_par' dir='ltr' id='par_1_32' title="bbox 2113 1749 3686 1824">
     <span class='ocr_line' id='line_1_32' title="bbox 2113 1749 3686 1824; baseline -0.003 -17"><span class='ocrx_word' id='word_1_194' title='bbox 2113 1751 2475 1824; x_wconf 78' lang='grc' dir='ltr'>Θεωροῦντες,</span> <span class='ocrx_word' id='word_1_195' title='bbox 2535 1749 2633 1815; x_wconf 82' lang='grc' dir='ltr'>τὰς</span> <span class='ocrx_word' id='word_1_196' title='bbox 2692 1749 2900 1812; x_wconf 77' lang='grc' dir='ltr'>οἰκείας</span> <span class='ocrx_word' id='word_1_197' title='bbox 2967 1749 3301 1821; x_wconf 83' lang='grc' dir='ltr'>ὀλοφύρεσθε</span> <span class='ocrx_word' id='word_1_198' title='bbox 3380 1752 3686 1819; x_wconf 78' lang='grc' dir='ltr'>συμφοράς.</span> 
     </span>
    </p>
   </div>
   <div class='ocr_carea' id='block_1_33' title="bbox 408 1834 1643 1911">
    <p class='ocr_par' dir='ltr' id='par_1_33' title="bbox 408 1834 1643 1911">
     <span class='ocr_line' id='line_1_33' title="bbox 408 1834 1643 1911; baseline -0.004 -16"><span class='ocrx_word' id='word_1_199' title='bbox 408 1852 547 1907; x_wconf 76' lang='lat' dir='ltr'><strong>quae</strong></span> <span class='ocrx_word' id='word_1_200' title='bbox 578 1851 670 1911; x_wconf 86' lang='lat' dir='ltr'><strong>per</strong></span> <span class='ocrx_word' id='word_1_201' title='bbox 702 1836 1118 1893; x_wconf 79' lang='lat' dir='ltr'><strong>translationem</strong></span> <span class='ocrx_word' id='word_1_202' title='bbox 1152 1835 1315 1902; x_wconf 83' lang='lat' dir='ltr'><strong>dixit,</strong></span> <span class='ocrx_word' id='word_1_203' title='bbox 1343 1834 1596 1906; x_wconf 82' lang='lat' dir='ltr'><strong>adjunxit</strong></span> <span class='ocrx_word' id='word_1_204' title='bbox 1630 1854 1643 1890; x_wconf 88' lang='lat'><strong>:</strong></span> 
     </span>
    </p>
   </div>
   <div class='ocr_carea' id='block_1_34' title="bbox 499 2093 2005 2167">
    <p class='ocr_par' dir='ltr' id='par_1_34' title="bbox 499 2093 2005 2167">
     <span class='ocr_line' id='line_1_34' title="bbox 499 2093 2005 2167; baseline 0.002 -18"><span class='ocrx_word' id='word_1_205' title='bbox 499 2116 519 2149; x_wconf 77' lang='grc' dir='ltr'><strong>ι</strong></span> <span class='ocrx_word' id='word_1_206' title='bbox 558 2096 700 2164; x_wconf 83' lang='lat' dir='ltr'><strong>Quia</strong></span> <span class='ocrx_word' id='word_1_207' title='bbox 723 2095 1016 2167; x_wconf 82' lang='lat' dir='ltr'><strong>optimates</strong></span> <span class='ocrx_word' id='word_1_208' title='bbox 1039 2094 1198 2151; x_wconf 83' lang='lat' dir='ltr'><strong>valde</strong></span> <span class='ocrx_word' id='word_1_209' title='bbox 1230 2094 1420 2151; x_wconf 77' lang='lat' dir='ltr'><strong>miseri</strong></span> <span class='ocrx_word' id='word_1_210' title='bbox 1449 2093 1577 2151; x_wconf 89' lang='lat' dir='ltr'><strong>facti</strong></span> <span class='ocrx_word' id='word_1_211' title='bbox 1602 2103 1755 2161; x_wconf 88' lang='lat' dir='ltr'><strong>sunt,</strong></span> <span class='ocrx_word' id='word_1_212' title='bbox 1777 2095 2005 2163; x_wconf 89' lang='lat' dir='ltr'><strong>ululate,</strong></span> 
     </span>
    </p>
   </div>
   <div class='ocr_carea' id='block_1_35' title="bbox 422 2185 2007 2259">
    <p class='ocr_par' dir='ltr' id='par_1_35' title="bbox 422 2185 2007 2259">
     <span class='ocr_line' id='line_1_35' title="bbox 422 2185 2007 2259; baseline 0.001 -18"><span class='ocrx_word' id='word_1_213' title='bbox 422 2203 659 2259; x_wconf 86' lang='lat' dir='ltr'><strong>quercus</strong></span> <span class='ocrx_word' id='word_1_214' title='bbox 692 2185 1050 2250; x_wconf 88' lang='lat' dir='ltr'><strong>Basanitidis,</strong></span> <span class='ocrx_word' id='word_1_215' title='bbox 1102 2185 1363 2256; x_wconf 90' lang='lat' dir='ltr'><strong>quoniam</strong></span> <span class='ocrx_word' id='word_1_216' title='bbox 1408 2187 1663 2241; x_wconf 89' lang='lat' dir='ltr'><strong>succisus</strong></span> <span class='ocrx_word' id='word_1_217' title='bbox 1705 2196 1791 2243; x_wconf 89' lang='lat' dir='ltr'><strong>est</strong></span> <span class='ocrx_word' id='word_1_218' title='bbox 1833 2188 2007 2243; x_wconf 89' lang='lat' dir='ltr'><strong>saltus</strong></span> 
     </span>
    </p>
   </div>
   <div class='ocr_carea' id='block_1_36' title="bbox 421 2277 2006 2348">
    <p class='ocr_par' dir='ltr' id='par_1_36' title="bbox 421 2277 2006 2348">
     <span class='ocr_line' id='line_1_36' title="bbox 421 2277 2006 2348; baseline -0.001 -15"><span class='ocrx_word' id='word_1_219' title='bbox 421 2279 693 2334; x_wconf 88' lang='lat' dir='ltr'><strong>consitus.</strong></span> <span class='ocrx_word' id='word_1_220' title='bbox 729 2277 921 2346; x_wconf 72' lang='lat' dir='ltr'><strong>(Vens.</strong></span> <span class='ocrx_word' id='word_1_221' title='bbox 948 2278 1027 2348; x_wconf 77' lang='lat'><strong>3.)</strong></span> <span class='ocrx_word' id='word_1_222' title='bbox 1061 2278 1177 2334; x_wconf 76' lang='lat' dir='ltr'><strong>Vox</strong></span> <span class='ocrx_word' id='word_1_223' title='bbox 1206 2277 1506 2348; x_wconf 79' lang='lat' dir='ltr'><strong>lugentium</strong></span> <span class='ocrx_word' id='word_1_224' title='bbox 1528 2285 1839 2348; x_wconf 89' lang='lat' dir='ltr'><strong>pastorum,</strong></span> <span class='ocrx_word' id='word_1_225' title='bbox 1865 2293 2006 2348; x_wconf 89' lang='lat' dir='ltr'><strong>quo-</strong></span> 
     </span>
    </p>
   </div>
   <div class='ocr_carea' id='block_1_37' title="bbox 422 2369 2007 2442">
    <p class='ocr_par' dir='ltr' id='par_1_37' title="bbox 422 2369 2007 2442">
     <span class='ocr_line' id='line_1_37' title="bbox 422 2369 2007 2442; baseline 0.001 -17"><span class='ocrx_word' id='word_1_226' title='bbox 422 2374 567 2425; x_wconf 88' lang='lat' dir='ltr'><strong>niam</strong></span> <span class='ocrx_word' id='word_1_227' title='bbox 606 2370 807 2425; x_wconf 88' lang='lat' dir='ltr'><strong>misera</strong></span> <span class='ocrx_word' id='word_1_228' title='bbox 839 2369 986 2424; x_wconf 85' lang='lat' dir='ltr'><strong>facta</strong></span> <span class='ocrx_word' id='word_1_229' title='bbox 1044 2378 1127 2426; x_wconf 88' lang='lat' dir='ltr'><strong>est</strong></span> <span class='ocrx_word' id='word_1_230' title='bbox 1179 2369 1587 2442; x_wconf 73' lang='lat' dir='ltr'><strong>magnificentia</strong></span> <span class='ocrx_word' id='word_1_231' title='bbox 1615 2385 1810 2426; x_wconf 90' lang='lat' dir='ltr'><strong>eorum</strong></span> <span class='ocrx_word' id='word_1_232' title='bbox 1842 2390 1856 2426; x_wconf 90' lang='lat'><strong>:</strong></span> <span class='ocrx_word' id='word_1_233' title='bbox 1898 2386 2007 2427; x_wconf 86' lang='lat' dir='ltr'><strong>vox</strong></span> 
     </span>
    </p>
   </div>
   <div class='ocr_carea' id='block_1_38' title="bbox 421 2460 2005 2532">
    <p class='ocr_par' dir='ltr' id='par_1_38' title="bbox 421 2460 2005 2532">
     <span class='ocr_line' id='line_1_38' title="bbox 421 2460 2005 2532; baseline 0.002 -16"><span class='ocrx_word' id='word_1_234' title='bbox 421 2462 757 2532; x_wconf 85' lang='lat' dir='ltr'><strong>rugientium</strong></span> <span class='ocrx_word' id='word_1_235' title='bbox 818 2461 1059 2527; x_wconf 84' lang='lat' dir='ltr'><strong>leonum,</strong></span> <span class='ocrx_word' id='word_1_236' title='bbox 1113 2461 1242 2532; x_wconf 84' lang='lat' dir='ltr'><strong>quia</strong></span> <span class='ocrx_word' id='word_1_237' title='bbox 1312 2460 1548 2516; x_wconf 83' lang='lat' dir='ltr'><strong>afﬂictus</strong></span> <span class='ocrx_word' id='word_1_238' title='bbox 1602 2469 1684 2519; x_wconf 89' lang='lat' dir='ltr'><strong>est</strong></span> <span class='ocrx_word' id='word_1_239' title='bbox 1750 2460 2005 2519; x_wconf 81' lang='lat' dir='ltr'><strong>fremitus</strong></span> 
     </span>
    </p>
   </div>
   <div class='ocr_carea' id='block_1_39' title="bbox 425 2551 2006 2626">
    <p class='ocr_par' dir='ltr' id='par_1_39' title="bbox 425 2551 2006 2626">
     <span class='ocr_line' id='line_1_39' title="bbox 425 2551 2006 2626; baseline 0.002 -19"><span class='ocrx_word' id='word_1_240' title='bbox 425 2552 636 2626; x_wconf 61' lang='lat'><strong>1643</strong></span> <span class='ocrx_word' id='word_1_241' title='bbox 699 2551 975 2607; x_wconf 86' lang='lat' dir='ltr'><strong>Jordanis.</strong></span> <span class='ocrx_word' id='word_1_242' title='bbox 1025 2570 1042 2603; x_wconf 73' lang='grc' dir='ltr'><strong>ι</strong></span> <span class='ocrx_word' id='word_1_243' title='bbox 1089 2551 1321 2624; x_wconf 86' lang='lat' dir='ltr'><strong>Tropice</strong></span> <span class='ocrx_word' id='word_1_244' title='bbox 1370 2552 1529 2623; x_wconf 88' lang='lat' dir='ltr'><strong>juxta</strong></span> <span class='ocrx_word' id='word_1_245' title='bbox 1577 2554 1838 2611; x_wconf 84' lang='lat' dir='ltr'><strong>usitatum</strong></span> <span class='ocrx_word' id='word_1_246' title='bbox 1901 2553 2006 2610; x_wconf 88' lang='lat' dir='ltr'><strong>sibi</strong></span> 
     </span>
    </p>
   </div>
   <div class='ocr_carea' id='block_1_40' title="bbox 423 2642 2004 2715">
    <p class='ocr_par' dir='ltr' id='par_1_40' title="bbox 423 2642 2004 2715">
     <span class='ocr_line' id='line_1_40' title="bbox 423 2642 2004 2715; baseline 0.003 -18"><span class='ocrx_word' id='word_1_247' title='bbox 423 2660 627 2698; x_wconf 85' lang='lat' dir='ltr'><strong>murem</strong></span> <span class='ocrx_word' id='word_1_248' title='bbox 664 2644 850 2700; x_wconf 89' lang='lat' dir='ltr'><strong>omnia</strong></span> <span class='ocrx_word' id='word_1_249' title='bbox 897 2644 1191 2715; x_wconf 81' lang='lat' dir='ltr'><strong>expressit.</strong></span> <span class='ocrx_word' id='word_1_250' title='bbox 1241 2642 1439 2699; x_wconf 67' lang='lat' dir='ltr'><strong>Leonas</strong></span> <span class='ocrx_word' id='word_1_251' title='bbox 1474 2645 1624 2699; x_wconf 92' lang='lat' dir='ltr'><strong>enim</strong></span> <span class='ocrx_word' id='word_1_252' title='bbox 1667 2653 1722 2699; x_wconf 88' lang='lat' dir='ltr'><strong>et</strong></span> <span class='ocrx_word' id='word_1_253' title='bbox 1763 2654 2004 2715; x_wconf 76' lang='lat' dir='ltr'><strong>pastores</strong></span> 
     </span>
    </p>
   </div>
   <div class='ocr_carea' id='block_1_41' title="bbox 422 2735 2005 2807">
    <p class='ocr_par' dir='ltr' id='par_1_41' title="bbox 422 2735 2005 2807">
     <span class='ocr_line' id='line_1_41' title="bbox 422 2735 2005 2807; baseline 0.002 -18"><span class='ocrx_word' id='word_1_254' title='bbox 422 2737 659 2806; x_wconf 87' lang='lat' dir='ltr'><strong>appellat</strong></span> <span class='ocrx_word' id='word_1_255' title='bbox 699 2751 856 2807; x_wconf 80' lang='lat' dir='ltr'><strong>rcges</strong></span> <span class='ocrx_word' id='word_1_256' title='bbox 878 2745 931 2790; x_wconf 91' lang='lat' dir='ltr'><strong>et</strong></span> <span class='ocrx_word' id='word_1_257' title='bbox 951 2735 1227 2806; x_wconf 84' lang='lat' dir='ltr'><strong>principes</strong></span> <span class='ocrx_word' id='word_1_258' title='bbox 1257 2754 1272 2803; x_wconf 88' lang='lat'><strong>;</strong></span> <span class='ocrx_word' id='word_1_259' title='bbox 1305 2740 1503 2791; x_wconf 77' lang='lat' dir='ltr'><strong>saltum</strong></span> <span class='ocrx_word' id='word_1_260' title='bbox 1531 2743 1714 2792; x_wconf 87' lang='lat' dir='ltr'><strong>autem</strong></span> <span class='ocrx_word' id='word_1_261' title='bbox 1736 2739 2005 2792; x_wconf 79' lang='lat' dir='ltr'><strong>consitum</strong></span> 
     </span>
    </p>
   </div>
   <div class='ocr_carea' id='block_1_42' title="bbox 423 2826 2005 2899">
    <p class='ocr_par' dir='ltr' id='par_1_42' title="bbox 423 2826 2005 2899">
     <span class='ocr_line' id='line_1_42' title="bbox 423 2826 2005 2899; baseline 0.002 -18"><span class='ocrx_word' id='word_1_262' title='bbox 423 2828 791 2899; x_wconf 87' lang='lat' dir='ltr'><strong>principatum</strong></span> <span class='ocrx_word' id='word_1_263' title='bbox 833 2826 1263 2885; x_wconf 89' lang='lat' dir='ltr'><strong>infructuosum.</strong></span> <span class='ocrx_word' id='word_1_264' title='bbox 1305 2827 1416 2883; x_wconf 80' lang='lat' dir='ltr'><strong>llos</strong></span> <span class='ocrx_word' id='word_1_265' title='bbox 1454 2837 1634 2883; x_wconf 82' lang='lat' dir='ltr'><strong>autem</strong></span> <span class='ocrx_word' id='word_1_266' title='bbox 1694 2843 1889 2885; x_wconf 87' lang='lat' dir='ltr'><strong>omnes</strong></span> <span class='ocrx_word' id='word_1_267' title='bbox 1919 2829 2005 2884; x_wconf 76' lang='lat' dir='ltr'><strong>lu—</strong></span> 
     </span>
    </p>
   </div>
   <div class='ocr_carea' id='block_1_43' title="bbox 412 2917 2005 2990">
    <p class='ocr_par' dir='ltr' id='par_1_43' title="bbox 412 2917 2005 2990">
     <span class='ocr_line' id='line_1_43' title="bbox 412 2917 2005 2990; baseline 0.001 -17"><span class='ocrx_word' id='word_1_268' title='bbox 412 2934 546 2988; x_wconf 78' lang='lat' dir='ltr'><strong>gere</strong></span> <span class='ocrx_word' id='word_1_269' title='bbox 585 2926 639 2972; x_wconf 91' lang='lat' dir='ltr'><strong>et</strong></span> <span class='ocrx_word' id='word_1_270' title='bbox 667 2918 960 2974; x_wconf 88' lang='lat' dir='ltr'><strong>lamentari</strong></span> <span class='ocrx_word' id='word_1_271' title='bbox 987 2917 1149 2985; x_wconf 83' lang='lat' dir='ltr'><strong>dixit,</strong></span> <span class='ocrx_word' id='word_1_272' title='bbox 1185 2918 1280 2990; x_wconf 90' lang='lat' dir='ltr'><strong>qui</strong></span> <span class='ocrx_word' id='word_1_273' title='bbox 1312 2932 1544 2990; x_wconf 82' lang='lat' dir='ltr'><strong>magnos</strong></span> <span class='ocrx_word' id='word_1_274' title='bbox 1580 2917 1801 2989; x_wconf 87' lang='lat' dir='ltr'><strong>quidem</strong></span> <span class='ocrx_word' id='word_1_275' title='bbox 1841 2919 2005 2989; x_wconf 87' lang='lat' dir='ltr'><strong>spiri-</strong></span> 
     </span>
    </p>
   </div>
   <div class='ocr_carea' id='block_1_44' title="bbox 420 3007 2005 3081">
    <p class='ocr_par' dir='ltr' id='par_1_44' title="bbox 420 3007 2005 3081">
     <span class='ocr_line' id='line_1_44' title="bbox 420 3007 2005 3081; baseline -0.001 -16"><span class='ocrx_word' id='word_1_276' title='bbox 420 3021 514 3067; x_wconf 86' lang='lat' dir='ltr'><strong>tus</strong></span> <span class='ocrx_word' id='word_1_277' title='bbox 549 3010 653 3066; x_wconf 86' lang='lat' dir='ltr'><strong>sibi</strong></span> <span class='ocrx_word' id='word_1_278' title='bbox 694 3017 887 3065; x_wconf 86' lang='lat' dir='ltr'><strong>contra</strong></span> <span class='ocrx_word' id='word_1_279' title='bbox 921 3007 1225 3065; x_wconf 79' lang='lat' dir='ltr'><strong>Iordanem</strong></span> <span class='ocrx_word' id='word_1_280' title='bbox 1248 3017 1629 3081; x_wconf 84' lang='lat' dir='ltr'><strong>sumpserant,</strong></span> <span class='ocrx_word' id='word_1_281' title='bbox 1661 3011 1754 3064; x_wconf 88' lang='lat' dir='ltr'><strong>sed</strong></span> <span class='ocrx_word' id='word_1_282' title='bbox 1784 3024 1881 3080; x_wconf 86' lang='lat' dir='ltr'><strong>spe</strong></span> <span class='ocrx_word' id='word_1_283' title='bbox 1910 3009 2005 3064; x_wconf 83' lang='lat' dir='ltr'><strong>de-</strong></span> 
     </span>
    </p>
   </div>
   <div class='ocr_carea' id='block_1_45' title="bbox 421 3096 2001 3169">
    <p class='ocr_par' dir='ltr' id='par_1_45' title="bbox 421 3096 2001 3169">
     <span class='ocr_line' id='line_1_45' title="bbox 421 3096 2001 3169; baseline -0.002 -15"><span class='ocrx_word' id='word_1_284' title='bbox 421 3099 556 3169; x_wconf 89' lang='lat' dir='ltr'><strong>jecti</strong></span> <span class='ocrx_word' id='word_1_285' title='bbox 581 3099 828 3153; x_wconf 89' lang='lat' dir='ltr'><strong>fuerunt.</strong></span> <span class='ocrx_word' id='word_1_286' title='bbox 852 3098 955 3154; x_wconf 85' lang='lat' dir='ltr'><strong>Per</strong></span> <span class='ocrx_word' id='word_1_287' title='bbox 979 3096 1271 3157; x_wconf 74' lang='lat' dir='ltr'><strong>Iordanem</strong></span> <span class='ocrx_word' id='word_1_288' title='bbox 1300 3113 1430 3153; x_wconf 88' lang='lat' dir='ltr'><strong>vero</strong></span> <span class='ocrx_word' id='word_1_289' title='bbox 1456 3096 1771 3154; x_wconf 67' lang='lat' dir='ltr'><strong>Judaaorum</strong></span> <span class='ocrx_word' id='word_1_290' title='bbox 1802 3110 2001 3161; x_wconf 89' lang='lat' dir='ltr'><strong>terram</strong></span> 
     </span>
    </p>
   </div>
   <div class='ocr_carea' id='block_1_46' title="bbox 320 3187 2007 3262">
    <p class='ocr_par' dir='ltr' id='par_1_46' title="bbox 320 3187 2007 3262">
     <span class='ocr_line' id='line_1_46' title="bbox 320 3187 2007 3262; baseline 0.001 -19"><span class='ocrx_word' id='word_1_291' title='bbox 320 3224 329 3233; x_wconf 72' lang='grc' dir='ltr'><strong>ο</strong></span> <span class='ocrx_word' id='word_1_292' title='bbox 420 3188 733 3260; x_wconf 83' lang='lat' dir='ltr'><strong>designavit</strong></span> <span class='ocrx_word' id='word_1_293' title='bbox 779 3206 792 3243; x_wconf 93' lang='lat'>:</span> <span class='ocrx_word' id='word_1_294' title='bbox 822 3204 950 3244; x_wconf 88' lang='lat' dir='ltr'><strong>nam</strong></span> <span class='ocrx_word' id='word_1_295' title='bbox 990 3204 1087 3262; x_wconf 85' lang='lat' dir='ltr'><strong>per</strong></span> <span class='ocrx_word' id='word_1_296' title='bbox 1117 3204 1241 3245; x_wconf 90' lang='lat' dir='ltr'><strong>eam</strong></span> <span class='ocrx_word' id='word_1_297' title='bbox 1273 3188 1361 3242; x_wconf 92' lang='lat' dir='ltr'><strong>hic</strong></span> <span class='ocrx_word' id='word_1_298' title='bbox 1398 3187 1538 3245; x_wconf 84' lang='lat' dir='ltr'><strong>fluit.</strong></span> <span class='ocrx_word' id='word_1_299' title='bbox 1579 3187 1706 3245; x_wconf 66' lang='lat' dir='ltr'><strong>llaec</strong></span> <span class='ocrx_word' id='word_1_300' title='bbox 1734 3189 1904 3260; x_wconf 89' lang='lat' dir='ltr'><strong>igitur</strong></span> <span class='ocrx_word' id='word_1_301' title='bbox 1938 3189 2007 3245; x_wconf 87' lang='lat' dir='ltr'><strong>de</strong></span> 
     </span>
    </p>
   </div>
   <div class='ocr_carea' id='block_1_47' title="bbox 416 3278 2006 3351">
    <p class='ocr_par' dir='ltr' id='par_1_47' title="bbox 416 3278 2006 3351">
     <span class='ocr_line' id='line_1_47' title="bbox 416 3278 2006 3351; baseline 0.002 -18"><span class='ocrx_word' id='word_1_302' title='bbox 416 3279 610 3335; x_wconf 83' lang='lat' dir='ltr'><strong>futura</strong></span> <span class='ocrx_word' id='word_1_303' title='bbox 642 3278 955 3335; x_wconf 68' lang='lat' dir='ltr'><strong>Judazorum</strong></span> <span class='ocrx_word' id='word_1_304' title='bbox 1011 3289 1136 3351; x_wconf 89' lang='lat' dir='ltr'><strong>post</strong></span> <span class='ocrx_word' id='word_1_305' title='bbox 1187 3279 1424 3335; x_wconf 89' lang='lat' dir='ltr'><strong>reditum</strong></span> <span class='ocrx_word' id='word_1_306' title='bbox 1487 3278 1748 3335; x_wconf 77' lang='lat' dir='ltr'><strong>felicitate</strong></span> <span class='ocrx_word' id='word_1_307' title='bbox 1787 3279 2006 3336; x_wconf 87' lang='lat' dir='ltr'><strong>divinus</strong></span> 
     </span>
    </p>
   </div>
   <div class='ocr_carea' id='block_1_48' title="bbox 422 3370 2004 3443">
    <p class='ocr_par' dir='ltr' id='par_1_48' title="bbox 422 3370 2004 3443">
     <span class='ocr_line' id='line_1_48' title="bbox 422 3370 2004 3443; baseline 0 -16"><span class='ocrx_word' id='word_1_308' title='bbox 422 3370 718 3428; x_wconf 86' lang='lat' dir='ltr'><strong>Zacharias</strong></span> <span class='ocrx_word' id='word_1_309' title='bbox 769 3371 1042 3442; x_wconf 67' lang='lat' dir='ltr'><strong>prazdixit.</strong></span> <span class='ocrx_word' id='word_1_310' title='bbox 1099 3370 1366 3443; x_wconf 87' lang='lat' dir='ltr'><strong>Deinceps</strong></span> <span class='ocrx_word' id='word_1_311' title='bbox 1403 3379 1588 3427; x_wconf 90' lang='lat' dir='ltr'><strong>autem</strong></span> <span class='ocrx_word' id='word_1_312' title='bbox 1641 3372 2004 3437; x_wconf 82' lang='lat' dir='ltr'><strong>calamitates,</strong></span> 
     </span>
    </p>
   </div>
   <div class='ocr_carea' id='block_1_49' title="bbox 420 3460 2009 3535">
    <p class='ocr_par' dir='ltr' id='par_1_49' title="bbox 420 3460 2009 3535">
     <span class='ocr_line' id='line_1_49' title="bbox 420 3460 2009 3535; baseline -0.001 -18"><span class='ocrx_word' id='word_1_313' title='bbox 420 3464 624 3534; x_wconf 84' lang='lat' dir='ltr'><strong>quibus</strong></span> <span class='ocrx_word' id='word_1_314' title='bbox 678 3470 901 3534; x_wconf 85' lang='lat' dir='ltr'><strong>propter</strong></span> <span class='ocrx_word' id='word_1_315' title='bbox 941 3462 1260 3535; x_wconf 86' lang='lat' dir='ltr'><strong>iniquitates</strong></span> <span class='ocrx_word' id='word_1_316' title='bbox 1298 3460 1567 3517; x_wconf 83' lang='lat' dir='ltr'><strong>alliciendi</strong></span> <span class='ocrx_word' id='word_1_317' title='bbox 1600 3469 1780 3527; x_wconf 88' lang='lat' dir='ltr'><strong>erant,</strong></span> <span class='ocrx_word' id='word_1_318' title='bbox 1816 3462 2009 3516; x_wconf 85' lang='lat' dir='ltr'><strong>vatici-</strong></span> 
     </span>
    </p>
   </div>
   <div class='ocr_carea' id='block_1_50' title="bbox 422 3567 608 3609">
    <p class='ocr_par' dir='ltr' id='par_1_50' title="bbox 422 3567 608 3609">
     <span class='ocr_line' id='line_1_50' title="bbox 422 3567 608 3609; baseline -0.005 0"><span class='ocrx_word' id='word_1_319' title='bbox 422 3567 608 3609; x_wconf 86' lang='lat' dir='ltr'><strong>natur.</strong></span> 
     </span>
    </p>
   </div>
   <div class='ocr_carea' id='block_1_51' title="bbox 494 3771 2008 3844">
    <p class='ocr_par' dir='ltr' id='par_1_51' title="bbox 494 3771 2008 3844">
     <span class='ocr_line' id='line_1_51' title="bbox 494 3771 2008 3844; baseline -0.003 -12"><span class='ocrx_word' id='word_1_320' title='bbox 494 3777 660 3833; x_wconf 71' lang='lat' dir='ltr'><strong>Vsus.</strong></span> <span class='ocrx_word' id='word_1_321' title='bbox 685 3777 741 3832; x_wconf 73' lang='lat'><strong>4.</strong></span> <span class='ocrx_word' id='word_1_322' title='bbox 770 3797 790 3830; x_wconf 74' lang='grc' dir='ltr'><strong>ι</strong></span> <span class='ocrx_word' id='word_1_323' title='bbox 823 3775 950 3832; x_wconf 68' lang='lat' dir='ltr'><strong>Haec</strong></span> <span class='ocrx_word' id='word_1_324' title='bbox 979 3775 1114 3830; x_wconf 89' lang='lat' dir='ltr'><strong>dicit</strong></span> <span class='ocrx_word' id='word_1_325' title='bbox 1136 3774 1403 3831; x_wconf 88' lang='lat' dir='ltr'><strong>Dominus</strong></span> <span class='ocrx_word' id='word_1_326' title='bbox 1424 3775 1773 3844; x_wconf 85' lang='lat' dir='ltr'><strong>omnipotens</strong></span> <span class='ocrx_word' id='word_1_327' title='bbox 1800 3792 1812 3826; x_wconf 89' lang='lat'><strong>:</strong></span> <span class='ocrx_word' id='word_1_328' title='bbox 1837 3771 2008 3828; x_wconf 82' lang='lat' dir='ltr'><strong>Pasce</strong></span> 
     </span>
    </p>
   </div>
   <div class='ocr_carea' id='block_1_52' title="bbox 419 3862 2006 3934">
    <p class='ocr_par' dir='ltr' id='par_1_52' title="bbox 419 3862 2006 3934">
     <span class='ocr_line' id='line_1_52' title="bbox 419 3862 2006 3934; baseline -0.006 -9"><span class='ocrx_word' id='word_1_329' title='bbox 419 3886 557 3925; x_wconf 86' lang='lat' dir='ltr'><strong>oves</strong></span> <span class='ocrx_word' id='word_1_330' title='bbox 602 3868 920 3924; x_wconf 72' lang='lat' dir='ltr'><strong>occisionis.</strong></span> <span class='ocrx_word' id='word_1_331' title='bbox 965 3885 985 3919; x_wconf 70' lang='grc' dir='ltr'><strong>ι</strong></span> <span class='ocrx_word' id='word_1_332' title='bbox 1040 3866 1177 3932; x_wconf 81' lang='lat' dir='ltr'><strong>Quis</strong></span> <span class='ocrx_word' id='word_1_333' title='bbox 1212 3874 1391 3920; x_wconf 89' lang='lat' dir='ltr'><strong>autem</strong></span> <span class='ocrx_word' id='word_1_334' title='bbox 1427 3866 1527 3919; x_wconf 88' lang='lat' dir='ltr'><strong>has</strong></span> <span class='ocrx_word' id='word_1_335' title='bbox 1560 3864 1725 3934; x_wconf 87' lang='lat' dir='ltr'><strong>pavit,</strong></span> <span class='ocrx_word' id='word_1_336' title='bbox 1759 3862 1867 3917; x_wconf 90' lang='lat' dir='ltr'><strong>nisi</strong></span> <span class='ocrx_word' id='word_1_337' title='bbox 1898 3862 2006 3916; x_wconf 87' lang='lat' dir='ltr'><strong>Do-</strong></span> 
     </span>
    </p>
   </div>
   <div class='ocr_carea' id='block_1_53' title="bbox 422 3952 2001 4026">
    <p class='ocr_par' dir='ltr' id='par_1_53' title="bbox 422 3952 2001 4026">
     <span class='ocr_line' id='line_1_53' title="bbox 422 3952 2001 4026; baseline -0.003 -13"><span class='ocrx_word' id='word_1_338' title='bbox 422 3960 611 4014; x_wconf 83' lang='lat' dir='ltr'><strong>minus</strong></span> <span class='ocrx_word' id='word_1_339' title='bbox 626 3957 902 4022; x_wconf 82' lang='lat' dir='ltr'><strong>Cbristus,</strong></span> <span class='ocrx_word' id='word_1_340' title='bbox 929 3957 1025 4026; x_wconf 89' lang='lat' dir='ltr'><strong>qui</strong></span> <span class='ocrx_word' id='word_1_341' title='bbox 1056 3958 1113 4010; x_wconf 89' lang='lat' dir='ltr'><strong>in</strong></span> <span class='ocrx_word' id='word_1_342' title='bbox 1136 3955 1316 4011; x_wconf 83' lang='lat' dir='ltr'><strong>sacris</strong></span> <span class='ocrx_word' id='word_1_343' title='bbox 1342 3954 1655 4024; x_wconf 87' lang='lat' dir='ltr'><strong>Evangeliis</strong></span> <span class='ocrx_word' id='word_1_344' title='bbox 1682 3952 1956 4008; x_wconf 80' lang='lat' dir='ltr'><strong>exclamat</strong></span> <span class='ocrx_word' id='word_1_345' title='bbox 1987 3971 2001 4008; x_wconf 91' lang='lat'><strong>:</strong></span> 
     </span>
    </p>
   </div>
   <div class='ocr_carea' id='block_1_54' title="bbox 426 4046 2004 4123">
    <p class='ocr_par' dir='ltr' id='par_1_54' title="bbox 426 4046 2004 4123">
     <span class='ocr_line' id='line_1_54' title="bbox 426 4046 2004 4123; baseline -0.003 -18"><span class='ocrx_word' id='word_1_346' title='bbox 426 4070 449 4105; x_wconf 72' lang='grc' dir='ltr'><strong>ο</strong></span> <span class='ocrx_word' id='word_1_347' title='bbox 488 4049 601 4123; x_wconf 86' lang='lat' dir='ltr'><strong>Ego</strong></span> <span class='ocrx_word' id='word_1_348' title='bbox 633 4065 753 4106; x_wconf 89' lang='lat' dir='ltr'><strong>sum</strong></span> <span class='ocrx_word' id='word_1_349' title='bbox 791 4059 977 4120; x_wconf 88' lang='lat' dir='ltr'><strong>pastor</strong></span> <span class='ocrx_word' id='word_1_350' title='bbox 1032 4048 1250 4103; x_wconf 86' lang='lat' dir='ltr'><strong>bonus:</strong></span> <span class='ocrx_word' id='word_1_351' title='bbox 1301 4047 1481 4102; x_wconf 81' lang='lat' dir='ltr'><strong>bonus</strong></span> <span class='ocrx_word' id='word_1_352' title='bbox 1536 4054 1724 4116; x_wconf 86' lang='lat' dir='ltr'><strong>pastor</strong></span> <span class='ocrx_word' id='word_1_353' title='bbox 1762 4046 2004 4100; x_wconf 89' lang='lat' dir='ltr'><strong>animam</strong></span> 
     </span>
    </p>
   </div>
   <div class='ocr_carea' id='block_1_55' title="bbox 422 4137 2007 4212">
    <p class='ocr_par' dir='ltr' id='par_1_55' title="bbox 422 4137 2007 4212">
     <span class='ocr_line' id='line_1_55' title="bbox 422 4137 2007 4212; baseline -0.004 -14"><span class='ocrx_word' id='word_1_354' title='bbox 422 4157 579 4198; x_wconf 82' lang='lat' dir='ltr'><strong>suam</strong></span> <span class='ocrx_word' id='word_1_355' title='bbox 600 4140 693 4197; x_wconf 84' lang='lat' dir='ltr'><strong>dat</strong></span> <span class='ocrx_word' id='word_1_356' title='bbox 724 4156 824 4212; x_wconf 88' lang='lat' dir='ltr'><strong>pro</strong></span> <span class='ocrx_word' id='word_1_357' title='bbox 847 4139 1082 4195; x_wconf 61' lang='lat' dir='ltr'><strong>ovibusk</strong></span> <span class='ocrx_word' id='word_1_358' title='bbox 1105 4139 1129 4193; x_wconf 84' lang='lat'><strong>?</strong></span> <span class='ocrx_word' id='word_1_359' title='bbox 1165 4158 1184 4192; x_wconf 76' lang='grc' dir='ltr'><strong>ι</strong></span> <span class='ocrx_word' id='word_1_360' title='bbox 1207 4139 1274 4192; x_wconf 83' lang='lat' dir='ltr'><strong>At</strong></span> <span class='ocrx_word' id='word_1_361' title='bbox 1302 4152 1462 4194; x_wconf 90' lang='lat' dir='ltr'><strong>nemo</strong></span> <span class='ocrx_word' id='word_1_362' title='bbox 1481 4153 1629 4202; x_wconf 91' lang='lat' dir='ltr'><strong>eum,</strong></span> <span class='ocrx_word' id='word_1_363' title='bbox 1651 4137 1795 4208; x_wconf 91' lang='lat' dir='ltr'><strong>quod</strong></span> <span class='ocrx_word' id='word_1_364' title='bbox 1816 4145 2007 4208; x_wconf 89' lang='lat' dir='ltr'><strong>pastor</strong></span> 
     </span>
    </p>
   </div>
   <div class='ocr_carea' id='block_1_56' title="bbox 422 4227 2006 4304">
    <p class='ocr_par' dir='ltr' id='par_1_56' title="bbox 422 4227 2006 4304">
     <span class='ocr_line' id='line_1_56' title="bbox 422 4227 2006 4304; baseline -0.003 -15"><span class='ocrx_word' id='word_1_365' title='bbox 422 4233 745 4304; x_wconf 78' lang='lat' dir='ltr'><strong>appelletur,</strong></span> <span class='ocrx_word' id='word_1_366' title='bbox 807 4232 961 4303; x_wconf 78' lang='lat' dir='ltr'><strong>parvi</strong></span> <span class='ocrx_word' id='word_1_367' title='bbox 1016 4230 1195 4287; x_wconf 80' lang='lat' dir='ltr'><strong>facere</strong></span> <span class='ocrx_word' id='word_1_368' title='bbox 1254 4228 1475 4284; x_wconf 79' lang='lat' dir='ltr'><strong>audeat.</strong></span> <span class='ocrx_word' id='word_1_369' title='bbox 1526 4227 1575 4284; x_wconf 90' lang='lat' dir='ltr'><strong>Is</strong></span> <span class='ocrx_word' id='word_1_370' title='bbox 1622 4229 1769 4284; x_wconf 87' lang='lat' dir='ltr'><strong>enim</strong></span> <span class='ocrx_word' id='word_1_371' title='bbox 1811 4229 2006 4285; x_wconf 90' lang='lat' dir='ltr'><strong>salutis</strong></span> 
     </span>
    </p>
   </div>
   <div class='ocr_carea' id='block_1_57' title="bbox 421 4318 2004 4391">
    <p class='ocr_par' dir='ltr' id='par_1_57' title="bbox 421 4318 2004 4391">
     <span class='ocr_line' id='line_1_57' title="bbox 421 4318 2004 4391; baseline -0.004 -10"><span class='ocrx_word' id='word_1_372' title='bbox 421 4333 628 4383; x_wconf 66' lang='lat' dir='ltr'><strong>nostrae</strong></span> <span class='ocrx_word' id='word_1_373' title='bbox 669 4339 837 4381; x_wconf 80' lang='lat' dir='ltr'><strong>causa</strong></span> <span class='ocrx_word' id='word_1_374' title='bbox 886 4338 997 4379; x_wconf 90' lang='lat' dir='ltr'><strong>non</strong></span> <span class='ocrx_word' id='word_1_375' title='bbox 1048 4321 1210 4377; x_wconf 91' lang='lat' dir='ltr'><strong>modo</strong></span> <span class='ocrx_word' id='word_1_376' title='bbox 1258 4328 1461 4390; x_wconf 76' lang='lat' dir='ltr'><strong>pastor,</strong></span> <span class='ocrx_word' id='word_1_377' title='bbox 1503 4318 1597 4375; x_wconf 86' lang='lat' dir='ltr'><strong>sed</strong></span> <span class='ocrx_word' id='word_1_378' title='bbox 1622 4321 1802 4389; x_wconf 44' lang='lat' dir='ltr'><strong>,etiam</strong></span> <span class='ocrx_word' id='word_1_379' title='bbox 1837 4335 2004 4391; x_wconf 80' lang='lat' dir='ltr'><strong>agnus</strong></span> 
     </span>
    </p>
   </div>
   <div class='ocr_carea' id='block_1_58' title="bbox 419 4409 2005 4480">
    <p class='ocr_par' dir='ltr' id='par_1_58' title="bbox 419 4409 2005 4480">
     <span class='ocr_line' id='line_1_58' title="bbox 419 4409 2005 4480; baseline -0.007 -6"><span class='ocrx_word' id='word_1_380' title='bbox 419 4418 737 4474; x_wconf 85' lang='lat' dir='ltr'><strong>nominatus</strong></span> <span class='ocrx_word' id='word_1_381' title='bbox 783 4422 888 4478; x_wconf 89' lang='lat' dir='ltr'><strong>est,</strong></span> <span class='ocrx_word' id='word_1_382' title='bbox 939 4422 993 4470; x_wconf 93' lang='lat' dir='ltr'><strong>et</strong></span> <span class='ocrx_word' id='word_1_383' title='bbox 1058 4414 1188 4470; x_wconf 76' lang='lat' dir='ltr'><strong>ovis.</strong></span> <span class='ocrx_word' id='word_1_384' title='bbox 1256 4411 1321 4466; x_wconf 86' lang='lat' dir='ltr'><strong>Et</strong></span> <span class='ocrx_word' id='word_1_385' title='bbox 1387 4409 1523 4480; x_wconf 90' lang='lat' dir='ltr'><strong>quid</strong></span> <span class='ocrx_word' id='word_1_386' title='bbox 1579 4409 1706 4465; x_wconf 88' lang='lat' dir='ltr'><strong>dico</strong></span> <span class='ocrx_word' id='word_1_387' title='bbox 1760 4424 1918 4464; x_wconf 85' lang='lat' dir='ltr'><strong>ovem</strong></span> <span class='ocrx_word' id='word_1_388' title='bbox 1950 4417 2005 4464; x_wconf 88' lang='lat' dir='ltr'><strong>et</strong></span> 
     </span>
    </p>
   </div>
   <div class='ocr_carea' id='block_1_59' title="bbox 2038 1816 3227 1913">
    <p class='ocr_par' dir='ltr' id='par_1_59' title="bbox 2038 1816 3227 1913">
     <span class='ocr_line' id='line_1_59' title="bbox 2038 1816 3227 1913; baseline 0 -18"><span class='ocrx_word' id='word_1_389' title='bbox 2038 1816 2081 1872; x_wconf 76' lang='grc' dir='ltr'><strong>Β</strong></span> <span class='ocrx_word' id='word_1_390' title='bbox 2112 1862 2133 1896; x_wconf 75' lang='grc' dir='ltr'><strong>ι</strong></span> <span class='ocrx_word' id='word_1_391' title='bbox 2183 1816 2517 1913; x_wconf 73' lang='grc' dir='ltr'>’ὀλολυξάτω</span> <span class='ocrx_word' id='word_1_392' title='bbox 2599 1842 2738 1913; x_wconf 76' lang='grc' dir='ltr'>γὰρ,</span> <span class='ocrx_word' id='word_1_393' title='bbox 2790 1841 2961 1912; x_wconf 72' lang='grc' dir='ltr'>φησὶ,</span> <span class='ocrx_word' id='word_1_394' title='bbox 3026 1816 3227 1906; x_wconf 79' lang='grc' dir='ltr'>πίτυς,</span> 
     </span>
    </p>
   </div>
   <div class='ocr_carea' id='block_1_60' title="bbox 3286 1841 3689 1897">
    <p class='ocr_par' dir='ltr' id='par_1_60' title="bbox 3286 1841 3689 1897">
     <span class='ocr_line' id='line_1_60' title="bbox 3286 1841 3689 1897; baseline -0.005 0"><span class='ocrx_word' id='word_1_395' title='bbox 3286 1841 3369 1897; x_wconf 81' lang='grc' dir='ltr'><strong>ὅτι</strong></span> <span class='ocrx_word' id='word_1_396' title='bbox 3426 1842 3689 1897; x_wconf 76' lang='grc' dir='ltr'>πέπτωκε</span> 
     </span>
    </p>
   </div>
   <div class='ocr_carea' id='block_1_61' title="bbox 2106 1931 3689 2007">
    <p class='ocr_par' dir='ltr' id='par_1_61' title="bbox 2106 1931 3689 2007">
     <span class='ocr_line' id='line_1_61' title="bbox 2106 1931 3689 2007; baseline -0.003 -16"><span class='ocrx_word' id='word_1_397' title='bbox 2106 1936 2318 2007; x_wconf 76' lang='grc' dir='ltr'>κέδρος.</span> <span class='ocrx_word' id='word_1_398' title='bbox 2379 1954 2400 1989; x_wconf 68' lang='grc' dir='ltr'><strong>ι</strong></span> <span class='ocrx_word' id='word_1_399' title='bbox 2458 1934 2573 1990; x_wconf 78' lang='grc' dir='ltr'><strong>Καὶ</strong></span> <span class='ocrx_word' id='word_1_400' title='bbox 2638 1931 2954 2005; x_wconf 78' lang='grc' dir='ltr'>ἑρμηνεύων</span> <span class='ocrx_word' id='word_1_401' title='bbox 3008 1932 3045 1988; x_wconf 72' lang='grc' dir='ltr'><strong>ἃ.</strong></span> <span class='ocrx_word' id='word_1_402' title='bbox 3092 1932 3370 2005; x_wconf 83' lang='grc' dir='ltr'>τροπικῶς</span> <span class='ocrx_word' id='word_1_403' title='bbox 3430 1934 3689 2005; x_wconf 75' lang='grc' dir='ltr'>εἴρηκεν,</span> 
     </span>
    </p>
   </div>
   <div class='ocr_carea' id='block_1_62' title="bbox 2108 2030 3241 2101">
    <p class='ocr_par' dir='ltr' id='par_1_62' title="bbox 2108 2030 3241 2101">
     <span class='ocr_line' id='line_1_62' title="bbox 2108 2030 3241 2101; baseline 0.004 -18"><span class='ocrx_word' id='word_1_404' title='bbox 2108 2030 2389 2101; x_wconf 73' lang='grc' dir='ltr'>ἐπήγαγεν</span> <span class='ocrx_word' id='word_1_405' title='bbox 2413 2043 2426 2059; x_wconf 88' lang='grc'><strong>·</strong></span> <span class='ocrx_word' id='word_1_406' title='bbox 3230 2080 3241 2087; x_wconf 97' lang='grc'>.</span> 
     </span>
    </p>
   </div>
   <div class='ocr_carea' id='block_1_63' title="bbox 2183 2112 3687 2187">
    <p class='ocr_par' dir='ltr' id='par_1_63' title="bbox 2183 2112 3687 2187">
     <span class='ocr_line' id='line_1_63' title="bbox 2183 2112 3687 2187; baseline -0.002 -17"><span class='ocrx_word' id='word_1_407' title='bbox 2183 2134 2203 2170; x_wconf 75' lang='grc' dir='ltr'><strong>ι</strong></span> <span class='ocrx_word' id='word_1_408' title='bbox 2251 2117 2376 2171; x_wconf 87' lang='grc' dir='ltr'>Ὅτι</span> <span class='ocrx_word' id='word_1_409' title='bbox 2442 2117 2765 2187; x_wconf 78' lang='grc' dir='ltr'>μεγιστᾶνες</span> <span class='ocrx_word' id='word_1_410' title='bbox 2802 2116 2845 2147; x_wconf 74' lang='grc'><strong>⁸³</strong></span> <span class='ocrx_word' id='word_1_411' title='bbox 2890 2114 3141 2185; x_wconf 79' lang='grc' dir='ltr'>μεγάλως</span> <span class='ocrx_word' id='word_1_412' title='bbox 3191 2112 3687 2187; x_wconf 60' lang='grc' dir='ltr'>ἐταλαιπώρησαν</span> 
     </span>
    </p>
   </div>
   <div class='ocr_carea' id='block_1_64' title="bbox 2106 2207 3689 2281">
    <p class='ocr_par' dir='ltr' id='par_1_64' title="bbox 2106 2207 3689 2281">
     <span class='ocr_line' id='line_1_64' title="bbox 2106 2207 3689 2281; baseline -0.001 -19"><span class='ocrx_word' id='word_1_413' title='bbox 2106 2207 2413 2275; x_wconf 79' lang='grc' dir='ltr'>ὀλολύξατε,</span> <span class='ocrx_word' id='word_1_414' title='bbox 2460 2208 2621 2281; x_wconf 86' lang='grc' dir='ltr'>δρύες</span> <span class='ocrx_word' id='word_1_415' title='bbox 2672 2209 2771 2280; x_wconf 76' lang='grc' dir='ltr'>τῆς</span> <span class='ocrx_word' id='word_1_416' title='bbox 2811 2207 3180 2271; x_wconf 81' lang='grc' dir='ltr'>Βασανίτιδος,</span> <span class='ocrx_word' id='word_1_417' title='bbox 3224 2208 3305 2260; x_wconf 75' lang='grc' dir='ltr'>ὅτι</span> <span class='ocrx_word' id='word_1_418' title='bbox 3338 2207 3689 2279; x_wconf 72' lang='grc' dir='ltr'>κατεσπάσθη</span> 
     </span>
    </p>
   </div>
   <div class='ocr_carea' id='block_1_65' title="bbox 2105 2300 3692 2373">
    <p class='ocr_par' dir='ltr' id='par_1_65' title="bbox 2105 2300 3692 2373">
     <span class='ocr_line' id='line_1_65' title="bbox 2105 2300 3692 2373; baseline 0 -18"><span class='ocrx_word' id='word_1_419' title='bbox 2105 2302 2135 2355; x_wconf 98' lang='lat'><strong>6</strong></span> <span class='ocrx_word' id='word_1_420' title='bbox 2158 2301 2367 2373; x_wconf 85' lang='grc' dir='ltr'>δρυμὸς</span> <span class='ocrx_word' id='word_1_421' title='bbox 2397 2304 2427 2356; x_wconf 86' lang='grc' dir='ltr'><strong>ὀ</strong></span> <span class='ocrx_word' id='word_1_422' title='bbox 2467 2302 2768 2372; x_wconf 83' lang='grc' dir='ltr'>σύμφυτος.</span> <span class='ocrx_word' id='word_1_423' title='bbox 2802 2300 2916 2373; x_wconf 87' lang='grc' dir='ltr'><strong>(γ’.)</strong></span> <span class='ocrx_word' id='word_1_424' title='bbox 2947 2300 3105 2371; x_wconf 78' lang='grc' dir='ltr'>Φωνὴ</span> <span class='ocrx_word' id='word_1_425' title='bbox 3134 2300 3474 2372; x_wconf 83' lang='grc' dir='ltr'>θρηνούντων</span> <span class='ocrx_word' id='word_1_426' title='bbox 3505 2301 3692 2371; x_wconf 81' lang='grc' dir='ltr'>ποιμέ-</span> 
     </span>
    </p>
   </div>
   <div class='ocr_carea' id='block_1_66' title="bbox 2106 2392 3687 2465">
    <p class='ocr_par' dir='ltr' id='par_1_66' title="bbox 2106 2392 3687 2465">
     <span class='ocr_line' id='line_1_66' title="bbox 2106 2392 3687 2465; baseline -0.001 -18"><span class='ocrx_word' id='word_1_427' title='bbox 2106 2409 2237 2457; x_wconf 87' lang='grc' dir='ltr'>νων,</span> <span class='ocrx_word' id='word_1_428' title='bbox 2290 2393 2376 2446; x_wconf 82' lang='grc' dir='ltr'><strong>ὅτι</strong></span> <span class='ocrx_word' id='word_1_429' title='bbox 2428 2392 2919 2464; x_wconf 85' lang='grc' dir='ltr'>τεταλαιπώρηκεν</span> <span class='ocrx_word' id='word_1_430' title='bbox 2957 2394 2995 2464; x_wconf 76' lang='grc' dir='ltr'><strong>ἡ</strong></span> <span class='ocrx_word' id='word_1_431' title='bbox 3040 2392 3402 2465; x_wconf 80' lang='grc' dir='ltr'>μεγαλωσύνη</span> <span class='ocrx_word' id='word_1_432' title='bbox 3476 2394 3687 2447; x_wconf 65' lang='grc' dir='ltr'>αὐτῶνθ</span> 
     </span>
    </p>
   </div>
   <div class='ocr_carea' id='block_1_67' title="bbox 2107 2483 3692 2557">
    <p class='ocr_par' dir='ltr' id='par_1_67' title="bbox 2107 2483 3692 2557">
     <span class='ocr_line' id='line_1_67' title="bbox 2107 2483 3692 2557; baseline 0.001 -19"><span class='ocrx_word' id='word_1_433' title='bbox 2107 2483 2259 2556; x_wconf 84' lang='grc' dir='ltr'>φωνὴ</span> <span class='ocrx_word' id='word_1_434' title='bbox 2313 2485 2645 2556; x_wconf 76' lang='grc' dir='ltr'>ὠρυομένων</span> <span class='ocrx_word' id='word_1_435' title='bbox 2699 2485 2953 2548; x_wconf 81' lang='grc' dir='ltr'>λεόντων,</span> <span class='ocrx_word' id='word_1_436' title='bbox 2996 2485 3080 2538; x_wconf 73' lang='grc' dir='ltr'><strong>ὅτι</strong></span> <span class='ocrx_word' id='word_1_437' title='bbox 3130 2484 3589 2557; x_wconf 65' lang='grc' dir='ltr'>τεταλαιπιὶῳηκε</span> <span class='ocrx_word' id='word_1_438' title='bbox 3633 2486 3692 2539; x_wconf 71' lang='grc' dir='ltr'>τὸ</span> 
     </span>
    </p>
   </div>
   <div class='ocr_carea' id='block_1_68' title="bbox 2106 2575 3694 2650">
    <p class='ocr_par' dir='ltr' id='par_1_68' title="bbox 2106 2575 3694 2650">
     <span class='ocr_line' id='line_1_68' title="bbox 2106 2575 3694 2650; baseline 0.001 -20"><span class='ocrx_word' id='word_1_439' title='bbox 2106 2575 2376 2649; x_wconf 75' lang='grc' dir='ltr'>φρύαγμα</span> <span class='ocrx_word' id='word_1_440' title='bbox 2397 2579 2447 2610; x_wconf 74' lang='grc'><strong>⁸³</strong></span> <span class='ocrx_word' id='word_1_441' title='bbox 2467 2577 2561 2632; x_wconf 83' lang='grc' dir='ltr'><strong>τοῦ</strong></span> <span class='ocrx_word' id='word_1_442' title='bbox 2610 2578 2900 2650; x_wconf 77' lang='grc' dir='ltr'>Ἰορδάνου.</span> <span class='ocrx_word' id='word_1_443' title='bbox 2937 2598 2954 2631; x_wconf 82' lang='grc' dir='ltr'><strong>ι</strong></span> <span class='ocrx_word' id='word_1_444' title='bbox 2994 2578 3285 2649; x_wconf 83' lang='grc' dir='ltr'>Τροπικῶς</span> <span class='ocrx_word' id='word_1_445' title='bbox 3333 2578 3439 2649; x_wconf 76' lang='grc' dir='ltr'><strong>μὲν</strong></span> <span class='ocrx_word' id='word_1_446' title='bbox 3466 2580 3609 2634; x_wconf 70' lang='grc' dir='ltr'>κατὰ</span> <span class='ocrx_word' id='word_1_447' title='bbox 3633 2578 3694 2631; x_wconf 77' lang='grc' dir='ltr'>τὸ</span> 
     </span>
    </p>
   </div>
   <div class='ocr_carea' id='block_1_69' title="bbox 2105 2672 3692 2744">
    <p class='ocr_par' dir='ltr' id='par_1_69' title="bbox 2105 2672 3692 2744">
     <span class='ocr_line' id='line_1_69' title="bbox 2105 2672 3692 2744; baseline 0 -19"><span class='ocrx_word' id='word_1_448' title='bbox 2105 2673 2309 2726; x_wconf 76' lang='grc' dir='ltr'>οἰκεῖον</span> <span class='ocrx_word' id='word_1_449' title='bbox 2360 2672 2557 2742; x_wconf 73' lang='grc' dir='ltr'>ἰδίωμα</span> <span class='ocrx_word' id='word_1_450' title='bbox 2606 2672 2831 2744; x_wconf 82' lang='grc' dir='ltr'>εἴρηκεν</span> <span class='ocrx_word' id='word_1_451' title='bbox 2876 2672 3116 2729; x_wconf 73' lang='grc' dir='ltr'>ἅπαντα.</span> <span class='ocrx_word' id='word_1_452' title='bbox 3148 2672 3414 2739; x_wconf 70' lang='grc' dir='ltr'>Λέοντας</span> <span class='ocrx_word' id='word_1_453' title='bbox 3454 2672 3515 2731; x_wconf 63' lang='grc' dir='ltr'><strong>δέ</strong></span> <span class='ocrx_word' id='word_1_454' title='bbox 3545 2674 3692 2742; x_wconf 77' lang='grc' dir='ltr'>ὅμως</span> 
     </span>
    </p>
   </div>
   <div class='ocr_carea' id='block_1_70' title="bbox 2104 2763 3691 2835">
    <p class='ocr_par' dir='ltr' id='par_1_70' title="bbox 2104 2763 3691 2835">
     <span class='ocr_line' id='line_1_70' title="bbox 2104 2763 3691 2835; baseline 0.001 -18"><span class='ocrx_word' id='word_1_455' title='bbox 2104 2765 2201 2818; x_wconf 75' lang='grc' dir='ltr'>καὶ</span> <span class='ocrx_word' id='word_1_456' title='bbox 2219 2763 2527 2831; x_wconf 81' lang='grc' dir='ltr'>ποιμένας,</span> <span class='ocrx_word' id='word_1_457' title='bbox 2565 2765 2694 2828; x_wconf 81' lang='grc' dir='ltr'>τοὺς</span> <span class='ocrx_word' id='word_1_458' title='bbox 2720 2763 2975 2835; x_wconf 83' lang='grc' dir='ltr'>βασιλέας</span> <span class='ocrx_word' id='word_1_459' title='bbox 3003 2764 3097 2817; x_wconf 78' lang='grc' dir='ltr'>καὶ</span> <span class='ocrx_word' id='word_1_460' title='bbox 3125 2765 3251 2827; x_wconf 84' lang='grc' dir='ltr'>τοὺς</span> <span class='ocrx_word' id='word_1_461' title='bbox 3274 2765 3541 2835; x_wconf 73' lang='grc' dir='ltr'>ἄρχοντας</span> <span class='ocrx_word' id='word_1_462' title='bbox 3570 2765 3691 2818; x_wconf 73' lang='grc' dir='ltr'>δνο-</span> 
     </span>
    </p>
   </div>
   <div class='ocr_carea' id='block_1_71' title="bbox 2109 2854 3690 2929">
    <p class='ocr_par' dir='ltr' id='par_1_71' title="bbox 2109 2854 3690 2929">
     <span class='ocr_line' id='line_1_71' title="bbox 2109 2854 3690 2929; baseline -0.002 -16"><span class='ocrx_word' id='word_1_463' title='bbox 2109 2857 2271 2929; x_wconf 74' lang='grc' dir='ltr'>μάξει</span> <span class='ocrx_word' id='word_1_464' title='bbox 2292 2871 2306 2884; x_wconf 81' lang='grc'>⁶</span> <span class='ocrx_word' id='word_1_465' title='bbox 2335 2855 2565 2926; x_wconf 64' lang='grc' dir='ltr'>δρυμὸν</span> <span class='ocrx_word' id='word_1_466' title='bbox 2610 2856 2668 2910; x_wconf 79' lang='grc' dir='ltr'>δὲ</span> <span class='ocrx_word' id='word_1_467' title='bbox 2716 2857 3063 2926; x_wconf 68' lang='grc' dir='ltr'>σύμφυτον,</span> <span class='ocrx_word' id='word_1_468' title='bbox 3118 2855 3217 2926; x_wconf 72' lang='grc' dir='ltr'><strong>τὴν</strong></span> <span class='ocrx_word' id='word_1_469' title='bbox 3245 2854 3497 2925; x_wconf 74' lang='grc' dir='ltr'>ἄκαρπον</span> <span class='ocrx_word' id='word_1_470' title='bbox 3531 2856 3690 2910; x_wconf 86' lang='grc' dir='ltr'>δυνα-</span> 
     </span>
    </p>
   </div>
   <div class='ocr_carea' id='block_1_72' title="bbox 2107 2946 3692 3020">
    <p class='ocr_par' dir='ltr' id='par_1_72' title="bbox 2107 2946 3692 3020">
     <span class='ocr_line' id='line_1_72' title="bbox 2107 2946 3692 3020; baseline -0.001 -17"><span class='ocrx_word' id='word_1_471' title='bbox 2107 2949 2310 3003; x_wconf 90' lang='grc' dir='ltr'>στείαν.</span> <span class='ocrx_word' id='word_1_472' title='bbox 2338 2947 2572 3013; x_wconf 88' lang='grc' dir='ltr'>Τούτους</span> <span class='ocrx_word' id='word_1_473' title='bbox 2606 2948 2665 3001; x_wconf 79' lang='grc' dir='ltr'>δὲ</span> <span class='ocrx_word' id='word_1_474' title='bbox 2717 2947 2967 3012; x_wconf 66' lang='grc' dir='ltr'>ἅπαντας</span> <span class='ocrx_word' id='word_1_475' title='bbox 3008 2946 3294 3019; x_wconf 84' lang='grc' dir='ltr'>ὀδύρεσθαι</span> <span class='ocrx_word' id='word_1_476' title='bbox 3329 2949 3425 3003; x_wconf 79' lang='grc' dir='ltr'>καὶ</span> <span class='ocrx_word' id='word_1_477' title='bbox 3473 2948 3692 3020; x_wconf 77' lang='grc' dir='ltr'>θρηνεῖν</span> 
     </span>
    </p>
   </div>
   <div class='ocr_carea' id='block_1_73' title="bbox 2106 3038 3688 3113">
    <p class='ocr_par' dir='ltr' id='par_1_73' title="bbox 2106 3038 3688 3113">
     <span class='ocr_line' id='line_1_73' title="bbox 2106 3038 3688 3113; baseline -0.001 -18"><span class='ocrx_word' id='word_1_478' title='bbox 2106 3040 2235 3112; x_wconf 70' lang='grc' dir='ltr'>ἔφη,</span> <span class='ocrx_word' id='word_1_479' title='bbox 2271 3042 2417 3111; x_wconf 82' lang='grc' dir='ltr'>μέγα</span> <span class='ocrx_word' id='word_1_480' title='bbox 2466 3041 2565 3111; x_wconf 85' lang='grc' dir='ltr'>μὲν</span> <span class='ocrx_word' id='word_1_481' title='bbox 2621 3041 2764 3095; x_wconf 80' lang='grc' dir='ltr'>κατὰ</span> <span class='ocrx_word' id='word_1_482' title='bbox 2814 3038 2912 3095; x_wconf 91' lang='grc' dir='ltr'><strong>τοῦ</strong></span> <span class='ocrx_word' id='word_1_483' title='bbox 2976 3042 3249 3112; x_wconf 81' lang='grc' dir='ltr'>Ἰορδάνου</span> <span class='ocrx_word' id='word_1_484' title='bbox 3290 3042 3688 3113; x_wconf 77' lang='grc' dir='ltr'>φρονήσαντας,</span> 
     </span>
    </p>
   </div>
   <div class='ocr_carea' id='block_1_74' title="bbox 2033 3132 3691 3215">
    <p class='ocr_par' dir='ltr' id='par_1_74' title="bbox 2033 3132 3691 3215">
     <span class='ocr_line' id='line_1_74' title="bbox 2033 3132 3691 3215; baseline -0.002 -27"><span class='ocrx_word' id='word_1_485' title='bbox 2033 3153 2078 3215; x_wconf 79' lang='lat' dir='ltr'>c</span> <span class='ocrx_word' id='word_1_486' title='bbox 2107 3135 2211 3205; x_wconf 78' lang='grc' dir='ltr'>τῆς</span> <span class='ocrx_word' id='word_1_487' title='bbox 2231 3134 2288 3187; x_wconf 84' lang='grc' dir='ltr'>δὲ</span> <span class='ocrx_word' id='word_1_488' title='bbox 2323 3134 2537 3197; x_wconf 85' lang='grc' dir='ltr'>ἐλπίδος</span> <span class='ocrx_word' id='word_1_489' title='bbox 2566 3134 3038 3204; x_wconf 76' lang='grc' dir='ltr'>ψευσθέντας.Διά</span> <span class='ocrx_word' id='word_1_490' title='bbox 3051 3152 3112 3188; x_wconf 86' lang='grc' dir='ltr'><strong>τε</strong></span> <span class='ocrx_word' id='word_1_491' title='bbox 3139 3132 3233 3187; x_wconf 88' lang='grc' dir='ltr'><strong>τοῦ</strong></span> <span class='ocrx_word' id='word_1_492' title='bbox 3273 3133 3574 3202; x_wconf 77' lang='grc' dir='ltr'>Ἰορδάνου</span> <span class='ocrx_word' id='word_1_493' title='bbox 3594 3135 3691 3204; x_wconf 72' lang='grc' dir='ltr'><strong>τὴν</strong></span> 
     </span>
    </p>
   </div>
   <div class='ocr_carea' id='block_1_75' title="bbox 2121 3220 3691 3298">
    <p class='ocr_par' dir='ltr' id='par_1_75' title="bbox 2121 3220 3691 3298">
     <span class='ocr_line' id='line_1_75' title="bbox 2121 3220 3691 3298; baseline -0.002 -18"><span class='ocrx_word' id='word_1_494' title='bbox 2121 3226 2394 3281; x_wconf 75' lang='grc' dir='ltr'>Ἰουδαίων</span> <span class='ocrx_word' id='word_1_495' title='bbox 2448 3226 2668 3296; x_wconf 66' lang='grc' dir='ltr'><strong>⁴ᾐνίξατο</strong></span> <span class='ocrx_word' id='word_1_496' title='bbox 2704 3228 2842 3298; x_wconf 81' lang='grc' dir='ltr'>γῆν·</span> <span class='ocrx_word' id='word_1_497' title='bbox 2887 3226 2955 3281; x_wconf 81' lang='grc' dir='ltr'>δι’</span> <span class='ocrx_word' id='word_1_498' title='bbox 3014 3220 3184 3296; x_wconf 70' lang='grc' dir='ltr'>αὐτῆς</span> <span class='ocrx_word' id='word_1_499' title='bbox 3248 3226 3358 3294; x_wconf 74' lang='grc' dir='ltr'><strong>γάρ</strong></span> <span class='ocrx_word' id='word_1_500' title='bbox 3415 3220 3573 3290; x_wconf 70' lang='grc' dir='ltr'>οὗτος</span> <span class='ocrx_word' id='word_1_501' title='bbox 3597 3226 3691 3295; x_wconf 71' lang='grc' dir='ltr'><strong>τὴν</strong></span> 
     </span>
    </p>
   </div>
   <div class='ocr_carea' id='block_1_76' title="bbox 2111 3314 3691 3391">
    <p class='ocr_par' dir='ltr' id='par_1_76' title="bbox 2111 3314 3691 3391">
     <span class='ocr_line' id='line_1_76' title="bbox 2111 3314 3691 3391; baseline -0.002 -17"><span class='ocrx_word' id='word_1_502' title='bbox 2111 3318 2338 3389; x_wconf 77' lang='grc' dir='ltr'>πορείαν</span> <span class='ocrx_word' id='word_1_503' title='bbox 2370 3321 2605 3372; x_wconf 85' lang='grc' dir='ltr'>ποιεῖται</span> <span class='ocrx_word' id='word_1_504' title='bbox 2632 3336 2645 3350; x_wconf 89' lang='grc'><strong>·</strong></span> <span class='ocrx_word' id='word_1_505' title='bbox 2672 3319 2848 3373; x_wconf 86' lang='grc' dir='ltr'>ταῦτα</span> <span class='ocrx_word' id='word_1_506' title='bbox 2870 3318 2971 3390; x_wconf 82' lang='grc' dir='ltr'><strong>μὲν</strong></span> <span class='ocrx_word' id='word_1_507' title='bbox 3007 3314 3100 3372; x_wconf 82' lang='grc' dir='ltr'><strong>οὖν</strong></span> <span class='ocrx_word' id='word_1_508' title='bbox 3131 3318 3262 3391; x_wconf 84' lang='grc' dir='ltr'>περὶ</span> <span class='ocrx_word' id='word_1_509' title='bbox 3293 3319 3397 3387; x_wconf 75' lang='grc' dir='ltr'><strong>τῆς</strong></span> <span class='ocrx_word' id='word_1_510' title='bbox 3428 3319 3691 3389; x_wconf 74' lang='grc' dir='ltr'>ἐσομένης</span> 
     </span>
    </p>
   </div>
   <div class='ocr_carea' id='block_1_77' title="bbox 2120 3408 3693 3480">
    <p class='ocr_par' dir='ltr' id='par_1_77' title="bbox 2120 3408 3693 3480">
     <span class='ocr_line' id='line_1_77' title="bbox 2120 3408 3693 3480; baseline -0.001 -16"><span class='ocrx_word' id='word_1_511' title='bbox 2120 3410 2395 3474; x_wconf 80' lang='grc' dir='ltr'>Ἰουδαίοις</span> <span class='ocrx_word' id='word_1_512' title='bbox 2462 3408 2602 3480; x_wconf 80' lang='grc' dir='ltr'>μετὰ</span> <span class='ocrx_word' id='word_1_513' title='bbox 2656 3410 2758 3479; x_wconf 80' lang='grc' dir='ltr'><strong>τὴν</strong></span> <span class='ocrx_word' id='word_1_514' title='bbox 2826 3411 3086 3466; x_wconf 81' lang='grc' dir='ltr'>ἐπάνοδον</span> <span class='ocrx_word' id='word_1_515' title='bbox 3143 3410 3447 3480; x_wconf 81' lang='grc' dir='ltr'>εὐπραξίας</span> <span class='ocrx_word' id='word_1_516' title='bbox 3485 3413 3515 3463; x_wconf 91' lang='lat'><strong>6</strong></span> <span class='ocrx_word' id='word_1_517' title='bbox 3556 3411 3693 3472; x_wconf 78' lang='grc' dir='ltr'>θεῖος</span> 
     </span>
    </p>
   </div>
   <div class='ocr_carea' id='block_1_78' title="bbox 2108 3499 3692 3572">
    <p class='ocr_par' dir='ltr' id='par_1_78' title="bbox 2108 3499 3692 3572">
     <span class='ocr_line' id='line_1_78' title="bbox 2108 3499 3692 3572; baseline 0 -18"><span class='ocrx_word' id='word_1_518' title='bbox 2108 3501 2488 3572; x_wconf 82' lang='grc' dir='ltr'>προηγόρευσε</span> <span class='ocrx_word' id='word_1_519' title='bbox 2539 3500 2837 3570; x_wconf 83' lang='grc' dir='ltr'>Ζαχαρίας.</span> <span class='ocrx_word' id='word_1_520' title='bbox 2919 3500 3197 3554; x_wconf 84' lang='grc' dir='ltr'>Ἐντεῦθεν</span> <span class='ocrx_word' id='word_1_521' title='bbox 3266 3499 3325 3552; x_wconf 78' lang='grc' dir='ltr'>δὲ</span> <span class='ocrx_word' id='word_1_522' title='bbox 3370 3499 3563 3553; x_wconf 74' lang='grc' dir='ltr'>λοιπὸν</span> <span class='ocrx_word' id='word_1_523' title='bbox 3625 3502 3692 3554; x_wconf 66' lang='grc' dir='ltr'><strong>τά</strong></span> 
     </span>
    </p>
   </div>
   <div class='ocr_carea' id='block_1_79' title="bbox 2110 3591 3691 3663">
    <p class='ocr_par' dir='ltr' id='par_1_79' title="bbox 2110 3591 3691 3663">
     <span class='ocr_line' id='line_1_79' title="bbox 2110 3591 3691 3663; baseline -0.003 -16"><span class='ocrx_word' id='word_1_524' title='bbox 2110 3592 2537 3663; x_wconf 78' lang='grc' dir='ltr'>καταληψόμενα</span> <span class='ocrx_word' id='word_1_525' title='bbox 2592 3592 2788 3656; x_wconf 83' lang='grc' dir='ltr'>αὐτοὺς</span> <span class='ocrx_word' id='word_1_526' title='bbox 2833 3591 2924 3647; x_wconf 73' lang='grc' dir='ltr'>διὰ</span> <span class='ocrx_word' id='word_1_527' title='bbox 2972 3591 3071 3663; x_wconf 81' lang='grc' dir='ltr'>τὴν</span> <span class='ocrx_word' id='word_1_528' title='bbox 3100 3591 3305 3647; x_wconf 78' lang='grc' dir='ltr'>οἰκείαν</span> <span class='ocrx_word' id='word_1_529' title='bbox 3346 3591 3691 3663; x_wconf 78' lang='grc' dir='ltr'>παρανομίαν</span> 
     </span>
    </p>
   </div>
   <div class='ocr_carea' id='block_1_80' title="bbox 2109 3682 2670 3757">
    <p class='ocr_par' dir='ltr' id='par_1_80' title="bbox 2109 3682 2670 3757">
     <span class='ocr_line' id='line_1_80' title="bbox 2109 3682 2670 3757; baseline 0.004 -21"><span class='ocrx_word' id='word_1_530' title='bbox 2109 3682 2467 3757; x_wconf 74' lang='grc' dir='ltr'>προθεσπίζει</span> <span class='ocrx_word' id='word_1_531' title='bbox 2499 3683 2670 3738; x_wconf 87' lang='grc' dir='ltr'>κακά.</span> 
     </span>
    </p>
   </div>
   <div class='ocr_carea' id='block_1_81' title="bbox 2181 3774 3690 3846">
    <p class='ocr_par' dir='ltr' id='par_1_81' title="bbox 2181 3774 3690 3846">
     <span class='ocr_line' id='line_1_81' title="bbox 2181 3774 3690 3846; baseline -0.002 -18"><span class='ocrx_word' id='word_1_532' title='bbox 2181 3776 2244 3830; x_wconf 83' lang='grc' dir='ltr'><strong>δ’.</strong></span> <span class='ocrx_word' id='word_1_533' title='bbox 2284 3796 2302 3827; x_wconf 69' lang='grc' dir='ltr'><strong>ι</strong></span> <span class='ocrx_word' id='word_1_534' title='bbox 2340 3776 2479 3831; x_wconf 84' lang='grc' dir='ltr'>Τάδε</span> <span class='ocrx_word' id='word_1_535' title='bbox 2535 3776 2682 3844; x_wconf 85' lang='grc' dir='ltr'>λέγει</span> <span class='ocrx_word' id='word_1_536' title='bbox 2710 3776 2914 3846; x_wconf 82' lang='grc' dir='ltr'>Κύριος</span> <span class='ocrx_word' id='word_1_537' title='bbox 2963 3775 3392 3846; x_wconf 81' lang='grc' dir='ltr'>παντοκράτωρ·</span> <span class='ocrx_word' id='word_1_538' title='bbox 3432 3774 3690 3844; x_wconf 81' lang='grc' dir='ltr'>Ποίμαινε</span> 
     </span>
    </p>
   </div>
   <div class='ocr_carea' id='block_1_82' title="bbox 2106 3864 3691 3937">
    <p class='ocr_par' dir='ltr' id='par_1_82' title="bbox 2106 3864 3691 3937">
     <span class='ocr_line' id='line_1_82' title="bbox 2106 3864 3691 3937; baseline -0.003 -17"><span class='ocrx_word' id='word_1_539' title='bbox 2106 3867 2174 3921; x_wconf 79' lang='grc' dir='ltr'><strong>τά</strong></span> <span class='ocrx_word' id='word_1_540' title='bbox 2204 3866 2452 3937; x_wconf 87' lang='grc' dir='ltr'>πρόϐατα</span> <span class='ocrx_word' id='word_1_541' title='bbox 2492 3866 2590 3936; x_wconf 82' lang='grc' dir='ltr'>τῆς</span> <span class='ocrx_word' id='word_1_542' title='bbox 2636 3866 2871 3935; x_wconf 77' lang='grc' dir='ltr'>σφαγῆς.</span> <span class='ocrx_word' id='word_1_543' title='bbox 2895 3886 2914 3918; x_wconf 71' lang='grc' dir='ltr'><strong>ι</strong></span> <span class='ocrx_word' id='word_1_544' title='bbox 2951 3866 3048 3929; x_wconf 86' lang='grc' dir='ltr'>Τίς</span> <span class='ocrx_word' id='word_1_545' title='bbox 3089 3864 3350 3919; x_wconf 79' lang='grc' dir='ltr'>δὲταῦτα</span> <span class='ocrx_word' id='word_1_546' title='bbox 3396 3865 3691 3933; x_wconf 85' lang='grc' dir='ltr'>ἐποίμανεν</span> 
     </span>
    </p>
   </div>
   <div class='ocr_carea' id='block_1_83' title="bbox 2107 3957 3689 4030">
    <p class='ocr_par' dir='ltr' id='par_1_83' title="bbox 2107 3957 3689 4030">
     <span class='ocr_line' id='line_1_83' title="bbox 2107 3957 3689 4030; baseline -0.001 -20"><span class='ocrx_word' id='word_1_547' title='bbox 2107 3957 2140 4028; x_wconf 76' lang='grc' dir='ltr'>ἢ</span> <span class='ocrx_word' id='word_1_548' title='bbox 2170 3960 2199 4011; x_wconf 91' lang='lat'><strong>6</strong></span> <span class='ocrx_word' id='word_1_549' title='bbox 2226 3958 2507 4027; x_wconf 77' lang='grc' dir='ltr'>Δεσπότης</span> <span class='ocrx_word' id='word_1_550' title='bbox 2555 3958 2811 4030; x_wconf 76' lang='grc' dir='ltr'>Χριστὸς,</span> <span class='ocrx_word' id='word_1_551' title='bbox 2840 3957 2872 4010; x_wconf 84' lang='grc' dir='ltr'>ὁ</span> <span class='ocrx_word' id='word_1_552' title='bbox 2899 3958 2958 4009; x_wconf 86' lang='grc' dir='ltr'><strong>ἐν</strong></span> <span class='ocrx_word' id='word_1_553' title='bbox 2987 3959 3099 4020; x_wconf 86' lang='grc' dir='ltr'>τοῖς</span> <span class='ocrx_word' id='word_1_554' title='bbox 3140 3958 3306 4027; x_wconf 77' lang='grc' dir='ltr'>ἱεροῖς</span> <span class='ocrx_word' id='word_1_555' title='bbox 3337 3957 3689 4024; x_wconf 82' lang='grc' dir='ltr'>Εύαγγελίοις</span> 
     </span>
    </p>
   </div>
   <div class='ocr_carea' id='block_1_84' title="bbox 2108 4046 3689 4119">
    <p class='ocr_par' dir='ltr' id='par_1_84' title="bbox 2108 4046 3689 4119">
     <span class='ocr_line' id='line_1_84' title="bbox 2108 4046 3689 4119; baseline 0 -19"><span class='ocrx_word' id='word_1_556' title='bbox 2108 4046 2246 4117; x_wconf 81' lang='grc' dir='ltr'>βοῶν</span> <span class='ocrx_word' id='word_1_557' title='bbox 2278 4064 2291 4077; x_wconf 89' lang='grc'><strong>·</strong></span> <span class='ocrx_word' id='word_1_558' title='bbox 2330 4065 2349 4099; x_wconf 76' lang='lat' dir='ltr'><strong>t</strong></span> <span class='ocrx_word' id='word_1_559' title='bbox 2388 4047 2533 4117; x_wconf 76' lang='grc' dir='ltr'><strong>Ἐγώ</strong></span> <span class='ocrx_word' id='word_1_560' title='bbox 2589 4049 2707 4119; x_wconf 77' lang='grc' dir='ltr'>ειμι</span> <span class='ocrx_word' id='word_1_561' title='bbox 2734 4049 2765 4100; x_wconf 90' lang='lat'><strong>6</strong></span> <span class='ocrx_word' id='word_1_562' title='bbox 2804 4046 3008 4118; x_wconf 78' lang='grc' dir='ltr'>ποιμὴν</span> <span class='ocrx_word' id='word_1_563' title='bbox 3049 4048 3079 4101; x_wconf 92' lang='lat'><strong>6</strong></span> <span class='ocrx_word' id='word_1_564' title='bbox 3111 4046 3277 4109; x_wconf 85' lang='grc' dir='ltr'>καλός</span> <span class='ocrx_word' id='word_1_565' title='bbox 3306 4064 3320 4076; x_wconf 90' lang='grc'><strong>·</strong></span> <span class='ocrx_word' id='word_1_566' title='bbox 3353 4048 3383 4101; x_wconf 92' lang='lat'><strong>6</strong></span> <span class='ocrx_word' id='word_1_567' title='bbox 3433 4048 3636 4117; x_wconf 78' lang='grc' dir='ltr'>ποιμὴν</span> <span class='ocrx_word' id='word_1_568' title='bbox 3662 4050 3689 4100; x_wconf 88' lang='grc' dir='ltr'>ὁ</span> 
     </span>
    </p>
   </div>
   <div class='ocr_carea' id='block_1_85' title="bbox 2107 4137 3685 4209">
    <p class='ocr_par' dir='ltr' id='par_1_85' title="bbox 2107 4137 3685 4209">
     <span class='ocr_line' id='line_1_85' title="bbox 2107 4137 3685 4209; baseline -0.002 -18"><span class='ocrx_word' id='word_1_569' title='bbox 2107 4137 2270 4201; x_wconf 78' lang='grc' dir='ltr'>καλὸς</span> <span class='ocrx_word' id='word_1_570' title='bbox 2290 4138 2390 4209; x_wconf 84' lang='grc' dir='ltr'><strong>τὴν</strong></span> <span class='ocrx_word' id='word_1_571' title='bbox 2405 4137 2583 4209; x_wconf 78' lang='grc' dir='ltr'>ψυχὴν</span> <span class='ocrx_word' id='word_1_572' title='bbox 2613 4137 2780 4193; x_wconf 79' lang='grc' dir='ltr'>αὐτοῦ</span> <span class='ocrx_word' id='word_1_573' title='bbox 2803 4137 3016 4208; x_wconf 83' lang='grc' dir='ltr'>τίθησιν</span> <span class='ocrx_word' id='word_1_574' title='bbox 3042 4137 3184 4209; x_wconf 84' lang='grc' dir='ltr'>ὑπὲρ</span> <span class='ocrx_word' id='word_1_575' title='bbox 3202 4137 3311 4191; x_wconf 79' lang='grc' dir='ltr'><strong>τῶν</strong></span> <span class='ocrx_word' id='word_1_576' title='bbox 3333 4138 3685 4208; x_wconf 73' lang='grc' dir='ltr'>προϐάτων;›</span> 
     </span>
    </p>
   </div>
   <div class='ocr_carea' id='block_1_86' title="bbox 2106 4228 3689 4302">
    <p class='ocr_par' dir='ltr' id='par_1_86' title="bbox 2106 4228 3689 4302">
     <span class='ocr_line' id='line_1_86' title="bbox 2106 4228 3689 4302; baseline -0.001 -19"><span class='ocrx_word' id='word_1_577' title='bbox 2106 4230 2269 4285; x_wconf 83' lang='grc' dir='ltr'>Ἀλλά</span> <span class='ocrx_word' id='word_1_578' title='bbox 2306 4230 2495 4302; x_wconf 76' lang='grc' dir='ltr'>μηδεὶς</span> <span class='ocrx_word' id='word_1_579' title='bbox 2538 4230 2702 4286; x_wconf 82' lang='grc' dir='ltr'>αὐτὸν</span> <span class='ocrx_word' id='word_1_580' title='bbox 2727 4270 2740 4288; x_wconf 89' lang='grc'><strong>.</strong></span> <span class='ocrx_word' id='word_1_581' title='bbox 2771 4229 2849 4293; x_wconf 84' lang='grc' dir='ltr'>ὡς</span> <span class='ocrx_word' id='word_1_582' title='bbox 2904 4229 3141 4301; x_wconf 77' lang='grc' dir='ltr'>ποιμένα</span> <span class='ocrx_word' id='word_1_583' title='bbox 3171 4228 3528 4300; x_wconf 84' lang='grc' dir='ltr'>καλούμενον,</span> <span class='ocrx_word' id='word_1_584' title='bbox 3568 4247 3689 4300; x_wconf 84' lang='grc' dir='ltr'>σμι-</span> 
     </span>
    </p>
   </div>
   <div class='ocr_carea' id='block_1_87' title="bbox 2106 4314 3689 4392">
    <p class='ocr_par' dir='ltr' id='par_1_87' title="bbox 2106 4314 3689 4392">
     <span class='ocr_line' id='line_1_87' title="bbox 2106 4314 3689 4392; baseline -0.002 -17"><span class='ocrx_word' id='word_1_585' title='bbox 2106 4320 2327 4392; x_wconf 88' lang='grc' dir='ltr'>κρύνειν</span> <span class='ocrx_word' id='word_1_586' title='bbox 2372 4320 2658 4392; x_wconf 69' lang='grc' dir='ltr'>τολμάτω*</span> <span class='ocrx_word' id='word_1_587' title='bbox 2691 4314 2846 4384; x_wconf 71' lang='grc' dir='ltr'>οὗτος</span> <span class='ocrx_word' id='word_1_588' title='bbox 2893 4319 3005 4391; x_wconf 80' lang='grc' dir='ltr'><strong>γάρ</strong></span> <span class='ocrx_word' id='word_1_589' title='bbox 3056 4320 3155 4391; x_wconf 73' lang='grc' dir='ltr'>τῆς</span> <span class='ocrx_word' id='word_1_590' title='bbox 3201 4321 3477 4392; x_wconf 83' lang='grc' dir='ltr'>ἡμετέρας</span> <span class='ocrx_word' id='word_1_591' title='bbox 3506 4321 3689 4373; x_wconf 75' lang='grc' dir='ltr'>εῖιεκα</span> 
     </span>
    </p>
   </div>
   <div class='ocr_carea' id='block_1_88' title="bbox 2108 4412 3666 4484">
    <p class='ocr_par' dir='ltr' id='par_1_88' title="bbox 2108 4412 3666 4484">
     <span class='ocr_line' id='line_1_88' title="bbox 2108 4412 3666 4484; baseline 0.001 -18"><span class='ocrx_word' id='word_1_592' title='bbox 2108 4413 2381 4484; x_wconf 86' lang='grc' dir='ltr'>σωτηρίας</span> <span class='ocrx_word' id='word_1_593' title='bbox 2406 4412 2467 4467; x_wconf 87' lang='grc' dir='ltr'><strong>ού</strong></span> <span class='ocrx_word' id='word_1_594' title='bbox 2501 4413 2662 4483; x_wconf 82' lang='grc' dir='ltr'>μόνον</span> <span class='ocrx_word' id='word_1_595' title='bbox 2690 4413 2935 4482; x_wconf 80' lang='grc' dir='ltr'>ποιμὴν,</span> <span class='ocrx_word' id='word_1_596' title='bbox 2969 4413 3106 4467; x_wconf 80' lang='grc' dir='ltr'>ἀλλὰ</span> <span class='ocrx_word' id='word_1_597' title='bbox 3136 4414 3232 4469; x_wconf 72' lang='grc' dir='ltr'><strong>καὶ</strong></span> <span class='ocrx_word' id='word_1_598' title='bbox 3259 4414 3449 4484; x_wconf 80' lang='grc' dir='ltr'>ἀμνὸς</span> <span class='ocrx_word' id='word_1_599' title='bbox 3476 4412 3666 4483; x_wconf 76' lang='grc' dir='ltr'>ὡνομά</span> 
     </span>
    </p>
   </div>
   <div class='ocr_carea' id='block_1_89' title="bbox 421 4503 2005 4581">
    <p class='ocr_par' dir='ltr' id='par_1_89' title="bbox 421 4503 2002 4581">
     <span class='ocr_line' id='line_1_89' title="bbox 421 4503 2002 4581; baseline -0.007 -16"><span class='ocrx_word' id='word_1_600' title='bbox 421 4510 661 4581; x_wconf 74' lang='lat' dir='ltr'><strong>agam?</strong></span> <span class='ocrx_word' id='word_1_601' title='bbox 696 4510 829 4581; x_wconf 85' lang='lat' dir='ltr'><strong>quin</strong></span> <span class='ocrx_word' id='word_1_602' title='bbox 861 4506 1025 4562; x_wconf 85' lang='lat' dir='ltr'><strong>etiam</strong></span> <span class='ocrx_word' id='word_1_603' title='bbox 1061 4503 1399 4559; x_wconf 82' lang='lat' dir='ltr'><strong>maledictum</strong></span> <span class='ocrx_word' id='word_1_604' title='bbox 1431 4510 1487 4559; x_wconf 90' lang='lat' dir='ltr'><strong>et</strong></span> <span class='ocrx_word' id='word_1_605' title='bbox 1531 4512 1802 4572; x_wconf 82' lang='lat' dir='ltr'><strong>peccatum</strong></span> <span class='ocrx_word' id='word_1_606' title='bbox 1836 4516 2002 4557; x_wconf 86' lang='lat' dir='ltr'><strong>voca-</strong></span> 
     </span>
    </p>
   </div>
   <div class='ocr_carea' id='block_1_90' title="bbox 2113 4503 3684 4581">
    <p class='ocr_par' dir='ltr' id='par_1_90' title="bbox 2113 4503 3684 4576">
     <span class='ocr_line' id='line_1_90' title="bbox 2113 4503 3684 4576; baseline -0.004 -16"><span class='ocrx_word' id='word_1_607' title='bbox 2113 4506 2232 4576; x_wconf 86' lang='grc' dir='ltr'>σθη,</span> <span class='ocrx_word' id='word_1_608' title='bbox 2268 4505 2364 4560; x_wconf 76' lang='grc' dir='ltr'><strong>καὶ</strong></span> <span class='ocrx_word' id='word_1_609' title='bbox 2380 4505 2701 4573; x_wconf 77' lang='grc' dir='ltr'>πρόϐατον.</span> <span class='ocrx_word' id='word_1_610' title='bbox 2725 4505 2837 4559; x_wconf 75' lang='grc' dir='ltr'><strong>Καὶ</strong></span> <span class='ocrx_word' id='word_1_611' title='bbox 2852 4504 2905 4559; x_wconf 87' lang='grc' dir='ltr'><strong>τί</strong></span> <span class='ocrx_word' id='word_1_612' title='bbox 2922 4505 3065 4574; x_wconf 84' lang='grc' dir='ltr'>λέγω</span> <span class='ocrx_word' id='word_1_613' title='bbox 3090 4503 3361 4575; x_wconf 87' lang='grc' dir='ltr'>πρόϐατον</span> <span class='ocrx_word' id='word_1_614' title='bbox 3378 4505 3470 4558; x_wconf 77' lang='grc' dir='ltr'><strong>καὶ</strong></span> <span class='ocrx_word' id='word_1_615' title='bbox 3487 4503 3684 4573; x_wconf 82' lang='grc' dir='ltr'>άμνόν;</span> 
     </span>
    </p>
   </div>
   <div class='ocr_carea' id='block_1_91' title="bbox 420 4595 2003 4669">
    <p class='ocr_par' dir='ltr' id='par_1_91' title="bbox 420 4595 2003 4669">
     <span class='ocr_line' id='line_1_91' title="bbox 420 4595 2003 4669; baseline -0.004 -13"><span class='ocrx_word' id='word_1_616' title='bbox 420 4613 512 4657; x_wconf 85' lang='lat' dir='ltr'><strong>tus</strong></span> <span class='ocrx_word' id='word_1_617' title='bbox 539 4602 658 4666; x_wconf 86' lang='lat' dir='ltr'><strong>fuit,</strong></span> <span class='ocrx_word' id='word_1_618' title='bbox 688 4610 749 4657; x_wconf 89' lang='lat' dir='ltr'><strong>ut</strong></span> <span class='ocrx_word' id='word_1_619' title='bbox 776 4608 832 4655; x_wconf 89' lang='lat' dir='ltr'><strong>et</strong></span> <span class='ocrx_word' id='word_1_620' title='bbox 864 4606 1149 4669; x_wconf 90' lang='lat' dir='ltr'><strong>peceatum</strong></span> <span class='ocrx_word' id='word_1_621' title='bbox 1176 4596 1461 4650; x_wconf 78' lang='lat' dir='ltr'><strong>hominum</strong></span> <span class='ocrx_word' id='word_1_622' title='bbox 1490 4596 1737 4665; x_wconf 81' lang='lat' dir='ltr'><strong>expiaret</strong></span> <span class='ocrx_word' id='word_1_623' title='bbox 1758 4603 1813 4650; x_wconf 91' lang='lat' dir='ltr'><strong>et</strong></span> <span class='ocrx_word' id='word_1_624' title='bbox 1835 4595 2003 4650; x_wconf 86' lang='lat' dir='ltr'><strong>male-</strong></span> 
     </span>
    </p>
   </div>
   <div class='ocr_carea' id='block_1_92' title="bbox 421 4688 2002 4761">
    <p class='ocr_par' dir='ltr' id='par_1_92' title="bbox 421 4688 2002 4761">
     <span class='ocr_line' id='line_1_92' title="bbox 421 4688 2002 4761; baseline -0.004 -11"><span class='ocrx_word' id='word_1_625' title='bbox 421 4696 652 4750; x_wconf 82' lang='lat' dir='ltr'><strong>dictum.</strong></span> <span class='ocrx_word' id='word_1_626' title='bbox 686 4691 827 4747; x_wconf 76' lang='lat' dir='ltr'><strong>!rluic</strong></span> <span class='ocrx_word' id='word_1_627' title='bbox 858 4706 992 4761; x_wconf 85' lang='lat' dir='ltr'><strong>ergo</strong></span> <span class='ocrx_word' id='word_1_628' title='bbox 1020 4688 1185 4747; x_wconf 88' lang='lat' dir='ltr'><strong>Pater</strong></span> <span class='ocrx_word' id='word_1_629' title='bbox 1226 4689 1360 4744; x_wconf 88' lang='lat' dir='ltr'><strong>dicit</strong></span> <span class='ocrx_word' id='word_1_630' title='bbox 1386 4708 1398 4743; x_wconf 89' lang='lat'><strong>:</strong></span> <span class='ocrx_word' id='word_1_631' title='bbox 1431 4708 1450 4741; x_wconf 73' lang='grc' dir='ltr'><strong>ι</strong></span> <span class='ocrx_word' id='word_1_632' title='bbox 1489 4688 1660 4744; x_wconf 84' lang='lat' dir='ltr'><strong>Pasce</strong></span> <span class='ocrx_word' id='word_1_633' title='bbox 1683 4705 1815 4744; x_wconf 89' lang='lat' dir='ltr'><strong>oves</strong></span> <span class='ocrx_word' id='word_1_634' title='bbox 1841 4688 2002 4744; x_wconf 75' lang='grc' dir='ltr'>θεοὶ-</span> 
     </span>
    </p>
   </div>
   <div class='ocr_carea' id='block_1_93' title="bbox 420 4780 2001 4849">
    <p class='ocr_par' dir='ltr' id='par_1_93' title="bbox 420 4780 2001 4849">
     <span class='ocr_line' id='line_1_93' title="bbox 420 4780 2001 4849; baseline -0.004 -10"><span class='ocrx_word' id='word_1_635' title='bbox 420 4786 619 4839; x_wconf 84' lang='lat' dir='ltr'><strong>sionis.</strong></span> <span class='ocrx_word' id='word_1_636' title='bbox 664 4803 683 4836; x_wconf 72' lang='grc' dir='ltr'><strong>ι</strong></span> <span class='ocrx_word' id='word_1_637' title='bbox 721 4782 828 4849; x_wconf 83' lang='lat' dir='ltr'><strong>Qui</strong></span> <span class='ocrx_word' id='word_1_638' title='bbox 871 4783 1105 4838; x_wconf 89' lang='lat' dir='ltr'><strong>formam</strong></span> <span class='ocrx_word' id='word_1_639' title='bbox 1137 4782 1283 4837; x_wconf 87' lang='lat' dir='ltr'><strong>servi</strong></span> <span class='ocrx_word' id='word_1_640' title='bbox 1315 4796 1533 4837; x_wconf 86' lang='lat' dir='ltr'><strong>sumere</strong></span> <span class='ocrx_word' id='word_1_641' title='bbox 1567 4781 1761 4845; x_wconf 75' lang='lat' dir='ltr'><strong>voluit,</strong></span> <span class='ocrx_word' id='word_1_642' title='bbox 1799 4789 1856 4833; x_wconf 93' lang='lat' dir='ltr'><strong>ut</strong></span> <span class='ocrx_word' id='word_1_643' title='bbox 1886 4780 2001 4834; x_wconf 84' lang='lat' dir='ltr'><strong>hu-</strong></span> 
     </span>
    </p>
   </div>
   <div class='ocr_carea' id='block_1_94' title="bbox 422 4869 2004 4931">
    <p class='ocr_par' dir='ltr' id='par_1_94' title="bbox 422 4869 2004 4931">
     <span class='ocr_line' id='line_1_94' title="bbox 422 4869 2004 4931; baseline -0.001 -4"><span class='ocrx_word' id='word_1_644' title='bbox 422 4891 640 4929; x_wconf 86' lang='lat' dir='ltr'><strong>manam</strong></span> <span class='ocrx_word' id='word_1_645' title='bbox 692 4883 946 4930; x_wconf 87' lang='lat' dir='ltr'><strong>naturam</strong></span> <span class='ocrx_word' id='word_1_646' title='bbox 997 4890 1028 4928; x_wconf 89' lang='lat' dir='ltr'><strong>a</strong></span> <span class='ocrx_word' id='word_1_647' title='bbox 1079 4873 1343 4929; x_wconf 84' lang='lat' dir='ltr'><strong>servitute</strong></span> <span class='ocrx_word' id='word_1_648' title='bbox 1402 4872 1682 4928; x_wconf 75' lang='lat' dir='ltr'><strong>liberaret.</strong></span> <span class='ocrx_word' id='word_1_649' title='bbox 1714 4870 1786 4927; x_wconf 89' lang='lat' dir='ltr'><strong>Ut</strong></span> <span class='ocrx_word' id='word_1_650' title='bbox 1839 4869 2004 4931; x_wconf 82' lang='lat' dir='ltr'><strong>homo</strong></span> 
     </span>
    </p>
   </div>
   <div class='ocr_carea' id='block_1_95' title="bbox 422 4963 2001 5034">
    <p class='ocr_par' dir='ltr' id='par_1_95' title="bbox 422 4963 2001 5034">
     <span class='ocr_line' id='line_1_95' title="bbox 422 4963 2001 5034; baseline -0.004 -14"><span class='ocrx_word' id='word_1_651' title='bbox 422 4964 628 5034; x_wconf 73' lang='lat' dir='ltr'><strong>itaque,</strong></span> <span class='ocrx_word' id='word_1_652' title='bbox 677 4980 789 5021; x_wconf 88' lang='lat' dir='ltr'><strong>non</strong></span> <span class='ocrx_word' id='word_1_653' title='bbox 836 4973 895 5021; x_wconf 90' lang='lat' dir='ltr'><strong>ut</strong></span> <span class='ocrx_word' id='word_1_654' title='bbox 952 4964 1121 5028; x_wconf 88' lang='lat' dir='ltr'><strong>Deus,</strong></span> <span class='ocrx_word' id='word_1_655' title='bbox 1155 4965 1272 5020; x_wconf 70' lang='lat' dir='ltr'><strong>haec</strong></span> <span class='ocrx_word' id='word_1_656' title='bbox 1306 4964 1563 5019; x_wconf 84' lang='lat' dir='ltr'><strong>mandata</strong></span> <span class='ocrx_word' id='word_1_657' title='bbox 1602 4963 1841 5033; x_wconf 88' lang='lat' dir='ltr'><strong>accipit:</strong></span> <span class='ocrx_word' id='word_1_658' title='bbox 1875 4976 2001 5015; x_wconf 90' lang='lat' dir='ltr'><strong>nam</strong></span> 
     </span>
    </p>
   </div>
   <div class='ocr_carea' id='block_1_96' title="bbox 422 5054 1995 5129">
    <p class='ocr_par' dir='ltr' id='par_1_96' title="bbox 422 5054 1995 5129">
     <span class='ocr_line' id='line_1_96' title="bbox 422 5054 1995 5129; baseline -0.004 -18"><span class='ocrx_word' id='word_1_659' title='bbox 422 5064 482 5111; x_wconf 90' lang='lat' dir='ltr'><strong>ut</strong></span> <span class='ocrx_word' id='word_1_660' title='bbox 504 5054 673 5122; x_wconf 88' lang='lat' dir='ltr'><strong>Deus,</strong></span> <span class='ocrx_word' id='word_1_661' title='bbox 704 5054 853 5112; x_wconf 86' lang='lat' dir='ltr'><strong>Patri</strong></span> <span class='ocrx_word' id='word_1_662' title='bbox 915 5057 1143 5129; x_wconf 67' lang='lat' dir='ltr'><strong>azqualis</strong></span> <span class='ocrx_word' id='word_1_663' title='bbox 1173 5057 1431 5124; x_wconf 81' lang='lat' dir='ltr'><strong>exsistit;</strong></span> <span class='ocrx_word' id='word_1_664' title='bbox 1468 5065 1528 5110; x_wconf 92' lang='lat' dir='ltr'><strong>ut</strong></span> <span class='ocrx_word' id='word_1_665' title='bbox 1580 5057 1742 5111; x_wconf 82' lang='lat' dir='ltr'><strong>homo</strong></span> <span class='ocrx_word' id='word_1_666' title='bbox 1791 5063 1995 5117; x_wconf 89' lang='lat' dir='ltr'><strong>autem,</strong></span> 
     </span>
    </p>
   </div>
   <div class='ocr_carea' id='block_1_97' title="bbox 424 5146 1999 5220">
    <p class='ocr_par' dir='ltr' id='par_1_97' title="bbox 424 5146 1999 5220">
     <span class='ocr_line' id='line_1_97' title="bbox 424 5146 1999 5220; baseline -0.001 -19"><span class='ocrx_word' id='word_1_667' title='bbox 424 5146 663 5202; x_wconf 83' lang='lat' dir='ltr'><strong>clamat:</strong></span> <span class='ocrx_word' id='word_1_668' title='bbox 699 5166 717 5200; x_wconf 76' lang='grc' dir='ltr'><strong>ι</strong></span> <span class='ocrx_word' id='word_1_669' title='bbox 761 5147 836 5202; x_wconf 82' lang='lat' dir='ltr'><strong>Ex</strong></span> <span class='ocrx_word' id='word_1_670' title='bbox 867 5150 1075 5219; x_wconf 89' lang='lat' dir='ltr'><strong>meipso</strong></span> <span class='ocrx_word' id='word_1_671' title='bbox 1119 5165 1227 5204; x_wconf 91' lang='lat' dir='ltr'><strong>non</strong></span> <span class='ocrx_word' id='word_1_672' title='bbox 1286 5150 1501 5220; x_wconf 92' lang='lat' dir='ltr'><strong>loquor.</strong></span> <span class='ocrx_word' id='word_1_673' title='bbox 1540 5147 1855 5203; x_wconf 79' lang='lat' dir='ltr'><strong>Mandatum</strong></span> <span class='ocrx_word' id='word_1_674' title='bbox 1908 5160 1999 5200; x_wconf 88' lang='lat' dir='ltr'><strong>ac-</strong></span> 
     </span>
    </p>
   </div>
   <div class='ocr_carea' id='block_1_98' title="bbox 425 5238 1992 5313">
    <p class='ocr_par' dir='ltr' id='par_1_98' title="bbox 425 5238 1992 5313">
     <span class='ocr_line' id='line_1_98' title="bbox 425 5238 1992 5313; baseline -0.001 -20"><span class='ocrx_word' id='word_1_675' title='bbox 425 5239 567 5310; x_wconf 88' lang='lat' dir='ltr'><strong>cepi,</strong></span> <span class='ocrx_word' id='word_1_676' title='bbox 597 5239 726 5310; x_wconf 89' lang='lat' dir='ltr'><strong>quid</strong></span> <span class='ocrx_word' id='word_1_677' title='bbox 752 5239 929 5295; x_wconf 89' lang='lat' dir='ltr'><strong>dicam</strong></span> <span class='ocrx_word' id='word_1_678' title='bbox 964 5251 1018 5296; x_wconf 91' lang='lat' dir='ltr'><strong>et</strong></span> <span class='ocrx_word' id='word_1_679' title='bbox 1042 5241 1172 5310; x_wconf 87' lang='lat' dir='ltr'><strong>quid</strong></span> <span class='ocrx_word' id='word_1_680' title='bbox 1205 5242 1400 5313; x_wconf 88' lang='lat' dir='ltr'><strong>loquar</strong></span> <span class='ocrx_word' id='word_1_681' title='bbox 1444 5239 1488 5295; x_wconf 81' lang='lat'><strong>1.</strong></span> <span class='ocrx_word' id='word_1_682' title='bbox 1532 5261 1549 5293; x_wconf 77' lang='grc' dir='ltr'><strong>ι</strong></span> <span class='ocrx_word' id='word_1_683' title='bbox 1579 5240 1669 5294; x_wconf 84' lang='lat' dir='ltr'><strong>Sic</strong></span> <span class='ocrx_word' id='word_1_684' title='bbox 1693 5240 1855 5294; x_wconf 84' lang='lat' dir='ltr'><strong>etiam</strong></span> <span class='ocrx_word' id='word_1_685' title='bbox 1887 5238 1992 5292; x_wconf 87' lang='lat' dir='ltr'><strong>hoc</strong></span> 
     </span>
    </p>
   </div>
   <div class='ocr_carea' id='block_1_99' title="bbox 496 5416 1527 5488">
    <p class='ocr_par' dir='ltr' id='par_1_99' title="bbox 496 5416 1527 5488">
     <span class='ocr_line' id='line_1_99' title="bbox 496 5416 1527 5488; baseline 0.008 -18"><span class='ocrx_word' id='word_1_686' title='bbox 496 5416 523 5458; x_wconf 74' lang='grc' dir='ltr'><strong>ιι</strong></span> <span class='ocrx_word' id='word_1_687' title='bbox 564 5416 723 5471; x_wconf 82' lang='lat' dir='ltr'><strong>Joan.</strong></span> <span class='ocrx_word' id='word_1_688' title='bbox 758 5436 827 5486; x_wconf 87' lang='lat' dir='ltr'><strong>x,</strong></span> <span class='ocrx_word' id='word_1_689' title='bbox 869 5420 955 5474; x_wconf 85' lang='lat' dir='ltr'><strong>ll.</strong></span> <span class='ocrx_word' id='word_1_690' title='bbox 1040 5419 1055 5457; x_wconf 83' lang='grc'><strong>¹</strong></span> <span class='ocrx_word' id='word_1_691' title='bbox 1102 5419 1262 5476; x_wconf 82' lang='lat' dir='ltr'><strong>Joan.</strong></span> <span class='ocrx_word' id='word_1_692' title='bbox 1301 5440 1399 5488; x_wconf 83' lang='lat' dir='ltr'><strong>xu,</strong></span> <span class='ocrx_word' id='word_1_693' title='bbox 1438 5424 1527 5478; x_wconf 65' lang='lat'><strong>49.</strong></span> 
     </span>
    </p>
   </div>
   <div class='ocr_carea' id='block_1_100' title="bbox 2106 4594 3690 4669">
    <p class='ocr_par' dir='ltr' id='par_1_100' title="bbox 2106 4594 3690 4669">
     <span class='ocr_line' id='line_1_100' title="bbox 2106 4594 3690 4669; baseline -0.003 -18"><span class='ocrx_word' id='word_1_694' title='bbox 2106 4596 2334 4666; x_wconf 80' lang='grc' dir='ltr'>κατάρα</span> <span class='ocrx_word' id='word_1_695' title='bbox 2365 4597 2470 4668; x_wconf 82' lang='grc' dir='ltr'><strong>γὰρ</strong></span> <span class='ocrx_word' id='word_1_696' title='bbox 2500 4596 2594 4650; x_wconf 83' lang='grc' dir='ltr'>καὶ</span> <span class='ocrx_word' id='word_1_697' title='bbox 2640 4596 2897 4666; x_wconf 79' lang='grc' dir='ltr'>ἁμαρτία</span> <span class='ocrx_word' id='word_1_698' title='bbox 2945 4595 3398 4669; x_wconf 83' lang='grc' dir='ltr'>προσηγορεύθη,</span> <span class='ocrx_word' id='word_1_699' title='bbox 3442 4596 3529 4648; x_wconf 82' lang='grc' dir='ltr'>ἶνα</span> <span class='ocrx_word' id='word_1_700' title='bbox 3581 4594 3690 4647; x_wconf 84' lang='grc' dir='ltr'><strong>τῶν</strong></span> 
     </span>
    </p>
   </div>
   <div class='ocr_carea' id='block_1_101' title="bbox 2107 4687 3684 4761">
    <p class='ocr_par' dir='ltr' id='par_1_101' title="bbox 2107 4687 3684 4761">
     <span class='ocr_line' id='line_1_101' title="bbox 2107 4687 3684 4761; baseline -0.001 -18"><span class='ocrx_word' id='word_1_701' title='bbox 2107 4687 2412 4759; x_wconf 83' lang='grc' dir='ltr'>ἀνθρώπων</span> <span class='ocrx_word' id='word_1_702' title='bbox 2443 4688 2538 4742; x_wconf 76' lang='grc' dir='ltr'><strong>καὶ</strong></span> <span class='ocrx_word' id='word_1_703' title='bbox 2566 4689 2665 4759; x_wconf 83' lang='grc' dir='ltr'>τὴν</span> <span class='ocrx_word' id='word_1_704' title='bbox 2688 4689 2963 4761; x_wconf 83' lang='grc' dir='ltr'>ἁμαρτίαν</span> <span class='ocrx_word' id='word_1_705' title='bbox 2992 4689 3156 4761; x_wconf 82' lang='grc' dir='ltr'>λύσῃ,</span> <span class='ocrx_word' id='word_1_706' title='bbox 3173 4689 3269 4747; x_wconf 71' lang='grc' dir='ltr'><strong>καὶ</strong></span> <span class='ocrx_word' id='word_1_707' title='bbox 3296 4688 3396 4759; x_wconf 78' lang='grc' dir='ltr'><strong>τὴν</strong></span> <span class='ocrx_word' id='word_1_708' title='bbox 3419 4688 3684 4758; x_wconf 82' lang='grc' dir='ltr'>κατάραν.</span> 
     </span>
    </p>
   </div>
   <div class='ocr_carea' id='block_1_102' title="bbox 2107 4780 3687 4855">
    <p class='ocr_par' dir='ltr' id='par_1_102' title="bbox 2107 4780 3687 4855">
     <span class='ocr_line' id='line_1_102' title="bbox 2107 4780 3687 4855; baseline -0.001 -20"><span class='ocrx_word' id='word_1_709' title='bbox 2107 4782 2296 4855; x_wconf 80' lang='grc' dir='ltr'>Τούτῳ</span> <span class='ocrx_word' id='word_1_710' title='bbox 2325 4782 2505 4835; x_wconf 83' lang='grc' dir='ltr'>τοίνυν</span> <span class='ocrx_word' id='word_1_711' title='bbox 2535 4783 2564 4835; x_wconf 88' lang='grc' dir='ltr'>ὁ</span> <span class='ocrx_word' id='word_1_712' title='bbox 2602 4783 2793 4853; x_wconf 83' lang='grc' dir='ltr'>Πατὴρ</span> <span class='ocrx_word' id='word_1_713' title='bbox 2830 4781 2979 4850; x_wconf 78' lang='grc' dir='ltr'>λέγει</span> <span class='ocrx_word' id='word_1_714' title='bbox 3006 4799 3020 4812; x_wconf 71' lang='grc'><strong><em>⁸</em></strong></span> <span class='ocrx_word' id='word_1_715' title='bbox 3066 4801 3086 4833; x_wconf 75' lang='grc' dir='ltr'><strong>ι</strong></span> <span class='ocrx_word' id='word_1_716' title='bbox 3124 4781 3387 4853; x_wconf 85' lang='grc' dir='ltr'>Ποίμαινε</span> <span class='ocrx_word' id='word_1_717' title='bbox 3434 4780 3506 4833; x_wconf 81' lang='grc' dir='ltr'>τὰ</span> <span class='ocrx_word' id='word_1_718' title='bbox 3553 4780 3687 4849; x_wconf 79' lang='grc' dir='ltr'>πρόο</span> 
     </span>
    </p>
   </div>
   <div class='ocr_carea' id='block_1_103' title="bbox 2109 4874 3687 4945">
    <p class='ocr_par' dir='ltr' id='par_1_103' title="bbox 2109 4874 3687 4945">
     <span class='ocr_line' id='line_1_103' title="bbox 2109 4874 3687 4945; baseline -0.002 -17"><span class='ocrx_word' id='word_1_719' title='bbox 2109 4875 2252 4928; x_wconf 90' lang='grc' dir='ltr'>ϐατα</span> <span class='ocrx_word' id='word_1_720' title='bbox 2292 4876 2389 4942; x_wconf 78' lang='grc' dir='ltr'>τῆς</span> <span class='ocrx_word' id='word_1_721' title='bbox 2419 4877 2633 4944; x_wconf 83' lang='grc' dir='ltr'>σφαγῆς</span> <span class='ocrx_word' id='word_1_722' title='bbox 2657 4888 2670 4900; x_wconf 93' lang='grc'><strong>·</strong></span> <span class='ocrx_word' id='word_1_723' title='bbox 2699 4892 2717 4924; x_wconf 72' lang='grc' dir='ltr'><strong>ι</strong></span> <span class='ocrx_word' id='word_1_724' title='bbox 2771 4874 3011 4944; x_wconf 78' lang='grc' dir='ltr'>ἑλομένῳ</span> <span class='ocrx_word' id='word_1_725' title='bbox 3040 4874 3229 4930; x_wconf 83' lang='grc' dir='ltr'>λαϐεῖν</span> <span class='ocrx_word' id='word_1_726' title='bbox 3253 4875 3350 4945; x_wconf 81' lang='grc' dir='ltr'><strong>τὴν</strong></span> <span class='ocrx_word' id='word_1_727' title='bbox 3376 4874 3470 4927; x_wconf 87' lang='grc' dir='ltr'><strong>τοῦ</strong></span> <span class='ocrx_word' id='word_1_728' title='bbox 3498 4874 3687 4927; x_wconf 82' lang='grc' dir='ltr'>δούλου</span> 
     </span>
    </p>
   </div>
   <div class='ocr_carea' id='block_1_104' title="bbox 2110 4964 3689 5038">
    <p class='ocr_par' dir='ltr' id='par_1_104' title="bbox 2110 4964 3689 5038">
     <span class='ocr_line' id='line_1_104' title="bbox 2110 4964 3689 5038; baseline -0.003 -19"><span class='ocrx_word' id='word_1_729' title='bbox 2110 4965 2345 5037; x_wconf 83' lang='grc' dir='ltr'>μορφὴν,</span> <span class='ocrx_word' id='word_1_730' title='bbox 2371 4964 2460 5019; x_wconf 84' lang='grc' dir='ltr'>ἵνα</span> <span class='ocrx_word' id='word_1_731' title='bbox 2480 4965 2576 5034; x_wconf 81' lang='grc' dir='ltr'><strong>τῆς</strong></span> <span class='ocrx_word' id='word_1_732' title='bbox 2602 4964 2844 5029; x_wconf 87' lang='grc' dir='ltr'>δουλείας</span> <span class='ocrx_word' id='word_1_733' title='bbox 2873 4964 3219 5038; x_wconf 77' lang='grc' dir='ltr'>ἐλευθερώσῃ</span> <span class='ocrx_word' id='word_1_734' title='bbox 3246 4966 3356 5018; x_wconf 85' lang='grc' dir='ltr'>τῶν</span> <span class='ocrx_word' id='word_1_735' title='bbox 3384 4964 3689 5037; x_wconf 73' lang='grc' dir='ltr'>ἀνθρώπιον</span> 
     </span>
    </p>
   </div>
   <div class='ocr_carea' id='block_1_105' title="bbox 2108 5053 3688 5130">
    <p class='ocr_par' dir='ltr' id='par_1_105' title="bbox 2108 5053 3688 5130">
     <span class='ocr_line' id='line_1_105' title="bbox 2108 5053 3688 5130; baseline -0.003 -19"><span class='ocrx_word' id='word_1_736' title='bbox 2108 5057 2207 5128; x_wconf 79' lang='grc' dir='ltr'><strong>τὴν</strong></span> <span class='ocrx_word' id='word_1_737' title='bbox 2233 5056 2414 5127; x_wconf 77' lang='grc' dir='ltr'>φύσιν.</span> <span class='ocrx_word' id='word_1_738' title='bbox 2457 5057 2545 5120; x_wconf 76' lang='grc' dir='ltr'>Ὠς</span> <span class='ocrx_word' id='word_1_739' title='bbox 2575 5054 2862 5123; x_wconf 81' lang='grc' dir='ltr'>ἄνθρωπος</span> <span class='ocrx_word' id='word_1_740' title='bbox 2896 5058 3106 5122; x_wconf 87' lang='grc' dir='ltr'>τοίνυν,</span> <span class='ocrx_word' id='word_1_741' title='bbox 3142 5059 3242 5130; x_wconf 83' lang='grc' dir='ltr'>οὐχ</span> <span class='ocrx_word' id='word_1_742' title='bbox 3274 5058 3351 5121; x_wconf 83' lang='grc' dir='ltr'><strong>ὡς</strong></span> <span class='ocrx_word' id='word_1_743' title='bbox 3377 5057 3531 5119; x_wconf 79' lang='grc' dir='ltr'>Θεὸς,</span> <span class='ocrx_word' id='word_1_744' title='bbox 3558 5053 3688 5108; x_wconf 67' lang='grc' dir='ltr'>τανί-</span> 
     </span>
    </p>
   </div>
   <div class='ocr_carea' id='block_1_106' title="bbox 2109 5148 3685 5224">
    <p class='ocr_par' dir='ltr' id='par_1_106' title="bbox 2109 5148 3685 5224">
     <span class='ocr_line' id='line_1_106' title="bbox 2109 5148 3685 5224; baseline -0.001 -21"><span class='ocrx_word' id='word_1_745' title='bbox 2109 5166 2205 5212; x_wconf 90' lang='grc' dir='ltr'><strong>τας</strong></span> <span class='ocrx_word' id='word_1_746' title='bbox 2235 5148 2501 5219; x_wconf 86' lang='grc' dir='ltr'>λαμϐάνει</span> <span class='ocrx_word' id='word_1_747' title='bbox 2549 5149 2647 5212; x_wconf 78' lang='grc' dir='ltr'>τὰς</span> <span class='ocrx_word' id='word_1_748' title='bbox 2679 5149 2901 5213; x_wconf 87' lang='grc' dir='ltr'>ἐντολάς</span> <span class='ocrx_word' id='word_1_749' title='bbox 2926 5166 2938 5179; x_wconf 92' lang='grc'><strong>·</strong></span> <span class='ocrx_word' id='word_1_750' title='bbox 2978 5150 3054 5215; x_wconf 87' lang='grc' dir='ltr'>ὠς</span> <span class='ocrx_word' id='word_1_751' title='bbox 3087 5152 3185 5221; x_wconf 80' lang='grc' dir='ltr'><strong>μὲν</strong></span> <span class='ocrx_word' id='word_1_752' title='bbox 3232 5152 3342 5224; x_wconf 78' lang='grc' dir='ltr'><strong>γὰρ</strong></span> <span class='ocrx_word' id='word_1_753' title='bbox 3393 5151 3561 5215; x_wconf 78' lang='grc' dir='ltr'>Θεὸς,</span> <span class='ocrx_word' id='word_1_754' title='bbox 3591 5150 3685 5202; x_wconf 80' lang='grc' dir='ltr'><strong>τοῦ</strong></span> 
     </span>
    </p>
   </div>
   <div class='ocr_carea' id='block_1_107' title="bbox 2109 5232 3684 5313">
    <p class='ocr_par' dir='ltr' id='par_1_107' title="bbox 2109 5232 3684 5313">
     <span class='ocr_line' id='line_1_107' title="bbox 2109 5232 3684 5313; baseline 0.001 -22"><span class='ocrx_word' id='word_1_755' title='bbox 2109 5238 2500 5309; x_wconf 87' lang='grc' dir='ltr'>γεγεννηκότος</span> <span class='ocrx_word' id='word_1_756' title='bbox 2557 5237 2817 5309; x_wconf 83' lang='grc' dir='ltr'>ὁμότιμος</span> <span class='ocrx_word' id='word_1_757' title='bbox 2858 5254 2873 5270; x_wconf 77' lang='grc' dir='ltr'><strong>ο</strong></span> <span class='ocrx_word' id='word_1_758' title='bbox 2919 5239 2996 5303; x_wconf 83' lang='grc' dir='ltr'>ὼς</span> <span class='ocrx_word' id='word_1_759' title='bbox 3050 5239 3106 5292; x_wconf 80' lang='grc' dir='ltr'><strong>δὲ</strong></span> <span class='ocrx_word' id='word_1_760' title='bbox 3162 5232 3486 5313; x_wconf 80' lang='grc' dir='ltr'>ἄνθρωπος,</span> <span class='ocrx_word' id='word_1_761' title='bbox 3547 5238 3684 5311; x_wconf 63' lang='grc' dir='ltr'><strong>βοᾷ·</strong></span> 
     </span>
    </p>
   </div>
   <div class='ocr_carea' id='block_1_108' title="bbox 1737 5578 2420 5635">
    <p class='ocr_par' dir='ltr' id='par_1_108' title="bbox 1737 5578 2420 5635">
     <span class='ocr_line' id='line_1_108' title="bbox 1737 5578 2420 5635; baseline 0.004 -4"><span class='ocrx_word' id='word_1_762' title='bbox 1737 5580 1977 5635; x_wconf 76' lang='lat' dir='ltr'><strong>VARle</strong></span> <span class='ocrx_word' id='word_1_763' title='bbox 2015 5578 2420 5635; x_wconf 84' lang='lat' dir='ltr'><strong>LECTIONES.</strong></span> 
     </span>
    </p>
   </div>
   <div class='ocr_carea' id='block_1_109' title="bbox 498 5691 2465 5781">
    <p class='ocr_par' dir='ltr' id='par_1_109' title="bbox 498 5691 2465 5781">
     <span class='ocr_line' id='line_1_109' title="bbox 498 5691 2465 5781; baseline 0.005 -28"><span class='ocrx_word' id='word_1_764' title='bbox 498 5691 542 5781; x_wconf 45' lang='grc' dir='ltr'>ξ’</span> <span class='ocrx_word' id='word_1_765' title='bbox 577 5703 687 5781; x_wconf 79' lang='grc' dir='ltr'>καί.</span> <span class='ocrx_word' id='word_1_766' title='bbox 722 5704 841 5781; x_wconf 80' lang='lat' dir='ltr'><strong>Des.</strong></span> <span class='ocrx_word' id='word_1_767' title='bbox 867 5707 920 5760; x_wconf 91' lang='lat' dir='ltr'><strong>in</strong></span> <span class='ocrx_word' id='word_1_768' title='bbox 939 5704 1000 5762; x_wconf 63' lang='grc' dir='ltr'><strong>(Β.</strong></span> <span class='ocrx_word' id='word_1_769' title='bbox 1091 5707 1135 5740; x_wconf 72' lang='grc' dir='ltr'><strong>δ’</strong></span> <span class='ocrx_word' id='word_1_770' title='bbox 1163 5708 1201 5763; x_wconf 79' lang='grc' dir='ltr'><strong>Λ</strong></span> <span class='ocrx_word' id='word_1_771' title='bbox 1224 5708 1619 5779; x_wconf 77' lang='grc' dir='ltr'>καταφάγεται.</span> <span class='ocrx_word' id='word_1_772' title='bbox 1693 5711 1740 5743; x_wconf 84' lang='grc'><strong>³⁰</strong></span> <span class='ocrx_word' id='word_1_773' title='bbox 1771 5711 1848 5765; x_wconf 87' lang='grc' dir='ltr'>ὸλ.</span> <span class='ocrx_word' id='word_1_774' title='bbox 1874 5741 1943 5751; x_wconf 89' lang='grc'><strong><em>-</em></strong></span> <span class='ocrx_word' id='word_1_775' title='bbox 1972 5710 2123 5781; x_wconf 82' lang='grc' dir='ltr'>κέδρ.</span> <span class='ocrx_word' id='word_1_776' title='bbox 2157 5711 2282 5766; x_wconf 85' lang='lat' dir='ltr'><strong>Des.</strong></span> <span class='ocrx_word' id='word_1_777' title='bbox 2322 5712 2375 5764; x_wconf 92' lang='lat' dir='ltr'><strong>in</strong></span> <span class='ocrx_word' id='word_1_778' title='bbox 2403 5709 2465 5766; x_wconf 89' lang='lat' dir='ltr'><strong>C.</strong></span> 
     </span>
    </p>
   </div>
   <div class='ocr_carea' id='block_1_110' title="bbox 427 5771 1013 5845">
    <p class='ocr_par' dir='ltr' id='par_1_110' title="bbox 427 5771 1013 5845">
     <span class='ocr_line' id='line_1_110' title="bbox 427 5771 1013 5845; baseline 0.01 -22"><span class='ocrx_word' id='word_1_779' title='bbox 427 5771 471 5801; x_wconf 68' lang='grc' dir='ltr'>δ’</span> <span class='ocrx_word' id='word_1_780' title='bbox 498 5773 545 5825; x_wconf 79' lang='grc' dir='ltr'><strong>Δ</strong></span> <span class='ocrx_word' id='word_1_781' title='bbox 575 5772 642 5825; x_wconf 71' lang='grc' dir='ltr'>τὰ</span> <span class='ocrx_word' id='word_1_782' title='bbox 664 5777 1013 5845; x_wconf 73' lang='grc' dir='ltr'>φρυάγματα.</span> 
     </span>
    </p>
   </div>
   <div class='ocr_carea' id='block_1_111' title="bbox 2572 5706 3685 5780">
    <p class='ocr_par' dir='ltr' id='par_1_111' title="bbox 2572 5706 3685 5780">
     <span class='ocr_line' id='line_1_111' title="bbox 2572 5706 3685 5780; baseline -0.021 2"><span class='ocrx_word' id='word_1_783' title='bbox 2572 5709 2616 5741; x_wconf 56' lang='grc' dir='ltr'><strong>ἰ</strong></span> <span class='ocrx_word' id='word_1_784' title='bbox 2655 5725 2780 5780; x_wconf 76' lang='grc' dir='ltr'><strong>μεΥ·</strong></span> <span class='ocrx_word' id='word_1_785' title='bbox 2814 5710 2869 5762; x_wconf 81' lang='grc' dir='ltr'><strong>Ιη</strong></span> <span class='ocrx_word' id='word_1_786' title='bbox 2910 5711 2951 5761; x_wconf 78' lang='grc' dir='ltr'><strong>Α</strong></span> <span class='ocrx_word' id='word_1_787' title='bbox 2989 5716 3114 5779; x_wconf 86' lang='lat' dir='ltr'><strong>post</strong></span> <span class='ocrx_word' id='word_1_788' title='bbox 3160 5708 3414 5780; x_wconf 82' lang='grc' dir='ltr'>μεγάλως</span> <span class='ocrx_word' id='word_1_789' title='bbox 3444 5706 3685 5779; x_wconf 50' lang='lat' dir='ltr'><strong>ponitur.</strong></span> 
     </span>
    </p>
   </div>
  </div>
