3956 6202
319 356 449 423 1933

1500 355 1580 416 ΙΝ
1618 348 2009 414 ZACHARLE
2056 350 2210 409 CAP.
2231 348 2338 408 XI.

3421 342 3559 405 193i

320 492 339 523 ι
371 470 490 525 Ἀπ’
522 467 759 540 ἐμαυτοῦ
801 467 860 521 οὐ
892 465 1064 519 λαλῶο
1107 465 1327 536 ἐντολὴν
1374 464 1564 520 ἔλαϐον
1587 509 1600 530 ,
1633 465 1685 518 τί
1730 464 1887 527 εἴπω,

2018 473 2116 511 oco
2148 458 2194 511 ei
2233 455 2545 527 praecipitur
2581 472 2594 508 ι
2637 473 2654 505 ι
2689 453 2859 509 Pasce
2900 468 3032 510 oves
3074 452 3286 527 ιθάἀ,
3328 455 3557 510 occisio—

317 570 411 617 καὶ
428 563 480 615 τί
501 562 737 634 λαλήσω.
768 579 786 612 ι
815 559 999 622 Οῦτως
1019 556 1167 629 αὕτῷ
1189 560 1282 612 καὶ
1299 557 1530 615 ἐνταῦθα
1548 557 1850 614 ἐντέλλεται
1868 569 1880 582 '

322 674 340 705 ι
378 654 641 723 Ποίμαινε
678 652 748 706 τὰ
796 651 1042 722 πρόϐατα
1095 651 1194 722 τῆς
1252 652 1488 723 σφαγῆς.
1531 672 1551 704 ι
1586 651 1696 705 Καὶ
1743 647 1888 702 διδά·

319 761 465 799 σκων
493 744 637 808 τίνος
663 743 801 797 αὐτὰ
834 742 990 813 χάριν
1020 740 1195 806 οὕτως
1222 743 1641 814 προσαγορεύει,
1675 742 1889 812 ἐπήγα-

319 852 412 902 γεν
426 849 441 863 ⁸

394 933 455 980 ε’.
495 942 513 975 ι
559 926 627 979 Ἀ
654 927 700 979 οἱ
745 927 1076 998 κτησάμενοι
1134 924 1498 995 κατέσφαζον,
1536 922 1630 976 καὶ
1660 922 1719 974 οὗ
1763 937 1889 993 μετ-

319 1016 602 1088 εμέλοντο,
632 1019 728 1071 καὶ
757 1019 807 1071 οἱ
835 1018 1141 1083 πωλοῦντες
1176 1017 1311 1072 αὐτὰ
1341 1016 1523 1084 ἔλεγον
1544 1031 1556 1044 ο
1590 1013 1892 1083 Εὐλογητὸς

321 1107 545 1179 Κύριος,
579 1108 674 1161 καὶ
703 1107 1189 1179 πεπλουτήκαμεν’
1221 1106 1314 1160 καὶ
1340 1107 1389 1159 oi
1420 1103 1676 1175 ποιμένες
1709 1100 1891 1156 αὐτῶν

320 1199 421 1253 οὐκ
447 1198 682 1269 ἔπασχον
711 1199 860 1252 οὐδὲν
890 1199 975 1252 ἐπ’
1011 1200 1214 1262 αὐτοῖς.
1261 1216 1277 1249 ι
1320 1196 1454 1248 Ὑπὸ
1482 1192 1754 1248 δυσσεϐὦν
1782 1191 1893 1263 γὰρ

325 1290 607 1361 βασιλέων,
642 1290 735 1343 καὶ
790 1289 1123 1360 παρανόμων
1173 1287 1359 1360 ίερέων
1399 1287 1677 1355 ἀγόμενοι,
1727 1283 1895 1352 μυρία

323 1383 424 1434 ὅσα
472 1381 563 1434 ὑπ’
621 1380 799 1433 αὐτῶν
862 1380 1100 1449 ἔπασχον
1146 1379 1313 1432 δεινά.
1358 1378 1578 1449 Πλήρης
1627 1376 1683 1429 δὲ
1727 1376 1893 1429 τῶνδε

323 1472 433 1524 τῶν
457 1471 810 1542 διηγημάτων
839 1469 948 1523 τῶν
982 1487 1037 1522 τε
1068 1469 1443 1523 Μακκαϐαίων
1472 1470 1504 1539 ὴ
1550 1466 1778 1539 inopia;
1801 1467 1896 1520 καὶ

323 1561 393 1615 τὰ
450 1562 754 1633 ἰωσήππου
808 1562 1238 1631 συγγράμματα.
1271 1558 1587 1628 Φιλοτιμίας
1633 1557 1744 1628 γάρ
1798 1558 1894 1611 καὶ

327 1653 755 1725 φιλοχρηματίας
836 1654 1201 1722 εἰσδεξάμενοι
1276 1652 1430 1704 νόσον
1467 1690 1482 1715 ,
1530 1649 1742 1720 ὠνητὰς
1798 1649 1897 1712 τὰς

327 1744 624 1815 ἱερωσύνας
672 1743 994 1813 εἰργάσαντο
1023 1783 1037 1809 ,
1070 1744 1164 1796 καὶ
1220 1742 1319 1813 τὴν
1371 1740 1672 1810 οὐδαμόθεν
1725 1756 1896 1811 προσ-

327 1809 567 1904 ήκουσαν
601 1809 783 1894 αὐτοῖς
820 1830 976 1896 ἀξίαν
1007 1809 1287 1903 ὲπρίαντοξ
1337 1809 1614 1883 Ἐντεῦθεν
1640 1830 1706 1882 τὰ
1732 1809 1898 1900 μυρία
1929 1809 1971 1864 Β

341 1923 616 1987 Ἰουδαίοις
648 1921 846 1993 συνέϐη
887 1922 1054 1977 δεινά.
1107 1921 1311 1975 Τούτου
1345 1938 1409 1990 γε
1442 1920 1626 1973 εἵνεκα
1657 1924 1765 1984 τοῖς
1801 1920 1897 1990 μὲν

330 2014 585 2083 ποιμέσιν
634 2013 847 2067 ἀπειλεί
867 2013 1157 2084 τιμωρίαν,
1181 2014 1288 2067 τῶν
1325 2013 1381 2066 δὲ
1406 2011 1694 2082 προϐάτων
1720 2012 1900 2066 πᾶσαν

330 2108 565 2159 ποιεῖται
621 2104 968 2176 κηδεμονίαν.
1028 2105 1163 2176 Περὶ
1214 2105 1271 2159 δὲ
1321 2104 1431 2159 τῶν
1497 2105 1900 2158 δυσσεϐοὑντων

332 2198 466 2269 φησί
485 2215 498 2229 ·

407 2294 483 2354 ς’.
515 2306 533 2340 ι
573 2287 671 2340 Διὰ
696 2285 853 2340 τοῦτο
871 2287 930 2340 οὐ
961 2287 1215 2358 φείσομαι
1236 2288 1416 2341 οὐκέτι
1448 2288 1541 2341 ἐπὶ
1566 2286 1693 2350 τοὺς
1722 2303 1905 2340 κατοι-

340 2379 573 2442 κοῦντας
594 2378 694 2447 τὴν
740 2378 1028 2448 γῆν,λέγει
1058 2377 1277 2448 Κύριος.
1310 2379 1420 2433 Καὶ
1451 2379 1559 2432 ἰδοὺ
1587 2377 1698 2446 ἐγὼ
1729 2395 1906 2448 παρα-

332 2470 526 2539 δίδωμι
573 2470 699 2532 τοὺς
747 2467 1067 2540 ἀνθρώπους
1110 2469 1341 2522 ἕκαστον
1387 2471 1469 2532 είς
1522 2472 1710 2540 χεῖρας
1734 2468 1780 2501 ⁵³
1810 2466 1903 2521 τοῦ

336 2561 566 2632 πλησίον
611 2559 776 2614 αὑτοῦ
794 2561 859 2623 δ”,
906 2561 999 2612 καὶ
1032 2560 1394 2629 κατακόψουσι
1424 2560 1521 2632 τὴν
1551 2561 1652 2630 γῆν
1673 2602 1687 2626 ,
1727 2560 1820 2613 καὶ
1842 2559 1902 2612 οὐ

340 2652 417 2723 μὴ
449 2650 716 2720 ὲξέλωμαι
742 2652 804 2702 ὲκ
836 2651 933 2720 τῆς
958 2651 1003 2684 ⁵⁵
1026 2650 1206 2721 χειρὸς
1229 2649 1429 2705 αὐτῶν.
1460 2670 1478 2702 ι
1522 2649 1796 2712 Ἐκείνους
1826 2649 1905 2715 δὲ,

339 2744 494 2813 φησὶ,
513 2743 600 2796 διὰ
628 2743 725 2812 τὴν
745 2742 950 2795 οἰκείαν
970 2744 1314 2813 παρανομίαν
1337 2742 1712 2814 ἀτημελήτους
1737 2759 1907 2796 κατα-

335 2833 531 2897 λιπὼν,
565 2834 673 2886 τῶν
726 2833 1145 2903 ἐπιεικεστέρων
1185 2836 1366 2887 πᾶσαν
1424 2835 1723 2904 ποιήσομαι
1775 2833 1909 2905 πρό-

337 2942 509 2979 νοιαν.
539 2924 711 2977 Τοῦτο
744 2924 851 2996 γὰρ
889 2925 955 2977 δι’
1001 2918 1076 2978 ὧν
1110 2926 1357 2995 ἐπήγαγε
1405 2925 1776 2996 παρεδήλωσε.

412 3016 478 3081 ξ’.
515 3035 534 3069 ι
578 3019 687 3072 Καὶ
716 3018 964 3088 ποιμανῶ
1006 3020 1074 3072 τὰ
1108 3019 1354 3089 πρόϐατα
1379 3019 1479 3087 τῆς
1513 3018 1727 3087 σφαγῆς
1764 3018 1820 3071 ἐν
1844 3020 1909 3088 τῇ

1990 549 2095 602 nis.
2137 566 2155 598 ι
2199 546 2263 601 Ει
2305 550 2510 602 docens
2565 545 2916 616 quamobrem
2965 559 3060 601 eas
3102 547 3181 601 sic
3227 552 3418 612 vocet,
3465 543 3559 598 ad-

1986 638 2117 708 jecit
2154 657 2166 691 :

2062 917 2224 972 Vens.
2255 917 2307 972 5.
2350 934 2368 965 σ
2406 915 2553 983 Quas
2593 915 2685 987 qui
2740 914 3103 985 possederunt
3137 915 3559 979 interﬁciebant,

1992 1019 2046 1062 et
2077 1021 2186 1061 non
2212 1006 2445 1077 agebant
2470 1006 2883 1076 paenitentiam;
2913 1012 2966 1060 et
2989 1006 3079 1076 qui
3113 1005 3420 1063 vendebant
3448 1021 3560 1069 eas,

1993 1098 2247 1153 dicebant
2276 1115 2289 1152 :
2317 1096 2645 1152 Benedictus
2679 1095 2963 1160 Dominus,
2995 1103 3049 1150 et
3080 1095 3274 1152 divites
3308 1097 3433 1151 facti
3465 1113 3562 1152 su-

1994 1205 2157 1255 mus;
2206 1200 2258 1245 et
2303 1198 2557 1259 pastores
2586 1203 2774 1243 earum
2828 1187 2965 1241 nihil
3023 1188 3370 1259 patiebantur
3399 1201 3565 1257 super

1994 1283 2094 1336 cis.
2136 1299 2154 1331 ι
2184 1280 2266 1334 Ab
2299 1279 2482 1351 impiis
2509 1280 2653 1335 enim
2689 1278 2928 1349 regibus,
2952 1286 3006 1333 et
3042 1278 3245 1348 iniquis
3272 1276 3567 1334 sacerdoti-

1997 1373 2099 1429 bus
2133 1371 2289 1439 recti,
2321 1371 2625 1427 innumeris
2644 1372 2801 1427 malis
2820 1371 2888 1427 ab
2921 1372 3001 1428 eis
3023 1369 3199 1426 affecti
3235 1369 3473 1425 fuerunt.
3499 1368 3567 1425 Et

1996 1466 2156 1535 plena
2191 1472 2279 1521 est
2324 1474 2436 1520 tum
2470 1463 2903 1519 Machabzeorum
2940 1463 3170 1521 historia
3217 1463 3302 1519 his
3325 1465 3344 1483 ⁶
3374 1479 3568 1520 narra-

1997 1557 2260 1619 tionibus,
2309 1567 2421 1612 tum
2469 1556 2689 1627 Jusephi
2730 1558 3026 1614 volumina.
3064 1555 3360 1627 Postquam
3423 1556 3569 1611 enim

1999 1648 2311 1704 ambitionis
2359 1658 2411 1703 et
2461 1648 2704 1703 avaritia:
2737 1649 2929 1702 morbo
2975 1646 3225 1701 laborare
3261 1654 3566 1717 cmperunt,

1999 1739 2305 1795 sacerdotia
2340 1740 2553 1795 venalia
2584 1740 2914 1806 habuerunt,
2943 1746 2995 1794 et
3020 1738 3167 1792 nulla
3193 1753 3258 1793 ex
3282 1744 3436 1809 parte
3463 1738 3569 1795 sibi

1999 1830 2412 1886 convenientem
2453 1831 2771 1900 dignitatem
2821 1841 3089 1893 emerunt.
3153 1828 3358 1886 Exinde
3412 1829 3573 1884 innu-

2001 1923 2283 1977 merabilia
2325 1922 2466 1977 mala
2497 1921 2702 1978 Iudaeis
2749 1923 3089 1979 acciderunt.
3125 1922 3306 1991 Quare
3340 1926 3575 1997 pastori-

2000 2016 2104 2072 bus
2145 2014 2365 2085 quidem
2418 2016 2690 2086 supplicia
2742 2017 3002 2081 minatur,
3035 2031 3165 2072 oves
3200 2026 3383 2073 autem
3425 2016 3581 2073 omni

2002 2121 2131 2161 cura
2162 2104 2537 2175 prosequitur.
2577 2104 2651 2161 De
2686 2104 2873 2176 impiis
2909 2120 3036 2162 vero
3080 2106 3162 2162 sic
3191 2107 3466 2178 loquitur:

2074 2302 2240 2360 Vens.
2276 2303 2330 2359 6.
2371 2322 2390 2355 ‹
2423 2302 2548 2359 ideo
2587 2318 2694 2357 non
2742 2317 2963 2373 parcam
2994 2304 3141 2359 ultra
3173 2305 3574 2364 habitatoribus

2006 2405 2188 2461 terrae,
2223 2396 2359 2451 dicit
2388 2393 2672 2450 Dominus.
2711 2394 2778 2449 Et
2815 2410 2944 2451 ecce
2974 2411 3075 2467 ego
3112 2398 3271 2454 trado
3305 2398 3577 2464 homines,

2010 2502 2459 2557 unumquemque
2487 2488 2541 2540 in
2574 2501 2773 2543 manus
2802 2488 3035 2555 proximi
3069 2489 3189 2557 sui;
3212 2497 3267 2545 et
3292 2491 3583 2546 concident

2011 2588 2240 2643 terram,
2268 2587 2323 2636 et
2362 2593 2470 2633 non
2520 2592 2706 2633 eruam
2744 2578 2813 2633 de
2849 2593 3012 2633 manu
3035 2594 3249 2634 eorum.
3281 2597 3304 2633 ι
3331 2579 3455 2637 Illos
3485 2596 3581 2637 au-

2010 2679 2142 2737 tem,
2172 2672 2372 2742 inquit,
2408 2679 2632 2742 propter
2659 2685 2851 2727 eorum
2881 2670 3087 2729 scelera
3114 2672 3391 2744 neglectos
3425 2675 3583 2730 relino

2010 2778 2206 2835 quens,
2241 2761 2637 2819 moderatiores
2672 2762 2821 2816 omni
2861 2776 3003 2818 cura
3029 2761 3243 2819 tuebor.
3280 2761 3398 2825 Hoc
3435 2765 3582 2823 enim

2012 2855 2299 2927 sequentia
2337 2852 2635 2909 declarant.
3394 2876 3395 2879 η

2084 3023 2248 3081 Vens.
2284 3024 2334 3079 7.
2374 3044 2392 3077 ι
2449 3026 2515 3080 Et
2561 3020 2960 3095 pascam’ores
3000 3026 3307 3109 occisionis
3352 3029 3411 3087 in
3437 3037 3587 3087 terra

340 3116 415 3184 γῇ
444 3113 660 3166 Χαναὰν
674 3114 740 3168 ⁸⁸.
787 3131 805 3164 ι
844 3109 1016 3165 Τοῦτο
1046 3111 1156 3164 τισὶ
1193 3111 1294 3181 μὲν
1328 3109 1470 3175 ἔδοξε
1497 3111 1595 3180 τὴν
1632 3107 1909 3162 Παλαιστί-

2018 3110 2295 3169 Chanaan.
2330 3131 2350 3166 ι
2398 3111 2501 3168 Per
2554 3113 2657 3169 hoc
2686 3114 2908 3186 quidam
2945 3100 3153 3191 opinati
3185 3126 3313 3174 sunt
3338 3117 3587 3177 Palaesti-

341 3222 442 3275 νην
490 3203 855 3257 αἰνίττεσθαι·
892 3202 1017 3273 ἐμοὶ
1050 3202 1107 3255 δὲ
1156 3201 1307 3254 δοκεῖ
1350 3201 1448 3271 τὴν
1492 3201 1779 3272 ἀλλοτρίαν
1814 3217 1913 3271 ση-

347 3296 560 3367 μαίνειν
594 3312 608 3326 ·
634 3294 721 3348 διὰ
766 3295 874 3364 γὰρ
901 3291 994 3345 τοῦ
1047 3291 1288 3346 Χαναὰν
1326 3292 1453 3355 τοὺς
1495 3291 1809 3363 ἀλλοτρίους
1833 3291 1919 3343 ai-

343 3387 601 3440 νίττεται.
631 3387 792 3455 Λέγει
827 3385 1028 3440 τοίνυν·
1066 3384 1204 3449 Τοὺς
1258 3382 1592 3452 ὁπουδήποτε
1633 3380 1917 3434 πιστεῦσαί

350 3498 442 3555 μοι
481 3478 940 3551 προαιρουμένους
958 3475 1064 3528 ὑπὸ
1091 3474 1189 3543 τὴν
1222 3473 1361 3544 ἐμὴν
1388 3472 1536 3539 τάξω
1569 3471 1915 3542 κηδεμονίαν.

352 3594 373 3627 ε
417 3577 523 3629 Καὶ
575 3572 815 3643 λήψομαι
864 3566 1086 3639 ἐμαυτῷ
1125 3565 1220 3618 δύο
1265 3563 1525 3634 ῥάϐδους*
1561 3563 1657 3632 τὴν
1714 3562 1841 3631 μίαν
1874 3560 1917 3593 ⁸⁷

348 3667 584 3720 ἐκάλεσα
609 3663 836 3726 Κάλλος,
870 3662 964 3714 καὶ
1012 3659 1108 3728 τὴν
1139 3656 1331 3726 ἑτέραν
1372 3653 1679 3707 ὲπεκάλεσα
1715 3652 1922 3722 Σχοίνι-

353 3775 466 3827 σμα
503 3771 520 3787 ⁶
553 3755 645 3808 καὶ
694 3750 944 3821 ποιμανῶ
1002 3749 1070 3801 τὰ
1126 3746 1395 3816 πρόϐατα.
1437 3765 1454 3797 ι
1505 3746 1619 3798 Δύο
1657 3743 1922 3811 ῥάϐδους

351 3848 506 3901 καλεῖ
534 3847 601 3898 cit
633 3843 759 3913 ἔθνη
806 3842 899 3894 καὶ
935 3839 1244 3902 Ἰουδαίους.
1294 3837 1397 3890 Δύο
1440 3835 1613 3907 γάρθθ
1639 3835 1806 3889 πάλαι
1836 3852 1926 3904 γε·

352 3934 478 3988 me
495 3934 755 4004 δόγματα,
791 3931 850 3984 τὸ
885 3931 981 4000 μὲν
1010 3929 1318 3982 θεοσέϐειαν
1350 3926 1692 3990 ὲκπαιδεῦον,
1718 3924 1746 3977 ὃ
1773 3924 1922 3996 παρὰ

363 4026 646 4086 Ἰουδαίους
699 4023 955 4092 ὲκράτει’
990 4021 1051 4074 τὸ
1079 4021 1136 4073 δὲ
1189 4018 1490 4090 πρεσϐεῦον
1540 4017 1650 4070 τῶν
1689 4015 1924 4070 εἰδώλων

352 4117 453 4187 τὴν
498 4108 846 4184 πλάνην,ᾖ”
875 4112 1146 4180 διαφόρως
1181 4110 1397 4163 ἅπαντα
1456 4107 1624 4158 πάλαι
1674 4105 1740 4158 τὰ
1799 4105 1923 4175 ἔθνη

356 4207 652 4278 κατείχετο.
680 4205 790 4258 Καὶ
824 4206 887 4255 ἐκ
915 4202 1116 4254 τούτων
1145 4199 1345 4260 τοίνυν,
1380 4196 1533 4265 φησὶ,
1567 4196 1663 4247 καὶ
1695 4194 1753 4257 ἐξ
1781 4195 1925 4247 ὲκεί-

357 4317 463 4352 νων
520 4296 853 4366 συναθροίσω
916 4291 1182 4361 πρόϐατα,
1245 4290 1339 4341 καὶ
1407 4286 1533 4356 μίαν
1588 4284 1926 4354 ἑκατέρωθεν

358 4389 663 4460 ἐργάσομαι
700 4386 951 4455 ποίμνην,
982 4380 1152 4433 Τοῦτο
1190 4378 1281 4431 καὶ
1315 4379 1372 4431 ὲν
1397 4381 1510 4440 τοῖς
1546 4379 1708 4446 ἱεροῖς
1746 4378 1927 4441 Εὐαγ-

359 4483 557 4548 γελίοις
588 4480 721 4547 ἔφη’
754 4497 771 4528 ί
806 4475 915 4527 Καὶ
963 4472 1097 4526 ἄλλα
1154 4470 1400 4540 πρόϐατα
1429 4469 1556 4539 ἔχω,
1588 4468 1622 4520 δι
1649 4469 1749 4522 οὐκ
1782 4469 1927 4522 ἔστιν

361 4575 424 4624 ὲκ
453 4572 550 4639 τῆς
589 4569 758 4637 αὐλῆς
796 4563 997 4632 ταύτης
1032 4578 1045 4592 ο
1089 4560 1319 4614 κάκεῖνά
1353 4576 1419 4628 με
1455 4558 1536 4611 δεῖ
1561 4560 1806 4627 ἀγαγεῖν,
1835 4559 1931 4612 καὶ

360 4665 458 4731 τῆς
486 4660 667 4728 φωνῆς
698 4672 795 4727 μου
819 4649 1241 4715 ἀκούσουσι,κα“ι
1261 4648 1550 4719 γενήσεται
1579 4647 1678 4717 μία
1703 4646 1928 4717 ποίμνη,

364 4750 456 4801 καὶ
508 4742 587 4809 εἷς
629 4743 853 4812 ποιμήν.
885 4741 1024 4802 Τοὺς
1053 4738 1160 4808 γὰρ
1204 4737 1260 4804 ἐξ
1305 4736 1472 4789 ὲθνῶν
1503 4735 1931 4798 πεπιστευκότας

363 4843 473 4902 τοῖς
516 4838 572 4902 ἐξ
634 4836 898 4889 Ἰουδαίων
937 4830 1195 4901 ἀνέμιξε,
1230 4829 1321 4881 καὶ
1355 4828 1482 4898 μίαν
1540 4830 1774 4898 ποίμνην
1823 4828 1931 4880 ἁπ-

367 4929 551 4997 έφηνε.

438 5025 509 5087 η’.
548 5037 565 5068 ι
597 5019 704 5070 Καὶ
730 5013 905 5085 ἐξαιρῶ
957 5013 1103 5082 τρεῖς
1133 5009 1182 5040 ⁶⁰
1215 5009 1480 5078 ποιμένας
1508 5011 1565 5061 ἐν
1608 5009 1739 5079 μηνὶ
1768 5009 1867 5061 ἐνί.
1906 5029 1925 5061 ι

370 5110 509 5171 Τοὺς
554 5107 825 5161 Ἰουδαίων
870 5104 1018 5173 λέγει
1066 5099 1339 5171 βασιλέας,
1365 5100 1459 5153 καὶ
1500 5100 1805 5170 προφήτας,
1840 5101 1933 5153 καὶ

446 5303 482 5329 ω
516 5293 671 5349 Joan.
706 5309 767 5357 ιι,
807 5293 889 5346 16.

2018 3219 2141 3258 nam
2199 3204 2526 3275 designari:
2570 3204 2705 3260 mihi
2757 3213 2943 3263 autem
3002 3207 3216 3265 videtur
3273 3219 3588 3267 cxterorum

2019 3304 2164 3350 terra
2198 3296 2520 3366 signiﬁcari.
2544 3290 2679 3350 Nam
2718 3310 2814 3367 per
2862 3295 3117 3353 Chanaan
3144 3305 3362 3357 exteros
3384 3302 3586 3361 innuit.

2018 3384 2106 3439 Ait
2128 3401 2257 3457 ergo
2289 3405 2302 3440 :
2334 3384 2438 3441 Eos
2467 3387 2560 3456 qui
2593 3387 2900 3458 ubicunque
2930 3387 3172 3459 gentium
3206 3390 3338 3445 mihi
3368 3392 3592 3449 credere

2020 3475 2262 3540 student,
2290 3491 2411 3532 mea
2455 3491 2585 3531 cura
2616 3493 2940 3551 prosequar,
2981 3496 3000 3530 ι
3046 3478 3111 3533 Et
3141 3495 3418 3539 assumam
3456 3483 3592 3538 mihi

2019 3567 2157 3621 duas
2190 3567 2374 3638 virgas
2401 3585 2414 3622 :
2442 3583 2606 3622 unam
2652 3569 2838 3625 vocavi
2869 3569 3149 3636 Decorem,
3173 3579 3229 3625 et
3251 3572 3475 3628 alteram
3498 3589 3597 3627 vo-

2021 3660 2137 3715 cavi
2165 3657 2529 3726 Funiculum;
2562 3668 2615 3714 et
2657 3675 2875 3730 pascam
2925 3660 3137 3734 1655
3183 3677 3336 3720 oves.
3390 3682 3409 3714 ι
3446 3661 3593 3721 Duas

2022 3753 2194 3820 virgas
2226 3750 2463 3820 appellat
2489 3760 2679 3822 gentes
2713 3760 2766 3804 et
2791 3749 3030 3808 Iudaeos.
3072 3753 3187 3807 Duo
3216 3753 3359 3808 enim
3416 3768 3597 3824 quon-

2023 3842 2147 3896 dam
2176 3848 2334 3895 erant
2361 3839 2637 3911 generalia
2669 3841 2926 3912 dogmata
2954 3862 2968 3895 :
3009 3857 3177 3896 unum
3215 3842 3467 3912 pietatem
3493 3841 3596 3898 do-

2025 3947 2177 3995 cens,
2213 3929 2359 4002 quod
2385 3929 2527 4000 apud
2556 3928 2777 3984 Judaaos
2808 3931 3016 4002 viguit;
3061 3932 3286 3987 alterum
3323 3933 3597 3988 idolorum

2029 4023 2238 4077 cultum
2277 4021 2568 4093 proﬁtcns,
2615 4022 2702 4075 cui
2744 4021 2978 4078 diversis
3018 4022 3194 4077 modis
3229 4037 3418 4077 omnes
3465 4023 3596 4076 olim

2026 4123 2214 4184 gentes
2274 4112 2513 4168 astricta:
2554 4112 2797 4166 fuerunt.
2835 4112 2902 4164 Et
2942 4126 3006 4165 ex
3053 4111 3157 4165 hoc
3209 4126 3362 4181 ergo,
3399 4112 3594 4180 inquit,

2027 4212 2081 4257 et
2107 4219 2170 4257 ex
2203 4204 2296 4255 illo
2329 4201 2671 4269 congregabo
2707 4215 2859 4265 oves,
2884 4208 2937 4253 et
2971 4216 3141 4255 unum
3172 4202 3427 4271 utrinque
3457 4206 3600 4258 ovile

2030 4293 2327 4361 perliciam.
2357 4289 2467 4344 lloc
2490 4291 2653 4345 etiam
2680 4290 2732 4342 in
2767 4292 3136 4346 sacrosanctis
3167 4282 3485 4363 Evangeliis
3512 4295 3600 4348 di-

2031 4383 2106 4435 cit
2132 4401 2143 4435 :
2177 4400 2195 4432 ι
2229 4382 2378 4436 Alias
2406 4395 2535 4434 oves
2564 4379 2760 4443 habeo,
2781 4395 2902 4450 quae
2926 4396 3033 4435 non
3063 4389 3189 4435 sunt
3210 4397 3276 4437 ex
3299 4382 3404 4438 hoc
3423 4385 3550 4439 ovili
3585 4405 3597 4439 ;

1961 4500 2004 4553 ο
2032 4482 2083 4528 et
2115 4473 2236 4526 illas
2264 4477 2481 4540 oportet
2513 4485 2602 4525 me
2632 4470 2920 4538 adducere,
2959 4479 3013 4525 et
3066 4488 3248 4529 vocem
3295 4490 3467 4531 meam
3501 4492 3567 4529 au
3587 4505 3601 4516 -

2032 4565 2199 4629 diem,
2240 4569 2294 4618 ct
2334 4562 2424 4617 ﬁet
2466 4577 2630 4617 unum
2678 4562 2821 4616 ovile
2857 4569 2909 4616 et
2952 4579 3095 4618 unus
3123 4570 3312 4634 pastor
3341 4575 3402 4619 ιη.
3442 4584 3460 4616 ι
3497 4565 3603 4623 Eos

2033 4654 2176 4708 cnim
2226 4654 2324 4722 qui
2369 4668 2433 4707 ex
2483 4651 2736 4722 gentibus
2790 4652 3162 4719 crediderunt,
3195 4654 3281 4710 his
3310 4655 3604 4711 admiscuit

2031 4745 2125 4817 qui
2167 4760 2232 4799 ex
2265 4741 2468 4801 Iudaeis
2508 4743 2880 4809 crediderunt,
2919 4752 2974 4798 et
3017 4760 3186 4799 unum
3233 4746 3606 4802 ovilecousti-

2032 4837 2138 4890 tuit
2159 4877 2176 4895 .

2109 5000 2273 5067 Vm.
2303 5011 2358 5066 8.
2387 5030 2404 5062 ι
2431 5013 2498 5067 Et
2524 5010 2769 5067 auferam
2795 5021 2906 5068 tres
2930 5021 3183 5083 pastores
3205 5029 3397 5071 mense
3421 5029 3551 5068 uno.
3577 5031 3598 5065 ›

2042 5103 2217 5175 Reges
2242 5105 2375 5159 dicit
2397 5103 2731 5171 Judzeorum,
2755 5114 2810 5160 et
2834 5107 3148 5177 prophetas,
3173 5116 3228 5164 et
3254 5106 3562 5164 sacerdotes
3588 5118 3605 5157 :

1682 5454 1914 5509 νΑιιιιιΕ
1954 5450 2355 5508 LECTIONES.

478 5610 578 5661 "A
606 5611 780 5680 χεῖρα.
859 5611 904 5641 ³⁵⁸
927 5609 1047 5680 αὐτ.
1098 5609 1139 5663 C
1183 5607 1306 5664 add.
1361 5610 1456 5680 καὶ
1512 5609 1589 5670 είς
1644 5610 1830 5679 χεῖρας

376 5683 420 5713 ⁵³
451 5682 500 5762 ,Α
543 5679 620 5742 εἰς
662 5681 760 5747 τὴν
811 5679 1149 5732 Χαναανίτιν.

378 5767 520 5811 τους.

1894 5606 2154 5674 βασιλέων
2207 5600 2394 5659 αὑτοῦ.
2446 5603 2577 5674 Haec
2628 5597 2949 5674 des._in-A.
2994 5593 3069 5674 ,ξ’
3099 5592 3227 5674 τῆς..
3279 5587 3614 5674 Deiri.

1256 5681 1298 5711 ⁵⁷
1337 5662 1480 5748 μίαν.
1519 5662 1779 5746 Arptzz‘eril.
1812 5662 1922 5745 ’μέν
1993 5677 2038 5706 ⁸³
2069 5677 2195 5745 γάρ.
2244 5674 2318 5728 Ex
2347 5674 2387 5729 C
2427 5673 2603 5745 suppl.
2681 5673 2725 5706 "
2756 5669 2796 5723 C

2993 5664 3036 5695 ⁸ο
3065 5657 3166 5733 τρ.’
3201 5663 3242 5715 Α
3275 5670 3326 5714 et
3356 5657 3397 5714 C
3426 5671 3610 5726 prtem.
