3956 6202
411 369 555 433 1935

1437 347 1925 412 THEODORETI
1959 339 2299 406 EPISCOPI
2331 341 2695 402 CYRENSIS

3545 330 3677 397 1936

420 493 516 548 per
543 477 644 529 bos
674 471 819 527 enim
852 479 961 524 tres
994 465 1219 520 ordines
1244 461 1635 534 pascebantur.
1672 458 1735 512 Et
1762 470 1986 512 causam

2118 455 2314 526 ερέας·
2349 453 2434 507 διὰ
2496 453 2604 523 γάρ
2652 449 2855 504 τούτων
2911 449 3019 503 τῶν
3071 450 3237 520 τριῶν
3296 447 3680 519 ἐποιμαίνοντο

418 568 677 625 imlicans
707 560 911 632 adjecit
937 577 949 612 :
976 577 993 610 ι
1029 557 1091 611 Et
1116 554 1437 629 gravabitur
1468 553 1650 608 anima
1680 564 1799 606 mea
1829 563 1995 618 super

418 677 556 724 eos,
593 655 869 726 siquidem
914 660 967 707 et
1011 649 1208 704 animae
1243 662 1437 702 eorum
1488 643 1786 716 rugiebant
1829 654 1995 710 super

420 769 527 807 me.
561 770 581 802 ι
613 746 727 801 lloc
753 746 871 814 ipse
910 742 1172 797 Dominus
1207 755 1307 810 per
1339 737 1635 793 Jeremiam
1664 733 1989 804 prepbetam

420 841 629 896 clarius
665 838 861 899 docet,
896 834 1092 889 dicens
1128 850 1142 887 :
1176 849 1194 882 ι
1234 830 1452 900 lteliqni
1504 828 1728 884 domum
1781 837 1992 885 meam,

419 935 609 993 dimisi
646 930 1018 988 luereditatem
1055 942 1228 982 meam
1252 968 1267 993 ,
1300 924 1424 980 dedi
1459 922 1719 978 dilectam
1754 917 1993 973 animam

418 1044 598 1086 meam
633 1028 687 1080 in
725 1038 921 1078 manus
968 1020 1318 1075 inimicorum
1353 1018 1511 1086 ejus;
1552 1014 1694 1068 facta
1727 1018 1814 1067 est
1848 1007 1979 1063 mihi

418 1118 712 1174 itaareditas
760 1129 878 1168 mea
900 1154 915 1177 ,
944 1112 1105 1183 quasi
1149 1111 1235 1165 leo
1267 1110 1320 1163 in
1354 1109 1522 1173 silva;
1557 1102 1754 1161 extulit
1797 1108 1992 1155 contra

420 1213 439 1233 ‘
489 1222 574 1262 me
627 1220 811 1260 vocem
848 1217 1039 1265 suam,
1085 1200 1209 1254 ideo
1240 1197 1384 1252 odivi
1422 1211 1542 1249 eam
1576 1203 1628 1249 ιι.
1659 1211 1677 1244 ι
1710 1187 2018 1260 Siquidem‘

419 1298 584 1352 etiam
622 1309 719 1365 per
753 1291 950 1346 Isaiam
986 1290 1190 1344 clamat
1223 1306 1235 1340 :
1269 1305 1285 1337 ι
1312 1281 1639 1353 Exspectavi
1662 1319 1677 1344 ,
1707 1286 1765 1332 ut
1791 1279 1995 1331 faceret

414 1388 723 1460 judicium,
759 1384 890 1439 fecit
926 1392 1109 1437 autem
1152 1378 1495 1448 iniquitatem
1520 1415 1535 1440 ,
1565 1381 1621 1429 et
1672 1385 1780 1426 non
1827 1368 1994 1439 justi-

420 1482 585 1544 tiam,
625 1476 718 1532 sed
753 1476 1051 1529 clamorem
1084 1480 1132 1524 ο.
1166 1494 1184 1524 ι
1213 1468 1487 1536 Quoniam
1522 1479 1654 1536 ergo
1687 1462 1866 1517 ferino
1894 1460 1996 1514 im-

420 1580 547 1644 petu
580 1570 862 1623 irruerunt
898 1568 952 1622 in
1005 1582 1090 1620 me
1136 1552 1403 1634 tariquaan
1453 1559 1771 1630 rugientes,
1808 1563 1862 1610 et
1891 1568 1997 1609 ca:-

422 1665 544 1720 dem
584 1674 760 1716 meam
792 1660 1044 1715 sitientes
1070 1676 1083 1711 :

2099 546 2415 617 ταγμάτων.
2448 546 2559 598 Kal
2609 543 2709 612 τὴν
2758 544 2937 597 αἰτίαν
2982 543 3196 606 δεικνὺς
3253 542 3485 610 ἐπάγει·
3522 557 3539 591 ι
3573 540 3681 592 Kal

2101 634 2495 709 βαρυνθησεται
2523 636 2557 704 ἡ
2605 634 2751 705 ψυχή
2805 650 2907 704 μου
2960 633 3047 686 ἐπ’
3082 630 3313 694 αὐτούς·
3350 631 3445 683 καὶ
3483 629 3593 699 γάρ
3623 630 3679 682 ai

2096 727 2262 799 ψυχαὶ
2293 727 2471 781 αὐτῶν
2495 725 2863 798 ἐπωρῦοντοδί
2896 725 2980 778 ἐπ’
3003 723 3127 794 ἐμέ.
3161 742 3178 775 ι
3213 722 3384 776 Τοῦτο
3420 720 3682 790 σαφέστε-

2101 837 2190 890 ρον
2222 820 2384 884 αὐτὸς
2409 820 2437 872 ὁ
2465 818 2744 889 Δεσπότης
2786 816 2875 871 διὰ
2922 816 3018 871 τοῦ
3074 814 3354 887 προφήτου
3413 812 3681 884 Ἱερεμίου

2096 910 2336 964 διδάσκει
2367 948 2383 971 .
2421 909 2595 978 λέγων
2619 926 2633 940 ι
2673 928 2690 961 ι
2735 907 3205 977 Ἐγκαταλέλοιπα
3234 905 3325 960 τὸν
3357 898 3506 959 οἶκόν
3556 921 3678 975 μου,

2097 1005 2285 1074 ἀφῆκα
2306 1003 2404 1075 τὴν
2431 1001 2792 1074 κληρονομίαν
2822 1019 2924 1073 μου
2944 1017 2957 1032 ο
2997 1000 3174 1053 ἔδωκα
3199 1000 3298 1067 τὴν
3317 997 3681 1068 ἠγαπημένην

2096 1094 2272 1165 ψυχήν
2297 1111 2398 1163 μου
2434 1094 2516 1157 είς
2540 1095 2732 1164 χεῖρας
2760 1092 2976 1163 ἐχθρῶν
3006 1091 3179 1159 αὐτῆς
3206 1090 3460 1157 ’ἐγένετο
3481 1090 3515 1158 ή
3554 1087 3682 1155 κλη-

2101 1186 2325 1258 ρονομία
2385 1203 2486 1256 μου
2523 1185 2678 1256 ἐμοὶ,
2708 1184 2783 1248 ῶς
2833 1184 2972 1237 λέων
3000 1185 3058 1236 ἐν
3107 1181 3330 1253 δρυμῷ·
3369 1180 3570 1234 ἔδωκεν
3597 1178 3682 1232 ἐπ’

2097 1278 2197 1348 ἐμὲ
2241 1278 2342 1348 τὴν
2387 1276 2571 1347 (ξωνὴν
2603 1276 2796 1344 αὐτῆς,
2822 1275 2910 1327 διὰ
2938 1273 3097 1327 τοῦτο
3145 1273 3388 1348 ἐμίσησα
3429 1272 3625 1342 αὑτήν.
3659 1290 3678 1322 ι

2097 1343 2207 1421 Kal
2240 1343 2423 1438 μέντοι
2455 1343 2549 1420 καί
2571 1366 2661 1420 διὰ
2690 1366 2912 1419 Ἡσαΐου
2939 1365 3067 1437 βοᾷ·
3099 1383 3117 1416 ι
3141 1343 3372 1435 ιτΕμεινα
3401 1362 3499 1416 τοῦ
3529 1362 3687 1433 ποιῆ-

2100 1475 2210 1536 σειι⁵
2233 1457 2449 1526 κρίσιν,
2486 1455 2710 1527 ἐποίησε
2743 1455 2800 1509 δέ
2835 1455 3069 1524 ἀνομίαν
3095 1495 3111 1522 ,
3152 1455 3248 1507 καὶ
3299 1455 3361 1506 οὐ
3406 1453 3687 1507 δικαιοσύ-

2098 1566 2216 1619 νην,
2249 1548 2382 1602 ἀλλὰ
2429 1546 2700 1620 κραυγὴν.
2750 1566 2768 1599 ι
2815 1546 3033 1617 Ἐπειδὴ
3060 1547 3239 1600 τοίνυν
3280 1544 3567 1618 θηριωδῖθς
3591 1562 3679 1615 μοι

2102 1639 2407 1710 ⁸προσῆλθον
2435 1641 2599 1693 οἱονεὶ
2627 1639 2989 1711 βρυχώμενοι,
3014 1639 3111 1692 καὶ
3136 1638 3232 1708 τὴν
3263 1639 3404 1708 ἐμὴν
3430 1636 3689 1707 διψῶντες

2102 1732 2337 1804 σφαγὴν,

479 1846 659 1899 'Vens.
687 1843 745 1899 9.
775 1861 793 1893 ι
828 1840 942 1911 Εαο
973 1838 1141 1894 etiam
1175 1835 1302 1890 dico
1335 1833 1418 1888 eis
1450 1850 1465 1887 :
1499 1827 1618 1884 Non
1655 1824 1871 1899 1646
1903 1838 1993 1894 pa-

2169 1823 2233 1879 θ’.
2267 1845 2283 1874 ι
2314 1824 2483 1894 Κάγώ
2522 1841 2662 1895 φημι
2691 1823 2825 1894 πρὸς
2854 1821 3054 1887 αὐτούς
3077 1839 3091 1855 ⁸
3116 1822 3193 1876 Οὐ
3226 1822 3477 1893 ποιμανῶ
3513 1822 3687 1892 ὑμᾶς’

419 1954 570 1998 scam
601 1952 695 1992 vos
726 1954 739 1989 :
773 1932 924 2005 quod
958 1931 1214 1994 moritur,
1251 1926 1543 1988 moriatur,
1579 1929 1633 1976 et
1661 1916 1813 1990 quod
1846 1914 1996 1971 defe-

420 2033 524 2093 cit,
557 2026 776 2083 detieiat
797 2064 812 2087 ,
838 2031 896 2078 et
926 2021 1143 2090 reliqua
1175 2017 1442 2073 devorent
1471 2009 1857 2080 unusquisque
1881 2019 2002 2060 ear-

421 2138 522 2178 ncs
551 2117 786 2191 proximi
816 2115 927 2171 sui.
959 2133 978 2166 ι
1009 2110 1135 2166 Haec
1167 2109 1353 2164 omnia
1388 2106 1457 2161 iis
1489 2102 1747 2159 accidere
1773 2112 2003 2154 necesse

420 2223 506 2269 est
531 2253 546 2278 ,
577 2224 719 2281 quos
753 2207 941 2261 divina
972 2203 1319 2274 providentia
1353 2194 1630 2253 destituit.

494 2397 662 2450 Vsus.
697 2389 783 2445 10.
812 2405 829 2437 ι
858 2383 920 2438 Ει
947 2392 1227 2436 assumam
1257 2375 1463 2445 virgam
1489 2383 1666 2426 meam
1688 2365 2001 2440 pulchram,

422 2502 477 2547 et
498 2484 791 2560 projieiam
817 2491 938 2534 eam
959 2513 975 2539 ,
1000 2480 1055 2528 ut
1080 2468 1347 2539 dissipem
1373 2467 1764 2520 testamentum
1795 2471 2005 2523 meum,

421 2550 571 2655 quod
596 2550 845 2647 disposui
878 2570 1022 2624 inter
1045 2577 1238 2620 omnes
1266 2557 1494 2631 populos
1519 2564 1697 2610 teme.
1722 2571 1739 2603 ι
1764 2550 1833 2607 lis
1856 2550 2004 2606 enim

422 2640 518 2743 qui
548 2640 887 2740 cognitionis
927 2658 1021 2714 Dei
1057 2650 1504 2728 praedicationem
1549 2644 1896 2715 susceperint
1923 2640 2007 2695 di-

424 2734 557 2818 rino
614 2734 925 2814 uentilabro
977 2745 1213 2805 secretis
1257 2750 1312 2799 et
1357 2758 1388 2795 ιι
1431 2739 1604 2811 paleis
1654 2739 1831 2793 instar
1891 2734 2008 2790 l’ru-

426 2849 599 2909 menti
633 2841 937 2917 separatis,
971 2849 1203 2893 neeesse
1231 2845 1465 2905 prorsus
1495 2829 1603 2886 erit
1632 2828 1819 2900 paleas
1849 2840 2005 2882 com-

429 2942 560 2999 buri
607 2916 734 3011 igne
788 2925 1264 3001 inexstinguibili,
1315 2922 1474 2995 juxta
1534 2919 1719 2993 magni
1774 2916 2007 2975 Joannis

431 3046 619 3089 vocem
652 3040 702 3085 Ρ.

500 3122 667 3178 Vens.
702 3117 792 3174 ll.
822 3135 841 3168 ι
873 3112 940 3169 Ει
964 3108 1323 3204 dissipabitur
1350 3104 1439 3161 die
1471 3103 1591 3159 illo.
1622 3122 1640 3154 ι
1668 3101 1790 3204 Non
1823 3113 2003 3204 autem
2035 3143 2080 3204 ε

428 3217 497 3271 de
516 3211 818 3276 oumibus,
848 3206 942 3280 qui
972 3220 1041 3260 ex
1081 3201 1336 3274 gentibus
1367 3204 1532 3262 sunt,
1580 3210 1708 3251 eum
1758 3194 1878 3249 haec
1924 3195 2006 3249 lo-

431 3309 527 3381 qui
550 3348 565 3373 ,
601 3306 697 3362 sed
737 3308 949 3357 tantum
984 3298 1052 3352 de
1084 3292 1436 3358 inﬁdelibus,
1474 3288 1765 3359 sequentia
1800 3296 2011 3343 testan-

430 3413 543 3455 tur.
568 3409 602 3449 ι’
618 3395 686 3451 Et
717 3393 1054 3464 cognoscent
1080 3382 1381 3442 Cbananaei
1414 3395 1547 3436 oves
1567 3419 1584 3446 ,
1639 3393 1764 3450 quae
1815 3385 2007 3433 custo-

431 3492 660 3549 diuntur
693 3485 826 3542 mihi
855 3503 869 3539 ι
902 3483 1034 3553 quia
1068 3477 1298 3536 verbum
1332 3473 1564 3529 'Domini
1602 3480 1707 3529 est.
1742 3490 1760 3524 ι
1791 3468 2008 3527 Chana-

434 3598 576 3638 ιιωοε
605 3586 761 3636 vocat
786 3589 885 3630 eos
914 3571 1007 3643 qui
1033 3584 1100 3626 ex
1124 3565 1383 3641 gentibus
1408 3562 1761 3618 crediderunt
1781 3603 1796 3627 ,
1823 3567 2010 3639 utpote

434 3670 779 3745 allophylos;
827 3682 941 3721 oves
977 3669 1164 3719 autem
1205 3659 1333 3714 illos
1370 3670 1499 3714 esse.
1539 3655 1618 3709 ait
1645 3654 1896 3710 custodia
1928 3651 2010 3707 di-

434 3742 565 3835 gnas
588 3802 603 3828 ,
626 3742 858 3830 propter
888 3754 1047 3810 ﬁdem
1078 3766 1240 3823 quam
1269 3747 1451 3819 adepti
1478 3753 1628 3803 sunt.
1657 3743 1725 3798 Hi
1746 3785 1760 3807 ,
1791 3742 2005 3813 inquit,

434 3831 560 3909 cum
597 3849 898 3906 inﬁdelium
930 3844 1157 3899 exitium
1194 3838 1468 3901 viderint,
1510 3836 1888 3906 experimento
1921 3831 2006 3886 di—

435 3948 590 4000 scent
608 3981 623 4006 ,
649 3935 1035 4011 praplreticum
1063 3944 1374 3987 sermonem
1404 3927 1497 3983 Dei
1523 3941 1646 3982 esse
1670 3938 2006 3980 sermonem.

437 4032 533 4088 llis
568 4039 749 4085 autem
783 4021 1078 4094 explicatis
1112 4019 1180 4075 de
1208 4016 1509 4072 incredulis
1540 4015 1718 4085 deque
1756 4010 2008 4067 ﬁdelibus

436 4121 581 4196 apud
616 4125 824 4194 gentes
845 4158 859 4184 ,
911 4124 1221 4169 sermonem
1259 4106 1530 4164 convertit
1561 4104 1629 4161 ad
1660 4103 1883 4159 Judaeos
1911 4143 1923 4169 ,
1955 4111 2008 4156 et

435 4213 570 4268 dicit
605 4230 619 4266 :
1930 4238 1989 4265 χ

506 4303 802 4369 νειιειη,
838 4301 920 4357 l5.
949 4317 968 4350 ι
990 4296 1066 4352 Et
1087 4297 1266 4352 dicam
1296 4293 1363 4348 ad
1390 4307 1488 4348 eos
1508 4332 1523 4357 ,
1557 4286 1772 4360 inquit:
1814 4285 1872 4340 Si
1893 4284 2006 4338 'bo-

436 4414 568 4454 num
591 4408 673 4454 est
694 4397 750 4451 in
775 4401 1073 4464 conspectu
1095 4400 1299 4453 vestro,
1324 4384 1450 4441 date
1470 4380 1778 4439 mercedem
1809 4390 2005 4440 meam,

437 4497 533 4545 aut
567 4489 783 4545 renuite
816 4504 828 4539 :
867 4493 922 4538 et
961 4485 1269 4537 statuerunt
1306 4472 1614 4529 mercedem
1671 4482 1848 4523 meam
1905 4464 2007 4519 tri-
2041 4498 2088 4553 Β

437 4583 589 4653 ginta
647 4583 959 4649 argenteos.
1008 4571 1075 4624 Et
1122 4568 1263 4623 dixit
1301 4563 1568 4618 Dominus
1623 4559 1690 4614 ad
1725 4572 1815 4612 me
1856 4573 1870 4610 τ
1908 4553 2011 4609 De-

438 4649 581 4744 pone
607 4684 703 4725 eos
734 4669 786 4721 in
829 4660 1234 4725 conﬂatorium,
1279 4663 1334 4712 et
1373 4653 1662 4709 considera
1690 4649 1903 4721 1647
1934 4663 2001 4701 an

437 4741 729 4833 probatum
762 4758 869 4823 sit,
903 4754 1047 4811 sicut
1083 4750 1355 4823 probatus
1389 4761 1511 4803 sum
1547 4760 1647 4816 pro
1678 4747 1780 4799 eis.
1817 4741 1883 4795 Et
1914 4755 2011 4796 ac-

436 4832 561 4922 cepi
596 4851 825 4920 triginta
857 4852 1147 4915 argenteos
1172 4881 1188 4906 ,
1218 4849 1273 4895 et
1304 4837 1429 4894 misi
1472 4851 1537 4892 ac
1566 4833 1773 4906 proieci
1817 4848 1912 4889 eos
1955 4832 2010 4887 in

439 4948 665 4999 domum
724 4935 938 4990 Domini
988 4934 1045 4988 in
1090 4928 1497 4986 conﬂatorium.
1532 4946 1550 4978 ι
1602 4923 1730 4979 Haec
1783 4939 1849 4979 ex
1892 4936 2014 4977 mea

442 5031 717 5090 sententia
752 5026 1140 5099 explanatione
1170 5037 1278 5077 non
1312 5026 1511 5090 egent,
1541 5033 1669 5074 cum
1701 5017 1898 5071 borum
1931 5015 2018 5069 in-

443 5125 890 5200 terpretationem
952 5132 1238 5176 sacrorum
1298 5113 1723 5185 Evangeliorum
1780 5109 2015 5164 historia

515 5310 542 5339 ιι
583 5314 684 5362 ιιι,
713 5298 769 5360 7,
804 5301 857 5349 ὅ.
940 5301 964 5329 ο
1005 5293 1188 5357 lsa.~v,
1221 5291 1273 5344 7.
1354 5299 1378 5338 ι’
1418 5286 1611 5340 Matth.
1645 5299 1740 5345 Ill,
1780 5284 1866 5337 l2.

2102 1917 2162 1970 τὸ
2197 1916 2541 1984 ἀποθνῆσκον
2572 1915 3094 1987 ἀποθνησκέτω,καὶ
3111 1915 3156 1945 ⁶²
3174 1913 3235 1966 τὸ
3268 1912 3520 1967 ἐκλεῖπον
3547 1912 3692 1966 έκλι-

2104 2010 2273 2074 πέτω,
2304 2007 2397 2061 καὶ
2434 2006 2502 2060 τά
2557 2007 2861 2060 κατάλοιπα
2903 2003 3239 2060 κατεσθιέτω
3261 2003 3306 2034 ⁸³
3332 2003 3565 2068 ἕκαστος
3593 2004 3693 2068 τὰς

2107 2100 2317 2171 σάρκας
2365 2099 2461 2154 τοῦ
2500 2098 2729 2171 πλησίον
2753 2097 2943 2153 αὑτοῦ.
2969 2116 2987 2147 ι
3023 2093 3211 2150 Ταῦτα
3235 2094 3292 2148 δὲ
3316 2094 3535 2149 ἅπαντα
3554 2110 3697 2165 συμο

2107 2192 2314 2246 ϐαίνειν
2341 2192 2555 2262 ἀνάγκη
2583 2193 2698 2255 τοῖς
2744 2191 2845 2260 τῆς
2891 2189 3043 2253 θείας
3080 2189 3485 2259 γυμνουμένοις
3529 2187 3693 2258 κηδε-

2102 2285 2320 2355 μονίας.

2183 2376 2233 2432 ι’.
2280 2395 2297 2428 ι
2345 2377 2454 2431 Kal
2486 2375 2730 2447 λήψομαι
2769 2373 2867 2446 τὴν
2898 2374 3094 2445 ῥάϐδον
3126 2391 3229 2446 μου
3257 2372 3356 2442 τὴν
3388 2372 3693 2444 καλὴν,καὶ

2106 2467 2398 2541 ἀπορρίψω
2422 2467 2594 2539 αὐτὴν
2629 2464 2723 2521 τοῦ
2759 2466 3111 2521 διασκεδάσαι
3136 2465 3236 2536 τὴν
3269 2464 3541 2535 διαθήκην
3567 2481 3689 2530 μου,

2107 2556 2173 2626 ip
2205 2555 2459 2627 διεθέμην
2486 2559 2564 2618 είς
2581 2556 2623 2586 ⁸⁸
2642 2556 2845 2619 πάντας
2868 2556 2994 2619 τοὺς
3024 2555 3185 2619 λαοὺς
3213 2557 3311 2626 τῆς
3330 2554 3435 2625 γῆς
3452 2553 3520 2611 ⁸⁵.
3535 2571 3555 2604 ι
3574 2553 3693 2606 Τῶν

2108 2649 2216 2719 γὰρ
2244 2647 2552 2719 δεξαμένων
2588 2651 2685 2720 τῆς
2712 2648 3045 2716 θεογνωσίας
3068 2646 3128 2700 τὸ
3151 2647 3416 2717 κήρυγμα
3453 2644 3535 2711 τῷ
3563 2643 3693 2716 θείῳ

2108 2755 2177 2791 πτ
2188 2739 2265 2810 ύῳ
2299 2738 2708 2811 διακριθέντων,
2735 2739 2829 2793 καὶ
2862 2734 2974 2791 οἷόν
2994 2755 3141 2803 τινος
3173 2738 3325 2791 σίτου
3342 2736 3451 2790 τῶν
3473 2736 3694 2809 ἀχύρων

2109 2829 2540 2903 ἀποκριθέντων,
2574 2830 2786 2900 ἀνάγκη
2821 2831 2973 2884 πᾶσα
3031 2828 3094 2882 τὸ
3148 2829 3354 2901 ἄχυρον
3414 2846 3695 2884 κατακαυ-

2111 2921 2268 2993 θῆναι
2305 2921 2438 2993 πυρὶ
2464 2919 2731 2991 ἀσϐέστῳ,
2751 2919 2894 2975 κατά
2924 2921 3022 2990 τὴν
3043 2918 3133 2973 τοῦ
3167 2918 3405 2990 μεγάλου
3445 2918 3693 2974 Ἰωάννου

2112 3015 2317 3086 φωνήν.

2184 3110 2275 3161 ια’.
2316 3125 2335 3157 ι
2371 3104 2481 3159 Kal
2505 3101 3025 3174 διασκεδασθήσεται
3046 3102 3105 3155 ἐν
3133 3103 3198 3172 τῇ
3235 3100 3423 3173 ἡμέρᾳ
3450 3100 3690 3172 ἐκείνῃ.»

2115 3194 2223 3247 Kal
2252 3195 2333 3247 ὅτι
2354 3197 2417 3247 οὐ
2446 3194 2576 3264 περὶ
2603 3193 2821 3247 πάντων
2851 3192 3002 3261 λέγει
3032 3191 3201 3246 ταῦτα
3220 3191 3328 3245 τῶν
3350 3191 3411 3256 ἐξ
3439 3191 3611 3246 ἐθνῶν
3628 3191 3696 3256 ⁸⁸,

2115 3285 2252 3341 ἀλλά
2280 3286 2407 3357 περὶ
2437 3284 2546 3338 τῶν
2591 3284 2837 3338 ἀπίστων
2888 3281 3069 3354 μόνον,
3100 3282 3169 3337 τά
3194 3282 3520 3352 ἐπαγόμενα
3559 3300 3697 3355 μαρ-

2116 3376 2287 3446 τυρεῖ.
2333 3394 2351 3427 ι
2414 3374 2525 3428 Kal
2559 3374 2861 3443 γνώσονται
2890 3374 2941 3426 οί
2992 3373 3286 3426 Χαναναῖοι
3333 3371 3405 3426 τά
3449 3372 3697 3445 πρόϐατα

2118 3463 2502 3536 φυλασσόμενά
2568 3481 2659 3535 μοι
2707 3464 2773 3529 ⁸⁷,
2807 3464 2889 3517 ὅτι
2932 3464 2977 3496 ⁸⁸
3010 3460 3173 3531 λόγος
3229 3462 3439 3535 Κυρίου
3497 3462 3633 3520 ἐστί.
3671 3482 3691 3516 ι

2115 3557 2491 3621 Χαναναίους
2541 3556 2597 3610 δέ
2646 3555 2772 3619 τοὺς
2800 3555 2860 3620 ἐξ
2913 3553 3084 3608 ἐθνῶν
3113 3555 3567 3620 πεπιστευκότας,
3602 3556 3697 3611 ἆτε

2115 3650 2201 3721 δὴ.
2242 3647 2573 3719 ἀλλοφύλους
2604 3648 2796 3702 καλεῖ·
2833 3648 3103 3716 πρόϐατα
3132 3646 3189 3701 δέ
3218 3646 3420 3712 αὐτοὺς
3449 3649 3698 3718 φυλακῆς

2118 3743 2244 3809 ἀξια
2296 3741 2467 3808 λέγει,
2494 3740 2561 3793 δι’
2584 3740 2651 3811 ἢν
2706 3740 3007 3811 ἐκτήσαντο
3061 3737 3264 3792 πίστιν.
3315 3732 3693 3810 οὖτοι,φησὲ,

2117 3835 2443 3904 θεασάμενοι
2471 3833 2581 3888 τῶν
2625 3831 2871 3887 ἀπίστων
2928 3832 3019 3884 τὸν
3072 3830 3325 3903 ὄλεθρον,
3358 3832 3695 3903 μαθήσονται

2115 3921 2202 3975 διὰ
2232 3921 2334 3992 τῆς
2366 3922 2584 4009 πείρας,
2613 3919 2690 4009 ὡς
2733 3919 2874 4009 θεῖος
2906 3919 3065 3989 λόγος
3091 3922 3119 3974 ό
3152 3921 3489 3992 προφητικδς
3515 3921 3692 3990 λόγος.

2116 4009 2302 4064 Ταῦτα
2331 4010 2460 4081 περὶ
2497 4008 2607 4063 τῶν
2655 4008 2715 4075 ἐξ
2744 4008 2913 4062 ἐθνῶν
2939 4008 3035 4062 καὶ
3068 4008 3453 4077 ὴπιστηκότων
3479 4010 3572 4063 καὶ
3602 4027 3696 4063 πε-

2117 4098 2490 4154 πιστευκότων
2530 4100 2722 4164 εἰπὼν,
2755 4099 3053 4171 μεταφέρει
3079 4099 3170 4154 τὸν
3198 4097 3354 4167 λόγον
3382 4100 3522 4171 πρὸς
3561 4102 3694 4155 Ἰου-

2116 4191 2317 4255 δαίους.
2356 4191 2449 4244 καί
2489 4208 2622 4262 φησι
2639 4209 2652 4223 ·

2189 4282 2278 4353 ιβ’,
2314 4289 2401 4350 ιγ’.
2438 4301 2455 4333 ι
2488 4283 2597 4337 Kal
2613 4281 2658 4313 “’
2682 4280 2792 4353 ἐρῶ
2837 4283 2973 4354 πρὸς
3006 4281 3238 4347 αὐτούς·
3287 4282 3350 4336 Εί
3391 4282 3562 4337 καλὸν
3610 4285 3697 4337 ἐν·

2123 4375 2295 4428 ὡπιον
2327 4374 2480 4445 ὑμῶν
2504 4375 2643 4439 ἐστι,
2670 4374 2790 4428 δότε
2826 4375 2919 4430 τὸν
2942 4374 3131 4447 μισθόν
3153 4392 3278 4446 μου,
3301 4375 3336 4445 ἢ
3362 4374 3695 4431 ἀπείπασθε.

2118 4467 2226 4519 Kal
2253 4466 2486 4536 ἔστησαν
2528 4466 2620 4519 τὸν
2659 4465 2849 4536 μισθόν
2907 4482 3010 4536 μου
3064 4465 3357 4536 τριάκοντα
3395 4465 3695 4538 ἀργυροῦς,

2120 4559 2229 4612 Kal.
2253 4553 2375 4611 εἷπε
2414 4556 2619 4629 Κύριος
2648 4558 2787 4628 πρός
2824 4573 2921 4628 με·
2952 4556 3135 4620 Κάθες
3162 4557 3359 4621 αὐτοὺς
3388 4561 3471 4621 είς
3496 4559 3561 4612 τὺ
3589 4578 3697 4630 χω·

2118 4652 2419 4722 νευτήριον,
2458 4650 2554 4703 καὶ
2603 4648 2801 4719 σκέψαι
2845 4649 2894 4703 εί
2942 4648 3168 4718 δόκιμόν
3196 4649 3366 4712 ἐστιν,
3395 4648 3457 4704 δν
3497 4649 3699 4721 τρόπον

2119 4738 2480 4810 ἐδοκιμάσθην
2514 4738 2652 4809 ὑπὲρ
2674 4737 2874 4792 αὐτῶν.
2895 4732 3011 4791 Kal.
3042 4736 3234 4791 ἔλαϐον
3256 4737 3383 4801 τοὺς
3406 4739 3699 4809 τριάκοντα

2118 4830 2413 4903 ἀργυροῦς,
2444 4832 2539 4885 καὶ
2571 4830 2791 4901 καθῆκα
2808 4830 2854 4862 ⁷ο
2875 4869 2890 4892 ,
2921 4830 3017 4883 καὶ
3045 4829 3297 4884 ἐνέϐαλον
3324 4830 3524 4894 αὐτοὺς
3545 4832 3592 4862 ’⁸
3621 4834 3699 4894 είς

2121 4925 2210 4977 τὸν
2238 4919 2386 4978 οἶκον
2413 4923 2643 4996 Κυρίου,
2673 4924 2754 4987 είς
2804 4923 2866 4975 τὸ
2913 4922 3294 4993 χωνευτήριον.
3333 4940 3352 4974 ι
3382 4920 3593 4987 Ταῦτα,
3622 4921 3698 4985 ῶς

2121 5013 2277 5088 οἶμαι
2301 5059 2315 5083 ,
2355 5017 2612 5088 οὐδεμιᾶς
2682 5014 2979 5088 ἑρμηνείας
3016 5082 3023 5089 ο
3058 5014 3370 5084 προσδεῖται
3397 5054 3415 5079 ,
3444 5017 3545 5086 τῆς
3590 5014 3699 5066 τῶν

2120 5107 2286 5179 ίερῶν
2340 5106 2689 5176 Εὐαγγελίων
2745 5103 2987 5175 ἱστορίας
3044 5103 3276 5176 ἐχούσης
3339 5104 3549 5159 τούτων
3602 5103 3698 5176 τὴν

1716 5405 1952 5460 VARI/EI
1995 5404 2401 5461 LECTIONES.

529 5582 572 5612 ’ί
602 5580 646 5632 Α
681 5578 1015 5650 ἐπορεύοντο.
1052 5574 1199 5650 Hier:
1262 5572 1563 5650 irruebant.
1598 5569 1743 5650 _llnic
1769 5568 1999 5650 lectioni
2034 5565 2443 5650 etiamnNo‘ster.
2465 5565 2625 5650 lavet,
2660 5561 2753 5650 qui
2784 5561 2904 5650 lisse
2958 5559 3026 5650 d‘e
3069 5555 3282 5650 ferino‘
3308 5556 3379 5642 im

1153 5621 1199 5674 δέ
1225 5621 1738 5695 καί-ξίέκλιπέτῶξ
1769 5621 1936 5703 Infra,
1974 5645 2012 5689 t.
2048 5635 2135 5699 IV,
2178 5635 2255 5690 De
2285 5634 2499 5688 Provid.
2530 5621 3007 5703 υτείιίἹηΙοεηκαὶ
3034 5627 3097 5703 εδ
3122 5621 3693 5703 ἀπολλύμὲνονάεολ-

441 5665 616 5774 pauca
637 5650 1044 5718 interpretatur.

481 5719 649 5771 υσθω.
758 5719 803 5749 ⁸³
848 5716 892 5770 Α
919 5731 1044 5770 κατε

481 5718 649 5771 ύσθω.
758 5708 803 5749 ⁸⁵
848 5716 892 5770 Α
919 5713 1371 5770 κατεσθιέτωσαν.
1472 5710 1517 5741 ⁸⁵
1546 5710 1642 5772 είς.
1683 5709 1724 5761 Α
1751 5708 1906 5776 πρός.

445 5787 494 5843 Δ
529 5801 716 5859 praem.
743 5788 828 5840 τά.
941 5787 984 5816 ⁶⁴
1021 5784 1233 5836 Αδιότι.
1314 5782 1357 5812 ⁶⁹
1392 5779 1501 5833 καί.
1538 5777 1657 5832 Des.
1694 5778 1744 5830 in
1771 5776 1811 5830 C

2010 5706 2053 5737 ⁸⁸
2078 5724 2125 5758 τ.
2157 5706 2282 5773 γῆς.
2320 5705 2442 5758 Des.
2477 5705 2529 5757 in
2558 5704 2623 5756 A.

1948 5776 1993 5807 ⁷⁸
2020 5776 2113 5828 καὶ
2144 5766 2265 5828 ›ἱαῦ’.
2301 5774 2421 5828 Des.
2457 5774 2507 5827 in
2546 5775 2610 5827 A.
2687 5772 2731 5803 "
2761 5771 2883 5823 αὐτ.
2910 5768 3033 5822 Des.
3062 5766 3193 5820 ibid.

3387 5564 3512 5626 petu
3535 5623 3547 5626 Α
3571 5566 3670 5626 pos

2733 5691 2778 5731 έσ
2810 5691 2871 5764 ἐξ
2892 5699 3004 5753 sev.
3035 5696 3077 5752 C
3126 5691 3345 5767 χορῶν.’
3430 5691 3612 5763 "Qui.
