3956 6202
245 361 374 428 1937

1471 364 1547 425 ΙΝ
1577 364 1973 425 ΖΛΟΗΑΒΙΑΞ
2006 364 2159 427 CAP.
2188 364 2293 426 XI.

3366 353 3523 419 1⁷938³

243 476 555 550 ἐρμηνείαν.
594 476 705 529 Καὶ
737 474 845 547 γὰρ
872 474 988 529 ἐκεῖ
1012 472 1280 528 τοσούτων
1313 475 1593 546 στατήρων
1620 472 1648 525 6
1692 474 1822 527 Ἰού-

1949 472 2228 528 :ontineat.
2260 471 2339 529 lhi
2371 471 2518 527 enim
2551 469 2737 526 videre
2765 477 2851 524 est
2874 509 2888 534 ,
2918 466 3116 523 ludam
3144 464 3369 521 totidem
3409 479 3523 517 ar»-

241 571 337 632 δας
357 568 449 623 τὸν
476 569 749 638 Δεσπότην
770 567 1017 632 ἀπέδοτο,
1036 566 1131 620 καλ⁸
1156 565 1556 638 μεταμεληθεὶς
1573 565 1821 620 ἀπέδωκε

247 660 348 732 μὲν
375 658 597 723 τούτους
627 662 740 723 τοῖς
762 659 1050 713 δεδωκόσιν
1069 675 1084 689 ’
1102 658 1289 731 ἐπειδὴ
1323 658 1379 712 δὲ
1411 657 1596 711 λαϐεῖν
1625 658 1824 720 αὐτοὺς

244 757 444 808 ἐκεῖνοι
472 753 572 806 οὑκ
601 752 979 824 ἠϐουλήθησαν
1000 791 1015 817 ,
1046 751 1208 822 ῥίψας
1248 751 1447 815 αὐτοὺς
1481 748 1820 821 ἀνεχώρησε,

244 848 337 902 τὸν
367 846 571 899 δίκαιον
609 846 707 916 τῆς
751 845 965 909 ἀδικίας
1024 844 1235 916 μισθὸν,
1262 843 1359 914 τὴν
1396 843 1634 914 ἀγχόνην
1658 842 1821 913 φημὶ,

245 938 398 1008 παρὰ
424 938 517 991 τοῦ
541 935 728 1008 κριτοῦ
756 939 853 1008 τῆς
875 936 1087 1000 ἀδικίας
1120 936 1213 990 τοῦ
1243 936 1490 990 διαϐόλου
1511 935 1820 1006 δεξάμενος.

245 1030 359 1084 Kal
412 1029 645 1084 ἐνταῦθα
692 1028 872 1083 τοίνυν
916 1032 1058 1083 αἰτεῖ
1098 1029 1196 1100 μὲν
1240 1028 1433 1091 αὐτοὺς
1476 1030 1507 1081 ό
1548 1029 1826 1099 Δεσπότης

250 1118 443 1191 μισθὸν
472 1119 573 1189 τῆς
593 1119 912 1191 εὐεργεσίας
936 1119 1035 1192 τὴν
1064 1118 1248 1172 πίστιν
1267 1134 1284 1151 ·
1311 1120 1360 1173 οἱ
1393 1120 1448 1173 δὲ
1476 1120 1597 1173 ἀντὶ
1621 1117 1827 1188 ταύτης

245 1211 375 1274 τοὺς
412 1210 709 1282 τριάκοντα
753 1209 941 1265 ἔδοσαν
973 1209 1248 1283 ἀργυροῦς
1274 1228 1286 1242 ’
1315 1210 1476 1274 αὐτὸς
1498 1209 1553 1263 δὲ
1583 1208 1661 1280 τῷ
1691 1225 1826 1279 προ-

249 1300 397 1374 φήτῃ
432 1300 891 1372 παρακελεύεται,
916 1302 991 1366 ὡς
1028 1303 1085 1355 ἐν
1116 1301 1250 1373 πυρί
1291 1319 1396 1355 τινι
1436 1301 1748 1371 δοκιμάσαι,
1778 1301 1827 1354 εί

247 1392 399 1460 ἄξιος
431 1395 459 1447 6
484 1392 583 1464 τῆς
613 1393 932 1463 εὐεργεσίας
960 1394 1178 1466 μισθός’
1213 1394 1273 1448 '0
1298 1394 1355 1447 δὲ
1378 1393 1602 1458 τούτους
1627 1395 1708 1459 είς
1736 1392 1828 1447 τὸν

248 1481 401 1540 οἷκον
462 1485 567 1556 ἔφη
628 1486 723 1539 τοῦ
790 1486 926 1539 Θεοῦ
976 1487 1443 1558 καταϐεϐληκέναι
1470 1527 1484 1551 ,
1516 1486 1574 1539 δν
1604 1486 1829 1551 εἰκότως

248 1578 503 1648 ὠνόμασε
535 1577 955 1647 χωνευτήριον.
1001 1579 1089 1632 Ἐν
1125 1578 1319 1648 ἐκείνῳ
1349 1578 1458 1650 γὰρ
1483 1578 1571 1631 διὰ
1598 1577 1700 1648 τῆς
1731 1595 1829 1648 με·

248 1669 469 1733 τανοίας
505 1670 555 1722 οἱ
580 1669 916 1742 προσιόντες,
945 1669 1021 1732 ὡς
1046 1671 1104 1722 ἐν
1132 1669 1484 1741 χωνευτηρίῳ
1506 1669 1613 1723 τινὶ
1642 1685 1827 1739 νεουρ-

248 1761 498 1830 γοῦνται,
528 1760 620 1815 τὸν
642 1761 743 1832 τῆς
774 1761 1052 1832 ἁμαρτίας
1075 1761 1152 1815 ἰὸν
1177 1762 1593 1827 ἀποϐάλλοντες,
1612 1763 1706 1816 καὶ
1731 1762 1831 1832 τῆς

1925 563 2137 637 genteis
2161 565 2460 622 stateribus
2479 563 2769 619 Dominum
2799 559 3141 625 vendidisse,
3158 566 3214 614 et
3229 558 3503 630 paeniten-

1926 657 2001 711 tia
2019 666 2223 713 tactum
2252 657 2353 713 hos
2377 656 2487 712 illis
2504 656 2598 726 qui
2621 655 2884 712 dederant
2900 651 3236 719 reddidisse;
3270 664 3526 720 cumque-

1926 750 2004 804 illi
2042 750 2293 820 accipere
2337 748 2567 815 nollent,
2589 747 2681 802 his
2711 745 2942 817 abjectis
2965 743 3191 809 abiisse,
3214 756 3278 796 ac
3296 741 3517 812 justam

1926 841 2236 912 iniquitatis
2263 840 2573 896 mercedem
2597 878 2613 904 ,
2645 837 3005 910 suspendium
3034 834 3292 890 nimirum
3314 873 3330 900 ,
3359 846 3388 884 a
3413 831 3521 901 ju-4

1926 932 2050 990 dice
2101 933 2411 1005 iniquitatis
2455 930 2676 987 diabolo
2719 927 3058 998 suscepisse.
3105 924 3172 979 Et
3206 923 3310 979 hoc
3341 921 3508 993 igitur

1926 1029 2049 1084 loco
2076 1028 2343 1082 Dominus
2374 1024 2537 1080 ﬁdem
2572 1023 2641 1078 ah
2674 1022 2785 1078 illis
2820 1021 3000 1093 poscit
3031 1019 3209 1074 instar
3238 1013 3508 1070 mercedis

1928 1136 2030 1192 pro
2062 1118 2373 1176 beneﬁcio:
2410 1116 2465 1171 hi
2501 1120 2519 1139 ‘
2556 1129 2687 1170 vero
2723 1128 2825 1185 pro
2856 1112 2957 1167 hac
2984 1109 3256 1165 dederunt
3290 1105 3509 1178 triginta

1931 1221 2244 1285 argenteos.
2297 1209 2362 1266 Et
2409 1211 2529 1280 ipse
2571 1207 2730 1278 jubet
2780 1205 3108 1276 praphetam
3142 1209 3403 1270 tanquam
3442 1196 3509 1250 ad

1929 1306 2108 1375 ignem
2141 1302 2379 1373 aliquem
2411 1299 2716 1372 periculum
2748 1295 2965 1359 facere,
3014 1306 3147 1347 num
3182 1291 3295 1344 haec
3336 1289 3505 1343 Lene—

1931 1394 2038 1450 ﬁcii
2061 1395 2214 1465 justa
2244 1393 2319 1450 sit
2351 1407 2582 1448 merces.
2631 1389 2727 1445 llle
2756 1397 2941 1443 autem
2974 1401 3033 1442 se
3061 1385 3164 1440 hos
3194 1383 3251 1437 in
3280 1381 3509 1437 domum

1933 1486 2148 1542 Domini
2185 1485 2494 1554 conjecisse
2537 1483 2648 1551 ait,
2691 1496 2854 1549 quam
2900 1479 3095 1534 merito
3143 1473 3513 1544 conflatorium

1934 1578 2253 1650 appellavit.
2286 1576 2344 1631 In
2381 1577 2474 1631 illa
2508 1575 2655 1631 enim
2693 1589 2788 1645 per
2826 1572 3206 1644 paenitentiam
3246 1565 3513 1621 acceden—

1933 1680 2051 1733 tes,
2083 1681 2339 1741 tanquam
2371 1668 2425 1723 in
2454 1666 2779 1723 conﬂatorio
2811 1662 3047 1736 quodam
3073 1665 3428 1723 renovantur,
3462 1664 3535 1711 et—

1935 1762 2242 1833 ruhiginem
2294 1762 2506 1832 peccati
2556 1759 2931 1829 deponentes,
2978 1763 3033 1810 et
3084 1747 3517 1806 misericordiam

250 1822 403 1918 θείας
439 1822 847 1925 φιλανθρωπίας
896 1822 1278 1925 τυγχάνοντες.
1310 1856 1409 1910 Διὰ
1454 1822 1613 1909 τοῦτό
1663 1822 1829 1924 φησίλ

1949 1822 2185 1911 divinam
2217 1822 2645 1922 consequentes:
2677 1849 2972 1920 Propterea
3000 1844 3212 1915 inquit:

328 1949 410 2003 ιδ’.
443 1968 462 2002 ι
501 1948 612 2003 Καὶ
628 1949 675 1981 ⁷⁸
713 1947 996 2021 άπέρῤιψα
1043 1949 1141 2017 τὴν
1181 1948 1376 2020 ῥάϐδον
1431 1948 1531 2021 τήν
1561 1949 1839 2022 δευτέραν,

249 2039 317 2095 τδ
370 2039 699 2111 Σχοίνισμα,
746 2040 840 2094 τοῦ
887 2040 1238 2095 διασκεδάσαι
1284 2042 1383 2112 τὴν
1435 2042 1700 2114 διαθήκην
1743 2042 1843 2114 τὴν

253 2134 533 2204 ἀναμέσον
579 2132 751 2187 Ἰούδα
803 2134 897 2188 καὶ
949 2133 1219 2204 ἀναμέσον
1271 2135 1507 2206 Ἰσραήλ.
1564 2155 1582 2187 ι
1617 2136 1727 2190 Καὶ
1780 2136 1846 2190 ἐκ

251 2224 461 2279 τούτων
489 2223 599 2298 γὰρ
619 2226 746 2289 τοὺς
768 2225 1203 2289 πεπιστευκότας
1226 2225 1336 2279 τῶν
1356 2227 1601 2281 ἀπίστων
1618 2228 1848 2299 ἀποκρί-

255 2335 379 2383 νας,
409 2317 536 2382 τοὺς
570 2316 791 2381 λοιποὺς
822 2319 920 2388 τῆς
955 2317 1161 2383 οἰκείας
1188 2318 1507 2389 ἐπιμελείας
1533 2320 1848 2392 ἐγύμνωσε,

258 2411 374 2465 Καὶ
422 2412 690 2482 μαρτυρεῖ
722 2412 789 2481 τῇ
843 2411 1153 2482 προφητεία
1200 2410 1269 2464 τὰ
1316 2409 1412 2463 νῦν
1463 2410 1845 2483 θεωρούμενα·

259 2502 467 2574 ἔρημοι
496 2504 605 2571 γὰρ
665 2501 906 2555 Ἰουδαῖοι
931 2541 947 2567 ,
977 2503 1075 2555 καὶ
1125 2502 1441 2572 προφητῶν,
1476 2505 1573 2557 καὶ
1634 2504 1849 2573 ἱερέων,

259 2594 359 2648 καὶ
393 2592 679 2665 βασιλέων,
709 2594 805 2647 καὶ
852 2591 1006 2657 ναοῦ,
1044 2593 1142 2646 καὶ
1189 2593 1426 2646 κιϐωτοῦ
1452 2635 1467 2656 ,
1494 2595 1586 2648 καὶ
1637 2593 1848 2664 βωμοῦ,

262 2688 365 2743 καὶ
420 2684 730 2756 ίλαστηρίου
749 2726 764 2748 ,
791 2685 887 2739 καὶ
920 2684 1332 2754 θυσιαστηρίου,
1367 2685 1463 2737 καὶ
1491 2684 1733 2755 λυχνίας,
1758 2685 1853 2738 καὶ⁸

261 2777 569 2851 τραπέζης,
609 2778 703 2830 καὶ
734 2774 841 2829 τῶν
880 2775 1076 2840 ἄλλων,
1114 2776 1182 2829 δι’
1208 2769 1281 2829 ὧν
1316 2777 1349 2847 ή
1384 2775 1525 2829 κατὰ
1563 2775 1729 2846 νόμον
1752 2775 1850 2828 λα·-

260 2869 425 2941 τρεία
455 2867 783 2939 ἐπληροῦτο,
817 2866 1015 2938 ἔρημοι
1045 2866 1103 2920 δέ
1135 2867 1347 2938 καὶτῆς
1378 2866 1586 2922 ἄνωθεν
1620 2866 1854 2938 κηδεμο-

265 2963 393 3027 νίας
448 2962 775 3034 γεγένηνται
810 2978 823 2992 ⁸
858 2963 953 3015 καὶ
1007 2960 1303 3032 σποράδες,
1328 2962 1422 3014 καὶ
1470 2959 1732 3031 μέτοικοι,
1762 2960 1857 3014 καὶ

269 3052 613 3125 μετανάσται
639 3051 945 3121 γενόμενοι,
976 3053 1089 3114 τοῖς
1116 3050 1208 3103 τὸν
1257 3049 1497 3121 Χριστὸν
1520 3049 1855 3121 κηρύσσουσι

2018 1950 2184 2005 Vens.
2226 1947 2313 2003 14.
2350 1947 2465 2001 (Et
2514 1944 2693 2016 ahjeci
2741 1945 2958 2015 virgam
3013 1938 3352 2001 secundam,
3399 1946 3521 2004 qua:

1948 2040 2254 2111 appellatur
2283 2036 2617 2102 Funiculus,
2647 2043 2708 2090 ut
2738 2033 3070 2104 dissiparem
3120 2032 3517 2085 testamentum

1947 2132 2096 2204 quod
2129 2140 2250 2187 erat
2281 2131 2424 2186 inter
2451 2127 2648 2184 ludam
2680 2134 2735 2183 et
2766 2124 3045 2182 lsraelem.
3076 2141 3095 2174 ι
3130 2119 3192 2175 ιιι
3226 2118 3317 2174 bis
3354 2113 3522 2172 etiam

1949 2224 2238 2281 credentes
2265 2223 2335 2278 ab
2361 2220 2678 2276 infidelibus
2705 2230 3003 2273 secernens
3024 2253 3040 2280 ,
3067 2212 3315 2283 reliquos
3342 2204 3525 2278 provi-

1950 2317 2141 2372 dentia
2169 2329 2270 2371 sua
2300 2312 2560 2384 privavit.
2611 2311 2681 2366 Et
2723 2306 3029 2380 prophetia
3058 2303 3221 2358 [idem
3263 2300 3543 2353 astruunr

1951 2424 2016 2465 ea
2043 2423 2166 2478 qua:
2190 2421 2343 2462 nunc
2370 2405 2644 2460 videmus.
2675 2400 2811 2456 Nam
2839 2399 3007 2455 simul
3037 2409 3102 2450 ac
3124 2391 3298 2449 ,ιιιύεὶ
3325 2384 3529 2460 privati

1954 2508 2085 2556 sunt
2110 2507 2165 2554 et
2193 2497 2479 2568 prophetis
2504 2536 2520 2561 ,
2553 2500 2609 2549 et
2638 2490 3028 2547 sacerdotibus
3048 2527 3063 2552 ,
3093 2494 3149 2542 et
3179 2483 3408 2554 regibus
3426 2519 3442 2545 ,
3471 2483 3529 2532 et

1953 2593 2159 2662 templo
2179 2629 2194 2656 ,
2220 2597 2275 2644 et
2303 2603 2430 2643 arca
2453 2627 2469 2654 ,
2496 2594 2550 2642 et
2575 2583 2775 2648 altari,
2799 2589 2856 2636 et
2881 2576 3285 2662 propitiatorio,
3313 2580 3367 2627 et
3392 2582 3528 2662 can-

1955 2658 2217 2741 dela-bro,
2248 2681 2302 2729 et
2336 2687 2526 2728 mensa
2546 2713 2562 2738 ,
2592 2681 2648 2726 et
2677 2669 2803 2724 aliis
2826 2681 2926 2737 per
2952 2679 3077 2735 qua)
3110 2661 3305 2734 legalis
3336 2658 3526 2714 cultus

1955 2767 2342 2839 peragebatur,
2378 2762 2595 2835 1648
2625 2773 2869 2830 superna
2901 2757 3079 2812 etiam-
3098 2751 3385 2809 curatione
3416 2747 3528 2839 prgi-

1954 2837 2068 2915 vati
2102 2837 2368 2922 fuerunt;
2400 2862 2458 2911 et
2491 2851 2769 2922 dispersi,
2821 2858 2987 2919 atque
3031 2845 3289 2907 exsules,
3344 2837 3527 2911 patria

1955 2951 2138 3023 pulsi,
2170 2950 2453 3006 Christum
2502 2935 2891 3002 conﬁtentibus
2936 2938 3186 2996 serviunt.
3240 2932 3437 3009 inviti;
3474 2938 3530 3023 et

1957 3021 2079 3116 ejus
2108 3042 2331 3116 quidem
2365 3039 2709 3095 dominatum
2741 3035 2990 3106 ejurant,
3024 3030 3146 3100 ejus
3193 3039 3320 3082 vero
3355 3021 3533 3080 servis

265 3117 429 3215 παρὰ
449 3142 676 3214 γνώμην
711 3117 1056 3197 δουλεύουσιν
1076 3157 1089 3171 ⁶
1123 3143 1216 3196 καὶ
1240 3117 1405 3197 αὐτοῦ
1443 3140 1543 3212 μέν
1566 3117 1843 3215 άρνοῦνται

1959 3151 2245 3196 servorum
2268 3148 2489 3207 operam
2509 3136 2793 3203 praestant.
2820 3126 2997 3181 Tanta
3018 3124 3099 3177 illi
3129 3117 3454 3191 stupiditate
3477 3120 3533 3169 et

264 3209 374 3306 τὴν
409 3209 751 3303 δεσποτείαν,
792 3240 906 3300 τοῖς
935 3236 992 3290 δὲ
1039 3236 1245 3301 δούλοις
1270 3209 1562 3307 αὑτοῦ-τὴν
1607 3209 1843 3290 δουλείαι

1962 3227 2268 3286 indolentia
2297 3226 2575 3281 laborant.
2630 3220 2729 3277 His
2755 3233 2888 3290 ergo
2918 3217 2988 3272 de
3016 3214 3130 3269 Deo
3161 3209 3536 3307 et_Salvatore

264 3296 697 3400 προσφέρουσιν.
713 3296 996 3398 ’ίοσαύ-την
1019 3296 1270 3382 νοσοῦσιν
1298 3296 1650 3398 ἀναλγησίαν.
1669 3328 1843 3385 Ταῦτα

1961 3328 2156 3375 nostro
2183 3315 2405 3371 Christo
2443 3327 2475 3367 a
2515 3309 2782 3383 propheta
2812 3304 3092 3378 praadictis
3135 3308 3191 3356 et
3218 3296 3534 3400 “dicor-um

274 3385 381 3491 μέν
413 3385 559 3475 οῦνὸ
606 3421 900 3491 Προφήτης
953 3385 1085 3489 περὶ
1142 3421 1238 3473 τοῦ
1275 3420 1409 3474 Θεοῦ
1445 3385 1550 3474 ¹καὶ
1602 3419 1843 3491 Σωτῆρος

1961 3408 2338 3467 obstinatione
2369 3404 2659 3476 castigata,
2694 3401 2765 3457 ad
2794 3392 3282 3491 pseudochristum
3307 3385 3404 3442 Dei
3429 3385 3538 3490 .ho:

273 3509 438 3581 ἡμῶν
466 3511 705 3582 Χριστοῦ
730 3512 1166 3583 προαγορεύσας,
1202 3512 1297 3565 καὶ
1331 3510 1429 3583 τὴν
1470 3512 1734 3565 Ἰουδαίων
1763 3512 1858 3565 άν-

270 3602 532 3655 τιτυπίαν
582 3602 827 3671 ἐλέγξας,
873 3604 1098 3666 εἰκότως
1146 3601 1309 3665 εὐθὺς
1337 3602 1431 3655 ἐπὶ
1476 3601 1569 3655 τὺν
1612 3601 1858 3655 ἀντίθεον

271 3690 516 3760 Χριστὸν
568 3693 866 3762 μεταφέρει
938 3691 1040 3763 τήν
1096 3690 1470 3762 προφητείαν,
1504 3690 1564 3743 δν
1618 3690 1859 3744 Ἰουδαῖοι

273 3781 703 3852 προσμένουσιν,
737 3784 813 3846 ὼς
843 3782 998 3836 αὐτοί
1021 3798 1175 3850 φασι.
1209 3781 1380 3835 Τοῦτο
1401 3782 1457 3835 δὲ
1498 3781 1594 3835 καὶ
1608 3781 1654 3812 ⁷³
1683 3783 1711 3835 6
1744 3781 1861 3835 Κύ-

281 3889 401 3945 ριος
442 3873 576 3942 πρὸς
627 3874 825 3937 αὐτοὺς
864 3874 922 3927 ἐν
948 3876 1061 3938 τοῖς
1098 3875 1261 3944 ἱεροῖς
1310 3875 1668 3944 Εὑαγγελίοις
1712 3876 1818 3946 ἔφη
1844 3891 1857 3905 ⁸

285 3983 308 4016 ι
358 3962 499 4033 Ἐγὼ
536 3960 699 4037 ἦλθον
714 3966 760 3997 ⁷⁸
783 3965 838 4017 ἐν
864 3964 943 4036 τῷ
1000 3964 1222 4036 ὀνόματι
1251 3952 1352 4019 τοῦ
1376 3966 1585 4037 Πατρός
1620 3983 1742 4037 μου,
1767 3965 1863 4020 καὶ

277 4053 385 4108 οὒκ
419 4053 672 4119 ἐδέξασθέ
705 4071 771 4126 με
797 4071 809 4083 ·
835 4055 1053 4125 ἔρχεται
1091 4055 1248 4120 ἄλλος
1278 4059 1335 4110 ἐν
1362 4056 1438 4127 τῷ
1473 4056 1586 4128 ίδίῳ
1615 4056 1861 4128 ὀνόματι,

279 4146 381 4200 καὶ
406 4146 724 4200 πιστεύσετε
749 4147 919 4218 αὐτῷ.
952 4167 970 4199 ι
1015 4149 1059 4201 Τ
1061 4147 1186 4201 οῦτο
1218 4149 1349 4216 ’περὶ⁵
1373 4149 1554 4201 αὐτῶν
1585 4150 1678 4202 καὶ
1706 4150 1735 4201 ὁ
1762 4167 1865 4220 μα-

281 4239 477 4311 κάριος
528 4238 631 4310 ἔφη
677 4240 887 4303 Παῦλος
929 4255 943 4268 ·
985 4259 1004 4292 ι
1051 4240 1192 4293 Ἀνθ⁹
1224 4233 1300 4293 ὧν
1348 4240 1447 4303 τὴν
1494 4239 1715 4310 ἀγάπην
1763 4240 1866 4309 τῆς

1965 3510 2104 3559 stem
2144 3499 2420 3556 convertit
2456 3493 2842 3568 prophetiam,
2875 3502 3040 3560 quem
3087 3481 3298 3546 Judaei,
3328 3486 3392 3534 ut
3429 3476 3557 3546 ipsi‘

1964 3595 2187 3659 dicunt,
2210 3596 2550 3661 exspectant.
2574 3586 2691 3641 Hoc
2720 3599 2851 3639 vero
2879 3581 3044 3636 etiam
3072 3577 3128 3631 in
3159 3572 3337 3629 sacris
3356 3568 3539 3661 Evan-

1965 3684 2124 3757 geliis
2173 3682 2241 3737 ad
2299 3660 2426 3737 illos
2472 3678 2607 3734 dicit
2655 3674 2958 3729 Dominus:
2989 3687 3008 3721 ι
3039 3667 3153 3760 Ego
3194 3662 3322 3721 veni
3352 3660 3409 3716 in
3441 3673 3541 3760 nos

1967 3777 2119 3830 mine
2163 3773 2344 3828 Patris
2396 3771 2537 3836 mei,
2585 3776 2640 3824 et
2690 3781 2800 3822 non
2843 3759 3171 3831 suscepistis
3214 3769 3346 3810 me:
3389 3757 3542 3808 venit

1969 3865 2116 3922 alius
2174 3862 2231 3918 in
2291 3862 2519 3917 nomine
2578 3868 2719 3921 suo‘,
2766 3864 2820 3911 et
2860 3851 3103 3909 credetis
3164 3847 3245 3902 illi
3272 3855 3325 3899 ει.
3357 3861 3376 3895 ι
3425 3840 3543 3896 Hoc

1969 3960 2113 4015 idem
2146 3956 2213 4011 de
2241 3954 2352 4010 illis
2377 3954 2540 4008 etiam
2571 3951 2649 4005 ait
2697 3951 2890 4003 beatus
2935 3942 3142 3997 Paulus
3169 3955 3184 3994 ι
3218 3956 3237 3988 ι
3270 3936 3354 3990 Eo
3393 3929 3545 4004 quod

1969 4051 2297 4106 charitatem
2326 4043 2578 4102 veritatis
2605 4057 2716 4097 non
2749 4043 3080 4108 receperunt
3102 4073 3116 4099 ,
3159 4037 3219 4085 ut
3266 4027 3403 4083 salvi
3445 4025 3542 4079 ﬁc-

1971 4149 2133 4203 rent,
2167 4141 2289 4194 ideo
2332 4138 2513 4193 mittet
2556 4135 2666 4189 illis
2711 4132 2857 4186 Deus
2895 4126 3270 4197 operationem
3301 4117 3543 4178 erroris,

1974 4242 2036 4288 ut
2082 4210 2319 4286 credant
2359 4226 2681 4289 mendacio,
2733 4230 2793 4274 ut
2831 4218 3152 4289 judicentur
3203 4224 3399 4265 omnes
3448 4206 3546 4275 qui

282 4296 551 4401 ἀληθείας
569 4296 683 4385 ὀιὶκ
715 4296 983 4396 ἐδέξαντο,
1011 4331 1090 4393 είς
1118 4331 1179 4382 τὸ
1208 4296 1445 4399 σωθῆναι
1470 4296 1688 4395 αὐτοὺς,
1724 4296 1840 4399 πέμ

1972 4338 2083 4378 non
2123 4318 2480 4374 crediderunt
2518 4311 2771 4373 veritati,
2834 4306 2932 4362 sed
2979 4304 3390 4358 consenserunt
3439 4296 3547 4349 ini-

282 4387 393 4491 livet.
415 4387 599 4484 αὐτοῖς
630 4422 658 4472 6
689 4387 830 4483 666;-
854 4387 1135 4490 ἐνέργειαν
1164 4387 1392 4487 πλάνης,
1427 4418 1508 4480 είς
1555 4416 1613 4469 τὸ
1643 4387 1837 4467 πιστεῦ

1976 4412 2175 4484 quitati
2207 4419 2255 4465 ι’.
2286 4428 2304 4461 ι
2331 4406 2485 4461 Talia
2530 4413 2584 4459 et
2620 4401 2841 4456 divinus
2882 4396 3182 4451 Zacharias
3211 4390 3387 4448 divini
3420 4387 3546 4460 Spi-

291 4528 386 4565 σαι
413 4512 609 4574 αὐτοὺς
639 4510 717 4583 τῷ
745 4509 953 4580 ψεύδει,
983 4510 1070 4562 ἵνα
1103 4508 1334 4580 κριθῶσι
1357 4507 1556 4571 πάντες
1590 4507 1639 4560 οἱ
1665 4507 1738 4578 μὴ
1774 4524 1843 4559 πι

1973 4506 2116 4560 ritus
2145 4499 2411 4555 instinctu
2440 4493 2775 4566 praenuntiat

292 4609 623 4673 στεύσαντες
655 4576 720 4680 cii
761 4576 1008 4678 αληθείᾳ,
1038 4576 1155 4660 an"
1193 4605 1586 4676 εὐδοκήσαντες
1606 4607 1672 4676 τῇ
1699 4576 1745 4635 τί
1767 4603 1970 4675 ἀδικίᾳ.
2005 4620 2024 4654 ι
2051 4597 2289 4653 Τοιαῦτα
2311 4594 2406 4647 καὶ
2462 4594 2488 4646 ὁ
2535 4590 2801 4663 μακάριος
2841 4587 2892 4619 ⁷⁸
2933 4582 3207 4655 Ζαχαρίας
3265 4578 3359 4633 τοῦ
3404 4576 3548 4631 θείου

290 4704 612 4776 Πνεύματος
652 4704 944 4772 δεξάμενος
995 4702 1095 4772 τὴν
1151 4702 1433 4774 ἐνέργειαν
1487 4700 1865 4773 προθεσπίζει.

372 4767 457 4862 ιε’,
489 4767 603 4861 ις’.ῗ
626 4815 644 4848 ι
704 4767 812 4848 kal
868 4792 988 4848 εἶπε
1026 4767 1256 4867 Κύριος.
1287 4767 1420 4866 πρός
1461 4767 1563 4864 μετ’
1593 4794 1714 4846 Ἔτι
1739 4790 1841 4844 λά6

2052 4786 2218 4841 Vens.
2253 4783 2320 4838 -15
2341 4822 2356 4846 ,
2386 4780 2475 4836 16.
2505 4798 2524 4832 ι
2551 4778 2619 4832 Ει
2645 4776 2783 4832 dixit
2812 4775 3077 4829 Dominus
3105 4771 3170 4825 ad
3206 4785 3330 4824 me:
3361 4767 3551 4821 Adhuc

302 4858 717 4959 σεαυτῷ-σκεύη
776 4887 1074 4957 ποιμενικὰ
1119 4858 1383 4956 ’ποιμένος
1439 4858 1691 4954 άπείρου.
1731 4884 1843 4936 Διότ

1977 4893 2133 4937 sume
2164 4877 2266 4932 tibi
2304 4889 2438 4929 vasa
2476 4870 2778 4943 pastoralia
2822 4866 3067 4939 pastoris
3109 4860 3369 4933 imperiti.
3410 4858 3548 4925 Quia

299 4956 539 5053 ἐξεγερῶ
561 4981 604 5011 ’⁷⁷
643 4956 885 5049 ποιμένα
903 4980 1128 5050 ἄπειρον
1155 4979 1201 5009 ’⁸
1225 4977 1316 5029 ἐπὶ
1350 4975 1447 5047 τήν
1467 4976 1569 5045 γῆν
1590 4991 1601 5004 ·
1620 4974 1681 5026 τὸ
1703 4973 1843 5025 ὲκλεῖ

1978 4988 2104 5027 ecce
2138 4985 2238 5041 ego
2264 4966 2558 5023 suscitabo
2588 4971 2864 5036 pastorem
2899 4956 3213 5028 imperitum
3248 4967 3415 5025 super
3442 4960 3551 5007 ter-

301 5088 405 5127 πον
442 5071 542 5125 οὐκ
571 5070 928 5140 ἐπισκέψεται
948 5071 1017 5136 τ’,
1045 5068 1138 5122 καὶ
1156 5068 1216 5120 τὸ
1247 5064 1675 5138 ἐσκορπισμένον
1704 5064 1764 5118 οὐ
1803 5081 1843 5133 μη

1977 5079 2096 5119 rant
2128 5081 2140 5116 :
2173 5060 2319 5131 quod
2352 5057 2537 5112 deficit
2567 5071 2677 5111 non
2702 5052 2983 5116 visitahit,
3016 5057 3070 5104 et
3095 5048 3407 5118 dispersum
3443 5058 3550 5096 non

304 5161 539 5238 ζητήσῃ,
567 5163 746 5217 καὶτὸ
784 5139 1249 5231 συντετριμμένον
1295 5158 1355 5211 οὐ
1399 5156 1474 5228 μὴ
1511 5156 1748 5226 ἰάσηται,
1785 5172 1843 5207 κο

1980 5152 2261 5223 requiret,
2283 5157 2339 5204 et
2367 5148 2600 5202 fractum
2632 5158 2743 5198 non
2774 5140 3026 5204 sanabit,
3059 5148 3113 5195 et
3146 5139 3416 5207 integrum
3444 5146 3550 5185 non

379 5352 408 5392 «ι
445 5339 604 5396 Joan.
634 5355 690 5407 v,
721 5339 811 5393 4'5.
857 5348 878 5377 τ
919 5336 1115 5393 Thess.
1150 5352 1223 5403 ιι,
1262 5336 1448 5393 10-12.

1607 5484 1837 5541 VARUE
1878 5484 2169 5541 LECTION
2178 5484 2278 5538 ES.

381 5631 429 5662 "
466 5628 598 5683 Καί.
624 5627 747 5684 Des.
778 5631 836 5683 in
855 5627 917 5684 C.
981 5626 1028 5660 ⁷³
1054 5624 1168 5678 καί.
1203 5623 1325 5679 Des.
1356 5620 1497 5677 iu.C.
1577 5621 1625 5652 ’δ
1658 5618 1769 5688 ἐγὼ
1803 5617 1986 5692 ἦλθον,
2014 5637 2066 5672 κ.
2099 5637 2149 5673 τ.
2177 5619 2228 5670 λ.
2259 5617 2424 5671 Aliter
2449 5616 2548 5686 leg.
2583 5616 2619 5669 l.
2654 5630 2702 5668 c.
2780 5615 2824 5647 ⁷³
2852 5615 2939 5734 τῇ.
2966 5609 3106 5661 Loco
3139 5604 3235 5659 cit.
3266 5619 3452 5675 praem.
3479 5607 3557 5660 ἐν.

398 5717 507 5734 ..ην
562 5699 603 5734 Π
632 5699 915 5734 θρηνέηιηρ
1006 5699 1050 5731 71
1082 5693 1123 5734 Π
1146 5693 1402 5734 l-chnl'nm
1449 5694 1523 5734 Im
1557 5705 1771 5734 mimum
1815 5694 1872 5734 Α-
1900 5690 1988 5734 nni
2019 5704 2204 5734 nrzmn-
2234 5687 2361 5734 ἐγώ.
2439 5688 2484 5720 ⁷⁸
2514 5687 2607 5734 ἄπ.
2643 5686 2766 5734 Des.
2803 5684 2855 5734 in
2928 5719 2940 5732 .
3007 5678 3049 5708 ⁷³
3083 5675 3128 5728 Α
3156 5676 3214 5726 οὗ
3248 5673 3324 5734 μὴ
3341 5675 3557 5729 ἐπισκέ-

317 5699 364 5770 Ἶ⁶
396 5673 604 5770 pati:
1006 5673 1421 5764 ""é'égéféipis'.
1448 5673 1526 5750 ita
1557 5673 1773 5761 quoque
1812 5673 1874 5755 Ᾰ,
1900 5673 1989 5760 qui
2018 5704 2205 5758 prtum.
2234 5687 2361 5755 ἐγώ.
2439 5688 2484 5720 ⁷⁸
2499 5673 2607 5740 "Em.
2643 5686 2766 5740 Des.
2803 5684 2855 5737 in
2879 5673 2940 5734 Χ.
3007 5678 3049 5708 ⁷³
3083 5675 3128 5728 Λ
3156 5676 3214 5726 οὐ
3248 5673 3557 5744 μὴὲπισκέ-

312 5768 510 5840 quem.
