3956 6202
371 308 502 373 filii

1571 316 1653 376 IN
1695 316 2092 377 ΖΛΕΗΑΒΙᾸΞ
2129 318 2285 378 CAP.
2324 320 2460 380 XII.

3488 320 3627 385 1942

350 421 592 490 μείζους
635 423 1024 497 ἀναδεχόμενος
1059 429 1257 500 μάχην.
1292 429 1510 503 Ἐπειδὴ
1557 431 1736 486 τοίνυν
1765 432 1940 504 τούτῳ

2058 448 2152 488 am
2192 408 2371 506 palam
2414 437 2615 492 acerba
2642 436 2890 509 praedicit
2933 436 3135 496 Iudaeis
3180 439 3252 497 ob
3279 455 3466 496 eorum
3498 457 3617 510 pcr-

373 513 472 582 μὲν
519 515 759 570 Ἰουδαῖοι
792 519 1127 586 πιστεύουσι,
1153 519 1246 575 τὸν
1270 520 1329 575 δὲ
1354 521 1584 593 Σωτῆρα
1602 524 1696 576 καὶ
1731 523 1934 595 Κύριον

2038 525 2225 583 ﬁdium
2258 539 2545 584 eventura.

369 605 706 678 ἠρνήθησαν,
743 608 1034 681 προφανῶς
1072 612 1324 684 προλέγει
1366 613 1453 667 διὰ
1484 614 1578 669 τοῦ
1616 615 1902 689 Προφήτου
1929 616 1992 671 τὸ
2027 618 2182 688 ἅγιον
2209 622 2435 693 Πνεῦμα
2475 622 2544 678 τὰ
2570 618 2639 680 δι’
2692 624 2947 680 ἀπιστίαν
3002 624 3187 691 αὐτοῖς
3220 621 3641 694 συμϐησόμενα

360 703 507 756 νσκυθ
515 709 693 775 ρωπά.

908 837 1302 912 ΚΕΦΑΛΑΙΟῌ
1332 841 1429 897 IB'.

440 949 510 1003 a'.
547 968 565 1000 ι
595 951 805 1021 Λῆμμα
832 951 990 1020 λόγου
1030 952 1234 1021 Κυρίου
1261 955 1352 1007 ἐπὶ
1374 954 1465 1008 τὸν
1502 953 1716 1026 Ἰσραήλ
1735 970 1751 984 θ
1776 954 1938 1024 Λέγει

372 1039 601 1110 Κύριος,
654 1042 909 1095 ἐκτείνων
933 1043 1025 1095 τὸν
1048 1044 1095 1076 ⁸⁸
1120 1045 1369 1115 οὐρανὸν,
1427 1045 1521 1099 καί
1561 1045 1825 1116 θεμελιῶν
1850 1046 1946 1115 τὴν

372 1129 493 1199 γῆν,
522 1131 616 1184 καὶ
642 1132 898 1187 πλάσσων
927 1134 1145 1204 πνεῦμα
1175 1134 1463 1204 ἀνθρώπου
1494 1138 1552 1190 ἐν
1577 1136 1748 1207 αὐτῷ.
1778 1155 1798 1189 ι
1834 1137 1948 1190 Οὐκ

369 1219 507 1291 ἐγὼ,
536 1223 699 1292 φησὶν
723 1226 751 1276 6
782 1225 1095 1295 Προφήτης,
1119 1227 1291 1279 ταῦτα
1324 1227 1459 1298 πρὸς
1491 1229 1633 1299 ὑμᾶς
1668 1227 1941 1299 διεξέρχο-

374 1330 495 1383 μαι,
527 1314 641 1367 ἀλλ’
685 1315 713 1366 ὁ
734 1315 884 1370 τοῦδε
916 1316 1010 1370 τοῦ
1040 1317 1243 1382 παντὸς
1288 1319 1520 1391 ποιητὴς
1562 1318 1657 1372 καὶ
1688 1320 1949 1390 δημιουρ-

368 1402 468 1472 γός
497 1419 512 1433 ο
540 1405 569 1456 6
593 1403 673 1457 ἔτι
704 1403 797 1457 νῦν
823 1407 881 1459 ἐν
926 1409 1048 1471 ταῖς
1089 1406 1274 1477 νηδύσι
1300 1408 1367 1462 τά
1411 1408 1639 1480 σώματα
1689 1408 1948 1464 διαπλάτ-

370 1511 499 1559 των,
539 1496 632 1547 καὶ
654 1494 829 1565 ψυχάς
850 1497 957 1549 ’σὺν
986 1498 1168 1561 αὐτοῖς
1204 1499 1657 1572 δημιουργεῖσθαι
1681 1498 1944 1565 κελεύων,

371 1577 527 1649 οὗτος
555 1585 624 1639 δι’
647 1586 782 1656 ἐμοῦ
823 1587 1117 1656 φθέγγεται
1133 1589 1198 1644 ⁸⁷.

444 1674 510 1745 β’.
557 1694 575 1728 ι
601 1676 709 1729 Καὶ
740 1676 905 1730 ίδοῦδδ
944 1677 1054 1746 ἐγὼ
1080 1677 1269 1750 τίθημι
1306 1679 1406 1750 τὴν
1448 1679 1819 1752 Ἰερουσαλὴμ,
1865 1680 1941 1744 ὡς

374 1766 623 1837 πρόθυρα
682 1767 1012 1837 σαλευόμενα
1054 1771 1187 1823 πᾶσι
1231 1773 1344 1834 τοῖς
1391 1771 1540 1835 λαοῖς
1587 1770 1792 1839 κύκλῳ,
1848 1770 1940 1823 καὶ

2538 844 2745 917 1651
2779 842 3007 900 CAPUT
3040 841 3154 898 xu.

2117 949 2285 1007 Vsus.
2317 953 2369 1006 1.
2408 971 2427 1003 ι
2456 950 2774 1024 Assumptio
2808 954 2959 1009 verbi
2995 953 3210 1008 Domini
3239 965 3407 1023 stqmr
3445 954 3617 1011 l'srae-

2046 1041 2150 1095 lem
2182 1053 2206 1095 z‘
2225 1041 2370 1099 Dicit
2427 1042 2715 1110 Dominus,
2775 1045 3082 1102 extendens
3122 1046 3346 1109 cmlum,
3378 1053 3436 1102 et
3492 1045 3615 1102 fun-

2044 1130 2183 1184 dans
2204 1139 2432 1196 terram,
2462 1142 2519 1188 et
2548 1134 2763 1204 fingens
2809 1135 3065 1205 spiritum
3105 1133 3347 1190 hominis
3385 1136 3437 1189 in
3476 1139 3565 1192 co'.
3592 1156 3611 1193 ι

2043 1222 2161 1277 Non
2196 1237 2318 1292 ego,
2346 1223 2525 1293 inquit
2549 1226 2842 1303 propheta,
2892 1225 3053 1282 vobis
3103 1225 3218 1281 haec
3262 1238 3486 1293 enarro,
3521 1229 3614 1283 sed

2045 1315 2235 1369 mundi
2296 1315 2464 1385 hujus
2511 1316 2690 1371 factor
2746 1326 2803 1373 et
2863 1316 3046 1388 epifex
3084 1336 3099 1373 ;
3134 1317 3229 1388 qui
3252 1333 3401 1374 nunc
3451 1321 3615 1375 etiam

2043 1420 2276 1475 corpora
2313 1407 2367 1461 in
2417 1414 2579 1462 utero
2613 1408 2789 1480 lingit,
2821 1419 2876 1464 et
2932 1425 3039 1464 una
3080 1423 3206 1465 cum
3259 1409 3346 1464 his
3394 1410 3615 1466 animas

2044 1499 2224 1552 creari
2265 1497 2448 1568 jubet,
2490 1498 2601 1564 hic,
2631 1499 2831 1570 inquit,
2863 1514 2959 1571 per
2980 1515 3067 1555 me
3100 1499 3367 1570 loquitur.

2117 1669 2282 1727 Vens.
2314 1672 2368 1726 2.
2409 1692 2429 1726 ι
2467 1672 2534 1728 Ει
2572 1688 2703 1730 ecce
2742 1688 2845 1745 ego
2877 1673 3022 1730 facio
3055 1674 3517 1747 Hierosolymam,
3547 1684 3612 1731 ut
3648 1672 3653 1677 ’

2046 1763 2494 1832 superliminaria
2530 1779 2652 1835 qua:
2695 1773 2989 1820 moventur
3018 1766 3279 1821 oiiinibns
3304 1765 3526 1836 populis
3558 1765 3612 1819 in

372 1860 432 1911 ἐν
458 1861 525 1929 τῇ
566 1857 794 1924 Ἰουδαία
818 1875 832 1889 ’
873 1861 1027 1913 ἔσται
1058 1862 1284 1932 περιοχὴ
1309 1865 1367 1915 ἐν
1393 1865 1459 1932 τῇ
1504 1861 1884 1933 Ἰερουσαλήμ.
1913 1878 1932 1912 ι

2058 1855 2278 1911 :ircuitu
2317 1866 2374 1911 et
2400 1856 2455 1911 in
2484 1855 2674 1913 Iudaea
2716 1871 2731 1911 :
2771 1864 2827 1913 et
2863 1858 2969 1913 erit
2991 1857 3313 1914 obsidio‘in
3349 1857 3612 1914 Hieroso-

374 1947 676 2013 Εὑάλωτον,
703 1964 857 2017 φησι.
884 1949 979 2002 καὶ
1001 1949 1468 2020 εὐκαταγώνιστον
1494 1953 1629 2004 πᾶσι
1664 1952 1776 2014 τοῖς
1797 1950 1945 2003 ἔθνε-

376 2055 461 2091 σιν
505 2039 942 2110 ἀποκαταστήσω
990 2041 1149 2111 τήνδε
1200 2040 1299 2111 τὴν
1345 2040 1520 2104 πόλιν,
1560 2041 1655 2095 καὶ
1702 2042 1944 2094 ἐοικυῖαν

372 2127 533 2192 δείξω
574 2127 866 2200 προθύροις
913 2128 1327 2197 σαλευομένοις,
1385 2131 1479 2184 καὶ
1536 2129 1944 2203 καταφέρεσθαι

377 2219 680 2290 μέλλουσιν,
713 2216 852 2273 ὥστε
883 2221 1009 2284 τοὺς
1048 2220 1342 2292 πολεμίους
1383 2222 1482 2292 τῆς
1521 2223 1660 2293 ἐμῆς
1690 2222 1947 2293 προνοίας

374 2312 804 2380 γεγυμνωμένην
858 2309 1103 2381 ὁρῶντας
1134 2311 1380 2365 ἐπελθεῖν
1415 2313 1510 2366 καὶ
1555 2313 1948 2383 πολιορκῆσαι,

375 2399 561 2454 καὶτὰ
598 2400 844 2470 φυόμενα
872 2399 1118 2455 ἐντεῦθεν
1140 2403 1436 2470 ἐπαγαγεῖν
1466 2401 1634 2458 κακά.

446 2488 518 2558 γ’.
563 2508 581 2540 ι
611 2488 719 2543 Καὶ
747 2489 897 2543 ἔσται
931 2492 988 2543 ἐν
1015 2492 1079 2561 τῇ
1112 2484 1293 2561 ἡμέρᾳ
1332 2491 1532 2562 ἐκείνῃ,
1566 2487 1804 2562 θήσομαι
1850 2490 1948 2561 τὴν

389 2578 736 2650 Ἰερουσαλὴμ
764 2580 908 2634 λίθον
940 2580 1418 2650 καταπατούμενον
1449 2583 1582 2635 πᾶσι
1629 2584 1742 2645 τοῖς
1784 2580 1941 2635 ἔθνε-

378 2669 489 2724 σι⁸⁹
516 2687 530 2701 ’
587 2673 694 2735 πᾶς
736 2673 767 2724 6
818 2671 1149 2726 καταπατῶν
1182 2673 1351 2744 αὐτὴν
1376 2674 1660 2743 ἐμπαίζων
1687 2672 1950 2745 ἐμπαίξερ

376 2779 487 2824 ται,
525 2764 619 2816 καὶ
650 2763 1142 2834 ὲπισυναχθήσεται
1188 2764 1272 2815 ἐπ’
1309 2763 1474 2834 αὐτὴν
1527 2764 1705 2819 πάντα
1729 2763 1797 2817 τά
1822 2762 1950 2833 ἔθνη

376 2851 478 2921 τῆς
507 2852 626 2924 γῆς.
653 2873 672 2904 ι
718 2854 937 2925 Ἐπειδὴ
964 2856 1071 2925 γὰρ
1097 2853 1186 2907 τὸν
1223 2853 1367 2908 λίθον
1400 2856 1628 2919 ἐκεῖνον,
1657 2855 1748 2909 τὸν
1790 2854 1952 2907 πολυ-

375 2944 530 3015 τελῆ,
577 2944 668 2997 τὸν
729 2942 1004 3011 ἐκλεκτὸν,
1051 2944 1138 2999 τὸν
1197 2944 1449 3016 ἔντιμον,
1504 2945 1648 3001 κατά
1697 2941 1796 3017 τὴν
1853 2946 1949 3000 τοῦ

391 3036 614 3089 Ἡσαΐου
674 3037 1009 3108 προφητείαν
1031 3077 1046 3102 ,
1096 3039 1188 3091 τὸν
1243 3036 1532 3107 γενόμενον
1587 3037 1666 3101 είς
1712 3036 1951 3109 κεφαλὴν

380 3129 601 3198 γωνίας,
640 3128 1050 3197 ἀπεδοκίμασαν
1084 3128 1329 3199 ἀδοκίμῳ
1363 3126 1497 3199 λίθῳ
1533 3128 1947 3200 παραπλησίως,

2045 1947 2215 2019 lyma.
2247 1967 2267 2001 ›
2295 1946 2549 2014 Faciam,
2585 1948 2771 2021 inquit
2792 1980 2814 2015 ρ,
2857 1958 2918 2004 ut
2957 1950 3025 2005 ab
3051 1950 3313 2007 omnibus
3361 1951 3617 2021 gentibus

2045 2037 2212 2093 facile
2240 2039 2551 2111 expugnari
2577 2049 2635 2095 et
2674 2041 2798 2110 capi
2827 2041 2945 2095 hanc
2978 2040 3186 2097 civitas
3225 2042 3425 2111 possit,
3464 2042 3618 2097 simi-

2044 2127 2263 2196 lemque
2294 2143 2417 2183 eam
2469 2128 2990 2198 snperliminaribus
3038 2129 3291 2194 reddam,
3327 2144 3449 2200 quae
3494 2143 3623 2184 mo-

2045 2227 2243 2273 ventur
2283 2228 2339 2273 et
2362 2218 2589 2287 jamjam
2630 2219 2998 2289 dejicientur;
3039 2219 3115 2274 ita
3147 2228 3206 2274 ut
3239 2220 3464 2286 hostes,
3495 2236 3612 2277 mea

2046 2304 2392 2380 providentia
2428 2311 2725 2381 spoliatam
2762 2310 3040 2378 videntes,
3087 2311 3389 2376 invadant,
3424 2321 3480 2368 et
3510 2314 3614 2368 obo

2050 2400 2286 2468 sideant,
2316 2410 2371 2457 et
2401 2402 2543 2457 mala
2573 2401 2702 2457 inde
2733 2401 3027 2459 nascentia
3064 2399 3333 2472 inﬂigunt.

2120 2492 2287 2548 Vens.
2309 2493 2362 2547 5.
2405 2509 2424 2544 ι
2460 2492 2530 2546 Et
2558 2492 2665 2547 erit
2695 2491 2785 2547 die
2813 2492 2931 2558 illo,
2956 2506 3154 2563 ponam
3186 2490 3633 2563 Hierosolymam

2049 2583 2309 2655 lapidem,
2342 2582 2437 2653 qui
2468 2582 2827 2639 conculcatur
2852 2598 2884 2636 a
2910 2580 3130 2637 cunctis
3160 2581 3418 2653 gentibus
3450 2600 3465 2637 :
3496 2594 3614 2637 om-

2048 2676 2135 2730 nis
2179 2675 2270 2745 qui
2319 2674 2732 2732 conculcaverit
2804 2688 2958 2740 eam,
3015 2674 3255 2730 illudens
3305 2674 3530 2739 illudct,
3562 2683 3617 2731 et

2050 2765 2542 2835 congregabantur
2575 2778 2743 2835 super
2765 2778 2888 2820 eam
2915 2778 3111 2820 omnes
3148 2772 3342 2834 gentes
3373 2770 3555 2820 terrae.
3592 2783 3612 2817 ι

2049 2857 2184 2912 Nam
2211 2858 2339 2928 quia
2390 2857 2624 2928 lapidem
2674 2856 2826 2911 illum
2880 2863 3290 2926 sumptuosum,
3339 2857 3619 2923 electum,

2048 2949 2378 3021 pretiosum,
2397 2949 2557 3019 juxta
2586 2948 2742 3027 [sane
2769 2947 3116 3020 prephetiam
3138 2957 3189 3013 τ,
3215 2947 3421 3002 factum
3451 2957 3617 3018 caput

2053 3040 2263 3111 anguli,
2302 3040 2482 3096 instar
2529 3039 2748 3110 reprobi
2791 3037 3011 3105 lapidis,
3046 3036 3444 3107 reprobarunt,
3487 3051 3607 3091 eam

2055 3131 2257 3204 proteri
2294 3130 2608 3201 permittam
2640 3137 2697 3185 et
2718 3127 3033 3184 conculcari
3079 3126 3148 3182 ab
3188 3125 3447 3182 omnibus
3490 3126 3619 3181 bac-

382 3217 808 3273 καταπατεῖσθαι
864 3218 1030 3289 αὐτὴν
1092 3219 1196 3272 ὑπὸ
1269 3220 1485 3272 πάντων
1549 3220 1949 3289 παρασκευάσω

2058 3220 2348 3276 clientibus
2378 3227 2432 3274 et
2458 3218 2524 3274 ad
2564 3217 2956 3275 contumeliam
3004 3214 3351 3272 inferendam
3389 3229 3618 3285 congre-

381 3307 873 3381 ἐμπαροινούντων,
924 3310 1018 3362 καὶ
1047 3308 1132 3377 ἐφ’
1180 3309 1336 3381 ὖὸρει
1368 3310 1770 3380 συναγομένων.
1801 3308 1951 3382 Αὕτη

380 3401 436 3454 δὲ
460 3403 493 3472 ή
525 3399 830 3470 προφητεία
856 3399 965 3453 τῶν
1001 3400 1339 3471 πραγμάτων
1360 3401 1472 3471 ἔχει
1501 3401 1601 3471 τὴν
1625 3402 1954 3473 μαρτυρίαν.

386 3491 541 3545 Ἐστι
575 3492 684 3563 γὰρ
732 3492 859 3545 ἰδεῖν
890 3492 981 3545 τὸν
1018 3493 1183 3546 πάλαι
1223 3492 1378 3562 ἅγιον
1420 3493 1513 3546 καὶ
1549 3492 1742 3546 σεπτὸν
1788 3511 1955 3548 κατα-

385 3583 721 3654 πατούμενον
773 3582 959 3636 τόπον.
997 3582 1157 3636 Ἀλλὰ
1209 3581 1385 3636 ταῦτα
1425 3584 1523 3652 μὲν
1573 3583 1756 3647 αὐτοῖς
1815 3582 1954 3653 μετά

381 3673 472 3728 τὸν
503 3674 732 3745 σταυρὸν
763 3674 856 3726 καὶ
886 3673 983 3745 τὴν
1012 3673 1206 3743 μανίαν
1241 3673 1456 3743 ἐκείνην
1488 3672 1685 3744 συνέϐη
1708 3691 1722 3706 ο
1751 3675 1857 3743 πρὸ
1891 3674 1950 3727 δὲ

382 3766 583 3835 ταύτης
610 3765 709 3834 τῆς
746 3764 970 3834 τόλμης,
1007 3763 1104 3833 τῆς
1157 3763 1306 3826 θείας
1331 3762 1660 3834 κηδεμονίας
1687 3761 1953 3834 διηνεκῶς

385 3852 746 3917 ἀπολαύοντες
768 3853 1091 3906 διετέλεσαν.
1111 3851 1279 3904 Τοῦτο
1301 3851 1408 3923 γάρ
1434 3852 1527 3905 καὶ
1556 3853 1584 3905 ὁ
1613 3852 1954 3923 προφητικὺς

384 3944 621 3999 διδάσκει
641 3943 816 4011 λόγος,
838 3941 932 3995 τοῦ
954 3940 1089 3995 Θεοῦ
1117 3940 1226 3995 τῶν
1247 3941 1385 4002 ὅλων
1413 3928 1816 4014 προσφέροντος
1852 3943 1954 4013 τὴν

386 4037 695 4106 ὑπόσχεσιν,
732 4034 813 4088 ὅτι
840 4033 962 4087 Τῶν
982 4032 1368 4087 Μακεδονικῶν
1402 4033 1582 4097 αὐτοῖς
1620 4032 1955 4088 ἐπελθόντων

386 4124 551 4179 ἐθνῶν
571 4126 638 4193 ὀ,
670 4126 764 4178 καὶ
816 4126 944 4188 τοὺς
994 4124 1200 4189 ἵππους
1246 4124 1347 4194 τῆς
1399 4125 1633 4196 φυσικῆς
1682 4123 1956 4195 γυμνώσω

387 4214 743 4287 θρασύτητος,
775 4215 868 4269 καὶ
892 4215 1112 4278 τούτους
1163 4215 1300 4285 μετὰ
1323 4215 1431 4268 τῶν
1465 4215 1771 4285 ὀχουμένων
1802 4215 1957 4287 ἀνοίᾳ

392 4308 483 4361 καὶ
505 4307 676 4377 δειλίᾳ
702 4304 998 4376 περιϐαλῶ,
1030 4304 1119 4358 τὸν
1136 4303 1192 4358 δὲ
1224 4304 1423 4358 Ἰούδαν
1453 4306 1550 4374 τῆς
1572 4302 1714 4374 ἐμῆς
1741 4303 1956 4370 ἀξιώσω

388 4401 664 4469 προνοίας.
695 4395 863 4449 Τοῦτο
901 4394 1008 4464 γὰρ
1050 4393 1451 4464 παρεδήλωσεν,
1484 4391 1752 4464 είρηκώςο

458 4488 521 4553 δ’,
549 4494 607 4540 ε’.
647 4506 665 4538 ι
706 4487 792 4539 Ἐν
821 4488 886 4557 τῇ
917 4485 1099 4556 ἡμέρα
1138 4484 1345 4554 ἐκείνῃ,
1383 4484 1531 4552 λέγει
1565 4483 1768 4554 Κύριος
1815 4500 1952 4538 παν-

388 4575 693 4646 τοκράτωρ,
747 4572 974 4637 πατάξω
1023 4574 1201 4627 πάντα
1246 4572 1409 4625 ἵππον
1439 4575 1496 4626 ὲν
1532 4573 1806 4637 ἐκστάσει,
1862 4574 1956 4626 καὶ

389 4666 482 4718 τὸν
512 4665 788 4736 ἀναϐάτην
816 4663 981 4719 αὐτοῦ
1018 4664 1075 4717 ἐν
1112 4665 1523 4735 παραφρονήσει
1546 4674 1567 4696 ⁶
1596 4664 1686 4717 ἐπὶ
1716 4663 1772 4717 δὲ
1788 4663 1833 4697 ⁹¹
1865 4662 1956 4716 τὸν

391 4753 538 4811 οἷκον
592 4757 760 4809 Ἰούδα
811 4754 1055 4822 διανοίξω
1104 4756 1231 4818 τοὺς
1283 4753 1594 4825 ὀφθαλμούς
1652 4770 1753 4824 μου
1783 4793 1799 4819 ,
1863 4756 1957 4808 καὶ

395 4851 601 4912 πάντας
630 4850 749 4911 τοὺς
788 4847 984 4910 ἵππους
1009 4844 1116 4898 τῶν
1135 4843 1277 4897 λαῶν
1310 4845 1534 4909 πατάξω
1557 4845 1614 4896 ἐν
1640 4842 1958 4912 ἀποτυφλώ-

395 4955 500 4994 σει.
536 4939 645 4992 Καὶ
683 4937 896 5009 ἐροῦσιν
929 4936 981 4988 οἱ
1029 4934 1294 5004 χιλίαρχοι
1345 4933 1513 4988 Ἰούδα
1571 4933 1770 4997 πάντες
1802 4934 1849 4967 ’³
1899 4935 1957 4988 ὲν

400 5034 520 5094 ταῖς
567 5031 815 5100 καρδίαις
840 5026 1020 5081 αὐτῶν
1043 5042 1056 5057 ’
1083 5026 1398 5097 Εὐρήσομεν
1427 5026 1637 5089 ἑαυτοῖς
1665 5025 1790 5089 τοὺς
1826 5041 1959 5079 κατ-

397 5122 673 5185 οικοῦντας
749 5118 1103 5190 Ἰερουσαλὴμ
1133 5157 1149 5185 ,
1208 5120 1266 5173 ἐν
1316 5117 1505 5190 Κυρίῳ
1561 5118 1959 5190 παντοκράτορι

471 5302 495 5327 "
536 5300 642 5354 isa.
672 5313 836 5354 xmu
859 5336 874 5359 ,
906 5296 994 5352 16.

2052 3311 2213 3382 gatis.
2251 3309 2391 3365 Huic
2419 3325 2550 3365 vero
2582 3309 2892 3380 prophetiae
2932 3322 3025 3365 res
3074 3304 3286 3379 1652
3317 3306 3448 3377 ipsa:
3483 3320 3623 3376 prae-

2050 3400 2183 3457 bent
2228 3397 2631 3465 testimonium;
2683 3411 2807 3450 nam
2864 3396 3048 3451 locum
3103 3396 3231 3451 olim
3277 3401 3531 3451 sanctum
3565 3404 3620 3449 et

2054 3499 2367 3560 augustum,
2411 3504 2561 3543 nunc
2602 3484 2790 3543 videre
2832 3494 2919 3542 est
2964 3485 3371 3542 conculcatum.
3417 3484 3617 3541 Verum

2051 3579 2169 3635 haec
2190 3580 2299 3634 illis
2324 3587 2684 3649 postcrucem
2711 3586 2767 3633 et
2796 3575 3037 3632 furorem
3070 3577 3221 3631 illum
3253 3575 3579 3645 acciderunt
3606 3592 3617 3628 :

2054 3674 2182 3724 ante
2205 3669 2308 3724 hoc
2344 3676 2522 3723 autem
2556 3666 2797 3734 facinus,
2821 3663 3009 3722 divina
3033 3662 3376 3736 proiectione
3397 3664 3619 3721 assidue

2056 3761 2401 3817 fruebantur.
2427 3756 2545 3815 Hoc
2602 3760 2750 3816 enim
2798 3762 2978 3831 ipsum
3023 3758 3381 3831 propheticus
3440 3773 3623 3813 sermo

2055 3854 2237 3918 docet,
2273 3869 2398 3908 cum
2438 3850 2582 3908 Deus
2627 3851 3017 3908 universorum
3071 3851 3396 3922 polliceatur
3420 3834 3506 3915 se,
3548 3850 3624 3904 ir-

2055 3946 2439 4017 rumpentibus
2494 3941 2864 4001 Macedonicis
2912 3940 3168 4013 gentibus
3202 3956 3379 4013 equos
3430 3956 3619 3995 earum

2054 4036 2293 4093 naturali
2333 4035 2557 4091 audacia
2596 4034 2982 4105 spoliaturum,
3021 4048 3229 4104 eosque
3275 4031 3441 4088 simul
3491 4046 3615 4084 cum

2056 4126 2442 4183 ascensoribus
2469 4127 2706 4179 amentia
2739 4131 2793 4177 et
2835 4120 3131 4177 timiditate
3175 4121 3620 4190 implicaturum;

2056 4217 2278 4271 domum
2331 4223 2510 4268 autem
2559 4211 2713 4267 Judae
2752 4210 3091 4280 providentia
3124 4223 3222 4264 sua
3267 4208 3628 4278 dignaturum

2055 4322 2200 4361 esse.
2230 4304 2346 4360 Hoc
2373 4305 2520 4361 enim
2557 4300 2843 4365 indicavit,
2868 4314 2993 4355 cum
3028 4297 3165 4353 dixit
3201 4343 3216 4354 .

2127 4476 2295 4532 Vsus.
2323 4477 2378 4542 4,
2409 4476 2463 4531 5.
2501 4493 2519 4526 ι
2557 4473 2655 4529 Die
2682 4471 2799 4535 illo,
2820 4470 3232 4528 dicitDominus
3252 4470 3618 4547 omnipotens,

2058 4570 2367 4641 percutiam
2406 4580 2625 4621 omnem
2654 4577 2859 4634 equum
2891 4572 3138 4631 stupore,
3172 4568 3227 4618 et
3265 4576 3618 4616 ascensorem

2060 4660 2181 4731 ejus
2216 4658 2492 4714 amentia:
2529 4671 2696 4727 super
2717 4655 2940 4710 domum
2980 4660 3161 4709 autem
3202 4648 3354 4708 Iudae
3382 4653 3621 4723 aperiam

2068 4753 2260 4807 oculos
2315 4764 2489 4816 meos,
2534 4756 2589 4803 et
2632 4762 2826 4802 omnes
2852 4749 2869 4769 '
2909 4760 3083 4816 equos
3122 4744 3453 4816 populorum
3500 4758 3625 4813 per—

2062 4843 2273 4898 entiam
2305 4842 2573 4897 caecitate.
2606 4837 2673 4893 Et
2719 4837 2905 4894 dicent
2931 4834 3135 4891 tribuni
3164 4833 3320 4891 Iuda:
3348 4850 3540 4890 omnes
3568 4835 3620 4888 in

2064 4932 2325 4989 cordibus
2355 4930 2504 4986 suis:
2538 4928 2885 4984 Inveniemus
2916 4924 3075 4981 nobis
3099 4925 3190 4995 qui
3224 4924 3473 4979 habitent
3498 4921 3624 4979 llic-

2061 5024 2345 5095 rosolymae
2370 5063 2384 5089 ,
2434 5022 2489 5076 in
2533 5018 2764 5075 Domino
2793 5016 3169 5087 omnipotente
3209 5014 3320 5071 Deo
3349 5031 3561 5072 eorum.
3604 5036 3622 5066 ι

2058 5114 2244 5180 Nihil,
2282 5106 2501 5187 inquit,
2529 5110 2793 5167 dill'erent
2820 5122 2850 5162 a
2890 5103 3308 5164 éwcutientibus
3356 5107 3481 5176 equi
3532 5105 3631 5157 ho—

1701 5448 1937 5505 VARUE
1976 5445 2369 5505 LECTlUNES.

451 5616 494 5641 ’δέ
525 5615 633 5667 τόν.
670 5616 793 5670 Des.
818 5618 870 5669 in
914 5618 978 5668 Λ.
1045 5615 1086 5645 ⁸⁷
1120 5614 1208 5677 φο·
1242 5613 1282 5669 (ί
1316 5615 1443 5668 εἶάίιο
1484 5614 1576 5666 καί
1602 5630 1675 5682 φη

1682 5630 1786 5667 σιν.
1853 5614 1897 5645 ³⁸
1939 5612 2069 5666 ίδού.
2098 5608 2214 5666 Des.
2252 5613 2304 5664 in
2342 5612 2383 5662 A
2408 5618 2458 5664 ct
2497 5609 2557 5664 C.
2590 5607 2713 5663 Des.
2749 5608 2909 5661 etiam
2944 5618 3130 5673 supra,

3164 5617 3217 5669 p.
3244 5600 3371 5661 209;
3404 5600 3492 5653 ubi
3528 5601 3642 5667 leg.

407 5684 513 5735 hat
546 5683 690 5754 θήσω
721 5703 768 5738 τ.
816 5687 1036 5754 Ὶερους.
1113 5684 1155 5713 ⁸ο
1181 5701 1238 5737 π.
1273 5702 1319 5736 τ.
1354 5684 1460 5737 EGV.
1496 5670 1696 5737 υυδίιίι
1727 5685 1790 5738 Α,
1868 5685 1949 5734 τ³⁰ἐ

2082 5684 2200 5737 Des.
2237 5683 2288 5735 in
2319 5682 2377 5735 (Ζ.
2429 5681 2472 5710 9‘
2503 5679 2577 5733 δέ.
2620 5678 2703 5732 Ex-
2726 5680 2766 5732 A
2812 5675 2985 5743 suppl.
3015 5670 3028 5673 ⁷
3054 5673 3099 5703 θ’
3124 5671 3281 5724 πάντ.
3312 5670 3430 5723 Des.
3466 5670 3528 5735 in
3558 5675 3607 5722 Α
