3956 6202
397 265 534 335 1943

1316 283 1804 344 TIIEODURETI
1837 284 2176 344 EPISCOPI
2215 287 2576 347 CYRENSIS

3509 285 3651 353 19H

396 382 585 449 stium,
615 380 723 437 huc
758 389 812 438 et
843 383 974 439 illuc
1009 395 1283 458 errantes,
1327 391 1401 446 ita
1443 401 1502 447 ut
1540 394 1710 450 duces
1743 393 1944 450 Iudaeo

2066 393 2196 465 Bst}:
2227 396 2428 451 αὐτῶν.
2465 415 2481 448 ι
2514 396 2702 462 Οὐδὲν,
2740 396 2894 466 φησὶ,
2921 398 3342 468 τυφλωττόντων
3375 399 3660 458 διοίσουσιν

389 485 518 524 rum
555 471 754 527 llducia
785 482 1003 545 sumpta
1053 475 1200 534 inter
1235 495 1295 536 se
1327 481 1514 538 dicunt
1544 501 1558 540 :
1586 483 1966 558 Hierosolyma

353 635 360 657 ³
401 561 514 618 Deo
546 563 845 621 auxiliante
873 582 936 623 ac
969 567 1186 626 favente
1212 571 1410 630 incolis
1442 575 1784 646 implebitur.

459 828 625 887 Vsus.
645 832 698 888 6.
727 853 746 885 ι
776 833 870 892 Die
889 836 980 892 illo
999 853 1194 909 ponam
1225 843 1474 900 tribunos
1497 844 1671 911 Iudae,
1695 848 1963 905 sicuttor-

389 935 503 976 rem
522 923 664 995 ignis
686 926 740 982 in
779 927 959 1000 lignis,
982 939 1035 986 et
1061 933 1204 989 sicut
1229 933 1398 991 facem
1422 938 1636 1008 iguisin
1668 943 1963 1011 stipula,et

385 1012 731 1072 devorabunt
758 1033 787 1073 a
818 1021 1063 1080 dexteris
1092 1032 1146 1079 et
1170 1040 1200 1080 a
1233 1027 1479 1085 sinistris
1509 1045 1700 1088 omnes
1731 1021 1961 1104 populos

386 1107 488 1175 per
513 1106 830 1164 circuitum.
865 1131 884 1164 ›
912 1113 1386 1179 Quemadmodum
1411 1121 1587 1188 enim,
1617 1124 1816 1194 inquit,
1848 1134 1960 1181 tor-

385 1197 467 1250 ris
519 1197 666 1268 ligna
713 1203 992 1266 accendit,
1023 1213 1077 1260 ct
1153 1207 1364 1280 1353
1418 1210 1636 1269 ﬂamma
1683 1221 1960 1272 consumit

385 1289 647 1359 stipulam
683 1308 696 1343 :
733 1293 815 1349 sic
850 1295 941 1349 isti
974 1296 1163 1355 hostes
1220 1302 1579 1375 undiquaque
1633 1307 1958 1366 invadentes

383 1380 634 1448 pcrd‘nt.
669 1403 686 1437 ι
721 1384 782 1438 Et
815 1386 1086 1444 habitabit
1139 1391 1517 1468 Hierosolyma
1572 1401 1751 1456 adhuc
1788 1402 1842 1456 in
1869 1419 1952 1457 se-

384 1474 639 1544 inrtipsa,
679 1495 697 1529 ι
734 1478 839 1534 hoc
881 1490 1003 1548 est,
1039 1486 1274 1542 seorsim
1317 1503 1345 1541 a
1377 1491 1638 1559 gentibus
1675 1493 1821 1548 vivet
1869 1511 1956 1550 sc-

383 1565 622 1621 cundum
658 1569 856 1642 legem.
894 1571 1008 1630 Hoc
1043 1586 1225 1633 autem
1246 1579 1390 1636 dono
1419 1584 1590 1652 potita
1623 1593 1729 1650 est,
1779 1586 1956 1642 donec

383 1665 575 1711 contra
613 1659 955 1720 Salvatorem
998 1666 1280 1726 insanivit.

455 1829 618 1889 Vens.
660 1835 715 1890 7.
753 1853 772 1888 ι
815 1840 882 1894 Et
911 1842 1060 1897 salva
1089 1843 1251 1902 faciet
1297 1846 1562 1906 Dominus
1595 1853 1952 1909 tabernacula

377 1919 553 1988 Νότε,
585 1924 730 1980 sicut
763 1942 793 1981 a
824 1929 1120 2004 principio,
1153 1943 1212 1990 ut
1248 1952 1359 1992 non
1397 1942 1788 2012 inagniflcetur
1837 1948 1954 2016 glo-

379 2011 462 2064 ria
486 2014 686 2072 domus
708 2016 932 2076 Davidis
959 2033 1015 2078 et
1063 2024 1231 2081 elatio
1271 2011 1646 2087 habitatorum
1698 2011 1956 2094 Hieroso-

378 2098 537 2169 lymae
595 2119 762 2177 super
815 2106 1035 2168 Judam.
1074 2131 1095 2166 ι
1137 2113 1524 2188 Experimento
1571 2125 1714 2178 enim
1752 2140 1954 2199 cogno-

378 2201 554 2258 scent,
592 2209 653 2251 se
699 2197 822 2254 sine
855 2199 951 2257 Dei
997 2214 1132 2260 nutu
1190 2208 1331 2263 nihil
1387 2214 1712 2280 praeclarum
1760 2197 1953 2287 gerere

377 2281 650 2349 potuisse.
684 2285 842 2351 Quod
873 2304 999 2345 cum
1030 2293 1424 2367 intellexerint,
1468 2317 1647 2373 neque
1691 2281 1788 2362 ex-
1802 2311 1949 2381 regia

377 2375 620 2442 potentia
653 2378 828 2434 elatos
863 2383 1094 2453 spiritus
1125 2389 1232 2444 sibi
1271 2403 1512 2460 sument,
1553 2413 1730 2470 neque
1760 2375 1949 2458 muro-

377 2479 500 2520 rum
537 2473 915 2550 magnitudine
951 2482 1247 2540 conﬁdent.

451 2555 620 2654 δίεπε.
647 2562 700 2619 8.
735 2583 754 2616 ι
797 2565 864 2622 Ει
924 2571 1030 2626 erit
1085 2574 1176 2630 die
1213 2577 1330 2643 illo,
1387 2590 1634 2654 proteget
1684 2584 1950 2646 Dominus

374 2647 717 2710 habitatores
772 2657 1192 2736 Hierosolyma;
1229 2677 1286 2724 et
1316 2647 1408 2741 qui
1467 2647 1717 2734 infirmus
1763 2679 1818 2735 in
1867 2683 1949 2739 eis

374 2735 543 2795 fuerit
589 2743 678 2801 die
707 2747 825 2814 illo,
857 2754 961 2808 erit
991 2735 1147 2826 quasi
1185 2735 1382 2818 domus
1439 2761 1703 2836 Davidis;
1747 2781 1800 2826 et
1847 2773 1948 2830 do.-

372 2847 498 2935 πως
558 2835 780 2900 Davidis
840 2848 995 2917 quasi
1043 2849 1240 2910 domus
1298 2853 1435 2925 Dei,
1495 2861 1656 2930 quasi
1718 2865 1947 2935 angelus

372 2925 590 2986 Domini
646 2933 700 2988 in
746 2949 1044 3010 conspectu
1087 2959 1299 3002 eorum.
1336 2965 1356 3000 ι
1393 2925 1529 3018 Spes
1579 2925 1948 3026 quoquevillo-

2069 485 2120 538 oi.
2146 487 2304 541 ἵπποι
2328 487 2440 541 τῶν
2464 487 2736 558 πολεμίων
2766 489 2888 561 τῇδε
2919 491 3140 544 κάκεῖσε
3162 492 3654 563 περιπλανώμενοι,

2074 577 2212 632 ὥστε
2246 579 2628 652 θαρρήσαντας
2674 578 2787 632 τῶν
2832 580 3104 636 Ἰουδαίων
3145 583 3275 647 τοὺς
3321 587 3655 654 στρατηγοὺς

2069 670 2206 739 πρὸς
2263 670 2527 741 ἀλλήλους
2576 671 2780 736 εἰπεῖν,
2823 670 2904 723 ὅτι
2963 671 3248 743 Πλήρηςὴ
3287 673 3649 745 Ἰερουσαλὴμ

2065 760 2153 814 διὰ
2194 761 2295 833 τὴν
2317 761 2413 815 τοῦ
2445 759 2580 815 Θεοῦ
2612 761 2786 832 ῥοπὴν
2813 762 3117 833 οἰκητόρων
3163 765 3480 835 γενήσεται.

2139 852 2216 920 ς’.
2278 875 2296 906 ι
2339 855 2430 909 Ἐν
2469 857 2534 926 τῇ
2570 854 2754 926 ἡμέρᾳ
2785 855 2972 926 ἐκείνῃ
3009 854 3251 925 θήσομαι
3280 857 3409 920 τοὺς
3445 857 3656 927 χιλιάρσ

2071 961 2204 1014 χους
2245 945 2435 1008 Ἰούδα,
2463 943 2540 1008 ὡς
2565 944 2722 998 δαλὸν
2751 944 2926 1016 πυρὸς
2959 946 3014 997 ἐν
3040 933 3238 1011 ξύλοις,
3268 948 3364 1000 καὶ
3402 947 3476 1010 ώς
3515 947 3653 1017 λαμ-

2064 1035 2212 1088 πάδα
2237 1036 2409 1108 πυρὸς
2435 1038 2492 1090 ἐν
2523 1035 2768 1109 καλάμῃ,
2801 1037 2892 1090 καὶ
2920 1036 3342 1106 καταφάγονται
3373 1041 3439 1092 ἐκ
3465 1039 3653 1105 δεξιῶν

2061 1128 2158 1182 καὶ
2199 1128 2259 1192 ἐξ
2303 1127 2601 1197 εὐωνύμων
2655 1127 2866 1192 πάντας
2924 1130 3051 1191 τοὺς
3103 1129 3269 1192 λαοὺς
3316 1130 3600 1184 κυκλόθεν.
3628 1152 3645 1183 ι

2061 1221 2332 1291 Καθάπερ
2353 1220 2480 1293 γὰρ,
2512 1221 2667 1290 φησὶ,
2709 1222 2804 1274 καὶ
2824 1219 2984 1283 δαλὸς
3028 1220 3249 1288 ἐξάπτει
3283 1221 3350 1274 τά
3377 1221 3530 1288 ξύλα,
3559 1224 3651 1277 καὶ

2060 1310 2193 1381 φλὸξ
2225 1311 2506 1367 ἀναλίσκει
2538 1311 2788 1381 καλάμην
2808 1327 2821 1339 ·
2853 1311 3037 1375 οὕτως
3067 1307 3214 1366 οὗτοι
3235 1313 3360 1376 τοὺς
3387 1314 3649 1367 πάντοθεν

2059 1403 2242 1466 αὐτοῖς
2296 1402 2556 1467 ἐπιόντας
2619 1400 3064 1456 καταναλώσουσι
3128 1403 3442 1473 πολεμίους.
3499 1422 3518 1454 ι
3543 1406 3648 1458 Καὶ

2058 1498 2372 1566 κατοικήσει
2432 1495 2785 1568 Ἰερουσαλὴμ
2827 1495 2907 1549 ἔτι
2954 1495 3078 1549 καθ’
3135 1496 3339 1566 ἑαυτήν
3366 1495 3437 1527 ⁹³’
3477 1514 3495 1547 ι
3529 1496 3648 1549 ἀντῒ⁸

2055 1586 2172 1650 τοῦ,
2204 1587 2345 1641 κατὰ
2383 1587 2546 1658 νόμον
2588 1588 3003 1658 πολιτευομένη,
3045 1585 3282 1639 καὶτῶν
3333 1586 3507 1639 ἐθνῶν
3557 1605 3646 1639 κε-

2060 1679 2399 1750 χωρισμένη.
2456 1681 2660 1733 Τούτου
2712 1679 2770 1734 δὲ
2828 1679 3168 1750 ἀπήλαυσεν,
3231 1678 3337 1741 ’έως
3386 1678 3530 1731 κατὰ
3557 1678 3647 1732 τοῦ

1988 1739 2030 1793 Β
2059 1739 2312 1840 ἒωτῆρος
2337 1739 2620 1839 ἐλύττησε.

2129 1859 2194 1923 ζ’.
2236 1880 2253 1911 ι
2284 1862 2393 1915 Καὶ
2446 1860 2608 1914 σώσει
2663 1860 2925 1932 Κύριοςνδ
2964 1859 3032 1913 τὰ
3095 1859 3431 1931 σκηνώματα
3481 1859 3646 1914 Ἰούδα

2056 1949 2237 2014 καθὼς
2267 1953 2360 2005 ἀπ’
2398 1953 2592 2023 ἀρχῆς,
2633 1952 2782 2014 ὅπως
2845 1952 2918 2022 μὴ
2974 1951 3342 2022 μεγαλύνηται
3388 1951 3645 2021 καύχημα

2054 2042 2204 2096 οῐκου
2239 2043 2422 2107 Δαὸὶδ,
2457 2045 2551 2096 καὶ
2587 2043 2818 2114 ἔπαρσις
2852 2043 2958 2096 τῶν
2989 2042 3393 2095 κατοικούντων
3438 2043 3640 2114 Ἰερου-

2056 2132 2238 2202 σαλὴμ
2284 2134 2377 2186 ἐπὶ
2438 2133 2531 2187 τὸν
2564 2134 2830 2189 Ἰούδαν.»
2893 2133 3198 2187 Γνώσονται
3243 2132 3353 2206 γὰρ
3410 2133 3499 2186 διὰ
3544 2133 3640 2203 τῆς

2053 2225 2267 2293 πείρας,
2296 2225 2372 2288 ὡς
2417 2225 2539 2295 δίχα
2576 2225 2677 2294 τῆς
2722 2224 2872 2288 θείας
2903 2225 3074 2295 ῥοπῆς
3116 2224 3266 2279 οὐδὲν
3299 2223 3639 2293 κατορθῶσαι

2050 2313 2382 2386 δεδύνηνται.
2442 2315 2614 2369 Τοῦτο
2651 2316 2707 2370 δέ
2759 2315 3042 2388 μαθόντες,
3090 2315 3220 2369 οὔτε
3271 2319 3337 2387 τῇ
3386 2315 3637 2387 βασιλικῇ

2051 2403 2274 2476 δυνάμει
2333 2409 2879 2480 μεγαφρονήσουσιν,
2941 2408 3070 2463 οὕτε
3129 2408 3207 2480 τῷ
3268 2409 3492 2480 μεγέθει
3535 2409 3639 2462 τῶν

2015 2559 2028 2578 ο
2051 2497 2358 2568 περιϐόλων
2385 2496 2744 2570 θαρσήσουσι.

2122 2589 2341 2661 η’.‹Καὶ
2353 2590 2503 2646 ἔσται
2520 2592 2575 2644 ἐν
2585 2594 2650 2663 τῇ
2669 2593 2849 2665 ἡμέρα
2866 2593 3070 2665 ἐκείνῃ,
3093 2593 3425 2665 ύπερασπιεί
3440 2594 3638 2665 Κύριος

2050 2680 2192 2752 ὑπὲρ
2223 2681 2330 2735 τῶν
2367 2683 2764 2737 κατοικούντων
2781 2684 2879 2754 τὴν
2894 2685 2940 2716 ⁸⁵
2957 2683 3314 2756 Ἰερουσαλήμ
3332 2700 3346 2714 ·
3366 2685 3463 2737 καὶ
3487 2683 3638 2737 ἔσται

2048 2775 2076 2827 ὁ
2104 2773 2344 2827 ἀσθενῶν
2373 2775 2431 2827 ἐν
2457 2775 2639 2838 αὐτοῖς
2665 2777 2719 2828 ἐν
2741 2775 2926 2848 ἐκείνῃ
2952 2778 3016 2847 τῇ
3039 2775 3243 2848 ἡμέρᾳ,
3263 2775 3340 2838 ὡς
3377 2770 3527 2838 οἶκος
3547 2779 3639 2827 Δα-

2050 2865 2134 2918 δίδ
2163 2883 2174 2896 ’
2204 2869 2231 2920 ὁ
2258 2866 2315 2920 δὲ
2349 2862 2494 2930 οἶκος
2524 2867 2707 2934 Δαϐἱδ,
2738 2869 2814 2932 ὡς
2833 2864 2980 2932 οἶκος
3031 2870 3258 2941 Κυρίου,
3303 2869 3379 2933 ὡς
3411 2869 3636 2938 ἄγγελος

2047 2957 2254 3029 Κυρίου
2288 2959 2520 3011 ἐνώπιον
2551 2958 2749 3013 αὐτῶν.
2781 2977 2800 3011 ι
2830 2960 2940 3012 Καὶ
2970 2959 3070 3030 τῆς
3110 2959 3260 3024 θείας
3295 2959 3636 3031 προμηθείας

372 3035 495 3124 rum
527 3038 593 3129 εξ
625 3025 810 3084 divina
843 3035 1188 3102 providentia
1229 3043 1509 3111 pendebit.
1558 3025 1769 3108 Idcirco
1824 3069 1942 3109 om-

2054 3025 2409 3120 ἐξαρτήσουσι
2444 3048 2546 3113 τάς
2592 3049 2831 3116 ἐλπίδας,
2869 3045 2930 3105 οὗ
2957 3025 3117 3122 χάριν
3160 3051 3267 3104 τῶν
3320 3025 3579 3105 ἀπάντων
3607 3053 3635 3104 ό

371 3112 522 3168 nium
548 3114 812 3180 Dominus
839 3128 990 3182 omni
1011 3143 1105 3186 eos
1139 3133 1345 3190 auxilio
1375 3138 1640 3208 tuebitur,
1683 3152 1943 3218 tantoque

2054 3112 2258 3210 Κύριος
2285 3140 2468 3212 πάσης
2495 3112 2689 3205 αὐτοὺς
2717 3112 3054 3212 ἀντιλήψεως
3100 3141 3344 3207 ἀξιώσει,
3379 3142 3478 3196 καὶ
3507 3159 3631 3195 τοσ-

369 3203 570 3262 robore
593 3222 692 3266 eos
715 3215 1030 3286 complebit,
1066 3227 1124 3274 ut
1166 3222 1544 3285 debilissimus
1585 3203 1820 3304 quisque
1854 3203 1942 3294 re-

370 3295 473 3363 giae
502 3297 690 3357 domui
725 3317 1078 3377 comparetur
1106 3313 1273 3385 (hanc
1303 3319 1449 3374 enim
1477 3326 1695 3379 vocavit
1725 3327 1941 3383 domum

286 3405 291 3410 ι
368 3387 645 3463 Βαυὶάὶε);
679 3393 876 3453 domus
905 3409 1089 3457 autem
1122 3407 1278 3478 regia
1303 3407 1506 3468 divina:
1539 3414 1740 3474 domus
1767 3421 1942 3476 invio-

369 3478 591 3537 labilem
644 3490 992 3547 sanctitatem
1048 3495 1347 3555 imitetur:
1389 3501 1462 3557 ita
1511 3512 1570 3560 ut
1622 3522 1816 3571 omnes
1874 3512 1940 3567 ad

369 3586 489 3627 eam
535 3574 681 3633 sicut
726 3581 791 3634 ad
824 3581 1074 3642 divinum
1129 3593 1394 3662 templum
1440 3596 1782 3672 confugiant,
1847 3613 1942 3659 aut

368 3669 633 3736 tanquam
660 3672 852 3743 angelo
879 3673 945 3730 ad
997 3679 1233 3736 salutem
1286 3685 1460 3742 misso
1517 3669 1941 3750 confidentiores

370 3751 526 3812 ﬁant.
564 3756 798 3817 Tantam
848 3765 996 3822 enim
1041 3784 1108 3825 ex
1143 3771 1377 3828 victoria
1424 3777 1655 3846 gloriam
1707 3783 1942 3854 college-

367 3855 500 3900 runt
540 3847 710 3907 Judas
744 3863 797 3909 et
841 3853 1113 3914 Jonathan
1141 3902 1158 3926 ,
1197 3873 1256 3917 ut
1296 3869 1532 3937 accolae,
1566 3881 1619 3926 et
1656 3847 1940 3940 vicini,'ac

370 3936 587 3993 ﬁnitimi
635 3943 956 4002 avidissime
1001 3950 1101 4005 hos
1142 3953 1247 4008 sibi
1305 3959 1488 4014 socios
1543 3936 1936 4032 adjunxerint:

367 4045 546 4098 neque.
600 4033 654 4089 id
717 4037 895 4094 solum
953 4041 1204 4109 finitimi.
1265 4049 1363 4103 sed
1403 4058 1458 4105 et
1495 4052 1588 4121 qui
1635 4055 1936 4112 multorum

371 4122 586 4198 1654
606 4126 818 4184 dierum
855 4132 1050 4190 itinere
1079 4135 1381 4206 distabant,
1420 4151 1537 4197 tum
1573 4144 1626 4198 in
1676 4147 1939 4204 occiden-

364 4214 568 4270 talibus
630 4220 743 4276 oris
789 4220 1101 4280 habitantes
1157 4225 1426 4296 Romani,
1471 4240 1580 4286 tum
1626 4233 1935 4304 Spartiatae,

365 4308 607 4365 maximo
636 4312 823 4368 studio
870 4318 1190 4374 societatem
1227 4336 1418 4376 eorum
1450 4326 1748 4394 auiplexati
1779 4338 1933 4389 sunt.

435 4481 604 4541 Vsus.
628 4486 683 4553 9,
717 4489 801 4544 l0.
835 4509 854 4541 ‹
878 4489 946 4544 Ει
980 4491 1084 4546 erit
1127 4491 1216 4548 die
1238 4493 1354 4560 illo,
1401 4505 1674 4568 qumram‘
1711 4505 1935 4561 auferre

364 4589 557 4630 omnes
583 4587 796 4647 gentes,
828 4596 950 4649 qua:
986 4583 1211 4638 veniunt
1258 4597 1446 4642 contra
1477 4589 1930 4667 Hierosolymam.

362 4663 430 4719 Et
451 4665 726 4722 eﬂ'undam
757 4686 924 4740 super
967 4671 1300 4732 habitatores
1342 4663 1932 4758 Hierosolymae‘Spiri-

363 4765 479 4811 tum
544 4761 735 4829 gratiae
760 4768 815 4815 et
876 4763 1337 4824 misericordiae.)
1383 4772 1486 4828 Sed
1552 4792 1651 4832 cos
1707 4795 1807 4850 ego
1853 4791 1932 4837 lnl

362 4848 640 4918 tantisque
699 4850 984 4909 beneficiis
1041 4859 1354 4929 cumulavi;
1404 4863 1534 4918 hinc
1589 4848 1778 4926 hostes
1837 4874 1930 4943 qui

361 4939 564 4996 bellum
589 4941 670 4997 eis
691 4943 1008 5001 inferebant
1033 4949 1201 5005 variis
1251 4957 1444 5010 mortis
1495 4961 1788 5026 generibus
1817 4939 1929 5019 tra-

357 5032 532 5097 deus;
560 5031 687 5088 hinc
715 5034 894 5093 fontes
932 5038 1068 5109 ipsis
1107 5042 1501 5101 misericordiae
1546 5053 1825 5122 aperiens,
1870 5065 1926 5112 et

359 5120 506 5176 omni
539 5124 716 5194 gratia
736 5140 832 5182 eos
863 5130 1149 5198 complens
1183 5149 1196 5185 :
1237 5132 1343 5203 ipsi
1378 5151 1509 5192 vero
1541 5153 1655 5206 me,
1702 5120 1827 5197 cum
1858 5145 1927 5200 ad

357 5227 455 5268 eos
501 5213 799 5279 venissem,
845 5222 1140 5278 contrariis
1190 5222 1350 5281 factis
1392 5233 1726 5287 remunerati
1772 5246 1924 5302 sunt,

355 5312 413 5359 et
475 5306 528 5360 in
593 5321 813 5362 crucem
867 5319 1050 5365 actum
1102 5314 1382 5386 clavisque
1430 5319 1645 5375 aﬂixum
1700 5326 1924 5383 militari

356 5393 544 5452 lancea
577 5399 642 5454 ad
673 5399 814 5455 latus
845 5413 1284 5472 compunxcrunt
1306 5446 1320 5470 ,
1352 5416 1405 5461 et
1435 5408 1666 5468 irridere
1701 5431 1808 5470 non
1841 5418 1928 5474 dc-

2041 3231 2211 3303 αύτην
2245 3233 2430 3296 αὐτοῖς
2479 3233 2708 3304 παρέξει
2742 3233 2956 3306 ῥώμην,
2987 3234 3129 3288 ὥστε
3164 3234 3254 3289 τὸν
3305 3235 3634 3289 ἀσθενέστα-

2039 3342 2131 3377 τον
2187 3323 2263 3394 τῷ
2317 3323 2582 3394 βασιλικῷ
2635 3323 3084 3394 παραϐάλλεσθαι
3147 3325 3282 3394 οτκῳ
3338 3324 3629 3396 (τοῖτοιμ⁸

2039 3415 2150 3486 γὰρ
2180 3414 2439 3470 ἐκάλεσεν
2469 3411 2639 3470 οἷκον
2678 3415 2878 3486 Δαϐίδ)
2903 3458 2919 3481 ,
2972 3416 3064 3469 τὸν
3095 3417 3151 3470 δὲ
3177 3416 3461 3487 βασιλικὸν
3487 3412 3630 3470 οἷκον

2040 3506 2134 3560 τοῦ
2183 3505 2327 3560 θείου
2367 3505 2514 3560 οἴκου
2551 3507 2834 3577 μιμεῖσθαι
2868 3506 2930 3560 τὸ
2956 3507 3178 3574 ἄσυλον,
3231 3507 3376 3561 ὥστε
3421 3509 3629 3572 πάντας

2041 3599 2122 3662 είς
2171 3598 2354 3665 αὑτὸν,
2408 3598 2484 3662 ὡς
2517 3599 2597 3662 είς
2651 3598 2744 3652 τὸν
2787 3597 2931 3652 θεῖον
2987 3599 3356 3669 καταφεύγειν
3401 3600 3558 3663 νεὼν,
3595 3599 3628 3670 ἦ

2040 3689 2115 3754 ὡς
2170 3690 2387 3761 ἀγγέλῳ
2445 3691 2526 3754 είς
2595 3691 2870 3762 σωτηρίαν
2920 3691 3318 3762 ἀπεσταλμένῳ
3364 3693 3624 3764 θαρρεῖν·

2039 3781 2293 3836 τοσοῦτον
2346 3781 2455 3854 γάρ
2495 3781 2602 3835 ἀπὸ
2639 3782 2739 3853 τῆς
2790 3783 2946 3854 νίκης
2996 3783 3050 3836 oi
3099 3785 3228 3856 περὶ
3285 3783 3491 3839 Ἰούδαν
3540 3786 3627 3838 καὶ

2052 3871 2311 3926 Ἰωνάθαν
2343 3871 2737 3945 ἐκαρπώσαντο
2763 3873 2938 3938 κλέος,
2971 3873 3112 3927 ὥστε
3136 3875 3264 3939 τοὺς
3291 3877 3624 3947 περιοίκους,

2041 3964 2134 4016 καὶ
2163 3964 2572 4033 ἀστυγείτονας,
2610 3966 2704 4020 καὶ
2737 3965 3170 4038 πλησιοχώρους,
3205 3969 3411 4023 τούτων
3445 3970 3621 4040 ἀρπάο

2040 4068 2131 4105 σαι
2154 4051 2252 4123 τὴν
2277 4054 2595 4125 συμμαχίαν
2627 4070 2638 4081 °
2665 4055 2726 4108 ού
2767 4055 2926 4126 μόνον
2960 4055 3017 4110 δὲ
3040 4057 3090 4109 oi
3112 4057 3462 4124 πελάζοντες,
3491 4059 3620 4113 ἀλλά

2037 4144 2133 4197 καὶ
2163 4146 2210 4198 οἱ
2239 4147 2572 4216 παμπόλλων
2627 4147 2855 4220 ἡμερῶν
2908 4148 3027 4202 ὁδὸν
3086 4149 3498 4221 ἀφεστηκότες,
3533 4155 3622 4208 καὶ

2039 4234 2096 4286 ἐν
2156 4237 2271 4298 τοῖς
2317 4237 2591 4307 ἑσπερίοις
2645 4237 3026 4302 κατοικοῦντες
3077 4239 3266 4310 μέρεσι
3335 4242 3618 4313 Ῥωμαῖοι.

2041 4327 2135 4380 καὶ
2177 4328 2542 4399 Σπαρτιᾶται,
2583 4328 2682 4401 τὴν
2706 4329 2913 4384 τούτων
2947 4332 3267 4402 συμμαχίαν
3310 4336 3450 4404 μετὰ
3484 4336 3617 4388 πολ-

1971 4409 2013 4462 ι)
2042 4417 2140 4488 λῆς
2169 4418 2483 4488 ἠσπάσαντο
2514 4419 2844 4491 προθυμίας.

2115 4509 2180 4574 θ’,
2215 4516 2264 4563 ι’.
2307 4529 2325 4560 ι
2351 4509 2461 4564 Καὶ
2513 4510 2666 4564 ἔσται
2702 4512 2759 4564 ἐν
2810 4515 2876 4583 τῇ
2914 4513 3100 4586 ἡμέρᾳ
3139 4515 3347 4586 ἐκείνῃ,
3398 4515 3620 4588 ζητήσω

2042 4600 2234 4671 ἐξᾶραι
2272 4600 2446 4655 πάντα
2475 4601 2543 4654 τά
2570 4601 2700 4671 ἔθνη
2726 4602 2795 4655 τά
2828 4603 3098 4674 ἐρχόμενα
3131 4606 3614 4678 ἐπὶῚερουσαλήμ.

2043 4695 2152 4748 Καὶ
2207 4695 2381 4766 ἐκχεῶ
2412 4697 2504 4748 ἐπὶ
2527 4696 2618 4750 τὸν
2643 4692 2788 4750 οἶκον
2843 4696 3030 4766 Δαϐὶδ,
3077 4699 3171 4752 καὶ
3203 4701 3296 4752 ἐπὶ
3322 4703 3450 4764 τοὺς
3483 4719 3613 4754 κατ-

2039 4785 2321 4851 οικοῦντας
2379 4787 2755 4860 Ἰερουσαλὴμ,
2787 4789 3010 4860 Πνεῦμα
3033 4791 3254 4862 χάριτος
3292 4795 3386 4847 καὶ
3414 4798 3616 4866 οἰκτιρ-

2041 4876 2162 4946 μοῦ.
2189 4897 2207 4928 ι
2265 4878 2402 4931 Ἀλλ’
2448 4878 2558 4946 ἐγὼ
2599 4881 2698 4948 μὲν
2731 4881 2928 4944 αὐτοὺς
2954 4882 3248 4947 τοσαύταις
3273 4885 3612 4957 εὐεργεσίαις

2037 4967 2311 5020 ἐπέκλυσα
2352 4984 2364 4996 ·
2421 4970 2546 5032 τοὺς
2604 4971 2703 5039 μὲν
2759 4971 3011 5034 ἐπιόντας
3083 4974 3271 5037 αὐτοῖς
3324 4976 3610 5047 πολεμίους

2036 5058 2402 5124 παντοδαπαῖς
2443 5060 2638 5123 εέδὲαις
2659 5059 2706 5090 ⁸⁷
2743 5060 2974 5115 θανάτου
3023 5064 3374 5136 παραδιδοὺς,
3433 5070 3609 5132 αὐτοῖς

2026 5147 2082 5200 δὲ
2112 5149 2342 5216 ἀνοίγων
2378 5150 2475 5214 τὰς
2503 5151 2597 5202 τοῦ
2643 5151 2793 5204 ἐλέου
2846 5153 3052 5221 πηγὰς,
3084 5155 3179 5208 καὶ
3209 5159 3470 5222 παντοίας
3516 5161 3608 5214 αὖα

2025 5239 2151 5300 τοὺς
2203 5240 2565 5308 ἀναπιμπλών
2618 5241 2841 5312 χάριτος
2877 5258 2891 5273 ·
2923 5244 3074 5299 αὐτοὶ
3113 5245 3170 5300 δέ
3226 5265 3295 5318 με
3367 5267 3605 5320 παραγε-

2026 5328 2250 5396 νόμενον
2306 5332 2420 5393 τοῖς
2502 5332 2765 5395 ἐναντίοις
2834 5334 3176 5404 ἠμείψαντο,
3237 5340 3331 5392 καὶ
3393 5341 3604 5412 σταυρῷ

2027 5418 2474 5489 προσηλώσαντες
2544 5425 2917 5496 στρατιωτικῷ
2975 5426 3160 5498 δόρατι
3209 5429 3310 5499 τὴν
3365 5431 3602 5503 πλευρὰν

1655 5573 1887 5632 V'ARIE
1930 5578 2331 5638 LECTIONES.

410 5653 451 5680 ’⁷
483 5669 527 5720 Α
560 5672 748 5744 αὑτήν.
834 5676 877 5706 ⁸³
911 5675 1053 5748 Κύρ.
1089 5677 1168 5733 Ex
1197 5679 1242 5734 A
1269 5691 1321 5738 et
1349 5682 1388 5738 C
1413 5687 1591 5756 suppl.
1690 5691 1733 5723 ’⁵
1763 5693 1881 5763 τήν.
1923 5693 2043 5750 Des.
2081 5696 2135 5751 in
2159 5698 2223 5750 Α.
2307 5698 2353 5731 ⁸⁸
2378 5698 2418 5754 C
2440 5698 2616 5752 τοῦτο.
2709 5703 2752 5733 ⁸⁷
2784 5701 2824 5757 C
2859 5700 3052 5767 ἰδέαις.
