3956 6202
364 291 501 374 1915‘

1565 320 1647 382 IN
1687 323 2083 388 ZACHARLE
2116 329 2272 392 CAP.
2303 332 2473 395 XIII.

3477 341 3614 409 1946

361 419 743 495 ἐξεκέντησαν,
785 425 878 479 καὶ
930 428 1312 499 παροινοῦντες
1354 432 1448 486 κο.)⁸
1506 435 1932 502 ὲπιτωθάζοντες

2047 445 2334 501 stilerunt.
2377 447 2646 504 Caeterum
2679 449 2825 506 haud
2853 453 3027 507 multo
3056 462 3181 524 post
3212 453 3478 511 videbunt
3525 472 3611 513 me

358 512 681 573 διετέλεσαν.
727 516 867 571 Ἀλλ’
896 519 1047 592 ὅμως
1090 521 1192 577 οὐκ
1216 523 1300 588 είς
1347 525 1565 599 μακρὰν
1595 527 1817 598 ὄψονται
1864 547 1932 600 με

363 603 502 672 μετά
526 604 628 673 τῆς
650 604 798 672 θείας
825 608 1244 683 ἐπιφαινόμενον
1264 613 1444 685 δόξης,
1475 618 1569 671 καὶ⁸
1597 619 1698 690 τὴν
1722 620 1933 675 οἰκείαν

358 696 788 771 παραφροσύνην
820 699 1176 775 θρηνήσουσι,
1210 706 1306 760 καὶ
1342 711 1686 780 πρωτοτόκου
1717 714 1930 768 νεανίου

360 788 687 860 μιμήσονται
722 792 935 861 πένθος,
983 796 1381 870 παραπλησίως
1414 806 1528 866 τοῖς
1561 803 1767 859 ἐκεῖνον
1814 805 1932 859 ὀλο-

356 876 679 947 φυρομένοις
706 882 1052 953 κοπτόμενοι.

430 986 450 1019 ι
479 967 735 1039 Ὄψονται
771 972 899 1045 γὰρ,
939 978 1091 1045 φησι,
1129 976 1267 1049 πρός
1309 996 1398 1050 με,
1446 982 1526 1046 εις
1565 982 1625 1036 δν
1648 983 1936 1056 ἐξεκέντη-

356 1075 456 1113 σαν
475 1061 542 1126 ⁹⁸,
569 1064 664 1117 καὶ
690 1064 942 1134 κόψονται
972 1069 1059 1122 ἐπ’
1088 1071 1239 1140 αὐτῷ
1279 1073 1530 1134 κοπετὸν.
1570 1075 1645 1140 ὼς
1682 1077 1769 1131 ἐπ’
1796 1078 1932 1146 ἀγα-

353 1151 532 1222 πητῷ,
560 1154 652 1207 καὶ
677 1155 1094 1230 ὀδυνηθήσονται
1124 1163 1209 1230 ἐφ’
1237 1164 1451 1228 ἑαυτοῖς
1481 1165 1700 1238 ὀδύνην,
1728 1168 1805 1233 ὡς
1837 1169 1930 1222 ἰπὶ

352 1245 759 1317 πρωτοτόκφ⁹⁹.
800 1249 964 1320 (ια’.)
1007 1252 1096 1307 Ἐν
1117 1256 1184 1326 τῇ
1223 1255 1410 1327 ἡμέρᾳ
1440 1256 1623 1329 ἐκείνῃ
1661 1260 1931 1329 μεγαλυν-

352 1333 578 1407 θήσεται
612 1338 640 1390 ό
667 1340 899 1406 κοπετὸς
933 1343 1347 1417 ’1ερουσαλὴμ¹,
1369 1348 1446 1412 ὡς
1476 1350 1704 1414 κοπετδς
1732 1354 1931 1420 ῥοῶνος

351 1422 411 1477 ιν
452 1425 623 1499 πεδίῳ
677 1429 1101 1504 ἑκκοπτομένου.
1133 1454 1153 1488 υ
1213 1435 1484 1509 Καθάπερ
1522 1440 1632 1511 γὰρ
1677 1440 1932 1513 ὑλοτόμοι

351 1515 482 1584 ῥόας
508 1518 591 1572 ὅτι
643 1520 898 1587 πλείστας
947 1527 1306 1599 ἐκτέμνοντες
1347 1531 1555 1587 κτύπον
1605 1532 1930 1587 ἀποτελοῦσι

349 1605 517 1661 πολύν
546 1624 558 1637 ·
584 1607 757 1675 οὕτως
787 1614 815 1666 ὁ
853 1615 1058 1671 τούτων
1092 1621 1306 1691 κομμδς
1346 1623 1760 1695 κατακτυπήσει
1793 1622 1929 1677 πάν-

347 1714 458 1751 των
500 1698 601 1764 τὰς
627 1702 816 1767 ἀκοάς.
849 1706 960 1778 Οὐχ
1000 1708 1187 1774 ἁπλῶς
1211 1711 1289 1775 δὲ,
1319 1712 1390 1766 τὰ
1429 1713 1566 1769 ἄλλα
1609 1714 1803 1786 δένδρα
1836 1732 1929 1770 κα-

348 1789 612 1860 ταλιπὼν,
655 1794 755 1865 τῆς
797 1797 927 1867 ῥόας
957 1800 1169 1857 τέθεικε
1214 1804 1314 1876 τὴν
1344 1807 1562 1879 εἰκόνα-ο
1589 1798 1707 1862 ἀλλ’
1736 1807 1923 1880 ἐπειδὴ
1958 1792 2002 1846 Β

351 1882 446 1936 καὶ
495 1884 777 1958 ἀγαπητοῦ
833 1892 928 1945 xui.
981 1896 1330 1965 πρωτοτόκου
1389 1899 1574 1954 πένθει
1606 1900 1668 1953 τὸ
1697 1899 1925 1954 ἐκείνων

350 1974 618 2030 ἀπείκασε
665 1979 888 2046 πένθος·
923 1984 1145 2057 ἀγάπης
1186 1987 1243 2041 δὲ
1273 1988 1442 2053 τύπος
1473 1992 1506 2060 ἡ
1537 1990 1657 2061 ῥόα,
1723 2009 1927 2063 συνημ-

353 2064 549 2134 μένους
595 2067 794 2139 ἔχουσα
837 2072 957 2129 λίαν
1008 2076 1104 2130 καὶ
1155 2079 1471 2150 ἡνωμένους
1509 2082 1637 2147 τοῦς
1671 2083 1923 2148 κόκκους,

353 2157 578 2223 εἰκότως
604 2163 668 2232 τῇ
725 2164 930 2219 τούτων
968 2167 1079 2221 τῶν
1119 2169 1351 2245 δένδρων
1398 2176 1540 2245 τομῇ
1571 2175 1665 2229 τὸν
1722 2176 1930 2231 ἐκεῖνον

351 2246 554 2321 ἔφησεν
589 2253 822 2309 ἐοικέναι
845 2259 1083 2329 κομμόν.

425 2429 607 2501 ιβ’-ιδ’.
636 2452 653 2483 ι
679 2434 789 2489 Καὶ
830 2436 1056 2506 κόψεται
1087 2439 1120 2509 ἡ
1145 2442 1213 2511 γῆ
1243 2442 1385 2496 κατὰ
1410 2442 1618 2513 epulae”
1648 2464 1658 2474 -
1687 2443 1830 2514 φυλὴ
1857 2444 1931 2496 οε-

351 2536 450 2575 κου
473 2523 638 2576 Δασὶδ
666 2525 789 2579 καθ’
822 2528 1041 2598 ἑαυτὴν,
1075 2530 1171 2583 καὶ
1201 2532 1257 2583 al
1305 2535 1563 2600 γυναῖκες
1597 2534 1777 2588 αὐτῶν
1809 2534 1931 2588 καθ’

351 2613 571 2676 ἑαυτάς.
606 2616 749 2688 Φυλὴ
782 2616 933 2673 οίκου
966 2621 1153 2674 Νάθαν
1202 2622 1324 2676 καθ’
1354 2624 1575 2693 ἑαυτὴν,
1605 2624 1701 2678 καὶ
1736 2625 1793 2678 αἱ
1833 2641 1932 2692 γυ·

350 2706 538 2770 ναῖκες
588 2707 773 2762 αὐτῶν
805 2709 927 2763 καθ’
955 2711 1155 2774 ἑαυτάς
1182 2728 1196 2742 '
1228 2713 1368 2782 φυλὴ
1430 2712 1582 2767 οίκου
1634 2714 1764 2768 Λευτ
1808 2715 1930 2769 καθ’

351 2796 570 2869 ἑαυτὴν,
604 2801 698 2854 καὶ
731 2802 787 2855 αί
838 2806 1096 2870 γυναῖκες
1128 2803 1305 2858 αὐτῶν
1346 2804 1467 2859 καθ’
1517 2806 1714 2870 ἑαυτάς
1741 2822 1757 2839 ο
1794 2807 1933 2876 φυλὴ

350 2886 444 2942 τοῦ
479 2891 499 2922 ⁸
545 2890 769 2960 Συμεὼν
826 2893 947 2946 καθ’
998 2894 1217 2966 ἑαυτὴν.
1262 2897 1358 2949 καὶ
1412 2896 1469 2951 αἱ
1527 2900 1783 2964 γυναῖκες
1836 2899 1935 2952 αὗ-

350 2980 458 3035 τῶν
511 2981 633 3036 καθ’
676 2983 899 3048 ἑαυτάς.
936 2986 1109 3040 Πᾶσαι
1144 2988 1199 3040 αί
1234 2987 1690 3059 ὑπολελειμμέναι
1748 2988 1931 3058 φυλαὶ,

2039 552 2163 591 cum
2228 537 2417 593 divina
2456 540 2756 610 majestate
2795 545 3140 609 venientem,
3189 554 3304 601 tum
3354 554 3410 604 et
3453 562 3611 602 suam

2035 628 2370 683 dentientiam
2408 631 2698 701 lugebunt,
2742 642 2798 689 et
2850 635 3202 708 primogeniti
3241 637 3612 693 adolescentis

2036 719 2317 789 planctum
2354 721 2749 792 imitabuutur,
2784 740 2897 781 non
2941 727 3109 781 aliter
3131 742 3294 798 quam
3334 728 3428 798 qui
3455 727 3611 781 illum

2036 811 2244 866 deﬂent
2271 812 2660 871 lamentantes.

2111 1012 2130 1045 ι
2167 993 2456 1062 Aspicient
2483 993 2663 1059 enim,
2704 993 2904 1065 inquit,
2948 1010 3034 1050 me
3070 1009 3232 1065 quem
3265 1008 3606 1064 compunxe-

2034 1096 2197 1152 runt;
2241 1094 2296 1140 et
2344 1086 2607 1156 plangent
2645 1101 2810 1156 super
2836 1100 2960 1141 eum
2980 1084 3283 1156 planctum,
3318 1084 3473 1154 quasi
3512 1099 3609 1139 su-

2032 1192 2130 1248 per
2156 1175 2582 1242 charissimum;
2616 1184 2672 1230 et
2708 1174 2973 1230 dolebunt
3008 1173 3219 1241 dolore,
3243 1173 3404 1244 quasi
3439 1188 3607 1244 super

2033 1270 2482 1340 primogenitum.
2536 1266 2727 1340 (Vens.
2763 1267 2876 1338 Η.)
2930 1265 3028 1321 Die
3077 1266 3173 1321 illo
3222 1279 3456 1336 magnus
3500 1264 3607 1320 erit

2031 1363 2285 1434 planctus
2319 1362 2370 1415 in
2416 1358 2817 1431 Hierosolyma,
2859 1360 3005 1416 sicut
3038 1360 3292 1430 planctus
3336 1358 3607 1429 malogra-

2031 1455 2170 1522 nati,
2204 1453 2353 1526 quod
2392 1453 2446 1509 in
2474 1469 2668 1525 campo
2713 1450 3042 1509 succiditur.
3077 1472 3096 1506 ι
3133 1452 3604 1520 Quemadmodum

2030 1549 2180 1603 enim
2208 1548 2306 1619 qui
2351 1547 2502 1619 ligna
2546 1547 2784 1611 cadunt,
2821 1546 3125 1603 maximum
3171 1560 3463 1601 numerum
3485 1560 3602 1599 ma-

2032 1640 2443 1709 logranatorum
2477 1635 2690 1708 1655
2715 1644 2990 1698 secantes,
3017 1648 3279 1704 maguum
3312 1632 3601 1703 strepitum

2030 1731 2202 1787 edunt
2235 1747 2250 1785 :
2283 1729 2366 1785 sic
2395 1728 2590 1783 horum
2630 1727 2948 1797 planctibus
2986 1727 3232 1781 omnium
3289 1723 3599 1779 mortalium

2026 1838 2191 1879 aures
2263 1821 2772 1877 circumsonahunt.
2829 1816 2949 1873 Non
2982 1828 3187 1873 temere
3219 1824 3402 1870 autem
3429 1856 3443 1880 ,
3477 1812 3602 1868 aliis

2027 1916 2324 1973 arboribus
2354 1915 2577 1969 omissis
2602 1954 2618 1979 ,
2646 1927 2713 1967 ex
2745 1911 3124 1981 malogranato
3151 1908 3309 1963 duxit
3341 1904 3604 1961 similitu-

2025 2010 2209 2066 dinem
2237 2029 2252 2066 :
2277 2009 2370 2066 sed
2398 2008 2526 2078 quia
2553 2014 2609 2062 et
2632 2003 2947 2060 charissimi
2967 2010 3022 2058 et
3042 1998 3391 2072 primogeniti
3424 1995 3598 2051 luctui

2026 2104 2247 2159 illorum
2282 2102 2491 2157 luctum
2519 2098 2882 2171 comparavit,
2910 2093 3205 2152 charitatis
3235 2100 3415 2145 autem
3444 2096 3602 2157 typus

2026 2205 2111 2251 est
2146 2194 2609 2265 malogranatum,
2641 2206 2810 2263 grana
2848 2190 3058 2245 habens
3100 2183 3260 2240 valde
3303 2179 3604 2250 conjuncta

2027 2294 2083 2341 et
2124 2286 2309 2351 unita,
2350 2293 2501 2339 recte
2551 2283 2745 2337 harum
2800 2281 3063 2335 arborum
3109 2273 3343 2332 sectioni
3382 2272 3604 2326 illorum

2032 2376 2313 2446 planctum
2356 2373 2592 2427 similem
2623 2386 2746 2426 esse
2779 2368 2936 2423 dixit.

2100 2464 2267 2519 Vsus.
2319 2462 2507 2517 12-”.
2567 2479 2586 2512 ι
2653 2460 2718 2516 Ει
2765 2460 2985 2530 planget
3033 2465 3176 2511 terra
3239 2469 3335 2524 per
3384 2450 3607 2504 tribus;

2031 2557 2212 2612 tribus
2247 2558 2445 2609 domus
2479 2552 2700 2606 Davidis
2732 2565 3006 2611 seorsum,
3040 2558 3092 2602 et
3126 2545 3386 2600 mulieres
3415 2554 3608 2596 eorum

2032 2658 2306 2701 seorsum.
2367 2641 2571 2696 Tribus
2631 2640 2826 2694 domus
2879 2636 3151 2691 Nathanis
3205 2646 3494 2693 seorsum,
3554 2636 3608 2681 et

2032 2737 2292 2791 mulieres
2322 2748 2514 2789 eorum
2554 2745 2845 2797 seorsum;
2890 2728 3071 2782 trihus
3128 2724 3322 2780 domus
3354 2720 3484 2777 Levi
3517 2734 3607 2773 se-

2033 2840 2244 2887 orsum,
2269 2832 2325 2879 et
2343 2822 2601 2876 mulieres
2615 2833 2808 2874 eorum
2830 2830 3113 2880 seorsum;
3137 2814 3314 2867 tribus
3335 2806 3611 2864 Simeonis

2035 2929 2308 2976 εεοτειιω,
2349 2922 2403 2968 et
2454 2911 2712 2966 mulieres
2744 2923 2938 2964 eorum
2973 2920 3248 2963 εεοτειιηι.
3290 2901 3494 2957 Omnes
3523 2915 3610 2953 re-

2036 3009 2196 3078 liqua:
2226 3005 2404 3061 tribus
2429 3043 2447 3068 ,
2480 3002 2660 3058 trihus
2710 3015 2983 3063 seorsum,
3034 3005 3090 3052 et
3124 2994 3382 3049 mulieres
3419 3003 3610 3046 eorum

353 3072 495 3144 φυλὴ
551 3073 673 3127 καθ’
725 3075 924 3144 ἑαυτὴν
955 3115 972 3141 ,
1023 3077 1116 3131 καὶ
1168 3078 1224 3130 ai
1287 3079 1541 3144 γυναῖκες
1583 3078 1765 3131 αὐτῶν
1811 3078 1932 3133 καθ’

356 3165 550 3190 1-..-1.-
604 3184 618 3190 -
650 3166 813 3190 Ψ-1¹ῗ--
842 3166 984 3190 \l-.--
1052 3168 1124 3190 9--
1167 3168 1305 3190 __.._‘_
1340 3168 1510 3190 ___.\.L_
1550 3169 1780 3190 9,“---n1
1821 3188 1905 3190 ξ--

2042 3072 2319 3155 seorsum.
2362 3115 2382 3149 ι
2444 3094 2548 3150 Per
2596 3093 2808 3158 tribus,
2862 3091 3039 3161 inquit
3094 3087 3294 3149 divisi,
3359 3095 3613 3139 seorsum

354 3165 570 3227 ἑαυτάς.
604 3184 621 3216 ι
650 3166 820 3219 Τοῦτο
842 3166 1010 3235 λέγει,
1050 3168 1130 3222 ὅτι
1166 3168 1307 3222 κατά
1336 3168 1511 3239 φυλὰς
1546 3169 1928 3240 διαιρεθέντες,

351 3258 521 3327 χωρὶς
551 3258 650 3328 μὲν
676 3258 888 3329 ἄνδρες,
923 3261 1092 3330 χωρὶς
1118 3259 1174 3313 δὲ
1197 3262 1454 3326 γυναῖκες
1475 3260 1632 3315 τοῦτο
1649 3261 1928 3335 δράσουσι.

352 3349 463 3403 Καὶ
505 3348 776 3420 μέμνηται
809 3349 870 3402 οὐ
899 3349 1057 3419 μόνον
1101 3348 1474 3417 φυλῶν,.ἀλλά
1515 3351 1610 3405 καὶ
1659 3352 1928 3425 πατριῶν,

352 3438 455 3509 τῆς
484 3456 541 3494 τε
569 3437 662 3492 τοῦ
688 3439 875 3505 Δαὸὶδ,
905 3440 940 3511 ἢ
966 3439 1062 3503 τὰς
1092 3441 1222 3512 περὶ
1260 3441 1351 3495 τοῦ
1382 3443 1658 3496 Δεσπότου
1689 3442 1931 3514 Χριστοῦ

355 3529 688 3599 ἐπαγγελίας
749 3530 987 3596 ἐδέξατο,
1042 3530 1270 3584 καὶτοῦ
1322 3532 1530 3600 Νάθαν,
1568 3532 1628 3598 ὃς
1680 3533 1933 3604 τηνικάδε

356 3620 743 3691 προφητεύων,
774 3620 864 3675 καὶ
897 3624 993 3692 τῆς
1023 3621 1118 3675 τοῦ
1147 3623 1318 3689 ,Δαὸὶδ
1342 3623 1543 3695 ἤκουσε
1569 3625 1930 3696 προφητείας,

357 3711 456 3766 καὶ
494 3711 655 3775 αὐτὸς
695 3712 888 3781 ἐκείνῳ
931 3713 1240 3785 προσέφερε
1268 3714 1336 3768 τὰ
1365 3716 1538 3768 οέκεῖα
1567 3715 1932 3787 θεσπίσματα.

358 3801 755 3873 Μνημονεύσας
779 3803 835 3855 δὲ
883 3803 978 3857 καὶ
1019 3806 1118 3873 τῆς
1157 3804 1251 3858 τοῦ
1284 3805 1417 3859 Λευτ
1464 3806 1638 3878 φυλῆς
1683 3808 1779 3861 καὶ
1836 3807 1938 3878 τῆς

359 3891 454 3946 τοῦ
506 3892 750 3964 Συμεὼν,
803 3892 1029 3966 ὕστερον
1067 3897 1315 3967 ἐπήγαγε
1341 3914 1355 3927 ·
1402 3916 1421 3949 ι
1452 3899 1631 3953 Πᾶσαι
1661 3900 1716 3953 αἱ
1746 3899 1938 3952 ὑπολε-

361 3983 651 4056 λειμμέναι
678 3985 862 4054 φυλαὶ,
892 3986 1071 4057 φυλὴδ
1099 3988 1219 4042 καθ’
1250 3990 1447 4060 ἑαυτὴν
1476 3989 1722 4059 κόψεται,
1752 3991 1846 4043 καὶ
1873 3991 1930 4042 αἱ

361 4074 615 4139 γυναῖκες
640 4072 820 4126 αὐτῶν
848 4074 972 4128 καθ’
1001 4076 1219 4140 ἑαυτάς.
1251 4096 1270 4129 ι
1302 4077 1472 4131 Τοῦτο
1493 4079 1550 4133 δὲ
1580 4080 1714 4133 καὶὸ
1737 4080 1939 4152 Κύριος

360 4161 419 4216 ιν
440 4163 550 4225 τοῖς
571 4163 735 4231 ἱεροῖς
750 4163 1103 4231 Εὑαγγελίοις
1131 4168 1427 4240 προείρηκε
1455 4170 1643 4222 ἰΤότε
1675 4170 1897 4239 ὄψονται
1917 4172 1939 4203 ⁸

361 4251 424 4304 τὸ
448 4253 671 4323 σημεῖον
689 4251 781 4304 τοῦ
813 4253 942 4307 Υίοῦ
971 4254 1063 4307 τοῦ
1090 4256 1374 4326 ἀνθρώπου
1397 4259 1455 4311 ἐν
1491 4257 1568 4328 τῷ
1594 4259 1827 4329 οὐρανῷ,
1847 4259 1942 4313 καὶ

364 4341 485 4395 τότε
518 4341 773 4411 κόψονται
817 4344 985 4396 πᾶσαι
1036 4346 1091 4397 αἱ
1128 4345 1293 4414 φυλαὶ
1339 4347 1435 4417 τῆς
1463 4348 1624 4416 γῆς.»
1663 4347 1831 4418 Δῆλον
1863 4348 1938 4413 δὲ,

2039 3190 2143 3245 viri
2176 3205 2207 3243 a
2235 3188 2581 3255 mulieribus,
2607 3194 2663 3242 et
2700 3184 2964 3239 mulieres
2995 3193 3249 3236 seorsum
3280 3191 3311 3230 a
3342 3175 3477 3228 viris
3510 3172 3615 3226 hoc

2039 3279 2267 3335 facient.
2316 3276 2430 3333 Nec
2467 3277 2712 3332 tribuum
2760 3274 2942 3332 solum
2999 3269 3271 3335 meminit,
3306 3266 3399 3322 sed
3446 3264 3612 3319 etiam

2039 3371 2396 3435 familiarum,
2426 3379 2481 3425 et
2520 3366 2745 3421 familiae
2768 3364 3026 3445 pavidis,
3088 3375 3212 3433 quae
3264 3358 3334 3414 de
3387 3355 3616 3411 Christo

2040 3464 2275 3519 Domino
2309 3461 2719 3533 promissiones
2755 3456 3005 3526 suscepit
3029 3493 3045 3518 ,
3093 3464 3149 3508 et
3189 3448 3483 3509 Nathanis,
3516 3445 3614 3516 qui

2043 3566 2176 3611 tunc
2207 3553 2474 3625 temporis
2502 3551 2867 3623 prophetans,
2918 3557 2972 3603 et
3021 3544 3245 3599 Davidis
3295 3539 3617 3612 prophetias

2042 3646 2321 3711 audierat,
2351 3654 2406 3700 et
2436 3644 2556 3714 ipse
2592 3642 2660 3697 ad
2697 3641 2850 3695 illum
2883 3653 2984 3694 sua
3009 3633 3275 3692 vaticinia
3309 3628 3613 3686 deferebat.

2044 3738 2150 3794 Sed
2176 3747 2231 3793 et
2261 3737 2508 3792 tribuum
2539 3734 2705 3790 etiam
2735 3731 2863 3787 Levi
2895 3739 2950 3785 et
2986 3724 3263 3784 Simeonis
3295 3719 3615 3777 mentione“

2044 3831 2210 3899 facta,
2261 3842 2376 3884 tum
2409 3826 2607 3897 adjecit
2648 3842 2666 3882 :
2705 3844 2724 3878 ι
2764 3824 2971 3880 Omnes
3017 3819 3248 3889 relique
3291 3813 3472 3869 tribus
3520 3822 3618 3880 per

2044 3940 2105 3979 se
2141 3920 2371 3993 singulae
2410 3932 2662 3975 seorsum
2711 3914 2992 3987 plangent,
3029 3918 3086 3966 et
3123 3907 3384 3963 mulieres
3427 3913 3617 3993 eorum

2045 3991 2316 4071 seorsum.
2377 4030 2396 4064 ι
2456 4009 2573 4064 Hoc
2629 4021 2762 4063 vero
2809 4006 2974 4061 etiam
3018 4002 3285 4057 Dominus
3334 3998 3389 4052 in
3442 3991 3620 4050 sacris

2044 4101 2364 4173 Evangeliis
2401 4098 2654 4169 prtedixit
2686 4115 2703 4152 :
2737 4094 2954 4165 1656
2990 4112 3008 4145 ι
3046 4091 3203 4145 Τυιιο
3245 4087 3507 4142 videbunt
3549 4082 3621 4137 si-

2047 4209 2212 4263 gnum
2246 4190 2367 4244 Filii
2398 4190 2638 4243 hominis
2659 4187 2712 4241 in
2756 4186 2920 4245 emlo,
2950 4191 3007 4238 et
3035 4190 3168 4235 tunc
3214 4180 3473 4248 plangent
3502 4187 3622 4226 om-

2050 4301 2150 4340 nes
2187 4284 2365 4337 tribus
2408 4289 2641 4334 temet.
2681 4296 2699 4327 ι
2744 4275 2856 4329 Nec
2885 4275 3183 4327 obscurum
3222 4277 3337 4332 est,
3392 4266 3510 4320 fore
3558 4273 3620 4317 ut

2049 4376 2086 4429 ii
2111 4376 2201 4444 qui
2251 4371 2495 4427 divinam
2545 4365 2993 4439 praedicationem
3050 4377 3157 4416 non
3212 4363 3618 4428 susceperunt.

363 4432 448 4486 ὅτι
494 4433 610 4486 ὅσοι
638 4433 699 4487 τὸ
736 4433 877 4488 θεῖον
928 4435 1027 4488 οὐκ
1079 4436 1326 4503 ἐδέξαντο
1384 4439 1679 4509 κήρυγμα,
1743 4438 1932 4510 θρηνὴε

2052 4432 2271 4536 Iug-eaut
2300 4476 2515 4524 omnes,
2564 4472 2880 4529 supremum
2929 4453 3158 4510 exitium
3211 4454 3621 4520 exspectantes.

368 4541 520 4579 σουσι
551 4525 645 4578 τὸν
669 4527 866 4579 οίκεῖον
888 4527 1283 4597 προσμένοντες
1302 4529 1542 4603 ὄλεθρον.
1575 4531 1737 4585 Ἀλλὰ
1774 4531 1932 4585 ταῦτσ

2051 4525 2157 4613 sed
2202 4557 2319 4610 haec
2365 4561 2528 4607 erunt
2566 4551 2670 4606 sub
2719 4558 2936 4618 tempus
2979 4540 3496 4601 consummationis.
3535 4538 3625 4593 ln-

371 4615 472 4686 μὲν
502 4614 656 4669 ἔσται
685 4616 829 4670 κατά
856 4617 946 4670 τὸν
969 4617 1071 4688 τῆς
1101 4619 1408 4684 συντελείας
1437 4622 1647 4693 καιρόν.
1678 4623 1828 4687 Τέως
1855 4624 1938 4690 δὲ,

2052 4650 2211 4705 terim
2259 4654 2470 4709 autem,
2509 4642 2710 4714 inquit,
2741 4655 2837 4695 eos
2883 4639 3099 4699 tuebor,
3137 4637 3238 4693 etsi
3288 4649 3398 4689 non
3431 4633 3624 4703 ignoro

371 4708 527 4801 φησι,
571 4707 687 4801 τῆς,
723 4709 864 4801 ἐμῆς
908 4709 1106 4773 αὐτοὺς
1162 4710 1379 4776 ἀξιώσω
1434 4714 1798 4784 προμηθείας,
1849 4718 1932 4771 xci

2053 4742 2297 4796 futurum
2331 4747 2391 4791 ut
2439 4707 2548 4801 me,
2579 4707 2703 4790 eum
2745 4733 2812 4787 ad
2850 4732 2972 4786 illos
3015 4726 3293 4785 beneﬁciis
3323 4726 3610 4780 cumulan-

369 4798 543 4852 ταῦτα
582 4797 737 4862 εἰδὼς
764 4799 840 4862 ὡς
865 4802 1307 4874 παραγενόμενον
1338 4805 1425 4857 ἐπ’
1461 4806 1748 4880 εὐεργεσίᾳ⁴
1793 4825 1932 4862 σταυ

2053 4831 2155 4887 dos
2182 4830 2479 4891 advenero,
2515 4828 2569 4880 in
2603 4838 2822 4878 crucem
2848 4829 3033 4893 agant.
3060 4819 3163 4875 Sed
3196 4826 3411 4871 tamen:

375 4891 660 4967 ρὼσουσιν.
704 4890 843 4944 Ἀλλ’
874 4893 1022 4966 ὅμως

889 4983 1285 5041 ΚΕΦΑΛΑΙΟΝ
1324 4987 1420 5043 II".

443 5072 513 5126 α’.
559 5090 578 5124 ι
610 5073 725 5136 Πᾶς
776 5073 941 5135 τόπος
968 5072 1374 5146 διανοιγὸμενος
1399 5077 1554 5135 ἔσται
1576 5081 1657 5153 τῷ
1682 5082 1816 5152 οίκῳ
1844 5082 1948 5134 Δαο

374 5163 462 5218 6ὶδ
490 5164 719 5228 καὶτοῖς
752 5166 1093 5219 κατοικοῦσιν
1133 5167 1513 5241 Ἰερουσαλὴμ,
1557 5176 1635 5237 είς
1662 5173 1758 5245 τὴν
1788 5191 1951 5243 μετα-

2638 4973 2868 5032 CAPUT
2926 4972 3064 5027 Xlll.

2133 5080 2298 5134 Vens.
2337 5077 2389 5131 l.
2429 5092 2448 5125 ι
2490 5073 2681 5128 Omnis
2734 5070 2893 5124 locus
2941 5075 3167 5136 apertus
3220 5064 3327 5120 erit
3356 5064 3412 5118 in
3463 5063 3628 5117 domo

2059 5169 2282 5225 Davidis
2341 5174 2396 5222 et
2426 5162 2826 5221 habitatoribus
2861 5157 3278 5229 Hierosolyma,
3341 5154 3397 5207 in
3449 5159 3627 5204 trans-

379 5257 591 5326 κίνησιν
628 5257 723 5309 καὶ
768 5259 847 5319 είς
894 5256 985 5309 τὸν
1025 5259 1338 5329 ραντισμόν.
1372 5280 1390 5312 ι
1449 5264 1513 5316 Oi
1577 5263 1634 5316 δὲ
1685 5241 1814 5334 περὶ
1861 5262 1932 5316 ei»

2060 5260 2416 5317 mutationem
2501 5266 2555 5311 et
2620 5255 2678 5309 in
2733 5251 3136 5322 aspersionem.
3182 5267 3199 5301 ι
3265 5241 3628 5316 Symmachus

458 5361 484 5390 ι
524 5347 718 5402 Matth.
750 5365 899 5413 xuv,
929 5349 1020 5403 20.

1686 5415 1922 5470 VARUS
1959 5412 2362 5470 LECTIONES.

328 5568 331 5573 _
457 5512 504 5544 η
534 5510 767 5581 δψ.πρός
799 5526 885 5581 με,
907 5511 984 5572 εἰς
1018 5508 1262 5581 ὃν-ὲξεκ.
1298 5507 1371 5561 lla
1397 5507 1749 5581 quoqueleg.
1785 5507 2016 5581 p.1658,
2043 5505 2136 5558 sed
2156 5504 2294 5581 infra
2315 5503 2379 5581 ad
2405 5501 2635 5556 Malach.
2657 5502 2790 5581 un?
2817 5511 2869 5556 et
2898 5502 3044 5581 t‘lV,
3069 5493 3450 5581 Er_an.dial.2,
3477 5492 3631 5581 deest

386 5582 522 5653 πρός
557 5566 644 5651 με.
669 5566 812 5636 Coll:
828 5566 979 5653 Aug:
1009 5580 1061 5632 h.
1089 5578 1125 5630 l.
1160 5566 1464 5653 hahet,_x&_l
1498 5566 2047 5653 éu161_ét§ov}at_atpdg
2082 5591 2148 5644 με
2176 5572 2290 5627 ἀνθ’
2316 5566 2418 5653 ,ὧν
2445 5576 2889 5653 κατωρχήςαντο.
2912 5572 2974 5653 Λ⁹ξ
3003 5566 3099 5653 πρ.
3199 5579 3465 5653 praeripi?
3482 5566 3533 5653 ἷζν
3573 5566 3629 5653 (ξε

391 5633 651 5722 punctum
681 5633 696 5636 ⁷
716 5633 1011 5722 ponit‘p'ost
1038 5664 1190 5722 sequ.
1227 5649 1284 5722 ὲν
1322 5633 1388 5722 τῇ
1424 5648 1520 5722 mf.
1551 5633 1756 5722 ἐκεινῇ.
1784 5648 1830 5722 _‘
1864 5633 1987 5722 Ίερ.
2021 5633 2281 5722 ᾉξρνιξξιη.
2313 5644 2391 5722 ὲν.
2448 5633 2684 5722 ﬂuuius.
2713 5643 2840 5722 [ηαᾼ
2877 5651 2930 5722 εει
2954 5633 3130 5722 infra,
3146 5633 3217 5691 ad
3242 5633 3623 5722 hlalaehLILc.

395 5703 680 5793 repetitur.
709 5703 750 5776 ί)
782 5703 943 5774 addit
961 5703 1082 5774 καθ’
1106 5703 1325 5788 ἑαυτήν.
1358 5703 1388 5748 δ’
1409 5703 1523 5771 τοῦ.
1556 5715 1681 5773 Des.
1702 5703 1755 5771 ii.
1775 5716 1837 5772 C.
1900 5703 2122 5786 δ’φυλήῖ
2166 5714 2449 5784 ltcpctitur
2480 5703 2538 5768 in
2563 5703 2654 5771 Cf
2715 5713 2736 5745 ⁵
2769 5711 2858 5780 ὂψ.
2888 5709 3032 5765 Loco
3061 5709 3157 5765 cit.
3189 5714 3274 5763 est
3302 5703 3622 5777 φανήσεται.
