3956 6202
479 300 613 368 1949

1614 314 1697 377 IN
1732 315 2133 377 ZACIIARLE
2163 316 2320 379 CAP.
2354 322 2524 382 XIII.

3588 332 3723 400 ινξοο

543 413 607 477 ζ’.
651 432 669 465 ι
698 413 986 483 Ῥομεραία,
1037 417 1352 492 ἐξεγέρθητι
1394 420 1486 474 ἐπὶ
1522 421 1615 475 τὸν
1645 425 1878 495 ποιμένα
1916 443 2041 495 μου,

2222 431 2385 487 Vsus.
2431 432 2480 484 7.
2518 450 2536 482 ι
2568 431 2750 498 Ensis,
2795 448 2959 504 surge
2987 450 3152 504 super
3188 445 3462 505 pastorem
3499 457 3720 507 meum,

473 506 566 557 καὶ
594 506 688 558 ἐπὶ
716 507 883 577 ἄνδρα
917 509 1142 580 πολίτην
1172 511 1336 564 αὐτοῦ
1360 513 1423 577 ¹⁷,
1450 512 1601 581 λέγει
1624 515 1825 584 Κύριος
1853 532 2050 568 παντο-

458 596 754 665 .κράτωρ¹⁸
777 613 791 628 ⁸
821 597 1058 663 πάταξον
1094 601 1187 653 τὸν
1217 602 1475 670 ποιμένα,
1507 605 1600 656 καὶ
1624 604 2052 676 διασκορπισθή-

475 702 627 741 σεται
650 689 693 721 ¹⁹
733 689 801 742 τὰ
840 691 1110 762 πρόϐατα.
1141 710 1159 743 δ
1208 692 1423 762 Ἐπειδὴ
1473 694 1582 765 γὰρ
1616 696 1718 765 ἔφη
1747 712 1763 726 ο
1804 697 2051 748 Ἐπιὸλέ-

472 783 661 852 ψονται
692 783 827 855 πρός
858 802 950 853 με,
994 785 1073 849 είς
1094 785 1154 839 δν
1202 787 1580 857 ἐξεκέντησαν,
1610 804 1629 839 ι
1671 788 1756 842 ἵνα
1794 790 1868 860 μὴ
1899 793 2051 861 νομί-

477 893 609 929 σωσι
664 876 813 947 παρὰ
856 877 1080 948 γνώμην
1126 878 1287 932 αὐτὸν
1338 880 1399 933 τὸ
1451 882 1719 951 σωτήριον
1754 882 2047 949 ὑπομεῖναι

474 968 665 1030 πάθος.
686 969 925 1022 διδάσκει
956 970 1042 1023 διὰ
1076 970 1170 1023 τοῦ
1197 972 1501 1043 Προφήτου.
1535 973 1608 1035 ὡς
1634 971 1775 1027 ἑκὼν
1798 974 2042 1039 ἐλήλυθε,

474 1061 569 1113 καὶ
601 1063 790 1115 ἑαυτὸν
811 1062 1141 1116 ἐταπείνωσε
1172 1064 1460 1131 γενόμενος
1487 1065 1726 1134 ὑπήκοος
1758 1066 1919 1135 μέχρι
1951 1063 2048 1117 θα-

473 1152 655 1212 νάτου,
682 1151 911 1204 θανάτου
943 1152 1000 1205 δὲ
1042 1154 1293 1222 σταυροῦ.
1328 1150 1515 1225 Οὗπερ
1557 1155 1743 1206 ἕνεκεν
1765 1157 1794 1207 6
1833 1173 2047 1227 προφη-

472 1244 621 1307 τικδς
647 1244 805 1311 λόγος
850 1245 947 1316 τὴν
978 1245 1127 1298 Θείαν
1166 1246 1489 1314 σχηματίζει
1538 1246 1905 1317 συγχώρησιν,
1953 1250 2047 1302 καὶ

474 1335 753 1407 ῥομφαίαν
784 1335 1053 1389 δείκνυσιν
1100 1336 1205 1388 ὑπὸ
1227 1337 1321 1390 τοῦ
1352 1338 1566 1407 Πατρὸς
1610 1339 2049 1410 ἐπιτρεπομένην

472 1428 735 1498 πρότερον
759 1440 773 1455 ⁸
811 1424 911 1480 εἷθ’
944 1428 1085 1482 οὕτω
1128 1429 1400 1482 κατὰ“τοῦ
1439 1433 1695 1500 ποιμένος
1726 1433 2007 1503 χωροῦσαν
2027 1450 2042 1464 ⁸

471 1521 564 1572 καὶ
597 1521 715 1590 μετ’
734 1522 962 1583 ἐκεῖνον,
986 1521 1128 1575 κατὰ
1156 1521 1264 1574 τῶν
1291 1522 1500 1575 ἐκείνου
1525 1521 1807 1585 πολιτῶν,
1830 1522 1862 1593 ἢ
1894 1538 2046 1591 συμο

469 1612 677 1680 φύλων
716 1612 783 1679 ³⁸,
818 1611 956 1665 κατὰ
992 1612 1082 1665 τὸν
1119 1613 1368 1667 ’Δκύλαν.
1403 1615 1558 1668 Μετὰ
1588 1615 1697 1685 γὰρ
1728 1615 1818 1668 τὸν
1847 1616 2048 1668 Δεσπό-

2154 531 2211 577 ct
2239 539 2408 593 super
2445 524 2620 578 virum
2664 525 2838 581 civem
2879 526 3035 595 ejus,
3063 526 3195 581 dicit
3247 527 3511 585 Dominus
3544 534 3726 586 eumi-

2157 624 2354 685 potcns
2387 632 2402 668 :
2447 628 2668 685 percute
2702 627 3000 687 pastorem,
3026 628 3081 673 et
3106 619 3495 691 disperguntur
3518 638 3671 678 oves.
3698 645 3716 676 υ

2154 707 2429 774 Quoniam
2480 711 2624 762 enim
2661 710 2805 762 dixit
2839 728 2851 764 :
2883 728 2900 760 ι
2936 711 3216 780 Aspicient
3260 729 3347 766 me
3374 729 3537 780 quem
3570 730 3724 768 eom-

2154 799 2538 869 puuxeruntb.
2578 820 2596 851 ι
2636 817 2703 854 ne
2737 802 3099 866 arbitrentur,
3133 818 3254 855 eum
3306 804 3538 859 invitum
3577 808 3714 859 salu-

2151 900 2325 944 tarem
2394 892 2706 960 passionem
2779 908 3096 962 perpessum
3154 894 3356 961 fuisse;
3418 896 3575 951 docet
3628 912 3724 965 per

2151 983 2472 1053 prophetam
2526 984 2673 1053 quod
2712 994 2908 1053 sponte
2950 1000 3051 1040 sua
3100 988 3351 1052 venerit,
3382 997 3435 1042 et
3474 989 3718 1058 seipsnm

2150 1075 2540 1140 bumiliavcrit,
2570 1075 2751 1131 factus
2798 1076 3060 1132 obcdiens
3110 1093 3286 1149 usque
3345 1080 3413 1135 ad
3465 1089 3718 1145 martem,

2150 1171 2383 1220 mortem
2414 1174 2598 1220 autem
2636 1167 2820 1223 crucis
2843 1178 2890 1223 ο.
2924 1168 3105 1234 Quare
3149 1171 3507 1240 propheticus
3538 1187 3726 1227 sermo

2149 1256 2389 1311 divinam
2415 1257 2619 1328 elﬁngit
2647 1260 3088 1324 concessionem,
3125 1269 3178 1315 et
3206 1261 3445 1329 gladium
3477 1262 3721 1316 ostendit

2150 1350 2304 1419 prius
2335 1366 2364 1403 a
2394 1348 2558 1404 Patre
2586 1366 2949 1417 concessum,
2979 1359 3092 1405 tum
3132 1353 3330 1408 deinde
3374 1361 3570 1413 centra
3624 1369 3720 1424 pa-

2148 1451 2354 1498 storem
2407 1444 2747 1512 proccdcre;
2809 1458 2873 1503 ac
2916 1451 3040 1514 post
3093 1445 3278 1510 illum,
3333 1454 3525 1500 contra
3566 1447 3723 1501 illius

2148 1537 2306 1602 cives,
2336 1538 2472 1603 sive,
2508 1544 2566 1590 ut
2616 1538 2811 1607 Aquila
2846 1539 3028 1603 vertit,
3059 1538 3400 1593 contribules.
3433 1538 3567 1594 Nam
3596 1548 3725 1610 post

2147 1629 2469 1695 Dominum,
2499 1633 2552 1685 in
2599 1631 2895 1686 benevolos
2924 1632 3045 1701 ejus
3082 1632 3336 1699 famulos,
3368 1648 3557 1689 sacros
3592 1634 3718 1686 dico

466 1721 586 1775 την,
618 1706 712 1757 καὶ
742 1706 882 1759 κατὰ
916 1706 1024 1758 τῶν
1058 1705 1228 1758 εὔνων
1263 1706 1426 1759 αὐτοῦ
1456 1707 1802 1779 θεραπόντων
1834 1708 2041 1779 ἐχώρη-

2153 1722 2458 1787 apostolos,
2494 1723 2790 1790 processit,
2822 1730 2878 1777 et
2909 1723 2962 1776 in
3015 1724 3402 1793 praedicatores
3456 1725 3550 1792 qui
3607 1724 3717 1778 illis

470 1812 581 1858 σεν,
625 1795 735 1847 τῶν
770 1796 932 1867 ἱερῶν
972 1795 1306 1865 ἀποστόλων,
1336 1802 1503 1871 φημὶ,
1535 1802 1764 1856 καὶτῶν
1806 1804 2041 1866 ἐκείνους

2149 1822 2563 1867 successerunt.
2618 1812 2795 1881 llujus
2856 1828 3021 1882 porro
3090 1814 3392 1869 testimonii
3453 1812 3724 1870 Dominus

465 1886 866 1956 διαδεξαμένων
902 1891 1181 1960 κηρύκων.
1232 1891 1449 1962 Ταύτης
1492 1895 1549 1947 δὲ
1588 1898 1686 1965 τῆς
1738 1897 2049 1967 μαρτυρίας

466 1977 562 2032 καὶ¹
588 1980 616 2032 6
643 1978 844 2050 Κύριος
873 1981 933 2034 ὲν
977 1985 1091 2046 τοῖς
1155 1984 1321 2047 θείοις
1353 1985 1705 2053 Εὐαγγελίοις
1749 1986 2042 2055 μέμνηται.

467 2068 718 2138 Εἰρηκὼς
770 2070 912 2141 γάρ·
969 2088 989 2122 ι
1027 2073 1116 2125 Ἐν
1147 2072 1212 2145 τῇ
1254 2075 1410 2129 νυκτὶ
1443 2074 1614 2145 ταύτῃ
1655 2077 2045 2147 σκανδαλισθήα

430 2230 434 2235 Δ
469 2163 626 2216 σεσθε
652 2165 709 2217 ὲν
733 2165 884 2235 ἐμοί·
910 2182 928 2217 ι
955 2166 1232 2237 ἐπήγαγε·
1262 2185 1280 2217 ι
1300 2167 1615 2238 Γέγραπται
1638 2169 1751 2239 γάρ
1771 2186 1782 2197 ·
1812 2168 2043 2233 Πατάξω

466 2256 557 2310 τὸν
579 2256 832 2326 ποιμένα,
862 2258 956 2310 καὶ
985 2258 1539 2330 διασκορπισθήσεται
1565 2260 1632 2313 τὰ
1665 2261 1914 2331 πρόϐατα
1948 2262 2047 2331 τῆς

465 2347 720 2417 ποίμνης.
751 2366 770 2397 ι
819 2343 951 2400 Εἶτα
972 2350 999 2401 6
1028 2333 1364 2418 προφητικδς
1407 2349 1603 2417 ἐπάγει
1650 2350 1802 2417 λόγος
1831 2370 1844 2382 ·
1886 2370 1904 2401 ε
1934 2352 2046 2404 Καὶ

468 2436 781 2507 ἐπιστρέψω
803 2437 846 2469 ¹¹
882 2437 979 2507 τὴν
1017 2439 1177 2508 χεῖρά
1234 2456 1333 2508 μου
1361 2440 1456 2491 ἐπὶ
1493 2439 1621 2501 τοὺς
1649 2442 1893 2510 ’μικροὺς
1926 2460 2046 2495 ποι-

471 2527 636 2596 μένας
657 2529 722 2591 ”,
750 2546 771 2580 ι
800 2530 926 2592 τοὺς
953 2528 1123 2598 ὄνομα
1153 2529 1427 2599 ποιμένων
1461 2529 1705 2599 ἔχοντας,
1739 2531 1922 2601 ίερέας
1951 2531 2045 2584 καὶ

466 2619 859 2685 διδασκάλους,
923 2619 1016 2672 τοῦ
1085 2619 1142 2673 δὲ
1219 2620 1545 2691 πράγματος
1623 2622 1860 2691 ἐρήμους
1938 2621 2044 2674 ὑπ-

464 2712 751 2782 ἄρχοντας.

541 2811 612 2874 η’,
645 2804 712 2860 θ’.
750 2824 768 2856 ι
804 2804 915 2857 Καὶ
959 2803 1110 2858 ἔσται
1152 2807 1209 2858 ὲν
1254 2805 1320 2874 τῇ
1358 2803 1540 2876 ἡμέρᾳ
1579 2802 1765 2876 ἐκείνῃ
1794 2804 1851 2856 ἐν
1887 2802 2036 2874 πάσῃ

466 2899 531 2966 τῇ
564 2899 632 2967 γῇ
657 2897 701 2927 ³³
733 2895 879 2964 λέγει
920 2892 1163 2967 Κύριος,
1217 2897 1287 2948 τὰ
1328 2896 1421 2948 δύο
1469 2896 1641 2964 αὐτῆς
1696 2897 1835 2967 μέρη
1861 2895 1908 2926 ’⁸
1955 2892 2044 2959 ἐξ-

466 2984 915 3057 ολοθρευθήσεται
946 2986 1040 3040 καὶ
1088 2982 1328 3056 ἐκλείψει
1359 3001 1373 3019 ο
1413 2984 1474 3038 τδ
1509 2987 1567 3039 δὲ
1619 2986 1802 3057 τρίτον
1831 2987 2044 3041 ὑπολει-

2144 1917 2363 1971 quoque
2424 1903 2479 1957 in
2531 1903 2709 1957 sacris
2748 1903 3061 1974 Evangeliis
3111 1905 3385 1959 meminit.
3426 1905 3559 1959 Nam
3591 1922 3719 1959 cum

2144 1991 2417 2047 dixisset:
2458 2010 2478 2043 α
2513 1991 2716 2048 Omnes
2763 1996 3086 2049 scandalum
3135 1996 3365 2051 sumetis
3418 1995 3485 2050 de
3526 2004 3612 2051 m‘e
3657 1997 3717 2050 in

2146 2091 2306 2139 nocte
2344 2085 2511 2149 istad,
2555 2104 2573 2137 ι
2624 2087 2840 2157 1659
2900 2087 3146 2157 adjecit:
3181 2107 3199 2139 ι
3246 2087 3390 2154 Quia
3447 2088 3714 2158 scriptum

2144 2183 2228 2231 est
2272 2193 2284 2228 ε
2335 2176 2644 2231 Percutiam
2683 2188 3000 2248 pastorem,
3032 2188 3086 2232 et
3145 2179 3533 2249 dispergentur
3582 2192 3718 2233 oves

2146 2268 2326 2337 gregis
2342 2278 2387 2320 °.
2419 2287 2437 2319 ι
2482 2269 2647 2322 Addit
2691 2279 2878 2338 postea
2926 2286 3107 2325 sermo
3148 2273 3501 2340 propheticus
3546 2289 3559 2323 :
3593 2288 3613 2321 ι
3650 2269 3719 2324 Et

2146 2366 2466 2412 convertam
2493 2374 2715 2413 nianum
2746 2375 2921 2415 meam
2955 2376 3122 2430 super
3148 2373 3347 2430 parvos
3384 2368 3658 2430 pastores,
3691 2379 3713 2412 ι

2147 2451 2466 2504 sacerdotes
2494 2457 2549 2504 et
2573 2451 2851 2515 doctores,
2886 2452 2980 2520 qui
3016 2467 3217 2505 nomen
3256 2451 3478 2519 quidem
3522 2460 3719 2521 pasto—

2148 2555 2268 2594 rum
2311 2539 2534 2608 habent,
2577 2543 2756 2611 reipsa
2787 2556 2916 2596 vero
2948 2542 3083 2596 tales
3112 2557 3220 2595 non
3256 2550 3407 2597 sunt.

2217 2807 2379 2863 Vens.
2406 2808 2460 2869 8,
2495 2808 2547 2863 9.
2584 2826 2602 2859 ι
2642 2807 2707 2861 Et
2737 2809 2843 2863 erit
2881 2807 2970 2862 die
3003 2808 3117 2873 illo,
3167 2807 3301 2862 dicit
3334 2805 3621 2870 Dominus,
3658 2806 3716 2862 in

2148 2908 2262 2953 tota
2299 2911 2443 2961 terra
2497 2899 2622 2953 dum
2656 2898 2775 2966 ejus
2817 2909 3000 2968 partes
3047 2898 3304 2967 peribunt
3332 2906 3385 2951 et
3414 2895 3666 2950 delicicnt
3695 2915 3710 2950 :

2145 2993 2308 3046 tertia
2339 2999 2516 3046 autem
2552 2998 2679 3058 pars
2712 2991 3054 3059 relinquetur
3074 2990 3127 3043 in
3152 3005 3236 3044 ea.
3266 2988 3331 3041 Et
3357 2987 3711 3043 trausducam

465 3077 732 3146 φθήσεται
765 3081 822 3131 ὲν
856 3078 1015 3148 αὐτῇ.
1047 3078 1157 3132 Καὶ
1185 3079 1350 3144 διάξω
1386 3079 1446 3132 τὸ
1494 3082 1679 3150 τρίτον
1716 3079 1803 3132 διὰ
1841 3081 2035 3150 πυρὸς,

2146 3085 2358 3139 tertiam
2408 3092 2619 3153 partem
2655 3086 2673 3105 ‘
2703 3098 2802 3153 per
2853 3083 3060 3151 ignem,
3099 3089 3155 3135 et
3199 3094 3355 3134 uram
3409 3094 3525 3144 eos,
3568 3081 3717 3133 slcut

465 3167 561 3220 καὶ
585 3169 824 3238 πυρώσω
860 3170 1087 3236 αὐτοὺς,
1121 3172 1197 3235 ὡς
1230 3173 1496 3243 ’κυροῦται
1534 3173 1594 3225 τὸ
1622 3171 1913 3243 ἀργύριον,
1945 3174 2040 3226 καὶ

464 3258 673 3326 δοκιμῶ
694 3263 740 3294 ⁸⁸
794 3263 1024 3328 αὐτοὺς,
1088 3263 1166 3326 ὡς
1214 3262 1568 3334 δοκιμάζεται
1618 3264 1680 3317 τὸ
1723 3264 1967 3334 χρυσίον.
2014 3284 2032 3317 ι

464 3350 603 3405 Κατ’
634 3352 861 3417 ἐκεῖνον,
898 3346 1060 3425 φησὶ,
1089 3357 1179 3409 τὸν
1206 3357 1413 3427 καιρὸν.
1451 3357 1590 3428 μετὰ
1618 3357 1820 3428 ταύτην
1861 3360 2038 3415 αὐτῶν

464 3440 563 3511 τὴν
593 3440 812 3508 λύτταν,
846 3443 943 3507 τὰς
977 3444 1070 3498 δύο
1103 3447 1296 3518 μοίρας
1328 3447 1422 3500 τοῦ
1456 3448 1693 3517 πλήθους
1728 3449 2040 3518 παραδώσω

465 3539 670 3606 σφαγῇ,
704 3537 763 3589 τὸ
804 3537 858 3590 δὲ
891 3538 1073 3609 τρίτον
1107 3540 1358 3611 καθάπερ
1386 3540 1648 3611 ἀργύριον
1690 3542 1783 3594 καὶ
1816 3542 2038 3612 χρυσίον

464 3625 552 3680 διὰ
596 3628 766 3698 πυρὸς
813 3628 1093 3698 δοκιμασω
1117 3670 1132 3693 ,
1167 3632 1279 3692 τοῖς
1304 3630 1666 3692 παντοδαποῖς
1711 3631 2039 3701 παραδιδοὺς

467 3723 793 3790 πειρασμοῖς
812 3737 824 3749 ·
853 3714 928 3773 ὧν
956 3719 1460 3791 καταφρονοῦντες,
1495 3723 1589 3776 καὶ
1618 3723 1708 3793 διὰ
1739 3725 2039 3796 καρτερίας

463 3812 573 3865 τῶν
614 3813 875 3883 λυπηρῶν
923 3813 1180 3867 ἁπάντων
1226 3815 1711 3887 περιγιγνόμενοι,
1768 3817 2037 3889 εἰλικρινῆ

466 3906 689 3971 μοικαὶ
724 3905 952 3975 γνησίαν
1000 3906 1239 3972 δείξουσι
1261 3908 1309 3939 ⁸⁸
1354 3907 1454 3977 τὴν
1502 3906 1763 3962 διάθεσιν.
1810 3926 1830 3961 ι
1867 3908 2040 3972 Αὐτὸς

472 3993 573 4064 γὰρ
599 4028 613 4058 ,
658 3994 822 4064 φησὶν
843 4034 857 4059 ,
895 3996 1280 4049 ὲπικαλέσεται
1311 3996 1371 4050 τὸ
1420 3995 1593 4067 ὄνομά
1629 4014 1731 4069 μου
1754 4034 1769 4063 ,
1803 3999 1898 4053 καὶ
1929 3998 2039 4067 ἐγὼ

465 4082 843 4152 ἑπακούσομαι
899 4085 1064 4138 αὐτοῦ
1090 4085 1156 4149 ³⁷,
1214 4088 1305 4140 καὶ
1340 4089 1482 4157 ἐρῶ·
1540 4090 1683 4151 Λαός
1730 4104 1833 4160 μου
1876 4086 2035 4155 οὗτός

464 4173 599 4226 ἔστι.
636 4175 745 4226 Καὶ
794 4176 954 4238 αὐτὸς
1001 4176 1144 4245 ὲρείο
1181 4177 1388 4247 Κύριος
1414 4179 1443 4230 6
1473 4180 1606 4242 Θεός
1648 4198 1771 4250 μου.
1818 4200 1836 4233 ι
1872 4185 2036 4251 Λέγει

463 4262 635 4316 ταῦτα
668 4265 931 4334 περὶτῶν
966 4266 1025 4329 ἐξ
1063 4267 1334 4320 Ἰουδαίων
1379 4269 1847 4323 πεπιστευκότων.
1894 4272 2036 4341 Πρὸς

462 4355 570 4424 γὰρ
591 4358 703 4417 τοῖς
729 4355 933 4408 δώδεκα
956 4357 1274 4419 ἀποστόλοις
1298 4361 1390 4410 καὶ
1419 4359 1505 4411 ἑτέ
1514 4376 1637 4429 ρους
1663 4361 2034 4432 ἑϐδομήκοντα

464 4444 782 4510 ἐξελέξατοο
838 4446 973 4515 μετὰ
1031 4447 1088 4499 δὲ
1143 4448 1243 4518 τὴν
1298 4449 1632 4515 ἀνάστασιν,
1693 4450 1788 4504 καὶ
1840 4453 2036 4505 ἑκατὸν

464 4535 637 4586 εἰκοσι
679 4535 821 4586 κατὰ
861 4536 1056 4589 ταυτδν
1095 4537 1402 4608 εὑρέθησαν
1440 4539 1613 4603 ὄντες.
1664 4541 1723 4593 Ὀ
1753 4542 1809 4594 δὲ
1843 4541 2040 4596 θεσπέ-

466 4642 577 4689 σιος
611 4627 820 4690 Παῦλος
846 4629 941 4681 καὶ
973 4632 1349 4694 πεντακοσίοις
1383 4633 1545 4686 αὐτὸν
1580 4633 1718 4704 ὁμοῦ
1761 4636 2037 4706 συνηγμέ-

461 4737 573 4783 νοις
621 4720 823 4791 ἔφησεν
869 4721 1125 4791 ὀιρθῆναι.
1173 4725 1229 4776 ’0
1262 4722 1319 4777 δὲ
1364 4723 1639 4790 θειότατος
1683 4726 1891 4797 Πέτρος
1937 4727 2035 4799 δη-

466 4814 807 4881 μηγορήσας,
846 4811 940 4865 νῦν
976 4815 1072 4884 μὲν
1100 4815 1454 4885 τρισχιλίους,
1483 4817 1577 4870 νῦν
1595 4818 1653 4870 δὲ
1684 4832 2032 4891 πεντακισχι-

461 4899 608 4966 λίους
656 4906 733 4966 είς
784 4904 929 4975 ζωὴν
983 4908 1369 4977 ὲσαγήνευσεν.
1406 4910 1465 4962 '0
1503 4908 1561 4961 δὲ
1609 4911 1780 4981 μέγας
1837 4911 2028 4965 Ἰάκω-

459 4996 555 5061 ϐος
590 4996 669 5070 τῷ
704 5000 963 5071 μακαρίῳ
1010 4999 1206 5072 Παύλῳ
1242 5002 1406 5072 φησί’
1448 5002 1752 5073 «Θεωρεῖς,
1794 5004 1989 5073 ἀδελφὲ
2013 5039 2031 5069 ,

532 5176 560 5218 ιι
608 5180 769 5234 zarh.
809 5194 920 5243 xu,
968 5178 1056 5233 10.

1155 5189 1176 5218 ε
1215 5179 1456 5251 Philipp.
1508 5198 1581 5241 ιι,
1620 5182 1673 5237 8.

1773 5182 1801 5221 ά
1839 5183 2010 5244 Marc.
2055 5199 2181 5250 nv,
2220 5183 2317 5237 27.

2142 3176 2322 3230 uritur
2377 3181 2685 3244 argentum,
2727 3181 2781 3227 et
2815 3172 3056 3241 probabo
3093 3186 3189 3226 eos
3228 3172 3371 3226 sicut
3446 3170 3715 3238 probatur

2141 3281 2358 3322 aurum.
2396 3286 2416 3319 ι
2455 3264 2558 3319 Per
2591 3264 2644 3318 id
2677 3274 2913 3333 tempus,
2941 3262 3139 3331 inquit,
3163 3268 3289 3331 post
3320 3262 3463 3315 hanc
3496 3260 3713 3313 illorum

2143 3360 2377 3424 rabiem,
2430 3357 2568 3412 duas
2617 3364 2802 3425 partes
2855 3354 3042 3424 populi
3091 3352 3447 3417 interliciam,
3494 3351 3715 3404 tertiam

2141 3461 2325 3506 autem
2361 3449 2504 3506 sicut
2533 3455 2818 3519 argentum
2860 3453 3025 3514 atque
3056 3459 3247 3497 aurum
3289 3445 3413 3512 igne
3445 3440 3711 3510 probabo,

2140 3544 2364 3597 tradens
2421 3556 2517 3596 eos
2570 3540 2626 3593 in
2676 3539 2861 3592 varias
2919 3537 3257 3601 tentationes
3315 3552 3327 3588 :
3385 3548 3527 3603 quas
3577 3546 3711 3584 con-

2143 3641 2475 3696 temnentes,
2523 3640 2575 3687 et
2623 3629 3075 3685 constantissime
3127 3641 3318 3681 omnes
3381 3623 3713 3679 acerbitates

2140 3732 2490 3796 superantes,
2530 3722 2750 3778 sincero
2775 3726 2906 3791 erga
2938 3732 3026 3772 me
3062 3726 3119 3772 et
3144 3726 3405 3785 germano
3428 3718 3593 3769 erunt
3625 3710 3711 3764 af-

2140 3818 2308 3874 fectu.
2382 3835 2401 3869 ι
2480 3815 2600 3885 Ipse
2670 3813 2848 3873 enim,
2908 3810 3118 3881 inquit,
3182 3805 3456 3862 invocabit
3514 3818 3716 3859 nomen

2141 3925 2344 3974 meum,
2378 3915 2434 3963 et
2466 3922 2569 3977 ego
2600 3904 2889 3960 eaaudiam
2928 3918 3078 3961 eum.
3113 3908 3167 3955 et
3198 3899 3377 3953 dicant
3421 3912 3435 3948 :
3472 3895 3714 3965 Pupulus

2142 4013 2302 4057 meus
2332 4001 2435 4055 iste
2464 4008 2579 4064 est;
2608 4000 2663 4051 et
2697 3996 2817 4066 ipse
2849 3994 2994 4050 dicet
3038 4010 3051 4046 :
3083 3991 3345 4045 Dominus
3383 3987 3530 4043 Deus
3559 4002 3715 4042 meus

2139 4108 2200 4149 es
2231 4103 2312 4146 tu.
2351 4110 2368 4144 ι
2415 4090 2539 4145 Haec
2569 4090 2636 4144 de
2666 4087 2734 4143 iis
2768 4087 2844 4141 ait
2885 4085 2979 4155 qui
3015 4101 3078 4138 ex
3104 4083 3307 4137 Judaais
3340 4081 3711 4136 crediderunt.

2141 4183 2381 4247 Etenim,
2413 4191 2614 4251 praeter
2645 4180 2927 4248 apostolos
2962 4175 3251 4230 duodecim
3287 4176 3358 4231 θ’,
3381 4171 3546 4238 elegit
3575 4169 3715 4221 alios

2141 4272 2485 4341 septuaginta
2506 4269 2547 4323 ί.
2572 4269 2691 4323 Jam
2715 4282 2843 4320 vero
2861 4275 2983 4335 post
3005 4262 3465 4317 resurrectionem
3490 4269 3710 4312 centum

2140 4372 2195 4415 et
2236 4361 2427 4431 viginti
2460 4359 2621 4412 simul
2668 4358 2873 4411 inventi
2909 4356 3131 4408 fuerunt
3170 4352 3232 4405 Γ.
3273 4350 3499 4404 Diviiius
3527 4357 3709 4403 autem

2141 4452 2346 4505 Paulus
2376 4451 2542 4503 etiam
2573 4447 2888 4516 quingentis
2916 4458 3042 4499 eum
3091 4440 3414 4512 apparuisse
3442 4439 3514 4492 ait
3548 4437 3709 4492 simul

2139 4546 2195 4599 in
2226 4558 2393 4597 unum
2425 4537 2840 4608 congregatis‘.
2873 4535 3012 4590 Cum
3059 4543 3228 4591 t‘ttcm
3263 4531 3477 4602 1660
3507 4528 3711 4583 Petrus

2140 4634 2600 4694 concionaretur,
2648 4641 2797 4683 nunc
2857 4626 2964 4681 tria
3019 4625 3210 4688 millia,
3259 4637 3405 4675 nunc
3465 4620 3715 4689 quinque

2141 4722 2310 4777 millia
2346 4721 2414 4773 ad
2460 4721 2627 4773 vitam
2671 4718 2989 4787 expiscatus
3040 4714 3234 4767 ιυιιεα.
3270 4710 3497 4779 Magnus
3542 4722 3708 4777 porro

2139 4818 2380 4873 Jacobus
2426 4815 2591 4870 beato
2637 4813 2809 4866 Paulo
2861 4809 2995 4864 dicit
3026 4826 3039 4862 :
3070 4826 3089 4859 ι
3124 4806 3310 4870 V'ides,
3348 4804 3534 4865 frater,
3575 4807 3709 4870 quot

2143 4912 2312 4967 millia
2343 4908 2454 4964 sint
2491 4905 2804 4961 Judmorum
2831 4902 2924 4973 qui
2955 4899 3307 4956 crediderunt
3328 4895 3379 4949 ιι.
3416 4913 3435 4946 ι
3465 4891 3591 4949 Haec
3614 4907 3710 4961 per

2158 5005 2345 5061 divum
2373 4999 2694 5055 Zachariam
2720 4991 3161 5069 praisignillcavit
3189 4988 3331 5045 Deus
3350 4986 3493 5048 ,fore
3508 4996 3566 5039 ut.
3588 4984 3715 5035 dua:

3274 5164 3295 5206 ἲ
3345 5169 3476 5216 Luc.
3537 5158 3672 5224 ϊ,’1

2419 5190 2442 5219 ο
2482 5169 2619 5231 Ibid.
2722 5180 2768 5214 θ’
2801 5172 2989 5226 Matth.
3029 5184 3090 5233 ιι,
3124 5169 3175 5222 l.

466 5246 514 5290 τ’
537 5251 656 5305 Act.
688 5267 724 5316 ι,
757 5249 845 5303 15.
925 5249 996 5303 εί
1034 5250 1160 5305 Cor.
1191 5266 1282 5316 xv,
1312 5246 1379 5306 6.‘
1406 5246 1418 5251 ’
1443 5253 1488 5290 δ’
1525 5251 1645 5307 Act.
1684 5269 1748 5319 ιι,
1785 5253 1843 5307 fil
1876 5272 1890 5321 ;
1924 5270 1993 5318 ιν,
2027 5269 2041 5307 4

2147 5246 2177 5292 ’ί
2216 5254 2337 5308 Act.
2370 5265 2498 5313 nl,
2534 5248 2622 5302 20.

1715 5412 1949 5468 VARIIE
1991 5410 2391 5468 LECTIONES.

556 5552 598 5583 ¹⁷
619 5552 738 5606 αὐτ.
783 5554 826 5623 ᾼ
860 5569 984 5622 μου,
1072 5553 1113 5585 ’⁸
1141 5550 1191 5605 λ.
1224 5555 1460 5609 Κ.παντ.
1508 5552 1582 5606 Ex
1616 5554 1658 5605 Α
1689 5554 1865 5623 suppl.

463 5631 575 5704 stt.
603 5621 878 5704 20W?“
918 5641 1039 5704 #99;

1124 5624 1164 5653 ³³
1202 5624 1246 5676 Α
1274 5624 1481 5688 ἐπάξω.
1548 5625 1600 5692 ’³.
1624 5622 1807 5692 mth
1839 5622 1964 5677 Des.
2008 5623 2059 5675 in
2092 5627 2156 5676 Α.

1970 5554 2012 5585 ¹⁹
2037 5554 2074 5606 Α
2115 5547 2767 5622 διατεςκοραιιτισθὴσονται.Δ
2806 5545 2851 5577 ’θ
2880 5558 3054 5622 συμςρ.
3088 5532 3281 5622 Aquila

2236 5599 2567 5672 ia'EJ'th‘eg
2708 5599 2857 5687 ;Des.
2890 5599 3041 5667 iu'A'.
3124 5599 3170 5641 ’ί
3193 5608 3237 5661 Α
3267 5605 3409 5676 μέρη
3433 5599 3491 5655 ἔν
3528 5599 3691 5669 αὐτῇ.

464 5692 510 5722 ⁸⁵
540 5693 578 5745 tl
606 5684 881 5760 δοκιμασω
918 5684 928 5693 ’
962 5696 1004 5725 ’³
1029 5692 1277 5759 δείξουσι.
1306 5684 1537 5748 Ιῑιίςιιιιι
1569 5690 1607 5747 C
1656 5684 1904 5764 legimus.
1969 5691 2133 5745 Sirm.
2185 5691 2384 5758 ἕξουσι.
2447 5690 2488 5721 ³⁷
2518 5689 2563 5742 A
2595 5684 2759 5756 αὖτῷ.
