3956 6202
329 317 460 383 1951
1338 321 1824 382 THEODORETI
1857 319 2194 380 EPlSCOPl
2221 316 2586 378 CYRENSIS
3441 311 3576 377 19:33

326 440 510 498 partes
547 431 1234 501 propterincredulitatem
1273 441 1523 502 pereant,
1548 433 1706 485 teitia
1750 445 1900 496 vero,

2011 428 2167 480 πόσαι
2240 427 2500 498 μυριάδες
2563 424 2670 478 εἰσὶ
2721 421 2827 477 τῶν
2881 420 3320 474 πεπιστευκότων
3347 421 3392 459 ’⁸
3453 422 3579 472 Ἰου-

328 521 720 575 tentationibus
757 523 1064 593 approbata
1095 531 1150 578 et
1195 526 1432 593 genuina
1476 524 1614 588 visa,
1641 523 1762 590 ejus
1802 537 1901 591 po-

2011 520 2183 572 Satiuw.
2230 537 2247 570 ι
2283 518 2468 571 Ταῦτα
2513 517 2602 570 διὰ
2639 515 2733 569 τοῦ
2781 514 3076 568 θεσπεσίου
3126 511 3397 581 Ζαχαρίου
3443 527 3577 581 προ-

328 612 490 681 palus
512 611 748 675 dicatur,
780 629 903 667 eum
941 613 1228 668 Dominum
1277 625 1333 670 et
1377 615 1544 668 Detuu
1595 614 1898 683 appellans.

2011 610 2225 680 εἰρηκεν
2255 610 2282 661 ὀ
2309 609 2480 675 Θεὸς,
2514 609 2597 661 ὅτι
2642 607 2710 661 τὰ
2741 607 2835 659 δύο
2877 606 3017 677 μέρη
3063 603 3151 656 διά
3186 603 3284 673 τὴν
3320 601 3578 655 ἀπιστίαν

327 701 474 756 Idem
519 710 573 757 et
625 719 722 774 per
770 705 936 758 alium
995 707 1316 776 prophetam
1367 705 1504 760 dixit
1550 703 1693 758 Deus
1730 721 1743 756 :
1787 724 1800 753 ι
1845 701 1903 756 Si

2011 698 2544 770 ἑξολοθρευθήσεται,
2597 697 2658 750 τὸ
2707 697 2762 749 δὲ
2824 695 3005 768 τρίτον
3069 697 3178 757 τοῖς
3253 693 3579 763 πειρασμοῖς

328 790 497 846 fuerit
541 808 804 847 numerus
844 794 1078 848 ﬁliorum
1136 795 1357 850 lsraeiis
1393 802 1452 847 ut
1510 808 1674 846 arena
1712 792 1902 852 maris,

2011 791 2255 862 πυρωθὲν
2293 791 2385 844 καὶ
2427 788 2741 858 ἀποφανθὲν
2775 789 2998 858 δόκιμον
3020 826 3036 850 ,
3089 786 3217 848 λαὺς
3249 783 3415 837 αὑτοῦ
3444 799 3580 852 χρη·

324 883 572 952 τοιίιιιιίαι
603 884 966 939 salvahuntur
1006 887 1048 938 ί.
1091 909 1110 938 ο
1150 886 1266 940 Hoc
1292 898 1344 940 et
1376 887 1570 940 beatus
1603 881 1901 936 Zacharias

2011 882 2245 952 ματίσει,
2281 881 2487 952 Κύριον
2541 880 2702 935 αὑτὸν
2749 880 2845 934 καὶ
2887 879 3019 933 Θεὸν
3067 877 3368 948 ὀνομάζων.
3412 873 3580 926 Τοῦτο

325 987 520 1027 rursus
553 973 715 1030 docet
745 976 798 1030 in
828 979 1208 1046 sequentibus.

2011 973 2102 1024 καὶ
2135 973 2202 1024 δι’
2234 972 2394 1026 ἄλλου
2442 972 2725 1042 προφήτου
2759 972 2926 1040 φησὶν
2969 971 2997 1021 ὁ
3040 967 3173 1031 Θεός
3196 984 3210 998 ’
3257 986 3275 1018 ι
3336 964 3463 1018 Ἐὰν
3552 970 3580 1021 ὁ

325 1068 560 1142 ἀριθμὸς
594 1070 704 1124 τῶν
750 1071 882 1124 υἱῶν
929 1071 1144 1143 Ἰσραὴλ
1171 1073 1246 1135 ὼς
1287 1074 1318 1141 ὴ
1361 1073 1544 1142 ἄμμος
1585 1071 1685 1139 τῆς
1727 1065 2022 1133 θαλάσσης,
2075 1063 2134 1117 τὸ
2185 1064 2537 1135 κατάλειμμα
2593 1062 2917 1134 σωθήσεται.
2949 1081 2967 1112 ι
3002 1060 3175 1114 Τοῦτο
3214 1060 3308 1113 καὶ
3349 1058 3439 1112 διὰ
3474 1057 3580 1110 τῶν

325 1161 680 1233 ἐπαγομένων
717 1164 942 1218 πάλινὺ
987 1166 1256 1235 μακάριος
1285 1167 1561 1237 Ζαχαρίας
1596 1164 1698 1233 ἔφη
1725 1163 1791 1215 ’⁸.

907 1254 1138 1310 CAPUT
1181 1255 1318 1310 XIV.

2526 1243 2923 1296 ΚΕΦᾹΛΑῘΟΝ
2970 1243 3065 1295 IA'.

397 1344 564 1401 Vens.
622 1348 674 1400 1.
729 1366 748 1398 ‹
786 1347 929 1402 Ecce
1002 1349 1120 1402 dies
1163 1347 1375 1401 Domini
1424 1348 1590 1410 venit,
1641 1356 1696 1400 et
1758 1344 1902 1398 divi-

2075 1342 2142 1390 α’.
2187 1355 2202 1385 ι
2264 1336 2395 1388 Ἰδοὺ
2435 1334 2621 1405 ἡμέρα
2647 1335 2690 1366 ³⁸
2734 1334 2948 1404 ἔρχεται
2985 1334 3195 1403 Κυρίου
3226 1333 3300 1395 ³¹,
3348 1335 3444 1386 καὶ
3471 1333 3584 1386 δια·

327 1436 526 1492 dentur
559 1437 736 1506 spolia
787 1447 879 1492 tua
912 1439 966 1492 in
1015 1446 1087 1493 te.
1125 1459 1144 1492 ι
1200 1438 1462 1493 Hostibus
1503 1437 1756 1493 videlicet
1790 1437 1903 1490 haec

2011 1427 2397 1498 μερισθήσεται
2421 1428 2464 1457 ³¹
2512 1427 2580 1478 τὰ
2613 1425 2786 1478 σκῦλά
2818 1442 2915 1477 σου
2949 1426 3006 1478 ἐν
3040 1425 3145 1477 σοί.
3185 1443 3205 1476 ι
3253 1424 3374 1476 Τῶν
3421 1425 3578 1477 πολε-

327 1527 722 1583 dividentibus.

2011 1521 2146 1590 μίων
2172 1518 2412 1589 δηλονότι
2445 1518 2620 1570 ταῦτα
2650 1515 3078 1586 διανεμομένων.

399 1615 562 1671 Vsus.
597 1615 650 1668 2.
693 1636 712 1669 ι
742 1618 807 1670 Ει
837 1618 1186 1688 congregabo
1216 1632 1406 1672 omnes
1428 1624 1615 1688 gentes
1636 1617 1902 1670 adversus

2079 1611 2142 1679 β’.
2183 1629 2197 1660 ι
2239 1610 2347 1662 Καὶ
2379 1607 2690 1673 ὲπισυνάξω
2707 1607 2752 1638 ³⁸
2783 1608 2960 1661 πάντα
2998 1608 3066 1660 τὰ
3099 1605 3223 1676 ἔθνη
3257 1607 3348 1659 ἐπὶ
3389 1607 3580 1676 Ἰερου-

329 1705 764 1780 Hierosolymam
811 1712 876 1762 ad
927 1685 1262 1772 bellandum,
1296 1719 1350 1764 et
1398 1685 1646 1778 capietur
1680 1709 1898 1772 civitas,

2011 1700 2189 1770 σαλὴμ
2222 1701 2300 1762 είς
2333 1699 2592 1769 πόλεμον,
2626 1699 2720 1752 καὶ
2752 1697 3074 1768 ἁλώσεταιή
3109 1699 3287 1762 πόλις,
3315 1699 3583 1768 1:116:19—

326 1807 383 1852 et
411 1796 747 1867 diripiantur
799 1799 1020 1862 domus,
1064 1809 1118 1853 et
1166 1800 1428 1853 mulieres
1467 1800 1815 1868 polluentur;
1847 1807 1901 1854 ct

2011 1791 2344 1860 παγὴσονται
2381 1791 2436 1841 αἱ
2462 1789 2656 1856 οἰκίαι,
2698 1790 2793 1842 καὶ
2827 1791 2881 1841 αί
2914 1791 3174 1857 γυναῖκες
3214 1789 3584 1859 μολυνθήσον-

329 1891 645 1960 egredietur
677 1890 904 1946 dimidia
955 1907 1080 1961 pars
1106 1892 1348 1947 civitatis
1383 1892 1435 1945 iu
1483 1892 1853 1961 captivitatem
1883 1908 1897 1945 :

2011 1897 2124 1932 ται·
2180 1881 2271 1932 καὶ
2333 1880 2676 1946 ἐξελεύσεται
2745 1881 2804 1934 τὸ
2861 1881 3034 1951 ἥμισυ
3065 1884 3189 1951 Δ,τῆς
3260 1883 3464 1944 πόλεως
3529 1884 3584 1935 ἐν

326 1978 526 2048 reliqui
585 1987 767 2033 autem
823 1981 1009 2050 populi
1052 1982 1157 2035 mei
1207 1997 1313 2035 non
1367 1980 1621 2050 peribunt
1677 1980 1745 2034 de
1817 1980 1898 2033 ci-

2011 1970 2348 2041 ιίχμαλωσίᾳ
2371 1987 2383 2000 ·
2417 1973 2466 2024 oi
2498 1971 2555 2024 δὲ
2593 1972 2916 2025 κατάλοιποι
2962 1971 3057 2024 τοῦ
3101 1972 3234 2026 λαοῦ
3270 1990 3370 2043 μου
3407 1973 3467 2024 οὐ
3505 1974 3577 2044 μὴ

326 2072 514 2126 vitate.
557 2091 576 2123 ι
648 2073 814 2126 Fama
863 2074 1008 2128 enim
1076 2084 1182 2138 est,
1239 2075 1578 2142 Vespasiano
1651 2081 1707 2128 et
1776 2073 1901 2127 Tito

2011 2060 2454 2131 ίξολοθρευθῶσιν
2503 2062 2567 2114 ὲκ
2622 2061 2722 2132 τῆς
2771 2061 2980 2124 πόλεως
3004 2076 3018 2090 ⁶
3064 2080 3083 2113 ι
3123 2062 3260 2115 Φασὶ
3294 2063 3404 2133 γὰρ
3428 2103 3442 2124 ,
3474 2065 3582 2115 Οὑ-

326 2161 528 2217 bellum
565 2164 915 2232 parantibus,
950 2164 1003 2218 id
1053 2166 1316 2234 temporis
1357 2165 1545 2219 tideles
1588 2181 1656 2220 ex
1691 2165 1903 2220 revela-

2011 2152 2330 2206 εσπασιανοῦ
2360 2154 2453 2206 καὶ
2468 2153 2628 2206 Τίτου
2657 2154 2958 2224 μελλόντων
2989 2155 3428 2226 ἐπιστρατεύειν,
3460 2157 3585 2219 τοὺς
3617 2226 3621 2229 _

329 2254 481 2308 tione
511 2255 702 2308 urbem
755 2257 1071 2325 reliquisse.
1106 2256 1222 2311 Hoc
1259 2274 1390 2312 vero
1423 2258 1588 2313 etiam
1639 2259 1690 2312 in
1724 2259 1903 2312 Evan-

325 2342 483 2411 geliis
523 2344 778 2400 Christus
823 2343 1090 2400 Dominus
1137 2345 1304 2415 jussit
1348 2363 1360 2398 :
1401 2364 1420 2397 ι
1457 2345 1596 2400 Cum
1652 2345 1902 2402 videritis

326 2435 655 2490 circumdari
689 2437 756 2491 ab
809 2437 1149 2491 exercitibus
1190 2439 1398 2509 1661
1445 2439 1898 2511 Hierosolymam,

334 2535 468 2581 tunc
507 2527 706 2582 scitote
741 2529 1221 2598 appropinquasse
1253 2529 1414 2585 tinem
1449 2532 1569 2600 ejus
1600 2551 1613 2586 ε
1649 2539 1779 2587 tunc
1806 2532 1900 2600 qui

331 2618 392 2673 in
430 2617 616 2674 Iudaea
652 2630 805 2682 sunt,
829 2619 1042 2690 fugiant
1070 2622 1086 2640 ·
1128 2621 1192 2674 ad
1237 2631 1490 2688 montes;
1520 2632 1573 2677 et
1605 2623 1698 2692 qui
1741 2639 1904 2692 super

324 2721 491 2777 tecto,
519 2727 584 2766 ne
612 2711 931 2774 descendat,
961 2720 1018 2766 ut
1048 2713 1179 2782 quid
1212 2715 1364 2768 tollat
1394 2714 1460 2769 de
1489 2714 1650 2769 domo
1674 2715 1840 2770 suai.
1878 2733 1897 2767 ›

325 2803 403 2861 De
432 2805 517 2861 his
549 2805 733 2860 itidem
767 2822 862 2876 per
889 2805 1211 2862 Zachariam
1248 2809 1498 2878 praedixit
1537 2827 1550 2863 :

397 3003 418 3036 ι
461 2983 680 3054 Reliqui
718 3001 826 3038 non
865 2984 1143 3054 peribunt.
1176 2983 1365 3054 (Vens.
1389 2983 1467 3054 5.)
1491 2985 1557 3038 Et
1585 2984 1900 3054 egredietur
1929 3017 1973 3077 ο

324 3076 587 3130 Dominus
621 3077 674 3131 in
717 3078 836 3132 acie
869 3078 922 3131 in
962 3077 1223 3145 gentibus
1268 3075 1398 3141 illis,
1435 3077 1580 3131 sicut
1611 3078 1728 3132 dies
1752 3092 1901 3131 eom-

325 3168 608 3224 missionis
637 3167 760 3238 ejus
790 3169 877 3224 die
910 3169 1110 3239 przelii.
1152 3188 1170 3221 ι
1209 3169 1450 3224 lnstruet
1489 3178 1668 3224 autem
1702 3171 1899 3234 aciem,

323 3272 438 3312 non
473 3273 574 3328 pro
606 3258 808 3315 Judaeis
865 3276 1139 3330 pugnans,
1169 3260 1263 3314 sed
1315 3270 1507 3314 contra
1557 3261 1681 3316 illos
1711 3264 1901 3332 cupias

325 3347 560 3406 ducens.
591 3369 611 3402 ι
645 3349 711 3404 Et
741 3350 920 3404 aderit
953 3350 1216 3406 Dominus
1248 3351 1390 3406 Deus
1424 3367 1600 3417 meus,
1627 3361 1680 3406 et
1710 3369 1901 3410 omnes

328 3439 502 3495 sancti
535 3454 660 3495 cum
691 3455 776 3496 eo.
815 3459 833 3492 ι
873 3441 1206 3512 Aagelormn
1241 3441 1496 3513 intelligit
1526 3441 1792 3512 legiones.

392 3705 564 3762 Vens.
590 3706 644 3761 ι.
695 3727 714 3759 ι
755 3708 819 3762 Et
861 3709 1085 3764 stabunt
1116 3710 1281 3781 pedes
1318 3711 1440 3782 ejus
1471 3711 1559 3767 die
1609 3712 1704 3768 illo
1735 3727 1903 3782 super

323 3806 509 3852 monte
546 3796 848 3864 Olivarum,
894 3803 988 3868 qui
1031 3812 1117 3858 est
1164 3818 1196 3857 e
1251 3804 1473 3871 regione
1513 3802 1903 3874 Hierosolyma:

324 3887 394 3942 ad
443 3887 764 3941 orientalem
821 3890 1060 3958 plagam.
1109 3909 1128 3940 ι
1190 3890 1348 3947 Unde
1400 3894 1548 3948 enim
1601 3894 1667 3948 ad
1731 3895 1901 3949 ccelos

324 3975 593 4040 ascendit,
642 3975 768 4028 inde
810 3977 1101 4032 victoriam
1164 3978 1258 4032 dat
1319 3980 1520 4033 bellum
1584 3981 1902 4051 gerentibus

322 4075 520 4121 contra
577 4064 1034 4138 Hierosolymam.
1081 4066 1277 4123 Postea
1339 4069 1472 4124 dicit
1519 4072 1720 4125 montis
1786 4072 1902 4127 fore

323 4155 782 4226 qnadripartitam
820 4157 1170 4224 divisionem,
1206 4158 1280 4212 ita
1318 4166 1377 4213 ut
1429 4174 1556 4230 pars
1605 4161 1672 4216 ad
1718 4163 1901 4218 orien-

323 4257 455 4312 tem,
487 4249 657 4303 altera
697 4249 765 4304 ad
801 4249 1168 4312 occidentem,
1203 4251 1366 4306 tertia
1423 4250 1608 4305 tendat
1642 4252 1707 4306 ad
1743 4254 1898 4324 aqui-

320 4335 524 4402 lonem,
553 4350 751 4407 quarta
791 4339 858 4393 ad
891 4340 1198 4395 meridiem.

395 4444 415 4478 ι
459 4425 943 4496 Scindeturenim,
978 4432 1174 4500 inquit,
1210 4447 1367 4487 mons
1397 4431 1701 4497 Olivarum,
1727 4435 1891 4490 dimi-

320 4518 470 4572 dium
516 4520 638 4586 ejus
677 4521 744 4574 ad
783 4522 1072 4587 orientem,
1105 4533 1150 4576 et
1185 4522 1467 4577 dimidium
1515 4524 1634 4592 ejus
1683 4525 1748 4579 ad
1795 4541 1892 4580 oc-

322 4605 595 4660 cidentem
643 4607 742 4678 (et)
787 4625 958 4673 mare,
998 4625 1201 4680 vorago
1246 4612 1402 4666 valde
1437 4629 1634 4684 magna
1671 4635 1684 4669 :
1715 4624 1768 4670 et
1808 4617 1890 4670 iu-

317 4692 546 4747 clinabit
571 4694 794 4749 dimidia
830 4711 955 4765 pars
989 4702 1192 4753 montis
1234 4701 1298 4753 ad
1346 4703 1682 4771 aquilonem,
1725 4715 1776 4759 et
1808 4708 1890 4760 di-

317 4783 487 4836 midia
520 4799 650 4852 pars
679 4785 800 4853 ejus
837 4787 904 4841 ad
938 4798 1207 4856 austrum,
1235 4793 1392 4847 vallis
1441 4811 1658 4866 magna.
1700 4797 1888 4868 (Vens.

318 4870 394 4940 5.)
415 4870 480 4925 Et
499 4872 849 4930 obturabitur
866 4880 1022 4935 vallis
1051 4882 1316 4936 montium
1339 4900 1511 4955 usque
1539 4887 1604 4940 ad
1641 4887 1850 4944 Jassam
1875 4913 1888 4946 :

313 4970 372 5017 et
421 4963 773 5021 obturabitur
825 4970 970 5025 sicut
1029 4972 1283 5029 obturala
1338 4985 1422 5030 est
1477 4994 1505 5031 a
1557 4976 1694 5034 facie
1733 4990 1892 5037 terra:

393 5116 414 5160 ι
456 5115 561 5175 lsa.
596 5133 662 5184 ι,
695 5119 782 5174 22.
865 5134 879 5172 ι
928 5123 1064 5180 Luc.
1097 5143 1224 5192 xxr,
1256 5128 1326 5183 ‘20
1353 5145 1366 5193 ;
1396 5128 1563 5186 Mare.
1595 5147 1694 5186 xm
1718 5176 1732 5197 ,
1772 5135 1869 5198 14,
1903 5137 1988 5191 15.

2002 2242 2298 2308 τηνικαῦτα
2328 2245 2557 2309 πιστοὺς
2594 2245 2652 2309 ἐξ
2682 2245 3078 2316 ἀποκαλύψεως
3104 2248 3204 2318 τὴν
3228 2248 3382 2301 πόλιν
3410 2266 3581 2305 καταο

2002 2333 2195 2386 λιπεῖν.
2210 2335 2376 2388 Τοῦτο
2396 2335 2451 2388 δὲ
2473 2337 2565 2390 καὶ
2591 2335 2678 2391 διὰ
2692 2336 2800 2389 τῶν
2819 2336 2977 2391 θείων
2996 2337 3342 2408 Εὑαγγελίων
3369 2341 3484 2392 ἐκέ)
3498 2357 3588 2392 ευ-

2007 2439 2096 2475 σεν
2118 2425 2145 2476 ὀ
2171 2424 2444 2495 Δεσπότης
2466 2427 2696 2496 Χριστός
2723 2444 2736 2456 ·
2767 2446 2784 2478 ι
2817 2428 2983 2481 Ὅταν
3025 2430 3167 2500 ῐδητε
3207 2430 3585 2502 κυκλουμένην

2006 2513 2108 2566 ὑπὸ
2198 2515 2575 2586 στρατοπέδων
2645 2518 2744 2588 τὴν
2832 2518 3228 2590 Ἰερουσαλὴμ,
3290 2520 3584 2588 γινώσκετε

2002 2605 2085 2657 ὅτι
2127 2606 2294 2673 ἐγγὺς
2337 2607 2398 2659 τὸ
2430 2607 2581 2672 τέλος
2619 2609 2822 2679 αὐτῆς·
2874 2610 2997 2662 τότε
3034 2610 3083 2662 οἱ
3131 2613 3189 2663 ἐν
3235 2613 3299 2681 τῇ
3351 2610 3584 2681 Ἰουδαία

2004 2697 2355 2765 φευγέτωσαν
2395 2699 2476 2762 εἰς
2517 2699 2586 2753 τὰ
2615 2700 2715 2770 ὅρη
2738 2741 2752 2762 ,
2786 2701 2880 2754 καὶ
2906 2703 2934 2755 ό
2963 2702 3055 2754 ἐπὶ
3084 2700 3178 2754 τοῦ
3215 2701 3467 2772 δώματος
3508 2703 3582 2774 μὴ

2002 2788 2296 2842 καταϐάτω
2351 2786 2482 2860 ἄραί
2533 2807 2584 2843 τι
2633 2792 2698 2843 ἐκ
2751 2791 2854 2860 τῆς
2902 2793 3103 2855 οἰκίας.
3148 2812 3168 2843 ι
3209 2794 3343 2864 Περὶ
3378 2794 3584 2846 τούτων

2004 2876 2098 2930 καὶ
2122 2876 2213 2930 διὰ
2238 2877 2329 2931 τοῦ
2363 2879 2635 2949 μακαρίου
2661 2881 3028 2950 προεθέσπισε
3063 2883 3352 2954 Ζαχαρίου,
3384 2885 3467 2936 ὅτι

2084 2985 2103 3019 ι
2134 2970 2196 3020 Οἱ
2225 2970 2543 3024 κατάλοιποι
2568 2971 2614 3003 ⁸⁸
2643 2973 2704 3025 οὑ
2739 2973 2813 3043 μὴ
2846 2972 3290 3044 ὲξολοθρευθῶσι.
3327 2975 3443 3045 (γ’.)
3471 2977 3582 3031 Καὶ

2006 3055 2348 3123 ἐξελεύσεται
2380 3061 2582 3133 Κύριος
2629 3064 2690 3117 ὲν
2731 3063 3036 3135 παρατάξει
3057 3066 3100 3096 ³⁸
3138 3067 3196 3119 ὲν
3231 3069 3342 3129 τοῖς
3372 3066 3584 3120 ἔθνεσιν

2004 3150 2254 3214 ἐκείνοις,
2286 3153 2468 3218 καθὼς
2513 3157 2694 3226 ἡμέρα
2721 3158 3082 3227 παρατάξεως
3113 3158 3282 3212 αὐτοῦ
3314 3160 3372 3213 ὲν
3401 3159 3585 3230 ἡμέρᾳ

2004 3243 2263 3314 πολέμου.
2310 3265 2328 3298 ι
2378 3247 2761 3318 Παρατάξεται
2804 3249 2884 3311 δὲ,
2939 3251 3040 3304 οὐκ
3094 3251 3368 3304 Ἰουδαίων
3409 3252 3582 3321 ὑπερ-

2005 3337 2195 3406 μαχῶν
2219 3378 2234 3401 ,
2289 3339 2424 3393 ἀλλὰ
2482 3341 2604 3394 κατ’
2667 3342 2895 3396 ἐκείνων
2953 3343 3298 3415 στρατηγῶν.
3348 3364 3367 3396 ι
3404 3345 3518 3399 Kal.
3539 3345 3585 3378 ⁸⁸

2003 3428 2274 3496 παρέσται
2333 3428 2539 3501 Κύριος
2607 3434 2635 3485 ὁ
2689 3433 2821 3496 θεός
2903 3451 3043 3504 μου,
3111 3436 3206 3488 καὶ
3277 3436 3479 3499 πάντες
3535 3438 3583 3489 oi

2003 3518 2149 3586 ἅγιοι
2177 3520 2221 3552 ³⁷
2278 3521 2396 3591 μετ’
2433 3522 2624 3576 αὐτοῦ.
2677 3543 2696 3575 ι
2750 3525 2917 3593 Λέγει
2971 3523 3031 3579 δὲ
3072 3525 3181 3580 τῶν
3233 3525 3484 3594 ἀγγέλων
3517 3525 3585 3580 τὰ

2000 3611 2280 3682 τάγματα.

2072 3705 2136 3758 δ’.
2175 3724 2194 3756 ι
2229 3705 2340 3759 Καὶ
2374 3707 2666 3779 στήσονται
2696 3710 2746 3762 οἱ
2797 3709 2959 3774 πόδες
2987 3709 3154 3764 αὐτοῦ
3201 3710 3260 3763 ἐν
3291 3711 3358 3781 τῇ
3400 3709 3584 3781 ἡμέρᾳ

2003 3796 2186 3868 ἐκείνῃ
2209 3798 2300 3850 ἐπὶ
2324 3797 2386 3852 τὸ
2413 3799 2537 3870 ὅρος
2560 3801 2670 3854 τῶν
2699 3801 2945 3865 Ἐλαιῶν,
2973 3803 3035 3856 τὸ
3061 3802 3350 3856 κατέναντι
3388 3803 3584 3874 Ἰερου-

2004 3887 2185 3958 σαλὴμ
2221 3889 2278 3956 ἐξ
2308 3890 2602 3945 ἀνατολῶν.
2637 3912 2655 3943 ι
2695 3895 2860 3948 Ὅθεν
2903 3894 3011 3966 γὰρ
3052 3896 3133 3959 εἰς
3171 3896 3438 3966 οὐρανοὺς
3483 3895 3580 3948 άν-

2001 3977 2246 4050 ελήφθη,
2278 3981 2491 4037 ἐκεῖθεν
2541 3985 2725 4039 δίδωσι
2762 3988 2877 4050 τοῖς
2925 3987 3052 4039 κατ’
3089 3987 3363 4040 Ἰουδαίων
3419 4003 3583 4058 στρα-

2001 4070 2312 4141 τευομένοις
2336 4073 2434 4145 τὴν
2474 4075 2651 4147 νίκην.
2697 4074 2828 4130 Εἶτα
2861 4077 3033 4146 λέγει,
3067 4077 3149 4130 ὅτι
3174 4076 3581 4148 διαιρεθήσεται

1999 4163 2239 4232 τετραχὰ
2275 4163 2339 4217 τὸ
2371 4164 2494 4236 ὅρος
2521 4205 2534 4227 ,
2574 4167 2650 4230 ὡς
2687 4167 2747 4220 τὸ
2790 4169 2888 4238 μὲν
2920 4169 3040 4221 κατ’
3075 4168 3370 4232 ἀνατολὰς,
3409 4168 3470 4222 τδ
3523 4167 3578 4219 δὲ

2005 4253 2148 4306 κατὰ
2173 4254 2404 4325 δυσμὰς,
2436 4256 2496 4310 τὸ
2526 4256 2583 4310 δὲ
2618 4257 2760 4310 κατὰ
2791 4257 3019 4329 βορρᾶν,
3067 4258 3128 4311 τὸ
3161 4257 3218 4311 δὲ
3249 4257 3391 4311 κατὰ
3429 4257 3578 4311 νότον

1933 4350 1974 4404 D
2000 4347 2268 4416 χωρῆσαι.

2077 4453 2095 4486 ι
2134 4437 2303 4490 Kal.“
2363 4437 2719 4508 σχισθήσεται
2777 4441 2887 4512 γὰρ
2913 4480 2928 4505 ,
2989 4441 3124 4512 φησὶ
3151 4480 3167 4506 ,
3221 4442 3282 4495 τδ
3316 4441 3441 4515 ὅρος
3467 4441 3579 4494 τῶν

2012 4528 2262 4591 Ἐλαιῶν,
2285 4530 2348 4584 τὸ
2374 4532 2546 4601 ἥμισυ
2573 4531 2738 4585 αὐτοῦ
2762 4534 2806 4565 ³⁹
2839 4533 2974 4604 πρὸς
3007 4533 3296 4598 ἀνατολὰς,
3327 4534 3424 4588 καὶ
3455 4533 3574 4586 τὸυ

1999 4622 2169 4691 ἥμισυ
2219 4621 2385 4675 αὑτοῦ
2444 4621 2583 4693 πρὸς
2629 4622 2780 4676 δύσιν
2828 4624 3104 4678 θάλασσαν
3127 4624 3212 4692 δί,
3269 4625 3400 4696 χάος
3436 4626 3576 4694 μέγα

2002 4711 2227 4783 σφόδρα,
2261 4714 2356 4766 καὶ
2403 4713 2577 4765 κλινεῖ
2618 4714 2680 4766 τὸ
2732 4715 2905 4784 ἥμισυ
2935 4715 3027 4769 τοῦ
3058 4716 3221 4787 ὅρους
3267 4717 3404 4786 πρὸς
3452 4717 3575 4789 βορ-

2002 4805 2102 4874 ρᾶν
2127 4845 2141 4867 ,
2190 4805 2286 4857 καὶ
2327 4806 2388 4859 τὸ
2431 4807 2603 4876 ἥμισυ
2635 4806 2799 4860 αὑτοῦ
2828 4807 2967 4876 πρὸς
2993 4808 3145 4861 νότον
3167 4850 3181 4873 ,
3226 4811 3443 4880 φάραγξ
3484 4829 3576 4880 με·

2001 4894 2140 4964 γάλη
2165 4894 2227 4948 ⁸³.
2256 4895 2364 4968 (ε’.)
2409 4897 2520 4949 Καὶ
2557 4897 3008 4968 ὲμφραχθήσεται
3053 4899 3161 4968 ή⁶³
3207 4901 3424 4969 φάραγξ
3470 4899 3574 4952 τῶν

2001 4985 2172 5056 ὀρέων
2218 4987 2324 5052 ἕως
2367 4988 2584 5054 Ἰασσὰ,
2641 4991 2734 5043 καὶ
2785 4989 3258 5061 ἐμφραχθήσεται,
3289 4991 3350 5044 ὃν
3379 4992 3574 5064 τρόπον

1592 5291 1823 5347 VARle
1866 5294 2267 5354 LECTIONES.

393 5439 440 5519 ξ’
464 5457 516 5494 τ.
542 5457 672 5495 πεπ.
710 5442 854 5498 Loco
883 5444 976 5500 cit.
1023 5457 1148 5516 post
1191 5451 1461 5506 Ἰουδαίων
1485 5456 1724 5520 ponitur.
1807 5455 1908 5510 “‘C
1942 5458 2129 5527 φησίν.

393 5527 537 5554 tome-
645 5512 688 5545 ³³
716 5515 749 5554 Α
783 5515 1360 5554 διηηνηηπιηηῆκηη-η.
1489 5525 1534 5554 83
1564 5529 1587 5554 Α
1630 5527 2016 5554 τι-.-........ἐ.-,..

1555 5529 1596 5577 Α
1629 5527 2039 5595 ἐπισυναγάγω.

313 5507 541 5588 Raptor.
636 5512 688 5588 _'_'
710 5515 755 5588 ἐξ
783 5507 1383 5588 διασκορπισθήσονται.

314 5578 558 5642 τάξει-αι.
635 5583 679 5615 ³⁸
709 5585 818 5636 Kal.
854 5614 924 5625 -——
961 5578 1304 5643 ducal'Des.
1348 5593 1398 5643 in
1425 5593 1489 5646 A.

1597 5595 1638 5625 ³⁷
1673 5593 1743 5636 ἣν
1795 5590 1890 5636 Alii
1931 5590 2145 5636 gvvclnr

316 5597 558 5676 ξρςεται.
619 5597 679 5667 ’συ
711 5597 818 5636 nat
854 5597 1145 5666 —-.aurou.
1181 5597 1304 5643 Des.
1348 5597 1398 5643 iu
1425 5597 1489 5646 A.
1597 5597 1638 5625 ³⁷
1673 5597 1762 5662 ἆγ.
1790 5597 1891 5650 Alii
1930 5598 2168 5665 ἄγγελοι.
2276 5598 2321 5631 ³⁸
2348 5600 2476 5654 Καί.
2517 5599 2641 5656 Des.
2677 5601 2730 5655 in
2778 5601 2839 5658 C.
2947 5603 2993 5635 ‘9
3035 5597 3221 5656 αὑτοῦ.
3259 5603 3381 5656 Des.
3426 5597 3566 5655 in'A.

329 5651 543 5744 ...το-ἷ-
570 5653 923 5744 ρυρινᾷξξιεζ
939 5671 990 5736 I_u
1161 5659 1201 5689 “
1227 5660 1344 5714 δύο.
1376 5661 1807 5744 θάληῐὶιιιξιςιλιι.
1841 5669 1875 5721 l.
1902 5669 2098 5744 coaluit
2129 5669 2528 5744 interpretatio.
2567 5671 2647 5744 _f'
2679 5673 2811 5744 φάρ.
2835 5690 2962 5744 μεγ.
3003 5671 3126 5728 Des.
3154 5672 3208 5726 in
3243 5675 3284 5727 Δ
3387 5672 3433 5706 ⁸³
3469 5671 3574 5740 ἠ-ο

344 5717 528 5773 ιασσά.
559 5723 598 5775 Λ
631 5723 663 5792 ἡ
689 5722 872 5789 κοιλὰς
897 5725 1004 5781 τῶν
1029 5729 1200 5798 ὀρέων
1233 5748 1354 5800 μου,
1381 5732 1474 5786 καὶ
2566 5717 2811 5812 Ἀσίήῄλῗ.
2835 5717 2928 5744 rw‘
2948 5717 2962 5728 '
3003 5717 3126 5728 mw
3154 5717 3168 5726 -
3243 5717 3284 5727 u
3407 5771 3412 5774 ·

2235 5460 2277 5491 ³⁰
2303 5461 2345 5513 Α
2373 5462 2577 5532 ἡμέραι
2620 5461 2872 5531 ἔρχονται
2909 5462 3003 5516 τοῦ
3035 5463 3175 5529 Κυρ.
3285 5462 3328 5494 ³¹
3359 5460 3400 5516 C
3427 5461 3569 5527 λέγει

2145 5529 2188 5559 ³³
2217 5530 2423 5602 οίίκατ.
2448 5531 2591 5602 Des.
2624 5533 2685 5602 in
2709 5531 2772 5585 C.
2792 5601 2814 5602 ί
2873 5533 2918 5563 ³⁸
2945 5535 3005 5585 ἐν
3036 5535 3248 5602 παρηΑ
3273 5533 3368 5585 καὶ
3398 5547 3570 5601 παρα.-

2302 5564 2423 5583 “...
2471 5564 2591 5585 υι-δο
2625 5564 2676 5584 ι..
2710 5564 2772 5585 υ.
2945 5564 3004 5585 ιν
3042 5564 3169 5602 παρ.
3203 5564 3248 5584 ει
3276 5564 3368 5585 ,μμ
3399 5564 3566 5601 μαιω-

2276 5598 2321 5631 ³⁸
2348 5600 2476 5654 Καί.
2517 5599 2641 5656 Des.
2677 5601 2730 5655 in
2778 5601 2839 5658 C.
2947 5603 2993 5635 ‘9
3035 5601 3221 5656 αὑτοῦ.
3259 5603 3381 5656 Des.
3426 5601 3481 5655 in
3506 5602 3566 5654 Α.
