3956 6202
385 389 517 457 1953

1544 398 1626 460 ΙΝ
1655 397 2054 460 ΖΛΟΗΑΒΙᾹΞ
2087 399 2247 460 CAP.
2279 399 2433 461 XIV.

3499 398 3636 468 1954

378 512 654 584 ἑνεφράγη
685 513 792 567 ἀπὸ
828 512 1121 586 προσώπου
1159 482 1254 569 τοῦ
1285 514 1511 587 σεισμοῦ
1557 518 1617 571 ἐν
1646 517 1882 590 ἡμέραις
1909 517 1953 551 ⁴⁸

2066 527 2241 572 motus
2288 517 2345 572 in
2394 515 2592 574 diehus
2626 516 2773 573 Oziae
2803 517 2948 590 regis
2980 518 3152 574 Judm.
3195 538 3215 572 ι
3254 517 3489 575 Mentem
3534 536 3635 575 au-

392 602 565 667 Ὀξίου
598 605 862 674 βασιλέως
893 606 1086 661 Ἰούδα.
1124 626 1145 662 ι
1175 608 1354 676 Ὅρος
1378 609 1457 670 δὲ,
1484 608 1561 674 ὡς
1585 607 1763 682 οἶμαι,
1795 609 1956 665 καλεῖ

377 696 477 766 τὴν
514 697 769 768 φάλαγγα
815 700 924 753 τῶν
955 701 1248 773 πολεμίων,
1293 704 1375 766 εἰς
1402 702 1501 773 τὴν
1530 707 1630 776 τῆς
1677 704 1954 776 Ἰερουσα-

378 787 491 857 λὴμ
521 787 833 859 πολιορκίαν
872 791 1278 865 διαιρουμένην,
1313 795 1407 847 καὶ¹
1434 797 1562 858 τοὺς
1598 796 1697 866 μὲν
1724 795 1787 849 τὸ
1816 794 1954 866 ὲῷον

379 878 553 950 αὐτῆς
581 881 780 952 μέρος,
830 885 958 948 τοὺς
1009 884 1065 937 δὲ
1116 885 1178 938 τὸ
1214 885 1472 957 ἑσπέριον
1516 886 1949 950 καταλαϐόντας,

379 970 471 1023 καὶ
498 970 689 1035 ἄλλους
728 973 826 1042 μὲν
861 974 928 1027 τὰ
962 974 1169 1046 βόρεια,
1198 976 1393 1041 ἄλλους
1421 975 1479 1030 δὲ
1506 977 1574 1031 τά
1606 977 1756 1032 νότια
1784 995 1953 1049 φρου-

383 1061 625 1132 ροῦντας.
660 1064 817 1129 Εἰκὸς
844 1064 903 1120 δέ
928 1061 996 1138 ἦν
1029 1069 1122 1123 καί
1152 1067 1215 1122 τὸ
1240 1069 1366 1140 ὅρος
1401 1069 1533 1124 αὐτὸ
1563 1069 1661 1143 τὴν
1684 1071 1952 1142 διαίρεσιν

378 1153 582 1224 ταύτην
615 1157 926 1226 ὑπομεῖναι,
971 1159 1067 1212 τοῦ
1123 1159 1260 1214 Θεοῦ
1297 1160 1397 1232 τὴν
1436 1162 1560 1215 κατ’
1618 1160 1798 1215 αὐτῶν
1841 1161 1952 1216 δει-

379 1246 602 1309 κνύντος
648 1250 837 1320 ὀργήν.
890 1251 1000 1305 Καὶ
1058 1250 1168 1323 γάρ
1226 1253 1393 1323 ἡνίκα
1443 1254 1535 1307 τδν
1565 1254 1844 1326 Δεσπότην
1876 1254 1953 1327 τῷ

379 1339 597 1410 σταυρῷ
651 1341 1047 1413 προσήλωσαν,
1106 1344 1297 1409 σκότος
1356 1344 1457 1415 μὲν
1522 1344 1753 1417 ἐξεχύθη
1811 1347 1953 1401 κατὰ

377 1433 557 1486 πᾶσαν
587 1432 686 1504 τὴν
714 1435 1074 1505 οἰκουμένην,
1117 1435 1454 1507 κλονουμένη
1504 1436 1561 1491 δὲ
1592 1439 1625 1508 ἡ
1671 1438 1743 1507 γῆ
1781 1439 1950 1506 τάφος

377 1525 561 1590 αὐτοῖς
595 1527 939 1598 αὐτοσχέδιος
995 1528 1250 1597 γενέσθαι
1277 1528 1581 1598 ἠπείγετο,
1629 1529 1700 1583 τὰ
1746 1527 1800 1582 δὲ
1850 1527 1949 1599 ὅρη

378 1619 497 1670 κατ’
523 1619 700 1672 αὐτῶν
749 1619 902 1689 ἠφίει
946 1620 1045 1684 τὰς
1086 1619 1386 1691 πτέρυγας.
1435 1619 1603 1689 Λέγει
1646 1621 1825 1675 τοίνυν
1870 1620 1952 1673 ὅτι

375 1708 580 1763 τούτων
621 1708 728 1762 τῶν
775 1709 947 1781 ὀρέων
985 1711 1262 1782 ῥαγέντων
1287 1752 1302 1775 ,
1347 1712 1445 1766 καὶ
1495 1712 1604 1768 τῶν
1650 1712 1952 1783 φαράγγων

377 1801 435 1854 αἱ
485 1800 763 1867 διαϐάσεις
828 1802 1346 1874 ὲμφραχθήσονταιο
1403 1803 1658 1875 καθάπερ
1706 1804 1799 1857 ἐπὶ
1856 1803 1950 1857 τοῦ

2057 616 2189 673 tem,
2217 624 2337 665 mea
2377 610 2587 681 1662
2621 612 2917 675 sententia,
2946 620 3109 665 vocat
3158 611 3479 682 phalangem
3533 612 3636 666 bo-

2057 701 2227 756 Stium
2268 700 2333 755 ad
2377 702 2735 757 obsidendam
2789 700 3222 773 Hierosolymam
3274 702 3540 768 divisam;
3580 708 3638 757 et

2056 792 2195 847 alios
2230 800 2441 862 partem
2489 792 2610 861 ejus
2655 793 3001 853 orientalem.
3052 793 3193 848 alios
3232 783 3633 847 occidentalem

2056 892 2416 955 occupantes.
2455 894 2511 939 et
2560 885 2698 939 alios
2734 899 2931 939 rursus
2981 891 3188 952 partem
3234 881 3633 952 aquilonarem,

2056 977 2194 1033 alios
2237 976 2657 1033 meridionalem
2705 976 3102 1032 custodientes.
3135 976 3244 1030 Par
3278 982 3457 1030 autem
3491 983 3634 1038 erat,

2058 1070 2237 1138 ipsum
2273 1069 2439 1123 etiam
2491 1079 2731 1123 montem
2792 1069 2936 1125 hanc
2979 1069 3300 1124 divisionem
3337 1069 3632 1131 sustinete,

2057 1158 2171 1214 Deo
2203 1167 2399 1214 contra
2431 1174 2528 1214 eos
2579 1159 2715 1214 iram
2760 1177 2914 1216 suam
2947 1161 3381 1215 demenstrante.
3417 1156 3632 1213 Etenim

2056 1265 2183 1304 cum
2221 1249 2506 1304 Dominum
2547 1251 2599 1305 in
2634 1267 2855 1306 crucem
2899 1252 3160 1322 egissent,
3195 1250 3431 1305 tenebrae
3478 1248 3635 1300 facta:

2059 1349 2187 1397 δυΙὶῑ
2236 1354 2404 1409 Super
2455 1343 2766 1399 universam
2824 1353 3052 1408 lCl'l‘ﬁl“,
3078 1351 3134 1397 οι
3178 1348 3325 1396 terra
3356 1349 3502 1396 mota
3546 1354 3637 1393 rc-

2059 1435 2315 1506 pentinus
2369 1434 2451 1490 eis
2502 1434 2748 1490 tumulus
2799 1433 2915 1490 ﬁeri
2982 1434 3314 1506 pr0perahat
3356 1452 3370 1488 :
3417 1440 3634 1487 montes

2059 1543 2191 1584 vero
2237 1540 2431 1585 contra
2483 1543 2580 1583 eos
2632 1528 2749 1582 alas
2797 1527 3144 1583 emittebant.
3183 1527 3274 1580 Ait
3317 1540 3446 1597 ergo
3487 1543 3501 1579 :
3536 1522 3634 1579 liis

2060 1619 2337 1675 montibus
2371 1616 2645 1689 abruptis,
2670 1617 2894 1671 vallium
2929 1633 3150 1687 quoque
3181 1618 3445 1671 transitus
3474 1616 3634 1670 obtu-

2058 1710 2354 1776 rabuntur,
2392 1709 2853 1780 quemadmodum
2905 1711 3009 1765 sub
3057 1705 3188 1763 Ozia
3242 1720 3441 1769 magno
3471 1712 3635 1758 terra:

2059 1809 2205 1854 motu
2241 1798 2407 1854 facto.
2436 1797 2492 1853 Si
2532 1800 2678 1854 enim
2715 1806 2944 1869 prepter
2972 1798 3148 1861 illum,
3176 1796 3269 1866 qui
3301 1796 3485 1850 minus
3509 1807 3636 1863 pec-

389 1892 566 1958 Ὀζίου
610 1893 705 1946 τοῦ
748 1893 983 1963 μεγάλου
1017 1893 1244 1966 σεισμοῦ
1279 1896 1597 1968 γενομένου.
1627 1896 1691 1948 Εἰ
1736 1895 1847 1968 γὰρ
1885 1895 1951 1949 δι’

2066 1898 2207 1944 rarat
2251 1900 2308 1945 et
2366 1889 2736 1946 sacerdotium
2785 1889 2975 1945 illicite
3031 1897 3356 1958 usurpat-at,
3411 1886 3636 1941 univer-

378 1983 585 2035 ἐκεῖνον
607 1981 868 2038 ἐλάττονα
893 1983 1384 2056 πλημμελήσαντα,
1410 1984 1628 2055 καὶτῆς
1654 1983 1953 2055 ἱερωσύνης

2066 1998 2240 2037 torum
2297 1979 2564 2037 Dominus
2613 1991 2816 2035 terram
2871 1982 2944 2035 ita
2976 1983 3279 2046 concussit,
3329 1977 3634 2047 majoribus

378 2071 716 2144 παρανόμως
740 2074 1232 2146 κατατολμήσαντα
1255 2115 1271 2139 ,
1307 2073 1483 2139 οὕτως
1511 2074 1690 2129 ἔσεισε
1720 2076 1821 2146 τὴν
1849 2075 1953 2145 γῆν

2066 2082 2155 2132 tios
2196 2092 2295 2147 par
2332 2084 2418 2132 est
2444 2075 2858 2132 calamitatibus
2889 2075 3054 2140 aﬂici,
3094 2075 3188 2146 qui
3236 2073 3498 2144 majorem
3531 2071 3636 2126 im-

374 2163 486 2218 τῶν
532 2164 669 2219 ὅλων
713 2166 743 2218 ὁ
786 2166 992 2235 Κύριος
1008 2166 1053 2199 ⁸⁸
1076 2206 1092 2232 ,
1141 2165 1404 2238 μειζόνων
1441 2160 1587 2221 οὗτοι
1624 2166 1952 2239 πειραθῆναι

2066 2169 2309 2238 pietatem
2360 2169 2480 2223 ausi
2522 2175 2671 2224 sunt.
2711 2166 2900 2238 Neque
2963 2167 3132 2233 enim,
3184 2181 3310 2221 eum
3359 2166 3633 2219 elementa

375 2256 575 2311 δίκαιοι
616 2255 944 2328 συμφορῶν,
995 2257 1065 2312 τὰ
1103 2256 1327 2328 μείζονα
1365 2256 1738 2328 τολμήσαντες
1764 2256 1953 2311 δυσσε-

2066 2262 2302 2317 riderent
2336 2261 2402 2314 ad
2433 2260 2616 2315 crucis
2650 2258 2868 2315 facinus
2907 2257 3264 2324 commoveri,
3296 2254 3635 2327 pmnitentite

377 2346 618 2419 ϐήματα.
662 2346 798 2401 Οὐδὲ
846 2348 955 2420 γὰρ
997 2347 1324 2419 θεασάμενοι
1377 2346 1812 2419 συγκινουμένην
1854 2346 1953 2418 τὴν

2066 2351 2403 2407 admiserunt
2436 2348 2699 2406 remedia.
2732 2349 2918 2416 Quare
2976 2349 3264 2418 propheta,
3296 2346 3367 2401 iis
3407 2341 3632 2399 omissis

376 2439 551 2493 κτίσιν
579 2439 674 2492 ἐπὶ
696 2437 774 2511 τῷ
799 2439 1108 2511 τολμήματι
1138 2439 1232 2493 τοῦ
1264 2438 1522 2512 σταυροῦ,
1555 2439 1624 2492 τὰ
1650 2441 1751 2510 τῆς
1785 2455 1953 2509 μετα-

2066 2456 2179 2511 qua:
2218 2450 2465 2508 tempore
2510 2439 2736 2493 ultionis
2783 2438 2924 2493 facta
2971 2446 3122 2504 sunt,
3162 2435 3434 2491 convertit
3470 2435 3488 2454 ¹
3515 2447 3635 2490 ser-

379 2530 599 2600 μελείας
624 2530 1015 2602 προσεδέξαντο
1043 2533 1329 2603 φάρμακα.
1358 2530 1559 2601 Διόπερ
1588 2530 1618 2583 ό
1657 2528 1953 2600 Ηροφήτης

2066 2546 2275 2587 manem
2302 2532 2369 2585 ad
2409 2544 2473 2585 ea
2507 2545 2629 2601 quae
2655 2529 2977 2583 acciderunt
3008 2529 3098 2582 die
3132 2524 3461 2596 iniquitatis.

376 2620 689 2676 καταλιπὼν
736 2622 809 2676 τά
849 2622 908 2675 ὲν
943 2621 1022 2694 τῷ
1060 2622 1237 2694 καιρῷ
1289 2623 1390 2693 τῆς
1435 2620 1704 2693 τιμωρίας
1750 2620 2130 2691 γεγενημένα,
2175 2620 2473 2693 μεταφέρει
2530 2620 2622 2675 τὸν
2669 2619 2827 2687 λόγον
2877 2619 2972 2673 ἐπὶ
3026 2617 3097 2671 τά
3160 2616 3441 2688 συμϐάντα
3487 2610 3631 2667 κατὰ

374 2714 472 2786 τὴν
509 2715 607 2784 τῆς
639 2715 984 2787 παρανομίας
1018 2714 1250 2788 ἡμέραν.

449 2816 521 2877 ς’.
559 2828 577 2861 ι
623 2811 711 2863 Ἐν
753 2810 940 2882 ἐκείνῃ
969 2809 1115 2881 γὰρ,
1170 2807 1343 2878 φησὶ,
1386 2808 1451 2876 τῇ
1486 2805 1709 2877 ἡμέρᾳ,
1755 2823 1774 2857 ι
1823 2804 1951 2860 καθ’

2130 2801 2294 2858 Vnus.
2337 2800 2389 2856 6.
2429 2820 2447 2852 ι
2483 2798 2581 2853 1110
2609 2799 2776 2863 enim,
2832 2799 3029 2868 inquit,
3080 2796 3190 2862 die,
3235 2815 3254 2849 ι
3317 2812 3430 2867 quo
3476 2797 3629 2856 orbis

376 2904 443 2973 ἣν
469 2903 622 2972 ὁτῆς
660 2900 987 2973 οἰκουμένης
1030 2898 1478 2970 σταυρωθήσεται
1523 2897 1715 2967 Σωτὴρ
1739 2938 1754 2963 ,
1792 2915 1810 2947 ι
1851 2898 1952 2950 οὐκ

2066 2902 2212 2949 κειται
2247 2891 2611 2947 Conservator
2660 2891 2713 2943 in
2772 2904 2989 2944 crucem
3049 2898 3261 2958 agetur,
3316 2908 3335 2939 ι
3377 2902 3485 2943 non
3528 2890 3634 2946 erit

376 2991 528 3045 ἔσται
553 2991 690 3061 φῶς.
724 3009 743 3042 ι
771 2990 879 3044 Kal.
905 2987 1063 3044 τοῦτο
1088 2990 1121 3060 ὴ
1153 2988 1363 3059 ἱστορία
1387 2986 1622 3051 ἐδίδαξεν
1651 3002 1666 3017 θ
1696 3004 1714 3038 ι
1759 2985 1893 3040 Ἀπὸ
1907 2987 1953 3019 ⁸⁸

376 3082 487 3155 γάρ
533 3082 701 3153 ἕκτης
750 3081 899 3153 ὥρας
956 3081 1153 3152 μέχρις
1203 3079 1430 3150 ὲννάτης
1479 3078 1670 3141 σκότος
1726 3077 1953 3147 ἐγένετο

378 3175 501 3229 καθ’
533 3174 661 3244 ὅλης
696 3173 798 3244 τῆς
825 3171 1170 3243 οἰκουμένης,
1217 3190 1235 3223 ι
1280 3170 1370 3224 ἵνα
1431 3170 1634 3234 πάντες
1660 3171 1710 3223 oi
1746 3169 1954 3239 ἄνθρω-

2056 2984 2170 3040 lux.
2204 3002 2224 3037 ι
2276 2982 2432 3049 Quod
2489 2982 2716 3038 historia
2768 2980 3121 3052 (evangelica)
3172 2979 3385 3034 docetk
3418 2997 3433 3034 :
3472 2996 3492 3031 ι
3548 2979 3634 3036 Ab

2064 3074 2199 3129 hora
2230 3074 2376 3128 enim
2427 3080 2578 3128 sexta
2628 3087 2803 3142 usque
2838 3070 2904 3124 ad
2958 3084 3156 3124 nonam
3197 3068 3436 3123 tenebrae
3477 3067 3635 3124 facta:

2068 3172 2196 3218 sunt
2222 3179 2388 3234 super
2423 3163 2730 3217 universam
2766 3170 2988 3225 terram,
3020 3178 3038 3210 ι
3076 3168 3133 3213 ιιι
3159 3173 3350 3214 omnes
3384 3159 3635 3216 homines

377 3285 471 3322 ποι
521 3269 588 3339 τῇ
644 3266 744 3337 τῆς
806 3264 1145 3337 προφητείας
1216 3264 1640 3337 μαρτυρήσωσιν
1697 3263 1947 3333 ἀληθείᾳ.

2066 3254 2367 3324 prephetiae
2396 3253 2608 3324 1663
2643 3251 2856 3307 veritati
2889 3249 3208 3305 testimonio
3236 3257 3441 3305 essent.
3468 3267 3487 3302 ι
3524 3249 3635 3306 Sed

386 3377 405 3409 ι
458 3356 619 3411 Ἀλλὰ
640 3356 681 3389 ⁸⁷
711 3355 882 3427 ψύχος
913 3355 1007 3409 καὶ
1036 3354 1211 3424 πάγος
1242 3354 1396 3407 ἔσται
1423 3354 1551 3424 μίαν
1585 3353 1801 3425 ἡμέραν
1824 3352 1889 3407 ⁸⁸.
1925 3371 1943 3403 ι

378 3449 490 3502 Καὶ
529 3447 720 3501 τούτου
753 3446 810 3500 δὲ
842 3449 891 3501 οἰ
919 3444 1305 3515 εὐαγγελισταὶ
1355 3445 1662 3516 μάρτυρες,
1706 3445 1803 3498 καὶ
1845 3444 1953 3498 τῶν

2059 3344 2234 3415 frigus
2279 3352 2335 3400 et
2383 3345 2506 3415 gelu
2556 3345 2665 3398 erit
2713 3358 2822 3398 uno
2873 3342 2989 3397 die.
3023 3361 3042 3394 ι
3085 3340 3261 3410 Hujus
3305 3356 3436 3396 vero
3467 3342 3635 3397 etiam

2063 3431 2419 3507 evangelista
2465 3443 2658 3497 testes,
2698 3442 2749 3488 et
2799 3433 3175 3504 apostolorum
3211 3433 3532 3504 coryphazus
3578 3432 3635 3488 in

379 3541 691 3595 ἀποστόλων
743 3542 771 3593 ὁ
811 3541 1109 3612 κορυφαῖος
1160 3540 1219 3591 ὲν
1258 3536 1336 3608 τῷ
1389 3535 1600 3592 πυλῶνι
1650 3536 1805 3607 παρὰ
1851 3536 1952 3604 τὴν

2066 3532 2196 3582 atrio
2227 3526 2293 3581 ad
2328 3528 2507 3598 ignem
2543 3524 2874 3580 calefaciens
2905 3538 3046 3579 sese.

382 3633 560 3703 πυρὰν
590 3631 1037 3703 (θερμαινόμενος.

451 3727 517 3791 ζ’.
560 3745 578 3777 ι
614 3725 725 3779 Καὶ
750 3726 784 3793 ἠ
814 3724 1000 3794 ἡμέρα
1029 3721 1210 3792 ἐκείνη
1252 3721 1468 3790 γνωστὴ
1489 3720 1534 3752 δ’
1566 3718 1643 3790 τῷ
1676 3716 1886 3789 Κυρίῳ.
1930 3735 1947 3767 ι

387 3821 535 3871 Ἀνω
554 3816 663 3889 γὰρ
686 3815 902 3869 ἅπαντα
927 3813 1329 3886 προεγίνωσκεν
1353 3814 1381 3864 ὁ
1403 3812 1554 3876 Θεός.
1589 3830 1606 3862 ι
1639 3810 1751 3866 Καὶ
1773 3808 1892 3878 οὐχὶ
1909 3808 1953 3840 ⁵⁰

383 3910 608 3983 ἡμέρα,
662 3908 758 3962 καὶ
804 3907 925 3960 ob“
962 3905 1076 3974 νύξ.
1116 3924 1137 3958 ι
1184 3903 1310 3959 Ἐὰν
1354 3904 1463 3976 γὰρ
1508 3902 1739 3973 ἡμέραν
1785 3899 1956 3971 αὐτὴν

384 3998 823 4074 προσαγορεῦσαι
860 3998 1102 4069 θελήσω,
1138 3997 1325 4067 ἐπέχει
1367 4014 1434 4067 με
1464 3996 1565 4064 τῆς
1609 3992 1957 4066 μεσημϐρίας

380 4092 444 4145 τὸ
474 4090 664 4153 σκότος
688 4105 702 4119 ο
735 4088 830 4141 ὲάν
870 4089 927 4141 δὲ
959 4083 1152 4143 reita
1192 4086 1437 4159 βουληθῶ
1467 4086 1733 4155 ὀνομάσαι
1779 4084 1865 4138 διὰ
1896 4084 1957 4138 τὸ

384 4182 572 4245 σκότος
595 4224 610 4247 ,
663 4179 859 4234 κωλύει
894 4196 961 4249 με
1000 4179 1060 4231 τὸ
1108 4178 1300 4248 μέχρις
1343 4178 1510 4246 ἕκτης
1538 4177 1725 4246 ὥρας,
1771 4175 1866 4228 καὶ
1898 4176 1957 4227 τὸ

385 4272 521 4343 μετά
571 4272 671 4343 τὴν
716 4268 942 4340 ὲννάτην
991 4269 1282 4337 γενόμενον
1339 4267 1475 4336 φῶς.
1515 4267 1684 4319 Τοῦτο
1728 4264 1822 4316 καὶ
1867 4262 1958 4316 διὰ

382 4362 475 4420 τοῦ
531 4363 818 4436 Προφήτου
878 4360 1168 4431 προλέγει’
1219 4376 1237 4410 ι
1284 4358 1393 4410 Καὶ
1417 4359 1462 4390 ⁸⁸
1515 4354 1652 4426 πρὸς
1716 4353 1956 4420 ἑσπέραν

383 4458 534 4511 ἔσται
573 4456 706 4526 φῶς.
750 4474 768 4506 ι
809 4448 937 4507 Εἶτα
969 4451 1036 4506 τὰ
1063 4448 1315 4505 ἐντεῦθεν
1341 4449 1581 4519 φυόμενα
1611 4445 1809 4515 ἀγαθά.

451 4556 522 4620 η’.
559 4566 578 4600 ι
625 4548 713 4600 Ἐν
734 4547 780 4578 ⁸³
821 4546 887 4616 τῇ
936 4542 1122 4615 ἡμέρᾳ
1173 4540 1356 4611 ἐκείνῃ
1409 4538 1751 4606 ἐξελεύσεται
1812 4537 1956 4609 ὕδωρ

2128 3704 2292 3759 Vens.
2326 3702 2376 3754 7.
2415 3720 2433 3752 ι
2465 3701 2677 3783 Etdies
2711 3701 2800 3755 ille
2834 3707 2996 3765 notus
3036 3699 3287 3756 Domino.
3326 3720 3345 3754 ι
3400 3701 3445 3755 Α
3481 3701 3635 3773 prin-

2060 3795 2203 3864 cipio
2231 3793 2375 3848 enim
2407 3790 2591 3846 omnia
2623 3791 2944 3862 praesciebat
2973 3790 3137 3847 Deus.
3183 3810 3202 3843 ι
3246 3793 3313 3845 Et
3345 3808 3456 3848 non
3491 3794 3633 3858 dies,

2060 3899 2236 3955 neque
2276 3898 2403 3937 nox.
2443 3902 2461 3934 ι
2499 3880 2557 3937 Si
2586 3883 2730 3937 enim
2759 3880 2900 3935 diem
2946 3883 3100 3936 illum
3134 3883 3414 3953 appellare
3441 3884 3635 3949 velim,

2059 3976 2345 4049 prohibent
2405 3990 2492 4030 me
2547 3975 2785 4029 tenebrae
2835 3974 3241 4031 meridieitsin
3294 3986 3499 4032 noctem
3531 3966 3637 4034 no-

2060 4069 2270 4123 minare
2318 4075 2541 4137 propter
2588 4065 2843 4120 tenebras
2884 4065 3073 4129 velim,
3119 4072 3266 4119 vetat
3297 4081 3418 4135 qua:
3462 4080 3639 4134 usque

2063 4157 2128 4212 ad
2164 4159 2352 4211 horam
2386 4164 2598 4210 sextam
2637 4163 2692 4209 et
2722 4164 2848 4224 post
2877 4154 3068 4207 horam
3100 4169 3300 4208 nonam
3333 4162 3523 4210 exorta
3550 4164 3638 4211 est

2064 4253 2178 4305 lux.
2208 4250 2322 4303 Hoc
2365 4250 2529 4304 etiam
2576 4262 2675 4318 per
2723 4247 3045 4316 prephetam
3090 4247 3338 4316 praedicit
3370 4263 3383 4298 :
3414 4264 3433 4298 ι
3465 4247 3531 4303 Et
3565 4248 3634 4301 ad

2059 4353 2348 4410 vesperam
2372 4339 2478 4393 erit
2512 4336 2625 4391 lux.
2664 4355 2684 4387 ›
2727 4335 2933 4392 Deinde
2968 4336 3108 4391 bona
3146 4337 3271 4392 inde
3309 4346 3454 4392 nata.

2133 4546 2299 4603 Vens.
2329 4546 2384 4601 8.
2416 4566 2436 4598 ι
2468 4546 2563 4602 Die
2593 4546 2686 4601 illo
2701 4545 3013 4615 egredietur
3028 4561 3168 4616 aqua
3193 4546 3314 4600 viva
3347 4563 3413 4602 ex
3437 4548 3634 4606 Hiero-

384 4612 492 4704 ζῶν
520 4639 580 4703 ἐξ
621 4612 1015 4709 Ἰερουσαλὴμ,
1048 4612 1143 4687 καὶ
1163 4633 1210 4666 ⁸⁵
1253 4632 1315 4685 τὸ
1359 4632 1528 4701 ἥμισυ
1559 4630 1722 4684 αὐτοῦ
1751 4632 1831 4694 εἰς
1859 4630 1953 4701 τὴν

2067 4641 2276 4713 solyma
2311 4656 2325 4694 :
2359 4637 2642 4694 dimidium
2686 4612 2806 4706 ejus
2852 4637 2918 4690 ad
2970 4612 3122 4692 mare
3165 4637 3421 4707 primum,
3446 4645 3501 4693 et
3550 4639 3637 4695 di-

385 4731 657 4786 θάλασσαν
701 4728 800 4800 τὴν
829 4728 1052 4798 πρώτην
1073 4765 1088 4790 ,
1142 4725 1234 4778 καὶ
1260 4723 1319 4776 τὸ
1345 4723 1518 4792 ἥμισυ
1551 4721 1715 4776 αὐτοῦ
1748 4724 1826 4785 είς
1861 4722 1959 4793 τὴν

387 4823 662 4877 θάλασσαν
693 4820 793 4890 τὴν
813 4818 860 4851 ⁸⁵
892 4818 1147 4889 ἐσχάτην.
1178 4834 1197 4867 ι
1231 4814 1538 4868 Αἰνίττεται
1567 4815 1623 4867 δὲ
1651 4813 1740 4867 διὰ
1767 4814 1957 4867 τούτου

385 4917 455 4968 τὸ
466 4914 730 4984 σωτήριον
751 4912 1036 4982 κήρυγμα,
1059 4908 1120 4961 τὸ
1140 4907 1281 4961 κατὰ
1305 4907 1486 4959 πᾶσαν
1511 4903 1610 4976 τὴν
1631 4905 1959 4975 οἰκουμένην

385 5005 619 5076 δραμὺν,
660 5005 754 5057 καί⁵
788 5003 860 5066 τά
888 5018 948 5054 τε
983 5000 1092 5070 ἑῷα
1117 5041 1130 5065 ,
1182 4999 1251 5053 τά
1280 5015 1348 5059 ,τε
1391 4998 1623 5067 ἑσπέρια
1671 4999 1767 5068 τῆς
1803 4999 1956 5063 θείας

386 5095 733 5158 διδασκαλίας
777 5092 1083 5164 ὲμπλῆσαν.
1115 5092 1228 5145 Καὶ
1253 5092 1372 5145 κατ’
1403 5091 1576 5160 αὐτὴν
1632 5090 1817 5160 μέντοι
1861 5091 1960 5159 τὴν

393 5188 631 5258 ἱστορίαν
662 5186 808 5239 ἔστιν
844 5185 970 5237 ἰδεῖν
1003 5183 1099 5253 τὴν
1140 5183 1238 5251 τῆς
1279 5182 1617 5252 προφητείας
1658 5181 1916 5253 ἀλήθειαν
1947 5200 1959 5212 ·

466 5368 489 5405 II
534 5365 726 5420 Matth.
761 5378 909 5418 χχιιι
928 5362 1037 5427 ,45.

2063 4732 2292 4788 midium
2330 4731 2453 4802 ejus
2498 4729 2566 4784 ad
2607 4745 2756 4784 mare
2795 4729 3176 4784 novissimum.
3211 4748 3231 4782 ι
3264 4726 3369 4784 Per
3399 4729 3506 4785 hoc
3540 4730 3638 4787 de-
3696 4790 3703 4803 _

2065 4822 2244 4893 signat
2292 4823 2592 4878 salutarem
2648 4819 3118 4889 praedicationem,
3149 4835 3270 4891 quae
3321 4820 3635 4876 universum

2066 4913 2251 4968 orbem
2306 4911 2570 4982 pervasit,
2622 4919 2676 4965 et
2732 4909 3000 4964 orientem
3081 4917 3246 4979 atque
3293 4912 3634 4969 occidentem

2066 5003 2248 5058 divina
2304 5001 2555 5057 doctrina
2596 4998 2920 5053 cumulavit.
2952 4994 3121 5052 Juxta
3170 4998 3453 5054 historiam
3493 5017 3636 5071 quo-

2068 5111 2175 5165 que
2205 5108 2429 5148 cernere
2454 5093 2580 5147 licet
2632 5089 2933 5159 prophetia:
2981 5089 3288 5144 veritatem.
3342 5092 3441 5145 lllo
3488 5091 3635 5146 enim

2072 5187 2159 5240 die
2207 5200 2270 5238 ex
2309 5194 2499 5238 sancto
2535 5182 2704 5236 latere
2764 5180 2944 5251 patuit
3003 5181 3200 5235 salutis
3254 5181 3395 5245 fons,
3422 5196 3487 5235 ex
3527 5196 3635 5249 quo

1653 5457 1885 5513 VARI/li
1922 5456 2325 5513 LECTIONES.

465 5570 510 5600 “
538 5571 593 5621 ὲν
622 5569 719 5638 ήμ.
753 5568 829 5622 Ex
870 5568 915 5621 Λ
968 5577 1022 5622 et
1072 5568 1113 5622 C
1166 5569 1345 5638 suppl.

394 5639 436 5694 Δ
470 5639 583 5692 καί.
658 5639 702 5671 ⁵⁸
736 5638 848 5691 ἔστ.
877 5657 934 5707 μ.

398 5724 529 5808 εἶτα..
553 5724 604 5777 p.
631 5708 846 5832 #333“
874 5710 916 5831 ἒξ
944 5706 1164 5846 ιέῖςξριῇιι.
1199 5709 1347 5777 prior
1372 5710 1495 5764 Imb.
1530 5711 1582 5778 ἠ.

475 5796 590 5848 την.
648 5792 685 5829 ι.
902 5811 916 5829 ι
1121 5815 1136 5832 ,

1446 5570 1490 5602 δι
1524 5570 1645 5602 v.1-
1720 5570 1757 5602 ι’
1818 5571 2006 5602 ..λ-..ιοὸ

968 5577 1022 5622 et
1072 5570 1113 5622 C
1166 5570 1345 5638 suppl.
1446 5570 1490 5602 “
1524 5570 1665 5641 Κῠρ.
1720 5570 1758 5623 C
1818 5571 2067 5641 ποιητής.
2179 5571 2224 5601 ⁸⁸
2258 5570 2400 5631 ἀπὸ,
2463 5585 2512 5622 κ.
2570 5586 2621 5622 τ.
2682 5570 2733 5622 λ.
2786 5570 2953 5619 Aliter

967 5639 1240 5717 manli-mc
1265 5639 2092 5717 sciantinitiutn__facere_vers.
2124 5640 2173 5693 7.
2253 5639 2299 5717 ξ’
2326 5637 2794 5717 ,λλ-γνωσθήσεται.
2874 5635 2920 5717 ’ξ

1684 5710 1728 5742 ³²
1759 5711 1886 5762 Καί.
1931 5709 2004 5763 Ex
2041 5710 2084 5762 A
2117 5710 2295 5779 suppl.
2372 5710 2419 5740 ⁵³
2458 5709 2568 5763 Ἐν.
2598 5711 2636 5759 Δ
2681 5718 2842 5775 prtem
2891 5709 3002 5754 καί.

3397 5563 3445 5596 ⁸⁷
3476 5564 3633 5620 ἀλλά.

2874 5635 2920 5666 ⁸ο
2961 5634 3001 5705 ᾼ
3033 5633 3150 5705 οὐχ.
3194 5632 3276 5705 Ita
3299 5649 3515 5705 quoque
3543 5651 3640 5691 su-

2179 5571 2224 5601 “
2258 5568 2400 5631 ἀπὸ,
2463 5585 2512 5622 κ.
2570 5586 2621 5622 τ.
2682 5568 2733 5622 λ.
2786 5564 2953 5619 Aliter
3008 5564 3041 5616 Ι.
3083 5577 3130 5617 c.
3191 5562 3293 5630 leg.

3104 5702 3149 5733 "‘
3184 5703 3296 5756 καί.
3327 5702 3450 5761 υθέ.
3484 5705 3540 5759 in
3567 5705 3637 5758 Α.
