  <div class='ocr_page' id='page_1' title='image "/cluster/home/n/w/nwhite01/storage/ocr_20150623/81/mdp.39015078384339/394.png"; bbox 0 0 3868 6204; ppageno 0'>
   <div class='ocr_carea' id='block_1_1' title="bbox 238 406 332 472">
    <p class='ocr_par' dir='ltr' id='par_1_1' title="bbox 238 406 332 472">
     <span class='ocr_line' id='line_1_1' title="bbox 238 406 332 472; baseline -0.021 0"><span class='ocrx_word' id='word_1_1' title='bbox 238 406 332 472; x_wconf 83' lang='lat'><strong>757</strong></span> 
     </span>
    </p>
   </div>
   <div class='ocr_carea' id='block_1_2' title="bbox 1418 402 2219 465">
    <p class='ocr_par' dir='ltr' id='par_1_2' title="bbox 1418 402 2219 465">
     <span class='ocr_line' id='line_1_2' title="bbox 1418 402 2219 465; baseline 0.004 -3"><span class='ocrx_word' id='word_1_2' title='bbox 1418 403 1499 463; x_wconf 75' lang='grc' dir='ltr'><strong>ΙΝ</strong></span> <span class='ocrx_word' id='word_1_3' title='bbox 1528 402 1879 464; x_wconf 76' lang='lat' dir='ltr'><strong>JEREMUE</strong></span> <span class='ocrx_word' id='word_1_4' title='bbox 1905 404 2063 465; x_wconf 88' lang='lat' dir='ltr'><strong>CAP.</strong></span> <span class='ocrx_word' id='word_1_5' title='bbox 2089 406 2219 465; x_wconf 86' lang='lat' dir='ltr'><strong>LII.</strong></span> 
     </span>
    </p>
   </div>
   <div class='ocr_carea' id='block_1_3' title="bbox 3355 393 3467 461">
    <p class='ocr_par' dir='ltr' id='par_1_3' title="bbox 3355 393 3467 461">
     <span class='ocr_line' id='line_1_3' title="bbox 3355 393 3467 461; baseline 0.027 -3"><span class='ocrx_word' id='word_1_6' title='bbox 3355 393 3467 461; x_wconf 83' lang='lat'><strong>758</strong></span> 
     </span>
    </p>
   </div>
   <div class='ocr_carea' id='block_1_4' title="bbox 240 501 1810 585">
    <p class='ocr_par' dir='ltr' id='par_1_4' title="bbox 240 506 1798 585">
     <span class='ocr_line' id='line_1_4' title="bbox 240 506 1798 585; baseline -0.006 -17"><span class='ocrx_word' id='word_1_7' title='bbox 240 513 428 585; x_wconf 73' lang='grc' dir='ltr'>Σαραία</span> <span class='ocrx_word' id='word_1_8' title='bbox 459 512 504 543; x_wconf 87' lang='grc'><strong><em>⁸⁵</em></strong></span> <span class='ocrx_word' id='word_1_9' title='bbox 533 553 550 579; x_wconf 93' lang='grc'><strong>,</strong></span> <span class='ocrx_word' id='word_1_10' title='bbox 597 510 655 575; x_wconf 84' lang='grc' dir='ltr'><strong>δς</strong></span> <span class='ocrx_word' id='word_1_11' title='bbox 707 510 787 576; x_wconf 86' lang='grc' dir='ltr'><strong>είς</strong></span> <span class='ocrx_word' id='word_1_12' title='bbox 831 508 929 580; x_wconf 81' lang='grc' dir='ltr'>τὴν</span> <span class='ocrx_word' id='word_1_13' title='bbox 973 507 1265 563; x_wconf 88' lang='grc' dir='ltr'>Βαϐυλῶνα</span> <span class='ocrx_word' id='word_1_14' title='bbox 1337 508 1489 580; x_wconf 82' lang='grc' dir='ltr'>παρὰ</span> <span class='ocrx_word' id='word_1_15' title='bbox 1547 506 1798 562; x_wconf 76' lang='grc' dir='ltr'><strong>Σεδεκίαν</strong></span> 
     </span>
    </p>
   </div>
   <div class='ocr_carea' id='block_1_5' title="bbox 1920 501 3470 585">
    <p class='ocr_par' dir='ltr' id='par_1_5' title="bbox 1920 501 3470 584">
     <span class='ocr_line' id='line_1_5' title="bbox 1920 501 3470 584; baseline -0.006 -18"><span class='ocrx_word' id='word_1_16' title='bbox 1920 510 2017 584; x_wconf 37' lang='grc'><strong>,61]</strong></span> <span class='ocrx_word' id='word_1_17' title='bbox 2050 520 2110 566; x_wconf 85' lang='grc' dir='ltr'><strong>ιιι</strong></span> <span class='ocrx_word' id='word_1_18' title='bbox 2138 510 2341 565; x_wconf 84' lang='lat' dir='ltr'><strong>librum</strong></span> <span class='ocrx_word' id='word_1_19' title='bbox 2392 505 2558 565; x_wconf 86' lang='lat' dir='ltr'><strong>istum</strong></span> <span class='ocrx_word' id='word_1_20' title='bbox 2589 505 2793 578; x_wconf 79' lang='lat' dir='ltr'><strong>legeret</strong></span> <span class='ocrx_word' id='word_1_21' title='bbox 2820 503 2875 559; x_wconf 87' lang='lat' dir='ltr'><strong>in</strong></span> <span class='ocrx_word' id='word_1_22' title='bbox 2910 501 3207 575; x_wconf 78' lang='lat' dir='ltr'><strong>Babylone,</strong></span> <span class='ocrx_word' id='word_1_23' title='bbox 3231 507 3286 557; x_wconf 90' lang='lat' dir='ltr'><strong>et</strong></span> <span class='ocrx_word' id='word_1_24' title='bbox 3318 501 3470 557; x_wconf 87' lang='lat' dir='ltr'><strong>dice-</strong></span> 
     </span>
    </p>
   </div>
   <div class='ocr_carea' id='block_1_6' title="bbox 238 600 1799 674">
    <p class='ocr_par' dir='ltr' id='par_1_6' title="bbox 238 600 1799 674">
     <span class='ocr_line' id='line_1_6' title="bbox 238 600 1799 674; baseline -0.003 -18"><span class='ocrx_word' id='word_1_25' title='bbox 238 603 470 673; x_wconf 79' lang='grc' dir='ltr'>ἐπέμφθη</span> <span class='ocrx_word' id='word_1_26' title='bbox 516 619 530 633; x_wconf 90' lang='grc'><strong>·</strong></span> <span class='ocrx_word' id='word_1_27' title='bbox 570 602 663 655; x_wconf 67' lang='grc' dir='ltr'><strong>κα)⁵</strong></span> <span class='ocrx_word' id='word_1_28' title='bbox 708 602 785 662; x_wconf 83' lang='grc' dir='ltr'><strong>ὡς</strong></span> <span class='ocrx_word' id='word_1_29' title='bbox 844 600 998 655; x_wconf 78' lang='grc' dir='ltr'>τοῦτο</span> <span class='ocrx_word' id='word_1_30' title='bbox 1053 601 1447 674; x_wconf 77' lang='grc' dir='ltr'><strong>παρηγγύησεν</strong></span> <span class='ocrx_word' id='word_1_31' title='bbox 1493 600 1799 656; x_wconf 72' lang='grc' dir='ltr'>ἀναγνῶναι</span> 
     </span>
    </p>
   </div>
   <div class='ocr_carea' id='block_1_7' title="bbox 238 691 1313 763">
    <p class='ocr_par' dir='ltr' id='par_1_7' title="bbox 238 691 1313 763">
     <span class='ocr_line' id='line_1_7' title="bbox 238 691 1313 763; baseline 0 -17"><span class='ocrx_word' id='word_1_32' title='bbox 238 697 288 747; x_wconf 81' lang='grc' dir='ltr'>τὸ</span> <span class='ocrx_word' id='word_1_33' title='bbox 331 692 525 763; x_wconf 78' lang='grc' dir='ltr'>βιϐλίον</span> <span class='ocrx_word' id='word_1_34' title='bbox 551 694 607 744; x_wconf 88' lang='grc' dir='ltr'><strong>ἐν</strong></span> <span class='ocrx_word' id='word_1_35' title='bbox 636 691 939 759; x_wconf 72' lang='grc' dir='ltr'>Βαϐυλῶσι,</span> <span class='ocrx_word' id='word_1_36' title='bbox 965 693 1060 746; x_wconf 79' lang='grc' dir='ltr'>καὶ</span> <span class='ocrx_word' id='word_1_37' title='bbox 1104 694 1277 746; x_wconf 79' lang='grc' dir='ltr'>εἰπεῖν</span> <span class='ocrx_word' id='word_1_38' title='bbox 1298 710 1313 725; x_wconf 78' lang='grc' dir='ltr'><strong>ο</strong></span> 
     </span>
    </p>
   </div>
   <div class='ocr_carea' id='block_1_8' title="bbox 291 782 1798 853">
    <p class='ocr_par' dir='ltr' id='par_1_8' title="bbox 291 782 1798 853">
     <span class='ocr_line' id='line_1_8' title="bbox 291 782 1798 853; baseline 0 -16"><span class='ocrx_word' id='word_1_39' title='bbox 291 782 379 853; x_wconf 77' lang='grc' dir='ltr'><strong>ξβ’.</strong></span> <span class='ocrx_word' id='word_1_40' title='bbox 398 784 591 852; x_wconf 86' lang='grc' dir='ltr'>Κύριε,</span> <span class='ocrx_word' id='word_1_41' title='bbox 616 783 698 838; x_wconf 86' lang='grc' dir='ltr'>σὺ</span> <span class='ocrx_word' id='word_1_42' title='bbox 735 784 1048 853; x_wconf 74' lang='grc' dir='ltr'>ἐλάλησας</span> <span class='ocrx_word' id='word_1_43' title='bbox 1083 784 1182 839; x_wconf 79' lang='grc' dir='ltr'>ἐπί</span> <span class='ocrx_word' id='word_1_44' title='bbox 1210 784 1315 840; x_wconf 75' lang='grc' dir='ltr'><strong>τὸν</strong></span> <span class='ocrx_word' id='word_1_45' title='bbox 1334 785 1521 839; x_wconf 83' lang='grc' dir='ltr'><em>τόπον</em></span> <span class='ocrx_word' id='word_1_46' title='bbox 1561 785 1798 845; x_wconf 82' lang='grc' dir='ltr'><em>τοῦτον,</em></span> 
     </span>
    </p>
   </div>
   <div class='ocr_carea' id='block_1_9' title="bbox 238 873 1802 947">
    <p class='ocr_par' dir='ltr' id='par_1_9' title="bbox 238 873 1802 947">
     <span class='ocr_line' id='line_1_9' title="bbox 238 873 1802 947; baseline 0 -18"><span class='ocrx_word' id='word_1_47' title='bbox 238 876 333 931; x_wconf 77' lang='grc' dir='ltr'><em>τοῦ</em></span> <span class='ocrx_word' id='word_1_48' title='bbox 355 874 779 943; x_wconf 75' lang='grc' dir='ltr'>ἐξολοθρεῦσαι</span> <span class='ocrx_word' id='word_1_49' title='bbox 803 875 1010 942; x_wconf 82' lang='grc' dir='ltr'>αὐτὸν,</span> <span class='ocrx_word' id='word_1_50' title='bbox 1025 877 1251 931; x_wconf 74' lang='grc' dir='ltr'>καὶτοῦ</span> <span class='ocrx_word' id='word_1_51' title='bbox 1268 876 1354 947; x_wconf 82' lang='grc' dir='ltr'>μὴ</span> <span class='ocrx_word' id='word_1_52' title='bbox 1376 873 1529 931; x_wconf 75' lang='grc' dir='ltr'>εἶναι</span> <span class='ocrx_word' id='word_1_53' title='bbox 1548 876 1619 930; x_wconf 83' lang='grc' dir='ltr'><strong>ἐν</strong></span> <span class='ocrx_word' id='word_1_54' title='bbox 1641 874 1802 941; x_wconf 84' lang='grc' dir='ltr'><strong>αὐτῷ</strong></span> 
     </span>
    </p>
   </div>
   <div class='ocr_carea' id='block_1_10' title="bbox 240 963 1799 1034">
    <p class='ocr_par' dir='ltr' id='par_1_10' title="bbox 240 963 1799 1034">
     <span class='ocr_line' id='line_1_10' title="bbox 240 963 1799 1034; baseline 0 -17"><span class='ocrx_word' id='word_1_55' title='bbox 240 964 615 1018; x_wconf 77' lang='grc' dir='ltr'><strong>κατοικοῦντα</strong></span> <span class='ocrx_word' id='word_1_56' title='bbox 630 964 697 1026; x_wconf 78' lang='grc'><strong>³⁸,</strong></span> <span class='ocrx_word' id='word_1_57' title='bbox 731 964 851 1019; x_wconf 82' lang='grc' dir='ltr'><strong>ἀπὸ</strong></span> <span class='ocrx_word' id='word_1_58' title='bbox 883 965 1198 1034; x_wconf 79' lang='grc' dir='ltr'>ἀνθρώπου</span> <span class='ocrx_word' id='word_1_59' title='bbox 1237 965 1348 1031; x_wconf 81' lang='grc' dir='ltr'>ἕως</span> <span class='ocrx_word' id='word_1_60' title='bbox 1396 964 1680 1031; x_wconf 79' lang='grc' dir='ltr'><em>κτήνους,</em></span> <span class='ocrx_word' id='word_1_61' title='bbox 1709 963 1799 1018; x_wconf 83' lang='grc' dir='ltr'><strong>ὅτι</strong></span> 
     </span>
    </p>
   </div>
   <div class='ocr_carea' id='block_1_11' title="bbox 236 1056 1798 1128">
    <p class='ocr_par' dir='ltr' id='par_1_11' title="bbox 236 1056 1798 1128">
     <span class='ocr_line' id='line_1_11' title="bbox 236 1056 1798 1128; baseline -0.003 -17"><span class='ocrx_word' id='word_1_62' title='bbox 236 1056 557 1125; x_wconf 53' lang='grc' dir='ltr'>ἀφανισμός</span> <span class='ocrx_word' id='word_1_63' title='bbox 585 1058 673 1122; x_wconf 86' lang='grc' dir='ltr'><strong>είς</strong></span> <span class='ocrx_word' id='word_1_64' title='bbox 695 1056 802 1109; x_wconf 81' lang='grc' dir='ltr'><em>τὸν</em></span> <span class='ocrx_word' id='word_1_65' title='bbox 828 1056 1014 1111; x_wconf 72' lang='grc' dir='ltr'>αἰῶνα</span> <span class='ocrx_word' id='word_1_66' title='bbox 1041 1058 1232 1112; x_wconf 76' lang='grc' dir='ltr'>ἔσται.</span> <span class='ocrx_word' id='word_1_67' title='bbox 1275 1057 1458 1111; x_wconf 81' lang='grc' dir='ltr'>Ταῦτα</span> <span class='ocrx_word' id='word_1_68' title='bbox 1489 1057 1569 1122; x_wconf 83' lang='grc' dir='ltr'>δὲ,</span> <span class='ocrx_word' id='word_1_69' title='bbox 1607 1057 1710 1128; x_wconf 72' lang='grc' dir='ltr'><strong>ἔφη</strong></span> <span class='ocrx_word' id='word_1_70' title='bbox 1730 1058 1798 1123; x_wconf 83' lang='grc'><strong>³⁷,</strong></span> 
     </span>
    </p>
   </div>
   <div class='ocr_carea' id='block_1_12' title="bbox 240 1146 1796 1219">
    <p class='ocr_par' dir='ltr' id='par_1_12' title="bbox 240 1146 1796 1219">
     <span class='ocr_line' id='line_1_12' title="bbox 240 1146 1796 1219; baseline 0.003 -19"><span class='ocrx_word' id='word_1_71' title='bbox 240 1146 693 1219; x_wconf 79' lang='grc' dir='ltr'><strong>προσευξάμενος,</strong></span> <span class='ocrx_word' id='word_1_72' title='bbox 740 1150 833 1201; x_wconf 79' lang='grc' dir='ltr'>καὶ</span> <span class='ocrx_word' id='word_1_73' title='bbox 885 1148 1018 1219; x_wconf 84' lang='grc' dir='ltr'><strong>λίθῳ</strong></span> <span class='ocrx_word' id='word_1_74' title='bbox 1074 1148 1135 1201; x_wconf 77' lang='grc' dir='ltr'>τὸ</span> <span class='ocrx_word' id='word_1_75' title='bbox 1189 1149 1392 1219; x_wconf 87' lang='grc' dir='ltr'>βιϐλίον</span> <span class='ocrx_word' id='word_1_76' title='bbox 1442 1150 1796 1219; x_wconf 82' lang='grc' dir='ltr'>προσδήσας,</span> 
     </span>
    </p>
   </div>
   <div class='ocr_carea' id='block_1_13' title="bbox 238 1238 1444 1311">
    <p class='ocr_par' dir='ltr' id='par_1_13' title="bbox 238 1238 1444 1311">
     <span class='ocr_line' id='line_1_13' title="bbox 238 1238 1444 1311; baseline 0.002 -21"><span class='ocrx_word' id='word_1_77' title='bbox 238 1238 376 1309; x_wconf 65' lang='grc' dir='ltr'>ρίψον</span> <span class='ocrx_word' id='word_1_78' title='bbox 431 1239 510 1301; x_wconf 80' lang='grc' dir='ltr'><strong>είς</strong></span> <span class='ocrx_word' id='word_1_79' title='bbox 580 1238 670 1290; x_wconf 76' lang='grc' dir='ltr'><strong>τὸν</strong></span> <span class='ocrx_word' id='word_1_80' title='bbox 731 1238 1059 1310; x_wconf 74' lang='grc' dir='ltr'><strong>Εὐφράτην,</strong></span> <span class='ocrx_word' id='word_1_81' title='bbox 1120 1239 1213 1292; x_wconf 78' lang='grc' dir='ltr'>καὶ</span> <span class='ocrx_word' id='word_1_82' title='bbox 1262 1240 1444 1311; x_wconf 80' lang='grc' dir='ltr'>ἐρείς’</span> 
     </span>
    </p>
   </div>
   <div class='ocr_carea' id='block_1_14' title="bbox 298 1412 1799 1487">
    <p class='ocr_par' dir='ltr' id='par_1_14' title="bbox 298 1412 1799 1487">
     <span class='ocr_line' id='line_1_14' title="bbox 298 1412 1799 1487; baseline 0.005 -21"><span class='ocrx_word' id='word_1_83' title='bbox 298 1412 383 1478; x_wconf 82' lang='grc' dir='ltr'>ξδ’.</span> <span class='ocrx_word' id='word_1_84' title='bbox 424 1413 625 1480; x_wconf 84' lang='grc' dir='ltr'><em>Οὕτως</em></span> <span class='ocrx_word' id='word_1_85' title='bbox 670 1414 1073 1469; x_wconf 83' lang='grc' dir='ltr'>καταδύσεται</span> <span class='ocrx_word' id='word_1_86' title='bbox 1121 1416 1438 1477; x_wconf 75' lang='grc' dir='ltr'>Βαϐυλὼν,</span> <span class='ocrx_word' id='word_1_87' title='bbox 1482 1419 1582 1470; x_wconf 78' lang='grc' dir='ltr'>καὶ</span> <span class='ocrx_word' id='word_1_88' title='bbox 1616 1420 1687 1472; x_wconf 84' lang='grc' dir='ltr'><strong>οὐ</strong></span> <span class='ocrx_word' id='word_1_89' title='bbox 1713 1419 1799 1487; x_wconf 76' lang='grc' dir='ltr'>μὴ</span> 
     </span>
    </p>
   </div>
   <div class='ocr_carea' id='block_1_15' title="bbox 237 1500 1802 1578">
    <p class='ocr_par' dir='ltr' id='par_1_15' title="bbox 237 1500 1802 1578">
     <span class='ocr_line' id='line_1_15' title="bbox 237 1500 1802 1578; baseline 0.001 -18"><span class='ocrx_word' id='word_1_90' title='bbox 237 1504 454 1573; x_wconf 74' lang='grc' dir='ltr'>ἀναστῇ</span> <span class='ocrx_word' id='word_1_91' title='bbox 472 1506 595 1559; x_wconf 79' lang='grc' dir='ltr'><strong>ἀπὸ</strong></span> <span class='ocrx_word' id='word_1_92' title='bbox 618 1505 943 1574; x_wconf 81' lang='grc' dir='ltr'><strong>προσώπου</strong></span> <span class='ocrx_word' id='word_1_93' title='bbox 966 1504 1084 1559; x_wconf 80' lang='grc' dir='ltr'><strong>τῶν</strong></span> <span class='ocrx_word' id='word_1_94' title='bbox 1114 1506 1335 1567; x_wconf 79' lang='grc' dir='ltr'>κακῶν.</span> <span class='ocrx_word' id='word_1_95' title='bbox 1353 1500 1440 1561; x_wconf 80' lang='grc' dir='ltr'><strong>ὧν</strong></span> <span class='ocrx_word' id='word_1_96' title='bbox 1465 1507 1579 1575; x_wconf 71' lang='grc' dir='ltr'><strong>ἐγὼ</strong></span> <span class='ocrx_word' id='word_1_97' title='bbox 1603 1507 1802 1578; x_wconf 77' lang='grc' dir='ltr'>ἐπάγω</span> 
     </span>
    </p>
   </div>
   <div class='ocr_carea' id='block_1_16' title="bbox 242 1597 1801 1673">
    <p class='ocr_par' dir='ltr' id='par_1_16' title="bbox 242 1597 1801 1673">
     <span class='ocr_line' id='line_1_16' title="bbox 242 1597 1801 1673; baseline 0.002 -22"><span class='ocrx_word' id='word_1_98' title='bbox 242 1598 320 1651; x_wconf 67' lang='grc' dir='ltr'>ἐπ’</span> <span class='ocrx_word' id='word_1_99' title='bbox 345 1597 560 1664; x_wconf 79' lang='grc' dir='ltr'>αὐτήν.</span> <span class='ocrx_word' id='word_1_100' title='bbox 586 1597 756 1651; x_wconf 83' lang='grc' dir='ltr'>Τοῦτο</span> <span class='ocrx_word' id='word_1_101' title='bbox 783 1598 840 1652; x_wconf 88' lang='grc' dir='ltr'>δὲ</span> <span class='ocrx_word' id='word_1_102' title='bbox 878 1601 957 1662; x_wconf 89' lang='grc' dir='ltr'><strong>είς</strong></span> <span class='ocrx_word' id='word_1_103' title='bbox 979 1599 1336 1673; x_wconf 75' lang='grc' dir='ltr'>ψυχαγωγίαν</span> <span class='ocrx_word' id='word_1_104' title='bbox 1378 1600 1486 1653; x_wconf 87' lang='grc' dir='ltr'><strong>τῶν</strong></span> <span class='ocrx_word' id='word_1_105' title='bbox 1528 1600 1801 1671; x_wconf 74' lang='grc' dir='ltr'>αἰχμαλώ-</span> 
     </span>
    </p>
   </div>
   <div class='ocr_carea' id='block_1_17' title="bbox 238 1690 1801 1763">
    <p class='ocr_par' dir='ltr' id='par_1_17' title="bbox 238 1690 1801 1763">
     <span class='ocr_line' id='line_1_17' title="bbox 238 1690 1801 1763; baseline 0.003 -22"><span class='ocrx_word' id='word_1_106' title='bbox 238 1706 332 1742; x_wconf 86' lang='grc' dir='ltr'><strong>των</strong></span> <span class='ocrx_word' id='word_1_107' title='bbox 355 1690 606 1757; x_wconf 87' lang='grc' dir='ltr'>γενέσθαι</span> <span class='ocrx_word' id='word_1_108' title='bbox 642 1691 977 1762; x_wconf 78' lang='grc' dir='ltr'><strong>προσέταξεν</strong></span> <span class='ocrx_word' id='word_1_109' title='bbox 998 1694 1026 1745; x_wconf 92' lang='lat'><strong>6</strong></span> <span class='ocrx_word' id='word_1_110' title='bbox 1059 1691 1338 1762; x_wconf 84' lang='grc' dir='ltr'><strong>Δεσπότης</strong></span> <span class='ocrx_word' id='word_1_111' title='bbox 1366 1710 1380 1724; x_wconf 78' lang='grc' dir='ltr'><strong><em>ο</em></strong></span> <span class='ocrx_word' id='word_1_112' title='bbox 1422 1692 1509 1745; x_wconf 80' lang='grc' dir='ltr'>ἵνα</span> <span class='ocrx_word' id='word_1_113' title='bbox 1539 1692 1801 1763; x_wconf 82' lang='grc' dir='ltr'><strong>μαθόντες</strong></span> 
     </span>
    </p>
   </div>
   <div class='ocr_carea' id='block_1_18' title="bbox 239 1780 1798 1857">
    <p class='ocr_par' dir='ltr' id='par_1_18' title="bbox 239 1780 1798 1857">
     <span class='ocr_line' id='line_1_18' title="bbox 239 1780 1798 1857; baseline 0.003 -22"><span class='ocrx_word' id='word_1_114' title='bbox 239 1781 320 1835; x_wconf 76' lang='grc' dir='ltr'>καὶ</span> <span class='ocrx_word' id='word_1_115' title='bbox 336 1780 539 1852; x_wconf 73' lang='grc' dir='ltr'>ταύτης</span> <span class='ocrx_word' id='word_1_116' title='bbox 565 1781 664 1853; x_wconf 82' lang='grc' dir='ltr'>τὴν</span> <span class='ocrx_word' id='word_1_117' title='bbox 703 1784 924 1848; x_wconf 78' lang='grc' dir='ltr'>ἅλωσιν,</span> <span class='ocrx_word' id='word_1_118' title='bbox 963 1784 1055 1838; x_wconf 73' lang='grc' dir='ltr'>καὶ</span> <span class='ocrx_word' id='word_1_119' title='bbox 1092 1783 1194 1855; x_wconf 78' lang='grc' dir='ltr'>τὴν</span> <span class='ocrx_word' id='word_1_120' title='bbox 1230 1785 1435 1838; x_wconf 80' lang='grc' dir='ltr'>οἰκείαν</span> <span class='ocrx_word' id='word_1_121' title='bbox 1463 1785 1798 1857; x_wconf 83' lang='grc' dir='ltr'>ἐλευθερίαν,</span> 
     </span>
    </p>
   </div>
   <div class='ocr_carea' id='block_1_19' title="bbox 1903 613 2027 659">
    <p class='ocr_par' dir='ltr' id='par_1_19' title="bbox 1903 613 2027 659">
     <span class='ocr_line' id='line_1_19' title="bbox 1903 613 2027 659; baseline -0.008 -1"><span class='ocrx_word' id='word_1_122' title='bbox 1903 613 1987 659; x_wconf 84' lang='lat' dir='ltr'><strong>ret</strong></span> <span class='ocrx_word' id='word_1_123' title='bbox 2015 621 2027 657; x_wconf 75' lang='grc' dir='ltr'>ε</span> 
     </span>
    </p>
   </div>
   <div class='ocr_carea' id='block_1_20' title="bbox 1972 773 3470 840">
    <p class='ocr_par' dir='ltr' id='par_1_20' title="bbox 1972 773 3470 840">
     <span class='ocr_line' id='line_1_20' title="bbox 1972 773 3470 840; baseline -0.005 -8"><span class='ocrx_word' id='word_1_124' title='bbox 1972 777 2136 833; x_wconf 70' lang='lat' dir='ltr'><strong>Vens.</strong></span> <span class='ocrx_word' id='word_1_125' title='bbox 2169 776 2258 831; x_wconf 73' lang='lat'><strong>62.</strong></span> <span class='ocrx_word' id='word_1_126' title='bbox 2298 775 2537 840; x_wconf 81' lang='lat' dir='ltr'><strong>Domine,</strong></span> <span class='ocrx_word' id='word_1_127' title='bbox 2597 784 2653 829; x_wconf 84' lang='lat' dir='ltr'><strong>tu</strong></span> <span class='ocrx_word' id='word_1_128' title='bbox 2710 774 2917 835; x_wconf 79' lang='lat' dir='ltr'><strong>locutus</strong></span> <span class='ocrx_word' id='word_1_129' title='bbox 2956 789 3010 827; x_wconf 89' lang='lat' dir='ltr'><strong>es</strong></span> <span class='ocrx_word' id='word_1_130' title='bbox 3070 782 3254 826; x_wconf 84' lang='lat' dir='ltr'><strong>contra</strong></span> <span class='ocrx_word' id='word_1_131' title='bbox 3302 773 3470 825; x_wconf 81' lang='lat' dir='ltr'><strong>locum</strong></span> 
     </span>
    </p>
   </div>
   <div class='ocr_carea' id='block_1_21' title="bbox 1902 864 3476 938">
    <p class='ocr_par' dir='ltr' id='par_1_21' title="bbox 1902 864 3476 938">
     <span class='ocr_line' id='line_1_21' title="bbox 1902 864 3476 938; baseline -0.006 -14"><span class='ocrx_word' id='word_1_132' title='bbox 1902 871 2082 932; x_wconf 81' lang='lat' dir='ltr'><strong>istum,</strong></span> <span class='ocrx_word' id='word_1_133' title='bbox 2108 876 2166 922; x_wconf 87' lang='lat' dir='ltr'><strong>ut</strong></span> <span class='ocrx_word' id='word_1_134' title='bbox 2190 866 2584 938; x_wconf 77' lang='lat' dir='ltr'><strong>depopulareris</strong></span> <span class='ocrx_word' id='word_1_135' title='bbox 2626 883 2764 932; x_wconf 87' lang='lat' dir='ltr'><strong>eum,</strong></span> <span class='ocrx_word' id='word_1_136' title='bbox 2786 874 2836 917; x_wconf 85' lang='lat' dir='ltr'><strong>et</strong></span> <span class='ocrx_word' id='word_1_137' title='bbox 2880 873 2937 918; x_wconf 87' lang='lat' dir='ltr'><strong>ut</strong></span> <span class='ocrx_word' id='word_1_138' title='bbox 2962 876 3074 917; x_wconf 68' lang='lat' dir='ltr'><strong>‘non</strong></span> <span class='ocrx_word' id='word_1_139' title='bbox 3107 872 3240 917; x_wconf 81' lang='lat' dir='ltr'><strong>esset</strong></span> <span class='ocrx_word' id='word_1_140' title='bbox 3267 864 3476 915; x_wconf 78' lang='lat' dir='ltr'><strong>habita-</strong></span> 
     </span>
    </p>
   </div>
   <div class='ocr_carea' id='block_1_22' title="bbox 1904 954 3473 1027">
    <p class='ocr_par' dir='ltr' id='par_1_22' title="bbox 1904 954 3473 1027">
     <span class='ocr_line' id='line_1_22' title="bbox 1904 954 3473 1027; baseline -0.005 -10"><span class='ocrx_word' id='word_1_141' title='bbox 1904 971 1986 1017; x_wconf 83' lang='lat' dir='ltr'><strong>tor</strong></span> <span class='ocrx_word' id='word_1_142' title='bbox 2017 963 2071 1015; x_wconf 84' lang='lat' dir='ltr'><strong>in</strong></span> <span class='ocrx_word' id='word_1_143' title='bbox 2108 977 2190 1025; x_wconf 84' lang='lat' dir='ltr'><strong>eo,</strong></span> <span class='ocrx_word' id='word_1_144' title='bbox 2225 960 2291 1014; x_wconf 82' lang='lat' dir='ltr'><strong>ab</strong></span> <span class='ocrx_word' id='word_1_145' title='bbox 2323 960 2529 1014; x_wconf 78' lang='lat' dir='ltr'><strong><em>homine</em></strong></span> <span class='ocrx_word' id='word_1_146' title='bbox 2572 974 2735 1027; x_wconf 85' lang='lat' dir='ltr'><strong>usque</strong></span> <span class='ocrx_word' id='word_1_147' title='bbox 2761 956 2831 1010; x_wconf 84' lang='lat' dir='ltr'><strong>ad</strong></span> <span class='ocrx_word' id='word_1_148' title='bbox 2868 972 3022 1024; x_wconf 81' lang='lat' dir='ltr'><strong>pecus</strong></span> <span class='ocrx_word' id='word_1_149' title='bbox 3043 996 3055 1018; x_wconf 89' lang='lat'><strong>,</strong></span> <span class='ocrx_word' id='word_1_150' title='bbox 3082 956 3207 1024; x_wconf 84' lang='lat' dir='ltr'><strong>quia</strong></span> <span class='ocrx_word' id='word_1_151' title='bbox 3255 954 3473 1009; x_wconf 83' lang='lat' dir='ltr'><strong>vastitas</strong></span> 
     </span>
    </p>
   </div>
   <div class='ocr_carea' id='block_1_23' title="bbox 1900 1048 3474 1123">
    <p class='ocr_par' dir='ltr' id='par_1_23' title="bbox 1900 1048 3474 1123">
     <span class='ocr_line' id='line_1_23' title="bbox 1900 1048 3474 1123; baseline -0.006 -14"><span class='ocrx_word' id='word_1_152' title='bbox 1900 1057 1953 1108; x_wconf 85' lang='lat' dir='ltr'><strong>in</strong></span> <span class='ocrx_word' id='word_1_153' title='bbox 2006 1054 2376 1123; x_wconf 83' lang='lat' dir='ltr'><strong>sempiternum</strong></span> <span class='ocrx_word' id='word_1_154' title='bbox 2434 1054 2558 1106; x_wconf 87' lang='lat' dir='ltr'><strong>erit.</strong></span> <span class='ocrx_word' id='word_1_155' title='bbox 2589 1048 2703 1122; x_wconf 77' lang='grc'><strong>[65]</strong></span> <span class='ocrx_word' id='word_1_156' title='bbox 2751 1048 2859 1103; x_wconf 86' lang='lat' dir='ltr'><strong>Ista</strong></span> <span class='ocrx_word' id='word_1_157' title='bbox 2913 1062 3065 1115; x_wconf 86' lang='lat' dir='ltr'><strong>vero,</strong></span> <span class='ocrx_word' id='word_1_158' title='bbox 3119 1048 3320 1115; x_wconf 86' lang='lat' dir='ltr'><strong>inquit,</strong></span> <span class='ocrx_word' id='word_1_159' title='bbox 3348 1054 3474 1100; x_wconf 87' lang='lat' dir='ltr'><strong>cum</strong></span> 
     </span>
    </p>
   </div>
   <div class='ocr_carea' id='block_1_24' title="bbox 1904 1139 3477 1214">
    <p class='ocr_par' dir='ltr' id='par_1_24' title="bbox 1904 1139 3477 1214">
     <span class='ocr_line' id='line_1_24' title="bbox 1904 1139 3477 1214; baseline -0.003 -15"><span class='ocrx_word' id='word_1_160' title='bbox 1904 1153 2159 1214; x_wconf 72' lang='lat' dir='ltr'><strong>precatus</strong></span> <span class='ocrx_word' id='word_1_161' title='bbox 2194 1142 2460 1208; x_wconf 81' lang='lat' dir='ltr'><strong>fueris,et</strong></span> <span class='ocrx_word' id='word_1_162' title='bbox 2491 1141 2690 1196; x_wconf 91' lang='lat' dir='ltr'><strong>librum</strong></span> <span class='ocrx_word' id='word_1_163' title='bbox 2721 1140 3036 1211; x_wconf 74' lang='lat' dir='ltr'><strong>alligaveris</strong></span> <span class='ocrx_word' id='word_1_164' title='bbox 3063 1139 3477 1211; x_wconf 88' lang='lat' dir='ltr'><strong>lapidi,projice</strong></span> 
     </span>
    </p>
   </div>
   <div class='ocr_carea' id='block_1_25' title="bbox 1903 1233 2642 1305">
    <p class='ocr_par' dir='ltr' id='par_1_25' title="bbox 1903 1233 2642 1305">
     <span class='ocr_line' id='line_1_25' title="bbox 1903 1233 2642 1305; baseline -0.005 -15"><span class='ocrx_word' id='word_1_165' title='bbox 1903 1235 1958 1290; x_wconf 88' lang='lat' dir='ltr'><strong>in</strong></span> <span class='ocrx_word' id='word_1_166' title='bbox 1988 1235 2338 1305; x_wconf 77' lang='lat' dir='ltr'><strong>Euphratem,</strong></span> <span class='ocrx_word' id='word_1_167' title='bbox 2373 1242 2426 1288; x_wconf 88' lang='lat' dir='ltr'><strong>et</strong></span> <span class='ocrx_word' id='word_1_168' title='bbox 2453 1233 2604 1288; x_wconf 89' lang='lat' dir='ltr'><strong>dices</strong></span> <span class='ocrx_word' id='word_1_169' title='bbox 2629 1251 2642 1286; x_wconf 92' lang='lat'><strong>:</strong></span> 
     </span>
    </p>
   </div>
   <div class='ocr_carea' id='block_1_26' title="bbox 1975 1409 3478 1482">
    <p class='ocr_par' dir='ltr' id='par_1_26' title="bbox 1975 1409 3478 1482">
     <span class='ocr_line' id='line_1_26' title="bbox 1975 1409 3478 1482; baseline -0.003 -15"><span class='ocrx_word' id='word_1_170' title='bbox 1975 1411 2136 1469; x_wconf 69' lang='lat' dir='ltr'><strong>Vens.</strong></span> <span class='ocrx_word' id='word_1_171' title='bbox 2191 1412 2278 1467; x_wconf 69' lang='lat'><strong>64.</strong></span> <span class='ocrx_word' id='word_1_172' title='bbox 2322 1411 2415 1467; x_wconf 88' lang='lat' dir='ltr'><strong>Sic</strong></span> <span class='ocrx_word' id='word_1_173' title='bbox 2452 1410 2814 1482; x_wconf 84' lang='lat' dir='ltr'><strong>submergetur</strong></span> <span class='ocrx_word' id='word_1_174' title='bbox 2854 1409 3120 1481; x_wconf 80' lang='lat' dir='ltr'><strong>Babylon.</strong></span> <span class='ocrx_word' id='word_1_175' title='bbox 3156 1418 3202 1463; x_wconf 82' lang='lat' dir='ltr'><strong>el</strong></span> <span class='ocrx_word' id='word_1_176' title='bbox 3248 1425 3351 1463; x_wconf 82' lang='lat' dir='ltr'><strong>non</strong></span> <span class='ocrx_word' id='word_1_177' title='bbox 3398 1424 3478 1462; x_wconf 83' lang='lat' dir='ltr'><strong>re-</strong></span> 
     </span>
    </p>
   </div>
   <div class='ocr_carea' id='block_1_27' title="bbox 1902 1499 3478 1577">
    <p class='ocr_par' dir='ltr' id='par_1_27' title="bbox 1902 1499 3478 1577">
     <span class='ocr_line' id='line_1_27' title="bbox 1902 1499 3478 1577; baseline -0.005 -16"><span class='ocrx_word' id='word_1_178' title='bbox 1902 1515 2076 1577; x_wconf 70' lang='lat' dir='ltr'><strong>surget</strong></span> <span class='ocrx_word' id='word_1_179' title='bbox 2100 1523 2132 1559; x_wconf 93' lang='lat' dir='ltr'><strong>a</strong></span> <span class='ocrx_word' id='word_1_180' title='bbox 2162 1504 2475 1576; x_wconf 71' lang='lat' dir='ltr'><strong>malis,quw</strong></span> <span class='ocrx_word' id='word_1_181' title='bbox 2498 1519 2590 1576; x_wconf 88' lang='lat' dir='ltr'><strong>ego</strong></span> <span class='ocrx_word' id='word_1_182' title='bbox 2638 1501 2843 1556; x_wconf 83' lang='lat' dir='ltr'><strong>adduco</strong></span> <span class='ocrx_word' id='word_1_183' title='bbox 2885 1518 3040 1572; x_wconf 88' lang='lat' dir='ltr'><strong>super</strong></span> <span class='ocrx_word' id='word_1_184' title='bbox 3068 1518 3201 1555; x_wconf 86' lang='lat' dir='ltr'><strong>eam.</strong></span> <span class='ocrx_word' id='word_1_185' title='bbox 3232 1499 3343 1554; x_wconf 80' lang='lat' dir='ltr'><strong>Hoc</strong></span> <span class='ocrx_word' id='word_1_186' title='bbox 3375 1516 3478 1554; x_wconf 87' lang='lat' dir='ltr'><strong>au—</strong></span> 
     </span>
    </p>
   </div>
   <div class='ocr_carea' id='block_1_28' title="bbox 1904 1595 3476 1667">
    <p class='ocr_par' dir='ltr' id='par_1_28' title="bbox 1904 1595 3476 1667">
     <span class='ocr_line' id='line_1_28' title="bbox 1904 1595 3476 1667; baseline -0.003 -15"><span class='ocrx_word' id='word_1_187' title='bbox 1904 1607 2010 1652; x_wconf 85' lang='lat' dir='ltr'><strong>tem</strong></span> <span class='ocrx_word' id='word_1_188' title='bbox 2067 1598 2332 1653; x_wconf 89' lang='lat' dir='ltr'><strong>Dominus</strong></span> <span class='ocrx_word' id='word_1_189' title='bbox 2369 1598 2486 1653; x_wconf 87' lang='lat' dir='ltr'><strong>Iieri</strong></span> <span class='ocrx_word' id='word_1_190' title='bbox 2526 1595 2786 1667; x_wconf 63' lang='lat' dir='ltr'><strong>praecepit</strong></span> <span class='ocrx_word' id='word_1_191' title='bbox 2826 1596 2879 1650; x_wconf 90' lang='lat' dir='ltr'><strong>in</strong></span> <span class='ocrx_word' id='word_1_192' title='bbox 2908 1595 3343 1652; x_wconf 78' lang='lat' dir='ltr'><strong>consolationem</strong></span> <span class='ocrx_word' id='word_1_193' title='bbox 3379 1608 3476 1648; x_wconf 82' lang='lat' dir='ltr'><strong>ca-</strong></span> 
     </span>
    </p>
   </div>
   <div class='ocr_carea' id='block_1_29' title="bbox 1904 1688 3480 1761">
    <p class='ocr_par' dir='ltr' id='par_1_29' title="bbox 1904 1688 3480 1761">
     <span class='ocr_line' id='line_1_29' title="bbox 1904 1688 3480 1761; baseline -0.003 -17"><span class='ocrx_word' id='word_1_194' title='bbox 1904 1691 2182 1761; x_wconf 84' lang='lat' dir='ltr'><strong>ptivorum</strong></span> <span class='ocrx_word' id='word_1_195' title='bbox 2219 1709 2231 1744; x_wconf 94' lang='lat'><strong>:</strong></span> <span class='ocrx_word' id='word_1_196' title='bbox 2271 1699 2350 1756; x_wconf 91' lang='lat' dir='ltr'><strong>ut,</strong></span> <span class='ocrx_word' id='word_1_197' title='bbox 2387 1705 2512 1745; x_wconf 91' lang='lat' dir='ltr'><strong>cum</strong></span> <span class='ocrx_word' id='word_1_198' title='bbox 2569 1690 2738 1760; x_wconf 86' lang='lat' dir='ltr'><strong>hujus</strong></span> <span class='ocrx_word' id='word_1_199' title='bbox 2793 1688 3165 1759; x_wconf 74' lang='lat' dir='ltr'><strong>captivitatem</strong></span> <span class='ocrx_word' id='word_1_200' title='bbox 3216 1701 3480 1757; x_wconf 76' lang='lat' dir='ltr'><strong>summque</strong></span> 
     </span>
    </p>
   </div>
   <div class='ocr_carea' id='block_1_30' title="bbox 1907 1781 3477 1854">
    <p class='ocr_par' dir='ltr' id='par_1_30' title="bbox 1907 1781 3477 1854">
     <span class='ocr_line' id='line_1_30' title="bbox 1907 1781 3477 1854; baseline -0.003 -17"><span class='ocrx_word' id='word_1_201' title='bbox 1907 1782 2283 1840; x_wconf 83' lang='lat' dir='ltr'><strong>liberationem</strong></span> <span class='ocrx_word' id='word_1_202' title='bbox 2320 1784 2720 1847; x_wconf 77' lang='lat' dir='ltr'><strong>intellexerint,</strong></span> <span class='ocrx_word' id='word_1_203' title='bbox 2767 1798 2870 1854; x_wconf 91' lang='lat' dir='ltr'><strong>pro</strong></span> <span class='ocrx_word' id='word_1_204' title='bbox 2912 1781 3294 1838; x_wconf 89' lang='lat' dir='ltr'><strong>consolatione</strong></span> <span class='ocrx_word' id='word_1_205' title='bbox 3328 1795 3477 1849; x_wconf 83' lang='lat' dir='ltr'><strong>spent</strong></span> 
     </span>
    </p>
   </div>
   <div class='ocr_carea' id='block_1_31' title="bbox 240 1853 1810 1948">
    <p class='ocr_par' dir='ltr' id='par_1_31' title="bbox 240 1853 1802 1942">
     <span class='ocr_line' id='line_1_31' title="bbox 240 1853 1802 1942; baseline 0.002 -21"><span class='ocrx_word' id='word_1_206' title='bbox 240 1870 551 1940; x_wconf 76' lang='grc' dir='ltr'>παραψυχὴν</span> <span class='ocrx_word' id='word_1_207' title='bbox 580 1870 747 1941; x_wconf 77' lang='grc' dir='ltr'>ἔχωσι</span> <span class='ocrx_word' id='word_1_208' title='bbox 777 1871 888 1925; x_wconf 88' lang='grc' dir='ltr'><strong>τῶν</strong></span> <span class='ocrx_word' id='word_1_209' title='bbox 936 1853 1159 1940; x_wconf 80' lang='grc' dir='ltr'>ἀγαθῶν</span> <span class='ocrx_word' id='word_1_210' title='bbox 1195 1870 1294 1942; x_wconf 81' lang='grc' dir='ltr'>τὴν</span> <span class='ocrx_word' id='word_1_211' title='bbox 1345 1871 1554 1925; x_wconf 89' lang='grc' dir='ltr'>ἐλπίδα.</span> <span class='ocrx_word' id='word_1_212' title='bbox 1610 1853 1671 1923; x_wconf 72' lang='grc' dir='ltr'>Ἥ</span> <span class='ocrx_word' id='word_1_213' title='bbox 1705 1872 1802 1927; x_wconf 79' lang='grc' dir='ltr'><strong>ιιέν</strong></span> 
     </span>
    </p>
   </div>
   <div class='ocr_carea' id='block_1_32' title="bbox 1920 1853 3482 1948">
    <p class='ocr_par' dir='ltr' id='par_1_32' title="bbox 1920 1874 3482 1948">
     <span class='ocr_line' id='line_1_32' title="bbox 1920 1874 3482 1948; baseline -0.001 -19"><span class='ocrx_word' id='word_1_214' title='bbox 1920 1891 2173 1931; x_wconf 65' lang='lat' dir='ltr'><strong>tonorum</strong></span> <span class='ocrx_word' id='word_1_215' title='bbox 2210 1875 2502 1931; x_wconf 86' lang='lat' dir='ltr'><strong>haberent.</strong></span> <span class='ocrx_word' id='word_1_216' title='bbox 2531 1876 2631 1931; x_wconf 83' lang='lat' dir='ltr'><strong>Hic</strong></span> <span class='ocrx_word' id='word_1_217' title='bbox 2689 1891 2823 1948; x_wconf 73' lang='lat' dir='ltr'><strong>ergo</strong></span> <span class='ocrx_word' id='word_1_218' title='bbox 2861 1876 3145 1947; x_wconf 84' lang='lat' dir='ltr'><strong>prophetia</strong></span> <span class='ocrx_word' id='word_1_219' title='bbox 3189 1874 3349 1929; x_wconf 74' lang='lat' dir='ltr'><strong>linem</strong></span> <span class='ocrx_word' id='word_1_220' title='bbox 3390 1884 3482 1927; x_wconf 82' lang='lat' dir='ltr'><strong>ae-</strong></span> 
     </span>
    </p>
   </div>
   <div class='ocr_carea' id='block_1_33' title="bbox 239 1957 1443 2032">
    <p class='ocr_par' dir='ltr' id='par_1_33' title="bbox 239 1957 1443 2032">
     <span class='ocr_line' id='line_1_33' title="bbox 239 1957 1443 2032; baseline 0.002 -19"><span class='ocrx_word' id='word_1_221' title='bbox 239 1957 319 2014; x_wconf 79' lang='grc' dir='ltr'>οὕν</span> <span class='ocrx_word' id='word_1_222' title='bbox 351 1962 659 2032; x_wconf 81' lang='grc' dir='ltr'>προφητεία</span> <span class='ocrx_word' id='word_1_223' title='bbox 694 1959 945 2014; x_wconf 82' lang='grc' dir='ltr'>ἐντεῦθεν</span> <span class='ocrx_word' id='word_1_224' title='bbox 961 1962 1007 1993; x_wconf 86' lang='grc'><strong>³⁸</strong></span> <span class='ocrx_word' id='word_1_225' title='bbox 1027 1961 1152 2031; x_wconf 79' lang='grc' dir='ltr'>ἔσχε</span> <span class='ocrx_word' id='word_1_226' title='bbox 1187 1962 1248 2015; x_wconf 75' lang='grc' dir='ltr'>τὸ</span> <span class='ocrx_word' id='word_1_227' title='bbox 1274 1962 1443 2025; x_wconf 81' lang='grc' dir='ltr'>τέλος.</span> 
     </span>
    </p>
   </div>
   <div class='ocr_carea' id='block_1_34' title="bbox 805 2098 1231 2153">
    <p class='ocr_par' dir='ltr' id='par_1_34' title="bbox 805 2098 1231 2153">
     <span class='ocr_line' id='line_1_34' title="bbox 805 2098 1231 2153; baseline -0.005 0"><span class='ocrx_word' id='word_1_228' title='bbox 805 2100 1058 2153; x_wconf 77' lang='grc' dir='ltr'>ΚΕΦΑΛ.</span> <span class='ocrx_word' id='word_1_229' title='bbox 1104 2098 1231 2152; x_wconf 89' lang='lat' dir='ltr'><strong>NB&#39;.</strong></span> 
     </span>
    </p>
   </div>
   <div class='ocr_carea' id='block_1_35' title="bbox 308 2298 1797 2373">
    <p class='ocr_par' dir='ltr' id='par_1_35' title="bbox 308 2298 1797 2373">
     <span class='ocr_line' id='line_1_35' title="bbox 308 2298 1797 2373; baseline -0.001 -19"><span class='ocrx_word' id='word_1_230' title='bbox 308 2300 739 2373; x_wconf 79' lang='grc' dir='ltr'>Ἱστορικῶτερον</span> <span class='ocrx_word' id='word_1_231' title='bbox 760 2301 814 2355; x_wconf 87' lang='grc' dir='ltr'>δὲ</span> <span class='ocrx_word' id='word_1_232' title='bbox 835 2300 1055 2368; x_wconf 80' lang='grc' dir='ltr'><strong>διέξεισι</strong></span> <span class='ocrx_word' id='word_1_233' title='bbox 1070 2299 1138 2354; x_wconf 85' lang='grc' dir='ltr'>τὰ</span> <span class='ocrx_word' id='word_1_234' title='bbox 1160 2301 1285 2372; x_wconf 81' lang='grc' dir='ltr'><strong>ἑξῆς</strong></span> <span class='ocrx_word' id='word_1_235' title='bbox 1304 2317 1316 2332; x_wconf 73' lang='grc' dir='ltr'><strong>ο</strong></span> <span class='ocrx_word' id='word_1_236' title='bbox 1334 2300 1427 2354; x_wconf 82' lang='grc' dir='ltr'>καὶ</span> <span class='ocrx_word' id='word_1_237' title='bbox 1455 2299 1719 2353; x_wconf 84' lang='grc' dir='ltr'><strong>διδάσκων</strong></span> <span class='ocrx_word' id='word_1_238' title='bbox 1734 2298 1797 2362; x_wconf 78' lang='grc'><strong>³³,</strong></span> 
     </span>
    </p>
   </div>
   <div class='ocr_carea' id='block_1_36' title="bbox 237 2392 1802 2463">
    <p class='ocr_par' dir='ltr' id='par_1_36' title="bbox 237 2392 1802 2463">
     <span class='ocr_line' id='line_1_36' title="bbox 237 2392 1802 2463; baseline -0.002 -16"><span class='ocrx_word' id='word_1_239' title='bbox 237 2393 364 2457; x_wconf 82' lang='grc' dir='ltr'>ὅπως</span> <span class='ocrx_word' id='word_1_240' title='bbox 390 2411 457 2447; x_wconf 85' lang='grc' dir='ltr'><strong>τε</strong></span> <span class='ocrx_word' id='word_1_241' title='bbox 503 2394 852 2447; x_wconf 88' lang='grc' dir='ltr'>ἐϐασίλευσεν</span> <span class='ocrx_word' id='word_1_242' title='bbox 884 2396 912 2447; x_wconf 97' lang='lat'><strong>6</strong></span> <span class='ocrx_word' id='word_1_243' title='bbox 958 2393 1232 2457; x_wconf 77' lang='grc' dir='ltr'>Σεδεκίας,</span> <span class='ocrx_word' id='word_1_244' title='bbox 1265 2392 1359 2447; x_wconf 74' lang='grc' dir='ltr'>καὶ</span> <span class='ocrx_word' id='word_1_245' title='bbox 1383 2392 1429 2424; x_wconf 71' lang='grc'>⁸⁸</span> <span class='ocrx_word' id='word_1_246' title='bbox 1452 2392 1534 2445; x_wconf 85' lang='grc' dir='ltr'>ὅτι</span> <span class='ocrx_word' id='word_1_247' title='bbox 1564 2408 1802 2463; x_wconf 76' lang='grc' dir='ltr'>παρανοο</span> 
     </span>
    </p>
   </div>
   <div class='ocr_carea' id='block_1_37' title="bbox 243 2483 1806 2555">
    <p class='ocr_par' dir='ltr' id='par_1_37' title="bbox 243 2483 1806 2555">
     <span class='ocr_line' id='line_1_37' title="bbox 243 2483 1806 2555; baseline 0 -19"><span class='ocrx_word' id='word_1_248' title='bbox 243 2486 343 2552; x_wconf 86' lang='grc' dir='ltr'><strong>μῶν</strong></span> <span class='ocrx_word' id='word_1_249' title='bbox 369 2485 644 2539; x_wconf 83' lang='grc' dir='ltr'>διετέλεσε</span> <span class='ocrx_word' id='word_1_250' title='bbox 663 2502 679 2516; x_wconf 91' lang='grc'><strong>·</strong></span> <span class='ocrx_word' id='word_1_251' title='bbox 709 2485 805 2538; x_wconf 74' lang='grc' dir='ltr'>καὶ</span> <span class='ocrx_word' id='word_1_252' title='bbox 826 2485 868 2517; x_wconf 71' lang='grc'><strong>⁸³</strong></span> <span class='ocrx_word' id='word_1_253' title='bbox 899 2484 974 2548; x_wconf 81' lang='grc' dir='ltr'>ὡς</span> <span class='ocrx_word' id='word_1_254' title='bbox 1010 2486 1068 2538; x_wconf 84' lang='grc' dir='ltr'><strong>ἐν</strong></span> <span class='ocrx_word' id='word_1_255' title='bbox 1106 2485 1186 2553; x_wconf 85' lang='grc' dir='ltr'>τῷ</span> <span class='ocrx_word' id='word_1_256' title='bbox 1209 2485 1413 2555; x_wconf 86' lang='grc' dir='ltr'>ἐννάτῳ</span> <span class='ocrx_word' id='word_1_257' title='bbox 1438 2484 1548 2537; x_wconf 83' lang='grc' dir='ltr'>ἐτει</span> <span class='ocrx_word' id='word_1_258' title='bbox 1580 2483 1681 2553; x_wconf 81' lang='grc' dir='ltr'>τῆς</span> <span class='ocrx_word' id='word_1_259' title='bbox 1713 2483 1806 2553; x_wconf 82' lang='grc' dir='ltr'><strong>βα-</strong></span> 
     </span>
    </p>
   </div>
   <div class='ocr_carea' id='block_1_38' title="bbox 240 2574 1808 2649">
    <p class='ocr_par' dir='ltr' id='par_1_38' title="bbox 240 2574 1808 2649">
     <span class='ocr_line' id='line_1_38' title="bbox 240 2574 1808 2649; baseline -0.003 -19"><span class='ocrx_word' id='word_1_260' title='bbox 240 2576 424 2639; x_wconf 86' lang='grc' dir='ltr'>σιλείας</span> <span class='ocrx_word' id='word_1_261' title='bbox 485 2577 650 2630; x_wconf 79' lang='grc' dir='ltr'>αὐτοῦ</span> <span class='ocrx_word' id='word_1_262' title='bbox 684 2576 1089 2649; x_wconf 75' lang='grc' dir='ltr'>ἐπεστράτευσε</span> <span class='ocrx_word' id='word_1_263' title='bbox 1119 2576 1164 2608; x_wconf 73' lang='grc' dir='ltr'>δ’</span> <span class='ocrx_word' id='word_1_264' title='bbox 1191 2576 1683 2646; x_wconf 85' lang='grc' dir='ltr'>Ναϐουχοδονόσορ,</span> <span class='ocrx_word' id='word_1_265' title='bbox 1712 2574 1808 2627; x_wconf 77' lang='grc' dir='ltr'>καὶ</span> 
     </span>
    </p>
   </div>
   <div class='ocr_carea' id='block_1_39' title="bbox 238 2668 1810 2741">
    <p class='ocr_par' dir='ltr' id='par_1_39' title="bbox 238 2668 1810 2741">
     <span class='ocr_line' id='line_1_39' title="bbox 238 2668 1810 2741; baseline -0.002 -19"><span class='ocrx_word' id='word_1_266' title='bbox 238 2669 323 2740; x_wconf 79' lang='grc' dir='ltr'><strong>τήν</strong></span> <span class='ocrx_word' id='word_1_267' title='bbox 370 2670 735 2741; x_wconf 79' lang='grc' dir='ltr'>Ἰερουσαλὴμ</span> <span class='ocrx_word' id='word_1_268' title='bbox 797 2668 1101 2741; x_wconf 84' lang='grc' dir='ltr'>πολιορκῶν</span> <span class='ocrx_word' id='word_1_269' title='bbox 1149 2669 1415 2722; x_wconf 86' lang='grc' dir='ltr'>διετέλεσε</span> <span class='ocrx_word' id='word_1_270' title='bbox 1477 2669 1671 2740; x_wconf 82' lang='grc' dir='ltr'>μέχρις</span> <span class='ocrx_word' id='word_1_271' title='bbox 1725 2668 1810 2720; x_wconf 86' lang='grc' dir='ltr'>ἐν-</span> 
     </span>
    </p>
   </div>
   <div class='ocr_carea' id='block_1_40' title="bbox 239 2759 1811 2834">
    <p class='ocr_par' dir='ltr' id='par_1_40' title="bbox 239 2759 1811 2834">
     <span class='ocr_line' id='line_1_40' title="bbox 239 2759 1811 2834; baseline 0 -21"><span class='ocrx_word' id='word_1_272' title='bbox 239 2759 450 2814; x_wconf 81' lang='grc' dir='ltr'>δεκάτου</span> <span class='ocrx_word' id='word_1_273' title='bbox 480 2760 656 2826; x_wconf 73' lang='grc' dir='ltr'>ετους,</span> <span class='ocrx_word' id='word_1_274' title='bbox 682 2761 867 2834; x_wconf 68' lang='grc' dir='ltr'>ἕτερον</span> <span class='ocrx_word' id='word_1_275' title='bbox 904 2761 1104 2828; x_wconf 73' lang='grc' dir='ltr'>ἔξωθεν</span> <span class='ocrx_word' id='word_1_276' title='bbox 1132 2762 1356 2833; x_wconf 77' lang='grc' dir='ltr'>ἐγείρας</span> <span class='ocrx_word' id='word_1_277' title='bbox 1382 2760 1665 2832; x_wconf 89' lang='grc' dir='ltr'>περίϐολον</span> <span class='ocrx_word' id='word_1_278' title='bbox 1704 2759 1811 2814; x_wconf 82' lang='grc' dir='ltr'><strong>ἀπὸ</strong></span> 
     </span>
    </p>
   </div>
   <div class='ocr_carea' id='block_1_41' title="bbox 239 2850 1812 2922">
    <p class='ocr_par' dir='ltr' id='par_1_41' title="bbox 239 2850 1812 2922">
     <span class='ocr_line' id='line_1_41' title="bbox 239 2850 1812 2922; baseline 0.001 -19"><span class='ocrx_word' id='word_1_279' title='bbox 239 2850 382 2906; x_wconf 89' lang='grc' dir='ltr'>λίθων</span> <span class='ocrx_word' id='word_1_280' title='bbox 419 2852 699 2922; x_wconf 83' lang='grc' dir='ltr'>μεγίστων</span> <span class='ocrx_word' id='word_1_281' title='bbox 720 2869 733 2882; x_wconf 87' lang='grc'><strong>·</strong></span> <span class='ocrx_word' id='word_1_282' title='bbox 784 2856 880 2906; x_wconf 74' lang='grc' dir='ltr'>καὶ</span> <span class='ocrx_word' id='word_1_283' title='bbox 926 2853 1074 2917; x_wconf 83' lang='grc' dir='ltr'>ὅπως</span> <span class='ocrx_word' id='word_1_284' title='bbox 1111 2854 1140 2906; x_wconf 93' lang='lat'><strong>6</strong></span> <span class='ocrx_word' id='word_1_285' title='bbox 1189 2852 1347 2922; x_wconf 82' lang='grc' dir='ltr'>λιμὸς</span> <span class='ocrx_word' id='word_1_286' title='bbox 1379 2851 1507 2914; x_wconf 77' lang='grc' dir='ltr'>τοὺς</span> <span class='ocrx_word' id='word_1_287' title='bbox 1532 2850 1680 2904; x_wconf 79' lang='grc' dir='ltr'>ἔνδον</span> <span class='ocrx_word' id='word_1_288' title='bbox 1701 2850 1812 2904; x_wconf 85' lang='grc' dir='ltr'><strong>τῶν</strong></span> 
     </span>
    </p>
   </div>
   <div class='ocr_carea' id='block_1_42' title="bbox 240 2943 1809 3017">
    <p class='ocr_par' dir='ltr' id='par_1_42' title="bbox 240 2943 1809 3017">
     <span class='ocr_line' id='line_1_42' title="bbox 240 2943 1809 3017; baseline -0.001 -19"><span class='ocrx_word' id='word_1_289' title='bbox 240 2945 500 3015; x_wconf 82' lang='grc' dir='ltr'>πολεμίων</span> <span class='ocrx_word' id='word_1_290' title='bbox 538 2944 917 3017; x_wconf 83' lang='grc' dir='ltr'>χαλεπώτερον</span> <span class='ocrx_word' id='word_1_291' title='bbox 958 2943 1372 3016; x_wconf 80' lang='grc' dir='ltr'>κατειργάζετο.</span> <span class='ocrx_word' id='word_1_292' title='bbox 1406 2945 1683 3015; x_wconf 87' lang='grc' dir='ltr'>Διηγείται</span> <span class='ocrx_word' id='word_1_293' title='bbox 1733 2943 1809 3009; x_wconf 85' lang='grc' dir='ltr'>δὲ,</span> 
     </span>
    </p>
   </div>
   <div class='ocr_carea' id='block_1_43' title="bbox 238 3033 1812 3108">
    <p class='ocr_par' dir='ltr' id='par_1_43' title="bbox 238 3033 1812 3108">
     <span class='ocr_line' id='line_1_43' title="bbox 238 3033 1812 3108; baseline 0.002 -22"><span class='ocrx_word' id='word_1_294' title='bbox 238 3034 302 3097; x_wconf 86' lang='grc' dir='ltr'><strong>ὡς</strong></span> <span class='ocrx_word' id='word_1_295' title='bbox 325 3033 420 3087; x_wconf 83' lang='grc' dir='ltr'>τοῦ</span> <span class='ocrx_word' id='word_1_296' title='bbox 456 3034 672 3106; x_wconf 83' lang='grc' dir='ltr'>τείχους</span> <span class='ocrx_word' id='word_1_297' title='bbox 708 3038 968 3102; x_wconf 83' lang='grc' dir='ltr'>πεσόντος</span> <span class='ocrx_word' id='word_1_298' title='bbox 1033 3036 1249 3108; x_wconf 85' lang='grc' dir='ltr'>νύκτωρ</span> <span class='ocrx_word' id='word_1_299' title='bbox 1293 3036 1609 3107; x_wconf 79' lang='grc' dir='ltr'>ἀπέδρασαν</span> <span class='ocrx_word' id='word_1_300' title='bbox 1637 3037 1685 3089; x_wconf 88' lang='grc' dir='ltr'><strong>οί</strong></span> <span class='ocrx_word' id='word_1_301' title='bbox 1722 3036 1812 3090; x_wconf 88' lang='grc' dir='ltr'>δυ-</span> 
     </span>
    </p>
   </div>
   <div class='ocr_carea' id='block_1_44' title="bbox 238 3125 1814 3199">
    <p class='ocr_par' dir='ltr' id='par_1_44' title="bbox 238 3125 1814 3199">
     <span class='ocr_line' id='line_1_44' title="bbox 238 3125 1814 3199; baseline -0.001 -18"><span class='ocrx_word' id='word_1_302' title='bbox 238 3126 376 3181; x_wconf 74' lang='grc' dir='ltr'>νατοὶ</span> <span class='ocrx_word' id='word_1_303' title='bbox 412 3127 514 3179; x_wconf 80' lang='grc' dir='ltr'><strong>σὺν</strong></span> <span class='ocrx_word' id='word_1_304' title='bbox 535 3127 615 3198; x_wconf 83' lang='grc' dir='ltr'>τῷ</span> <span class='ocrx_word' id='word_1_305' title='bbox 645 3128 875 3199; x_wconf 86' lang='grc' dir='ltr'>βασιλεῖ,</span> <span class='ocrx_word' id='word_1_306' title='bbox 909 3129 1003 3183; x_wconf 57' lang='grc' dir='ltr'><strong>καὶ⁵</strong></span> <span class='ocrx_word' id='word_1_307' title='bbox 1034 3130 1111 3193; x_wconf 84' lang='grc' dir='ltr'>ὼς</span> <span class='ocrx_word' id='word_1_308' title='bbox 1138 3130 1188 3181; x_wconf 88' lang='grc' dir='ltr'>οἱ</span> <span class='ocrx_word' id='word_1_309' title='bbox 1228 3128 1480 3182; x_wconf 79' lang='grc' dir='ltr'>Χαλδαῖοι</span> <span class='ocrx_word' id='word_1_310' title='bbox 1525 3125 1814 3192; x_wconf 81' lang='grc' dir='ltr'>διώξαντες</span> 
     </span>
    </p>
   </div>
   <div class='ocr_carea' id='block_1_45' title="bbox 240 3184 1883 3292">
    <p class='ocr_par' dir='ltr' id='par_1_45' title="bbox 240 3184 1883 3292">
     <span class='ocr_line' id='line_1_45' title="bbox 240 3184 1883 3292; baseline 0.002 -21"><span class='ocrx_word' id='word_1_311' title='bbox 240 3219 517 3283; x_wconf 77' lang='grc' dir='ltr'>σννέλαϐόν</span> <span class='ocrx_word' id='word_1_312' title='bbox 539 3184 659 3274; x_wconf 71' lang='grc' dir='ltr'>ιε’τὲ</span> <span class='ocrx_word' id='word_1_313' title='bbox 684 3184 902 3285; x_wconf 70' lang='grc' dir='ltr'>αὐτοὺς,</span> <span class='ocrx_word' id='word_1_314' title='bbox 929 3222 1025 3276; x_wconf 73' lang='grc' dir='ltr'>καὶ</span> <span class='ocrx_word' id='word_1_315' title='bbox 1048 3184 1338 3292; x_wconf 76' lang='grc' dir='ltr'>ἀπήγαγον</span> <span class='ocrx_word' id='word_1_316' title='bbox 1362 3221 1408 3253; x_wconf 66' lang='grc'><strong>⁸⁵</strong></span> <span class='ocrx_word' id='word_1_317' title='bbox 1432 3222 1512 3284; x_wconf 88' lang='grc' dir='ltr'><strong>είς</strong></span> <span class='ocrx_word' id='word_1_318' title='bbox 1540 3184 1810 3286; x_wconf 39' lang='grc' dir='ltr'>Δεϐνλαθὰ,</span> <span class='ocrx_word' id='word_1_319' title='bbox 1839 3184 1883 3242; x_wconf 75' lang='lat' dir='ltr'><strong>C</strong></span> 
     </span>
    </p>
   </div>
   <div class='ocr_carea' id='block_1_46' title="bbox 241 3312 1811 3385">
    <p class='ocr_par' dir='ltr' id='par_1_46' title="bbox 241 3312 1811 3385">
     <span class='ocr_line' id='line_1_46' title="bbox 241 3312 1811 3385; baseline 0.002 -22"><span class='ocrx_word' id='word_1_320' title='bbox 241 3316 325 3365; x_wconf 81' lang='grc' dir='ltr'>καὶ</span> <span class='ocrx_word' id='word_1_321' title='bbox 366 3312 725 3385; x_wconf 71' lang='grc' dir='ltr'>παρέστησαν</span> <span class='ocrx_word' id='word_1_322' title='bbox 751 3312 830 3384; x_wconf 85' lang='grc' dir='ltr'>τῷ</span> <span class='ocrx_word' id='word_1_323' title='bbox 863 3314 1367 3385; x_wconf 85' lang='grc' dir='ltr'>Ναϐουχοδονόσορ·</span> <span class='ocrx_word' id='word_1_324' title='bbox 1390 3316 1418 3367; x_wconf 90' lang='lat'><strong>6</strong></span> <span class='ocrx_word' id='word_1_325' title='bbox 1449 3313 1506 3365; x_wconf 84' lang='grc' dir='ltr'>δὲ</span> <span class='ocrx_word' id='word_1_326' title='bbox 1532 3312 1811 3380; x_wconf 84' lang='grc' dir='ltr'>διελέγξας</span> 
     </span>
    </p>
   </div>
   <div class='ocr_carea' id='block_1_47' title="bbox 240 3401 1810 3476">
    <p class='ocr_par' dir='ltr' id='par_1_47' title="bbox 240 3401 1810 3476">
     <span class='ocr_line' id='line_1_47' title="bbox 240 3401 1810 3476; baseline 0.001 -21"><span class='ocrx_word' id='word_1_327' title='bbox 240 3401 324 3456; x_wconf 79' lang='grc' dir='ltr'>ἐπὶ</span> <span class='ocrx_word' id='word_1_328' title='bbox 344 3406 413 3475; x_wconf 79' lang='grc' dir='ltr'><strong>τῇ</strong></span> <span class='ocrx_word' id='word_1_329' title='bbox 436 3403 547 3457; x_wconf 84' lang='grc' dir='ltr'><strong>τῶν</strong></span> <span class='ocrx_word' id='word_1_330' title='bbox 578 3405 757 3476; x_wconf 84' lang='grc' dir='ltr'>ὅρκων</span> <span class='ocrx_word' id='word_1_331' title='bbox 781 3405 1089 3475; x_wconf 89' lang='grc' dir='ltr'>παραϐάσει</span> <span class='ocrx_word' id='word_1_332' title='bbox 1117 3406 1207 3458; x_wconf 87' lang='grc' dir='ltr'>τὸν</span> <span class='ocrx_word' id='word_1_333' title='bbox 1238 3405 1515 3470; x_wconf 87' lang='grc' dir='ltr'>Σεδεκίαν,</span> <span class='ocrx_word' id='word_1_334' title='bbox 1534 3404 1748 3474; x_wconf 89' lang='grc' dir='ltr'>πρῶτον</span> <span class='ocrx_word' id='word_1_335' title='bbox 1767 3404 1810 3436; x_wconf 66' lang='grc'><strong>⁵⁵</strong></span> 
     </span>
    </p>
   </div>
   <div class='ocr_carea' id='block_1_48' title="bbox 244 3494 1807 3568">
    <p class='ocr_par' dir='ltr' id='par_1_48' title="bbox 244 3494 1807 3568">
     <span class='ocr_line' id='line_1_48' title="bbox 244 3494 1807 3568; baseline 0 -18"><span class='ocrx_word' id='word_1_336' title='bbox 244 3495 332 3565; x_wconf 72' lang='grc' dir='ltr'><strong>μὲν</strong></span> <span class='ocrx_word' id='word_1_337' title='bbox 361 3498 544 3551; x_wconf 80' lang='grc' dir='ltr'>ἀνεῖλε</span> <span class='ocrx_word' id='word_1_338' title='bbox 584 3501 713 3561; x_wconf 80' lang='grc' dir='ltr'>τοὺς</span> <span class='ocrx_word' id='word_1_339' title='bbox 762 3498 914 3562; x_wconf 83' lang='grc' dir='ltr'>υίοὺς</span> <span class='ocrx_word' id='word_1_340' title='bbox 962 3497 1127 3552; x_wconf 82' lang='grc' dir='ltr'>αὐτοῦ</span> <span class='ocrx_word' id='word_1_341' title='bbox 1157 3538 1171 3561; x_wconf 95' lang='grc'><strong>,</strong></span> <span class='ocrx_word' id='word_1_342' title='bbox 1202 3494 1321 3551; x_wconf 76' lang='grc' dir='ltr'>εἶτα</span> <span class='ocrx_word' id='word_1_343' title='bbox 1349 3500 1474 3559; x_wconf 79' lang='grc' dir='ltr'>τοὺς</span> <span class='ocrx_word' id='word_1_344' title='bbox 1505 3497 1772 3568; x_wconf 86' lang='grc' dir='ltr'>ἄρχοντας</span> <span class='ocrx_word' id='word_1_345' title='bbox 1794 3516 1807 3528; x_wconf 87' lang='grc'>·</span> 
     </span>
    </p>
   </div>
   <div class='ocr_carea' id='block_1_49' title="bbox 241 3587 1813 3663">
    <p class='ocr_par' dir='ltr' id='par_1_49' title="bbox 241 3587 1813 3663">
     <span class='ocr_line' id='line_1_49' title="bbox 241 3587 1813 3663; baseline 0 -21"><span class='ocrx_word' id='word_1_346' title='bbox 241 3587 327 3642; x_wconf 82' lang='grc' dir='ltr'>καὶ</span> <span class='ocrx_word' id='word_1_347' title='bbox 360 3589 444 3642; x_wconf 79' lang='grc' dir='ltr'>ὅτι</span> <span class='ocrx_word' id='word_1_348' title='bbox 476 3589 618 3660; x_wconf 76' lang='grc' dir='ltr'>μετὰ</span> <span class='ocrx_word' id='word_1_349' title='bbox 648 3589 747 3661; x_wconf 82' lang='grc' dir='ltr'>τὴν</span> <span class='ocrx_word' id='word_1_350' title='bbox 786 3590 989 3663; x_wconf 80' lang='grc' dir='ltr'>πικρὰν</span> <span class='ocrx_word' id='word_1_351' title='bbox 1016 3590 1230 3662; x_wconf 87' lang='grc' dir='ltr'>ἐκείνην</span> <span class='ocrx_word' id='word_1_352' title='bbox 1259 3590 1511 3661; x_wconf 87' lang='grc' dir='ltr'>θεωρίαν,</span> <span class='ocrx_word' id='word_1_353' title='bbox 1539 3589 1632 3642; x_wconf 81' lang='grc' dir='ltr'>τοῦ</span> <span class='ocrx_word' id='word_1_354' title='bbox 1662 3589 1813 3659; x_wconf 86' lang='grc' dir='ltr'>βασι-</span> 
     </span>
    </p>
   </div>
   <div class='ocr_carea' id='block_1_50' title="bbox 241 3676 1813 3753">
    <p class='ocr_par' dir='ltr' id='par_1_50' title="bbox 241 3676 1813 3753">
     <span class='ocr_line' id='line_1_50' title="bbox 241 3676 1813 3753; baseline 0.001 -24"><span class='ocrx_word' id='word_1_355' title='bbox 241 3676 366 3743; x_wconf 78' lang='grc' dir='ltr'>λέως</span> <span class='ocrx_word' id='word_1_356' title='bbox 392 3681 520 3744; x_wconf 82' lang='grc' dir='ltr'>τοὺς</span> <span class='ocrx_word' id='word_1_357' title='bbox 566 3680 880 3751; x_wconf 74' lang='grc' dir='ltr'>ὀφθαλμοὺς</span> <span class='ocrx_word' id='word_1_358' title='bbox 930 3681 1191 3753; x_wconf 79' lang='grc' dir='ltr'>ἐξορύξας</span> <span class='ocrx_word' id='word_1_359' title='bbox 1209 3681 1275 3745; x_wconf 71' lang='grc'><strong>⁸⁸,</strong></span> <span class='ocrx_word' id='word_1_360' title='bbox 1313 3681 1406 3734; x_wconf 70' lang='grc' dir='ltr'>καὶ</span> <span class='ocrx_word' id='word_1_361' title='bbox 1462 3680 1629 3743; x_wconf 86' lang='grc' dir='ltr'>πέδας</span> <span class='ocrx_word' id='word_1_362' title='bbox 1665 3678 1813 3750; x_wconf 81' lang='grc' dir='ltr'>αὑτῷ</span> 
     </span>
    </p>
   </div>
   <div class='ocr_carea' id='block_1_51' title="bbox 243 3771 1812 3844">
    <p class='ocr_par' dir='ltr' id='par_1_51' title="bbox 243 3771 1812 3844">
     <span class='ocr_line' id='line_1_51' title="bbox 243 3771 1812 3844; baseline 0.002 -21"><span class='ocrx_word' id='word_1_363' title='bbox 243 3772 500 3842; x_wconf 72' lang='grc' dir='ltr'>παραθεὶς</span> <span class='ocrx_word' id='word_1_364' title='bbox 517 3771 588 3837; x_wconf 69' lang='grc'><strong>⁸⁷,</strong></span> <span class='ocrx_word' id='word_1_365' title='bbox 623 3772 881 3844; x_wconf 81' lang='grc' dir='ltr'>ἀπήγαγέ</span> <span class='ocrx_word' id='word_1_366' title='bbox 911 3790 970 3827; x_wconf 86' lang='grc' dir='ltr'>τε</span> <span class='ocrx_word' id='word_1_367' title='bbox 1015 3776 1096 3835; x_wconf 89' lang='grc' dir='ltr'><strong>είς</strong></span> <span class='ocrx_word' id='word_1_368' title='bbox 1130 3772 1445 3837; x_wconf 84' lang='grc' dir='ltr'>Βαϐυλῶνα,</span> <span class='ocrx_word' id='word_1_369' title='bbox 1478 3772 1574 3826; x_wconf 74' lang='grc' dir='ltr'>καὶ</span> <span class='ocrx_word' id='word_1_370' title='bbox 1607 3772 1812 3842; x_wconf 85' lang='grc' dir='ltr'>μύλωνι</span> 
     </span>
    </p>
   </div>
   <div class='ocr_carea' id='block_1_52' title="bbox 244 3863 1814 3936">
    <p class='ocr_par' dir='ltr' id='par_1_52' title="bbox 244 3863 1814 3936">
     <span class='ocr_line' id='line_1_52' title="bbox 244 3863 1814 3936; baseline 0.001 -21"><span class='ocrx_word' id='word_1_371' title='bbox 244 3863 539 3934; x_wconf 84' lang='grc' dir='ltr'>παρέδωκε.</span> <span class='ocrx_word' id='word_1_372' title='bbox 570 3864 821 3918; x_wconf 86' lang='grc' dir='ltr'>Διδάσκει</span> <span class='ocrx_word' id='word_1_373' title='bbox 859 3883 917 3918; x_wconf 93' lang='grc' dir='ltr'>τε</span> <span class='ocrx_word' id='word_1_374' title='bbox 959 3866 1053 3918; x_wconf 75' lang='grc' dir='ltr'>καὶ</span> <span class='ocrx_word' id='word_1_375' title='bbox 1100 3865 1247 3928; x_wconf 80' lang='grc' dir='ltr'>ὅπως</span> <span class='ocrx_word' id='word_1_376' title='bbox 1281 3864 1668 3936; x_wconf 74' lang='grc' dir='ltr'>Ναϐουζαρδὰν</span> <span class='ocrx_word' id='word_1_377' title='bbox 1708 3864 1814 3917; x_wconf 79' lang='grc' dir='ltr'><strong>ὑπὸ</strong></span> 
     </span>
    </p>
   </div>
   <div class='ocr_carea' id='block_1_53' title="bbox 241 3954 1813 4028">
    <p class='ocr_par' dir='ltr' id='par_1_53' title="bbox 241 3954 1813 4028">
     <span class='ocr_line' id='line_1_53' title="bbox 241 3954 1813 4028; baseline 0.003 -22"><span class='ocrx_word' id='word_1_378' title='bbox 241 3954 329 4007; x_wconf 80' lang='grc' dir='ltr'>τοῦ</span> <span class='ocrx_word' id='word_1_379' title='bbox 360 3955 831 4028; x_wconf 82' lang='grc' dir='ltr'>Ναϐουχοδονόσορ</span> <span class='ocrx_word' id='word_1_380' title='bbox 877 3956 1227 4022; x_wconf 78' lang='grc' dir='ltr'>ἀποσταλεὶς,</span> <span class='ocrx_word' id='word_1_381' title='bbox 1267 3955 1473 4009; x_wconf 76' lang='grc' dir='ltr'>καὶτὸν</span> <span class='ocrx_word' id='word_1_382' title='bbox 1497 3955 1640 4009; x_wconf 86' lang='grc' dir='ltr'>θεῖον</span> <span class='ocrx_word' id='word_1_383' title='bbox 1679 3955 1813 4010; x_wconf 84' lang='grc' dir='ltr'>νεὼν</span> 
     </span>
    </p>
   </div>
   <div class='ocr_carea' id='block_1_54' title="bbox 244 4048 1816 4120">
    <p class='ocr_par' dir='ltr' id='par_1_54' title="bbox 244 4048 1816 4120">
     <span class='ocr_line' id='line_1_54' title="bbox 244 4048 1816 4120; baseline 0.002 -21"><span class='ocrx_word' id='word_1_384' title='bbox 244 4048 525 4119; x_wconf 80' lang='grc' dir='ltr'>ἐνέπρησε,</span> <span class='ocrx_word' id='word_1_385' title='bbox 558 4049 652 4102; x_wconf 72' lang='grc' dir='ltr'><strong>καὶ</strong></span> <span class='ocrx_word' id='word_1_386' title='bbox 682 4050 821 4118; x_wconf 83' lang='grc' dir='ltr'>πρὸς</span> <span class='ocrx_word' id='word_1_387' title='bbox 850 4048 1026 4119; x_wconf 84' lang='grc' dir='ltr'>τούτῳ</span> <span class='ocrx_word' id='word_1_388' title='bbox 1054 4049 1122 4102; x_wconf 74' lang='grc' dir='ltr'><strong>τὰ</strong></span> <span class='ocrx_word' id='word_1_389' title='bbox 1147 4048 1410 4119; x_wconf 83' lang='grc' dir='ltr'>βασίλεια,</span> <span class='ocrx_word' id='word_1_390' title='bbox 1440 4051 1534 4102; x_wconf 68' lang='grc' dir='ltr'>καὶ</span> <span class='ocrx_word' id='word_1_391' title='bbox 1560 4050 1657 4113; x_wconf 75' lang='grc' dir='ltr'><strong>τὰς</strong></span> <span class='ocrx_word' id='word_1_392' title='bbox 1678 4050 1816 4120; x_wconf 85' lang='grc' dir='ltr'>λαμ-</span> 
     </span>
    </p>
   </div>
   <div class='ocr_carea' id='block_1_55' title="bbox 245 4137 1814 4209">
    <p class='ocr_par' dir='ltr' id='par_1_55' title="bbox 245 4137 1814 4209">
     <span class='ocr_line' id='line_1_55' title="bbox 245 4137 1814 4209; baseline 0.004 -22"><span class='ocrx_word' id='word_1_393' title='bbox 245 4137 383 4208; x_wconf 83' lang='grc' dir='ltr'>πρὰς</span> <span class='ocrx_word' id='word_1_394' title='bbox 408 4138 502 4204; x_wconf 80' lang='grc' dir='ltr'>τῆς</span> <span class='ocrx_word' id='word_1_395' title='bbox 551 4137 757 4201; x_wconf 83' lang='grc' dir='ltr'>πόλεως</span> <span class='ocrx_word' id='word_1_396' title='bbox 803 4139 1001 4202; x_wconf 80' lang='grc' dir='ltr'>οἰκίας,</span> <span class='ocrx_word' id='word_1_397' title='bbox 1034 4138 1129 4192; x_wconf 82' lang='grc' dir='ltr'>καὶ</span> <span class='ocrx_word' id='word_1_398' title='bbox 1178 4140 1302 4201; x_wconf 81' lang='grc' dir='ltr'>τοὺς</span> <span class='ocrx_word' id='word_1_399' title='bbox 1360 4138 1679 4209; x_wconf 77' lang='grc' dir='ltr'>περιϐόλους</span> <span class='ocrx_word' id='word_1_400' title='bbox 1719 4140 1814 4193; x_wconf 77' lang='grc' dir='ltr'><strong>τοῦ</strong></span> 
     </span>
    </p>
   </div>
   <div class='ocr_carea' id='block_1_56' title="bbox 247 4227 1816 4300">
    <p class='ocr_par' dir='ltr' id='par_1_56' title="bbox 247 4227 1816 4300">
     <span class='ocr_line' id='line_1_56' title="bbox 247 4227 1816 4300; baseline 0.003 -20"><span class='ocrx_word' id='word_1_401' title='bbox 247 4227 445 4292; x_wconf 72' lang='grc' dir='ltr'>άστεως</span> <span class='ocrx_word' id='word_1_402' title='bbox 466 4228 511 4261; x_wconf 71' lang='grc'><strong>⁸⁸</strong></span> <span class='ocrx_word' id='word_1_403' title='bbox 537 4231 603 4282; x_wconf 85' lang='grc' dir='ltr'>ὲκ</span> <span class='ocrx_word' id='word_1_404' title='bbox 638 4228 854 4300; x_wconf 85' lang='grc' dir='ltr'>βάθρων</span> <span class='ocrx_word' id='word_1_405' title='bbox 908 4230 1222 4284; x_wconf 79' lang='grc' dir='ltr'>ἀνέσπασεν</span> <span class='ocrx_word' id='word_1_406' title='bbox 1254 4246 1267 4260; x_wconf 87' lang='grc'>·</span> <span class='ocrx_word' id='word_1_407' title='bbox 1304 4230 1562 4300; x_wconf 84' lang='grc' dir='ltr'>ἀπήγαγε</span> <span class='ocrx_word' id='word_1_408' title='bbox 1621 4231 1676 4284; x_wconf 79' lang='grc' dir='ltr'>δὲ</span> <span class='ocrx_word' id='word_1_409' title='bbox 1722 4234 1816 4285; x_wconf 76' lang='grc' dir='ltr'>καὶ</span> 
     </span>
    </p>
   </div>
   <div class='ocr_carea' id='block_1_57' title="bbox 247 4320 1817 4391">
    <p class='ocr_par' dir='ltr' id='par_1_57' title="bbox 247 4320 1817 4391">
     <span class='ocr_line' id='line_1_57' title="bbox 247 4320 1817 4391; baseline 0.003 -19"><span class='ocrx_word' id='word_1_410' title='bbox 247 4320 482 4385; x_wconf 76' lang='grc' dir='ltr'>ἅπαντας</span> <span class='ocrx_word' id='word_1_411' title='bbox 503 4323 633 4385; x_wconf 77' lang='grc' dir='ltr'>τοὺς</span> <span class='ocrx_word' id='word_1_412' title='bbox 659 4323 974 4386; x_wconf 78' lang='grc' dir='ltr'>λοιποὺςεὶς</span> <span class='ocrx_word' id='word_1_413' title='bbox 996 4322 1260 4386; x_wconf 83' lang='grc' dir='ltr'>Δεϐλαθά,</span> <span class='ocrx_word' id='word_1_414' title='bbox 1293 4322 1506 4391; x_wconf 80' lang='grc' dir='ltr'>ὀλίγους</span> <span class='ocrx_word' id='word_1_415' title='bbox 1533 4324 1685 4388; x_wconf 78' lang='grc' dir='ltr'>τινὰς</span> <span class='ocrx_word' id='word_1_416' title='bbox 1709 4325 1817 4377; x_wconf 89' lang='grc' dir='ltr'><strong>τῶν</strong></span> 
     </span>
    </p>
   </div>
   <div class='ocr_carea' id='block_1_58' title="bbox 249 4414 1817 4485">
    <p class='ocr_par' dir='ltr' id='par_1_58' title="bbox 249 4414 1817 4485">
     <span class='ocr_line' id='line_1_58' title="bbox 249 4414 1817 4485; baseline 0.002 -21"><span class='ocrx_word' id='word_1_417' title='bbox 249 4414 486 4484; x_wconf 79' lang='grc' dir='ltr'>πενήτων</span> <span class='ocrx_word' id='word_1_418' title='bbox 537 4414 876 4477; x_wconf 87' lang='grc' dir='ltr'>καταλιπὼν,</span> <span class='ocrx_word' id='word_1_419' title='bbox 914 4414 1056 4467; x_wconf 85' lang='grc' dir='ltr'>ὥστε</span> <span class='ocrx_word' id='word_1_420' title='bbox 1102 4414 1203 4484; x_wconf 79' lang='grc' dir='ltr'><strong>τήν</strong></span> <span class='ocrx_word' id='word_1_421' title='bbox 1234 4414 1339 4485; x_wconf 79' lang='grc' dir='ltr'>γῆν</span> <span class='ocrx_word' id='word_1_422' title='bbox 1386 4418 1672 4485; x_wconf 85' lang='grc' dir='ltr'>γεωργεῖν,</span> <span class='ocrx_word' id='word_1_423' title='bbox 1708 4416 1817 4468; x_wconf 76' lang='grc' dir='ltr'><strong>Καὶ</strong></span> 
     </span>
    </p>
   </div>
   <div class='ocr_carea' id='block_1_59' title="bbox 1905 1967 2067 2036">
    <p class='ocr_par' dir='ltr' id='par_1_59' title="bbox 1905 1967 2067 2036">
     <span class='ocr_line' id='line_1_59' title="bbox 1905 1967 2067 2036; baseline 0.006 -15"><span class='ocrx_word' id='word_1_424' title='bbox 1905 1967 2067 2036; x_wconf 87' lang='lat' dir='ltr'><strong>cepit.</strong></span> 
     </span>
    </p>
   </div>
   <div class='ocr_carea' id='block_1_60' title="bbox 2507 2099 2881 2155">
    <p class='ocr_par' dir='ltr' id='par_1_60' title="bbox 2507 2099 2881 2155">
     <span class='ocr_line' id='line_1_60' title="bbox 2507 2099 2881 2155; baseline 0 0"><span class='ocrx_word' id='word_1_425' title='bbox 2507 2099 2734 2155; x_wconf 80' lang='lat' dir='ltr'><strong>CAPUT</strong></span> <span class='ocrx_word' id='word_1_426' title='bbox 2772 2099 2881 2155; x_wconf 69' lang='grc' dir='ltr'><strong>ιη.</strong></span> 
     </span>
    </p>
   </div>
   <div class='ocr_carea' id='block_1_61' title="bbox 2396 2212 2986 2285">
    <p class='ocr_par' dir='ltr' id='par_1_61' title="bbox 2396 2212 2986 2285">
     <span class='ocr_line' id='line_1_61' title="bbox 2396 2212 2986 2285; baseline -0.005 -16"><span class='ocrx_word' id='word_1_427' title='bbox 2396 2213 2592 2285; x_wconf 75' lang='lat' dir='ltr'><strong>(Grzec.</strong></span> <span class='ocrx_word' id='word_1_428' title='bbox 2642 2214 2809 2270; x_wconf 88' lang='lat' dir='ltr'><strong>etiam</strong></span> <span class='ocrx_word' id='word_1_429' title='bbox 2857 2212 2986 2268; x_wconf 88' lang='lat' dir='ltr'>LIII.</span> 
     </span>
    </p>
   </div>
   <div class='ocr_carea' id='block_1_62' title="bbox 1981 2303 3488 2380">
    <p class='ocr_par' dir='ltr' id='par_1_62' title="bbox 1981 2303 3488 2380">
     <span class='ocr_line' id='line_1_62' title="bbox 1981 2303 3488 2380; baseline -0.004 -18"><span class='ocrx_word' id='word_1_430' title='bbox 1981 2306 2131 2380; x_wconf 64' lang='grc' dir='ltr'><strong>μεθ]</strong></span> <span class='ocrx_word' id='word_1_431' title='bbox 2154 2307 2285 2374; x_wconf 70' lang='lat' dir='ltr'><strong>Quae</strong></span> <span class='ocrx_word' id='word_1_432' title='bbox 2319 2322 2449 2363; x_wconf 89' lang='lat' dir='ltr'><strong>vero</strong></span> <span class='ocrx_word' id='word_1_433' title='bbox 2478 2315 2811 2378; x_wconf 87' lang='lat' dir='ltr'><strong>sequuntur,</strong></span> <span class='ocrx_word' id='word_1_434' title='bbox 2831 2305 3099 2361; x_wconf 87' lang='lat' dir='ltr'><strong>historico</strong></span> <span class='ocrx_word' id='word_1_435' title='bbox 3127 2303 3311 2375; x_wconf 86' lang='lat' dir='ltr'><strong>potius</strong></span> <span class='ocrx_word' id='word_1_436' title='bbox 3334 2317 3488 2357; x_wconf 86' lang='lat' dir='ltr'><strong>more</strong></span> 
     </span>
    </p>
   </div>
   <div class='ocr_carea' id='block_1_63' title="bbox 1912 2396 3491 2471">
    <p class='ocr_par' dir='ltr' id='par_1_63' title="bbox 1912 2396 3491 2471">
     <span class='ocr_line' id='line_1_63' title="bbox 1912 2396 3491 2471; baseline -0.004 -16"><span class='ocrx_word' id='word_1_437' title='bbox 1912 2401 2308 2471; x_wconf 86' lang='lat' dir='ltr'><strong>prosequitur:</strong></span> <span class='ocrx_word' id='word_1_438' title='bbox 2347 2408 2401 2453; x_wconf 89' lang='lat' dir='ltr'><strong>et</strong></span> <span class='ocrx_word' id='word_1_439' title='bbox 2435 2399 2595 2454; x_wconf 86' lang='lat' dir='ltr'><strong>docet</strong></span> <span class='ocrx_word' id='word_1_440' title='bbox 2632 2414 2741 2470; x_wconf 91' lang='lat' dir='ltr'><strong>quo</strong></span> <span class='ocrx_word' id='word_1_441' title='bbox 2782 2406 2944 2469; x_wconf 89' lang='lat' dir='ltr'><strong>pacto</strong></span> <span class='ocrx_word' id='word_1_442' title='bbox 2994 2396 3255 2451; x_wconf 89' lang='lat' dir='ltr'><strong>Scdecias</strong></span> <span class='ocrx_word' id='word_1_443' title='bbox 3293 2410 3491 2466; x_wconf 80' lang='lat' dir='ltr'><strong>regna-</strong></span> 
     </span>
    </p>
   </div>
   <div class='ocr_carea' id='block_1_64' title="bbox 1911 2484 3489 2563">
    <p class='ocr_par' dir='ltr' id='par_1_64' title="bbox 1911 2484 3489 2563">
     <span class='ocr_line' id='line_1_64' title="bbox 1911 2484 3489 2563; baseline -0.005 -16"><span class='ocrx_word' id='word_1_444' title='bbox 1911 2493 2074 2558; x_wconf 81' lang='lat' dir='ltr'><strong>verit,</strong></span> <span class='ocrx_word' id='word_1_445' title='bbox 2105 2500 2162 2549; x_wconf 89' lang='lat' dir='ltr'><strong>et</strong></span> <span class='ocrx_word' id='word_1_446' title='bbox 2207 2493 2651 2563; x_wconf 82' lang='lat' dir='ltr'><strong>perseveraverit</strong></span> <span class='ocrx_word' id='word_1_447' title='bbox 2719 2491 2909 2561; x_wconf 89' lang='lat' dir='ltr'><strong>inique</strong></span> <span class='ocrx_word' id='word_1_448' title='bbox 2970 2504 3181 2559; x_wconf 80' lang='lat' dir='ltr'><strong>agere;</strong></span> <span class='ocrx_word' id='word_1_449' title='bbox 3222 2495 3276 2541; x_wconf 90' lang='lat' dir='ltr'><strong>et</strong></span> <span class='ocrx_word' id='word_1_450' title='bbox 3341 2484 3489 2556; x_wconf 87' lang='lat' dir='ltr'><strong>quod</strong></span> 
     </span>
    </p>
   </div>
   <div class='ocr_carea' id='block_1_65' title="bbox 1911 2577 3493 2656">
    <p class='ocr_par' dir='ltr' id='par_1_65' title="bbox 1911 2577 3493 2656">
     <span class='ocr_line' id='line_1_65' title="bbox 1911 2577 3493 2656; baseline -0.004 -16"><span class='ocrx_word' id='word_1_451' title='bbox 1911 2602 2059 2641; x_wconf 86' lang='lat' dir='ltr'><strong>anno</strong></span> <span class='ocrx_word' id='word_1_452' title='bbox 2094 2600 2242 2639; x_wconf 90' lang='lat' dir='ltr'><strong>nono</strong></span> <span class='ocrx_word' id='word_1_453' title='bbox 2273 2585 2428 2656; x_wconf 85' lang='lat' dir='ltr'><strong>regni</strong></span> <span class='ocrx_word' id='word_1_454' title='bbox 2475 2584 2597 2654; x_wconf 87' lang='lat' dir='ltr'><strong>ejus</strong></span> <span class='ocrx_word' id='word_1_455' title='bbox 2646 2583 2951 2639; x_wconf 81' lang='lat' dir='ltr'><strong>exercitum</strong></span> <span class='ocrx_word' id='word_1_456' title='bbox 2987 2581 3279 2636; x_wconf 79' lang='lat' dir='ltr'><strong>adduxerit</strong></span> <span class='ocrx_word' id='word_1_457' title='bbox 3308 2577 3493 2634; x_wconf 85' lang='lat' dir='ltr'><strong>Nabu-</strong></span> 
     </span>
    </p>
   </div>
   <div class='ocr_carea' id='block_1_66' title="bbox 1911 2671 3490 2747">
    <p class='ocr_par' dir='ltr' id='par_1_66' title="bbox 1911 2671 3490 2747">
     <span class='ocr_line' id='line_1_66' title="bbox 1911 2671 3490 2747; baseline -0.006 -13"><span class='ocrx_word' id='word_1_458' title='bbox 1911 2679 2289 2741; x_wconf 82' lang='lat' dir='ltr'><strong>chodonosor,</strong></span> <span class='ocrx_word' id='word_1_459' title='bbox 2320 2678 2415 2747; x_wconf 90' lang='lat' dir='ltr'><strong>qui</strong></span> <span class='ocrx_word' id='word_1_460' title='bbox 2458 2680 2510 2731; x_wconf 89' lang='lat' dir='ltr'><strong>iu</strong></span> <span class='ocrx_word' id='word_1_461' title='bbox 2542 2677 2831 2733; x_wconf 81' lang='lat' dir='ltr'><strong>obsidione</strong></span> <span class='ocrx_word' id='word_1_462' title='bbox 2858 2674 3250 2746; x_wconf 73' lang='lat' dir='ltr'><strong>Hierosolyma:</strong></span> <span class='ocrx_word' id='word_1_463' title='bbox 3285 2671 3490 2743; x_wconf 61' lang='lat' dir='ltr'><strong>perde-</strong></span> 
     </span>
    </p>
   </div>
   <div class='ocr_carea' id='block_1_67' title="bbox 1914 2766 3493 2843">
    <p class='ocr_par' dir='ltr' id='par_1_67' title="bbox 1914 2766 3493 2843">
     <span class='ocr_line' id='line_1_67' title="bbox 1914 2766 3493 2843; baseline -0.004 -17"><span class='ocrx_word' id='word_1_464' title='bbox 1914 2772 2055 2827; x_wconf 78' lang='lat' dir='ltr'><strong>ravit</strong></span> <span class='ocrx_word' id='word_1_465' title='bbox 2085 2787 2263 2843; x_wconf 88' lang='lat' dir='ltr'><strong>usque</strong></span> <span class='ocrx_word' id='word_1_466' title='bbox 2318 2771 2389 2825; x_wconf 89' lang='lat' dir='ltr'><strong>ad</strong></span> <span class='ocrx_word' id='word_1_467' title='bbox 2423 2786 2629 2825; x_wconf 89' lang='lat' dir='ltr'><strong>annum</strong></span> <span class='ocrx_word' id='word_1_468' title='bbox 2672 2770 3046 2833; x_wconf 87' lang='lat' dir='ltr'><strong>undecimum,</strong></span> <span class='ocrx_word' id='word_1_469' title='bbox 3085 2770 3257 2823; x_wconf 89' lang='lat' dir='ltr'><strong>altero</strong></span> <span class='ocrx_word' id='word_1_470' title='bbox 3284 2766 3493 2821; x_wconf 78' lang='lat' dir='ltr'><strong>extrin-</strong></span> 
     </span>
    </p>
   </div>
   <div class='ocr_carea' id='block_1_68' title="bbox 1915 2854 3492 2932">
    <p class='ocr_par' dir='ltr' id='par_1_68' title="bbox 1915 2854 3492 2932">
     <span class='ocr_line' id='line_1_68' title="bbox 1915 2854 3492 2932; baseline -0.006 -15"><span class='ocrx_word' id='word_1_471' title='bbox 1915 2878 2078 2917; x_wconf 87' lang='lat' dir='ltr'><strong>secus</strong></span> <span class='ocrx_word' id='word_1_472' title='bbox 2096 2878 2163 2917; x_wconf 74' lang='grc' dir='ltr'><strong>οι</strong></span> <span class='ocrx_word' id='word_1_473' title='bbox 2188 2862 2441 2917; x_wconf 80' lang='lat' dir='ltr'><strong>maximis</strong></span> <span class='ocrx_word' id='word_1_474' title='bbox 2457 2862 2731 2932; x_wconf 88' lang='lat' dir='ltr'><strong>lapidibus</strong></span> <span class='ocrx_word' id='word_1_475' title='bbox 2762 2876 2923 2917; x_wconf 90' lang='lat' dir='ltr'><strong>muro</strong></span> <span class='ocrx_word' id='word_1_476' title='bbox 2944 2868 3224 2915; x_wconf 82' lang='lat' dir='ltr'><strong>exstructo</strong></span> <span class='ocrx_word' id='word_1_477' title='bbox 3242 2877 3255 2914; x_wconf 91' lang='lat'>:</span> <span class='ocrx_word' id='word_1_478' title='bbox 3274 2866 3328 2913; x_wconf 88' lang='lat' dir='ltr'><strong>et</strong></span> <span class='ocrx_word' id='word_1_479' title='bbox 3347 2854 3492 2924; x_wconf 84' lang='lat' dir='ltr'><strong>quod</strong></span> 
     </span>
    </p>
   </div>
   <div class='ocr_carea' id='block_1_69' title="bbox 1917 2949 3494 3024">
    <p class='ocr_par' dir='ltr' id='par_1_69' title="bbox 1917 2949 3494 3024">
     <span class='ocr_line' id='line_1_69' title="bbox 1917 2949 3494 3024; baseline -0.004 -16"><span class='ocrx_word' id='word_1_480' title='bbox 1917 2954 2092 3010; x_wconf 81' lang='lat' dir='ltr'><strong>fames</strong></span> <span class='ocrx_word' id='word_1_481' title='bbox 2121 2970 2215 3011; x_wconf 89' lang='lat' dir='ltr'><strong>eos</strong></span> <span class='ocrx_word' id='word_1_482' title='bbox 2268 2955 2362 3024; x_wconf 88' lang='lat' dir='ltr'><strong>qui</strong></span> <span class='ocrx_word' id='word_1_483' title='bbox 2415 2955 2564 3010; x_wconf 90' lang='lat' dir='ltr'><strong>intus</strong></span> <span class='ocrx_word' id='word_1_484' title='bbox 2644 2960 2803 3009; x_wconf 86' lang='lat' dir='ltr'><strong>erant</strong></span> <span class='ocrx_word' id='word_1_485' title='bbox 2854 2951 3186 3008; x_wconf 75' lang='lat' dir='ltr'><strong>cruciaverit</strong></span> <span class='ocrx_word' id='word_1_486' title='bbox 3241 2949 3494 3003; x_wconf 91' lang='lat' dir='ltr'><strong>acerbius</strong></span> 
     </span>
    </p>
   </div>
   <div class='ocr_carea' id='block_1_70' title="bbox 1916 3039 3494 3116">
    <p class='ocr_par' dir='ltr' id='par_1_70' title="bbox 1916 3039 3494 3116">
     <span class='ocr_line' id='line_1_70' title="bbox 1916 3039 3494 3116; baseline -0.005 -16"><span class='ocrx_word' id='word_1_487' title='bbox 1916 3060 2081 3116; x_wconf 89' lang='lat' dir='ltr'><strong>quam</strong></span> <span class='ocrx_word' id='word_1_488' title='bbox 2150 3044 2340 3100; x_wconf 84' lang='lat' dir='ltr'><strong>hostes</strong></span> <span class='ocrx_word' id='word_1_489' title='bbox 2426 3045 2555 3116; x_wconf 89' lang='lat' dir='ltr'><strong>ipsi.</strong></span> <span class='ocrx_word' id='word_1_490' title='bbox 2618 3043 2799 3115; x_wconf 66' lang='lat'><strong>[741]</strong></span> <span class='ocrx_word' id='word_1_491' title='bbox 2855 3042 3019 3114; x_wconf 72' lang='lat'><strong>328</strong></span> <span class='ocrx_word' id='word_1_492' title='bbox 3054 3039 3254 3095; x_wconf 86' lang='lat' dir='ltr'><strong>Narrat</strong></span> <span class='ocrx_word' id='word_1_493' title='bbox 3310 3044 3494 3093; x_wconf 89' lang='lat' dir='ltr'><strong>autem</strong></span> 
     </span>
    </p>
   </div>
   <div class='ocr_carea' id='block_1_71' title="bbox 1916 3126 3496 3207">
    <p class='ocr_par' dir='ltr' id='par_1_71' title="bbox 1916 3126 3496 3207">
     <span class='ocr_line' id='line_1_71' title="bbox 1916 3126 3496 3207; baseline -0.003 -18"><span class='ocrx_word' id='word_1_494' title='bbox 1916 3126 2381 3207; x_wconf 86' lang='lat' dir='ltr'><strong>quemadmodum</strong></span> <span class='ocrx_word' id='word_1_495' title='bbox 2420 3141 2547 3205; x_wconf 91' lang='lat' dir='ltr'><strong>post</strong></span> <span class='ocrx_word' id='word_1_496' title='bbox 2600 3148 2791 3188; x_wconf 89' lang='lat' dir='ltr'><strong>casum</strong></span> <span class='ocrx_word' id='word_1_497' title='bbox 2835 3146 3124 3186; x_wconf 90' lang='lat' dir='ltr'><strong>murorum</strong></span> <span class='ocrx_word' id='word_1_498' title='bbox 3156 3126 3496 3201; x_wconf 82' lang='lat' dir='ltr'><strong>potentiores</strong></span> 
     </span>
    </p>
   </div>
   <div class='ocr_carea' id='block_1_72' title="bbox 1916 3224 3498 3296">
    <p class='ocr_par' dir='ltr' id='par_1_72' title="bbox 1916 3224 3498 3296">
     <span class='ocr_line' id='line_1_72' title="bbox 1916 3224 3498 3296; baseline -0.006 -14"><span class='ocrx_word' id='word_1_499' title='bbox 1916 3232 2084 3282; x_wconf 88' lang='lat' dir='ltr'><strong>noctu</strong></span> <span class='ocrx_word' id='word_1_500' title='bbox 2120 3241 2245 3282; x_wconf 90' lang='lat' dir='ltr'><strong>cum</strong></span> <span class='ocrx_word' id='word_1_501' title='bbox 2280 3240 2407 3296; x_wconf 79' lang='lat' dir='ltr'><strong>rege</strong></span> <span class='ocrx_word' id='word_1_502' title='bbox 2440 3224 2792 3296; x_wconf 81' lang='lat' dir='ltr'><strong>aul‘ugerint;</strong></span> <span class='ocrx_word' id='word_1_503' title='bbox 2822 3232 2877 3279; x_wconf 91' lang='lat' dir='ltr'><strong>et</strong></span> <span class='ocrx_word' id='word_1_504' title='bbox 2909 3238 3018 3294; x_wconf 90' lang='lat' dir='ltr'><strong>quo</strong></span> <span class='ocrx_word' id='word_1_505' title='bbox 3055 3231 3217 3292; x_wconf 88' lang='lat' dir='ltr'><strong>pacto</strong></span> <span class='ocrx_word' id='word_1_506' title='bbox 3250 3234 3347 3275; x_wconf 91' lang='lat' dir='ltr'><strong>eos</strong></span> <span class='ocrx_word' id='word_1_507' title='bbox 3372 3233 3498 3291; x_wconf 89' lang='lat' dir='ltr'><strong>per—</strong></span> 
     </span>
    </p>
   </div>
   <div class='ocr_carea' id='block_1_73' title="bbox 1916 3312 3497 3388">
    <p class='ocr_par' dir='ltr' id='par_1_73' title="bbox 1916 3312 3497 3388">
     <span class='ocr_line' id='line_1_73' title="bbox 1916 3312 3497 3388; baseline -0.008 -12"><span class='ocrx_word' id='word_1_508' title='bbox 1916 3320 2092 3377; x_wconf 88' lang='lat' dir='ltr'><strong>secuti</strong></span> <span class='ocrx_word' id='word_1_509' title='bbox 2148 3319 2387 3374; x_wconf 73' lang='lat' dir='ltr'><strong>Chaldzei</strong></span> <span class='ocrx_word' id='word_1_510' title='bbox 2440 3317 2994 3388; x_wconf 87' lang='lat' dir='ltr'><strong>comprehenderint,</strong></span> <span class='ocrx_word' id='word_1_511' title='bbox 3056 3323 3112 3370; x_wconf 89' lang='lat' dir='ltr'><strong>et</strong></span> <span class='ocrx_word' id='word_1_512' title='bbox 3161 3312 3497 3368; x_wconf 76' lang='lat' dir='ltr'><strong>abduxerim</strong></span> 
     </span>
    </p>
   </div>
   <div class='ocr_carea' id='block_1_74' title="bbox 1915 3402 3496 3480">
    <p class='ocr_par' dir='ltr' id='par_1_74' title="bbox 1915 3402 3496 3480">
     <span class='ocr_line' id='line_1_74' title="bbox 1915 3402 3496 3480; baseline -0.004 -16"><span class='ocrx_word' id='word_1_513' title='bbox 1915 3411 2235 3467; x_wconf 88' lang='lat' dir='ltr'><strong>Deblatham</strong></span> <span class='ocrx_word' id='word_1_514' title='bbox 2259 3412 2369 3477; x_wconf 85' lang='lat' dir='ltr'><strong>‘,et</strong></span> <span class='ocrx_word' id='word_1_515' title='bbox 2406 3410 2519 3480; x_wconf 77' lang='lat' dir='ltr'><strong>regi</strong></span> <span class='ocrx_word' id='word_1_516' title='bbox 2551 3407 3088 3464; x_wconf 75' lang='lat' dir='ltr'><strong>Nabucltodonosori</strong></span> <span class='ocrx_word' id='word_1_517' title='bbox 3121 3402 3496 3460; x_wconf 81' lang='lat' dir='ltr'><strong>exhibuerint.</strong></span> 
     </span>
    </p>
   </div>
   <div class='ocr_carea' id='block_1_75' title="bbox 1914 3495 3498 3571">
    <p class='ocr_par' dir='ltr' id='par_1_75' title="bbox 1914 3495 3498 3571">
     <span class='ocr_line' id='line_1_75' title="bbox 1914 3495 3498 3571; baseline -0.008 -12"><span class='ocrx_word' id='word_1_518' title='bbox 1914 3504 2011 3559; x_wconf 97' lang='lat' dir='ltr'><strong>llle</strong></span> <span class='ocrx_word' id='word_1_519' title='bbox 2040 3517 2171 3558; x_wconf 87' lang='lat' dir='ltr'><strong>vero</strong></span> <span class='ocrx_word' id='word_1_520' title='bbox 2197 3501 2543 3571; x_wconf 80' lang='lat' dir='ltr'><strong>redarguens</strong></span> <span class='ocrx_word' id='word_1_521' title='bbox 2577 3499 2887 3566; x_wconf 87' lang='lat' dir='ltr'><strong>Sedeeiam,</strong></span> <span class='ocrx_word' id='word_1_522' title='bbox 2923 3498 3073 3569; x_wconf 90' lang='lat' dir='ltr'><strong>quod</strong></span> <span class='ocrx_word' id='word_1_523' title='bbox 3106 3495 3498 3569; x_wconf 84' lang='lat' dir='ltr'><strong>jusjurandum</strong></span> 
     </span>
    </p>
   </div>
   <div class='ocr_carea' id='block_1_76' title="bbox 1913 3587 3497 3663">
    <p class='ocr_par' dir='ltr' id='par_1_76' title="bbox 1913 3587 3497 3663">
     <span class='ocr_line' id='line_1_76' title="bbox 1913 3587 3497 3663; baseline -0.005 -15"><span class='ocrx_word' id='word_1_524' title='bbox 1913 3595 2201 3660; x_wconf 83' lang='lat' dir='ltr'><strong>violasset,</strong></span> <span class='ocrx_word' id='word_1_525' title='bbox 2257 3594 2497 3663; x_wconf 90' lang='lat' dir='ltr'><strong>primum</strong></span> <span class='ocrx_word' id='word_1_526' title='bbox 2543 3592 2767 3662; x_wconf 86' lang='lat' dir='ltr'><strong>quidem</strong></span> <span class='ocrx_word' id='word_1_527' title='bbox 2821 3591 2966 3645; x_wconf 86' lang='lat' dir='ltr'><strong>ﬁlios</strong></span> <span class='ocrx_word' id='word_1_528' title='bbox 3020 3591 3143 3660; x_wconf 91' lang='lat' dir='ltr'><strong>ejus</strong></span> <span class='ocrx_word' id='word_1_529' title='bbox 3198 3587 3497 3648; x_wconf 80' lang='lat' dir='ltr'><strong>interfecit,</strong></span> 
     </span>
    </p>
   </div>
   <div class='ocr_carea' id='block_1_77' title="bbox 1915 3668 3499 3756">
    <p class='ocr_par' dir='ltr' id='par_1_77' title="bbox 1915 3668 3499 3756">
     <span class='ocr_line' id='line_1_77' title="bbox 1915 3668 3499 3756; baseline -0.005 -13"><span class='ocrx_word' id='word_1_530' title='bbox 1915 3687 2117 3743; x_wconf 88' lang='lat' dir='ltr'><strong>deinde</strong></span> <span class='ocrx_word' id='word_1_531' title='bbox 2166 3686 2447 3756; x_wconf 89' lang='lat' dir='ltr'><strong>principes</strong></span> <span class='ocrx_word' id='word_1_532' title='bbox 2480 3705 2492 3738; x_wconf 90' lang='lat'><strong>:</strong></span> <span class='ocrx_word' id='word_1_533' title='bbox 2522 3695 2577 3740; x_wconf 92' lang='lat' dir='ltr'><strong>et</strong></span> <span class='ocrx_word' id='word_1_534' title='bbox 2626 3668 2752 3755; x_wconf 80' lang='lat' dir='ltr'><strong>post</strong></span> <span class='ocrx_word' id='word_1_535' title='bbox 2801 3685 3059 3739; x_wconf 88' lang='lat' dir='ltr'><strong>acerbum</strong></span> <span class='ocrx_word' id='word_1_536' title='bbox 3105 3682 3241 3737; x_wconf 91' lang='lat' dir='ltr'><strong>illud</strong></span> <span class='ocrx_word' id='word_1_537' title='bbox 3278 3690 3499 3753; x_wconf 83' lang='lat' dir='ltr'><strong>specta-</strong></span> 
     </span>
    </p>
   </div>
   <div class='ocr_carea' id='block_1_78' title="bbox 1918 3773 3502 3848">
    <p class='ocr_par' dir='ltr' id='par_1_78' title="bbox 1918 3773 3502 3848">
     <span class='ocr_line' id='line_1_78' title="bbox 1918 3773 3502 3848; baseline -0.004 -15"><span class='ocrx_word' id='word_1_538' title='bbox 1918 3780 2127 3843; x_wconf 88' lang='lat' dir='ltr'><strong>culum,</strong></span> <span class='ocrx_word' id='word_1_539' title='bbox 2161 3793 2289 3833; x_wconf 91' lang='lat' dir='ltr'><strong>cum</strong></span> <span class='ocrx_word' id='word_1_540' title='bbox 2322 3778 2467 3848; x_wconf 81' lang='lat' dir='ltr'><strong>regis</strong></span> <span class='ocrx_word' id='word_1_541' title='bbox 2498 3777 2693 3832; x_wconf 89' lang='lat' dir='ltr'><strong>oculos</strong></span> <span class='ocrx_word' id='word_1_542' title='bbox 2718 3774 3023 3838; x_wconf 83' lang='lat' dir='ltr'><strong>ellodisset,</strong></span> <span class='ocrx_word' id='word_1_543' title='bbox 3046 3783 3101 3831; x_wconf 90' lang='lat' dir='ltr'><strong>et</strong></span> <span class='ocrx_word' id='word_1_544' title='bbox 3124 3777 3176 3830; x_wconf 88' lang='lat' dir='ltr'><strong>ei</strong></span> <span class='ocrx_word' id='word_1_545' title='bbox 3206 3773 3502 3844; x_wconf 89' lang='lat' dir='ltr'><strong>compedes</strong></span> 
     </span>
    </p>
   </div>
   <div class='ocr_carea' id='block_1_79' title="bbox 1918 3866 3503 3940">
    <p class='ocr_par' dir='ltr' id='par_1_79' title="bbox 1918 3866 3503 3940">
     <span class='ocr_line' id='line_1_79' title="bbox 1918 3866 3503 3940; baseline -0.003 -16"><span class='ocrx_word' id='word_1_546' title='bbox 1918 3868 2474 3940; x_wconf 68' lang='lat' dir='ltr'><strong>imposuisset,duxit</strong></span> <span class='ocrx_word' id='word_1_547' title='bbox 2506 3869 2562 3923; x_wconf 89' lang='lat' dir='ltr'><strong>in</strong></span> <span class='ocrx_word' id='word_1_548' title='bbox 2590 3869 2948 3940; x_wconf 80' lang='lat' dir='ltr'><strong>Babylonem,</strong></span> <span class='ocrx_word' id='word_1_549' title='bbox 2968 3874 3023 3922; x_wconf 91' lang='lat' dir='ltr'><strong>et</strong></span> <span class='ocrx_word' id='word_1_550' title='bbox 3070 3866 3303 3937; x_wconf 82' lang='lat' dir='ltr'><strong>pistrino</strong></span> <span class='ocrx_word' id='word_1_551' title='bbox 3330 3866 3503 3921; x_wconf 86' lang='lat' dir='ltr'><strong>tradi-</strong></span> 
     </span>
    </p>
   </div>
   <div class='ocr_carea' id='block_1_80' title="bbox 1916 3958 3502 4035">
    <p class='ocr_par' dir='ltr' id='par_1_80' title="bbox 1916 3958 3502 4035">
     <span class='ocr_line' id='line_1_80' title="bbox 1916 3958 3502 4035; baseline -0.003 -18"><span class='ocrx_word' id='word_1_552' title='bbox 1916 3962 2016 4019; x_wconf 88' lang='lat' dir='ltr'><strong>dit.</strong></span> <span class='ocrx_word' id='word_1_553' title='bbox 2044 3960 2255 4035; x_wconf 73' lang='grc'><strong>[12-16]</strong></span> <span class='ocrx_word' id='word_1_554' title='bbox 2314 3961 2482 4017; x_wconf 86' lang='lat' dir='ltr'><strong>Docet</strong></span> <span class='ocrx_word' id='word_1_555' title='bbox 2519 3962 2648 4017; x_wconf 88' lang='lat' dir='ltr'><strong>item</strong></span> <span class='ocrx_word' id='word_1_556' title='bbox 2712 3976 2821 4032; x_wconf 91' lang='lat' dir='ltr'><strong>qua</strong></span> <span class='ocrx_word' id='word_1_557' title='bbox 2860 3961 3077 4015; x_wconf 87' lang='lat' dir='ltr'><strong>ratione</strong></span> <span class='ocrx_word' id='word_1_558' title='bbox 3113 3958 3502 4023; x_wconf 86' lang='lat' dir='ltr'><strong>Nabuzardan,</strong></span> 
     </span>
    </p>
   </div>
   <div class='ocr_carea' id='block_1_81' title="bbox 1918 4051 3507 4124">
    <p class='ocr_par' dir='ltr' id='par_1_81' title="bbox 1918 4051 3507 4124">
     <span class='ocr_line' id='line_1_81' title="bbox 1918 4051 3507 4124; baseline -0.003 -14"><span class='ocrx_word' id='word_1_559' title='bbox 1918 4055 2125 4110; x_wconf 88' lang='lat' dir='ltr'><strong>missus</strong></span> <span class='ocrx_word' id='word_1_560' title='bbox 2179 4069 2209 4109; x_wconf 89' lang='lat' dir='ltr'><strong>a</strong></span> <span class='ocrx_word' id='word_1_561' title='bbox 2246 4054 2813 4116; x_wconf 85' lang='lat' dir='ltr'><strong>Nabuclmdonosore,</strong></span> <span class='ocrx_word' id='word_1_562' title='bbox 2840 4053 3105 4124; x_wconf 88' lang='lat' dir='ltr'><strong>templum</strong></span> <span class='ocrx_word' id='word_1_563' title='bbox 3138 4051 3386 4107; x_wconf 89' lang='lat' dir='ltr'><strong>divinum</strong></span> <span class='ocrx_word' id='word_1_564' title='bbox 3419 4052 3507 4105; x_wconf 90' lang='lat' dir='ltr'><strong>in-</strong></span> 
     </span>
    </p>
   </div>
   <div class='ocr_carea' id='block_1_82' title="bbox 1918 4143 3507 4217">
    <p class='ocr_par' dir='ltr' id='par_1_82' title="bbox 1918 4143 3507 4217">
     <span class='ocr_line' id='line_1_82' title="bbox 1918 4143 3507 4217; baseline -0.003 -17"><span class='ocrx_word' id='word_1_565' title='bbox 1918 4147 2187 4213; x_wconf 88' lang='lat' dir='ltr'><strong>cenderit,</strong></span> <span class='ocrx_word' id='word_1_566' title='bbox 2224 4153 2278 4200; x_wconf 90' lang='lat' dir='ltr'><strong>et</strong></span> <span class='ocrx_word' id='word_1_567' title='bbox 2336 4153 2600 4217; x_wconf 57' lang='lat' dir='ltr'><strong>praeterea</strong></span> <span class='ocrx_word' id='word_1_568' title='bbox 2645 4145 2910 4215; x_wconf 90' lang='lat' dir='ltr'><strong>palatium</strong></span> <span class='ocrx_word' id='word_1_569' title='bbox 2952 4144 3122 4214; x_wconf 77' lang='lat' dir='ltr'><strong>regis,</strong></span> <span class='ocrx_word' id='word_1_570' title='bbox 3148 4143 3507 4210; x_wconf 84' lang='lat' dir='ltr'><strong>illustresque</strong></span> 
     </span>
    </p>
   </div>
   <div class='ocr_carea' id='block_1_83' title="bbox 1919 4235 3504 4294">
    <p class='ocr_par' dir='ltr' id='par_1_83' title="bbox 1919 4235 3504 4294">
     <span class='ocr_line' id='line_1_83' title="bbox 1919 4235 3504 4294; baseline -0.004 -2"><span class='ocrx_word' id='word_1_571' title='bbox 1919 4237 2161 4293; x_wconf 88' lang='lat' dir='ltr'><strong>civitatis</strong></span> <span class='ocrx_word' id='word_1_572' title='bbox 2195 4238 2394 4294; x_wconf 92' lang='lat' dir='ltr'><strong>domos</strong></span> <span class='ocrx_word' id='word_1_573' title='bbox 2449 4246 2504 4292; x_wconf 88' lang='lat' dir='ltr'><strong>et</strong></span> <span class='ocrx_word' id='word_1_574' title='bbox 2538 4254 2731 4293; x_wconf 91' lang='lat' dir='ltr'><strong>muros</strong></span> <span class='ocrx_word' id='word_1_575' title='bbox 2763 4237 2917 4292; x_wconf 85' lang='lat' dir='ltr'><strong>urbis</strong></span> <span class='ocrx_word' id='word_1_576' title='bbox 2953 4235 3202 4291; x_wconf 79' lang='lat' dir='ltr'><strong>funditus</strong></span> <span class='ocrx_word' id='word_1_577' title='bbox 3223 4235 3504 4289; x_wconf 86' lang='lat' dir='ltr'><strong>everterit.</strong></span> 
     </span>
    </p>
   </div>
   <div class='ocr_carea' id='block_1_84' title="bbox 1922 4328 3507 4400">
    <p class='ocr_par' dir='ltr' id='par_1_84' title="bbox 1922 4328 3507 4400">
     <span class='ocr_line' id='line_1_84' title="bbox 1922 4328 3507 4400; baseline -0.001 -17"><span class='ocrx_word' id='word_1_578' title='bbox 1922 4329 1987 4385; x_wconf 89' lang='lat' dir='ltr'><strong>Et</strong></span> <span class='ocrx_word' id='word_1_579' title='bbox 2026 4329 2254 4400; x_wconf 90' lang='lat' dir='ltr'><strong>reliquis</strong></span> <span class='ocrx_word' id='word_1_580' title='bbox 2301 4331 2565 4386; x_wconf 90' lang='lat' dir='ltr'><strong>omnibus</strong></span> <span class='ocrx_word' id='word_1_581' title='bbox 2601 4330 2927 4386; x_wconf 87' lang='lat' dir='ltr'><strong>Deblatham</strong></span> <span class='ocrx_word' id='word_1_582' title='bbox 2969 4328 3507 4397; x_wconf 85' lang='lat' dir='ltr'><strong>perductis,paucos</strong></span> 
     </span>
    </p>
   </div>
   <div class='ocr_carea' id='block_1_85' title="bbox 1922 4415 3508 4490">
    <p class='ocr_par' dir='ltr' id='par_1_85' title="bbox 1922 4415 3508 4490">
     <span class='ocr_line' id='line_1_85' title="bbox 1922 4415 3508 4490; baseline -0.003 -16"><span class='ocrx_word' id='word_1_583' title='bbox 1922 4421 2188 4489; x_wconf 87' lang='lat' dir='ltr'><strong>quosdam</strong></span> <span class='ocrx_word' id='word_1_584' title='bbox 2222 4436 2251 4473; x_wconf 91' lang='lat' dir='ltr'><strong>e</strong></span> <span class='ocrx_word' id='word_1_585' title='bbox 2289 4421 2624 4490; x_wconf 88' lang='lat' dir='ltr'><strong>pauperibus</strong></span> <span class='ocrx_word' id='word_1_586' title='bbox 2654 4418 2905 4487; x_wconf 91' lang='lat' dir='ltr'><strong>reliquit,</strong></span> <span class='ocrx_word' id='word_1_587' title='bbox 2954 4426 3015 4472; x_wconf 82' lang='lat' dir='ltr'><strong>ut</strong></span> <span class='ocrx_word' id='word_1_588' title='bbox 3049 4427 3250 4472; x_wconf 85' lang='lat' dir='ltr'><strong>terram</strong></span> <span class='ocrx_word' id='word_1_589' title='bbox 3288 4415 3508 4470; x_wconf 72' lang='lat' dir='ltr'><strong>excole-</strong></span> 
     </span>
    </p>
   </div>
   <div class='ocr_carea' id='block_1_86' title="bbox 249 4504 1810 4589">
    <p class='ocr_par' dir='ltr' id='par_1_86' title="bbox 249 4504 1810 4575">
     <span class='ocr_line' id='line_1_86' title="bbox 249 4504 1810 4575; baseline 0.001 -18"><span class='ocrx_word' id='word_1_590' title='bbox 249 4506 368 4567; x_wconf 71' lang='grc' dir='ltr'>τοὺς</span> <span class='ocrx_word' id='word_1_591' title='bbox 399 4504 624 4569; x_wconf 82' lang='grc' dir='ltr'>στύλους</span> <span class='ocrx_word' id='word_1_592' title='bbox 668 4506 797 4568; x_wconf 84' lang='grc' dir='ltr'>τοὺς</span> <span class='ocrx_word' id='word_1_593' title='bbox 828 4504 1064 4575; x_wconf 83' lang='grc' dir='ltr'>χαλκοῦς</span> <span class='ocrx_word' id='word_1_594' title='bbox 1112 4506 1237 4568; x_wconf 83' lang='grc' dir='ltr'>τοὺς</span> <span class='ocrx_word' id='word_1_595' title='bbox 1289 4506 1688 4575; x_wconf 80' lang='grc' dir='ltr'>παμμεγέθεις,</span> <span class='ocrx_word' id='word_1_596' title='bbox 1726 4506 1810 4569; x_wconf 72' lang='grc' dir='ltr'>οὓς</span> 
     </span>
    </p>
   </div>
   <div class='ocr_carea' id='block_1_87' title="bbox 1920 4504 3510 4589">
    <p class='ocr_par' dir='ltr' id='par_1_87' title="bbox 1925 4506 3510 4580">
     <span class='ocr_line' id='line_1_87' title="bbox 1925 4506 3510 4580; baseline -0.003 -18"><span class='ocrx_word' id='word_1_597' title='bbox 1925 4519 2063 4563; x_wconf 84' lang='lat' dir='ltr'><strong>rent.</strong></span> <span class='ocrx_word' id='word_1_598' title='bbox 2098 4507 2312 4580; x_wconf 80' lang='grc' dir='ltr'><strong>[ΓΙ-19]</strong></span> <span class='ocrx_word' id='word_1_599' title='bbox 2347 4508 2649 4563; x_wconf 89' lang='lat' dir='ltr'><strong>Columnas</strong></span> <span class='ocrx_word' id='word_1_600' title='bbox 2681 4508 2844 4562; x_wconf 88' lang='lat' dir='ltr'><strong>etiam</strong></span> <span class='ocrx_word' id='word_1_601' title='bbox 2872 4522 3054 4561; x_wconf 69' lang='lat' dir='ltr'><strong>mneas</strong></span> <span class='ocrx_word' id='word_1_602' title='bbox 3086 4506 3364 4559; x_wconf 64' lang='lat' dir='ltr'><strong>immensae</strong></span> <span class='ocrx_word' id='word_1_603' title='bbox 3396 4517 3510 4557; x_wconf 88' lang='lat' dir='ltr'><strong>ma-</strong></span> 
     </span>
    </p>
   </div>
   <div class='ocr_carea' id='block_1_88' title="bbox 253 4594 1816 4667">
    <p class='ocr_par' dir='ltr' id='par_1_88' title="bbox 253 4594 1816 4667">
     <span class='ocr_line' id='line_1_88' title="bbox 253 4594 1816 4667; baseline -0.001 -19"><span class='ocrx_word' id='word_1_604' title='bbox 253 4594 489 4667; x_wconf 75' lang='grc' dir='ltr'>Σολομὼν</span> <span class='ocrx_word' id='word_1_605' title='bbox 530 4597 953 4659; x_wconf 84' lang='grc' dir='ltr'>κατεσκευάκει,</span> <span class='ocrx_word' id='word_1_606' title='bbox 989 4595 1085 4648; x_wconf 76' lang='grc' dir='ltr'>καὶ</span> <span class='ocrx_word' id='word_1_607' title='bbox 1116 4595 1215 4665; x_wconf 81' lang='grc' dir='ltr'>τὴν</span> <span class='ocrx_word' id='word_1_608' title='bbox 1262 4595 1535 4649; x_wconf 87' lang='grc' dir='ltr'>θάλασσαν</span> <span class='ocrx_word' id='word_1_609' title='bbox 1565 4596 1662 4667; x_wconf 82' lang='grc' dir='ltr'>τὴν</span> <span class='ocrx_word' id='word_1_610' title='bbox 1692 4596 1816 4666; x_wconf 85' lang='grc' dir='ltr'>χαλ·</span> 
     </span>
    </p>
   </div>
   <div class='ocr_carea' id='block_1_89' title="bbox 255 4686 1821 4759">
    <p class='ocr_par' dir='ltr' id='par_1_89' title="bbox 255 4686 1821 4759">
     <span class='ocr_line' id='line_1_89' title="bbox 255 4686 1821 4759; baseline 0.001 -23"><span class='ocrx_word' id='word_1_611' title='bbox 255 4686 349 4756; x_wconf 84' lang='grc' dir='ltr'>κῆν</span> <span class='ocrx_word' id='word_1_612' title='bbox 371 4687 647 4757; x_wconf 83' lang='grc' dir='ltr'>χωνεύσας</span> <span class='ocrx_word' id='word_1_613' title='bbox 673 4729 689 4755; x_wconf 95' lang='grc'><strong>,</strong></span> <span class='ocrx_word' id='word_1_614' title='bbox 719 4686 1057 4759; x_wconf 83' lang='grc' dir='ltr'>ἀπεκόμισεν</span> <span class='ocrx_word' id='word_1_615' title='bbox 1090 4687 1169 4748; x_wconf 92' lang='grc' dir='ltr'><strong>είς</strong></span> <span class='ocrx_word' id='word_1_616' title='bbox 1209 4686 1525 4750; x_wconf 54' lang='grc' dir='ltr'>Βαϐυλῶνα,</span> <span class='ocrx_word' id='word_1_617' title='bbox 1558 4688 1653 4739; x_wconf 73' lang='grc' dir='ltr'>καὶ</span> <span class='ocrx_word' id='word_1_618' title='bbox 1697 4687 1821 4750; x_wconf 76' lang='grc' dir='ltr'>τοὺς</span> 
     </span>
    </p>
   </div>
   <div class='ocr_carea' id='block_1_90' title="bbox 257 4777 1820 4851">
    <p class='ocr_par' dir='ltr' id='par_1_90' title="bbox 257 4777 1820 4851">
     <span class='ocr_line' id='line_1_90' title="bbox 257 4777 1820 4851; baseline 0.01 -22"><span class='ocrx_word' id='word_1_619' title='bbox 257 4777 592 4851; x_wconf 77' lang='grc' dir='ltr'>ποδιστῆρας,</span> <span class='ocrx_word' id='word_1_620' title='bbox 607 4780 851 4842; x_wconf 75' lang='grc' dir='ltr'>καὶτοὺς</span> <span class='ocrx_word' id='word_1_621' title='bbox 876 4779 1267 4849; x_wconf 82' lang='grc' dir='ltr'>ἀναληπτῆρας</span> <span class='ocrx_word' id='word_1_622' title='bbox 1286 4797 1300 4810; x_wconf 83' lang='lat'><strong>&#39;</strong></span> <span class='ocrx_word' id='word_1_623' title='bbox 1328 4779 1455 4840; x_wconf 70' lang='grc' dir='ltr'>τοὺς</span> <span class='ocrx_word' id='word_1_624' title='bbox 1480 4778 1549 4830; x_wconf 23' lang='grc' dir='ltr'><strong>δὲκ</strong></span> <span class='ocrx_word' id='word_1_625' title='bbox 1568 4778 1820 4847; x_wconf 74' lang='grc' dir='ltr'><strong>ποδιστῆ⁶</strong></span> 
     </span>
    </p>
   </div>
   <div class='ocr_carea' id='block_1_91' title="bbox 261 4868 1825 4945">
    <p class='ocr_par' dir='ltr' id='par_1_91' title="bbox 261 4868 1825 4945">
     <span class='ocr_line' id='line_1_91' title="bbox 261 4868 1825 4945; baseline -0.003 -19"><span class='ocrx_word' id='word_1_626' title='bbox 261 4887 350 4940; x_wconf 83' lang='grc' dir='ltr'><strong>ρας</strong></span> <span class='ocrx_word' id='word_1_627' title='bbox 367 4875 393 4926; x_wconf 90' lang='lat'><strong>6</strong></span> <span class='ocrx_word' id='word_1_628' title='bbox 414 4873 580 4945; x_wconf 75' lang='grc' dir='ltr'>Σύρος</span> <span class='ocrx_word' id='word_1_629' title='bbox 596 4871 892 4941; x_wconf 80' lang='grc' dir='ltr'>νιπτῆρας</span> <span class='ocrx_word' id='word_1_630' title='bbox 910 4869 1460 4940; x_wconf 76' lang='grc' dir='ltr'>ποδῶνήρμήνευσε.</span> <span class='ocrx_word' id='word_1_631' title='bbox 1482 4872 1593 4922; x_wconf 69' lang='grc' dir='ltr'>Καὶ</span> <span class='ocrx_word' id='word_1_632' title='bbox 1610 4869 1675 4922; x_wconf 81' lang='grc' dir='ltr'><strong>τὰ</strong></span> <span class='ocrx_word' id='word_1_633' title='bbox 1688 4868 1825 4922; x_wconf 78' lang='grc' dir='ltr'>ἄλλα</span> 
     </span>
    </p>
   </div>
   <div class='ocr_carea' id='block_1_92' title="bbox 259 4959 1825 5036">
    <p class='ocr_par' dir='ltr' id='par_1_92' title="bbox 259 4959 1825 5036">
     <span class='ocr_line' id='line_1_92' title="bbox 259 4959 1825 5036; baseline -0.003 -20"><span class='ocrx_word' id='word_1_634' title='bbox 259 4960 309 5015; x_wconf 83' lang='grc' dir='ltr'>δὲ</span> <span class='ocrx_word' id='word_1_635' title='bbox 335 4965 493 5035; x_wconf 82' lang='grc' dir='ltr'>σκεύη</span> <span class='ocrx_word' id='word_1_636' title='bbox 536 4964 672 5036; x_wconf 82' lang='grc' dir='ltr'>μετὰ</span> <span class='ocrx_word' id='word_1_637' title='bbox 694 4963 897 5017; x_wconf 80' lang='grc' dir='ltr'>τούτων</span> <span class='ocrx_word' id='word_1_638' title='bbox 927 4962 1228 5033; x_wconf 84' lang='grc' dir='ltr'>ἀπήνεγκε.</span> <span class='ocrx_word' id='word_1_639' title='bbox 1262 4959 1520 5029; x_wconf 72' lang='grc' dir='ltr'>Σαπφὼθ</span> <span class='ocrx_word' id='word_1_640' title='bbox 1540 4960 1582 4991; x_wconf 58' lang='grc' dir='ltr'><strong>θ’</strong></span> <span class='ocrx_word' id='word_1_641' title='bbox 1613 4960 1669 5013; x_wconf 86' lang='grc' dir='ltr'><strong>δέ</strong></span> <span class='ocrx_word' id='word_1_642' title='bbox 1699 4961 1825 5023; x_wconf 75' lang='grc' dir='ltr'>τοὺς</span> 
     </span>
    </p>
   </div>
   <div class='ocr_carea' id='block_1_93' title="bbox 261 5051 1826 5122">
    <p class='ocr_par' dir='ltr' id='par_1_93' title="bbox 261 5051 1826 5122">
     <span class='ocr_line' id='line_1_93' title="bbox 261 5051 1826 5122; baseline -0.002 -16"><span class='ocrx_word' id='word_1_643' title='bbox 261 5053 558 5120; x_wconf 80' lang='grc' dir='ltr'>ὀϐελίσκους</span> <span class='ocrx_word' id='word_1_644' title='bbox 589 5057 776 5110; x_wconf 77' lang='grc' dir='ltr'>καλεϊο</span> <span class='ocrx_word' id='word_1_645' title='bbox 805 5053 1048 5108; x_wconf 89' lang='grc' dir='ltr'>διδάσκει</span> <span class='ocrx_word' id='word_1_646' title='bbox 1080 5051 1157 5116; x_wconf 85' lang='grc' dir='ltr'>δὲ,</span> <span class='ocrx_word' id='word_1_647' title='bbox 1189 5052 1335 5114; x_wconf 86' lang='grc' dir='ltr'>ὅπως</span> <span class='ocrx_word' id='word_1_648' title='bbox 1368 5051 1575 5104; x_wconf 73' lang='grc' dir='ltr'>καὶτὸν</span> <span class='ocrx_word' id='word_1_649' title='bbox 1611 5051 1826 5122; x_wconf 87' lang='grc' dir='ltr'>πρῶτον</span> 
     </span>
    </p>
   </div>
   <div class='ocr_carea' id='block_1_94' title="bbox 265 5141 1827 5217">
    <p class='ocr_par' dir='ltr' id='par_1_94' title="bbox 265 5141 1827 5217">
     <span class='ocr_line' id='line_1_94' title="bbox 265 5141 1827 5217; baseline -0.003 -19"><span class='ocrx_word' id='word_1_650' title='bbox 265 5147 421 5217; x_wconf 86' lang='grc' dir='ltr'>ἱερέα,</span> <span class='ocrx_word' id='word_1_651' title='bbox 455 5149 548 5201; x_wconf 76' lang='grc' dir='ltr'>καὶ</span> <span class='ocrx_word' id='word_1_652' title='bbox 578 5146 670 5200; x_wconf 78' lang='grc' dir='ltr'>τὸν</span> <span class='ocrx_word' id='word_1_653' title='bbox 712 5145 992 5217; x_wconf 78' lang='grc' dir='ltr'>δεύτερον.</span> <span class='ocrx_word' id='word_1_654' title='bbox 1019 5142 1268 5205; x_wconf 71' lang='grc' dir='ltr'>καὶτοὺς</span> <span class='ocrx_word' id='word_1_655' title='bbox 1307 5141 1444 5209; x_wconf 71' lang='grc' dir='ltr'>μετὰ</span> <span class='ocrx_word' id='word_1_656' title='bbox 1484 5141 1687 5194; x_wconf 74' lang='grc' dir='ltr'>τούτων</span> <span class='ocrx_word' id='word_1_657' title='bbox 1721 5144 1827 5194; x_wconf 83' lang='grc' dir='ltr'><strong>ἁπ-</strong></span> 
     </span>
    </p>
   </div>
   <div class='ocr_carea' id='block_1_95' title="bbox 265 5233 1828 5308">
    <p class='ocr_par' dir='ltr' id='par_1_95' title="bbox 265 5233 1828 5308">
     <span class='ocr_line' id='line_1_95' title="bbox 265 5233 1828 5308; baseline -0.003 -18"><span class='ocrx_word' id='word_1_658' title='bbox 265 5238 507 5308; x_wconf 81' lang='grc' dir='ltr'>αχθέντας</span> <span class='ocrx_word' id='word_1_659' title='bbox 544 5238 723 5292; x_wconf 78' lang='grc' dir='ltr'>ἀνεῖλε</span> <span class='ocrx_word' id='word_1_660' title='bbox 744 5237 849 5297; x_wconf 84' lang='grc' dir='ltr'><strong>τῶν</strong></span> <span class='ocrx_word' id='word_1_661' title='bbox 868 5235 1225 5289; x_wconf 83' lang='grc' dir='ltr'>Βαϐυλωνίων</span> <span class='ocrx_word' id='word_1_662' title='bbox 1252 5237 1277 5286; x_wconf 89' lang='lat'><strong>6</strong></span> <span class='ocrx_word' id='word_1_663' title='bbox 1306 5233 1554 5302; x_wconf 72' lang='grc' dir='ltr'>βασιλεύς</span> <span class='ocrx_word' id='word_1_664' title='bbox 1584 5250 1595 5261; x_wconf 90' lang='grc'><strong>·</strong></span> <span class='ocrx_word' id='word_1_665' title='bbox 1625 5235 1828 5302; x_wconf 65' lang='grc' dir='ltr'>λέγειν’</span> 
     </span>
    </p>
   </div>
   <div class='ocr_carea' id='block_1_96' title="bbox 1927 4595 3511 4669">
    <p class='ocr_par' dir='ltr' id='par_1_96' title="bbox 1927 4595 3511 4669">
     <span class='ocr_line' id='line_1_96' title="bbox 1927 4595 3511 4669; baseline -0.001 -17"><span class='ocrx_word' id='word_1_666' title='bbox 1927 4597 2251 4669; x_wconf 81' lang='lat' dir='ltr'><strong>gnitudinis,</strong></span> <span class='ocrx_word' id='word_1_667' title='bbox 2285 4614 2423 4668; x_wconf 86' lang='lat' dir='ltr'><strong>quas</strong></span> <span class='ocrx_word' id='word_1_668' title='bbox 2481 4604 2842 4667; x_wconf 85' lang='lat' dir='ltr'><strong>apparaverat</strong></span> <span class='ocrx_word' id='word_1_669' title='bbox 2900 4595 3201 4661; x_wconf 90' lang='lat' dir='ltr'><strong>Salomon,</strong></span> <span class='ocrx_word' id='word_1_670' title='bbox 3244 4606 3299 4650; x_wconf 92' lang='lat' dir='ltr'><strong>ct</strong></span> <span class='ocrx_word' id='word_1_671' title='bbox 3358 4609 3511 4651; x_wconf 85' lang='lat' dir='ltr'><strong>mare</strong></span> 
     </span>
    </p>
   </div>
   <div class='ocr_carea' id='block_1_97' title="bbox 1926 4687 3510 4757">
    <p class='ocr_par' dir='ltr' id='par_1_97' title="bbox 1926 4687 3510 4757">
     <span class='ocr_line' id='line_1_97' title="bbox 1926 4687 3510 4757; baseline -0.003 -12"><span class='ocrx_word' id='word_1_672' title='bbox 1926 4706 2157 4755; x_wconf 68' lang='lat' dir='ltr'><strong>teneam,</strong></span> <span class='ocrx_word' id='word_1_673' title='bbox 2210 4706 2334 4744; x_wconf 87' lang='lat' dir='ltr'><strong>cum</strong></span> <span class='ocrx_word' id='word_1_674' title='bbox 2396 4690 2723 4754; x_wconf 84' lang='lat' dir='ltr'><strong>conﬂasset,</strong></span> <span class='ocrx_word' id='word_1_675' title='bbox 2754 4688 3037 4743; x_wconf 87' lang='lat' dir='ltr'><strong>transtulit</strong></span> <span class='ocrx_word' id='word_1_676' title='bbox 3068 4687 3422 4757; x_wconf 83' lang='lat' dir='ltr'><strong>Babylonem.</strong></span> <span class='ocrx_word' id='word_1_677' title='bbox 3455 4694 3510 4743; x_wconf 86' lang='lat' dir='ltr'><strong>et</strong></span> 
     </span>
    </p>
   </div>
   <div class='ocr_carea' id='block_1_98' title="bbox 1928 4768 3511 4848">
    <p class='ocr_par' dir='ltr' id='par_1_98' title="bbox 1928 4768 3511 4848">
     <span class='ocr_line' id='line_1_98' title="bbox 1928 4768 3511 4848; baseline 0 -16"><span class='ocrx_word' id='word_1_678' title='bbox 1928 4778 2164 4832; x_wconf 86' lang='lat' dir='ltr'><strong>cacabns</strong></span> <span class='ocrx_word' id='word_1_679' title='bbox 2201 4789 2365 4848; x_wconf 87' lang='lat' dir='ltr'><strong>atque</strong></span> <span class='ocrx_word' id='word_1_680' title='bbox 2420 4780 2649 4834; x_wconf 86' lang='lat' dir='ltr'><strong>lebetes.</strong></span> <span class='ocrx_word' id='word_1_681' title='bbox 2720 4778 3060 4847; x_wconf 85' lang='grc' dir='ltr'>Ποδιστῆρας</span> <span class='ocrx_word' id='word_1_682' title='bbox 3108 4786 3289 4832; x_wconf 89' lang='lat' dir='ltr'><strong>autem</strong></span> <span class='ocrx_word' id='word_1_683' title='bbox 3339 4768 3511 4847; x_wconf 78' lang='lat' dir='ltr'><strong>Syrus</strong></span> 
     </span>
    </p>
   </div>
   <div class='ocr_carea' id='block_1_99' title="bbox 1930 4867 3508 4939">
    <p class='ocr_par' dir='ltr' id='par_1_99' title="bbox 1930 4867 3508 4939">
     <span class='ocr_line' id='line_1_99' title="bbox 1930 4867 3508 4939; baseline -0.003 -17"><span class='ocrx_word' id='word_1_684' title='bbox 1930 4870 2325 4939; x_wconf 84' lang='lat' dir='ltr'><strong>interpretatus</strong></span> <span class='ocrx_word' id='word_1_685' title='bbox 2380 4878 2464 4925; x_wconf 89' lang='lat' dir='ltr'><strong>est</strong></span> <span class='ocrx_word' id='word_1_686' title='bbox 2511 4869 2679 4937; x_wconf 80' lang='lat' dir='ltr'><strong>pelves</strong></span> <span class='ocrx_word' id='word_1_687' title='bbox 2745 4867 2983 4922; x_wconf 67' lang='lat' dir='ltr'><strong>lavandis</strong></span> <span class='ocrx_word' id='word_1_688' title='bbox 3053 4870 3273 4937; x_wconf 86' lang='lat' dir='ltr'><strong>pedibus</strong></span> <span class='ocrx_word' id='word_1_689' title='bbox 3333 4878 3508 4936; x_wconf 83' lang='lat' dir='ltr'><strong>aptas.</strong></span> 
     </span>
    </p>
   </div>
   <div class='ocr_carea' id='block_1_100' title="bbox 1929 4959 3511 5031">
    <p class='ocr_par' dir='ltr' id='par_1_100' title="bbox 1929 4959 3511 5031">
     <span class='ocr_line' id='line_1_100' title="bbox 1929 4959 3511 5031; baseline -0.003 -15"><span class='ocrx_word' id='word_1_690' title='bbox 1929 4963 2050 5016; x_wconf 80' lang='lat' dir='ltr'><strong>Alia</strong></span> <span class='ocrx_word' id='word_1_691' title='bbox 2080 4978 2302 5031; x_wconf 84' lang='lat' dir='ltr'><strong>quoquc</strong></span> <span class='ocrx_word' id='word_1_692' title='bbox 2347 4977 2471 5015; x_wconf 90' lang='lat' dir='ltr'><strong>cum</strong></span> <span class='ocrx_word' id='word_1_693' title='bbox 2508 4961 2595 5016; x_wconf 89' lang='lat' dir='ltr'><strong>his</strong></span> <span class='ocrx_word' id='word_1_694' title='bbox 2641 4977 2767 5016; x_wconf 83' lang='lat' dir='ltr'><strong>vasa</strong></span> <span class='ocrx_word' id='word_1_695' title='bbox 2807 4960 3053 5015; x_wconf 89' lang='lat' dir='ltr'><strong>abstulit.</strong></span> <span class='ocrx_word' id='word_1_696' title='bbox 3087 4959 3357 5029; x_wconf 83' lang='lat' dir='ltr'><strong>Sappltotlt</strong></span> <span class='ocrx_word' id='word_1_697' title='bbox 3411 4976 3511 5013; x_wconf 83' lang='lat' dir='ltr'><strong>au-</strong></span> 
     </span>
    </p>
   </div>
   <div class='ocr_carea' id='block_1_101' title="bbox 1929 5050 3513 5124">
    <p class='ocr_par' dir='ltr' id='par_1_101' title="bbox 1929 5050 3513 5124">
     <span class='ocr_line' id='line_1_101' title="bbox 1929 5050 3513 5124; baseline -0.002 -16"><span class='ocrx_word' id='word_1_698' title='bbox 1929 5065 2036 5110; x_wconf 90' lang='lat' dir='ltr'><strong>tem</strong></span> <span class='ocrx_word' id='word_1_699' title='bbox 2076 5061 2234 5107; x_wconf 81' lang='lat' dir='ltr'><strong>vocat</strong></span> <span class='ocrx_word' id='word_1_700' title='bbox 2267 5050 2790 5124; x_wconf 70' lang='lat' dir='ltr'><strong>obeliscos.[24~27]</strong></span> <span class='ocrx_word' id='word_1_701' title='bbox 2827 5051 2993 5106; x_wconf 90' lang='lat' dir='ltr'><strong>Docet</strong></span> <span class='ocrx_word' id='word_1_702' title='bbox 3036 5061 3215 5106; x_wconf 89' lang='lat' dir='ltr'><strong>autem</strong></span> <span class='ocrx_word' id='word_1_703' title='bbox 3236 5051 3513 5120; x_wconf 85' lang='lat' dir='ltr'><strong>quomodo</strong></span> 
     </span>
    </p>
   </div>
   <div class='ocr_carea' id='block_1_102' title="bbox 1933 5142 3512 5215">
    <p class='ocr_par' dir='ltr' id='par_1_102' title="bbox 1933 5142 3512 5215">
     <span class='ocr_line' id='line_1_102' title="bbox 1933 5142 3512 5215; baseline -0.004 -15"><span class='ocrx_word' id='word_1_704' title='bbox 1933 5164 2027 5203; x_wconf 82' lang='lat' dir='ltr'><strong>rex</strong></span> <span class='ocrx_word' id='word_1_705' title='bbox 2047 5145 2473 5215; x_wconf 85' lang='lat' dir='ltr'><strong>Babyloniorum</strong></span> <span class='ocrx_word' id='word_1_706' title='bbox 2497 5144 2839 5200; x_wconf 87' lang='lat' dir='ltr'><strong>interemerit</strong></span> <span class='ocrx_word' id='word_1_707' title='bbox 2868 5144 3104 5213; x_wconf 89' lang='lat' dir='ltr'><strong>primum</strong></span> <span class='ocrx_word' id='word_1_708' title='bbox 3130 5151 3185 5197; x_wconf 89' lang='lat' dir='ltr'><strong>et</strong></span> <span class='ocrx_word' id='word_1_709' title='bbox 3209 5142 3512 5197; x_wconf 84' lang='lat' dir='ltr'><strong>secundum</strong></span> 
     </span>
    </p>
   </div>
   <div class='ocr_carea' id='block_1_103' title="bbox 1936 5234 3511 5306">
    <p class='ocr_par' dir='ltr' id='par_1_103' title="bbox 1936 5234 3511 5306">
     <span class='ocr_line' id='line_1_103' title="bbox 1936 5234 3511 5306; baseline -0.004 -15"><span class='ocrx_word' id='word_1_710' title='bbox 1936 5237 2306 5301; x_wconf 84' lang='lat' dir='ltr'><strong>sacerdotem,</strong></span> <span class='ocrx_word' id='word_1_711' title='bbox 2340 5245 2393 5290; x_wconf 87' lang='lat' dir='ltr'><strong>et</strong></span> <span class='ocrx_word' id='word_1_712' title='bbox 2425 5237 2564 5292; x_wconf 91' lang='lat' dir='ltr'><strong>alios</strong></span> <span class='ocrx_word' id='word_1_713' title='bbox 2596 5237 2688 5306; x_wconf 91' lang='lat' dir='ltr'><strong>qui</strong></span> <span class='ocrx_word' id='word_1_714' title='bbox 2721 5236 2939 5292; x_wconf 84' lang='lat' dir='ltr'><strong>abducti</strong></span> <span class='ocrx_word' id='word_1_715' title='bbox 2976 5234 3196 5291; x_wconf 77' lang='lat' dir='ltr'><strong>fuerant</strong></span> <span class='ocrx_word' id='word_1_716' title='bbox 3227 5250 3351 5289; x_wconf 92' lang='lat' dir='ltr'><strong>cum</strong></span> <span class='ocrx_word' id='word_1_717' title='bbox 3382 5234 3511 5295; x_wconf 79' lang='lat' dir='ltr'><strong>illis,</strong></span> 
     </span>
    </p>
   </div>
   <div class='ocr_carea' id='block_1_104' title="bbox 1563 5393 2261 5449">
    <p class='ocr_par' dir='ltr' id='par_1_104' title="bbox 1563 5393 2261 5449">
     <span class='ocr_line' id='line_1_104' title="bbox 1563 5393 2261 5449; baseline -0.001 -1"><span class='ocrx_word' id='word_1_718' title='bbox 1563 5393 1803 5448; x_wconf 70' lang='lat' dir='ltr'><strong>VARUE</strong></span> <span class='ocrx_word' id='word_1_719' title='bbox 1846 5393 2261 5449; x_wconf 73' lang='lat' dir='ltr'><strong>LECTIONES.</strong></span> 
     </span>
    </p>
   </div>
   <div class='ocr_carea' id='block_1_105' title="bbox 327 5515 1676 5593">
    <p class='ocr_par' dir='ltr' id='par_1_105' title="bbox 327 5515 1676 5593">
     <span class='ocr_line' id='line_1_105' title="bbox 327 5515 1676 5593; baseline -0.007 -16"><span class='ocrx_word' id='word_1_720' title='bbox 327 5523 368 5553; x_wconf 87' lang='grc'><strong>³⁸</strong></span> <span class='ocrx_word' id='word_1_721' title='bbox 390 5522 663 5593; x_wconf 14' lang='grc' dir='ltr'>ΒίΣαρέᾳ.</span> <span class='ocrx_word' id='word_1_722' title='bbox 735 5521 779 5552; x_wconf 73' lang='grc'><strong>³⁸</strong></span> <span class='ocrx_word' id='word_1_723' title='bbox 801 5520 929 5575; x_wconf 80' lang='lat' dir='ltr'><strong>Rec.</strong></span> <span class='ocrx_word' id='word_1_724' title='bbox 964 5519 1125 5593; x_wconf 81' lang='lat' dir='ltr'><strong>lectio</strong></span> <span class='ocrx_word' id='word_1_725' title='bbox 1151 5526 1233 5573; x_wconf 85' lang='lat' dir='ltr'><strong>est</strong></span> <span class='ocrx_word' id='word_1_726' title='bbox 1270 5515 1676 5593; x_wconf 69' lang='grc' dir='ltr'>κατοικοῦντας.</span> 
     </span>
    </p>
   </div>
   <div class='ocr_carea' id='block_1_106' title="bbox 1758 5513 2695 5585">
    <p class='ocr_par' dir='ltr' id='par_1_106' title="bbox 1758 5513 2695 5585">
     <span class='ocr_line' id='line_1_106' title="bbox 1758 5513 2695 5585; baseline 0.022 -41"><span class='ocrx_word' id='word_1_727' title='bbox 1758 5516 1799 5545; x_wconf 76' lang='grc' dir='ltr'><strong>ιτ</strong></span> <span class='ocrx_word' id='word_1_728' title='bbox 1841 5515 1966 5585; x_wconf 62' lang='grc' dir='ltr'>ἔφη,</span> <span class='ocrx_word' id='word_1_729' title='bbox 2079 5513 2228 5583; x_wconf 76' lang='grc' dir='ltr'>φησί.</span> <span class='ocrx_word' id='word_1_730' title='bbox 2286 5514 2350 5585; x_wconf 42' lang='grc' dir='ltr'><strong>-δξ</strong></span> <span class='ocrx_word' id='word_1_731' title='bbox 2447 5513 2695 5566; x_wconf 73' lang='grc' dir='ltr'>ἐνταῦθα.</span> 
     </span>
    </p>
   </div>
   <div class='ocr_carea' id='block_1_107' title="bbox 2775 5505 3515 5563">
    <p class='ocr_par' dir='ltr' id='par_1_107' title="bbox 2775 5505 3515 5563">
     <span class='ocr_line' id='line_1_107' title="bbox 2775 5505 3515 5563; baseline -0.015 1"><span class='ocrx_word' id='word_1_732' title='bbox 2775 5514 2819 5543; x_wconf 77' lang='grc'><strong>³³</strong></span> <span class='ocrx_word' id='word_1_733' title='bbox 2848 5512 2887 5563; x_wconf 87' lang='grc' dir='ltr'>Β</span> <span class='ocrx_word' id='word_1_734' title='bbox 2916 5509 3176 5561; x_wconf 82' lang='grc' dir='ltr'>διδάσκει.</span> <span class='ocrx_word' id='word_1_735' title='bbox 3257 5506 3300 5535; x_wconf 70' lang='grc' dir='ltr'><strong>⁵ο</strong></span> <span class='ocrx_word' id='word_1_736' title='bbox 3328 5505 3420 5555; x_wconf 72' lang='grc' dir='ltr'>καὶ</span> <span class='ocrx_word' id='word_1_737' title='bbox 3444 5532 3515 5543; x_wconf 87' lang='lat'><strong>--</strong></span> 
     </span>
    </p>
   </div>
   <div class='ocr_carea' id='block_1_108' title="bbox 262 5572 3513 5654">
    <p class='ocr_par' dir='ltr' id='par_1_108' title="bbox 262 5572 3513 5654">
     <span class='ocr_line' id='line_1_108' title="bbox 262 5572 3513 5654; baseline -0.007 -9"><span class='ocrx_word' id='word_1_738' title='bbox 262 5572 828 5647; x_wconf 47' lang='lat' dir='ltr'><strong>82e&#39;r._H:—ecrrel&#39;erunt</strong></span> <span class='ocrx_word' id='word_1_739' title='bbox 848 5572 973 5645; x_wconf 73' lang='lat' dir='ltr'><strong>sese</strong></span> <span class='ocrx_word' id='word_1_740' title='bbox 993 5572 1065 5643; x_wconf 71' lang='lat' dir='ltr'><strong>ad</strong></span> <span class='ocrx_word' id='word_1_741' title='bbox 1091 5572 1232 5642; x_wconf 79' lang='lat' dir='ltr'><strong>vers.</strong></span> <span class='ocrx_word' id='word_1_742' title='bbox 1262 5588 1317 5649; x_wconf 72' lang='lat'><strong>2,</strong></span> <span class='ocrx_word' id='word_1_743' title='bbox 1348 5587 1441 5654; x_wconf 87' lang='lat' dir='ltr'><strong>qui</strong></span> <span class='ocrx_word' id='word_1_744' title='bbox 1466 5601 1572 5639; x_wconf 88' lang='lat' dir='ltr'><strong>una</strong></span> <span class='ocrx_word' id='word_1_745' title='bbox 1596 5572 1723 5638; x_wconf 80' lang='lat' dir='ltr'><strong>cum</strong></span> <span class='ocrx_word' id='word_1_746' title='bbox 1750 5572 1893 5640; x_wconf 55' lang='lat' dir='ltr'><strong>vers:</strong></span> <span class='ocrx_word' id='word_1_747' title='bbox 1923 5572 1977 5648; x_wconf 63' lang='grc' dir='ltr'><strong>ξ’),</strong></span> <span class='ocrx_word' id='word_1_748' title='bbox 2010 5572 2300 5652; x_wconf 72' lang='grc' dir='ltr'><strong>(Ιοέ.ὀῃιι(1</strong></span> <span class='ocrx_word' id='word_1_749' title='bbox 2331 5583 2467 5637; x_wconf 73' lang='lat' dir='ltr'><strong>LXX</strong></span> <span class='ocrx_word' id='word_1_750' title='bbox 2498 5601 2510 5645; x_wconf 87' lang='lat'>;</span> <span class='ocrx_word' id='word_1_751' title='bbox 2547 5583 2766 5654; x_wconf 74' lang='lat' dir='ltr'><strong>incdit.</strong></span> <span class='ocrx_word' id='word_1_752' title='bbox 2798 5580 3013 5646; x_wconf 84' lang='lat' dir='ltr'><strong>Cnmpl.</strong></span> <span class='ocrx_word' id='word_1_753' title='bbox 3040 5585 3218 5654; x_wconf 65' lang='lat' dir='ltr'><strong>autem</strong></span> <span class='ocrx_word' id='word_1_754' title='bbox 3256 5583 3309 5625; x_wconf 86' lang='lat' dir='ltr'><strong>et</strong></span> <span class='ocrx_word' id='word_1_755' title='bbox 3339 5572 3513 5654; x_wconf 46' lang='lat' dir='ltr'><strong>&#39;Grab.</strong></span> 
     </span>
    </p>
   </div>
   <div class='ocr_carea' id='block_1_109' title="bbox 266 5659 1213 5731">
    <p class='ocr_par' dir='ltr' id='par_1_109' title="bbox 266 5659 1213 5731">
     <span class='ocr_line' id='line_1_109' title="bbox 266 5659 1213 5731; baseline -0.005 -16"><span class='ocrx_word' id='word_1_756' title='bbox 266 5663 532 5731; x_wconf 85' lang='lat' dir='ltr'><strong>suppletus</strong></span> <span class='ocrx_word' id='word_1_757' title='bbox 587 5670 693 5716; x_wconf 86' lang='lat' dir='ltr'><strong>est.</strong></span> <span class='ocrx_word' id='word_1_758' title='bbox 787 5662 834 5731; x_wconf 10' lang='grc' dir='ltr'>,δι</span> <span class='ocrx_word' id='word_1_759' title='bbox 874 5661 969 5731; x_wconf 79' lang='grc' dir='ltr'>ᾡς.</span> <span class='ocrx_word' id='word_1_760' title='bbox 1023 5659 1213 5731; x_wconf 66' lang='lat' dir='ltr'><strong>Dan.</strong></span> 
     </span>
    </p>
   </div>
   <div class='ocr_carea' id='block_1_110' title="bbox 1322 5656 1870 5724">
    <p class='ocr_par' dir='ltr' id='par_1_110' title="bbox 1322 5656 1870 5724">
     <span class='ocr_line' id='line_1_110' title="bbox 1322 5656 1870 5724; baseline -0.002 -16"><span class='ocrx_word' id='word_1_761' title='bbox 1322 5659 1363 5686; x_wconf 66' lang='grc' dir='ltr'>δ’</span> <span class='ocrx_word' id='word_1_762' title='bbox 1409 5656 1447 5708; x_wconf 83' lang='grc' dir='ltr'><strong>Β</strong></span> <span class='ocrx_word' id='word_1_763' title='bbox 1492 5657 1870 5724; x_wconf 79' lang='grc' dir='ltr'>ἐστράτευσεν.</span> 
     </span>
    </p>
   </div>
   <div class='ocr_carea' id='block_1_111' title="bbox 1964 5641 3514 5723">
    <p class='ocr_par' dir='ltr' id='par_1_111' title="bbox 1964 5641 3514 5723">
     <span class='ocr_line' id='line_1_111' title="bbox 1964 5641 3514 5723; baseline -0.01 -15"><span class='ocrx_word' id='word_1_764' title='bbox 1964 5641 2010 5685; x_wconf 61' lang='grc' dir='ltr'><strong>λδ</strong></span> <span class='ocrx_word' id='word_1_765' title='bbox 2056 5655 2097 5708; x_wconf 84' lang='grc' dir='ltr'><strong>Β</strong></span> <span class='ocrx_word' id='word_1_766' title='bbox 2158 5641 2434 5723; x_wconf 68' lang='grc' dir='ltr'>ἀνέλαβον.</span> <span class='ocrx_word' id='word_1_767' title='bbox 2502 5641 2556 5684; x_wconf 49' lang='grc'><strong>’⁵³</strong></span> <span class='ocrx_word' id='word_1_768' title='bbox 2601 5641 3006 5723; x_wconf 48' lang='lat' dir='ltr'><strong>utut,me</strong></span> <span class='ocrx_word' id='word_1_769' title='bbox 3060 5641 3514 5723; x_wconf 42' lang='grc' dir='ltr'>⁵⁵ΠΒΙπρξῦτους.</span> 
     </span>
    </p>
   </div>
   <div class='ocr_carea' id='block_1_112' title="bbox 265 5711 3516 5802">
    <p class='ocr_par' dir='ltr' id='par_1_112' title="bbox 265 5711 3516 5802">
     <span class='ocr_line' id='line_1_112' title="bbox 265 5711 3516 5802; baseline -0.005 -18"><span class='ocrx_word' id='word_1_770' title='bbox 783 5730 827 5762; x_wconf 68' lang='grc'><strong>⁸⁷</strong></span> <span class='ocrx_word' id='word_1_771' title='bbox 874 5711 1235 5802; x_wconf 16' lang='grc' dir='ltr'>Βῖπεριθᾉείςι-</span> <span class='ocrx_word' id='word_1_772' title='bbox 1278 5728 1324 5757; x_wconf 70' lang='grc'><strong>⁸⁸</strong></span> <span class='ocrx_word' id='word_1_773' title='bbox 1355 5728 1560 5802; x_wconf 29' lang='grc' dir='ltr'>τλάστ.</span> <span class='ocrx_word' id='word_1_774' title='bbox 1591 5711 1636 5777; x_wconf 69' lang='grc' dir='ltr'><strong>’Β</strong></span> <span class='ocrx_word' id='word_1_775' title='bbox 1664 5727 1763 5802; x_wconf 73' lang='grc' dir='ltr'>τῆς</span> <span class='ocrx_word' id='word_1_776' title='bbox 1807 5726 2050 5802; x_wconf 36' lang='grc' dir='ltr'>πόλεως.-</span> <span class='ocrx_word' id='word_1_777' title='bbox 2112 5726 2154 5757; x_wconf 70' lang='grc' dir='ltr'>δ’</span> <span class='ocrx_word' id='word_1_778' title='bbox 2200 5711 2380 5802; x_wconf 43' lang='lat' dir='ltr'><strong>garrio.</strong></span> <span class='ocrx_word' id='word_1_779' title='bbox 2589 5711 3258 5802; x_wconf 12' lang='lat' dir='ltr'><strong>aliterLVitl.&quot;Mo‘n‘t‘il‘in</strong></span> 
     </span>
    </p>
   </div>
   <div class='ocr_carea' id='block_1_113' title="bbox 268 5803 479 5858">
    <p class='ocr_par' dir='ltr' id='par_1_113' title="bbox 268 5803 479 5858">
     <span class='ocr_line' id='line_1_113' title="bbox 268 5803 479 5858; baseline -0.019 1"><span class='ocrx_word' id='word_1_780' title='bbox 268 5805 383 5858; x_wconf 72' lang='lat' dir='ltr'><strong>:dlt</strong></span> <span class='ocrx_word' id='word_1_781' title='bbox 443 5803 479 5856; x_wconf 91' lang='lat' dir='ltr'><strong>l.</strong></span> 
     </span>
    </p>
   </div>
   <div class='ocr_carea' id='block_1_114' title="bbox 554 5781 3512 5870">
    <p class='ocr_par' dir='ltr' id='par_1_114' title="bbox 554 5781 3512 5870">
     <span class='ocr_line' id='line_1_114' title="bbox 554 5781 3512 5870; baseline -0.006 -16"><span class='ocrx_word' id='word_1_782' title='bbox 554 5781 777 5870; x_wconf 56' lang='grc' dir='ltr'><strong>ίθ’λέγει</strong></span> <span class='ocrx_word' id='word_1_783' title='bbox 808 5781 1317 5869; x_wconf 28' lang='grc' dir='ltr'>-θάριθμόνίιῐωο</span> <span class='ocrx_word' id='word_1_784' title='bbox 1342 5796 1443 5852; x_wconf 73' lang='lat' dir='ltr'><strong>rel&quot;.</strong></span> <span class='ocrx_word' id='word_1_785' title='bbox 1470 5812 1589 5851; x_wconf 85' lang='lat' dir='ltr'><strong>sese</strong></span> <span class='ocrx_word' id='word_1_786' title='bbox 1619 5797 1680 5850; x_wconf 83' lang='lat' dir='ltr'><strong>ad</strong></span> <span class='ocrx_word' id='word_1_787' title='bbox 1712 5781 1851 5851; x_wconf 59' lang='lat' dir='ltr'><strong>vers.</strong></span> <span class='ocrx_word' id='word_1_788' title='bbox 1878 5782 2078 5861; x_wconf 75' lang='lat'><strong>28-30,</strong></span> <span class='ocrx_word' id='word_1_789' title='bbox 2130 5796 2220 5864; x_wconf 89' lang='lat' dir='ltr'><strong>qui</strong></span> <span class='ocrx_word' id='word_1_790' title='bbox 2260 5781 2365 5850; x_wconf 74' lang='lat' dir='ltr'><strong>non</strong></span> <span class='ocrx_word' id='word_1_791' title='bbox 2398 5794 2500 5849; x_wconf 87' lang='lat' dir='ltr'><strong>nisi</strong></span> <span class='ocrx_word' id='word_1_792' title='bbox 2527 5793 2580 5846; x_wconf 89' lang='lat' dir='ltr'><strong>iu</strong></span> <span class='ocrx_word' id='word_1_793' title='bbox 2616 5792 2736 5845; x_wconf 78' lang='lat' dir='ltr'><strong>edit.</strong></span> <span class='ocrx_word' id='word_1_794' title='bbox 2773 5786 2985 5855; x_wconf 85' lang='lat' dir='ltr'><strong>Compl.</strong></span> <span class='ocrx_word' id='word_1_795' title='bbox 3008 5794 3060 5839; x_wconf 89' lang='lat' dir='ltr'><strong>et</strong></span> <span class='ocrx_word' id='word_1_796' title='bbox 3083 5781 3245 5837; x_wconf 85' lang='lat' dir='ltr'><strong>Grab.</strong></span> <span class='ocrx_word' id='word_1_797' title='bbox 3278 5781 3512 5836; x_wconf 77' lang='lat' dir='ltr'><strong>exstant.</strong></span> 
     </span>
    </p>
   </div>
  </div>
