3868 6204
316 227 413 289 773

1536 240 1619 304 ΙΝ
1674 245 1986 306 BARUCII
2024 246 2182 307 CAP.
2230 247 2320 307 [V-

3449 251 3560 319 ’174

309 346 458 412 ὅρους
486 343 743 412 φυλάττει
773 366 783 377 ’
818 352 1097 419 φυλακὰς
1120 352 1176 406 δὲ
1202 354 1471 423 ἀστέρων
1503 357 1628 419 τοὺς
1652 359 1849 429 καιροῦ

1985 366 2038 414 et
2061 360 2525 430 Opportunitates.
2572 361 2707 417 Nam
2748 379 3098 436 unaquaque
3126 365 3352 423 definito
3383 372 3558 425 oritur

310 432 489 488 καλεῖ·
542 436 687 491 κατὰ
713 438 822 507 γὰρ
851 441 943 495 τὸν
981 444 1287 517 ὡρισμένον
1327 446 1560 511 ἕκαστος
1590 449 1636 482 ⁸⁹
1672 447 1883 519 ἀνίσχει

306 525 512 595 καιρόν.

360 613 469 678 λς’.
514 611 705 682 Οὗτος
724 620 770 650 ⁸⁸
813 623 847 674 d
897 623 1042 690 Θεὸς
1080 622 1267 693 ἡμῶν.
1320 626 1607 681 Ἀπάντων
1630 629 1673 660 ⁸¹
1719 630 1883 700 δημι-

299 709 513 777 ουργὸς,
561 712 591 764 6
632 712 839 769 τούτων
886 717 1229 788 κυϐερνήτης
1276 720 1369 772 καὶ
1419 721 1704 792 πρύτανις.
1752 742 1770 775 ι
1802 724 1878 777 Οὐ

296 798 673 871 λογισθήσεται
723 805 913 878 ἔτερος
964 808 1102 882 πρὸς
1147 810 1326 867 αὐτόν.
1369 831 1387 863 ι
1443 814 1555 885 Οὐχ
1603 815 1737 870 Υίοῦ
1787 821 1879 874 καὶ

295 890 503 962 Πατρὸς
531 898 767 951 ποιεῖται
797 900 1106 969 σύγκρισιν,
1143 903 1280 958 ἀλλὰ
1304 906 1430 970 τοὺς
1454 907 1820 978 καλουμένους
1849 914 1878 965 6

293 979 445 1048 λόγος
470 986 724 1042 ἐκϐάλλει
759 989 938 1054 θεούς.
1312 1044 1328 1055 .

355 1073 453 1137 λζ’.
507 1076 749 1149 Ἔξεῦρε
785 1081 996 1138 πᾶσαν
1035 1084 1179 1139 ὁδὸν
1222 1087 1578 1159 ἐπιστήμης.
1618 1093 1787 1147 Πάλιν
1813 1095 1875 1149 τὸ

289 1165 534 1236 ἐξεῦρεν
571 1171 940 1243 ἀνθρωπίνως
971 1176 1205 1232 τέθεικε.
1256 1180 1413 1251 Πηγὴ
1462 1182 1569 1254 γάρ
1613 1186 1727 1237 ἐστι
1766 1186 1873 1239 τῶν

290 1259 528 1328 ἀγαθῶν.
572 1281 593 1314 ι
616 1264 728 1316 Καὶ
756 1264 956 1319 ἔδωκεν
978 1267 1147 1340 αὐτὴν
1182 1269 1380 1323 Ἰακὼὸ
1401 1272 1477 1341 τῷ
1510 1273 1659 1326 παιδὶ
1682 1274 1868 1341 αὑτοῦ,

291 1351 376 1403 καὶ
420 1352 642 1423 Ἰσραὴλ
674 1352 751 1423 τῷ
791 1357 1139 1429 ἠγαπημένῳ
1180 1358 1272 1411 ὑπ’
1318 1360 1504 1414 αὐτοῦ.
1540 1381 1557 1413 ι
1618 1362 1728 1433 Τὴν
1772 1364 1871 1433 τῆς

289 1438 614 1506 θεογνωσίας
656 1441 1025 1514 διδασκαλίαν,
1069 1446 1160 1501 τὸν
1188 1447 1276 1501 διὰ
1309 1450 1550 1514 Μωσέως
1567 1450 1611 1482 ⁸⁸
1642 1451 1871 1505 δοθέντα

287 1528 468 1597 νόμον.

357 1619 460 1689 λη’.
514 1624 677 1677 Μετὰ
714 1625 904 1679 ταῦτα
943 1626 1042 1680 ἐπὶ
1090 1627 1199 1697 τῆς
1231 1629 1346 1699 γῆς
1378 1631 1566 1701 ὤφθη,
1614 1634 1709 1687 καί
1742 1634 1859 1703 τοῖς

1988 456 2095 504 tem
2103 465 2255 520 pore.

2052 625 2221 685 Vens.
2270 628 2361 684 36.
2408 631 2510 685 Hic
2534 641 2615 686 est
2652 631 2790 686 Deus
2836 642 3032 688 noster.
3069 632 3278 690 Horum
3310 637 3561 694 omnium

1981 719 2184 789 opifex,
2237 721 2433 777 horum
2490 723 2849 795 gubernator,
2910 734 2966 781 et
3012 727 3329 796 praefectus.
3378 750 3397 782 ‹
3436 730 3558 787 Non

1979 812 2343 867 aastimabitur
2369 814 2509 869 alius
2534 810 2606 869 ad
2633 830 2780 870 eum.
2818 834 2839 868 ι
2877 814 2997 871 Non
3032 817 3165 872 facil.
3190 823 3556 890 comparatio-

1977 916 2100 972 nem
2141 900 2320 957 Patris
2359 913 2415 957 et
2462 902 2617 970 Filii,
2650 905 2745 960 sed
2781 906 2965 976 rejicit
2997 921 3094 962 eos
3153 912 3248 978 qui
3290 921 3558 966 vocantur

1976 992 2075 1046 dii.

2045 1081 2213 1138 Vsus.
2244 1084 2332 1137 57.
2370 1082 2577 1138 Invenit
2610 1102 2818 1141 omnem
2843 1089 2980 1142 viam
3014 1088 3267 1144 scientite.
3301 1088 3555 1147 Humano

1972 1191 2169 1230 rursus
2204 1191 2353 1231 more
2376 1177 2563 1246 posuit
2587 1178 2805 1243 invenit,
2851 1194 2976 1233 cum
2997 1180 3071 1235 sit
3105 1179 3231 1236 fons
3254 1182 3549 1238 bonorum.

1979 1286 1997 1318 ι
2037 1265 2100 1320 Et
2128 1266 2277 1321 dedit
2303 1268 2452 1322 illam
2486 1266 2690 1323 Jacobo
2712 1269 2873 1342 64],
2916 1287 3086 1341 puero
3116 1287 3240 1338 suo,
3275 1283 3329 1329 et
3362 1274 3548 1331 lsraeli

1970 1360 2174 1414 dilecto
2208 1374 2330 1416 suo.
2388 1378 2407 1411 ι
2448 1360 2767 1417 Doctrinam
2816 1364 3032 1420 scilicet
3071 1365 3281 1421 notitiae
3313 1366 3546 1435 divinae,

1972 1450 2142 1522 legem
2178 1452 2362 1507 datam
2398 1467 2495 1522 per
2533 1451 2746 1509 Mosen.

2038 1631 2203 1686 Vsns.
2264 1632 2354 1686 '58.
2394 1630 2525 1686 Post
2559 1634 2670 1687 [nec
2699 1633 2756 1686 in
2821 1632 2977 1687 terris
3006 1636 3151 1689 visus
3183 1641 3282 1697 est,
3317 1642 3367 1688 et
3422 1650 3543 1689 cum

283 1711 612 1781 ἀνθρώποις
643 1721 1131 1788 συνανεστράφη.
1196 1722 1390 1791 Σαφῶς
1438 1727 1571 1796 ἡμῖν
1624 1726 1652 1778 6
1701 1727 1850 1796 λόγος

1970 1722 2264 1776 hominibus
2293 1732 2634 1779 conversatus
2664 1732 2766 1779 est.
2801 1723 3049 1780 Dilucide
3070 1730 3087 1747 '
3120 1727 3277 1783 nobis
3302 1728 3545 1783 ostendit

286 1805 527 1870 ὑπέδειξε
557 1808 657 1878 τὴν
685 1808 779 1862 τοῦ
815 1812 1157 1881 Μονογενοῦς
1198 1815 1632 1887 ὲνανθρώπησιν,
1662 1820 1755 1872 καὶ
1784 1819 1859 1883 ὡς

284 1897 437 1960 αὐτός
470 1899 588 1952 ἐστι
617 1900 727 1953 τῶν
753 1903 1009 1957 ἁπάντων
1037 1904 1389 1976 δημιουργὸς,
1421 1909 1515 1961 καὶ
1542 1909 1642 1979 τῆς
1666 1912 1857 1979 σοφίας

286 1987 451 2056 πηγή.
484 1989 657 2053 Αὐτὸς
688 1992 868 2044 τοίνυν
893 1994 1065 2064 αὐτῆς
1090 1995 1334 2067 ὑπάρχει
1364 1997 1458 2051 καὶ
1489 1999 1740 2070 ποιητὴς,
1762 2002 1857 2053 καὶ

282 2078 596 2150 Δεσπότηςο
652 2081 746 2134 καὶ
790 2084 919 2155 περὶ
966 2086 1131 2139 αὑτοῦ
1185 2104 1349 2159 φησιν
1396 2089 1455 2143 ἐν
1484 2090 1851 2161 Παροιμίαιςο

286 2187 305 2219 ι
330 2170 535 2242 Κύριος
567 2172 747 2227 ἔκτισέ
780 2193 846 2245 με
878 2176 1054 2248 ἀρχὴν
1083 2178 1217 2231 ὁδῶν
1234 2179 1278 2210 ⁸³
1305 2180 1385 2243 είς
1427 2179 1563 2252 ἔργα
1597 2182 1783 2239 αὑτοῦ.
1828 2204 1848 2236 ι

282 2262 351 2314 Οὐ
383 2262 491 2335 γάρ
523 2266 550 2317 ό
583 2265 713 2330 Θεὸς
762 2267 935 2337 Λόγος
982 2271 1167 2324 ἐκεῖνα
1207 2271 1374 2341 λέγει,
1409 2273 1545 2327 ἀλλὰ
1592 2274 1685 2329 τοῦ
1717 2275 1851 2331 Θεοῦ

281 2352 449 2421 Λόγου
480 2356 513 2426 ή
546 2357 639 2410 ὑπ’
667 2358 833 2412 αὐτοῦ
869 2363 1378 2418 κατασκευασθεῖσα
1421 2366 1601 2436 σοφία.

288 2518 301 2547 ι
796 2497 1217 2554 ΚΕΦΑΛᾹῙΟΝ.
1258 2502 1332 2553 Δ⁹.

339 2606 407 2656 α’.
428 2602 590 2672 Αὕτη
616 2606 654 2673 ἠ
675 2607 894 2673 ,ϐίϐλος
915 2608 1031 2662 τῶν
1050 2613 1522 2682 προσταγμάτων
1542 2616 1647 2671 τοῦ
1673 2617 1845 2673 Θεοῦ.

278 2691 581 2761 Τουτέστιν,
606 2697 747 2767 ήδιὰ
772 2699 871 2768 τῆς
903 2701 1367 2774 ὲνανθρωπήσεως
1397 2706 1492 2759 τοῦ
1524 2710 1848 2779 μονογενοῦς

279 2782 525 2839 Υίοῦιτοῦ
550 2786 686 2840 Θεοῦ
714 2788 991 2862 δεδομένη.
1034 2812 1052 2843 ι
1086 2795 1197 2848 Καὶ
1235 2795 1396 2865 νόμος
1427 2800 1455 2851 ό
1483 2798 1744 2871 ὑπάρχων
1764 2804 1845 2868 είς

274 2874 360 2928 τὸν
410 2875 605 2930 αἰῶνα.
650 2895 671 2929 ι
737 2878 802 2931 Ἦ
852 2879 961 2950 γὰρ
1016 2882 1221 2936 παλαιά
1277 2884 1524 2955 Διαθήκη
1572 2888 1634 2941 τὸ
1694 2890 1845 2953 τέλος

274 2964 502 3030 ἐδέξατο.
561 2985 580 3019 ι
617 2968 831 3033 Πάντες
856 2972 904 3023 οἱ
938 2972 1270 3042 κρατοῦντες
1298 2976 1470 3046 αὐτὴν
1493 2976 1542 3009 ⁸⁸
1567 2980 1647 3042 είς
1675 2978 1841 3052 ζωὴν,

1963 1816 2393 1870 incarnationem
2441 1814 2740 1888 Unigeniti,
2808 1817 3099 1889 ipsumque
3158 1822 3539 1876 universorum

1962 1922 2084 1963 esse
2136 1907 2384 1978 cpiticem
2452 1915 2507 1962 ct
2567 1908 2854 1977 sapientiae
2894 1908 3120 1966 fontem.
3186 1910 3338 1967 Illius
3394 1913 3539 1968 enim

1962 2000 2078 2068 ipse
2106 2007 2160 2054 et
2190 1999 2367 2054 factor
2394 2007 2480 2055 est
2527 2007 2583 2054 et
2618 1999 2905 2056 Dominus.
2961 2000 3027 2055 Et
3056 2001 3122 2056 de
3183 2003 3303 2072 ipso
3358 2004 3436 2058 ait
3480 2004 3539 2058 in

1960 2086 2312 2143 Proverbiis:
2351 2107 2370 2140 ι
2409 2086 2678 2143 Dominus
2713 2090 2922 2143 creavit
2956 2106 3044 2145 me
3070 2091 3288 2146 initium
3324 2093 3537 2146 viarum

1960 2179 2024 2233 ad
2061 2193 2225 2249 Opera
2258 2194 2358 2234 sua
2387 2179 2429 2232 ί.
2470 2196 2488 2229 ι
2516 2177 2636 2233 Νοη
2671 2179 2818 2233 enim
2855 2178 3000 2235 Deus
3035 2180 3276 2235 Verbum
3323 2182 3417 2238 illa
3446 2182 3534 2238 di-

1957 2273 2053 2340 cit,
2084 2273 2179 2328 sed
2209 2271 2304 2328 Dei
2329 2270 2497 2326 Verbi
2526 2270 2596 2327 ab
2624 2272 2745 2342 ipso
2766 2272 2993 2328 condita
3025 2274 3319 2343 sapientia.

2550 2488 2782 2545 CAPUT
2810 2489 2900 2544 IV.

2028 2602 2192 2659 Vens.
2226 2604 2280 2658 i.
2347 2602 2452 2657 Hic
2505 2602 2754 2658 estliber
2806 2602 3191 2659 mandatorum
3245 2605 3366 2659 Dei.
3424 2604 3531 2674 Qui

1953 2694 2214 2749 nimirum
2237 2694 2399 2750 datus
2431 2703 2516 2750 est
2547 2710 2647 2764 per
2681 2695 2936 2750 humana!
2957 2705 3163 2753 natura:
3192 2697 3530 2768 assumptio-

1952 2799 2076 2839 ηοω
2118 2784 2187 2837 ab
2220 2782 2506 2854 uuigenito
2537 2782 2676 2838 Filio
2718 2782 2836 2838 Dei.
2880 2802 2899 2832 ι
2935 2782 3001 2837 Ει
3042 2784 3149 2846 lex,
3204 2800 3326 2855 quae
3354 2797 3437 2843 est
3470 2786 3529 2842 in

1950 2882 2238 2927 aeternum.
2279 2892 2299 2924 ι
2339 2871 2509 2929 Vetus
2543 2874 2688 2929 enim
2728 2870 3138 2930 Testamentum
3172 2875 3335 2932 ﬁnem
3370 2892 3531 2933 acce-

1951 2963 2051 3031 pit.
2078 2981 2096 3014 ι
2132 2961 2337 3018 Omnes
2368 2964 2464 3035 qui
2498 2971 2687 3019 tenent
2711 2978 2855 3028 eam,
2880 2965 3206 3033 pervenient
3229 2967 3297 3019 ad
3319 2966 3524 3032 vitam;

272 3056 319 3109 oi
339 3056 393 3110 δὲ
418 3057 811 3125 καταλιπόντες
828 3061 873 3094 ⁸⁸
903 3064 1072 3135 αὐτὴν
1097 3065 1513 3122 ἀποθανοῦνται.
1552 3088 1570 3120 ι
1605 3071 1842 3138 Ἔδειξεν

1970 3062 2003 3107 :t
2033 3054 2131 3124 qui
2165 3055 2565 3125 dereliquerint
2617 3070 2757 3119 eam,
2795 3055 3127 3111 morientur.
3161 3074 3182 3109 ι
3233 3056 3530 3111 Utromm—

272 3148 591 3222 ἀμφοτέροιν
617 3153 681 3205 τὸ
705 3154 855 3217 τέλος
881 3172 895 3186 ·
930 3150 1046 3209 εἶτα
1077 3161 1335 3225 παραινεῖ
1353 3158 1432 3229 τῷ
1459 3159 1571 3235 λαῷ
1601 3161 1678 3232 τῷ
1704 3180 1842 3234 χρη-

276 3240 544 3308 ματίζοντι
580 3241 814 3298 Ἰακώϐ.Δ

337 3330 398 3400 β’.
452 3333 865 3403 Ἐπιστρέφου,
913 3337 1137 3404 Ἰακὼϐ,
1175 3339 1273 3395 καὶ
1299 3339 1591 3397 ἐπιλαϐοῦ
1610 3343 1799 3411 αὐτῆς
1821 3360 1836 3375 .

273 3420 579 3479 διόδευσον
597 3428 748 3495 πρὸς
767 3426 882 3494 τὴν
904 3428 1140 3497 λάμψειν
1166 3431 1479 3486 κατέναντι
1505 3433 1614 3487 τοῦ
1642 3435 1840 3503 φωτὸς

273 3516 467 3584 αὐτῆς.
513 3518 905 3591 Ἀκολούθησον
934 3523 997 3591 τῇ
1039 3522 1180 3595 αὐγῇ
1211 3525 1311 3595 τῆς
1374 3528 1597 3589 ἀκτῖνος
1632 3542 1645 3555 ·
1696 3543 1838 3596 φωτ-

280 3611 470 3676 αγωγετ
494 3610 605 3681 γάρ
635 3627 713 3676 σε,
759 3612 853 3664 καὶ
880 3612 1107 3682 ποδηγεί
1137 3616 1271 3686 πρὸς
1298 3617 1465 3688 ζωήν.

333 3705 400 3766 γ’.
437 3699 535 3767 Μὴ
563 3699 683 3767 δῷς
707 3701 883 3769 ἑτέρῳ
916 3701 1031 3770 τὴν
1052 3704 1242 3767 δόξαν
1270 3722 1410 3772 σου,
1442 3709 1541 3762 καὶ
1576 3708 1649 3763 τὰ
1684 3724 1838 3779 συμ-

1950 3161 2060 3216 que
2087 3146 2253 3201 linem
2289 3146 2556 3201 ostendit.
2582 3145 2791 3201 Deinde
2816 3147 3073 3202 hortatur
3105 3149 3394 3218 populum,
3429 3148 3525 3218 qui

1950 3239 2271 3293 nominatur
2292 3238 2486 3296 Jacob.

2018 3332 2184 3388 Vens.
2221 3336 2276 3388 2.
2305 3333 2639 3399 Convertere,
2672 3330 2865 3399 Iacob,
2896 3344 2945 3388 et
2978 3334 3311 3404 apprehende
3328 3334 3521 3390 illam:

1949 3425 2169 3481 ambula
2194 3426 2264 3479 ad
2295 3424 2631 3493 splendorem
2661 3433 2851 3478 contra
2883 3425 3059 3480 lumen
3087 3426 3258 3482 illius.
3295 3426 3520 3487 Sectare

1946 3517 2296 3587 splendorem
2328 3516 2503 3571 radii:
2539 3516 2840 3574 illustrabit
2883 3516 3031 3572 enim
3059 3524 3136 3583 te,
3173 3527 3229 3574 et
3284 3519 3521 3577 deducet

1945 3609 2012 3663 ad
2041 3609 2228 3661 vitam.

2014 3698 2179 3753 Vens.
2216 3701 2270 3754 '5.
2333 3697 2416 3753 Ne
2444 3698 2537 3752 de:
2573 3698 2734 3751 alteri
2789 3699 3023 3769 gloriam
3076 3707 3222 3752 tuam
3250 3715 3269 3754 :
3319 3708 3369 3755 et
3401 3717 3519 3770 quat

270 3786 518 3856 φέροντά
564 3805 663 3843 σοι
713 3790 869 3845 ἔθνει
907 3792 1224 3862 ἀλλοτρίῳ.
1276 3797 1413 3851 Ἀλλ’
1462 3800 1563 3852 οὐκ
1605 3800 1835 3871 ἤκουσεν

1970 3794 2041 3846 ibi
2066 3791 2391 3856 conducunt,
2420 3792 2566 3861 genti
2592 3791 2802 3846 aliena.
2833 3792 2904 3844 At
2935 3804 3046 3845 non
3077 3790 3294 3845 audivit
3322 3792 3515 3850 Israel.

283 3878 485 3949 Ἰσραήλ
513 3895 527 3910 ·
574 3874 637 3935 οῦ
666 3881 731 3951 δὴ
764 3882 923 3953 χάριν
946 3884 1101 3936 αὐτοὶ
1134 3886 1232 3956 μὲν
1264 3889 1450 3961 πόρρω
1472 3890 1581 3942 τῶν
1614 3891 1833 3958 ἀγαθῶν

1970 3886 2236 3953 'ropterea
2276 3883 2380 3952 ipsi
2435 3883 2629 3953 procul
2680 3890 2961 3940 steterunt
3002 3896 3032 3936 a
3075 3881 3275 3938 bonis:
3323 3892 3518 3956 gente't

268 3969 648 4041 καθεστήκασι,
679 3971 786 4025 τῶν
818 3971 876 4025 δὲ
905 3971 1201 4028 θεοσδότων
1227 3977 1449 4046 ἀγαθῶν
1478 3980 1740 4034 ἀπολαύει
1765 3981 1834 4034 τά

1975 3986 2120 4031 utem
2159 3978 2422 4031 fruuntur
2452 3975 2614 4031 bonis
2649 3991 2678 4029 a
2709 3974 2825 4031 Deo
2854 3974 3019 4047 642
3055 3973 3224 4029 datis.

266 4060 403 4117 ἔθνη.

293 4059 384 4207 θδῖέ
423 4154 720 4223 Μακάριοι
738 4156 946 4227 ἐσμεν,
997 4158 1258 4228 Ἰσραὴλ,
1306 4160 1394 4213 ὅτι
1432 4161 1505 4217 τὰ
1545 4164 1767 4232 ἀρεστὰ
1785 4164 1831 4196 ⁶⁶

261 4242 361 4296 τοῦ
402 4244 553 4299 Θεοῦ
594 4244 742 4315 ⁸ἡμῖν
780 4248 1021 4317 τνωστά
1067 4250 1221 4304 ἐστι.
1262 4252 1376 4306 Οὐκ
1414 4253 1629 4325 ἔχομεν,
1671 4257 1827 4328 φησὶ,

262 4336 525 4405 πρόφασιν
554 4338 799 4406 ἀγνοίας,
822 4341 1093 4412 δεδήλωκε
1114 4343 1224 4415 γὰρ
1257 4345 1390 4415 ἡμῖν
1413 4346 1481 4400 τὰ
1505 4349 1825 4418 ἀρέσκοντα.

2009 4153 2177 4208 Vens.
2207 4155 2263 4207 4.
2292 4116 2451 4206 Βοαιὶ
2483 4167 2687 4215 sumus,
2726 4150 2925 4215 Israel,
2953 4152 3083 4221 quia
3133 4167 3250 4221 qua:
3299 4152 3516 4219 placent

1941 4246 2069 4314 Deo,
2126 4254 2253 4299 nota
2292 4252 2415 4297 sunt
2467 4242 2637 4297 nobis.
2684 4241 2928 4323 Nullum,
2984 4242 3188 4311 inquit,
3248 4242 3513 4299 habemus

1937 4338 2304 4411 iguorationis
2344 4343 2693 4405 praetextum.
2744 4337 2873 4404 quia
2925 4336 3195 4390 certiores
3231 4352 3329 4390 nos
3379 4336 3511 4391 fecit

262 4420 388 4480 Εἶτα
412 4427 846 4499 παραθαρρύνει,
904 4434 995 4486 καὶ
1024 4432 1285 4496 διδάσκει,
1341 4436 1417 4498 ὡς
1451 4438 1828 4507 παρεδόθησαν

1970 4447 2120 4485 orum
2157 4444 2276 4499 qtae
2308 4429 2524 4498 placent
2553 4425 2681 4493 ipsi.
2712 4423 2786 4495 [5,
2821 4424 2877 4495 6]
2911 4423 3117 4479 Deinde
3142 4425 3289 4479 bono
3322 4426 3511 4483 animo

263 4514 336 4577 εἰς
352 4514 593 4569 δουλείαν
614 4520 930 4587 τηνικαῦτα,
957 4523 1017 4575 οὐ
1045 4524 1319 4589 παντελῶς
1341 4526 1541 4591 αὐτοὺς
1561 4531 1829 4599 ἀποστραο

265 4602 441 4669 φέντος
460 4605 554 4658 τοῦ
580 4606 686 4660 τῶν
709 4607 845 4663 ὅλων
874 4611 1032 4678 Θεοῦ,
1056 4614 1192 4668 ἀλλὰ
1216 4614 1303 4669 διὰ
1329 4618 1429 4686 τῆς
1460 4618 1710 4681 παιδείας
1731 4622 1829 4672 αὐ-

264 4693 379 4756 τοὺς
392 4694 749 4768 εὐεργετῆσαι
767 4703 1138 4773 πειραθέντος·
1157 4709 1248 4761 τὸν
1261 4707 1370 4779 γὰρ
1386 4710 1700 4780 εὐεργέτην,
1725 4728 1828 4781 φη-

1936 4538 2031 4578 eos
2070 4536 2194 4577 esse
2228 4520 2404 4588 jubet,
2436 4518 2725 4585 docetque,
2780 4526 2911 4569 tunc
2950 4514 3169 4584 quidem
3205 4515 3356 4571 dum
3391 4531 3510 4573 ser-

1935 4617 2095 4668 vituti
2158 4612 2414 4672 traditos,
2471 4623 2582 4662 non
2645 4606 2789 4675 quod
2840 4606 3004 4677 plane
3060 4606 3205 4662 Deus
3257 4609 3505 4665 omnium

1937 4712 2222 4759 aversatus
2245 4701 2318 4754 sit
2342 4700 2489 4763 illos,
2520 4697 2619 4752 sed
2656 4696 2802 4766 quod
2836 4712 2931 4765 per
2977 4697 3394 4768 castigationem
3436 4697 3509 4756 de

266 4783 333 4846 σὶ,
349 4788 737 4855 καταλιπόντες
751 4792 816 4859 ⁵⁷,
842 4795 942 4864 τὴν
966 4797 1077 4851 τῶν
1099 4799 1366 4870 δαιμόνων
1388 4803 1828 4872 προτετιμήκατε

1979 4796 2044 4850 lis
2075 4795 2219 4850 bene
2252 4791 2449 4847 mereri
2475 4789 2705 4843 nitatur.
2737 4786 2814 4858 [7,
2841 4786 2897 4858 8]
2952 4786 3164 4842 Relicto
3215 4790 3362 4843 enim
3397 4805 3501 4857 eo,

264 4872 504 4947 λατρείαν
524 4895 539 4911 ’
577 4881 827 4951 πρόξενοι
855 4886 911 4939 δὲ
938 4889 1033 4941 καὶ
1057 4892 1123 4961 τῇ
1161 4890 1475 4961 θρεψαμένῃ
1504 4891 1604 4962 τῆς
1617 4892 1662 4925 ⁵⁸
1693 4893 1825 4964 ἐρη-

1935 4888 2031 4949 ait,
2053 4884 2147 4956 qui
2171 4897 2301 4953 erga
2319 4896 2418 4936 vos
2444 4878 2725 4935 beneﬁcus
2756 4885 2900 4943 erat,
2945 4879 3271 4949 praetulistis
3291 4882 3499 4936 cultum

270 4966 385 5033 μίας
410 4969 681 5039 ἐγένεσθε.
723 4975 1004 5048 Κέχρηται
1038 4980 1093 5033 δὲ
1128 4983 1216 5035 καὶ
1253 4982 1690 5054 προσωποποιίᾳ,
1731 4985 1826 5038 καὶ

1970 4990 2260 5038 aemonum,
2298 4973 2487 5028 urbem
2528 4985 2658 5027 vero
2690 4984 2813 5040 qua:
2844 4984 2945 5025 vos
2985 4970 3142 5038 aluit,
3197 4970 3498 5027 desolatam

263 5055 484 5116 δείκνυσι
512 5064 611 5135 τὴν
640 5066 794 5121 πόλιν
825 5067 1149 5141 θρηνοῦσαν,
1180 5074 1272 5126 καὶ
1303 5077 1424 5137 ταῖς
1453 5076 1712 5144 ὑπηκόοις
1737 5074 1826 5127 λέ-

334 5184 351 5217 ί
384 5181 540 5239 Prov.
568 5202 691 5250 vttt,
719 5187 809 5240 2‘2.

1927 5066 2271 5123 reddidistis.
2294 5063 2371 5136 [9]
2404 5062 2574 5118 Utens
2593 5063 2821 5132 insuper
2850 5062 3260 5133 prosopopmia,
3280 5063 3499 5118 exhibet

1542 5275 1777 5331 VARIzE
1820 5272 2226 5329 LECTIONES.

331 5369 373 5403 "
402 5371 440 5423 Β
463 5372 707 5427 ἕκαστον.
773 5374 817 5405 ⁸ο
847 5368 999 5438 οὗτος
1020 5391 1072 5426 κ.
1099 5393 1148 5430 τ.
1179 5375 1228 5428 λ.
1259 5375 1457 5430 Eodem
1488 5375 1647 5453 modo
1676 5388 1816 5453 νει-ε.
1850 5369 2174 5453 56-58.,‘Ieg.'
2198 5369 2359 5435 infra,
2465 5369 2657 5453 ἐξίει..
2678 5372 2745 5453 ad
2769 5370 3125 5453 Spartano-ec
3146 5383 3254 5453 non
3284 5367 3349 5453 in
3375 5364 3496 5453 ερε-

272 5440 397 5523 stola
426 5442 512 5506 76,
540 5452 599 5523 et
637 5444 690 5497 in
721 5443 854 5523 dial.
883 5445 1031 5523 inp.
1057 5445 1418 5523 535LGat-n.“
1446 5446 1494 5523 ξ]
1537 5444 1672 5523 Ἀπκ
1764 5457 1949 5510 praem.
1993 5441 2057 5521 :0
2084 5440 2336 5523 τούτων..
2388 5442 2430 5523 δέ
2466 5441 2691 5523 Βὲἷιρῦς

1376 5516 1419 5548 ⁸⁸
1445 5514 1485 5567 Β
1514 5513 1954 5576 καταλείποντες,
1986 5510 2145 5577 juxta
2177 5526 2285 5567 rec.
2321 5514 2445 5566 lect.
2525 5512 2569 5543 ⁸⁸
2599 5512 2634 5563 Β
2677 5510 2896 5581 ἐραστά.

270 5507 303 5561 1.
329 5524 373 5564 c.
406 5513 650 5586 sequitur
674 5514 867 5586 αρτοῦ.
940 5507 1045 5586 ⁶ξΛ
1076 5507 1266 5586 αὐτῆς.

269 5588 370 5640 τις.
433 5583 476 5615 ιι
505 5582 661 5654 epse.
695 5583 738 5636 Β
765 5584 892 5638 add.
916 5584 1086 5637 πόλει.

2903 5441 2948 5471 ⁸³
2979 5441 3129 5493 ὁδῶν.
3155 5434 3305 5504 Apud
3328 5434 3495 5499 LXX,

2388 5442 2430 5471 θ’
2466 5441 2508 5494 Β
2530 5441 2821 5503 Μωῦσέως.
2903 5441 2948 5471 ⁸³
2979 5441 3129 5493 ὁδῶν.
3155 5441 3305 5504 Apud
3328 5441 3487 5499 LXX,

2388 5520 2445 5559 ξι.
2525 5512 2569 5543 ⁸⁸
2599 5512 2634 5559 Β
2677 5510 2896 5559 ἐραστά.
3002 5510 3044 5539 ⁸⁷
3080 5507 3120 5559 Β
3145 5503 3487 5559 καταλείπον-
