3868 6204
254 223 341 307 tsl

1360 228 1443 290 IN
1473 226 1756 288 THREN.
1792 224 2067 287 JEREM.
2101 225 2259 285 CAP.
2292 222 2337 285 Ι.

3390 215 3494 281 782

259 348 427 407 ἓνεκα,
477 341 573 395 καὶ
618 338 726 393 τῶν
769 335 1070 409 τηνικαῦτα
1109 333 1430 406 ἀνθρώπων,
1463 333 1560 386 καὶ
1601 331 1710 384 τῶν
1741 332 1822 392 εἰς

1946 331 2249 402 tropbetam
2290 325 2586 398 scripsisse
2628 323 3054 378 lamentationes
3090 325 3160 377 ad
3203 322 3492 380 utilitatem

268 440 472 507 εστερον
528 431 824 504 ἐσομένων.
873 429 999 493 τοὺς
1045 420 1275 500 θρήνους
1327 424 1681 495 συγγράψαι·
1733 423 1820 474 ἵνα

263 530 488 583 κάκεῖνοι
545 525 640 578 καὶ
696 518 841 578 οὗτοι
900 521 1113 593 μάθωσι
1163 519 1251 572 διὰ
1301 518 1407 571 τῶν
1453 515 1819 588 γραμμάτων,

263 620 386 672 ὅσων
433 616 479 648 ¹⁸
523 612 780 686 πρόξενος
828 613 862 684 ἡ
914 609 1152 681 ἁμαρτία
1189 608 1375 664 κακῶν
1414 627 1427 639 ·
1459 609 1730 677 τέσσαρας
1778 604 1823 635 ¹¹⁵

268 708 435 779 μέντοι
462 703 815 774 συγγέγραφε
833 696 1094 773 Θρήνους,
1125 699 1193 775 τὰ
1219 700 1447 753 ἑκάστου
1483 700 1705 770 ῥήματα
1729 697 1823 751 καὶ

266 799 390 853 κατὰ
440 795 532 851 τὸν
569 780 802 867 ἀριθμὸν
846 794 938 847 καὶ
985 792 1083 865 τὴν
1112 792 1153 824 ⁸⁸
1186 791 1339 856 τάξιν
1382 791 1491 844 τῶν
1547 790 1824 861 στοιχείων

269 886 610 952 συντεθεικώς
638 904 650 916 ·
680 880 870 958 θρηνεῖ
910 885 965 939 δὲ
1015 885 1115 956 τῆς
1166 884 1373 949 πόλεως
1410 883 1510 955 τὴν
1564 882 1822 954 ἐρημίαν,

268 980 352 1049 τῆς
384 974 656 1051 προτέρας
689 975 799 1029 τῶν
826 975 1122 1046 οἰκητόρων
1167 972 1512 1044 μεμνημένος
1564 970 1823 1042 πληθύος,

270 1073 348 1126 καὶ
382 1050 759 1140 δυσφοροῦσαν
810 1066 948 1137 ὁρῶν
974 1050 1073 1137 τὴν
1117 1064 1282 1119 πάλαι
1333 1063 1485 1135 παρὰ
1515 1063 1623 1116 τῶν
1652 1061 1826 1116 ἄλλων

269 1161 459 1214 πόλεων
490 1156 784 1229 δεχομένην
810 1145 900 1208 τὸν
945 1150 1110 1228 φόρον
1142 1171 1156 1186 ⁸
1194 1153 1609 1226 προσωποποιία
1646 1153 1700 1206 δὲ
1735 1169 1827 1207 κε-

269 1252 546 1325 χρημένος,
586 1244 736 1316 λέγει
772 1240 991 1317 νύκτωρ
1038 1247 1131 1300 καὶ
1158 1246 1276 1316 μεθ’
1306 1246 1517 1321 ἡμέραν
1546 1240 1645 1314 τὴν
1676 1244 1828 1298 πόλιν

268 1342 533 1415 δακρύειν,
585 1341 678 1394 τοῦ
729 1334 1184 1408 ψυχαγωγοῦντος
1228 1337 1330 1389 οὐκ
1361 1336 1532 1398 ὄντος.
1579 1336 1673 1389 καὶ
1721 1335 1829 1388 τῶν

272 1434 425 1504 φίλων
462 1432 634 1499 αὐτῆς
666 1428 711 1463 ¹⁸
755 1429 1034 1492 παντελῶς
1067 1427 1411 1500 ἠρνημένων.
1453 1426 1612 1498 Φέρει
1665 1426 1722 1480 δὲ
1749 1428 1830 1490 είς

273 1526 421 1596 μέσον
449 1527 545 1578 καὶ
581 1523 679 1595 τῆς
724 1520 981 1585 Ἰουδαίας
1020 1522 1236 1588 ἀπάσης
1268 1519 1367 1589 τὴν
1406 1518 1827 1589 μετανάστασιν,

271 1618 350 1670 καὶ
382 1616 480 1687 τὴν
511 1614 754 1686 χαλεπὴν
792 1613 1055 1675 δουλείαν,
1091 1608 1185 1663 καὶ
1226 1607 1584 1689 εὐχειρώτους
1630 1608 1831 1669 αὐτοὺς

1923 433 2037 479 tum
2064 439 2254 480 eorum
2280 421 2374 493 qui
2406 433 2540 476 tunc
2565 416 2832 488 temporis
2876 415 3133 470 vivebant
3175 415 3487 477 hominum.

1924 525 2040 572 tum
2074 523 2421 587 posterorum
2455 531 2467 567 :
2503 521 2563 566 ιιι
2592 518 2646 566 ct
2682 510 2758 565 illi
2801 515 2854 563 et
2884 507 2940 562 hi
2972 522 3037 562 ex
3075 508 3302 577 scriptis
3338 508 3499 564 intel-

1925 610 2133 680 ligant,
2173 615 2507 679 quantorum
2550 610 2836 672 peccatum
2878 601 2951 656 sit
2990 614 3160 654 causa
3199 601 3493 653 malorum.

1925 700 2174 767 Quatuor
2191 699 2356 770 igitur
2371 695 2705 765 conscripsit
2722 692 3170 748 Lamentationes
3190 710 3203 745 :
3228 700 3284 746 et
3310 693 3500 746 unius-

1927 794 2196 864 cujusque
2230 805 2421 846 versus
2454 786 2763 856 composuit
2800 784 2950 853 iuxta
2981 799 3270 839 numerum
3312 793 3367 839 et
3407 800 3499 838 or-

1927 886 2110 942 dinem
2145 885 2565 941 elementorum.
2619 878 2698 952 [l]
2743 878 2917 949 Luget
2967 886 3150 932 autem
3198 877 3352 934 urbis
3403 895 3500 932 va-

1929 977 2260 1038 stationem,
2316 971 2731 1028 multitudinem
2783 970 3089 1025 incolarum
3138 968 3296 1039 ejus,
3349 979 3504 1024 ante-

1930 1084 2093 1140 quam
2133 1068 2421 1123 destructa
2457 1074 2643 1131 esset,
2685 1076 3158 1127 commemorans,
3203 1066 3218 1081 ‘
3257 1070 3313 1116 et
3351 1065 3505 1133 aegri-

1932 1159 2121 1216 tudine
2156 1158 2411 1214 affectam
2451 1157 2647 1211 videns
2680 1154 2865 1218 illam,
2902 1168 3025 1223 quae
3061 1153 3133 1207 ab
3171 1153 3297 1207 aliis
3331 1171 3506 1223 quau-

1930 1251 2055 1305 dam
2109 1247 2432 1305 civitatibus
2488 1247 2760 1302 tributum
2814 1245 3074 1315 accipere
3129 1245 3367 1300 solebat.
3422 1245 3503 1316 [ΕΞ]

1933 1341 2106 1398 Utens
2142 1351 2321 1396 autem
2356 1338 2786 1410 prosopopmia,
2837 1337 2974 1392 dicit
3019 1336 3298 1392 civitatem
3348 1348 3508 1392 nocte

1932 1436 2131 1504 dieque
2181 1434 2458 1505 lacrymas
2507 1431 2820 1492 effundere,
2875 1445 3002 1486 cum
3055 1431 3240 1486 nullus
3291 1432 3365 1487 sit
3414 1432 3504 1501 qui

1933 1527 2277 1590 consoletur,
2328 1533 2382 1580 et
2417 1539 2610 1581 omnes
2662 1524 2828 1578 amici
2881 1523 3002 1591 ejus
3046 1523 3320 1595 abnegent
3366 1539 3505 1578 eam.

1935 1616 2015 1690 [5]
2046 1615 2268 1672 Profert
2300 1624 2485 1673 autem
2519 1618 2574 1671 in
2609 1616 2847 1671 medium
2886 1616 3057 1670 totius
3082 1612 3286 1670 Iudaeae
3320 1625 3507 1670 trans-

270 1708 403 1777 λέγει
446 1707 774 1778 γεγενῆσθαι
815 1704 902 1759 διὰ
934 1703 1030 1775 τὴν
1072 1702 1366 1774 ἁμαρτίαν.
1407 1721 1425 1752 (
1460 1701 1667 1763 Πάντες
1701 1695 1831 1769 γὰρ,

1946 1710 2241 1773 lationem,
2289 1717 2344 1762 et
2379 1708 2667 1763 molestam
2703 1706 3062 1772 servitutem,
3098 1716 3154 1760 et
3202 1707 3310 1767 ait.
3351 1705 3512 1761 facile

272 1799 521 1871 φησὶν,λοί
548 1797 830 1861 ϐαίνοντες
888 1796 1078 1866 αὐτὴν,
1124 1793 1424 1848 κατέλαϐον
1454 1793 1622 1861 αὐτὴν
1661 1790 1767 1845 ἀνὰ
1791 1792 1832 1822 ³⁷

274 1889 424 1959 μέσον
453 1887 565 1942 τῶν
598 1885 904 1941 θλιϐόντων.
940 1906 959 1937 ι
1006 1884 1440 1954 Ἀναμιμνήσκει
1481 1881 1574 1934 καί¹
1608 1879 1715 1933 τῶν
1743 1898 1838 1934 πο-

271 1981 465 2051 ταμοὺς
504 1980 861 2050 μιμουμένων
884 1976 1022 2030 ὁδῶν
1062 1976 1202 2029 κατὰ
1239 1975 1331 2028 τὸν
1352 1973 1462 2026 τῶν
1489 1971 1690 2044 ἑορτῶν
1719 1989 1839 2027 και-

274 2073 375 2144 ρὸνδ
412 2073 677 2125 πάντοθεν
712 2070 821 2141 γὰρ
863 2074 942 2136 εἰς
973 2069 1129 2140 τήνδε
1178 2068 1275 2139 τὴν
1319 2066 1471 2119 πόλιν
1520 2066 1837 2137 συνέτρεχον

273 2162 495 2225 ἅπαντες
519 2181 531 2193 ’
566 2163 657 2215 καὶ
688 2160 875 2232 θρηνεῖ
904 2160 969 2212 ’³.
1002 2161 1162 2211 Δοκεί
1196 2159 1304 2228 γάρ
1330 2175 1444 2220 πως
1467 2159 1579 2220 τοῖς
1605 2155 1839 2228 ἀνιαρῶς

270 2253 623 2325 διακειμένοις
652 2252 953 2323 μεταϐολήν
972 2267 1093 2303 τινα
1121 2250 1375 2319 δέχεσθαι
1401 2249 1495 2302 καὶ
1524 2247 1591 2301 τὰ
1613 2247 1795 2317 ἄψυχα
1823 2264 1833 2275 ’

273 2345 407 2413 λέγει
430 2346 486 2399 δὲ
510 2346 605 2400 καὶ
634 2345 705 2400 τὰ
728 2344 930 2399 τούτων
950 2345 1117 2398 αἴτια.

334 2530 395 2582 ε’.
435 2526 746 2594 Ἐγένοντο
779 2529 832 2581 ol
852 2522 1159 2594 θλίϐοντες
1188 2528 1382 2595 αὐτὴν
1418 2530 1506 2592 εἰς
1545 2528 1841 2596 κεφαλὴν,

273 2619 361 2672 καὶ
384 2620 437 2670 ol
480 2618 680 2687 ἐχθροὶ
706 2615 894 2685 αὐτῆς
918 2616 1283 2684 εὐθηνοῦσιν
1301 2634 1314 2649 ι
1345 2616 1433 2669 ὅτι
1461 2617 1673 2685 Κύριος
1715 2617 1847 2670 ἐτα-

274 2711 565 2763 πείνωσεν
614 2708 811 2774 αὐτὴν
846 2707 944 2760 ἐπὶ
990 2709 1058 2760 τό
1115 2705 1346 2774 πλῆθος
1392 2705 1510 2759 τῶν
1558 2705 1847 2760 ἀσεϐειῶν

274 2801 473 2870 αὐτῆς.
510 2801 682 2855 Τοῦτο
711 2800 803 2854 καὶ
832 2802 861 2853 ὁ
904 2801 1167 2871 μακάριος
1200 2799 1381 2862 αὐτοῖς
1416 2797 1670 2869 προλέγει
1716 2798 1845 2851 Μω-

273 2896 369 2963 σῆς
397 2897 443 2928 ¹⁹
473 2896 567 2948 τὸν
599 2894 742 2946 θεῖον
768 2892 1160 2963 παραϐαίνουσι
1193 2891 1356 2960 νόμον
1381 2907 1397 2921 ·
1436 2911 1454 2941 ι
1483 2890 1608 2943 Ὀτι
1637 2890 1847 2942 ἔσονται

274 2988 319 3039 el
353 2984 535 3056 ἐχθροί
567 3002 660 3039 σου
704 2984 817 3038 ἄνω
850 2982 917 3048 ’⁸,
962 2983 1056 3036 καὶ
1088 2983 1152 3035 σὺ
1186 2983 1337 3034 κάτω
1366 2982 1410 3012 ⁸⁸
1439 2996 1454 3012 °
1495 3002 1514 3033 ι
1543 2972 1690 3048 λέγει
1713 2982 1758 3011 ²²
1791 2979 1846 3032 δὲ

1936 1802 2061 1857 illos
2092 1800 2438 1870 niancipatos
2466 1798 2639 1855 fuisse
2665 1806 2891 1869 propter
2920 1806 3205 1867 peceatum
3258 1815 3277 1845 ο
3310 1797 3512 1854 Omnes

1938 1899 2364 1963 persequentes,
2389 1890 2602 1960 inquit,
2636 1890 2783 1944 illam
2812 1887 3292 1959 apprehenderunt
3321 1891 3374 1944 in
3403 1906 3515 1944 me-

1939 1986 2032 2039 dio
2067 1983 2475 2039 tribulantium.
2514 2003 2533 2035 ›
2566 1980 2644 2054 [4]
2701 1980 2943 2035 Revocat
2989 1981 3155 2036 etiam
3202 1983 3257 2036 in
3310 1999 3518 2038 memo-

1940 2076 2082 2131 riam
2113 2075 2230 2130 vias
2253 2114 2267 2139 ,
2300 2089 2423 2143 qua:
2450 2072 2651 2129 ﬂuvios
2679 2072 3041 2127 imitabantur
3079 2084 3326 2144 tempore
3371 2077 3517 2131 sole-

1941 2168 2273 2232 mnitatum;
2310 2181 2433 2220 nam
2469 2165 2713 2236 undique
2759 2163 3163 2220 concurrebant
3191 2164 3360 2238 648
3401 2181 3518 2221 om-

1944 2274 2040 2313 nes
2086 2258 2140 2311 in
2183 2257 2324 2311 lianc
2360 2256 2592 2320 urbem;
2639 2258 2695 2308 et
2732 2254 2903 2324 luget.
2942 2252 3216 2308 Videntur
3265 2254 3414 2309 enim
3451 2255 3520 2308 iis

1941 2350 2035 2419 qui
2073 2359 2351 2420 anguntur
2383 2349 2549 2404 etiam
2587 2347 2892 2402 inanimata
2924 2347 3287 2404 mutationem
3326 2362 3521 2418 quam-

1943 2441 2068 2495 dam
2099 2441 2403 2511 suscipere.
2438 2439 2504 2494 Et
2539 2439 2736 2494 borum
2767 2453 2970 2494 causas
3002 2437 3191 2494 refert.

2017 2532 2182 2590 Vens.
2223 2534 2271 2589 5.
2316 2531 2476 2587 Facti
2511 2540 2635 2587 sunt
2664 2530 2982 2585 tribulantes
3008 2547 3125 2585 eam
3160 2532 3214 2586 in
3249 2543 3443 2601 caput,
3473 2545 3521 2587 ct

1946 2627 2149 2680 inimici
2188 2627 2303 2695 ejus
2343 2624 2652 2693 locupletati
2688 2635 2833 2678 sunt.
2870 2623 3011 2689 Quia
3054 2623 3312 2679 Dominus
3345 2626 3521 2679 lttmti~

1946 2702 2097 2769 liavit
2128 2733 2274 2781 eam,
2316 2723 2528 2791 propter
2571 2714 2967 2767 multitudinem
3011 2714 3344 2782 ivnpietatum
3384 2714 3520 2782 ejus.

1951 2805 2064 2861 lloe
2092 2815 2146 2860 ct
2179 2806 2376 2861 beatus
2410 2803 2591 2860 Moses
2625 2804 2877 2874 praedicit
2915 2803 2997 2859 eis
3018 2846 3033 2869 ,
3063 2803 3525 2874 transgrediendo

1952 2900 2053 2952 bus
2082 2898 2253 2966 legem
2285 2896 2530 2950 divinam
2560 2915 2572 2949 :
2603 2915 2620 2946 ‹
2653 2896 2828 2949 Erunt
2869 2894 3057 2950 hostes
3098 2897 3177 2949 tui
3220 2911 3387 2964 supra
3411 2935 3428 2959 ,
3469 2905 3527 2948 at

1950 2996 2008 3041 tu
2047 2987 2235 3041 subter
2267 2999 2314 3039 ι.
2350 3004 2368 3037 t
2399 2985 2542 3050 Quin
2568 2985 2735 3040 etiam
2771 2985 2856 3038 lae
2892 2986 3220 3055 sugentibus
3256 3002 3362 3039 una
3397 3001 3523 3039 cum

274 3080 359 3133 καὶ
379 3081 491 3141 τοῖς
508 3076 745 3147 θηλάζου
755 3092 807 3129 σι
834 3079 929 3129 σὺν
949 3079 1059 3140 τοῖς
1084 3074 1476 3148 πρεσϐυτέροις
1495 3074 1587 3129 τὸν
1602 3073 1837 3143 ὄλεθρον·

1948 3076 2177 3132 senibus
2206 3075 2495 3131 denuntiat
2528 3074 2815 3129 interitum
2844 3091 2857 3127 :
2891 3093 2909 3126 ι
2934 3072 3287 3144 Sugens,ait,
3319 3074 3486 3130 ubera
3509 3116 3524 3141 ,

278 3188 296 3222 I
345 3171 622 3241 Θηλάζων,
671 3170 837 3238 φησὶ,
895 3168 1031 3238 μετὰ
1087 3167 1482 3238 καθεστηκότος
1547 3166 1849 3237 πρεσϐυτέ-

274 3279 384 3331 ρου.
425 3281 444 3312 ι
473 3260 632 3313 Οὕτω
655 3259 928 3312 κάνταῦθα
951 3275 964 3288 ’
997 3278 1014 3310 ι
1050 3257 1129 3311 Τὰ
1152 3260 1319 3327 νήπια
1349 3257 1520 3327 αὐτῆς
1549 3256 1847 3328 ἐπορεύθη-

274 3367 366 3403 ων
394 3351 441 3381 ’³
488 3352 546 3403 ὲν
589 3348 938 3419 αἰχμαλωσίᾳ
968 3349 1110 3401 κατὰ
1167 3348 1459 3418 πρόσωπον
1490 3346 1781 3410 θλίϐοντος.
1821 3366 1840 3398 ι

274 3443 549 3517 Διηγείται
599 3440 656 3493 δὲ
694 3441 840 3502 ὅπως
879 3439 1127 3511 ἀφῃρέθη
1179 3440 1280 3509 τὴν
1332 3438 1603 3509 προτέραν
1649 3437 1844 3508 εὐπρέ-

272 3550 444 3600 πειαν,
497 3533 592 3586 καὶ
636 3533 925 3595 ἀπεικάζει
966 3533 1093 3595 τοὺς
1126 3530 1392 3602 ἄρχοντας
1419 3532 1593 3602 κριοῖς
1624 3531 1848 3599 ἐστερη-

272 3626 449 3695 μένοις
496 3625 671 3695 νομῆς
714 3641 728 3654 ·
791 3622 1184 3693 ὲγυμνώθησαν
1238 3621 1347 3692 γὰρ
1409 3623 1509 3691 τῆς
1575 3621 1846 3692 προτέρας

274 3717 470 3787 ἰσχύος.
491 3713 627 3770 Εἶτα
653 3716 799 3784 λέγει
822 3716 919 3786 τῆς
943 3718 990 3748 ³⁸
1017 3714 1368 3786 Ἰερουσαλήμ
1396 3714 1625 3778 παλαιᾶς
1644 3714 1848 3784 εὐπρα-

276 3796 386 3868 ξίας
411 3807 505 3858 καὶ
526 3804 867 3876 δυσπραξίας
891 3804 1217 3876 μνησθῆναι,
1238 3804 1331 3857 καὶ
1358 3803 1680 3875 παραθεῖναι
1705 3798 1847 3855 ὲκεί-

273 3915 378 3960 vet;
423 3898 495 3951 τὰ
530 3899 626 3951 νῦν
670 3897 965 3951 ἐπελθόντα
1024 3897 1206 3951 κακά·
1262 3897 1357 3950 καὶ
1410 3896 1589 3949 πλεῖον
1619 3897 1661 3927 ’⁵
1695 3896 1848 3950 ἀνιᾶ-

275 3988 393 4041 σθαι
451 3989 540 4041 διὰ
592 3988 651 4041 τὸ
695 3988 948 4056 γενέσθαι
1001 3989 1117 4051 τοῖς
1150 3988 1472 4058 δυσμενέσιν
1529 3988 1842 4057 ἐπίχαρτον.

275 4079 513 4149 Συνεχῶς
556 4079 613 4132 δὲ
644 4080 883 4133 διδάσκει
911 4079 1017 4131 τῶν
1059 4081 1354 4151 συμφορῶν
1398 4079 1499 4151 τὴν
1523 4078 1721 4143 αἰτίαν,
1749 4074 1847 4149 τὴν

272 4168 535 4239 ὠφέλειαν
570 4167 1118 4239 πραγματευόμενος.

341 4269 409 4331 η’.
451 4263 774 4331 Ἀλιαρτίαν
829 4263 963 4333 γὰρ,
1028 4263 1225 4333 φησὶν,
1273 4239 1616 4331 ἡμάρτηκεῆ
1649 4260 1695 4292 ⁸⁸
1741 4259 1846 4314 Ἰε-

270 4357 610 4423 ρουσαλὴμ.
644 4355 742 4407 διὰ
790 4356 963 4409 τοῦτο
996 4358 1083 4421 εἰς
1130 4354 1327 4408 σάλον
1371 4353 1627 4423 ἐγένετο.
1662 4347 1737 4405 Οὖ
1782 4352 1846 4422 δὴ

1950 3184 2073 3223 cum
2117 3182 2183 3223 eo
2226 3169 2320 3237 qui
2366 3183 2533 3222 senex
2579 3166 2755 3221 evasit
2783 3174 2833 3218 t.
2868 3165 2991 3221 tlta
3041 3175 3095 3222 et
3148 3168 3329 3222 liiczr
3360 3167 3522 3223 Pueri

1949 3258 2071 3329 ejus
2106 3268 2469 3329 perrexerunt
2502 3258 2556 3313 in
2597 3259 2995 3329 captivitatem,
3033 3268 3161 3314 ante
3200 3258 3391 3316 faciem
3426 3261 3524 3314 tri-

1950 3350 2214 3405 balantis.
2244 3370 2261 3401 ι
2298 3348 2375 3423 [6]
2425 3349 2628 3404 Narrat
2659 3365 2861 3419 porro,
2894 3366 3002 3419 quo
3031 3362 3191 3419 pacto
3218 3352 3425 3421 privata
3454 3352 3526 3407 sit

1949 3440 2148 3497 decore
2182 3443 2458 3512 pristino:
2494 3450 2548 3497 et
2595 3442 2813 3496 confert
2855 3442 3136 3512 principes
3178 3458 3303 3497 cum
3341 3443 3528 3497 arieti~

1916 3590 1921 3593 ,
1950 3534 2053 3588 bus
2087 3533 2411 3589 carentibus
2438 3533 2638 3603 pabulo
2666 3550 2678 3587 :
2710 3533 2931 3603 spoliati
2959 3542 3087 3587 sunt
3112 3535 3258 3589 enim
3288 3535 3527 3605 pristino

1948 3623 2171 3678 robore.
2204 3608 2287 3695 [7]
2323 3623 2533 3678 Deinde
2564 3623 2675 3689 ait,
2734 3625 2954 3679 venisse
3005 3624 3056 3679 in
3106 3634 3346 3682 mentem
3400 3642 3527 3695 pro-

1948 3730 2107 3785 spera
2140 3724 2190 3770 et
2231 3714 2463 3771 adversa
2489 3756 2503 3780 ,
2540 3730 2663 3787 quae
2709 3717 2841 3769 olim
2894 3716 3219 3772 acciderunt
3266 3717 3528 3775 Hieroso-

1950 3802 2106 3874 lyma:
2134 3822 2147 3859 :
2177 3811 2232 3859 et
2262 3808 2387 3859 cum
2419 3804 2528 3859 illis
2555 3803 2813 3859 conferre
2840 3806 2981 3858 mala
3010 3822 3134 3875 quae
3166 3807 3328 3861 modo
3356 3807 3528 3863 obvee

1948 3906 2184 3961 nerunt,
2221 3904 2276 3952 et
2313 3895 2578 3965 majorem
2614 3895 2859 3953 dolorem
2898 3898 3148 3963 inurere,
3183 3913 3250 3953 eo
3283 3900 3431 3968 quod
3461 3900 3529 3953 de

1949 3987 2099 4042 illius
2127 3986 2445 4041 calamitate
2473 3987 2727 4042 lmtentur
2756 3988 2985 4043 inimici.
3011 3988 3375 4044 Continenter
3398 4006 3530 4045 vero

1946 4077 2146 4141 docet,
2179 4090 2301 4147 quae
2335 4074 2406 4131 sit
2436 4090 2605 4130 (ausa
2634 4075 3042 4139 calamitatum,
3076 4089 3384 4144 procurans
3421 4076 3529 4130 uti-

1950 4169 2174 4222 Iitatcm.

2020 4259 2187 4315 Vens.
2229 4261 2280 4316 8.
2328 4254 2605 4314 Peccatum
2638 4262 2807 4323 enim,
2837 4258 3047 4328 inquit,
3078 4259 3310 4325 peccavit
3344 4257 3530 4312 "iero-

1948 4353 2155 4423 solyma
2177 4393 2192 4417 ,
2230 4361 2506 4420 propterea
2538 4350 2685 4419 facta
2718 4358 2797 4404 est
2826 4351 2879 4402 in
2916 4350 3341 4403 commotionem.
3379 4350 3527 4415 Qua-

277 4445 430 4515 χάριν
460 4447 551 4498 καὶ
580 4447 629 4498 οἱ
664 4447 928 4517 πρότερον
962 4446 1130 4519 αὐτὴν
1160 4448 1510 4516 γεραίροντες
1558 4445 1837 4515 ὲξύϐρισακ

1953 4452 2176 4514 propter
2208 4436 2296 4507 lii,
2333 4443 2427 4514 qui
2460 4443 2615 4514 prius
2644 4456 2766 4496 eam
2805 4442 3235 4507 venerabantur,
3274 4451 3529 4512 spectato

278 4537 358 4597 είς
387 4536 572 4605 αὐτὴν,
606 4536 706 4605 τὴν
734 4535 1064 4606 δυσκληρίαν
1118 4535 1287 4605 αὐτῆς
1317 4535 1664 4604 θεασάμενοι.
1715 4529 1845 4586 Εἶτα

277 4625 383 4675 τῶν
410 4624 764 4678 παντοδαπῶν
791 4625 1204 4695 ἁμαρτημάτων
1240 4627 1667 4696 ἀναμιμνήσκει.

350 4720 411 4772 0'.
449 4721 797 4788 Ἀκαθιφσία
832 4722 874 4752 ’⁷
906 4722 1020 4786 πρὸ
1048 4718 1249 4773 ποδῶν
1277 4718 1456 4788 αὐτῆς
1484 4736 1497 4748 ·
1527 4721 1637 4772 οὐκ
1671 4719 1850 4786 ἐμνή-

278 4813 393 4878 σθη
432 4811 704 4881 ἐσχάτων
744 4814 789 4843 ’⁸
826 4812 1047 4878 αὐτῆς,
1084 4813 1181 4866 καί
1225 4814 1268 4845 ²⁹
1301 4816 1571 4866 πέπτωκε
1630 4814 1850 4879 θαυμα-

353 4954 378 4982 ι
408 4946 560 5002 Deut.
598 4963 792 5012 xxvut,
828 4939 910 5002 43.
1030 4956 1057 4993 3'
1083 4944 1240 5002 Deut.
1266 4965 1436 5011 xxxii,
1467 4947 1556 4999 ‘23.

1953 4538 2072 4606 ejus
2103 4537 2430 4599 infortunio,
2456 4532 2837 4588 contumeliosi
2889 4531 3114 4586 fuerunt
3150 4532 3203 4586 in
3231 4549 3369 4587 eam.
3400 4532 3527 4588 Post

1956 4629 2069 4682 haec
2104 4626 2353 4680 meminit
2386 4635 2736 4695 peccatorum
2769 4624 3152 4692 cujuscunque
3181 4627 3401 4694 generis

2031 4718 2195 4773 Vens.
2242 4718 2296 4772 9.
2340 4716 2636 4784 Impuritas
2669 4727 2794 4769 ante
2829 4714 2984 4783 pedes
3013 4715 3128 4783 ejus
3165 4725 3280 4782 est,
3317 4734 3418 4770 non
3451 4729 3527 4772 est

1961 4811 2237 4866 recordata
2265 4809 2391 4878 ﬁnis
2418 4809 2535 4875 sui,
2562 4807 2727 4879 649
2754 4818 2803 4862 et
2835 4807 3024 4861 cecidit
3056 4808 3392 4863 mirabiliter.
3431 4809 3526 4863 De-

1580 5100 1813 5160 V.\lll.43
1849 5104 2254 5161 LECTIONES.

357 5250 397 5282 ¹³
428 5249 468 5301 Β
498 5250 640 5301 ὅσον.

731 5249 774 5278 ⁸⁵
799 5246 1400 5315 τέσσαρας-θρήνους.
1443 5245 1791 5315 Progreditur
1850 5247 2109 5300 nimirum
2142 5246 2568 5300 commentarius
2603 5262 2773 5315 usque
2804 5246 2869 5301 ad
2904 5247 3061 5299 linem
3101 5245 3297 5315 capitis
3320 5248 3524 5312 quarti,

283 5321 525 5388 quintum
555 5329 759 5388 autem,
785 5317 928 5388 quod
956 5318 1009 5370 in
1039 5317 1320 5371 codicibus
1347 5317 1676 5384 quibusdam
1708 5317 1828 5369 Lat.
1875 5332 1904 5388 a
1946 5318 2233 5388 Sabaterio
2262 5317 2504 5387 allegatis
2544 5317 3087 5388 illSt'l‘llllllII‘AOI‘aliO
3121 5316 3369 5370 Ieremia:
3405 5332 3529 5388 pro-

286 5386 474 5453 phetze.
503 5405 532 5442 a
568 5387 769 5442 Nostro
791 5387 1056 5441 omissum
1090 5398 1191 5440 est.
1272 5389 1313 5417 ιδ
1338 5389 1459 5451 τήν.
1486 5387 1523 5436 Β
1545 5403 1732 5455 praeut.
1771 5387 1931 5438 κατά.
2011 5389 2053 5417 ¹⁶
2084 5387 2122 5437 Β
2151 5388 2341 5455 αὑτήν.
2376 5386 2383 5387 “
2419 5388 2460 5417 "
2493 5389 2666 5440 ἀνὰ-
2695 5387 2835 5440 θλιϐ.
2867 5386 3026 5440 lIebr.
3063 5389 3200 5440 inter
3222 5386 3521 5455 angustias.

290 5461 334 5489 ιιι
360 5461 448 5513 xz».
473 5460 557 5529 θρ.
592 5458 630 5510 Β
655 5458 874 5529 θρηνεῖν
899 5457 1081 5529 Gem".
1118 5458 1305 5529 aeta;
1361 5474 1591 5529 rpng-w._
1628 5457 1668 5486 19
1690 5456 1743 5529 B—
1772 5457 2034 5529 Momm-15.

285 5525 518 5583 ἀπειλεῖ
582 5530 627 5560 ”
680 5525 721 5580 Β
760 5527 1050 5583 ἐπορεύθη.
1127 5528 1174 5558 ³⁸
1220 5528 1259 5579 Β
1288 5525 1433 5583 τήν(
1483 5528 1526 5557 ⁹⁵
1563 5525 1600 5578 Β
1648 5526 1826 5578 πλέον.

286 5617 435 5669 sequ.
474 5601 665 5669 αὐτῆς.

288 5673 578 5742 ὑπέρογκα.

760 5527 1050 5596 ἐπορεύθη.
1127 5528 1174 5558 ³⁸
1220 5528 1259 5579 Β
1288 5518 1403 5593 τήν.

745 5598 791 5629 ’⁸
829 5600 944 5667 ὲσχ.
985 5598 1059 5651 Ita
1093 5598 1249 5653 Alex.

2112 5459 2154 5487 ⁹⁰
2185 5457 2224 5509 Β
2253 5453 2386 5511 ἄνω.
2433 5457 2559 5509 ἄνω.
2641 5458 2681 5488 ²¹
2715 5455 2753 5508 Β
2784 5458 2953 5514 κάτω.
2991 5456 3157 5509 κάτω.
3237 5455 3281 5484 ²²
3331 5453 3446 5517 λέγ.
3488 5455 3525 5504 Β

1905 5520 2025 5577 ’δἸἶ
2050 5526 2315 5596 ἥμαρτεν.
2356 5527 2508 5594 juxta
2540 5543 2648 5582 ree.
2686 5530 2806 5581 lect.
2883 5528 2927 5556 ⁸⁷
2954 5525 3119 5596 ἁκαθ.
3156 5520 3520 5596 ΛριιιΙᾘΙέΧλ,

1326 5591 1370 5628 ’³³
1399 5598 1489 5650 καὶ
1530 5614 1693 5648 nam.
1729 5597 1896 5665 θαυμ.
1938 5596 2009 5649 lta
2067 5591 2182 5650 fere
2213 5591 2373 5654 llebr.
2415 5598 2520 5651 Sed
2567 5612 2674 5652 rce.
2709 5599 2866 5651 lectio
2909 5604 2990 5654 est
3042 5594 3133 5646 καὶ
3165 5591 3524 5644 κατεϐίϐασεν
