3868 6204
295 284 389 347 8θ5

1388 282 1470 344 ΙΝ
1516 284 1802 345 THREN.
1838 284 2111 344 JEREM.
2150 283 2309 343 CAP.
2357 283 2456 346 IV.
2558 322 2563 327 -

3453 280 3557 341 806

296 371 392 425 τῶν
412 370 682 442 θεμελίων
714 370 905 441 αὐτῆς.
950 390 968 422 ι
1003 370 1113 424 Καὶ
1160 369 1266 440 γὰρ
1299 368 1518 439 κδελφοὶ
1558 371 1711 434 ὄντες
1730 412 1744 436 ,
1771 372 1867 425 καὶ

1974 380 2153 426 essent
2176 370 2376 426 fratres
2406 385 2471 425 ac
2499 368 2691 433 vicini,
2720 383 2909 439 pacem
2962 368 3101 422 inire
3134 366 3415 433 nolebant,
3447 368 3542 424 sed

296 460 706 531 γειτονεύοντες,
737 462 1039 534 εἰρηνεύειν
1090 460 1189 531 μὲν
1245 460 1345 514 οὐκ
1390 460 1690 530 ἐϐούλοντο,
1714 463 1775 515 τὸ
1810 462 1867 516 δὲ

298 553 612 625 προγονικὸν
651 552 980 622 διεφύλαξαν
1015 555 1193 622 μῖσος.

355 645 456 699 κδ’.
507 645 825 709 Ἐξέλιπεν
865 646 1083 715 ἀνομία
1112 645 1252 707 σοῦ,
1287 645 1540 717 θύγατερ
1575 645 1762 700 Σιών*
1796 648 1869 700 οὐ

298 735 625 805 προσθήσει
675 735 785 789 τοῦ
844 735 1156 791 ἀποικίσαι
1202 753 1276 790 σε
1314 738 1401 791 ἐτι
1435 750 1450 765 ·
1489 738 1870 807 ἐπεσκέψατο

299 829 545 899 ἀνομίαν
565 844 703 894 σου,
731 828 984 898 θύγατερ
1017 827 1225 897 Ἐδὼμ,
1246 827 1646 898 ἀπεκάλυψεν
1673 828 1770 882 ἐπὶ
1798 828 1870 882 τὰ

301 918 637 988 ἀσεϐήματὰ
663 933 803 973 σου.
836 920 915 989 Τῇ
950 919 1046 990 μὲν
1090 918 1227 972 Σιὼν
1254 920 1625 990 προηγόρευσε
1644 919 1712 972 τὰ
1734 937 1867 990 χρη-

302 1010 415 1070 στά,
444 1009 710 1063 τάναντία
734 1009 793 1063 δὲ
819 1013 886 1081 τῇ
930 1008 1206 1081 Ἰδουμαίᾳ
1227 1027 1241 1041 ο
1263 1010 1349 1062 ἐπ’
1372 1010 1545 1079 αὐτῆς
1558 1012 1603 1049 ⁸ο
1634 1010 1741 1080 γὰρ
1764 1010 1868 1080 ἔφη

281 1098 388 1175 τὴν
440 1100 709 1170 τιμωρίαν
769 1101 1061 1170 χωρήσειν.
1112 1099 1334 1170 Ἀληθὲς
1369 1100 1426 1153 δὲ
1464 1102 1559 1154 καὶ
1609 1101 1691 1162 τὸ,
1734 1119 1753 1151 ι
1794 1102 1866 1152 (lii

301 1189 591 1261 προσθήσει
628 1190 726 1243 τοῦ
760 1192 1045 1245 ἀποικίσαι
1079 1209 1138 1244 σε
1178 1191 1314 1246 ἔτι.)
1349 1190 1635 1254 Παντελῶς
1683 1192 1791 1262 γὰρ
1819 1193 1869 1244 οἰ

298 1283 777 1352 ἀνδραποδίσαντες
818 1283 1210 1355 κατελύθησαν,
1247 1286 1342 1338 καὶ
1375 1285 1480 1338 ὑπὸ
1512 1285 1611 1356 τὴν
1643 1284 1870 1356 Περσῶν

294 1372 603 1426 δυναστείαν
630 1374 899 1441 ἐγένοντο.
939 1375 997 1427 'U
1025 1374 1124 1444 μὲν
1149 1368 1243 1427 οὖν
1268 1374 1555 1445 προφήτης
1580 1373 1736 1427 τοῦτο
1756 1376 1870 1437 τοῖς

295 1463 507 1536 θρήνοις
536 1465 599 1518 τὸ
636 1466 790 1529 τέλος
841 1466 1112 1537 ἐπέθηκεν
1137 1482 1152 1497 ·
1185 1468 1345 1537 ἡμεῖς
1378 1467 1435 1521 δὲ
1481 1466 1573 1520 τὸν
1599 1467 1870 1523 δεδωκότα

293 1556 463 1625 στόμα
497 1555 792 1628 ἀνθρώπῳ,
841 1559 935 1610 καὶ
980 1557 1303 1612 διδάσκοντα
1332 1558 1622 1630 ἄνθρωπον
1668 1560 1869 1628 γνῶσιν

292 1647 586 1718 ὑμνούμεν,
616 1649 699 1701 ὅτι
749 1650 843 1702 καὶ
888 1649 1042 1703 τοῦδε
1102 1650 1196 1703 τοῦ
1243 1652 1522 1723 προφήτου
1556 1653 1720 1725 δήλην
1768 1653 1869 1725 τὴν

1969 464 2178 518 avitum
2211 464 2395 519 odium
2432 464 2732 519 retinuere.

2041 646 2209 706 Vens.
2241 648 2334 702 22.
2366 646 2568 717 Defecit
2616 644 2874 717 iniquitas
2936 654 3049 710 tua,
3080 644 3200 714 filia
3232 643 3403 706 Sion;
3434 658 3542 697 non

1973 741 2137 797 addet
2167 741 2335 805 ultra,
2376 748 2434 794 ut
2465 741 2697 809 migrare
2737 747 2784 792 te
2808 738 2998 808 faciat.
3058 735 3307 790 Visitavit
3348 735 3550 803 iniqui-

1971 844 2130 890 tatem
2161 844 2327 898 tuam,
2355 833 2472 901 ﬁlia
2501 830 2697 899 Edam,
2721 830 2968 885 revelavit
2991 844 3147 898 super
3171 828 3340 899 668
3366 827 3545 894 impie-

1971 938 2106 982 tate:
2133 937 2277 982 tuas.
2310 922 2515 980 Fausta
2544 923 2769 994 quidem
2799 922 2952 977 Sioni
2976 919 3287 991 prmnuntia
3313 920 3392 982 vit,
3419 917 3547 971 ldu-

1970 1035 2119 1075 τηεσε
2152 1033 2281 1074 vero
2308 1016 2591 1071 contraria
2619 1035 2632 1071 :
2667 1016 2797 1085 quia
2827 1014 2969 1069 dixit
3031 1012 3298 1066 ultionem
3350 1019 3549 1064 ventu-

1971 1128 2087 1166 ram
2111 1126 2277 1181 super
2296 1125 2439 1164 eam.
2462 1106 2668 1162 Verum
2688 1106 2952 1161 estetiam
2975 1103 3123 1159 istud
3147 1123 3157 1156 :
3185 1120 3203 1154 ι
3233 1101 3295 1155 Et
3317 1116 3424 1155 non
3452 1100 3548 1153 ad-

1969 1204 2062 1256 det
2089 1202 2254 1263 ultra,
2288 1208 2351 1252 ut
2376 1197 2614 1266 migrare
2636 1204 2689 1252 te
2713 1195 2901 1250 faciat.
2936 1213 2954 1246 ι
2977 1193 3082 1260 Qui
3102 1194 3248 1249 enim
3282 1192 3547 1260 subjuga-

1972 1306 2181 1355 verant,
2216 1290 2486 1363 prostrati
2521 1296 2654 1355 sunt
2688 1303 2943 1359 prorsus,
2976 1293 3031 1340 et
3078 1286 3184 1342 sub
3238 1284 3549 1339 dominium

1972 1386 2263 1442 PerSarum
2293 1383 2529 1439 redacti.
2574 1381 2734 1436 Hunc
2767 1396 2902 1451 ergo
2931 1379 3095 1435 finem
3143 1378 3410 1449 propheta
3446 1375 3550 1430 La-

1970 1476 2408 1532 mentationibus
2442 1475 2728 1545 imposuit.
2772 1472 2884 1529 Nos
2929 1487 3060 1527 vero
3083 1471 3340 1525 laudibus
3365 1469 3551 1524 efferi-

1971 1582 2094 1622 mus
2127 1583 2274 1631 eum,
2308 1567 2400 1637 qui
2435 1582 2498 1623 os
2522 1566 2675 1621 dedit
2730 1564 2961 1628 homini,
3004 1562 3211 1633 quique
3256 1561 3419 1615 docet
3449 1561 3549 1612 ho-

1972 1658 2174 1713 minem
2201 1658 2517 1726 scientiam,
2570 1672 2637 1714 eo
2663 1656 2809 1728 quod
2845 1655 3012 1724 hujus
3066 1655 3231 1709 etiam
3277 1651 3554 1723 prophette

288 1739 543 1801 διάνοιαν,
585 1740 661 1802 ὡς
696 1736 764 1811 ἦν
799 1742 842 1772 ⁸⁷
877 1743 1012 1810 ἡμῖν
1056 1742 1300 1810 ἐφικτὸν,
1337 1745 1743 1816 πεποιήκαμεν,
1775 1747 1869 1799 καὶ

1974 1764 2224 1814 sensum,
2275 1756 2555 1819 quatenus
2598 1747 2822 1817 assequi
2878 1747 3042 1801 nobis
3090 1745 3265 1809 licuit,
3326 1744 3550 1813 planum

287 1835 404 1895 ταῖς
455 1831 647 1895 ἄλλαις
706 1836 1070 1904 προφητικαῖς
1136 1834 1343 1904 βίϐλοις
1404 1837 1869 1908 προστεθείκαμεν

285 1924 377 1976 καὶ
403 1923 563 1993 τήνδε
602 1922 704 1994 τὴν
736 1925 1057 1995 ἑρμηνείαν,
1094 1925 1169 1989 ὡς
1202 1927 1337 1997 μηδὲ
1367 1928 1499 1998 μίαν
1537 1927 1625 1986 διὰ
1648 1928 1745 2000 τὴν
1777 1928 1869 1982 αὖ·

284 2012 375 2067 τοῦ
399 2014 564 2085 χάριν
588 2015 929 2086 προφητείαν
949 2017 1270 2083 καταλιπεῖν
1289 2000 1710 2089 ἀνὲρμήνευτον.
1732 2021 1869 2084 Τοὺς

281 2105 337 2158 δέ
371 2121 435 2173 γε
474 2106 897 2177 ἐντευξομένους
922 2110 1249 2181 παρακαλῶ,
1279 2110 1537 2178 δέξασθαι
1567 2113 1666 2183 μὲν
1709 2111 1776 2165 τὰ
1806 2108 1867 2166 εὖ

283 2197 377 2248 καὶ
406 2195 592 2261 καλῶς
625 2198 927 2269 εἰρημένα·
958 2202 1008 2283 εἰ
1042 2200 1100 2254 δέ
1136 2219 1187 2254 τι
1232 2202 1502 2265 ἐλλείπει,
1537 2204 1865 2273 συγγνῶναι.

284 2286 600 2357 Ἄνθρωποι
633 2289 743 2359 γὰρ
770 2290 948 2355 ὄντες,
982 2295 1079 2346 κα)⁵
1111 2292 1215 2364 τῆς
1252 2294 1592 2365 τελειότητος
1610 2296 1870 2350 ἀποδέον-

277 2397 395 2445 τες,
425 2380 528 2452 τὴν
568 2382 778 2436 οἰκείαν
814 2385 1214 2455 εἰσηνέγκαμεν
1245 2388 1580 2459 προθυμίαν,
1603 2388 1870 2457 ὠφέλειάν

277 2487 403 2524 τινα
462 2475 582 2536 τοῖς
631 2470 901 2543 φιλοθὲοις
934 2478 1030 2531 καὶ
1064 2479 1370 2547 φιλοπόνοις
1408 2480 1753 2551 πορίζοντες,
1778 2481 1871 2546 οὓς

279 2562 590 2618 ἀντιδοῦναι
647 2566 1075 2638 παρακαλοῦμεν
1125 2569 1203 2641 τῷ
1252 2571 1401 2642 πόνῳ
1433 2572 1535 2642 τῆς
1576 2574 1872 2644 ἑρμηνείας

280 2650 378 2721 τῆς
412 2655 730 2724 προσευχῆς
763 2655 861 2728 τὴν
894 2657 1150 2730 βοήθειαν
1178 2675 1191 2689 ·
1226 2660 1292 2714 ἶν’
1324 2662 1429 2716 ὑπὸ
1478 2662 1686 2734 ταύτης
1730 2666 1872 2736 ἐρει-

281 2740 495 2812 δόμενοι
527 2746 591 2797 τὸ
629 2745 951 2817 λειπόμενον
978 2751 1078 2820 τῆς
1109 2750 1254 2824 ζωῆς
1280 2751 1651 2823 ὲξανύσωμεν,
1688 2755 1873 2827 ἔργοις

284 2834 376 2886 καὶ
406 2834 590 2904 λόγοις
624 2837 719 2890 καὶ
771 2838 1052 2910 λογισμοῖς
1081 2841 1173 2896 τὸν
1211 2843 1344 2897 Θεὸν
1374 2847 1469 2899 καὶ
1506 2847 1737 2917 Σωτῆρα
1778 2848 1876 2901 καὶ

287 2924 492 2997 Κύριον
530 2927 689 2998 ἡμῶν
729 2929 1144 3000 θεραπεύοντες,
1181 2936 1303 3004 μεθ’
1340 2928 1403 2987 οὗ
1431 2935 1511 3006 τῷ
1540 2937 1735 3009 Πατρί,
1777 2940 1874 2991 σὺν

289 3015 366 3085 τῷ
393 3019 647 3089 παναγίῳ
670 3019 973 3090 Πνεύματι,
1001 3022 1126 3091 δόξα
1156 3024 1382 3095 πρέπει,
1408 3029 1503 3079 καὶ
1540 3026 1875 3097 μεγαλοπρέ.

1969 1841 2224 1907 fecimus,
2286 1841 2545 1910 hancque
2595 1839 2764 1894 etiam
2824 1837 2952 1893 aliis
3001 1835 3341 1908 propheticis
3394 1834 3552 1888 libris

1970 1933 2279 2003 adjecimus
2314 1930 2832 2005 interpretationan
2858 1947 2873 1991 ;
2904 1926 3045 1983 adeo
3075 1935 3152 1992 ut,
3192 1942 3289 1996 per
3318 1925 3551 1996 gratiam

1968 2025 2111 2094 ejus,
2144 2024 2351 2078 nullam
2385 2022 2736 2093 prophetiam
2771 2018 3247 2087 interpretationis
3270 2024 3553 2085 expertem

1970 2116 2383 2187 reliquerimus.
2406 2114 2655 2170 Obsecro
2684 2111 3050 2166 nihilominus
3071 2124 3167 2164 eos
3197 2107 3294 2178 qui
3330 2108 3384 2161 in
3406 2108 3553 2160 hunc

1970 2211 2171 2266 librum
2206 2208 2477 2270 incident,
2513 2214 2575 2260 ut
2603 2220 2724 2276 quze
2744 2208 2759 2225 '
2790 2212 2941 2259 recte
2962 2204 3178 2272 riteque
3220 2199 3370 2254 dicta
3400 2209 3550 2264 sunt,

1974 2302 2438 2371 amplectantur:
2474 2299 2562 2354 sin
2615 2304 2863 2353 erratum
2896 2296 2970 2350 sit
3022 2294 3078 2348 in
3135 2293 3346 2362 aliquo,
3400 2292 3556 2358 igno-

1973 2398 2155 2446 scant.
2196 2390 2334 2444 Cum
2366 2389 2513 2443 enim
2561 2387 2736 2443 simus
2785 2385 3062 2451 homines,
3105 2391 3161 2438 et
3209 2382 3557 2454 perfectione

1971 2497 2258 2553 egeamus,
2296 2480 2465 2535 animi
2498 2478 2676 2535 nostri
2709 2475 3209 2549 promptitudinem
3241 2474 3555 2539 attulimus,

1973 2576 2408 2631 emolumentum
2440 2571 2666 2643 aliquod
2712 2576 3040 2641 praestantes
3085 2568 3176 2634 iis,
3210 2567 3307 2637 qui
3342 2564 3436 2621 Dei
3471 2566 3553 2619 la-

1975 2666 2242 2736 borisque
2284 2674 2417 2719 sunt
2439 2661 2701 2718 studiosi.
2731 2660 2777 2713 A
2808 2659 3015 2731 quibus
3058 2660 3320 2730 petimus,
3357 2666 3417 2712 ut
3471 2656 3557 2709 in-

1975 2756 2387 2827 terpretationis
2410 2769 2634 2826 operam
2656 2753 2865 2808 auxilio
2894 2765 3120 2823 precum
3147 2757 3510 2806 remunerent
3537 2767 3552 2804 ;

1974 2861 2085 2916 quo
2127 2844 2255 2899 freti
2311 2844 2583 2913 reliquam
2626 2844 2798 2898 vitam
2844 2856 3210 2913 peragamus,
3257 2837 3553 2909 operibus.

1974 2937 2162 2992 verbis
2193 2944 2248 2992 et
2280 2935 2719 3007 cogitationibus
2751 2934 3057 2990 servientes
3088 2933 3199 2989 Deo
3251 2947 3315 2986 ac
3365 2931 3557 2985 Salva-
3631 2932 3655 2953 ’

1978 3029 2084 3083 tori
2120 3037 2333 3094 nostro,
2368 3042 2495 3083 cum
2522 3041 2638 3097 quo
2673 3026 2918 3091 Patrem,
2980 3040 3090 3079 una
3136 3039 3263 3078 cum
3317 3021 3556 3077 sanctis.

297 3123 419 3160 πεια
444 3149 459 3174 ,
490 3108 586 3164 νῦν
633 3112 729 3165 καὶ
775 3112 862 3167 ἀεὶ
899 3112 968 3181 ⁸⁸,
997 3116 1092 3169 καὶ
1143 3117 1225 3180 εἰς
1283 3117 1411 3182 τοὺς
1462 3117 1666 3182 αἰῶνας
1688 3116 1732 3147 ⁸³
1762 3115 1869 3170 τῶν

1979 3119 2121 3173 simo
2163 3118 2401 3189 Spiritu,
2431 3095 2590 3172 decet
2631 3117 2808 3188 gloria
2832 3124 2890 3170 et
2942 3113 3373 3187 magnificentia,
3407 3126 3556 3165 nunc

303 3196 521 3254 αἰώνων.
548 3201 741 3273 ’Δμήν.

1978 3221 2031 3266 et
2062 3227 2299 3281 semper,
2333 3219 2387 3266 et
2417 3210 2475 3264 in
2499 3210 2703 3266 saecula
2728 3206 3079 3264 saeculorum.
3107 3204 3304 3260 Amen.

1597 3385 1833 3443 VARle
1871 3386 2277 3443 LECTIONES.

382 3468 423 3498 “
456 3469 496 3520 Β
519 3471 700 3544 αὐτήν.
780 3475 825 3507 ⁸⁷
864 3469 954 3545 ἦν.
976 3474 1057 3534 Ita
1083 3477 1125 3533 Β
1154 3479 1248 3536 sed
1278 3480 1365 3535 ed.
1391 3480 1546 3551 prior
1580 3480 1706 3536 hab.
1737 3481 1883 3552 ἐνῆν,
1960 3481 2006 3514 ⁸⁵
2033 3481 2126 3535 καὶ
2154 3481 2261 3536 ἀεί.
2294 3479 2335 3535 Β
2364 3471 2552 3551 prium.
2589 3476 2685 3531 καὶ
2716 3475 2966 3531 πάντοτε.
3045 3474 3088 3507 θ’
3116 3471 3271 3527 αἰῶν.
3300 3472 3339 3525 Β
3364 3487 3554 3543 prmm.

327 3534 630 3608 σύμπαντας.
