  <div class='ocr_page' id='page_1' title='image "/cluster/home/n/w/nwhite01/storage/ocr_20150623/81/mdp.39015078384339/419.png"; bbox 0 0 3868 6204; ppageno 0'>
   <div class='ocr_carea' id='block_1_1' title="bbox 312 289 415 355">
    <p class='ocr_par' dir='ltr' id='par_1_1' title="bbox 312 289 415 355">
     <span class='ocr_line' id='line_1_1' title="bbox 312 289 415 355; baseline -0.019 0"><span class='ocrx_word' id='word_1_1' title='bbox 312 289 415 355; x_wconf 78' lang='grc' dir='ltr'><strong>ὃθἹ</strong></span> 
     </span>
    </p>
   </div>
   <div class='ocr_carea' id='block_1_2' title="bbox 1299 258 2534 336">
    <p class='ocr_par' dir='ltr' id='par_1_2' title="bbox 1299 258 2534 336">
     <span class='ocr_line' id='line_1_2' title="bbox 1299 258 2534 336; baseline -0.015 1"><span class='ocrx_word' id='word_1_2' title='bbox 1299 262 1784 336; x_wconf 81' lang='lat' dir='ltr'><strong>THEODORETI</strong></span> <span class='ocrx_word' id='word_1_3' title='bbox 1808 258 2147 328; x_wconf 82' lang='lat' dir='ltr'><strong>EPISCOPI</strong></span> <span class='ocrx_word' id='word_1_4' title='bbox 2170 260 2534 326; x_wconf 67' lang='lat' dir='ltr'><strong>crannsrs</strong></span> 
     </span>
    </p>
   </div>
   <div class='ocr_carea' id='block_1_3' title="bbox 3476 242 3574 312">
    <p class='ocr_par' dir='ltr' id='par_1_3' title="bbox 3476 242 3574 312">
     <span class='ocr_line' id='line_1_3' title="bbox 3476 242 3574 312; baseline 0.02 -2"><span class='ocrx_word' id='word_1_5' title='bbox 3476 242 3574 312; x_wconf 80' lang='lat'><strong>808</strong></span> 
     </span>
    </p>
   </div>
   <div class='ocr_carea' id='block_1_4' title="bbox 639 574 3258 733">
    <p class='ocr_par' dir='ltr' id='par_1_4' title="bbox 639 574 3258 733">
     <span class='ocr_line' id='line_1_4' title="bbox 639 574 3258 733; baseline -0.009 -3"><span class='ocrx_word' id='word_1_6' title='bbox 639 600 984 733; x_wconf 85' lang='grc' dir='ltr'><strong>ΤΟΥ</strong></span> <span class='ocrx_word' id='word_1_7' title='bbox 1083 578 1966 731; x_wconf 78' lang='grc' dir='ltr'><strong>ΜΑΚΑΡΙΟΥ</strong></span> <span class='ocrx_word' id='word_1_8' title='bbox 2097 574 3258 716; x_wconf 83' lang='grc' dir='ltr'><strong>ΘΕΟΔΩΡΗΤΟΥ</strong></span> 
     </span>
    </p>
   </div>
   <div class='ocr_carea' id='block_1_5' title="bbox 1592 806 2293 875">
    <p class='ocr_par' dir='ltr' id='par_1_5' title="bbox 1592 806 2293 875">
     <span class='ocr_line' id='line_1_5' title="bbox 1592 806 2293 875; baseline -0.01 0"><span class='ocrx_word' id='word_1_9' title='bbox 1592 806 1997 875; x_wconf 73' lang='grc' dir='ltr'>ΕΠιΣκοιίοΥ</span> <span class='ocrx_word' id='word_1_10' title='bbox 2052 806 2293 871; x_wconf 73' lang='lat' dir='ltr'><strong>Krpor</strong></span> 
     </span>
    </p>
   </div>
   <div class='ocr_carea' id='block_1_6' title="bbox 475 970 3441 1091">
    <p class='ocr_par' dir='ltr' id='par_1_6' title="bbox 475 970 3441 1091">
     <span class='ocr_line' id='line_1_6' title="bbox 475 970 3441 1091; baseline -0.011 -1"><span class='ocrx_word' id='word_1_11' title='bbox 475 989 1046 1091; x_wconf 83' lang='grc' dir='ltr'><strong>ΕΡΜΗΝΕΙΑ</strong></span> <span class='ocrx_word' id='word_1_12' title='bbox 1115 992 1334 1080; x_wconf 86' lang='grc' dir='ltr'><strong>ΤΗΣ</strong></span> <span class='ocrx_word' id='word_1_13' title='bbox 1400 978 2114 1079; x_wconf 84' lang='grc' dir='ltr'><strong>ΠΡΟΦΗΤΕΙΑΣ</strong></span> <span class='ocrx_word' id='word_1_14' title='bbox 2175 983 2403 1070; x_wconf 89' lang='grc' dir='ltr'><strong>ΤΟΥ</strong></span> <span class='ocrx_word' id='word_1_15' title='bbox 2450 970 2802 1072; x_wconf 82' lang='grc' dir='ltr'>ΘΕΙΟΥ</span> <span class='ocrx_word' id='word_1_16' title='bbox 2866 973 3441 1065; x_wconf 69' lang='grc' dir='ltr'><strong>ΙΕΖΕΚΙΗΛ.</strong></span> 
     </span>
    </p>
   </div>
   <div class='ocr_carea' id='block_1_7' title="bbox 887 1314 1584 1510">
    <p class='ocr_par' dir='ltr' id='par_1_7' title="bbox 887 1314 1584 1510">
     <span class='ocr_line' id='line_1_7' title="bbox 887 1314 1584 1510; baseline -0.013 1"><span class='ocrx_word' id='word_1_17' title='bbox 887 1327 1584 1510; x_wconf 70' lang='grc' dir='ltr'><strong>θθθΒΕΑΤ</strong></span> 
     </span>
    </p>
   </div>
   <div class='ocr_carea' id='block_1_8' title="bbox 1596 1336 3026 1500">
    <p class='ocr_par' dir='ltr' id='par_1_8' title="bbox 1596 1336 3026 1500">
     <span class='ocr_line' id='line_1_8' title="bbox 1596 1336 3026 1500; baseline -0.005 0"><span class='ocrx_word' id='word_1_18' title='bbox 1596 1344 1660 1500; x_wconf 96' lang='grc' dir='ltr'>Ι</span> <span class='ocrx_word' id='word_1_19' title='bbox 1771 1336 3026 1499; x_wconf 78' lang='lat' dir='ltr'><strong>THEODOBET]</strong></span> 
     </span>
    </p>
   </div>
   <div class='ocr_carea' id='block_1_9' title="bbox 1526 1602 3107 1674">
    <p class='ocr_par' dir='ltr' id='par_1_9' title="bbox 1526 1602 3107 1674">
     <span class='ocr_line' id='line_1_9' title="bbox 1526 1602 3107 1674; baseline 0.001 -7"><span class='ocrx_word' id='word_1_20' title='bbox 1526 1662 1532 1667; x_wconf 85' lang='lat'><strong>.</strong></span> <span class='ocrx_word' id='word_1_21' title='bbox 1609 1602 1954 1674; x_wconf 80' lang='lat' dir='ltr'><strong>CYRENSIS</strong></span> <span class='ocrx_word' id='word_1_22' title='bbox 1992 1606 2296 1673; x_wconf 77' lang='lat' dir='ltr'><strong>EPISCOPI</strong></span> <span class='ocrx_word' id='word_1_23' title='bbox 3102 1641 3107 1645; x_wconf 95' lang='lat'><strong><em>-</em></strong></span> 
     </span>
    </p>
   </div>
   <div class='ocr_carea' id='block_1_10' title="bbox 591 1806 3309 1949">
    <p class='ocr_par' dir='ltr' id='par_1_10' title="bbox 591 1806 3309 1949">
     <span class='ocr_line' id='line_1_10' title="bbox 591 1806 3309 1949; baseline -0.007 -2"><span class='ocrx_word' id='word_1_24' title='bbox 591 1834 742 1947; x_wconf 88' lang='lat' dir='ltr'><strong>IN</strong></span> <span class='ocrx_word' id='word_1_25' title='bbox 836 1821 1310 1949; x_wconf 86' lang='lat' dir='ltr'><strong>DlVlNl</strong></span> <span class='ocrx_word' id='word_1_26' title='bbox 1410 1810 2255 1939; x_wconf 77' lang='lat' dir='ltr'><strong>EZECHIELIS</strong></span> <span class='ocrx_word' id='word_1_27' title='bbox 2372 1806 3309 1933; x_wconf 81' lang='lat' dir='ltr'><strong>PROPHETIAM</strong></span> 
     </span>
    </p>
   </div>
   <div class='ocr_carea' id='block_1_11' title="bbox 1476 2060 2462 2153">
    <p class='ocr_par' dir='ltr' id='par_1_11' title="bbox 1476 2060 2462 2153">
     <span class='ocr_line' id='line_1_11' title="bbox 1476 2060 2462 2153; baseline 0.002 -2"><span class='ocrx_word' id='word_1_28' title='bbox 1476 2060 2462 2153; x_wconf 74' lang='lat' dir='ltr'><strong>INTERPRETATIO</strong></span> 
     </span>
    </p>
   </div>
   <div class='ocr_carea' id='block_1_12' title="bbox 1343 2250 2607 2318">
    <p class='ocr_par' dir='ltr' id='par_1_12' title="bbox 1343 2250 2607 2318">
     <span class='ocr_line' id='line_1_12' title="bbox 1343 2250 2607 2318; baseline -0.002 -13"><span class='ocrx_word' id='word_1_29' title='bbox 1343 2255 1534 2307; x_wconf 75' lang='lat' dir='ltr'><strong>Joanne</strong></span> <span class='ocrx_word' id='word_1_30' title='bbox 1555 2251 1777 2317; x_wconf 75' lang='lat' dir='ltr'><strong>Baptism</strong></span> <span class='ocrx_word' id='word_1_31' title='bbox 1817 2250 1982 2318; x_wconf 77' lang='lat' dir='ltr'><strong>Gabio,</strong></span> <span class='ocrx_word' id='word_1_32' title='bbox 2011 2250 2290 2316; x_wconf 73' lang='lat' dir='ltr'><strong>Verumsi,</strong></span> <span class='ocrx_word' id='word_1_33' title='bbox 2334 2251 2607 2318; x_wconf 71' lang='lat' dir='ltr'><strong>interprete.</strong></span> 
     </span>
    </p>
   </div>
   <div class='ocr_carea' id='block_1_13' title="bbox 863 2572 1375 2638">
    <p class='ocr_par' dir='ltr' id='par_1_13' title="bbox 863 2572 1375 2638">
     <span class='ocr_line' id='line_1_13' title="bbox 863 2572 1375 2638; baseline -0.004 -1"><span class='ocrx_word' id='word_1_34' title='bbox 863 2572 1375 2638; x_wconf 75' lang='lat' dir='ltr'><strong>ARGUMENTUM.</strong></span> 
     </span>
    </p>
   </div>
   <div class='ocr_carea' id='block_1_14' title="bbox 417 2666 1917 2744">
    <p class='ocr_par' dir='ltr' id='par_1_14' title="bbox 417 2666 1917 2744">
     <span class='ocr_line' id='line_1_14' title="bbox 417 2666 1917 2744; baseline -0.003 -13"><span class='ocrx_word' id='word_1_35' title='bbox 417 2671 569 2731; x_wconf 72' lang='grc' dir='ltr'>δειῆί</span> <span class='ocrx_word' id='word_1_36' title='bbox 607 2672 859 2744; x_wconf 86' lang='lat' dir='ltr'><strong>corporis</strong></span> <span class='ocrx_word' id='word_1_37' title='bbox 892 2673 1193 2744; x_wconf 83' lang='lat' dir='ltr'><strong>ﬁgurarum</strong></span> <span class='ocrx_word' id='word_1_38' title='bbox 1235 2680 1289 2726; x_wconf 89' lang='lat' dir='ltr'><strong>et</strong></span> <span class='ocrx_word' id='word_1_39' title='bbox 1335 2666 1586 2726; x_wconf 85' lang='lat' dir='ltr'><strong>colorum</strong></span> <span class='ocrx_word' id='word_1_40' title='bbox 1623 2670 1756 2727; x_wconf 82' lang='lat' dir='ltr'><strong>facti</strong></span> <span class='ocrx_word' id='word_1_41' title='bbox 1787 2678 1917 2728; x_wconf 87' lang='lat' dir='ltr'><strong>sunt</strong></span> 
     </span>
    </p>
   </div>
   <div class='ocr_carea' id='block_1_15' title="bbox 339 2762 1914 2838">
    <p class='ocr_par' dir='ltr' id='par_1_15' title="bbox 339 2762 1914 2838">
     <span class='ocr_line' id='line_1_15' title="bbox 339 2762 1914 2838; baseline -0.003 -18"><span class='ocrx_word' id='word_1_42' title='bbox 339 2763 592 2838; x_wconf 54' lang='lat' dir='ltr'><strong>iudices;</strong></span> <span class='ocrx_word' id='word_1_43' title='bbox 624 2766 741 2835; x_wconf 88' lang='lat' dir='ltr'><strong>qui,</strong></span> <span class='ocrx_word' id='word_1_44' title='bbox 768 2765 814 2820; x_wconf 88' lang='lat' dir='ltr'><strong>si</strong></span> <span class='ocrx_word' id='word_1_45' title='bbox 848 2765 1092 2831; x_wconf 81' lang='lat' dir='ltr'><strong>valeant,</strong></span> <span class='ocrx_word' id='word_1_46' title='bbox 1128 2775 1275 2819; x_wconf 86' lang='lat' dir='ltr'><strong>recte</strong></span> <span class='ocrx_word' id='word_1_47' title='bbox 1305 2774 1356 2819; x_wconf 91' lang='lat' dir='ltr'><strong>et</strong></span> <span class='ocrx_word' id='word_1_48' title='bbox 1391 2779 1520 2818; x_wconf 82' lang='lat' dir='ltr'><strong>vere</strong></span> <span class='ocrx_word' id='word_1_49' title='bbox 1554 2778 1786 2834; x_wconf 85' lang='lat' dir='ltr'><strong>prorsus</strong></span> <span class='ocrx_word' id='word_1_50' title='bbox 1822 2762 1914 2831; x_wconf 87' lang='lat' dir='ltr'><strong>ju-</strong></span> 
     </span>
    </p>
   </div>
   <div class='ocr_carea' id='block_1_16' title="bbox 344 2840 1918 2927">
    <p class='ocr_par' dir='ltr' id='par_1_16' title="bbox 344 2840 1918 2927">
     <span class='ocr_line' id='line_1_16' title="bbox 344 2840 1918 2927; baseline -0.003 -13"><span class='ocrx_word' id='word_1_51' title='bbox 344 2859 571 2927; x_wconf 86' lang='lat' dir='ltr'><strong>dicant;</strong></span> <span class='ocrx_word' id='word_1_52' title='bbox 598 2858 642 2912; x_wconf 86' lang='lat' dir='ltr'><strong>si</strong></span> <span class='ocrx_word' id='word_1_53' title='bbox 673 2873 802 2912; x_wconf 88' lang='lat' dir='ltr'><strong>vero</strong></span> <span class='ocrx_word' id='word_1_54' title='bbox 842 2857 951 2912; x_wconf 81' lang='lat' dir='ltr'><strong>sint</strong></span> <span class='ocrx_word' id='word_1_55' title='bbox 976 2856 1311 2911; x_wconf 82' lang='lat' dir='ltr'><strong>imbecillius</strong></span> <span class='ocrx_word' id='word_1_56' title='bbox 1341 2846 1547 2918; x_wconf 74' lang='lat' dir='ltr'><strong>ail‘e&#39;cti,</strong></span> <span class='ocrx_word' id='word_1_57' title='bbox 1611 2846 1681 2911; x_wconf 87' lang='lat' dir='ltr'><strong>ab</strong></span> <span class='ocrx_word' id='word_1_58' title='bbox 1741 2840 1918 2910; x_wconf 80' lang='lat' dir='ltr'><strong>ollici&#39;o</strong></span> 
     </span>
    </p>
   </div>
   <div class='ocr_carea' id='block_1_17' title="bbox 345 2946 1920 3017">
    <p class='ocr_par' dir='ltr' id='par_1_17' title="bbox 345 2946 1920 3017">
     <span class='ocr_line' id='line_1_17' title="bbox 345 2946 1920 3017; baseline -0.003 -13"><span class='ocrx_word' id='word_1_59' title='bbox 345 2953 623 3011; x_wconf 84' lang='lat' dir='ltr'><strong>aberrant,</strong></span> <span class='ocrx_word' id='word_1_60' title='bbox 662 2956 715 3004; x_wconf 90' lang='lat' dir='ltr'><strong>e‘t</strong></span> <span class='ocrx_word' id='word_1_61' title='bbox 762 2952 899 3004; x_wconf 90' lang='lat' dir='ltr'><strong>recti</strong></span> <span class='ocrx_word' id='word_1_62' title='bbox 939 2950 1206 3004; x_wconf 85' lang='lat' dir='ltr'><strong>rationem</strong></span> <span class='ocrx_word' id='word_1_63' title='bbox 1254 2955 1596 3017; x_wconf 85' lang='lat' dir='ltr'><strong>pervertunt.</strong></span> <span class='ocrx_word' id='word_1_64' title='bbox 1651 2947 1787 3001; x_wconf 87' lang='lat' dir='ltr'><strong>Nam</strong></span> <span class='ocrx_word' id='word_1_65' title='bbox 1833 2946 1920 3001; x_wconf 89' lang='lat' dir='ltr'><strong>vel</strong></span> 
     </span>
    </p>
   </div>
   <div class='ocr_carea' id='block_1_18' title="bbox 343 3032 1917 3111">
    <p class='ocr_par' dir='ltr' id='par_1_18' title="bbox 343 3032 1917 3111">
     <span class='ocr_line' id='line_1_18' title="bbox 343 3032 1917 3111; baseline -0.003 -17"><span class='ocrx_word' id='word_1_66' title='bbox 343 3041 562 3111; x_wconf 80' lang='lat' dir='ltr'><strong>penitus</strong></span> <span class='ocrx_word' id='word_1_67' title='bbox 594 3048 708 3094; x_wconf 85' lang='lat' dir='ltr'><strong>non</strong></span> <span class='ocrx_word' id='word_1_68' title='bbox 744 3039 957 3102; x_wconf 84' lang='lat' dir='ltr'><strong>vident,</strong></span> <span class='ocrx_word' id='word_1_69' title='bbox 1010 3038 1113 3111; x_wconf 71' lang='lat' dir='ltr'><strong>vel</strong></span> <span class='ocrx_word' id='word_1_70' title='bbox 1144 3036 1249 3091; x_wconf 89' lang='lat' dir='ltr'><strong>alia</strong></span> <span class='ocrx_word' id='word_1_71' title='bbox 1296 3038 1396 3108; x_wconf 75' lang='lat' dir='ltr'><strong>pro</strong></span> <span class='ocrx_word' id='word_1_72' title='bbox 1432 3036 1557 3092; x_wconf 87' lang='lat' dir='ltr'><strong>aliis</strong></span> <span class='ocrx_word' id='word_1_73' title='bbox 1606 3032 1917 3102; x_wconf 82' lang='lat' dir='ltr'><strong>cernentes,</strong></span> 
     </span>
    </p>
   </div>
   <div class='ocr_carea' id='block_1_19' title="bbox 342 3128 1918 3201">
    <p class='ocr_par' dir='ltr' id='par_1_19' title="bbox 342 3128 1918 3201">
     <span class='ocr_line' id='line_1_19' title="bbox 342 3128 1918 3201; baseline -0.002 -15"><span class='ocrx_word' id='word_1_74' title='bbox 342 3146 534 3186; x_wconf 88' lang='lat' dir='ltr'><strong>eorum</strong></span> <span class='ocrx_word' id='word_1_75' title='bbox 565 3145 688 3201; x_wconf 72' lang='lat' dir='ltr'><strong>quae</strong></span> <span class='ocrx_word' id='word_1_76' title='bbox 728 3131 1151 3201; x_wconf 72' lang='lat' dir='ltr'><strong>conspiciuntur</strong></span> <span class='ocrx_word' id='word_1_77' title='bbox 1200 3139 1453 3183; x_wconf 75' lang='lat' dir='ltr'><strong>tiaturam</strong></span> <span class='ocrx_word' id='word_1_78' title='bbox 1480 3144 1770 3199; x_wconf 81' lang='lat' dir='ltr'><strong>perperam</strong></span> <span class='ocrx_word' id='word_1_79' title='bbox 1798 3128 1918 3183; x_wconf 89' lang='lat' dir='ltr'><strong>dis-</strong></span> 
     </span>
    </p>
   </div>
   <div class='ocr_carea' id='block_1_20' title="bbox 346 3219 1922 3292">
    <p class='ocr_par' dir='ltr' id='par_1_20' title="bbox 346 3219 1922 3292">
     <span class='ocr_line' id='line_1_20' title="bbox 346 3219 1922 3292; baseline -0.003 -16"><span class='ocrx_word' id='word_1_80' title='bbox 346 3231 602 3276; x_wconf 89' lang='lat' dir='ltr'><strong>cernunt.</strong></span> <span class='ocrx_word' id='word_1_81' title='bbox 640 3222 824 3275; x_wconf 85' lang='lat' dir='ltr'><strong>Animi</strong></span> <span class='ocrx_word' id='word_1_82' title='bbox 856 3231 1034 3276; x_wconf 89' lang='lat' dir='ltr'><strong>autem</strong></span> <span class='ocrx_word' id='word_1_83' title='bbox 1060 3236 1200 3292; x_wconf 78' lang='lat' dir='ltr'><strong>pars</strong></span> <span class='ocrx_word' id='word_1_84' title='bbox 1253 3221 1370 3284; x_wconf 85' lang='lat' dir='ltr'><strong>illa,</strong></span> <span class='ocrx_word' id='word_1_85' title='bbox 1428 3221 1480 3274; x_wconf 89' lang='lat' dir='ltr'><strong>in</strong></span> <span class='ocrx_word' id='word_1_86' title='bbox 1510 3224 1618 3289; x_wconf 80' lang='lat' dir='ltr'><strong>qua</strong></span> <span class='ocrx_word' id='word_1_87' title='bbox 1658 3222 1800 3274; x_wconf 88' lang='lat' dir='ltr'><strong>inest</strong></span> <span class='ocrx_word' id='word_1_88' title='bbox 1844 3219 1922 3271; x_wconf 83' lang='lat' dir='ltr'><strong>vi-</strong></span> 
     </span>
    </p>
   </div>
   <div class='ocr_carea' id='block_1_21' title="bbox 346 3309 1920 3382">
    <p class='ocr_par' dir='ltr' id='par_1_21' title="bbox 346 3309 1920 3382">
     <span class='ocr_line' id='line_1_21' title="bbox 346 3309 1920 3382; baseline -0.006 -12"><span class='ocrx_word' id='word_1_89' title='bbox 346 3313 512 3370; x_wconf 87' lang='lat' dir='ltr'><strong>dendi</strong></span> <span class='ocrx_word' id='word_1_90' title='bbox 544 3313 649 3378; x_wconf 89' lang='lat' dir='ltr'><strong>vis,</strong></span> <span class='ocrx_word' id='word_1_91' title='bbox 677 3326 913 3382; x_wconf 65' lang='lat' dir='ltr'><strong>qumque</strong></span> <span class='ocrx_word' id='word_1_92' title='bbox 940 3312 1119 3366; x_wconf 88' lang='lat' dir='ltr'><strong>oculis</strong></span> <span class='ocrx_word' id='word_1_93' title='bbox 1142 3312 1286 3365; x_wconf 89' lang='lat' dir='ltr'><strong>hanc</strong></span> <span class='ocrx_word' id='word_1_94' title='bbox 1314 3312 1490 3381; x_wconf 80' lang='lat' dir='ltr'><strong>ipsam</strong></span> <span class='ocrx_word' id='word_1_95' title='bbox 1517 3309 1920 3371; x_wconf 73' lang='lat' dir='ltr'><strong>subministrat,</strong></span> 
     </span>
    </p>
   </div>
   <div class='ocr_carea' id='block_1_22' title="bbox 347 3403 1923 3475">
    <p class='ocr_par' dir='ltr' id='par_1_22' title="bbox 347 3403 1923 3475">
     <span class='ocr_line' id='line_1_22' title="bbox 347 3403 1923 3475; baseline -0.004 -17"><span class='ocrx_word' id='word_1_96' title='bbox 347 3406 573 3460; x_wconf 87' lang='lat' dir='ltr'><strong>alteram</strong></span> <span class='ocrx_word' id='word_1_97' title='bbox 603 3420 824 3475; x_wconf 89' lang='lat' dir='ltr'><strong>quoque</strong></span> <span class='ocrx_word' id='word_1_98' title='bbox 848 3404 1065 3473; x_wconf 84' lang='lat' dir='ltr'><strong>accepit</strong></span> <span class='ocrx_word' id='word_1_99' title='bbox 1100 3404 1173 3458; x_wconf 87' lang='lat' dir='ltr'><strong>ab</strong></span> <span class='ocrx_word' id='word_1_100' title='bbox 1199 3403 1398 3472; x_wconf 83' lang='lat' dir='ltr'><strong>npiiice</strong></span> <span class='ocrx_word' id='word_1_101' title='bbox 1432 3403 1776 3468; x_wconf 73' lang='lat' dir='ltr'><strong>facultatem,</strong></span> <span class='ocrx_word' id='word_1_102' title='bbox 1816 3415 1923 3470; x_wconf 89' lang='lat' dir='ltr'><strong>qua</strong></span> 
     </span>
    </p>
   </div>
   <div class='ocr_carea' id='block_1_23' title="bbox 348 3493 1927 3566">
    <p class='ocr_par' dir='ltr' id='par_1_23' title="bbox 348 3493 1927 3566">
     <span class='ocr_line' id='line_1_23' title="bbox 348 3493 1927 3566; baseline -0.004 -14"><span class='ocrx_word' id='word_1_103' title='bbox 348 3513 458 3552; x_wconf 90' lang='lat' dir='ltr'><strong>non</strong></span> <span class='ocrx_word' id='word_1_104' title='bbox 490 3496 785 3566; x_wconf 80' lang='lat' dir='ltr'><strong>ﬁgurarum</strong></span> <span class='ocrx_word' id='word_1_105' title='bbox 833 3494 1018 3558; x_wconf 90' lang='lat' dir='ltr'><strong>modo,</strong></span> <span class='ocrx_word' id='word_1_106' title='bbox 1058 3501 1116 3549; x_wconf 78' lang='lat' dir='ltr'><strong>et</strong></span> <span class='ocrx_word' id='word_1_107' title='bbox 1151 3493 1421 3556; x_wconf 83' lang='lat' dir='ltr'><strong>colorum,</strong></span> <span class='ocrx_word' id='word_1_108' title='bbox 1467 3508 1844 3564; x_wconf 78' lang='lat' dir='ltr'><strong>vaporumque</strong></span> <span class='ocrx_word' id='word_1_109' title='bbox 1873 3499 1927 3546; x_wconf 92' lang='lat' dir='ltr'><strong>et</strong></span> 
     </span>
    </p>
   </div>
   <div class='ocr_carea' id='block_1_24' title="bbox 349 3583 1927 3657">
    <p class='ocr_par' dir='ltr' id='par_1_24' title="bbox 349 3583 1927 3657">
     <span class='ocr_line' id='line_1_24' title="bbox 349 3583 1927 3657; baseline -0.002 -17"><span class='ocrx_word' id='word_1_110' title='bbox 349 3595 630 3657; x_wconf 80' lang='lat' dir='ltr'><strong>gustuum,</strong></span> <span class='ocrx_word' id='word_1_111' title='bbox 671 3595 834 3654; x_wconf 89' lang='lat' dir='ltr'><strong>atque</strong></span> <span class='ocrx_word' id='word_1_112' title='bbox 883 3585 1117 3638; x_wconf 85' lang='lat' dir='ltr'><strong>aliorqu</strong></span> <span class='ocrx_word' id='word_1_113' title='bbox 1178 3583 1561 3653; x_wconf 81' lang='lat' dir='ltr'><strong>hujuscemodi</strong></span> <span class='ocrx_word' id='word_1_114' title='bbox 1626 3584 1927 3653; x_wconf 85' lang='lat' dir='ltr'><strong>qualitates</strong></span> 
     </span>
    </p>
   </div>
   <div class='ocr_carea' id='block_1_25' title="bbox 350 3669 1927 3746">
    <p class='ocr_par' dir='ltr' id='par_1_25' title="bbox 350 3669 1927 3746">
     <span class='ocr_line' id='line_1_25' title="bbox 350 3669 1927 3746; baseline -0.005 -16"><span class='ocrx_word' id='word_1_115' title='bbox 350 3677 662 3746; x_wconf 71' lang='lat' dir='ltr'><strong>diiudicat,</strong></span> <span class='ocrx_word' id='word_1_116' title='bbox 716 3673 812 3727; x_wconf 91' lang='lat' dir='ltr'><strong>sed</strong></span> <span class='ocrx_word' id='word_1_117' title='bbox 873 3672 1038 3727; x_wconf 88' lang='lat' dir='ltr'><strong>etiam</strong></span> <span class='ocrx_word' id='word_1_118' title='bbox 1098 3672 1380 3725; x_wconf 85' lang='lat' dir='ltr'><strong>orationes</strong></span> <span class='ocrx_word' id='word_1_119' title='bbox 1444 3678 1500 3725; x_wconf 90' lang='lat' dir='ltr'><strong>et</strong></span> <span class='ocrx_word' id='word_1_120' title='bbox 1554 3669 1927 3740; x_wconf 69' lang='lat' dir='ltr'><strong>cogitationes</strong></span> 
     </span>
    </p>
   </div>
   <div class='ocr_carea' id='block_1_26' title="bbox 345 3757 1927 3838">
    <p class='ocr_par' dir='ltr' id='par_1_26' title="bbox 345 3757 1927 3838">
     <span class='ocr_line' id='line_1_26' title="bbox 345 3757 1927 3838; baseline -0.009 -14"><span class='ocrx_word' id='word_1_121' title='bbox 345 3767 518 3838; x_wconf 73' lang='lat'><strong>670</strong></span> <span class='ocrx_word' id='word_1_122' title='bbox 550 3767 567 3787; x_wconf 80' lang='grc'>⁶</span> <span class='ocrx_word' id='word_1_123' title='bbox 600 3763 971 3834; x_wconf 85' lang='lat' dir='ltr'><strong>perpendens,</strong></span> <span class='ocrx_word' id='word_1_124' title='bbox 1004 3760 1203 3830; x_wconf 86' lang='lat' dir='ltr'><strong>impias</strong></span> <span class='ocrx_word' id='word_1_125' title='bbox 1238 3773 1270 3814; x_wconf 86' lang='lat' dir='ltr'><strong>a</strong></span> <span class='ocrx_word' id='word_1_126' title='bbox 1313 3760 1417 3829; x_wconf 87' lang='lat' dir='ltr'><strong>piis</strong></span> <span class='ocrx_word' id='word_1_127' title='bbox 1442 3759 1753 3830; x_wconf 70' lang='lat' dir='ltr'><strong>distinguit,</strong></span> <span class='ocrx_word' id='word_1_128' title='bbox 1780 3757 1927 3813; x_wconf 83' lang='lat' dir='ltr'><strong>divi-</strong></span> 
     </span>
    </p>
   </div>
   <div class='ocr_carea' id='block_1_27' title="bbox 350 3850 1929 3923">
    <p class='ocr_par' dir='ltr' id='par_1_27' title="bbox 350 3850 1929 3923">
     <span class='ocr_line' id='line_1_27' title="bbox 350 3850 1929 3923; baseline -0.003 -14"><span class='ocrx_word' id='word_1_129' title='bbox 350 3869 661 3923; x_wconf 81' lang='lat' dir='ltr'><strong>narumque</strong></span> <span class='ocrx_word' id='word_1_130' title='bbox 698 3859 753 3906; x_wconf 92' lang='lat' dir='ltr'><strong>et</strong></span> <span class='ocrx_word' id='word_1_131' title='bbox 789 3852 1162 3904; x_wconf 85' lang='lat' dir='ltr'><strong>humanarum</strong></span> <span class='ocrx_word' id='word_1_132' title='bbox 1212 3850 1512 3905; x_wconf 86' lang='lat' dir='ltr'><strong>discrimen</strong></span> <span class='ocrx_word' id='word_1_133' title='bbox 1554 3850 1826 3921; x_wconf 77' lang='lat' dir='ltr'><strong>agnoscit,</strong></span> <span class='ocrx_word' id='word_1_134' title='bbox 1875 3858 1929 3904; x_wconf 86' lang='lat' dir='ltr'><strong>et</strong></span> 
     </span>
    </p>
   </div>
   <div class='ocr_carea' id='block_1_28' title="bbox 1939 2474 2005 2489">
    <p class='ocr_par' dir='ltr' id='par_1_28' title="bbox 1939 2474 2005 2489">
     <span class='ocr_line' id='line_1_28' title="bbox 1939 2474 2005 2489; baseline 0 0"><span class='ocrx_word' id='word_1_135' title='bbox 1939 2474 2005 2489; x_wconf 42' lang='grc' dir='ltr'>ὴ</span> 
     </span>
    </p>
   </div>
   <div class='ocr_carea' id='block_1_29' title="bbox 1935 2583 1983 2641">
    <p class='ocr_par' dir='ltr' id='par_1_29' title="bbox 1935 2583 1983 2641">
     <span class='ocr_line' id='line_1_29' title="bbox 1935 2583 1983 2641; baseline 0 0"><span class='ocrx_word' id='word_1_136' title='bbox 1935 2583 1983 2641; x_wconf 77' lang='grc' dir='ltr'><strong>Α</strong></span> 
     </span>
    </p>
   </div>
   <div class='ocr_carea' id='block_1_30' title="bbox 2620 2562 2979 2629">
    <p class='ocr_par' dir='ltr' id='par_1_30' title="bbox 2620 2562 2979 2629">
     <span class='ocr_line' id='line_1_30' title="bbox 2620 2562 2979 2629; baseline 0.003 -1"><span class='ocrx_word' id='word_1_137' title='bbox 2620 2562 2979 2629; x_wconf 56' lang='lat' dir='ltr'><strong>meeum.</strong></span> 
     </span>
    </p>
   </div>
   <div class='ocr_carea' id='block_1_31' title="bbox 2094 2650 3608 2740">
    <p class='ocr_par' dir='ltr' id='par_1_31' title="bbox 2094 2650 3608 2740">
     <span class='ocr_line' id='line_1_31' title="bbox 2094 2650 3608 2740; baseline -0.002 -16"><span class='ocrx_word' id='word_1_138' title='bbox 2094 2667 2158 2724; x_wconf 77' lang='grc' dir='ltr'><strong>Οἱ</strong></span> <span class='ocrx_word' id='word_1_139' title='bbox 2212 2668 2310 2740; x_wconf 82' lang='grc' dir='ltr'><strong>μὲν</strong></span> <span class='ocrx_word' id='word_1_140' title='bbox 2351 2668 2447 2722; x_wconf 74' lang='grc' dir='ltr'>τοῦ</span> <span class='ocrx_word' id='word_1_141' title='bbox 2509 2666 2759 2738; x_wconf 85' lang='grc' dir='ltr'>σώματος</span> <span class='ocrx_word' id='word_1_142' title='bbox 2814 2663 3117 2736; x_wconf 76' lang='grc' dir='ltr'>ὀφθαλμοὶ,</span> <span class='ocrx_word' id='word_1_143' title='bbox 3166 2666 3471 2736; x_wconf 75' lang='grc' dir='ltr'><strong>σχημάτων</strong></span> <span class='ocrx_word' id='word_1_144' title='bbox 3514 2650 3608 2721; x_wconf 61' lang='grc' dir='ltr'><strong>καλ</strong></span> 
     </span>
    </p>
   </div>
   <div class='ocr_carea' id='block_1_32' title="bbox 2023 2748 3607 2836">
    <p class='ocr_par' dir='ltr' id='par_1_32' title="bbox 2023 2748 3607 2836">
     <span class='ocr_line' id='line_1_32' title="bbox 2023 2748 3607 2836; baseline -0.004 -18"><span class='ocrx_word' id='word_1_145' title='bbox 2023 2748 2329 2836; x_wconf 70' lang='grc' dir='ltr'>χρωμάτᾶῗν</span> <span class='ocrx_word' id='word_1_146' title='bbox 2374 2761 2891 2834; x_wconf 75' lang='grc' dir='ltr'>ὲδημιουργήθησαν</span> <span class='ocrx_word' id='word_1_147' title='bbox 2920 2761 2937 2792; x_wconf 80' lang='grc'>¹</span> <span class='ocrx_word' id='word_1_148' title='bbox 2983 2759 3261 2813; x_wconf 84' lang='grc' dir='ltr'>δικασταί·</span> <span class='ocrx_word' id='word_1_149' title='bbox 3318 2761 3418 2813; x_wconf 80' lang='grc' dir='ltr'>καὶ</span> <span class='ocrx_word' id='word_1_150' title='bbox 3455 2760 3607 2812; x_wconf 57' lang='grc' dir='ltr'>δικάε</span> 
     </span>
    </p>
   </div>
   <div class='ocr_carea' id='block_1_33' title="bbox 2025 2846 3604 2925">
    <p class='ocr_par' dir='ltr' id='par_1_33' title="bbox 2025 2846 3604 2925">
     <span class='ocr_line' id='line_1_33' title="bbox 2025 2846 3604 2925; baseline -0.003 -15"><span class='ocrx_word' id='word_1_151' title='bbox 2025 2855 2577 2925; x_wconf 81' lang='grc' dir='ltr'>ζουσινύγιαίνοντες</span> <span class='ocrx_word' id='word_1_152' title='bbox 2627 2853 2747 2923; x_wconf 81' lang='grc' dir='ltr'>μὲν,</span> <span class='ocrx_word' id='word_1_153' title='bbox 2784 2846 2957 2923; x_wconf 88' lang='grc' dir='ltr'>ὀρθῶς</span> <span class='ocrx_word' id='word_1_154' title='bbox 3008 2852 3102 2905; x_wconf 78' lang='grc' dir='ltr'><strong>καὶ</strong></span> <span class='ocrx_word' id='word_1_155' title='bbox 3152 2851 3303 2922; x_wconf 81' lang='grc' dir='ltr'>μάλα</span> <span class='ocrx_word' id='word_1_156' title='bbox 3340 2851 3604 2914; x_wconf 71' lang='grc' dir='ltr'>δικαίωςδ</span> 
     </span>
    </p>
   </div>
   <div class='ocr_carea' id='block_1_34' title="bbox 2025 2941 3613 3015">
    <p class='ocr_par' dir='ltr' id='par_1_34' title="bbox 2025 2941 3613 3015">
     <span class='ocr_line' id='line_1_34' title="bbox 2025 2941 3613 3015; baseline -0.003 -15"><span class='ocrx_word' id='word_1_157' title='bbox 2025 2945 2263 3008; x_wconf 82' lang='grc' dir='ltr'><strong>ἀσθενῶς</strong></span> <span class='ocrx_word' id='word_1_158' title='bbox 2296 2945 2353 2998; x_wconf 83' lang='grc' dir='ltr'><strong>δὲ</strong></span> <span class='ocrx_word' id='word_1_159' title='bbox 2390 2943 2744 3008; x_wconf 75' lang='grc' dir='ltr'><strong>διατεθέντες,</strong></span> <span class='ocrx_word' id='word_1_160' title='bbox 2783 2942 3155 3015; x_wconf 73' lang='grc' dir='ltr'><strong>ἁμαρτάνουσι</strong></span> <span class='ocrx_word' id='word_1_161' title='bbox 3180 2941 3275 2995; x_wconf 79' lang='grc' dir='ltr'>τοῦ</span> <span class='ocrx_word' id='word_1_162' title='bbox 3298 2944 3613 3015; x_wconf 65' lang='grc' dir='ltr'>προσῆκον.</span> 
     </span>
    </p>
   </div>
   <div class='ocr_carea' id='block_1_35' title="bbox 2025 3025 3608 3107">
    <p class='ocr_par' dir='ltr' id='par_1_35' title="bbox 2025 3025 3608 3107">
     <span class='ocr_line' id='line_1_35' title="bbox 2025 3025 3608 3107; baseline -0.001 -20"><span class='ocrx_word' id='word_1_163' title='bbox 2025 3053 2137 3100; x_wconf 82' lang='grc' dir='ltr'>τος,</span> <span class='ocrx_word' id='word_1_164' title='bbox 2170 3036 2265 3089; x_wconf 77' lang='grc' dir='ltr'>καὶ</span> <span class='ocrx_word' id='word_1_165' title='bbox 2297 3035 2505 3107; x_wconf 80' lang='grc' dir='ltr'>σφόδρα</span> <span class='ocrx_word' id='word_1_166' title='bbox 2532 3034 2610 3104; x_wconf 83' lang='grc' dir='ltr'><strong>τῷ</strong></span> <span class='ocrx_word' id='word_1_167' title='bbox 2639 3035 2829 3105; x_wconf 83' lang='grc' dir='ltr'>δικαίῳ</span> <span class='ocrx_word' id='word_1_168' title='bbox 2852 3034 3203 3106; x_wconf 82' lang='grc' dir='ltr'><strong>λυμαίνονται</strong></span> <span class='ocrx_word' id='word_1_169' title='bbox 3222 3052 3235 3065; x_wconf 90' lang='grc'><strong>·</strong></span> <span class='ocrx_word' id='word_1_170' title='bbox 3264 3025 3302 3105; x_wconf 73' lang='grc' dir='ltr'><strong>’ἢ</strong></span> <span class='ocrx_word' id='word_1_171' title='bbox 3338 3035 3451 3106; x_wconf 78' lang='grc' dir='ltr'>γὰρ</span> <span class='ocrx_word' id='word_1_172' title='bbox 3476 3051 3608 3087; x_wconf 76' lang='grc' dir='ltr'>παν-</span> 
     </span>
    </p>
   </div>
   <div class='ocr_carea' id='block_1_36' title="bbox 2025 3127 3607 3199">
    <p class='ocr_par' dir='ltr' id='par_1_36' title="bbox 2025 3127 3607 3199">
     <span class='ocr_line' id='line_1_36' title="bbox 2025 3127 3607 3199; baseline -0.003 -18"><span class='ocrx_word' id='word_1_173' title='bbox 2025 3127 2196 3190; x_wconf 83' lang='grc' dir='ltr'>τελῶς</span> <span class='ocrx_word' id='word_1_174' title='bbox 2219 3127 2318 3197; x_wconf 82' lang='grc' dir='ltr'>οὐχ</span> <span class='ocrx_word' id='word_1_175' title='bbox 2350 3127 2570 3198; x_wconf 81' lang='grc' dir='ltr'>ὁρῶσιν,</span> <span class='ocrx_word' id='word_1_176' title='bbox 2609 3128 2643 3199; x_wconf 79' lang='grc' dir='ltr'>ἢ</span> <span class='ocrx_word' id='word_1_177' title='bbox 2695 3127 2862 3198; x_wconf 70' lang='grc' dir='ltr'>ἕτερα</span> <span class='ocrx_word' id='word_1_178' title='bbox 2904 3127 3193 3197; x_wconf 80' lang='grc' dir='ltr'>βλέποντες</span> <span class='ocrx_word' id='word_1_179' title='bbox 3224 3127 3343 3182; x_wconf 88' lang='grc' dir='ltr'>ἀνθ’</span> <span class='ocrx_word' id='word_1_180' title='bbox 3381 3128 3607 3198; x_wconf 79' lang='grc' dir='ltr'>ἐτέρων.</span> 
     </span>
    </p>
   </div>
   <div class='ocr_carea' id='block_1_37' title="bbox 2028 3218 3611 3290">
    <p class='ocr_par' dir='ltr' id='par_1_37' title="bbox 2028 3218 3611 3290">
     <span class='ocr_line' id='line_1_37' title="bbox 2028 3218 3611 3290; baseline -0.001 -18"><span class='ocrx_word' id='word_1_181' title='bbox 2028 3218 2089 3273; x_wconf 87' lang='grc' dir='ltr'><strong>οὐ</strong></span> <span class='ocrx_word' id='word_1_182' title='bbox 2119 3220 2453 3290; x_wconf 80' lang='grc' dir='ltr'>διακρίνουσι</span> <span class='ocrx_word' id='word_1_183' title='bbox 2482 3219 2706 3284; x_wconf 76' lang='grc' dir='ltr'><strong>δικαίως</strong></span> <span class='ocrx_word' id='word_1_184' title='bbox 2730 3220 2838 3272; x_wconf 89' lang='grc' dir='ltr'><strong>τῶν</strong></span> <span class='ocrx_word' id='word_1_185' title='bbox 2869 3220 3161 3290; x_wconf 79' lang='grc' dir='ltr'><strong>ὁρωμένων</strong></span> <span class='ocrx_word' id='word_1_186' title='bbox 3189 3221 3286 3290; x_wconf 81' lang='grc' dir='ltr'>τὴν</span> <span class='ocrx_word' id='word_1_187' title='bbox 3318 3219 3506 3288; x_wconf 70' lang='grc' dir='ltr'>φύσιν.</span> <span class='ocrx_word' id='word_1_188' title='bbox 3538 3219 3611 3270; x_wconf 66' lang='lat' dir='ltr'><strong>Th</strong></span> 
     </span>
    </p>
   </div>
   <div class='ocr_carea' id='block_1_38' title="bbox 2028 3310 3613 3383">
    <p class='ocr_par' dir='ltr' id='par_1_38' title="bbox 2028 3310 3613 3383">
     <span class='ocr_line' id='line_1_38' title="bbox 2028 3310 3613 3383; baseline -0.001 -19"><span class='ocrx_word' id='word_1_189' title='bbox 2028 3311 2087 3364; x_wconf 82' lang='grc' dir='ltr'>δὲ</span> <span class='ocrx_word' id='word_1_190' title='bbox 2106 3311 2202 3380; x_wconf 81' lang='grc' dir='ltr'><strong>τῆς</strong></span> <span class='ocrx_word' id='word_1_191' title='bbox 2227 3311 2407 3382; x_wconf 72' lang='grc' dir='ltr'><strong>ψυχῆς</strong></span> <span class='ocrx_word' id='word_1_192' title='bbox 2435 3310 2678 3377; x_wconf 81' lang='grc' dir='ltr'>ὀπτικδν,</span> <span class='ocrx_word' id='word_1_193' title='bbox 2712 3314 2940 3383; x_wconf 78' lang='grc' dir='ltr'>χορηγεῖ</span> <span class='ocrx_word' id='word_1_194' title='bbox 2972 3311 3070 3380; x_wconf 84' lang='grc' dir='ltr'><strong>μὲν</strong></span> <span class='ocrx_word' id='word_1_195' title='bbox 3114 3312 3207 3364; x_wconf 80' lang='grc' dir='ltr'>καὶ</span> <span class='ocrx_word' id='word_1_196' title='bbox 3240 3311 3455 3375; x_wconf 79' lang='grc' dir='ltr'><strong>τούτοις</strong></span> <span class='ocrx_word' id='word_1_197' title='bbox 3483 3310 3613 3363; x_wconf 79' lang='grc' dir='ltr'>ταύο</span> 
     </span>
    </p>
   </div>
   <div class='ocr_carea' id='block_1_39' title="bbox 2029 3399 3612 3472">
    <p class='ocr_par' dir='ltr' id='par_1_39' title="bbox 2029 3399 3612 3472">
     <span class='ocr_line' id='line_1_39' title="bbox 2029 3399 3612 3472; baseline 0 -19"><span class='ocrx_word' id='word_1_198' title='bbox 2029 3418 2128 3471; x_wconf 88' lang='grc' dir='ltr'><strong>την</strong></span> <span class='ocrx_word' id='word_1_199' title='bbox 2179 3400 2348 3472; x_wconf 81' lang='grc' dir='ltr'>αὐτὴν</span> <span class='ocrx_word' id='word_1_200' title='bbox 2400 3399 2499 3472; x_wconf 80' lang='grc' dir='ltr'>τὴν</span> <span class='ocrx_word' id='word_1_201' title='bbox 2547 3400 2861 3471; x_wconf 81' lang='grc' dir='ltr'>ὲνέργειαν’</span> <span class='ocrx_word' id='word_1_202' title='bbox 2908 3399 3132 3466; x_wconf 78' lang='grc' dir='ltr'><strong>ἐδέξατο</strong></span> <span class='ocrx_word' id='word_1_203' title='bbox 3181 3401 3237 3455; x_wconf 80' lang='grc' dir='ltr'>δὲ</span> <span class='ocrx_word' id='word_1_204' title='bbox 3276 3403 3372 3455; x_wconf 73' lang='grc' dir='ltr'>καὶ</span> <span class='ocrx_word' id='word_1_205' title='bbox 3418 3403 3612 3470; x_wconf 81' lang='grc' dir='ltr'>ἑτέραν</span> 
     </span>
    </p>
   </div>
   <div class='ocr_carea' id='block_1_40' title="bbox 2031 3486 3613 3563">
    <p class='ocr_par' dir='ltr' id='par_1_40' title="bbox 2031 3486 3613 3563">
     <span class='ocr_line' id='line_1_40' title="bbox 2031 3486 3613 3563; baseline 0.002 -21"><span class='ocrx_word' id='word_1_206' title='bbox 2031 3489 2183 3563; x_wconf 77' lang='grc' dir='ltr'>παρὰ</span> <span class='ocrx_word' id='word_1_207' title='bbox 2217 3490 2310 3544; x_wconf 80' lang='grc' dir='ltr'>τοῦ</span> <span class='ocrx_word' id='word_1_208' title='bbox 2339 3490 2845 3562; x_wconf 80' lang='grc' dir='ltr'><strong>δημιουργήσαντος</strong></span> <span class='ocrx_word' id='word_1_209' title='bbox 2872 3490 3121 3561; x_wconf 83' lang='grc' dir='ltr'>δύναμιν,</span> <span class='ocrx_word' id='word_1_210' title='bbox 3150 3491 3218 3544; x_wconf 83' lang='grc' dir='ltr'>δι’</span> <span class='ocrx_word' id='word_1_211' title='bbox 3252 3486 3321 3563; x_wconf 79' lang='grc' dir='ltr'>ἧς</span> <span class='ocrx_word' id='word_1_212' title='bbox 3353 3491 3417 3544; x_wconf 83' lang='grc' dir='ltr'><strong>οὐ</strong></span> <span class='ocrx_word' id='word_1_213' title='bbox 3454 3491 3613 3561; x_wconf 79' lang='grc' dir='ltr'>μόνον</span> 
     </span>
    </p>
   </div>
   <div class='ocr_carea' id='block_1_41' title="bbox 2034 3579 3611 3653">
    <p class='ocr_par' dir='ltr' id='par_1_41' title="bbox 2034 3579 3611 3653">
     <span class='ocr_line' id='line_1_41' title="bbox 2034 3579 3611 3653; baseline -0.003 -19"><span class='ocrx_word' id='word_1_214' title='bbox 2034 3582 2352 3653; x_wconf 60' lang='grc' dir='ltr'>ηημᾴτων.</span> <span class='ocrx_word' id='word_1_215' title='bbox 2387 3583 2479 3635; x_wconf 78' lang='grc' dir='ltr'>καὶ</span> <span class='ocrx_word' id='word_1_216' title='bbox 2508 3581 2838 3652; x_wconf 83' lang='grc' dir='ltr'>χρωμάτων,</span> <span class='ocrx_word' id='word_1_217' title='bbox 2864 3581 2959 3635; x_wconf 75' lang='grc' dir='ltr'>καὶ</span> <span class='ocrx_word' id='word_1_218' title='bbox 2982 3579 3194 3650; x_wconf 81' lang='grc' dir='ltr'>ἀτμῶν,</span> <span class='ocrx_word' id='word_1_219' title='bbox 3216 3582 3312 3634; x_wconf 73' lang='grc' dir='ltr'><strong>καὶ</strong></span> <span class='ocrx_word' id='word_1_220' title='bbox 3343 3581 3611 3649; x_wconf 82' lang='grc' dir='ltr'>γεύσεων,</span> 
     </span>
    </p>
   </div>
   <div class='ocr_carea' id='block_1_42' title="bbox 2033 3671 3613 3742">
    <p class='ocr_par' dir='ltr' id='par_1_42' title="bbox 2033 3671 3613 3742">
     <span class='ocr_line' id='line_1_42' title="bbox 2033 3671 3613 3742; baseline -0.003 -15"><span class='ocrx_word' id='word_1_221' title='bbox 2033 3675 2126 3727; x_wconf 74' lang='grc' dir='ltr'><strong>καὶ</strong></span> <span class='ocrx_word' id='word_1_222' title='bbox 2154 3671 2262 3726; x_wconf 88' lang='grc' dir='ltr'><strong>τῶν</strong></span> <span class='ocrx_word' id='word_1_223' title='bbox 2293 3672 2468 3727; x_wconf 80' lang='grc' dir='ltr'>ἄλλων</span> <span class='ocrx_word' id='word_1_224' title='bbox 2496 3672 2604 3725; x_wconf 88' lang='grc' dir='ltr'><strong>τῶν</strong></span> <span class='ocrx_word' id='word_1_225' title='bbox 2636 3672 2894 3727; x_wconf 86' lang='grc' dir='ltr'>τοιούτων</span> <span class='ocrx_word' id='word_1_226' title='bbox 2931 3674 3031 3737; x_wconf 81' lang='grc' dir='ltr'><strong>τὰς</strong></span> <span class='ocrx_word' id='word_1_227' title='bbox 3077 3674 3367 3742; x_wconf 79' lang='grc' dir='ltr'>ποιότητας</span> <span class='ocrx_word' id='word_1_228' title='bbox 3397 3672 3613 3740; x_wconf 81' lang='grc' dir='ltr'>διακρί-</span> 
     </span>
    </p>
   </div>
   <div class='ocr_carea' id='block_1_43' title="bbox 2034 3758 3614 3834">
    <p class='ocr_par' dir='ltr' id='par_1_43' title="bbox 2034 3758 3614 3834">
     <span class='ocr_line' id='line_1_43' title="bbox 2034 3758 3614 3834; baseline -0.003 -14"><span class='ocrx_word' id='word_1_229' title='bbox 2034 3784 2135 3829; x_wconf 85' lang='grc' dir='ltr'>νει,</span> <span class='ocrx_word' id='word_1_230' title='bbox 2165 3766 2301 3820; x_wconf 80' lang='grc' dir='ltr'>ἀλλὰ</span> <span class='ocrx_word' id='word_1_231' title='bbox 2339 3768 2434 3819; x_wconf 73' lang='grc' dir='ltr'>καὶ</span> <span class='ocrx_word' id='word_1_232' title='bbox 2461 3764 2640 3834; x_wconf 77' lang='grc' dir='ltr'>λόγοις</span> <span class='ocrx_word' id='word_1_233' title='bbox 2683 3764 2926 3833; x_wconf 79' lang='grc' dir='ltr'>δικάζει,</span> <span class='ocrx_word' id='word_1_234' title='bbox 2972 3766 3110 3820; x_wconf 80' lang='grc' dir='ltr'><strong>ἀλλά</strong></span> <span class='ocrx_word' id='word_1_235' title='bbox 3159 3766 3253 3820; x_wconf 73' lang='grc' dir='ltr'><strong>καὶ</strong></span> <span class='ocrx_word' id='word_1_236' title='bbox 3306 3758 3614 3834; x_wconf 80' lang='grc' dir='ltr'>λογισμοῖς,</span> 
     </span>
    </p>
   </div>
   <div class='ocr_carea' id='block_1_44' title="bbox 2034 3856 3617 3927">
    <p class='ocr_par' dir='ltr' id='par_1_44' title="bbox 2034 3856 3617 3927">
     <span class='ocr_line' id='line_1_44' title="bbox 2034 3856 3617 3927; baseline -0.001 -17"><span class='ocrx_word' id='word_1_237' title='bbox 2034 3857 2129 3911; x_wconf 71' lang='grc' dir='ltr'>καὶ</span> <span class='ocrx_word' id='word_1_238' title='bbox 2164 3859 2367 3911; x_wconf 81' lang='grc' dir='ltr'>τούτων</span> <span class='ocrx_word' id='word_1_239' title='bbox 2396 3858 2521 3919; x_wconf 73' lang='grc' dir='ltr'>τοὺς</span> <span class='ocrx_word' id='word_1_240' title='bbox 2547 3856 2831 3921; x_wconf 77' lang='grc' dir='ltr'>δυσσεϐεῖς</span> <span class='ocrx_word' id='word_1_241' title='bbox 2859 3857 2968 3910; x_wconf 83' lang='grc' dir='ltr'>ἀπὸ</span> <span class='ocrx_word' id='word_1_242' title='bbox 2993 3858 3101 3912; x_wconf 88' lang='grc' dir='ltr'><strong>τῶν</strong></span> <span class='ocrx_word' id='word_1_243' title='bbox 3138 3856 3378 3909; x_wconf 79' lang='grc' dir='ltr'>εὐσεϐῶν</span> <span class='ocrx_word' id='word_1_244' title='bbox 3406 3856 3617 3927; x_wconf 75' lang='grc' dir='ltr'>διακρίο</span> 
     </span>
    </p>
   </div>
   <div class='ocr_carea' id='block_1_45' title="bbox 354 3942 1972 4018">
    <p class='ocr_par' dir='ltr' id='par_1_45' title="bbox 354 3942 1972 4014">
     <span class='ocr_line' id='line_1_45' title="bbox 354 3942 1972 4014; baseline -0.004 -13"><span class='ocrx_word' id='word_1_245' title='bbox 354 3949 583 4002; x_wconf 82' lang='lat' dir='ltr'><strong>omnino</strong></span> <span class='ocrx_word' id='word_1_246' title='bbox 613 3943 919 4001; x_wconf 86' lang='lat' dir='ltr'><strong>secundum</strong></span> <span class='ocrx_word' id='word_1_247' title='bbox 966 3944 1270 4014; x_wconf 85' lang='lat' dir='ltr'><strong>sapientem</strong></span> <span class='ocrx_word' id='word_1_248' title='bbox 1317 3942 1726 3997; x_wconf 65' lang='lat' dir='ltr'><strong>Salomonem&#39;l</strong></span> <span class='ocrx_word' id='word_1_249' title='bbox 1770 3942 1972 4004; x_wconf 82' lang='lat' dir='ltr'><strong>intel-l</strong></span> 
     </span>
    </p>
   </div>
   <div class='ocr_carea' id='block_1_46' title="bbox 2036 3942 3613 4018">
    <p class='ocr_par' dir='ltr' id='par_1_46' title="bbox 2036 3947 3613 4018">
     <span class='ocr_line' id='line_1_46' title="bbox 2036 3947 3613 4018; baseline -0.002 -15"><span class='ocrx_word' id='word_1_250' title='bbox 2036 3966 2134 4014; x_wconf 84' lang='grc' dir='ltr'>νει,</span> <span class='ocrx_word' id='word_1_251' title='bbox 2159 3949 2253 4002; x_wconf 77' lang='grc' dir='ltr'><strong>καὶ</strong></span> <span class='ocrx_word' id='word_1_252' title='bbox 2283 3948 2442 4002; x_wconf 84' lang='grc' dir='ltr'>θείων</span> <span class='ocrx_word' id='word_1_253' title='bbox 2488 3948 2582 4001; x_wconf 76' lang='grc' dir='ltr'><strong>καὶ</strong></span> <span class='ocrx_word' id='word_1_254' title='bbox 2637 3947 2991 4018; x_wconf 80' lang='grc' dir='ltr'>ἀνθρωπίνων</span> <span class='ocrx_word' id='word_1_255' title='bbox 3023 3949 3283 4017; x_wconf 85' lang='grc' dir='ltr'>γινώσκει</span> <span class='ocrx_word' id='word_1_256' title='bbox 3322 3947 3613 4018; x_wconf 75' lang='grc' dir='ltr'>διαφορὰν,</span> 
     </span>
    </p>
   </div>
   <div class='ocr_carea' id='block_1_47' title="bbox 354 4034 1930 4112">
    <p class='ocr_par' dir='ltr' id='par_1_47' title="bbox 354 4034 1930 4112">
     <span class='ocr_line' id='line_1_47' title="bbox 354 4034 1930 4112; baseline -0.005 -18"><span class='ocrx_word' id='word_1_257' title='bbox 354 4041 479 4112; x_wconf 86' lang='lat' dir='ltr'><strong>ligit</strong></span> <span class='ocrx_word' id='word_1_258' title='bbox 510 4037 829 4109; x_wconf 88' lang='lat' dir='ltr'><strong>parabolam</strong></span> <span class='ocrx_word' id='word_1_259' title='bbox 863 4044 919 4090; x_wconf 91' lang='lat' dir='ltr'><strong>et</strong></span> <span class='ocrx_word' id='word_1_260' title='bbox 963 4034 1374 4091; x_wconf 89' lang='lat' dir='ltr'><strong>tenebricosum</strong></span> <span class='ocrx_word' id='word_1_261' title='bbox 1413 4046 1748 4096; x_wconf 86' lang='lat' dir='ltr'><strong>sermonem,</strong></span> <span class='ocrx_word' id='word_1_262' title='bbox 1803 4048 1930 4087; x_wconf 87' lang='lat' dir='ltr'><strong>ver-</strong></span> 
     </span>
    </p>
   </div>
   <div class='ocr_carea' id='block_1_48' title="bbox 356 4121 1934 4200">
    <p class='ocr_par' dir='ltr' id='par_1_48' title="bbox 356 4121 1934 4200">
     <span class='ocr_line' id='line_1_48' title="bbox 356 4121 1934 4200; baseline -0.006 -16"><span class='ocrx_word' id='word_1_263' title='bbox 356 4131 536 4200; x_wconf 89' lang='lat' dir='ltr'><strong>baque</strong></span> <span class='ocrx_word' id='word_1_264' title='bbox 563 4126 894 4197; x_wconf 86' lang='lat' dir='ltr'><strong>sapientium</strong></span> <span class='ocrx_word' id='word_1_265' title='bbox 925 4134 980 4179; x_wconf 91' lang='lat' dir='ltr'><strong>et</strong></span> <span class='ocrx_word' id='word_1_266' title='bbox 1006 4123 1317 4193; x_wconf 71' lang='lat' dir='ltr'><strong>aenigmata.</strong></span> <span class='ocrx_word' id='word_1_267' title='bbox 1352 4121 1555 4177; x_wconf 82' lang='lat' dir='ltr'><strong>Verum</strong></span> <span class='ocrx_word' id='word_1_268' title='bbox 1584 4121 1934 4192; x_wconf 85' lang='lat' dir='ltr'><strong>unumquod-</strong></span> 
     </span>
    </p>
   </div>
   <div class='ocr_carea' id='block_1_49' title="bbox 353 4215 1932 4294">
    <p class='ocr_par' dir='ltr' id='par_1_49' title="bbox 353 4215 1932 4294">
     <span class='ocr_line' id='line_1_49' title="bbox 353 4215 1932 4294; baseline -0.006 -16"><span class='ocrx_word' id='word_1_269' title='bbox 353 4238 465 4294; x_wconf 89' lang='lat' dir='ltr'><strong>que</strong></span> <span class='ocrx_word' id='word_1_270' title='bbox 497 4222 721 4285; x_wconf 86' lang='lat' dir='ltr'><strong>horum,</strong></span> <span class='ocrx_word' id='word_1_271' title='bbox 752 4234 877 4274; x_wconf 90' lang='lat' dir='ltr'><strong>cum</strong></span> <span class='ocrx_word' id='word_1_272' title='bbox 911 4229 1061 4273; x_wconf 83' lang='lat' dir='ltr'><strong>recte</strong></span> <span class='ocrx_word' id='word_1_273' title='bbox 1091 4215 1284 4271; x_wconf 80' lang='lat' dir='ltr'><strong>affecta</strong></span> <span class='ocrx_word' id='word_1_274' title='bbox 1335 4225 1439 4281; x_wconf 81' lang='lat' dir='ltr'><strong>est,</strong></span> <span class='ocrx_word' id='word_1_275' title='bbox 1474 4224 1528 4271; x_wconf 89' lang='lat' dir='ltr'><strong>et</strong></span> <span class='ocrx_word' id='word_1_276' title='bbox 1566 4216 1635 4269; x_wconf 88' lang='lat' dir='ltr'><strong>ab</strong></span> <span class='ocrx_word' id='word_1_277' title='bbox 1670 4215 1932 4269; x_wconf 85' lang='lat' dir='ltr'><strong>incredu-</strong></span> 
     </span>
    </p>
   </div>
   <div class='ocr_carea' id='block_1_50' title="bbox 2037 4039 3617 4110">
    <p class='ocr_par' dir='ltr' id='par_1_50' title="bbox 2037 4039 3617 4110">
     <span class='ocr_line' id='line_1_50' title="bbox 2037 4039 3617 4110; baseline -0.001 -16"><span class='ocrx_word' id='word_1_278' title='bbox 2037 4041 2130 4094; x_wconf 54' lang='grc' dir='ltr'><strong>καὶ⁸</strong></span> <span class='ocrx_word' id='word_1_279' title='bbox 2153 4039 2485 4106; x_wconf 80' lang='grc' dir='ltr'>ἁπαξαπλῶς</span> <span class='ocrx_word' id='word_1_280' title='bbox 2506 4040 2645 4093; x_wconf 87' lang='grc' dir='ltr'><strong>κατά</strong></span> <span class='ocrx_word' id='word_1_281' title='bbox 2665 4040 2756 4092; x_wconf 79' lang='grc' dir='ltr'><strong>τὸν</strong></span> <span class='ocrx_word' id='word_1_282' title='bbox 2779 4039 2941 4108; x_wconf 84' lang='grc' dir='ltr'>σοφὸν</span> <span class='ocrx_word' id='word_1_283' title='bbox 2964 4039 3285 4110; x_wconf 89' lang='grc' dir='ltr'>Σολομῶντα</span> <span class='ocrx_word' id='word_1_284' title='bbox 3309 4041 3421 4092; x_wconf 84' lang='grc' dir='ltr'>νοεῖ</span> <span class='ocrx_word' id='word_1_285' title='bbox 3440 4056 3617 4110; x_wconf 77' lang='grc' dir='ltr'>παρα·</span> 
     </span>
    </p>
   </div>
   <div class='ocr_carea' id='block_1_51' title="bbox 2038 4130 3619 4203">
    <p class='ocr_par' dir='ltr' id='par_1_51' title="bbox 2038 4130 3619 4203">
     <span class='ocr_line' id='line_1_51' title="bbox 2038 4130 3619 4203; baseline -0.001 -19"><span class='ocrx_word' id='word_1_286' title='bbox 2038 4132 2216 4203; x_wconf 77' lang='grc' dir='ltr'>δολὴν,</span> <span class='ocrx_word' id='word_1_287' title='bbox 2263 4132 2357 4186; x_wconf 68' lang='grc' dir='ltr'><strong>καὶ</strong></span> <span class='ocrx_word' id='word_1_288' title='bbox 2407 4132 2676 4185; x_wconf 79' lang='grc' dir='ltr'>σκοτεινὸν</span> <span class='ocrx_word' id='word_1_289' title='bbox 2716 4130 2874 4200; x_wconf 80' lang='grc' dir='ltr'>λόγον</span> <span class='ocrx_word' id='word_1_290' title='bbox 2896 4170 2909 4193; x_wconf 84' lang='grc'><strong>,</strong></span> <span class='ocrx_word' id='word_1_291' title='bbox 2949 4134 3136 4203; x_wconf 70' lang='grc' dir='ltr'>ῥήσεις</span> <span class='ocrx_word' id='word_1_292' title='bbox 3174 4148 3234 4183; x_wconf 84' lang='grc' dir='ltr'><strong>τε</strong></span> <span class='ocrx_word' id='word_1_293' title='bbox 3283 4130 3467 4198; x_wconf 78' lang='grc' dir='ltr'>σοφῶν</span> <span class='ocrx_word' id='word_1_294' title='bbox 3524 4131 3619 4185; x_wconf 73' lang='grc' dir='ltr'>καὶ</span> 
     </span>
    </p>
   </div>
   <div class='ocr_carea' id='block_1_52' title="bbox 2037 4218 3618 4293">
    <p class='ocr_par' dir='ltr' id='par_1_52' title="bbox 2037 4218 3618 4293">
     <span class='ocr_line' id='line_1_52' title="bbox 2037 4218 3618 4293; baseline -0.002 -16"><span class='ocrx_word' id='word_1_295' title='bbox 2037 4224 2357 4293; x_wconf 59' lang='grc' dir='ltr'>αἰνίγμαται</span> <span class='ocrx_word' id='word_1_296' title='bbox 2403 4222 2563 4277; x_wconf 79' lang='grc' dir='ltr'>Ἀλλά</span> <span class='ocrx_word' id='word_1_297' title='bbox 2588 4220 2793 4276; x_wconf 85' lang='grc' dir='ltr'>τούτων</span> <span class='ocrx_word' id='word_1_298' title='bbox 2822 4222 3053 4275; x_wconf 77' lang='grc' dir='ltr'>ἕκαστον</span> <span class='ocrx_word' id='word_1_299' title='bbox 3084 4221 3370 4292; x_wconf 81' lang='grc' dir='ltr'>διακρίνει,</span> <span class='ocrx_word' id='word_1_300' title='bbox 3408 4218 3470 4276; x_wconf 80' lang='grc' dir='ltr'><strong>εὖ</strong></span> <span class='ocrx_word' id='word_1_301' title='bbox 3501 4222 3618 4274; x_wconf 62' lang='grc' dir='ltr'>διαδ</span> 
     </span>
    </p>
   </div>
   <div class='ocr_carea' id='block_1_53' title="bbox 354 4306 1972 4386">
    <p class='ocr_par' dir='ltr' id='par_1_53' title="bbox 354 4306 1932 4375">
     <span class='ocr_line' id='line_1_53' title="bbox 354 4306 1932 4375; baseline -0.006 -6"><span class='ocrx_word' id='word_1_302' title='bbox 354 4316 510 4369; x_wconf 86' lang='lat' dir='ltr'><strong>litate</strong></span> <span class='ocrx_word' id='word_1_303' title='bbox 539 4314 723 4367; x_wconf 86' lang='lat' dir='ltr'><strong>soluta</strong></span> <span class='ocrx_word' id='word_1_304' title='bbox 747 4326 810 4365; x_wconf 90' lang='lat' dir='ltr'><strong>ac</strong></span> <span class='ocrx_word' id='word_1_305' title='bbox 841 4311 1039 4375; x_wconf 87' lang='lat' dir='ltr'><strong>libera,</strong></span> <span class='ocrx_word' id='word_1_306' title='bbox 1068 4308 1371 4363; x_wconf 86' lang='lat' dir='ltr'><strong>discernit:</strong></span> <span class='ocrx_word' id='word_1_307' title='bbox 1404 4314 1459 4361; x_wconf 91' lang='lat' dir='ltr'><strong>at</strong></span> <span class='ocrx_word' id='word_1_308' title='bbox 1485 4307 1575 4361; x_wconf 92' lang='lat' dir='ltr'><strong>ubi</strong></span> <span class='ocrx_word' id='word_1_309' title='bbox 1609 4307 1735 4361; x_wconf 89' lang='lat' dir='ltr'><strong>talis</strong></span> <span class='ocrx_word' id='word_1_310' title='bbox 1758 4306 1932 4362; x_wconf 82' lang='lat' dir='ltr'><strong>oll‘usa</strong></span> 
     </span>
    </p>
   </div>
   <div class='ocr_carea' id='block_1_54' title="bbox 2036 4306 3618 4386">
    <p class='ocr_par' dir='ltr' id='par_1_54' title="bbox 2038 4312 3618 4386">
     <span class='ocr_line' id='line_1_54' title="bbox 2038 4312 3618 4386; baseline -0.003 -16"><span class='ocrx_word' id='word_1_311' title='bbox 2038 4315 2325 4386; x_wconf 81' lang='grc' dir='ltr'>κείμενον,</span> <span class='ocrx_word' id='word_1_312' title='bbox 2368 4316 2463 4368; x_wconf 77' lang='grc' dir='ltr'><strong>καὶ</strong></span> <span class='ocrx_word' id='word_1_313' title='bbox 2512 4315 2767 4377; x_wconf 78' lang='grc' dir='ltr'>ἀπιστίας</span> <span class='ocrx_word' id='word_1_314' title='bbox 2810 4313 3264 4384; x_wconf 60' lang='grc' dir='ltr'>ἀπηλλαγμένον</span> <span class='ocrx_word' id='word_1_315' title='bbox 3305 4312 3507 4384; x_wconf 79' lang='grc' dir='ltr'>ἀχλύος</span> <span class='ocrx_word' id='word_1_316' title='bbox 3561 4313 3618 4366; x_wconf 71' lang='grc' dir='ltr'>δὲ</span> 
     </span>
    </p>
   </div>
   <div class='ocr_carea' id='block_1_55' title="bbox 351 4397 1931 4477">
    <p class='ocr_par' dir='ltr' id='par_1_55' title="bbox 351 4397 1931 4477">
     <span class='ocr_line' id='line_1_55' title="bbox 351 4397 1931 4477; baseline -0.008 -14"><span class='ocrx_word' id='word_1_317' title='bbox 351 4416 440 4463; x_wconf 85' lang='lat' dir='ltr'><strong>est</strong></span> <span class='ocrx_word' id='word_1_318' title='bbox 471 4405 667 4477; x_wconf 86' lang='lat' dir='ltr'><strong>caligo,</strong></span> <span class='ocrx_word' id='word_1_319' title='bbox 700 4403 844 4459; x_wconf 90' lang='lat' dir='ltr'><strong>idem</strong></span> <span class='ocrx_word' id='word_1_320' title='bbox 874 4400 1022 4472; x_wconf 92' lang='lat' dir='ltr'><strong>quod</strong></span> <span class='ocrx_word' id='word_1_321' title='bbox 1054 4399 1201 4456; x_wconf 90' lang='lat' dir='ltr'><strong>oculi</strong></span> <span class='ocrx_word' id='word_1_322' title='bbox 1230 4397 1484 4469; x_wconf 89' lang='lat' dir='ltr'><strong>corporis</strong></span> <span class='ocrx_word' id='word_1_323' title='bbox 1518 4399 1639 4468; x_wconf 87' lang='lat' dir='ltr'><strong>ipsa</strong></span> <span class='ocrx_word' id='word_1_324' title='bbox 1673 4399 1931 4465; x_wconf 85' lang='lat' dir='ltr'><strong>sustinet,</strong></span> 
     </span>
    </p>
   </div>
   <div class='ocr_carea' id='block_1_56' title="bbox 353 4491 1936 4565">
    <p class='ocr_par' dir='ltr' id='par_1_56' title="bbox 353 4491 1936 4565">
     <span class='ocr_line' id='line_1_56' title="bbox 353 4491 1936 4565; baseline -0.005 -12"><span class='ocrx_word' id='word_1_325' title='bbox 353 4506 412 4553; x_wconf 84' lang='lat' dir='ltr'><strong>ct</strong></span> <span class='ocrx_word' id='word_1_326' title='bbox 441 4498 549 4552; x_wconf 86' lang='lat' dir='ltr'><strong>alia</strong></span> <span class='ocrx_word' id='word_1_327' title='bbox 596 4511 700 4565; x_wconf 84' lang='lat' dir='ltr'><strong>pro</strong></span> <span class='ocrx_word' id='word_1_328' title='bbox 749 4494 870 4549; x_wconf 87' lang='lat' dir='ltr'><strong>aliis</strong></span> <span class='ocrx_word' id='word_1_329' title='bbox 916 4494 1197 4557; x_wconf 87' lang='lat' dir='ltr'><strong>intuetur,</strong></span> <span class='ocrx_word' id='word_1_330' title='bbox 1254 4491 1339 4546; x_wconf 91' lang='lat' dir='ltr'><strong>vel</strong></span> <span class='ocrx_word' id='word_1_331' title='bbox 1394 4491 1585 4545; x_wconf 91' lang='lat' dir='ltr'><strong>morbo</strong></span> <span class='ocrx_word' id='word_1_332' title='bbox 1639 4498 1936 4560; x_wconf 84' lang='lat' dir='ltr'><strong>superante</strong></span> 
     </span>
    </p>
   </div>
   <div class='ocr_carea' id='block_1_57' title="bbox 358 4580 1932 4641">
    <p class='ocr_par' dir='ltr' id='par_1_57' title="bbox 358 4580 1932 4641">
     <span class='ocr_line' id='line_1_57' title="bbox 358 4580 1932 4641; baseline -0.004 -1"><span class='ocrx_word' id='word_1_333' title='bbox 358 4589 501 4641; x_wconf 78' lang='lat' dir='ltr'><strong>victa</strong></span> <span class='ocrx_word' id='word_1_334' title='bbox 538 4586 677 4641; x_wconf 84' lang='lat' dir='ltr'><strong>nihil</strong></span> <span class='ocrx_word' id='word_1_335' title='bbox 725 4585 952 4640; x_wconf 79' lang='lat' dir='ltr'><strong>omnino</strong></span> <span class='ocrx_word' id='word_1_336' title='bbox 999 4584 1162 4639; x_wconf 90' lang='lat' dir='ltr'><strong>videt.</strong></span> <span class='ocrx_word' id='word_1_337' title='bbox 1211 4580 1267 4636; x_wconf 92' lang='lat' dir='ltr'><strong>In</strong></span> <span class='ocrx_word' id='word_1_338' title='bbox 1315 4582 1628 4637; x_wconf 87' lang='lat' dir='ltr'><strong>istiusmodi</strong></span> <span class='ocrx_word' id='word_1_339' title='bbox 1680 4587 1932 4636; x_wconf 84' lang='lat' dir='ltr'><strong>morbum</strong></span> 
     </span>
    </p>
   </div>
   <div class='ocr_carea' id='block_1_58' title="bbox 357 4673 1938 4750">
    <p class='ocr_par' dir='ltr' id='par_1_58' title="bbox 357 4673 1938 4750">
     <span class='ocr_line' id='line_1_58' title="bbox 357 4673 1938 4750; baseline -0.003 -16"><span class='ocrx_word' id='word_1_340' title='bbox 357 4679 587 4750; x_wconf 88' lang='lat' dir='ltr'><strong>collapsi</strong></span> <span class='ocrx_word' id='word_1_341' title='bbox 660 4677 884 4748; x_wconf 84' lang='lat' dir='ltr'><strong>quidam</strong></span> <span class='ocrx_word' id='word_1_342' title='bbox 955 4676 1200 4731; x_wconf 87' lang='lat' dir='ltr'><strong>divinam</strong></span> <span class='ocrx_word' id='word_1_343' title='bbox 1256 4673 1603 4745; x_wconf 85' lang='lat' dir='ltr'><strong>Scripturam</strong></span> <span class='ocrx_word' id='word_1_344' title='bbox 1673 4690 1938 4730; x_wconf 88' lang='lat' dir='ltr'><strong>accusare</strong></span> 
     </span>
    </p>
   </div>
   <div class='ocr_carea' id='block_1_59' title="bbox 358 4767 1937 4841">
    <p class='ocr_par' dir='ltr' id='par_1_59' title="bbox 358 4767 1937 4841">
     <span class='ocr_line' id='line_1_59' title="bbox 358 4767 1937 4841; baseline -0.004 -17"><span class='ocrx_word' id='word_1_345' title='bbox 358 4770 613 4841; x_wconf 74' lang='lat' dir='ltr'><strong>aggressi</strong></span> <span class='ocrx_word' id='word_1_346' title='bbox 645 4777 796 4837; x_wconf 89' lang='lat' dir='ltr'><strong>sunt,</strong></span> <span class='ocrx_word' id='word_1_347' title='bbox 832 4778 887 4824; x_wconf 91' lang='lat' dir='ltr'><strong>et</strong></span> <span class='ocrx_word' id='word_1_348' title='bbox 922 4770 1196 4838; x_wconf 71' lang='lat' dir='ltr'><strong>praecipue</strong></span> <span class='ocrx_word' id='word_1_349' title='bbox 1244 4769 1638 4838; x_wconf 79' lang='lat' dir='ltr'><strong>prOpiietarum</strong></span> <span class='ocrx_word' id='word_1_350' title='bbox 1688 4767 1937 4831; x_wconf 87' lang='lat' dir='ltr'><strong>oracula,</strong></span> 
     </span>
    </p>
   </div>
   <div class='ocr_carea' id='block_1_60' title="bbox 360 4859 1936 4930">
    <p class='ocr_par' dir='ltr' id='par_1_60' title="bbox 360 4859 1936 4930">
     <span class='ocr_line' id='line_1_60' title="bbox 360 4859 1936 4930; baseline -0.002 -14"><span class='ocrx_word' id='word_1_351' title='bbox 360 4862 532 4917; x_wconf 80' lang='lat' dir='ltr'><strong>veluti</strong></span> <span class='ocrx_word' id='word_1_352' title='bbox 577 4862 920 4916; x_wconf 88' lang='lat' dir='ltr'><strong>obscuritate</strong></span> <span class='ocrx_word' id='word_1_353' title='bbox 971 4867 1185 4930; x_wconf 88' lang='lat' dir='ltr'><strong>operta.</strong></span> <span class='ocrx_word' id='word_1_354' title='bbox 1252 4860 1459 4914; x_wconf 82' lang='lat' dir='ltr'><strong>Contra</strong></span> <span class='ocrx_word' id='word_1_355' title='bbox 1526 4874 1667 4929; x_wconf 87' lang='lat' dir='ltr'><strong>quos</strong></span> <span class='ocrx_word' id='word_1_356' title='bbox 1740 4859 1936 4913; x_wconf 89' lang='lat' dir='ltr'><strong>merito</strong></span> 
     </span>
    </p>
   </div>
   <div class='ocr_carea' id='block_1_61' title="bbox 364 4947 1938 5020">
    <p class='ocr_par' dir='ltr' id='par_1_61' title="bbox 364 4947 1938 5020">
     <span class='ocr_line' id='line_1_61' title="bbox 364 4947 1938 5020; baseline -0.004 -12"><span class='ocrx_word' id='word_1_357' title='bbox 364 4954 525 5009; x_wconf 85' lang='lat' dir='ltr'><strong>divus</strong></span> <span class='ocrx_word' id='word_1_358' title='bbox 549 4952 756 5007; x_wconf 85' lang='lat' dir='ltr'><strong>Paulus</strong></span> <span class='ocrx_word' id='word_1_359' title='bbox 778 4952 980 5007; x_wconf 76' lang='lat' dir='ltr'><strong>dixerit</strong></span> <span class='ocrx_word' id='word_1_360' title='bbox 1006 4971 1020 5006; x_wconf 88' lang='lat'><strong>:</strong></span> <span class='ocrx_word' id='word_1_361' title='bbox 1057 4970 1075 5001; x_wconf 77' lang='grc' dir='ltr'><strong>ι</strong></span> <span class='ocrx_word' id='word_1_362' title='bbox 1104 4951 1262 5016; x_wconf 82' lang='lat' dir='ltr'><strong>Quod</strong></span> <span class='ocrx_word' id='word_1_363' title='bbox 1289 4951 1336 5006; x_wconf 89' lang='lat' dir='ltr'><strong>si</strong></span> <span class='ocrx_word' id='word_1_364' title='bbox 1360 4958 1612 5020; x_wconf 86' lang='lat' dir='ltr'><strong>opertum</strong></span> <span class='ocrx_word' id='word_1_365' title='bbox 1641 4961 1724 5004; x_wconf 91' lang='lat' dir='ltr'><strong>est</strong></span> <span class='ocrx_word' id='word_1_366' title='bbox 1758 4947 1938 5003; x_wconf 84' lang='lat' dir='ltr'><strong>Evan-</strong></span> 
     </span>
    </p>
   </div>
   <div class='ocr_carea' id='block_1_62' title="bbox 365 5040 1937 5115">
    <p class='ocr_par' dir='ltr' id='par_1_62' title="bbox 365 5040 1937 5115">
     <span class='ocr_line' id='line_1_62' title="bbox 365 5040 1937 5115; baseline -0.003 -16"><span class='ocrx_word' id='word_1_367' title='bbox 365 5046 567 5115; x_wconf 85' lang='lat' dir='ltr'><strong>gelium</strong></span> <span class='ocrx_word' id='word_1_368' title='bbox 599 5052 875 5106; x_wconf 87' lang='lat' dir='ltr'><strong>nostrum,</strong></span> <span class='ocrx_word' id='word_1_369' title='bbox 899 5042 955 5095; x_wconf 90' lang='lat' dir='ltr'><strong>in</strong></span> <span class='ocrx_word' id='word_1_370' title='bbox 993 5042 1058 5097; x_wconf 90' lang='lat' dir='ltr'><strong>iis</strong></span> <span class='ocrx_word' id='word_1_371' title='bbox 1090 5042 1181 5111; x_wconf 88' lang='lat' dir='ltr'><strong>qui</strong></span> <span class='ocrx_word' id='word_1_372' title='bbox 1219 5049 1452 5111; x_wconf 86' lang='lat' dir='ltr'><strong>pereunt</strong></span> <span class='ocrx_word' id='word_1_373' title='bbox 1483 5049 1566 5096; x_wconf 89' lang='lat' dir='ltr'><strong>est</strong></span> <span class='ocrx_word' id='word_1_374' title='bbox 1606 5047 1858 5110; x_wconf 86' lang='lat' dir='ltr'><strong>opertum</strong></span> <span class='ocrx_word' id='word_1_375' title='bbox 1883 5040 1937 5095; x_wconf 70' lang='grc' dir='ltr'><strong>ι).</strong></span> 
     </span>
    </p>
   </div>
   <div class='ocr_carea' id='block_1_63' title="bbox 2035 4406 3621 4478">
    <p class='ocr_par' dir='ltr' id='par_1_63' title="bbox 2035 4406 3621 4478">
     <span class='ocr_line' id='line_1_63' title="bbox 2035 4406 3621 4478; baseline 0.001 -18"><span class='ocrx_word' id='word_1_376' title='bbox 2035 4407 2292 4478; x_wconf 82' lang='grc' dir='ltr'>τοιαύτης</span> <span class='ocrx_word' id='word_1_377' title='bbox 2325 4406 2759 4478; x_wconf 76' lang='grc' dir='ltr'>ἐπιπροσθούσης</span> <span class='ocrx_word' id='word_1_378' title='bbox 2782 4407 2992 4461; x_wconf 69' lang='grc' dir='ltr'>’ταυτὸν</span> <span class='ocrx_word' id='word_1_379' title='bbox 3032 4407 3294 4474; x_wconf 82' lang='grc' dir='ltr'>ὑπομένει</span> <span class='ocrx_word' id='word_1_380' title='bbox 3324 4409 3345 4438; x_wconf 73' lang='grc'>³</span> <span class='ocrx_word' id='word_1_381' title='bbox 3378 4411 3492 4470; x_wconf 77' lang='grc' dir='ltr'>τοῖς</span> <span class='ocrx_word' id='word_1_382' title='bbox 3523 4406 3621 4464; x_wconf 71' lang='grc' dir='ltr'>τοῦ</span> 
     </span>
    </p>
   </div>
   <div class='ocr_carea' id='block_1_64' title="bbox 2041 4497 3615 4570">
    <p class='ocr_par' dir='ltr' id='par_1_64' title="bbox 2041 4497 3615 4570">
     <span class='ocr_line' id='line_1_64' title="bbox 2041 4497 3615 4570; baseline 0.002 -21"><span class='ocrx_word' id='word_1_383' title='bbox 2041 4497 2290 4567; x_wconf 84' lang='grc' dir='ltr'>σώματος</span> <span class='ocrx_word' id='word_1_384' title='bbox 2318 4497 2636 4567; x_wconf 84' lang='grc' dir='ltr'>ὀφθαλμοῖς,</span> <span class='ocrx_word' id='word_1_385' title='bbox 2681 4500 2774 4551; x_wconf 77' lang='grc' dir='ltr'><strong>καὶ</strong></span> <span class='ocrx_word' id='word_1_386' title='bbox 2817 4498 2979 4570; x_wconf 76' lang='grc' dir='ltr'>ἕτερα</span> <span class='ocrx_word' id='word_1_387' title='bbox 3022 4498 3137 4552; x_wconf 82' lang='grc' dir='ltr'>ἀνθ’</span> <span class='ocrx_word' id='word_1_388' title='bbox 3181 4498 3386 4570; x_wconf 80' lang='grc' dir='ltr'>ἑτέρων</span> <span class='ocrx_word' id='word_1_389' title='bbox 3419 4501 3545 4569; x_wconf 78' lang='grc' dir='ltr'>ὁρᾷ,</span> <span class='ocrx_word' id='word_1_390' title='bbox 3584 4500 3615 4568; x_wconf 75' lang='grc' dir='ltr'>ἦ</span> 
     </span>
    </p>
   </div>
   <div class='ocr_carea' id='block_1_65' title="bbox 2040 4589 3618 4664">
    <p class='ocr_par' dir='ltr' id='par_1_65' title="bbox 2040 4589 3618 4664">
     <span class='ocr_line' id='line_1_65' title="bbox 2040 4589 3618 4664; baseline 0 -20"><span class='ocrx_word' id='word_1_391' title='bbox 2040 4589 2318 4654; x_wconf 83' lang='grc' dir='ltr'>παντελῶς</span> <span class='ocrx_word' id='word_1_392' title='bbox 2335 4592 2429 4660; x_wconf 74' lang='grc' dir='ltr'><strong>οὐχ</strong></span> <span class='ocrx_word' id='word_1_393' title='bbox 2449 4589 2572 4661; x_wconf 80' lang='grc' dir='ltr'>ὁρᾷ,</span> <span class='ocrx_word' id='word_1_394' title='bbox 2588 4589 2682 4642; x_wconf 77' lang='grc' dir='ltr'>τοῦ</span> <span class='ocrx_word' id='word_1_395' title='bbox 2705 4589 2907 4653; x_wconf 88' lang='grc' dir='ltr'>πάθους</span> <span class='ocrx_word' id='word_1_396' title='bbox 2926 4591 3416 4661; x_wconf 78' lang='grc' dir='ltr'>ἐπικρατήσαντος.</span> <span class='ocrx_word' id='word_1_397' title='bbox 3433 4591 3618 4664; x_wconf 72' lang='grc' dir='ltr'>Ταύτῃ</span> 
     </span>
    </p>
   </div>
   <div class='ocr_carea' id='block_1_66' title="bbox 2040 4678 3619 4754">
    <p class='ocr_par' dir='ltr' id='par_1_66' title="bbox 2040 4678 3619 4754">
     <span class='ocr_line' id='line_1_66' title="bbox 2040 4678 3619 4754; baseline 0.002 -24"><span class='ocrx_word' id='word_1_398' title='bbox 2040 4678 2429 4749; x_wconf 84' lang='grc' dir='ltr'>περιπεσόντες</span> <span class='ocrx_word' id='word_1_399' title='bbox 2460 4681 2525 4750; x_wconf 80' lang='grc' dir='ltr'>τῇ</span> <span class='ocrx_word' id='word_1_400' title='bbox 2558 4679 2696 4748; x_wconf 82' lang='grc' dir='ltr'>νόσῳ</span> <span class='ocrx_word' id='word_1_401' title='bbox 2722 4680 2864 4742; x_wconf 85' lang='grc' dir='ltr'>τινὲς</span> <span class='ocrx_word' id='word_1_402' title='bbox 2908 4681 3006 4751; x_wconf 77' lang='grc' dir='ltr'>τῆς</span> <span class='ocrx_word' id='word_1_403' title='bbox 3049 4680 3196 4745; x_wconf 83' lang='grc' dir='ltr'>θείας</span> <span class='ocrx_word' id='word_1_404' title='bbox 3230 4682 3456 4754; x_wconf 77' lang='grc' dir='ltr'>Γραφῆς</span> <span class='ocrx_word' id='word_1_405' title='bbox 3494 4700 3619 4735; x_wconf 66' lang='grc' dir='ltr'>κατι</span> 
     </span>
    </p>
   </div>
   <div class='ocr_carea' id='block_1_67' title="bbox 2042 4762 3619 4843">
    <p class='ocr_par' dir='ltr' id='par_1_67' title="bbox 2042 4762 3619 4843">
     <span class='ocr_line' id='line_1_67' title="bbox 2042 4762 3619 4843; baseline 0.003 -22"><span class='ocrx_word' id='word_1_406' title='bbox 2042 4771 2262 4840; x_wconf 84' lang='grc' dir='ltr'>ηγορεῖν</span> <span class='ocrx_word' id='word_1_407' title='bbox 2290 4768 2673 4839; x_wconf 79' lang='grc' dir='ltr'>ἐπεχείρησαν,</span> <span class='ocrx_word' id='word_1_408' title='bbox 2707 4769 3071 4841; x_wconf 84' lang='grc' dir='ltr'>διαφερόντως</span> <span class='ocrx_word' id='word_1_409' title='bbox 3113 4762 3169 4824; x_wconf 67' lang='grc' dir='ltr'>δὲ</span> <span class='ocrx_word' id='word_1_410' title='bbox 3209 4772 3317 4825; x_wconf 83' lang='grc' dir='ltr'><strong>τῶν</strong></span> <span class='ocrx_word' id='word_1_411' title='bbox 3353 4791 3619 4843; x_wconf 66' lang='grc' dir='ltr'>προφητιο</span> 
     </span>
    </p>
   </div>
   <div class='ocr_carea' id='block_1_68' title="bbox 2043 4848 3705 4932">
    <p class='ocr_par' dir='ltr' id='par_1_68' title="bbox 2043 4848 3705 4932">
     <span class='ocr_line' id='line_1_68' title="bbox 2043 4848 3705 4932; baseline 0.003 -21"><span class='ocrx_word' id='word_1_412' title='bbox 2043 4857 2156 4911; x_wconf 83' lang='grc' dir='ltr'><strong>κῶν</strong></span> <span class='ocrx_word' id='word_1_413' title='bbox 2186 4857 2589 4928; x_wconf 83' lang='grc' dir='ltr'>θεσπισμάτων,</span> <span class='ocrx_word' id='word_1_414' title='bbox 2616 4857 2691 4923; x_wconf 84' lang='grc' dir='ltr'>ὼς</span> <span class='ocrx_word' id='word_1_415' title='bbox 2724 4860 2962 4931; x_wconf 75' lang='grc' dir='ltr'>ἀσαφείᾳ</span> <span class='ocrx_word' id='word_1_416' title='bbox 2998 4860 3449 4932; x_wconf 49' lang='grc' dir='ltr'>κεκαλυμμμένων,</span> <span class='ocrx_word' id='word_1_417' title='bbox 3481 4862 3620 4931; x_wconf 68' lang='grc' dir='ltr'>Πρὸς</span> <span class='ocrx_word' id='word_1_418' title='bbox 3690 4848 3705 4863; x_wconf 71' lang='grc'><em>’</em></span> 
     </span>
    </p>
   </div>
   <div class='ocr_carea' id='block_1_69' title="bbox 2045 4946 3617 5018">
    <p class='ocr_par' dir='ltr' id='par_1_69' title="bbox 2045 4946 3617 5018">
     <span class='ocr_line' id='line_1_69' title="bbox 2045 4946 3617 5018; baseline 0.003 -16"><span class='ocrx_word' id='word_1_419' title='bbox 2045 4946 2137 5012; x_wconf 82' lang='grc' dir='ltr'><strong>οὒς</strong></span> <span class='ocrx_word' id='word_1_420' title='bbox 2167 4949 2231 5004; x_wconf 79' lang='grc' dir='ltr'>ἂν</span> <span class='ocrx_word' id='word_1_421' title='bbox 2257 4951 2480 5013; x_wconf 77' lang='grc' dir='ltr'>εἰκότως</span> <span class='ocrx_word' id='word_1_422' title='bbox 2502 4952 2529 5003; x_wconf 85' lang='grc' dir='ltr'>ὁ</span> <span class='ocrx_word' id='word_1_423' title='bbox 2555 4950 2840 5017; x_wconf 80' lang='grc' dir='ltr'>θεσπέσιος</span> <span class='ocrx_word' id='word_1_424' title='bbox 2865 4954 3006 5006; x_wconf 79' lang='grc' dir='ltr'>εῐποι</span> <span class='ocrx_word' id='word_1_425' title='bbox 3029 4954 3267 5018; x_wconf 59' lang='grc' dir='ltr'>Παῦλοςδ</span> <span class='ocrx_word' id='word_1_426' title='bbox 3303 4973 3322 5005; x_wconf 77' lang='grc' dir='ltr'><strong>ι</strong></span> <span class='ocrx_word' id='word_1_427' title='bbox 3349 4956 3410 5009; x_wconf 80' lang='lat' dir='ltr'><strong>Ei</strong></span> <span class='ocrx_word' id='word_1_428' title='bbox 3445 4956 3498 5009; x_wconf 82' lang='grc' dir='ltr'>δὲ</span> <span class='ocrx_word' id='word_1_429' title='bbox 3529 4957 3617 5009; x_wconf 70' lang='grc' dir='ltr'>καὶ</span> 
     </span>
    </p>
   </div>
   <div class='ocr_carea' id='block_1_70' title="bbox 2047 5040 3617 5115">
    <p class='ocr_par' dir='ltr' id='par_1_70' title="bbox 2047 5040 3617 5115">
     <span class='ocr_line' id='line_1_70' title="bbox 2047 5040 3617 5115; baseline 0.001 -22"><span class='ocrx_word' id='word_1_430' title='bbox 2047 5040 2162 5093; x_wconf 82' lang='grc' dir='ltr'>ἔστι</span> <span class='ocrx_word' id='word_1_431' title='bbox 2190 5041 2596 5111; x_wconf 65' lang='grc' dir='ltr'>κεκαλυμμένον</span> <span class='ocrx_word' id='word_1_432' title='bbox 2617 5043 2675 5095; x_wconf 87' lang='grc' dir='ltr'><strong>τὸ</strong></span> <span class='ocrx_word' id='word_1_433' title='bbox 2701 5043 3029 5110; x_wconf 84' lang='grc' dir='ltr'>Εύαγγέλιον</span> <span class='ocrx_word' id='word_1_434' title='bbox 3049 5044 3230 5115; x_wconf 72' lang='grc' dir='ltr'>ἡμῶν,</span> <span class='ocrx_word' id='word_1_435' title='bbox 3248 5046 3306 5097; x_wconf 76' lang='grc' dir='ltr'>ὲν</span> <span class='ocrx_word' id='word_1_436' title='bbox 3327 5049 3436 5110; x_wconf 81' lang='grc' dir='ltr'>τοῖς</span> <span class='ocrx_word' id='word_1_437' title='bbox 3459 5044 3617 5098; x_wconf 82' lang='grc' dir='ltr'>ἀπολ-</span> 
     </span>
    </p>
   </div>
   <div class='ocr_carea' id='block_1_71' title="bbox 369 5129 1972 5208">
    <p class='ocr_par' dir='ltr' id='par_1_71' title="bbox 369 5129 1942 5208">
     <span class='ocr_line' id='line_1_71' title="bbox 369 5129 1942 5208; baseline -0.004 -17"><span class='ocrx_word' id='word_1_438' title='bbox 369 5135 705 5208; x_wconf 86' lang='lat' dir='ltr'><strong>Sapientiam</strong></span> <span class='ocrx_word' id='word_1_439' title='bbox 738 5134 883 5189; x_wconf 88' lang='lat' dir='ltr'><strong>enim</strong></span> <span class='ocrx_word' id='word_1_440' title='bbox 917 5133 1197 5202; x_wconf 86' lang='lat' dir='ltr'><strong>loquimur</strong></span> <span class='ocrx_word' id='word_1_441' title='bbox 1234 5133 1375 5187; x_wconf 84' lang='lat' dir='ltr'><strong>inter</strong></span> <span class='ocrx_word' id='word_1_442' title='bbox 1419 5132 1695 5203; x_wconf 79' lang='lat' dir='ltr'><strong>perfectos</strong></span> <span class='ocrx_word' id='word_1_443' title='bbox 1725 5143 1776 5185; x_wconf 79' lang='grc' dir='ltr'><strong>ο.</strong></span> <span class='ocrx_word' id='word_1_444' title='bbox 1822 5150 1840 5182; x_wconf 77' lang='grc' dir='ltr'><strong>ι</strong></span> <span class='ocrx_word' id='word_1_445' title='bbox 1875 5129 1942 5184; x_wconf 84' lang='lat' dir='ltr'><strong>Et</strong></span> 
     </span>
    </p>
   </div>
   <div class='ocr_carea' id='block_1_72' title="bbox 2036 5129 3617 5208">
    <p class='ocr_par' dir='ltr' id='par_1_72' title="bbox 2047 5130 3617 5208">
     <span class='ocr_line' id='line_1_72' title="bbox 2047 5130 3617 5208; baseline 0.001 -23"><span class='ocrx_word' id='word_1_446' title='bbox 2047 5131 2300 5202; x_wconf 83' lang='grc' dir='ltr'>λυμένοις</span> <span class='ocrx_word' id='word_1_447' title='bbox 2343 5130 2460 5184; x_wconf 76' lang='grc' dir='ltr'>ἐστὶ</span> <span class='ocrx_word' id='word_1_448' title='bbox 2506 5132 2965 5204; x_wconf 85' lang='grc' dir='ltr'>κεκαλυμμμένον</span> <span class='ocrx_word' id='word_1_449' title='bbox 2998 5152 3011 5165; x_wconf 91' lang='grc'><strong>·</strong></span> <span class='ocrx_word' id='word_1_450' title='bbox 3060 5135 3252 5202; x_wconf 70' lang='grc' dir='ltr'>σοφίαν</span> <span class='ocrx_word' id='word_1_451' title='bbox 3286 5136 3395 5208; x_wconf 73' lang='grc' dir='ltr'><strong>γὰρ</strong></span> <span class='ocrx_word' id='word_1_452' title='bbox 3434 5134 3617 5188; x_wconf 73' lang='grc' dir='ltr'>λαλοῦι-</span> 
     </span>
    </p>
   </div>
   <div class='ocr_carea' id='block_1_73' title="bbox 367 5223 1972 5299">
    <p class='ocr_par' dir='ltr' id='par_1_73' title="bbox 367 5223 1937 5299">
     <span class='ocr_line' id='line_1_73' title="bbox 367 5223 1937 5299; baseline -0.004 -14"><span class='ocrx_word' id='word_1_453' title='bbox 367 5229 456 5285; x_wconf 78' lang='lat' dir='ltr'><strong>bis</strong></span> <span class='ocrx_word' id='word_1_454' title='bbox 481 5244 545 5283; x_wconf 87' lang='lat' dir='ltr'><strong>ea</strong></span> <span class='ocrx_word' id='word_1_455' title='bbox 571 5241 787 5299; x_wconf 90' lang='lat' dir='ltr'><strong>quoque</strong></span> <span class='ocrx_word' id='word_1_456' title='bbox 811 5228 1184 5293; x_wconf 86' lang='lat' dir='ltr'><strong>consentiunt,</strong></span> <span class='ocrx_word' id='word_1_457' title='bbox 1211 5240 1333 5297; x_wconf 66' lang='lat' dir='ltr'><strong>quae</strong></span> <span class='ocrx_word' id='word_1_458' title='bbox 1377 5242 1407 5281; x_wconf 87' lang='lat' dir='ltr'><strong>a</strong></span> <span class='ocrx_word' id='word_1_459' title='bbox 1439 5225 1669 5282; x_wconf 88' lang='lat' dir='ltr'><strong>Domino</strong></span> <span class='ocrx_word' id='word_1_460' title='bbox 1716 5232 1771 5281; x_wconf 91' lang='lat' dir='ltr'><strong>et</strong></span> <span class='ocrx_word' id='word_1_461' title='bbox 1803 5223 1937 5279; x_wconf 86' lang='lat' dir='ltr'><strong>Sal-</strong></span> 
     </span>
    </p>
   </div>
   <div class='ocr_carea' id='block_1_74' title="bbox 2036 5223 3615 5299">
    <p class='ocr_par' dir='ltr' id='par_1_74' title="bbox 2051 5223 3615 5297">
     <span class='ocr_line' id='line_1_74' title="bbox 2051 5223 3615 5297; baseline 0.001 -20"><span class='ocrx_word' id='word_1_462' title='bbox 2051 5235 2153 5292; x_wconf 82' lang='grc' dir='ltr'><strong>μεν</strong></span> <span class='ocrx_word' id='word_1_463' title='bbox 2182 5225 2239 5276; x_wconf 83' lang='grc' dir='ltr'>ὲν</span> <span class='ocrx_word' id='word_1_464' title='bbox 2255 5225 2364 5288; x_wconf 83' lang='grc' dir='ltr'>τοῖς</span> <span class='ocrx_word' id='word_1_465' title='bbox 2388 5223 2665 5289; x_wconf 67' lang='grc' dir='ltr'>τελείοις.»</span> <span class='ocrx_word' id='word_1_466' title='bbox 2694 5227 2986 5297; x_wconf 79' lang='grc' dir='ltr'>Συμφωνεῐ</span> <span class='ocrx_word' id='word_1_467' title='bbox 3006 5228 3063 5282; x_wconf 82' lang='grc' dir='ltr'>δὲ</span> <span class='ocrx_word' id='word_1_468' title='bbox 3089 5228 3297 5293; x_wconf 85' lang='grc' dir='ltr'>τούτοις</span> <span class='ocrx_word' id='word_1_469' title='bbox 3326 5231 3422 5284; x_wconf 74' lang='grc' dir='ltr'><strong>καὶ</strong></span> <span class='ocrx_word' id='word_1_470' title='bbox 3437 5230 3502 5283; x_wconf 87' lang='grc' dir='ltr'><strong>τά</strong></span> <span class='ocrx_word' id='word_1_471' title='bbox 3520 5227 3615 5282; x_wconf 67' lang='grc' dir='ltr'>ὑπὸ</span> 
     </span>
    </p>
   </div>
   <div class='ocr_carea' id='block_1_75' title="bbox 439 5379 1843 5454">
    <p class='ocr_par' dir='ltr' id='par_1_75' title="bbox 439 5379 1843 5454">
     <span class='ocr_line' id='line_1_75' title="bbox 439 5379 1843 5454; baseline -0.006 -11"><span class='ocrx_word' id='word_1_472' title='bbox 439 5399 467 5430; x_wconf 76' lang='grc' dir='ltr'>ι</span> <span class='ocrx_word' id='word_1_473' title='bbox 497 5386 657 5442; x_wconf 83' lang='lat' dir='ltr'><strong>Prov.</strong></span> <span class='ocrx_word' id='word_1_474' title='bbox 688 5400 730 5454; x_wconf 89' lang='lat' dir='ltr'><strong>t,</strong></span> <span class='ocrx_word' id='word_1_475' title='bbox 758 5382 811 5438; x_wconf 86' lang='lat'><strong>6.</strong></span> <span class='ocrx_word' id='word_1_476' title='bbox 886 5383 915 5424; x_wconf 69' lang='grc' dir='ltr'><strong>ι)</strong></span> <span class='ocrx_word' id='word_1_477' title='bbox 950 5379 994 5436; x_wconf 85' lang='grc' dir='ltr'><strong>ιι</strong></span> <span class='ocrx_word' id='word_1_478' title='bbox 1022 5382 1152 5438; x_wconf 89' lang='lat' dir='ltr'><strong>Cor.</strong></span> <span class='ocrx_word' id='word_1_479' title='bbox 1188 5398 1262 5448; x_wconf 79' lang='lat' dir='ltr'><strong>tv,</strong></span> <span class='ocrx_word' id='word_1_480' title='bbox 1295 5382 1353 5437; x_wconf 61' lang='grc' dir='ltr'>δέ</span> <span class='ocrx_word' id='word_1_481' title='bbox 1432 5383 1503 5437; x_wconf 77' lang='grc' dir='ltr'><strong>οἰ</strong></span> <span class='ocrx_word' id='word_1_482' title='bbox 1537 5384 1663 5440; x_wconf 85' lang='lat' dir='ltr'><strong>Cor.</strong></span> <span class='ocrx_word' id='word_1_483' title='bbox 1694 5399 1752 5446; x_wconf 88' lang='grc' dir='ltr'><strong>ιι,</strong></span> <span class='ocrx_word' id='word_1_484' title='bbox 1788 5381 1843 5436; x_wconf 87' lang='lat'><strong>6.</strong></span> 
     </span>
    </p>
   </div>
   <div class='ocr_carea' id='block_1_76' title="bbox 1626 5537 2306 5611">
    <p class='ocr_par' dir='ltr' id='par_1_76' title="bbox 1626 5537 2306 5611">
     <span class='ocr_line' id='line_1_76' title="bbox 1626 5537 2306 5611; baseline 0.01 -17"><span class='ocrx_word' id='word_1_485' title='bbox 1626 5537 2306 5611; x_wconf 59' lang='lat' dir='ltr'><strong>VARIAELECTIONES.</strong></span> 
     </span>
    </p>
   </div>
   <div class='ocr_carea' id='block_1_77' title="bbox 446 5656 1972 5736">
    <p class='ocr_par' dir='ltr' id='par_1_77' title="bbox 446 5656 1967 5735">
     <span class='ocr_line' id='line_1_77' title="bbox 446 5656 1967 5735; baseline -0.001 -19"><span class='ocrx_word' id='word_1_486' title='bbox 446 5662 463 5693; x_wconf 79' lang='grc'><strong>⁸</strong></span> <span class='ocrx_word' id='word_1_487' title='bbox 501 5661 937 5735; x_wconf 70' lang='grc' dir='ltr'>ὶδημιούργησαν</span> <span class='ocrx_word' id='word_1_488' title='bbox 962 5663 1129 5721; x_wconf 76' lang='lat' dir='ltr'><strong>liabet</strong></span> <span class='ocrx_word' id='word_1_489' title='bbox 1162 5661 1331 5718; x_wconf 72' lang='lat' dir='ltr'><strong>codex</strong></span> <span class='ocrx_word' id='word_1_490' title='bbox 1366 5661 1466 5715; x_wconf 83' lang='grc'>170</span> <span class='ocrx_word' id='word_1_491' title='bbox 1495 5658 1637 5731; x_wconf 88' lang='lat' dir='ltr'><strong>apud</strong></span> <span class='ocrx_word' id='word_1_492' title='bbox 1671 5656 1967 5729; x_wconf 84' lang='lat' dir='ltr'><strong>Lambcc.,</strong></span> 
     </span>
    </p>
   </div>
   <div class='ocr_carea' id='block_1_78' title="bbox 2036 5656 3362 5736">
    <p class='ocr_par' dir='ltr' id='par_1_78' title="bbox 2041 5661 3362 5736">
     <span class='ocr_line' id='line_1_78' title="bbox 2041 5661 3362 5736; baseline 0.001 -20"><span class='ocrx_word' id='word_1_493' title='bbox 2041 5664 2095 5717; x_wconf 71' lang='grc' dir='ltr'><strong>ι).</strong></span> <span class='ocrx_word' id='word_1_494' title='bbox 2133 5679 2206 5717; x_wconf 72' lang='grc' dir='ltr'><strong>ιν.</strong></span> <span class='ocrx_word' id='word_1_495' title='bbox 2283 5666 2303 5696; x_wconf 81' lang='grc'>¹</span> <span class='ocrx_word' id='word_1_496' title='bbox 2344 5663 2401 5719; x_wconf 92' lang='lat' dir='ltr'><strong>ln</strong></span> <span class='ocrx_word' id='word_1_497' title='bbox 2433 5664 2472 5719; x_wconf 85' lang='grc' dir='ltr'><strong><em>Β</em></strong></span> <span class='ocrx_word' id='word_1_498' title='bbox 2504 5665 2740 5736; x_wconf 85' lang='lat' dir='ltr'><strong>ascripta</strong></span> <span class='ocrx_word' id='word_1_499' title='bbox 2770 5674 2852 5722; x_wconf 88' lang='lat' dir='ltr'><strong>cst</strong></span> <span class='ocrx_word' id='word_1_500' title='bbox 2877 5663 3040 5720; x_wconf 81' lang='lat' dir='ltr'><strong>lectio</strong></span> <span class='ocrx_word' id='word_1_501' title='bbox 3072 5661 3362 5733; x_wconf 72' lang='grc' dir='ltr'>ὑπομένον.</span> 
     </span>
    </p>
   </div>
  </div>
