  <div class='ocr_page' id='page_1' title='image "/cluster/home/n/w/nwhite01/storage/ocr_20150623/81/mdp.39015078384339/421.png"; bbox 0 0 3868 6204; ppageno 0'>
   <div class='ocr_carea' id='block_1_1' title="bbox 408 303 507 366">
    <p class='ocr_par' dir='ltr' id='par_1_1' title="bbox 408 303 507 366">
     <span class='ocr_line' id='line_1_1' title="bbox 408 303 507 366; baseline -0.02 0"><span class='ocrx_word' id='word_1_1' title='bbox 408 303 507 366; x_wconf 83' lang='grc'><strong>811</strong></span> 
     </span>
    </p>
   </div>
   <div class='ocr_carea' id='block_1_2' title="bbox 1412 304 2664 370">
    <p class='ocr_par' dir='ltr' id='par_1_2' title="bbox 1412 304 2664 370">
     <span class='ocr_line' id='line_1_2' title="bbox 1412 304 2664 370; baseline 0.002 -5"><span class='ocrx_word' id='word_1_2' title='bbox 1412 304 1897 366; x_wconf 84' lang='lat' dir='ltr'><strong>TIIEODORETI</strong></span> <span class='ocrx_word' id='word_1_3' title='bbox 1932 306 2269 368; x_wconf 86' lang='lat' dir='ltr'><strong>EPISCOPI</strong></span> <span class='ocrx_word' id='word_1_4' title='bbox 2299 308 2664 370; x_wconf 78' lang='lat' dir='ltr'><strong>CYRENSIS</strong></span> 
     </span>
    </p>
   </div>
   <div class='ocr_carea' id='block_1_3' title="bbox 3538 322 3630 392">
    <p class='ocr_par' dir='ltr' id='par_1_3' title="bbox 3538 322 3630 392">
     <span class='ocr_line' id='line_1_3' title="bbox 3538 322 3630 392; baseline -0.022 -1"><span class='ocrx_word' id='word_1_5' title='bbox 3538 322 3630 392; x_wconf 74' lang='lat'><strong>812</strong></span> 
     </span>
    </p>
   </div>
   <div class='ocr_carea' id='block_1_4' title="bbox 390 414 1977 506">
    <p class='ocr_par' dir='ltr' id='par_1_4' title="bbox 390 414 1977 488">
     <span class='ocr_line' id='line_1_4' title="bbox 390 414 1977 488; baseline -0.001 -17"><span class='ocrx_word' id='word_1_6' title='bbox 390 415 555 472; x_wconf 70' lang='grc' dir='ltr'>--ριιίιιι</span> <span class='ocrx_word' id='word_1_7' title='bbox 590 433 690 472; x_wconf 91' lang='lat' dir='ltr'><strong>nos</strong></span> <span class='ocrx_word' id='word_1_8' title='bbox 728 432 948 488; x_wconf 83' lang='lat' dir='ltr'><strong>quoque</strong></span> <span class='ocrx_word' id='word_1_9' title='bbox 983 415 1441 486; x_wconf 77' lang='lat' dir='ltr'><strong>supplicationem</strong></span> <span class='ocrx_word' id='word_1_10' title='bbox 1485 417 1720 472; x_wconf 88' lang='lat' dir='ltr'><strong>Domino</strong></span> <span class='ocrx_word' id='word_1_11' title='bbox 1753 414 1977 471; x_wconf 81' lang='lat' dir='ltr'><strong>oll‘eren-</strong></span> 
     </span>
    </p>
   </div>
   <div class='ocr_carea' id='block_1_5' title="bbox 2080 414 3634 506">
    <p class='ocr_par' dir='ltr' id='par_1_5' title="bbox 2090 421 3634 506">
     <span class='ocr_line' id='line_1_5' title="bbox 2090 421 3634 506; baseline 0.017 -33"><span class='ocrx_word' id='word_1_12' title='bbox 2090 421 2326 475; x_wconf 73' lang='grc' dir='ltr'><strong>ἱκετείαν</strong></span> <span class='ocrx_word' id='word_1_13' title='bbox 2352 422 2428 491; x_wconf 82' lang='grc' dir='ltr'>τῷ</span> <span class='ocrx_word' id='word_1_14' title='bbox 2456 423 2698 494; x_wconf 75' lang='grc' dir='ltr'>Δεσπότῃ</span> <span class='ocrx_word' id='word_1_15' title='bbox 2723 423 3143 498; x_wconf 80' lang='grc' dir='ltr'>προσφέροντες,</span> <span class='ocrx_word' id='word_1_16' title='bbox 3164 428 3221 495; x_wconf 78' lang='grc' dir='ltr'>ὃς</span> <span class='ocrx_word' id='word_1_17' title='bbox 3253 434 3453 504; x_wconf 76' lang='grc' dir='ltr'>σοφίζει</span> <span class='ocrx_word' id='word_1_18' title='bbox 3472 438 3492 469; x_wconf 80' lang='grc'><strong>⁸</strong></span> <span class='ocrx_word' id='word_1_19' title='bbox 3520 442 3634 506; x_wconf 79' lang='grc' dir='ltr'>τοὺς</span> 
     </span>
    </p>
   </div>
   <div class='ocr_carea' id='block_1_6' title="bbox 406 507 1985 582">
    <p class='ocr_par' dir='ltr' id='par_1_6' title="bbox 406 507 1985 582">
     <span class='ocr_line' id='line_1_6' title="bbox 406 507 1985 582; baseline -0.002 -17"><span class='ocrx_word' id='word_1_20' title='bbox 406 525 519 576; x_wconf 82' lang='lat' dir='ltr'><strong>tes,</strong></span> <span class='ocrx_word' id='word_1_21' title='bbox 548 512 644 582; x_wconf 90' lang='lat' dir='ltr'><strong>qui</strong></span> <span class='ocrx_word' id='word_1_22' title='bbox 680 509 981 565; x_wconf 83' lang='lat' dir='ltr'><strong>secundum</strong></span> <span class='ocrx_word' id='word_1_23' title='bbox 1011 508 1258 562; x_wconf 86' lang='lat' dir='ltr'><strong>divinum</strong></span> <span class='ocrx_word' id='word_1_24' title='bbox 1292 507 1550 563; x_wconf 89' lang='lat' dir='ltr'><strong>Davidem</strong></span> <span class='ocrx_word' id='word_1_25' title='bbox 1578 508 1606 547; x_wconf 79' lang='grc' dir='ltr'>ιι</span> <span class='ocrx_word' id='word_1_26' title='bbox 1637 521 1814 563; x_wconf 63' lang='lat' dir='ltr'><strong>caecos</strong></span> <span class='ocrx_word' id='word_1_27' title='bbox 1856 507 1985 562; x_wconf 90' lang='lat' dir='ltr'><strong>illu-</strong></span> 
     </span>
    </p>
   </div>
   <div class='ocr_carea' id='block_1_7' title="bbox 412 599 1981 670">
    <p class='ocr_par' dir='ltr' id='par_1_7' title="bbox 412 599 1981 670">
     <span class='ocr_line' id='line_1_7' title="bbox 412 599 1981 670; baseline -0.002 -13"><span class='ocrx_word' id='word_1_28' title='bbox 412 605 609 668; x_wconf 87' lang='lat' dir='ltr'><strong>minat,</strong></span> <span class='ocrx_word' id='word_1_29' title='bbox 640 609 695 658; x_wconf 90' lang='lat' dir='ltr'><strong>et</strong></span> <span class='ocrx_word' id='word_1_30' title='bbox 728 601 1029 658; x_wconf 87' lang='lat' dir='ltr'><strong>secundum</strong></span> <span class='ocrx_word' id='word_1_31' title='bbox 1079 600 1300 657; x_wconf 87' lang='lat' dir='ltr'><strong>beatum</strong></span> <span class='ocrx_word' id='word_1_32' title='bbox 1331 599 1528 655; x_wconf 80' lang='lat' dir='ltr'><strong>Isaiam</strong></span> <span class='ocrx_word' id='word_1_33' title='bbox 1558 603 1602 667; x_wconf 82' lang='grc' dir='ltr'><strong>ί,</strong></span> <span class='ocrx_word' id='word_1_34' title='bbox 1650 615 1747 656; x_wconf 90' lang='lat' dir='ltr'><strong>eos</strong></span> <span class='ocrx_word' id='word_1_35' title='bbox 1775 600 1871 670; x_wconf 89' lang='lat' dir='ltr'><strong>qui</strong></span> <span class='ocrx_word' id='word_1_36' title='bbox 1926 599 1981 654; x_wconf 88' lang='lat' dir='ltr'><strong>in</strong></span> 
     </span>
    </p>
   </div>
   <div class='ocr_carea' id='block_1_8' title="bbox 412 691 1982 763">
    <p class='ocr_par' dir='ltr' id='par_1_8' title="bbox 412 691 1982 763">
     <span class='ocr_line' id='line_1_8' title="bbox 412 691 1982 763; baseline -0.001 -14"><span class='ocrx_word' id='word_1_37' title='bbox 412 695 655 750; x_wconf 87' lang='lat' dir='ltr'><strong>tenebris</strong></span> <span class='ocrx_word' id='word_1_38' title='bbox 692 701 746 747; x_wconf 90' lang='lat' dir='ltr'><strong>et</strong></span> <span class='ocrx_word' id='word_1_39' title='bbox 798 692 1031 763; x_wconf 82' lang='lat' dir='ltr'><strong>caligine</strong></span> <span class='ocrx_word' id='word_1_40' title='bbox 1085 700 1392 758; x_wconf 77' lang='lat' dir='ltr'><strong>versantur,</strong></span> <span class='ocrx_word' id='word_1_41' title='bbox 1453 693 1627 748; x_wconf 86' lang='lat' dir='ltr'><strong>divini</strong></span> <span class='ocrx_word' id='word_1_42' title='bbox 1678 691 1982 748; x_wconf 84' lang='lat' dir='ltr'><strong>Ezechielis</strong></span> 
     </span>
    </p>
   </div>
   <div class='ocr_carea' id='block_1_9' title="bbox 411 783 1983 856">
    <p class='ocr_par' dir='ltr' id='par_1_9' title="bbox 411 783 1983 856">
     <span class='ocr_line' id='line_1_9' title="bbox 411 783 1983 856; baseline -0.003 -14"><span class='ocrx_word' id='word_1_43' title='bbox 411 788 674 843; x_wconf 83' lang='lat' dir='ltr'><strong>audacter</strong></span> <span class='ocrx_word' id='word_1_44' title='bbox 724 783 1120 856; x_wconf 79' lang='lat' dir='ltr'><strong>aggrediamur</strong></span> <span class='ocrx_word' id='word_1_45' title='bbox 1166 784 1703 855; x_wconf 83' lang='lat' dir='ltr'><strong>interpretationem,</strong></span> <span class='ocrx_word' id='word_1_46' title='bbox 1756 792 1811 841; x_wconf 91' lang='lat' dir='ltr'><strong>et</strong></span> <span class='ocrx_word' id='word_1_47' title='bbox 1854 797 1983 855; x_wconf 81' lang='lat' dir='ltr'><strong>pro-</strong></span> 
     </span>
    </p>
   </div>
   <div class='ocr_carea' id='block_1_10' title="bbox 404 876 1982 950">
    <p class='ocr_par' dir='ltr' id='par_1_10' title="bbox 404 876 1982 950">
     <span class='ocr_line' id='line_1_10' title="bbox 404 876 1982 950; baseline -0.002 -17"><span class='ocrx_word' id='word_1_48' title='bbox 404 879 607 950; x_wconf 72' lang='lat' dir='ltr'><strong>pltetia:</strong></span> <span class='ocrx_word' id='word_1_49' title='bbox 658 876 1050 941; x_wconf 76' lang='lat' dir='ltr'><strong>reconditiora,</strong></span> <span class='ocrx_word' id='word_1_50' title='bbox 1085 889 1353 947; x_wconf 88' lang='lat' dir='ltr'><strong>quantum</strong></span> <span class='ocrx_word' id='word_1_51' title='bbox 1402 878 1458 933; x_wconf 91' lang='lat' dir='ltr'><strong>in</strong></span> <span class='ocrx_word' id='word_1_52' title='bbox 1511 876 1673 931; x_wconf 89' lang='lat' dir='ltr'><strong>nobis</strong></span> <span class='ocrx_word' id='word_1_53' title='bbox 1722 886 1826 941; x_wconf 71' lang='grc' dir='ltr'>ρει,</span> <span class='ocrx_word' id='word_1_54' title='bbox 1857 890 1982 944; x_wconf 90' lang='lat' dir='ltr'><strong>per-</strong></span> 
     </span>
    </p>
   </div>
   <div class='ocr_carea' id='block_1_11' title="bbox 409 967 1981 1039">
    <p class='ocr_par' dir='ltr' id='par_1_11' title="bbox 409 967 1981 1039">
     <span class='ocr_line' id='line_1_11' title="bbox 409 967 1981 1039; baseline -0.002 -13"><span class='ocrx_word' id='word_1_55' title='bbox 409 970 668 1034; x_wconf 82' lang='lat' dir='ltr'><strong>scrutari,</strong></span> <span class='ocrx_word' id='word_1_56' title='bbox 698 977 751 1023; x_wconf 89' lang='lat' dir='ltr'><strong>et</strong></span> <span class='ocrx_word' id='word_1_57' title='bbox 783 968 931 1038; x_wconf 88' lang='lat' dir='ltr'><strong>quod</strong></span> <span class='ocrx_word' id='word_1_58' title='bbox 962 967 1091 1022; x_wconf 89' lang='lat' dir='ltr'><strong>inde</strong></span> <span class='ocrx_word' id='word_1_59' title='bbox 1121 968 1261 1024; x_wconf 88' lang='lat' dir='ltr'><strong>lucri</strong></span> <span class='ocrx_word' id='word_1_60' title='bbox 1294 968 1598 1039; x_wconf 89' lang='lat' dir='ltr'><strong>colligitur,</strong></span> <span class='ocrx_word' id='word_1_61' title='bbox 1629 968 1685 1027; x_wconf 87' lang='lat' dir='ltr'><strong>id</strong></span> <span class='ocrx_word' id='word_1_62' title='bbox 1723 969 1981 1024; x_wconf 88' lang='lat' dir='ltr'><strong>omnibus</strong></span> 
     </span>
    </p>
   </div>
   <div class='ocr_carea' id='block_1_12' title="bbox 402 1062 1980 1133">
    <p class='ocr_par' dir='ltr' id='par_1_12' title="bbox 402 1062 1980 1133">
     <span class='ocr_line' id='line_1_12' title="bbox 402 1062 1980 1133; baseline 0 -17"><span class='ocrx_word' id='word_1_63' title='bbox 402 1064 513 1133; x_wconf 86' lang='lat' dir='ltr'><strong>piis</strong></span> <span class='ocrx_word' id='word_1_64' title='bbox 539 1076 829 1133; x_wconf 87' lang='lat' dir='ltr'><strong>commune</strong></span> <span class='ocrx_word' id='word_1_65' title='bbox 853 1075 1162 1131; x_wconf 88' lang='lat' dir='ltr'><strong>proponere</strong></span> <span class='ocrx_word' id='word_1_66' title='bbox 1189 1069 1483 1131; x_wconf 74' lang='lat' dir='ltr'><strong>tentetnus.</strong></span> <span class='ocrx_word' id='word_1_67' title='bbox 1513 1062 1625 1133; x_wconf 80' lang='lat' dir='ltr'><strong>Age</strong></span> <span class='ocrx_word' id='word_1_68' title='bbox 1645 1062 1829 1133; x_wconf 88' lang='lat' dir='ltr'><strong>igitur,</strong></span> <span class='ocrx_word' id='word_1_69' title='bbox 1852 1071 1980 1116; x_wconf 88' lang='lat' dir='ltr'><strong>ante</strong></span> 
     </span>
    </p>
   </div>
   <div class='ocr_carea' id='block_1_13' title="bbox 405 1152 1980 1222">
    <p class='ocr_par' dir='ltr' id='par_1_13' title="bbox 405 1152 1980 1222">
     <span class='ocr_line' id='line_1_13' title="bbox 405 1152 1980 1222; baseline -0.001 -15"><span class='ocrx_word' id='word_1_70' title='bbox 405 1152 915 1222; x_wconf 75' lang='lat' dir='ltr'><strong>interpretationem</strong></span> <span class='ocrx_word' id='word_1_71' title='bbox 976 1153 1294 1206; x_wconf 81' lang='lat' dir='ltr'><strong>summatim</strong></span> <span class='ocrx_word' id='word_1_72' title='bbox 1358 1152 1532 1222; x_wconf 80' lang='lat' dir='ltr'><strong>ipsius</strong></span> <span class='ocrx_word' id='word_1_73' title='bbox 1590 1166 1980 1222; x_wconf 88' lang='lat' dir='ltr'><strong>percurramus</strong></span> 
     </span>
    </p>
   </div>
   <div class='ocr_carea' id='block_1_14' title="bbox 406 1241 1981 1315">
    <p class='ocr_par' dir='ltr' id='par_1_14' title="bbox 406 1241 1981 1315">
     <span class='ocr_line' id='line_1_14' title="bbox 406 1241 1981 1315; baseline -0.001 -18"><span class='ocrx_word' id='word_1_74' title='bbox 406 1250 816 1314; x_wconf 82' lang='lat' dir='ltr'><strong>argumentum.</strong></span> <span class='ocrx_word' id='word_1_75' title='bbox 869 1241 1220 1315; x_wconf 84' lang='lat' dir='ltr'><strong>Pmphetiam</strong></span> <span class='ocrx_word' id='word_1_76' title='bbox 1272 1259 1431 1300; x_wconf 84' lang='lat' dir='ltr'><strong>suam</strong></span> <span class='ocrx_word' id='word_1_77' title='bbox 1479 1259 1713 1300; x_wconf 78' lang='lat' dir='ltr'><strong>exorsus</strong></span> <span class='ocrx_word' id='word_1_78' title='bbox 1765 1250 1851 1299; x_wconf 92' lang='lat' dir='ltr'><strong>est</strong></span> <span class='ocrx_word' id='word_1_79' title='bbox 1891 1244 1981 1297; x_wconf 87' lang='lat' dir='ltr'><strong>hic</strong></span> 
     </span>
    </p>
   </div>
   <div class='ocr_carea' id='block_1_15' title="bbox 405 1333 1980 1407">
    <p class='ocr_par' dir='ltr' id='par_1_15' title="bbox 405 1333 1980 1407">
     <span class='ocr_line' id='line_1_15' title="bbox 405 1333 1980 1407; baseline 0 -18"><span class='ocrx_word' id='word_1_80' title='bbox 405 1335 696 1407; x_wconf 86' lang='lat' dir='ltr'><strong>propheta,</strong></span> <span class='ocrx_word' id='word_1_81' title='bbox 725 1335 1066 1407; x_wconf 83' lang='lat' dir='ltr'><strong>captivitatis</strong></span> <span class='ocrx_word' id='word_1_82' title='bbox 1089 1333 1344 1400; x_wconf 82' lang='lat' dir='ltr'><strong>Joaeimi,</strong></span> <span class='ocrx_word' id='word_1_83' title='bbox 1371 1334 1464 1405; x_wconf 88' lang='lat' dir='ltr'><strong>qui</strong></span> <span class='ocrx_word' id='word_1_84' title='bbox 1489 1336 1656 1391; x_wconf 87' lang='lat' dir='ltr'><strong>etiam</strong></span> <span class='ocrx_word' id='word_1_85' title='bbox 1684 1333 1980 1390; x_wconf 76' lang='lat' dir='ltr'><strong>Jeclionias</strong></span> 
     </span>
    </p>
   </div>
   <div class='ocr_carea' id='block_1_16' title="bbox 405 1425 1980 1496">
    <p class='ocr_par' dir='ltr' id='par_1_16' title="bbox 405 1425 1980 1496">
     <span class='ocr_line' id='line_1_16' title="bbox 405 1425 1980 1496; baseline 0 -14"><span class='ocrx_word' id='word_1_86' title='bbox 405 1428 587 1482; x_wconf 73' lang='lat' dir='ltr'><strong>dit-tus</strong></span> <span class='ocrx_word' id='word_1_87' title='bbox 619 1425 775 1490; x_wconf 80' lang='lat' dir='ltr'><strong>esti,</strong></span> <span class='ocrx_word' id='word_1_88' title='bbox 809 1442 955 1480; x_wconf 88' lang='lat' dir='ltr'><strong>anno</strong></span> <span class='ocrx_word' id='word_1_89' title='bbox 994 1426 1208 1496; x_wconf 89' lang='lat' dir='ltr'><strong>quinto.</strong></span> <span class='ocrx_word' id='word_1_90' title='bbox 1266 1425 1392 1482; x_wconf 68' lang='lat' dir='ltr'><strong>Haec</strong></span> <span class='ocrx_word' id='word_1_91' title='bbox 1446 1437 1626 1482; x_wconf 87' lang='lat' dir='ltr'><strong>autem</strong></span> <span class='ocrx_word' id='word_1_92' title='bbox 1688 1428 1980 1496; x_wconf 81' lang='lat' dir='ltr'><strong>captivitas</strong></span> 
     </span>
    </p>
   </div>
   <div class='ocr_carea' id='block_1_17' title="bbox 406 1517 1978 1591">
    <p class='ocr_par' dir='ltr' id='par_1_17' title="bbox 406 1517 1978 1591">
     <span class='ocr_line' id='line_1_17' title="bbox 406 1517 1978 1591; baseline -0.001 -16"><span class='ocrx_word' id='word_1_93' title='bbox 406 1535 514 1575; x_wconf 86' lang='lat' dir='ltr'><strong>non</strong></span> <span class='ocrx_word' id='word_1_94' title='bbox 546 1522 723 1591; x_wconf 87' lang='lat' dir='ltr'><strong>prima</strong></span> <span class='ocrx_word' id='word_1_95' title='bbox 760 1518 883 1585; x_wconf 81' lang='lat' dir='ltr'><strong>fuit,</strong></span> <span class='ocrx_word' id='word_1_96' title='bbox 917 1517 1067 1574; x_wconf 86' lang='lat' dir='ltr'><strong>sicut</strong></span> <span class='ocrx_word' id='word_1_97' title='bbox 1121 1519 1452 1588; x_wconf 84' lang='lat' dir='ltr'><strong>quibusdam</strong></span> <span class='ocrx_word' id='word_1_98' title='bbox 1508 1519 1703 1581; x_wconf 65' lang='lat' dir='ltr'><strong>visum,</strong></span> <span class='ocrx_word' id='word_1_99' title='bbox 1741 1526 1846 1583; x_wconf 87' lang='lat' dir='ltr'><strong>est,</strong></span> <span class='ocrx_word' id='word_1_100' title='bbox 1882 1519 1978 1574; x_wconf 92' lang='lat' dir='ltr'><strong>sed</strong></span> 
     </span>
    </p>
   </div>
   <div class='ocr_carea' id='block_1_18' title="bbox 382 1608 1981 1682">
    <p class='ocr_par' dir='ltr' id='par_1_18' title="bbox 382 1608 1981 1682">
     <span class='ocr_line' id='line_1_18' title="bbox 382 1608 1981 1682; baseline 0.003 -20"><span class='ocrx_word' id='word_1_101' title='bbox 382 1609 800 1682; x_wconf 73' lang='lat' dir='ltr'><strong>..liierosolyinm</strong></span> <span class='ocrx_word' id='word_1_102' title='bbox 859 1610 1052 1675; x_wconf 86' lang='lat' dir='ltr'><strong>tertia,</strong></span> <span class='ocrx_word' id='word_1_103' title='bbox 1113 1608 1270 1665; x_wconf 83' lang='lat' dir='ltr'><strong>Judae</strong></span> <span class='ocrx_word' id='word_1_104' title='bbox 1324 1620 1559 1679; x_wconf 87' lang='lat' dir='ltr'><strong>quarta,</strong></span> <span class='ocrx_word' id='word_1_105' title='bbox 1618 1611 1801 1667; x_wconf 89' lang='lat' dir='ltr'><strong>omnis</strong></span> <span class='ocrx_word' id='word_1_106' title='bbox 1851 1624 1981 1666; x_wconf 82' lang='lat' dir='ltr'><strong>vero</strong></span> 
     </span>
    </p>
   </div>
   <div class='ocr_carea' id='block_1_19' title="bbox 377 1699 1978 1774">
    <p class='ocr_par' dir='ltr' id='par_1_19' title="bbox 377 1699 1978 1774">
     <span class='ocr_line' id='line_1_19' title="bbox 377 1699 1978 1774; baseline 0.002 -18"><span class='ocrx_word' id='word_1_107' title='bbox 377 1702 622 1757; x_wconf 8' lang='lat' dir='ltr'><strong>‘plsraelis</strong></span> <span class='ocrx_word' id='word_1_108' title='bbox 652 1709 829 1757; x_wconf 72' lang='lat' dir='ltr'><strong>sexta.</strong></span> <span class='ocrx_word' id='word_1_109' title='bbox 875 1699 1099 1758; x_wconf 85' lang='lat' dir='ltr'><strong>Primus</strong></span> <span class='ocrx_word' id='word_1_110' title='bbox 1128 1702 1272 1757; x_wconf 85' lang='lat' dir='ltr'><strong>enim</strong></span> <span class='ocrx_word' id='word_1_111' title='bbox 1297 1700 1834 1774; x_wconf 77' lang='lat' dir='ltr'><strong>Tlieglathplialasar</strong></span> <span class='ocrx_word' id='word_1_112' title='bbox 1861 1719 1978 1759; x_wconf 82' lang='lat' dir='ltr'><strong>ma-</strong></span> 
     </span>
    </p>
   </div>
   <div class='ocr_carea' id='block_1_20' title="bbox 2084 510 3633 591">
    <p class='ocr_par' dir='ltr' id='par_1_20' title="bbox 2084 510 3633 591">
     <span class='ocr_line' id='line_1_20' title="bbox 2084 510 3633 591; baseline 0.016 -29"><span class='ocrx_word' id='word_1_113' title='bbox 2084 510 2339 578; x_wconf 81' lang='grc' dir='ltr'>τυφλοὺς,</span> <span class='ocrx_word' id='word_1_114' title='bbox 2366 512 2508 567; x_wconf 82' lang='grc' dir='ltr'>κατὰ</span> <span class='ocrx_word' id='word_1_115' title='bbox 2556 514 2647 568; x_wconf 77' lang='grc' dir='ltr'>τὸν</span> <span class='ocrx_word' id='word_1_116' title='bbox 2687 514 2829 570; x_wconf 86' lang='grc' dir='ltr'>θεῖον</span> <span class='ocrx_word' id='word_1_117' title='bbox 2862 517 3048 582; x_wconf 80' lang='grc' dir='ltr'>Δαϐὶδ,</span> <span class='ocrx_word' id='word_1_118' title='bbox 3089 522 3183 575; x_wconf 79' lang='grc' dir='ltr'>καὶ</span> <span class='ocrx_word' id='word_1_119' title='bbox 3221 525 3345 591; x_wconf 81' lang='grc' dir='ltr'>τοὺς</span> <span class='ocrx_word' id='word_1_120' title='bbox 3386 528 3443 582; x_wconf 81' lang='grc' dir='ltr'>ὲν</span> <span class='ocrx_word' id='word_1_121' title='bbox 3474 533 3633 588; x_wconf 86' lang='grc' dir='ltr'>σκότει</span> 
     </span>
    </p>
   </div>
   <div class='ocr_carea' id='block_1_21' title="bbox 2085 603 3633 691">
    <p class='ocr_par' dir='ltr' id='par_1_21' title="bbox 2085 603 3633 691">
     <span class='ocr_line' id='line_1_21' title="bbox 2085 603 3633 691; baseline 0.016 -37"><span class='ocrx_word' id='word_1_122' title='bbox 2085 603 2179 655; x_wconf 75' lang='grc' dir='ltr'>καὶ</span> <span class='ocrx_word' id='word_1_123' title='bbox 2212 606 2280 674; x_wconf 84' lang='grc' dir='ltr'><strong>τῇ</strong></span> <span class='ocrx_word' id='word_1_124' title='bbox 2307 603 2527 675; x_wconf 81' lang='grc' dir='ltr'>ὁμίχλῃ,</span> <span class='ocrx_word' id='word_1_125' title='bbox 2559 605 2700 659; x_wconf 88' lang='grc' dir='ltr'>κατὰ</span> <span class='ocrx_word' id='word_1_126' title='bbox 2742 607 2833 662; x_wconf 81' lang='grc' dir='ltr'>τὸν</span> <span class='ocrx_word' id='word_1_127' title='bbox 2865 611 3134 683; x_wconf 87' lang='grc' dir='ltr'>μακάριον</span> <span class='ocrx_word' id='word_1_128' title='bbox 3171 612 3413 681; x_wconf 75' lang='grc' dir='ltr'>Ἡσαΐαν,</span> <span class='ocrx_word' id='word_1_129' title='bbox 3436 621 3530 691; x_wconf 81' lang='grc' dir='ltr'>τῆς</span> <span class='ocrx_word' id='word_1_130' title='bbox 3553 624 3633 679; x_wconf 77' lang='grc' dir='ltr'>τοῦ</span> 
     </span>
    </p>
   </div>
   <div class='ocr_carea' id='block_1_22' title="bbox 2086 693 3634 778">
    <p class='ocr_par' dir='ltr' id='par_1_22' title="bbox 2086 693 3634 778">
     <span class='ocr_line' id='line_1_22' title="bbox 2086 693 3634 778; baseline 0.013 -32"><span class='ocrx_word' id='word_1_131' title='bbox 2086 693 2374 748; x_wconf 82' lang='grc' dir='ltr'><strong>θεσπεσίου</strong></span> <span class='ocrx_word' id='word_1_132' title='bbox 2404 695 2654 769; x_wconf 80' lang='grc' dir='ltr'>Ἐζεκιὴλ</span> <span class='ocrx_word' id='word_1_133' title='bbox 2682 701 3187 773; x_wconf 85' lang='grc' dir='ltr'>κατατολμήσωμεν</span> <span class='ocrx_word' id='word_1_134' title='bbox 3220 705 3522 778; x_wconf 79' lang='grc' dir='ltr'>ἑρμηνείας,</span> <span class='ocrx_word' id='word_1_135' title='bbox 3555 717 3634 767; x_wconf 81' lang='grc' dir='ltr'>καὶ</span> 
     </span>
    </p>
   </div>
   <div class='ocr_carea' id='block_1_23' title="bbox 2083 785 3634 872">
    <p class='ocr_par' dir='ltr' id='par_1_23' title="bbox 2083 785 3634 872">
     <span class='ocr_line' id='line_1_23' title="bbox 2083 785 3634 872; baseline 0.009 -33"><span class='ocrx_word' id='word_1_136' title='bbox 2083 785 2184 854; x_wconf 83' lang='grc' dir='ltr'>τῆς</span> <span class='ocrx_word' id='word_1_137' title='bbox 2213 785 2551 856; x_wconf 66' lang='grc' dir='ltr'>προφητείας</span> <span class='ocrx_word' id='word_1_138' title='bbox 2582 785 2645 838; x_wconf 82' lang='grc' dir='ltr'>τὸ</span> <span class='ocrx_word' id='word_1_139' title='bbox 2677 785 2859 857; x_wconf 82' lang='grc' dir='ltr'><strong>βάθος,</strong></span> <span class='ocrx_word' id='word_1_140' title='bbox 2900 790 2975 854; x_wconf 85' lang='grc' dir='ltr'>ὼς</span> <span class='ocrx_word' id='word_1_141' title='bbox 3004 792 3137 862; x_wconf 76' lang='grc' dir='ltr'>ἡμῖν</span> <span class='ocrx_word' id='word_1_142' title='bbox 3166 794 3404 862; x_wconf 79' lang='grc' dir='ltr'>ἐφικτὸν,</span> <span class='ocrx_word' id='word_1_143' title='bbox 3433 800 3634 872; x_wconf 79' lang='grc' dir='ltr'>ἐρευνῆ-</span> 
     </span>
    </p>
   </div>
   <div class='ocr_carea' id='block_1_24' title="bbox 2085 877 3636 960">
    <p class='ocr_par' dir='ltr' id='par_1_24' title="bbox 2085 877 3636 960">
     <span class='ocr_line' id='line_1_24' title="bbox 2085 877 3636 960; baseline 0.012 -32"><span class='ocrx_word' id='word_1_144' title='bbox 2085 893 2174 930; x_wconf 91' lang='grc' dir='ltr'><strong>σαι</strong></span> <span class='ocrx_word' id='word_1_145' title='bbox 2215 877 2625 949; x_wconf 87' lang='grc' dir='ltr'>πειρασώμεθα,</span> <span class='ocrx_word' id='word_1_146' title='bbox 2667 879 2763 932; x_wconf 74' lang='grc' dir='ltr'>καὶ</span> <span class='ocrx_word' id='word_1_147' title='bbox 2815 882 2991 936; x_wconf 80' lang='grc' dir='ltr'>κοινὸν</span> <span class='ocrx_word' id='word_1_148' title='bbox 3037 884 3209 939; x_wconf 81' lang='grc' dir='ltr'>ἅπασι</span> <span class='ocrx_word' id='word_1_149' title='bbox 3246 888 3504 960; x_wconf 89' lang='grc' dir='ltr'>προθῆναι</span> <span class='ocrx_word' id='word_1_150' title='bbox 3539 896 3636 959; x_wconf 77' lang='grc' dir='ltr'>τοῖς</span> 
     </span>
    </p>
   </div>
   <div class='ocr_carea' id='block_1_25' title="bbox 2082 967 3638 1052">
    <p class='ocr_par' dir='ltr' id='par_1_25' title="bbox 2082 967 3638 1052">
     <span class='ocr_line' id='line_1_25' title="bbox 2082 967 3638 1052; baseline 0.005 -33"><span class='ocrx_word' id='word_1_151' title='bbox 2082 967 2329 1020; x_wconf 83' lang='grc' dir='ltr'>εὐσεϐέσι</span> <span class='ocrx_word' id='word_1_152' title='bbox 2365 967 2426 1021; x_wconf 82' lang='grc' dir='ltr'>τὸ</span> <span class='ocrx_word' id='word_1_153' title='bbox 2448 968 2694 1022; x_wconf 84' lang='grc' dir='ltr'>ἐντεῦθεν</span> <span class='ocrx_word' id='word_1_154' title='bbox 2722 971 2742 1001; x_wconf 89' lang='grc'><strong>⁷</strong></span> <span class='ocrx_word' id='word_1_155' title='bbox 2768 972 3131 1044; x_wconf 83' lang='grc' dir='ltr'><strong>συναγόμενον</strong></span> <span class='ocrx_word' id='word_1_156' title='bbox 3161 975 3369 1047; x_wconf 78' lang='grc' dir='ltr'>κέρδος.</span> <span class='ocrx_word' id='word_1_157' title='bbox 3399 981 3524 1052; x_wconf 77' lang='grc' dir='ltr'>Φέρε</span> <span class='ocrx_word' id='word_1_158' title='bbox 3546 987 3638 1038; x_wconf 81' lang='grc' dir='ltr'>τοι-</span> 
     </span>
    </p>
   </div>
   <div class='ocr_carea' id='block_1_26' title="bbox 2081 1059 3638 1142">
    <p class='ocr_par' dir='ltr' id='par_1_26' title="bbox 2081 1059 3638 1142">
     <span class='ocr_line' id='line_1_26' title="bbox 2081 1059 3638 1142; baseline 0.004 -30"><span class='ocrx_word' id='word_1_159' title='bbox 2081 1059 2327 1131; x_wconf 83' lang='grc' dir='ltr'>νυν-πρὸ</span> <span class='ocrx_word' id='word_1_160' title='bbox 2374 1061 2472 1132; x_wconf 82' lang='grc' dir='ltr'>τῆς</span> <span class='ocrx_word' id='word_1_161' title='bbox 2526 1062 2823 1133; x_wconf 78' lang='grc' dir='ltr'>ἑρμηνείας</span> <span class='ocrx_word' id='word_1_162' title='bbox 2886 1067 2944 1118; x_wconf 89' lang='grc' dir='ltr'><strong>ἐν</strong></span> <span class='ocrx_word' id='word_1_163' title='bbox 2993 1067 3272 1141; x_wconf 78' lang='grc' dir='ltr'><strong>κεφαλαίῳ</strong></span> <span class='ocrx_word' id='word_1_164' title='bbox 3325 1069 3420 1142; x_wconf 83' lang='grc' dir='ltr'><strong>τὴν</strong></span> <span class='ocrx_word' id='word_1_165' title='bbox 3468 1074 3638 1129; x_wconf 79' lang='grc' dir='ltr'>ὑπόθε-</span> 
     </span>
    </p>
   </div>
   <div class='ocr_carea' id='block_1_27' title="bbox 2085 1146 3639 1237">
    <p class='ocr_par' dir='ltr' id='par_1_27' title="bbox 2085 1146 3639 1237">
     <span class='ocr_line' id='line_1_27' title="bbox 2085 1146 3639 1237; baseline 0.003 -34"><span class='ocrx_word' id='word_1_166' title='bbox 2085 1167 2170 1204; x_wconf 91' lang='grc' dir='ltr'><strong>σιν</strong></span> <span class='ocrx_word' id='word_1_167' title='bbox 2222 1150 2600 1223; x_wconf 81' lang='grc' dir='ltr'><strong>διεξέλθωμεν.</strong></span> <span class='ocrx_word' id='word_1_168' title='bbox 2658 1146 2826 1218; x_wconf 79' lang='grc' dir='ltr'>Οὗτος</span> <span class='ocrx_word' id='word_1_169' title='bbox 2859 1156 2881 1187; x_wconf 83' lang='grc'><strong><em>⁸</em></strong></span> <span class='ocrx_word' id='word_1_170' title='bbox 2920 1158 2948 1210; x_wconf 97' lang='lat'><strong>6</strong></span> <span class='ocrx_word' id='word_1_171' title='bbox 2992 1160 3276 1231; x_wconf 74' lang='grc' dir='ltr'><strong>προφήτης</strong></span> <span class='ocrx_word' id='word_1_172' title='bbox 3319 1162 3512 1232; x_wconf 69' lang='grc' dir='ltr'>ἦρξατο</span> <span class='ocrx_word' id='word_1_173' title='bbox 3553 1168 3639 1237; x_wconf 73' lang='grc' dir='ltr'><strong>τῆς</strong></span> 
     </span>
    </p>
   </div>
   <div class='ocr_carea' id='block_1_28' title="bbox 2082 1242 3639 1329">
    <p class='ocr_par' dir='ltr' id='par_1_28' title="bbox 2082 1242 3639 1329">
     <span class='ocr_line' id='line_1_28' title="bbox 2082 1242 3639 1329; baseline 0.01 -36"><span class='ocrx_word' id='word_1_174' title='bbox 2082 1242 2419 1312; x_wconf 72' lang='grc' dir='ltr'><strong>προφητείας</strong></span> <span class='ocrx_word' id='word_1_175' title='bbox 2466 1244 2524 1296; x_wconf 85' lang='grc' dir='ltr'><strong>ἐν</strong></span> <span class='ocrx_word' id='word_1_176' title='bbox 2571 1242 2648 1314; x_wconf 82' lang='grc' dir='ltr'>τῷ</span> <span class='ocrx_word' id='word_1_177' title='bbox 2691 1243 2931 1317; x_wconf 82' lang='grc' dir='ltr'><strong>πέμπτῳ</strong></span> <span class='ocrx_word' id='word_1_178' title='bbox 2976 1245 3085 1329; x_wconf 80' lang='grc' dir='ltr'>ἐτει</span> <span class='ocrx_word' id='word_1_179' title='bbox 3134 1248 3237 1318; x_wconf 86' lang='grc' dir='ltr'>τῆς</span> <span class='ocrx_word' id='word_1_180' title='bbox 3288 1252 3639 1322; x_wconf 77' lang='grc' dir='ltr'>αἰχμαλωσίας</span> 
     </span>
    </p>
   </div>
   <div class='ocr_carea' id='block_1_29' title="bbox 2094 1333 3640 1415">
    <p class='ocr_par' dir='ltr' id='par_1_29' title="bbox 2094 1333 3640 1415">
     <span class='ocr_line' id='line_1_29' title="bbox 2094 1333 3640 1415; baseline 0.005 -29"><span class='ocrx_word' id='word_1_181' title='bbox 2094 1333 2352 1404; x_wconf 77' lang='grc' dir='ltr'>Ἰωακεὶμ</span> <span class='ocrx_word' id='word_1_182' title='bbox 2376 1333 2468 1387; x_wconf 83' lang='grc' dir='ltr'>τοῦ</span> <span class='ocrx_word' id='word_1_183' title='bbox 2490 1336 2511 1369; x_wconf 88' lang='grc'><strong><em>⁹</em></strong></span> <span class='ocrx_word' id='word_1_184' title='bbox 2546 1335 2641 1389; x_wconf 72' lang='grc' dir='ltr'>καὶ</span> <span class='ocrx_word' id='word_1_185' title='bbox 2684 1336 2962 1406; x_wconf 86' lang='grc' dir='ltr'>Ἰεχονίου·</span> <span class='ocrx_word' id='word_1_186' title='bbox 2995 1338 3132 1412; x_wconf 75' lang='grc' dir='ltr'>αὕτη</span> <span class='ocrx_word' id='word_1_187' title='bbox 3169 1340 3226 1394; x_wconf 84' lang='grc' dir='ltr'>δὲ</span> <span class='ocrx_word' id='word_1_188' title='bbox 3254 1342 3287 1413; x_wconf 86' lang='grc' dir='ltr'><strong>ή</strong></span> <span class='ocrx_word' id='word_1_189' title='bbox 3325 1346 3640 1415; x_wconf 75' lang='grc' dir='ltr'>αἰχμαλωσεει</span> 
     </span>
    </p>
   </div>
   <div class='ocr_carea' id='block_1_30' title="bbox 2081 1424 3638 1511">
    <p class='ocr_par' dir='ltr' id='par_1_30' title="bbox 2081 1424 3638 1511">
     <span class='ocr_line' id='line_1_30' title="bbox 2081 1424 3638 1511; baseline 0.01 -35"><span class='ocrx_word' id='word_1_190' title='bbox 2081 1424 2141 1477; x_wconf 80' lang='grc' dir='ltr'><strong>ού</strong></span> <span class='ocrx_word' id='word_1_191' title='bbox 2177 1425 2368 1496; x_wconf 84' lang='grc' dir='ltr'>πρώτη</span> <span class='ocrx_word' id='word_1_192' title='bbox 2402 1427 2714 1497; x_wconf 86' lang='grc' dir='ltr'>γεγένηται,</span> <span class='ocrx_word' id='word_1_193' title='bbox 2743 1429 2888 1483; x_wconf 86' lang='grc' dir='ltr'>καθά</span> <span class='ocrx_word' id='word_1_194' title='bbox 2916 1431 2958 1463; x_wconf 84' lang='grc'>¹⁰</span> <span class='ocrx_word' id='word_1_195' title='bbox 2990 1448 3134 1485; x_wconf 88' lang='grc' dir='ltr'>τισιν</span> <span class='ocrx_word' id='word_1_196' title='bbox 3174 1432 3374 1502; x_wconf 73' lang='grc' dir='ltr'>ἔδοξεν,</span> <span class='ocrx_word' id='word_1_197' title='bbox 3402 1436 3528 1493; x_wconf 81' lang='grc' dir='ltr'>ἀλλὰ</span> <span class='ocrx_word' id='word_1_198' title='bbox 3553 1442 3638 1511; x_wconf 81' lang='grc' dir='ltr'>τῆς</span> 
     </span>
    </p>
   </div>
   <div class='ocr_carea' id='block_1_31' title="bbox 2085 1515 3640 1598">
    <p class='ocr_par' dir='ltr' id='par_1_31' title="bbox 2085 1515 3640 1598">
     <span class='ocr_line' id='line_1_31' title="bbox 2085 1515 3640 1598; baseline 0.01 -31"><span class='ocrx_word' id='word_1_199' title='bbox 2085 1515 2183 1586; x_wconf 81' lang='grc' dir='ltr'>μὲν</span> <span class='ocrx_word' id='word_1_200' title='bbox 2224 1517 2576 1589; x_wconf 82' lang='grc' dir='ltr'>Ἰερουσαλὴμ</span> <span class='ocrx_word' id='word_1_201' title='bbox 2607 1518 2786 1590; x_wconf 80' lang='grc' dir='ltr'><strong>τρίτη,</strong></span> <span class='ocrx_word' id='word_1_202' title='bbox 2815 1521 2909 1574; x_wconf 81' lang='grc' dir='ltr'>τοῦ</span> <span class='ocrx_word' id='word_1_203' title='bbox 2954 1521 3007 1575; x_wconf 84' lang='grc' dir='ltr'><strong>δέ</strong></span> <span class='ocrx_word' id='word_1_204' title='bbox 3043 1523 3496 1598; x_wconf 56' lang='grc' dir='ltr'>Ἰούδαητετάρτη,</span> <span class='ocrx_word' id='word_1_205' title='bbox 3524 1547 3640 1584; x_wconf 84' lang='grc' dir='ltr'>παν-</span> 
     </span>
    </p>
   </div>
   <div class='ocr_carea' id='block_1_32' title="bbox 2081 1607 3638 1688">
    <p class='ocr_par' dir='ltr' id='par_1_32' title="bbox 2081 1607 3638 1688">
     <span class='ocr_line' id='line_1_32' title="bbox 2081 1607 3638 1688; baseline 0.01 -29"><span class='ocrx_word' id='word_1_206' title='bbox 2081 1607 2174 1671; x_wconf 85' lang='grc' dir='ltr'>τὸς</span> <span class='ocrx_word' id='word_1_207' title='bbox 2210 1607 2266 1661; x_wconf 89' lang='grc' dir='ltr'><strong>δέ</strong></span> <span class='ocrx_word' id='word_1_208' title='bbox 2290 1607 2382 1661; x_wconf 77' lang='grc' dir='ltr'>τοῦ</span> <span class='ocrx_word' id='word_1_209' title='bbox 2420 1608 2636 1681; x_wconf 82' lang='grc' dir='ltr'>Ἰσραὴλ</span> <span class='ocrx_word' id='word_1_210' title='bbox 2661 1610 2817 1683; x_wconf 77' lang='grc' dir='ltr'>ἕκτη.</span> <span class='ocrx_word' id='word_1_211' title='bbox 2857 1612 3083 1683; x_wconf 84' lang='grc' dir='ltr'>Πρῶτος</span> <span class='ocrx_word' id='word_1_212' title='bbox 3106 1615 3210 1684; x_wconf 86' lang='grc' dir='ltr'>μὲν</span> <span class='ocrx_word' id='word_1_213' title='bbox 3236 1615 3345 1688; x_wconf 83' lang='grc' dir='ltr'><strong>γάρ</strong></span> <span class='ocrx_word' id='word_1_214' title='bbox 3373 1620 3401 1671; x_wconf 89' lang='lat'><strong>6</strong></span> <span class='ocrx_word' id='word_1_215' title='bbox 3428 1618 3638 1688; x_wconf 86' lang='grc' dir='ltr'>Θεγλαθ-</span> 
     </span>
    </p>
   </div>
   <div class='ocr_carea' id='block_1_33' title="bbox 2082 1700 3637 1779">
    <p class='ocr_par' dir='ltr' id='par_1_33' title="bbox 2082 1700 3637 1779">
     <span class='ocr_line' id='line_1_33' title="bbox 2082 1700 3637 1779; baseline 0.01 -26"><span class='ocrx_word' id='word_1_216' title='bbox 2082 1700 2297 1770; x_wconf 80' lang='grc' dir='ltr'>φαλασά</span> <span class='ocrx_word' id='word_1_217' title='bbox 2305 1718 2335 1772; x_wconf 93' lang='grc' dir='ltr'><strong>ρ</strong></span> <span class='ocrx_word' id='word_1_218' title='bbox 2358 1701 2695 1773; x_wconf 67' lang='grc' dir='ltr'>ὼρυάλωτον</span> <span class='ocrx_word' id='word_1_219' title='bbox 2718 1704 2880 1759; x_wconf 75' lang='grc' dir='ltr'>ἔλαϐε</span> <span class='ocrx_word' id='word_1_220' title='bbox 2912 1706 3020 1762; x_wconf 85' lang='grc' dir='ltr'><strong>τῶν</strong></span> <span class='ocrx_word' id='word_1_221' title='bbox 3061 1707 3198 1763; x_wconf 81' lang='grc' dir='ltr'>δέκα</span> <span class='ocrx_word' id='word_1_222' title='bbox 3219 1710 3400 1779; x_wconf 78' lang='grc' dir='ltr'>φυλῶν</span> <span class='ocrx_word' id='word_1_223' title='bbox 3428 1712 3486 1766; x_wconf 74' lang='grc' dir='ltr'><strong>τὸ</strong></span> <span class='ocrx_word' id='word_1_224' title='bbox 3509 1713 3637 1769; x_wconf 82' lang='grc' dir='ltr'>πλεί-</span> 
     </span>
    </p>
   </div>
   <div class='ocr_carea' id='block_1_34' title="bbox 384 1791 1977 1875">
    <p class='ocr_par' dir='ltr' id='par_1_34' title="bbox 384 1793 1977 1866">
     <span class='ocr_line' id='line_1_34' title="bbox 384 1793 1977 1866; baseline 0.003 -17"><span class='ocrx_word' id='word_1_225' title='bbox 384 1794 608 1849; x_wconf 62' lang='lat' dir='ltr'><strong>~ximam</strong></span> <span class='ocrx_word' id='word_1_226' title='bbox 643 1794 842 1863; x_wconf 86' lang='lat' dir='ltr'><strong>decem</strong></span> <span class='ocrx_word' id='word_1_227' title='bbox 868 1793 1111 1848; x_wconf 88' lang='lat' dir='ltr'><strong>tribuum</strong></span> <span class='ocrx_word' id='word_1_228' title='bbox 1142 1802 1355 1864; x_wconf 84' lang='lat' dir='ltr'><strong>partem</strong></span> <span class='ocrx_word' id='word_1_229' title='bbox 1406 1794 1576 1852; x_wconf 88' lang='lat' dir='ltr'><strong>armis</strong></span> <span class='ocrx_word' id='word_1_230' title='bbox 1628 1797 1858 1866; x_wconf 65' lang='lat' dir='ltr'><strong>cepitk;</strong></span> <span class='ocrx_word' id='word_1_231' title='bbox 1895 1812 1977 1853; x_wconf 91' lang='lat' dir='ltr'><strong>se-</strong></span> 
     </span>
    </p>
   </div>
   <div class='ocr_carea' id='block_1_35' title="bbox 2080 1791 3636 1875">
    <p class='ocr_par' dir='ltr' id='par_1_35' title="bbox 2085 1791 3636 1875">
     <span class='ocr_line' id='line_1_35' title="bbox 2085 1791 3636 1875; baseline 0.011 -31"><span class='ocrx_word' id='word_1_232' title='bbox 2085 1809 2211 1845; x_wconf 88' lang='grc' dir='ltr'>στον</span> <span class='ocrx_word' id='word_1_233' title='bbox 2230 1808 2243 1823; x_wconf 74' lang='grc' dir='ltr'><strong>ο</strong></span> <span class='ocrx_word' id='word_1_234' title='bbox 2271 1791 2525 1865; x_wconf 87' lang='grc' dir='ltr'>δεύτερος</span> <span class='ocrx_word' id='word_1_235' title='bbox 2547 1793 2602 1848; x_wconf 85' lang='grc' dir='ltr'>δὲ</span> <span class='ocrx_word' id='word_1_236' title='bbox 2627 1796 2656 1848; x_wconf 91' lang='lat'><strong>6</strong></span> <span class='ocrx_word' id='word_1_237' title='bbox 2676 1796 3044 1871; x_wconf 81' lang='grc' dir='ltr'>Σαλμανασὰρ</span> <span class='ocrx_word' id='word_1_238' title='bbox 3076 1801 3177 1873; x_wconf 76' lang='grc' dir='ltr'><strong>τήν</strong></span> <span class='ocrx_word' id='word_1_239' title='bbox 3211 1802 3533 1875; x_wconf 86' lang='grc' dir='ltr'>Σαμάρειαν,</span> <span class='ocrx_word' id='word_1_240' title='bbox 3557 1806 3636 1862; x_wconf 73' lang='grc' dir='ltr'>καὶ</span> 
     </span>
    </p>
   </div>
   <div class='ocr_carea' id='block_1_36' title="bbox 396 1881 1981 1952">
    <p class='ocr_par' dir='ltr' id='par_1_36' title="bbox 396 1881 1981 1952">
     <span class='ocr_line' id='line_1_36' title="bbox 396 1881 1981 1952; baseline 0.003 -14"><span class='ocrx_word' id='word_1_241' title='bbox 396 1885 621 1940; x_wconf 72' lang='lat' dir='ltr'><strong>cundus</strong></span> <span class='ocrx_word' id='word_1_242' title='bbox 653 1883 1029 1952; x_wconf 83' lang='lat' dir='ltr'><strong>Salmanasar,</strong></span> <span class='ocrx_word' id='word_1_243' title='bbox 1064 1881 1320 1939; x_wconf 79' lang='lat' dir='ltr'><strong>Samaria</strong></span> <span class='ocrx_word' id='word_1_244' title='bbox 1367 1891 1422 1939; x_wconf 91' lang='lat' dir='ltr'><strong>et</strong></span> <span class='ocrx_word' id='word_1_245' title='bbox 1462 1885 1709 1941; x_wconf 85' lang='lat' dir='ltr'><strong>ﬁnitimis</strong></span> <span class='ocrx_word' id='word_1_246' title='bbox 1749 1888 1981 1943; x_wconf 86' lang='lat' dir='ltr'><strong>urbibus</strong></span> 
     </span>
    </p>
   </div>
   <div class='ocr_carea' id='block_1_37' title="bbox 404 1974 1983 2046">
    <p class='ocr_par' dir='ltr' id='par_1_37' title="bbox 404 1974 1983 2046">
     <span class='ocr_line' id='line_1_37' title="bbox 404 1974 1983 2046; baseline 0.003 -15"><span class='ocrx_word' id='word_1_247' title='bbox 404 1978 465 2041; x_wconf 88' lang='lat' dir='ltr'><strong>in</strong></span> <span class='ocrx_word' id='word_1_248' title='bbox 494 1976 813 2032; x_wconf 84' lang='lat' dir='ltr'><strong>servitutem</strong></span> <span class='ocrx_word' id='word_1_249' title='bbox 847 1974 1111 2046; x_wconf 81' lang='lat' dir='ltr'><strong>redactis,</strong></span> <span class='ocrx_word' id='word_1_250' title='bbox 1144 1974 1406 2032; x_wconf 85' lang='lat' dir='ltr'><strong>discessit</strong></span> <span class='ocrx_word' id='word_1_251' title='bbox 1436 1976 1450 2015; x_wconf 83' lang='grc' dir='ltr'>ι</span> <span class='ocrx_word' id='word_1_252' title='bbox 1479 1995 1494 2045; x_wconf 90' lang='grc'>;</span> <span class='ocrx_word' id='word_1_253' title='bbox 1540 1980 1737 2036; x_wconf 88' lang='lat' dir='ltr'><strong>tertius</strong></span> <span class='ocrx_word' id='word_1_254' title='bbox 1771 1979 1983 2035; x_wconf 83' lang='lat' dir='ltr'><strong>Senna—</strong></span> 
     </span>
    </p>
   </div>
   <div class='ocr_carea' id='block_1_38' title="bbox 394 2065 1982 2142">
    <p class='ocr_par' dir='ltr' id='par_1_38' title="bbox 394 2065 1982 2142">
     <span class='ocr_line' id='line_1_38' title="bbox 394 2065 1982 2142; baseline 0.004 -21"><span class='ocrx_word' id='word_1_255' title='bbox 394 2070 612 2124; x_wconf 83' lang='lat' dir='ltr'><strong>eherim</strong></span> <span class='ocrx_word' id='word_1_256' title='bbox 640 2067 803 2139; x_wconf 75' lang='lat'><strong>673</strong></span> <span class='ocrx_word' id='word_1_257' title='bbox 835 2067 977 2122; x_wconf 87' lang='lat' dir='ltr'><strong>alias</strong></span> <span class='ocrx_word' id='word_1_258' title='bbox 1023 2065 1226 2122; x_wconf 83' lang='lat' dir='ltr'><strong>Judaeae</strong></span> <span class='ocrx_word' id='word_1_259' title='bbox 1274 2069 1441 2125; x_wconf 88' lang='lat' dir='ltr'><strong>urbes</strong></span> <span class='ocrx_word' id='word_1_260' title='bbox 1488 2069 1772 2127; x_wconf 87' lang='lat' dir='ltr'><strong>obsidione</strong></span> <span class='ocrx_word' id='word_1_261' title='bbox 1814 2086 1982 2142; x_wconf 78' lang='lat' dir='ltr'><strong>expu-</strong></span> 
     </span>
    </p>
   </div>
   <div class='ocr_carea' id='block_1_39' title="bbox 402 2159 1976 2235">
    <p class='ocr_par' dir='ltr' id='par_1_39' title="bbox 402 2159 1976 2235">
     <span class='ocr_line' id='line_1_39' title="bbox 402 2159 1976 2235; baseline 0.001 -20"><span class='ocrx_word' id='word_1_262' title='bbox 402 2160 616 2235; x_wconf 86' lang='lat' dir='ltr'><strong>gnavit,</strong></span> <span class='ocrx_word' id='word_1_263' title='bbox 651 2163 668 2183; x_wconf 80' lang='lat'><strong><em>‘</em></strong></span> <span class='ocrx_word' id='word_1_264' title='bbox 706 2159 1028 2231; x_wconf 87' lang='lat' dir='ltr'><strong>multosque</strong></span> <span class='ocrx_word' id='word_1_265' title='bbox 1052 2160 1300 2230; x_wconf 90' lang='lat' dir='ltr'><strong>captivos</strong></span> <span class='ocrx_word' id='word_1_266' title='bbox 1346 2160 1401 2215; x_wconf 91' lang='lat' dir='ltr'><strong>in</strong></span> <span class='ocrx_word' id='word_1_267' title='bbox 1427 2161 1678 2217; x_wconf 80' lang='lat' dir='ltr'><strong>exsilium</strong></span> <span class='ocrx_word' id='word_1_268' title='bbox 1710 2163 1976 2218; x_wconf 83' lang='lat' dir='ltr'><strong>abduxit:</strong></span> 
     </span>
    </p>
   </div>
   <div class='ocr_carea' id='block_1_40' title="bbox 403 2251 2025 2325">
    <p class='ocr_par' dir='ltr' id='par_1_40' title="bbox 403 2251 2025 2325">
     <span class='ocr_line' id='line_1_40' title="bbox 403 2251 2025 2325; baseline 0.002 -18"><span class='ocrx_word' id='word_1_269' title='bbox 403 2255 473 2308; x_wconf 87' lang='lat' dir='ltr'><strong>ad</strong></span> <span class='ocrx_word' id='word_1_270' title='bbox 527 2251 969 2324; x_wconf 80' lang='lat' dir='ltr'><strong>Hierosolymam</strong></span> <span class='ocrx_word' id='word_1_271' title='bbox 1005 2260 1185 2307; x_wconf 89' lang='lat' dir='ltr'><strong>autem</strong></span> <span class='ocrx_word' id='word_1_272' title='bbox 1226 2267 1354 2306; x_wconf 89' lang='lat' dir='ltr'><strong>cum</strong></span> <span class='ocrx_word' id='word_1_273' title='bbox 1401 2254 1645 2309; x_wconf 83' lang='lat' dir='ltr'><strong>exercitu</strong></span> <span class='ocrx_word' id='word_1_274' title='bbox 1700 2255 1980 2325; x_wconf 81' lang='lat' dir='ltr'><strong>proﬁcisci</strong></span> <span class='ocrx_word' id='word_1_275' title='bbox 2012 2288 2025 2293; x_wconf 92' lang='lat'>—</span> 
     </span>
    </p>
   </div>
   <div class='ocr_carea' id='block_1_41' title="bbox 402 2343 1980 2415">
    <p class='ocr_par' dir='ltr' id='par_1_41' title="bbox 402 2343 1980 2415">
     <span class='ocr_line' id='line_1_41' title="bbox 402 2343 1980 2415; baseline 0.003 -18"><span class='ocrx_word' id='word_1_276' title='bbox 402 2344 574 2399; x_wconf 87' lang='lat' dir='ltr'><strong>multa</strong></span> <span class='ocrx_word' id='word_1_277' title='bbox 604 2359 729 2398; x_wconf 90' lang='lat' dir='ltr'><strong>eum</strong></span> <span class='ocrx_word' id='word_1_278' title='bbox 765 2343 1047 2413; x_wconf 84' lang='lat' dir='ltr'><strong>impietate</strong></span> <span class='ocrx_word' id='word_1_279' title='bbox 1075 2350 1332 2408; x_wconf 85' lang='lat' dir='ltr'><strong>conatus,</strong></span> <span class='ocrx_word' id='word_1_280' title='bbox 1370 2343 1734 2414; x_wconf 73' lang='lat' dir='ltr'><strong>blasphemiae</strong></span> <span class='ocrx_word' id='word_1_281' title='bbox 1757 2346 1980 2415; x_wconf 66' lang='lat' dir='ltr'><strong>praemia</strong></span> 
     </span>
    </p>
   </div>
   <div class='ocr_carea' id='block_1_42' title="bbox 402 2431 1978 2503">
    <p class='ocr_par' dir='ltr' id='par_1_42' title="bbox 402 2431 1978 2503">
     <span class='ocr_line' id='line_1_42' title="bbox 402 2431 1978 2503; baseline 0.002 -17"><span class='ocrx_word' id='word_1_282' title='bbox 402 2434 551 2496; x_wconf 89' lang='lat' dir='ltr'><strong>tulit,</strong></span> <span class='ocrx_word' id='word_1_283' title='bbox 587 2440 661 2497; x_wconf 87' lang='lat' dir='ltr'><strong>et,</strong></span> <span class='ocrx_word' id='word_1_284' title='bbox 708 2432 870 2503; x_wconf 88' lang='lat' dir='ltr'><strong>plaga</strong></span> <span class='ocrx_word' id='word_1_285' title='bbox 926 2431 1131 2486; x_wconf 89' lang='lat' dir='ltr'><strong>amisso</strong></span> <span class='ocrx_word' id='word_1_286' title='bbox 1188 2431 1462 2499; x_wconf 79' lang='lat' dir='ltr'><strong>exercitu,</strong></span> <span class='ocrx_word' id='word_1_287' title='bbox 1515 2448 1641 2488; x_wconf 91' lang='lat' dir='ltr'><strong>cum</strong></span> <span class='ocrx_word' id='word_1_288' title='bbox 1701 2435 1892 2503; x_wconf 88' lang='lat' dir='ltr'><strong>paucis</strong></span> <span class='ocrx_word' id='word_1_289' title='bbox 1922 2434 1978 2489; x_wconf 91' lang='lat' dir='ltr'><strong>in</strong></span> 
     </span>
    </p>
   </div>
   <div class='ocr_carea' id='block_1_43' title="bbox 396 2521 1979 2597">
    <p class='ocr_par' dir='ltr' id='par_1_43' title="bbox 396 2521 1979 2597">
     <span class='ocr_line' id='line_1_43' title="bbox 396 2521 1979 2597; baseline 0.001 -18"><span class='ocrx_word' id='word_1_290' title='bbox 396 2525 640 2597; x_wconf 74' lang='lat' dir='ltr'><strong>patriam</strong></span> <span class='ocrx_word' id='word_1_291' title='bbox 673 2539 732 2579; x_wconf 93' lang='lat' dir='ltr'><strong>se</strong></span> <span class='ocrx_word' id='word_1_292' title='bbox 759 2524 987 2594; x_wconf 86' lang='lat' dir='ltr'><strong>recepit.</strong></span> <span class='ocrx_word' id='word_1_293' title='bbox 1020 2521 1150 2579; x_wconf 85' lang='lat' dir='ltr'><strong>Post</strong></span> <span class='ocrx_word' id='word_1_294' title='bbox 1176 2524 1324 2580; x_wconf 92' lang='lat' dir='ltr'><strong>hunc</strong></span> <span class='ocrx_word' id='word_1_295' title='bbox 1357 2532 1591 2595; x_wconf 88' lang='lat' dir='ltr'><strong>quartus</strong></span> <span class='ocrx_word' id='word_1_296' title='bbox 1608 2524 1979 2581; x_wconf 79' lang='lat' dir='ltr'><strong>Nabuchodo-</strong></span> 
     </span>
    </p>
   </div>
   <div class='ocr_carea' id='block_1_44' title="bbox 403 2613 1978 2687">
    <p class='ocr_par' dir='ltr' id='par_1_44' title="bbox 403 2613 1978 2687">
     <span class='ocr_line' id='line_1_44' title="bbox 403 2613 1978 2687; baseline 0.002 -15"><span class='ocrx_word' id='word_1_297' title='bbox 403 2632 592 2681; x_wconf 91' lang='lat' dir='ltr'><strong>nosor,</strong></span> <span class='ocrx_word' id='word_1_298' title='bbox 623 2631 770 2671; x_wconf 90' lang='lat' dir='ltr'><strong>anno</strong></span> <span class='ocrx_word' id='word_1_299' title='bbox 803 2616 962 2670; x_wconf 91' lang='lat' dir='ltr'><strong>tertio</strong></span> <span class='ocrx_word' id='word_1_300' title='bbox 985 2617 1140 2687; x_wconf 88' lang='lat' dir='ltr'><strong>regni</strong></span> <span class='ocrx_word' id='word_1_301' title='bbox 1185 2613 1417 2671; x_wconf 81' lang='lat' dir='ltr'><strong>Joacimi</strong></span> <span class='ocrx_word' id='word_1_302' title='bbox 1469 2615 1563 2672; x_wconf 81' lang='lat' dir='ltr'><strong>ﬁlii</strong></span> <span class='ocrx_word' id='word_1_303' title='bbox 1610 2615 1774 2673; x_wconf 70' lang='lat' dir='ltr'><strong>Josiae</strong></span> <span class='ocrx_word' id='word_1_304' title='bbox 1809 2633 1978 2687; x_wconf 83' lang='lat' dir='ltr'><strong>regno</strong></span> 
     </span>
    </p>
   </div>
   <div class='ocr_carea' id='block_1_45' title="bbox 394 2692 1975 2779">
    <p class='ocr_par' dir='ltr' id='par_1_45' title="bbox 394 2692 1975 2779">
     <span class='ocr_line' id='line_1_45' title="bbox 394 2692 1975 2779; baseline 0.001 -18"><span class='ocrx_word' id='word_1_305' title='bbox 394 2692 634 2779; x_wconf 75' lang='lat' dir='ltr'><strong>potitus,</strong></span> <span class='ocrx_word' id='word_1_306' title='bbox 661 2721 783 2760; x_wconf 91' lang='lat' dir='ltr'><strong>cum</strong></span> <span class='ocrx_word' id='word_1_307' title='bbox 819 2720 1018 2777; x_wconf 89' lang='lat' dir='ltr'><strong>magno</strong></span> <span class='ocrx_word' id='word_1_308' title='bbox 1047 2707 1294 2762; x_wconf 78' lang='lat' dir='ltr'><strong>exercitu</strong></span> <span class='ocrx_word' id='word_1_309' title='bbox 1328 2706 1383 2761; x_wconf 92' lang='lat' dir='ltr'><strong>in</strong></span> <span class='ocrx_word' id='word_1_310' title='bbox 1410 2704 1655 2762; x_wconf 72' lang='lat' dir='ltr'><strong>Iudaeam</strong></span> <span class='ocrx_word' id='word_1_311' title='bbox 1690 2708 1975 2778; x_wconf 80' lang='lat' dir='ltr'><strong>pervenit,</strong></span> 
     </span>
    </p>
   </div>
   <div class='ocr_carea' id='block_1_46' title="bbox 401 2798 1974 2871">
    <p class='ocr_par' dir='ltr' id='par_1_46' title="bbox 401 2798 1974 2871">
     <span class='ocr_line' id='line_1_46' title="bbox 401 2798 1974 2871; baseline -0.002 -16"><span class='ocrx_word' id='word_1_312' title='bbox 401 2801 701 2870; x_wconf 88' lang='lat' dir='ltr'><strong>multisque</strong></span> <span class='ocrx_word' id='word_1_313' title='bbox 730 2800 973 2869; x_wconf 86' lang='lat' dir='ltr'><strong>acceptis</strong></span> <span class='ocrx_word' id='word_1_314' title='bbox 1011 2798 1132 2854; x_wconf 87' lang='lat' dir='ltr'><strong>auri</strong></span> <span class='ocrx_word' id='word_1_315' title='bbox 1169 2807 1222 2855; x_wconf 91' lang='lat' dir='ltr'><strong>et</strong></span> <span class='ocrx_word' id='word_1_316' title='bbox 1266 2799 1480 2871; x_wconf 89' lang='lat' dir='ltr'><strong>argenti</strong></span> <span class='ocrx_word' id='word_1_317' title='bbox 1514 2799 1760 2862; x_wconf 86' lang='lat' dir='ltr'><strong>talentis,</strong></span> <span class='ocrx_word' id='word_1_318' title='bbox 1794 2799 1974 2869; x_wconf 86' lang='lat' dir='ltr'><strong>capti-</strong></span> 
     </span>
    </p>
   </div>
   <div class='ocr_carea' id='block_1_47' title="bbox 397 2890 1977 2963">
    <p class='ocr_par' dir='ltr' id='par_1_47' title="bbox 397 2890 1977 2963">
     <span class='ocr_line' id='line_1_47' title="bbox 397 2890 1977 2963; baseline 0 -16"><span class='ocrx_word' id='word_1_319' title='bbox 397 2894 593 2963; x_wconf 74' lang='lat' dir='ltr'><strong>visque</strong></span> <span class='ocrx_word' id='word_1_320' title='bbox 632 2907 663 2946; x_wconf 91' lang='lat' dir='ltr'><strong>e</strong></span> <span class='ocrx_word' id='word_1_321' title='bbox 714 2890 867 2962; x_wconf 85' lang='lat' dir='ltr'><strong>regio</strong></span> <span class='ocrx_word' id='word_1_322' title='bbox 904 2905 1102 2962; x_wconf 89' lang='lat' dir='ltr'><strong>genere</strong></span> <span class='ocrx_word' id='word_1_323' title='bbox 1146 2892 1548 2962; x_wconf 88' lang='lat' dir='ltr'><strong>compluribus,</strong></span> <span class='ocrx_word' id='word_1_324' title='bbox 1575 2898 1652 2956; x_wconf 89' lang='lat' dir='ltr'><strong>et,</strong></span> <span class='ocrx_word' id='word_1_325' title='bbox 1695 2891 1977 2947; x_wconf 90' lang='lat' dir='ltr'><strong>nonnullis</strong></span> 
     </span>
    </p>
   </div>
   <div class='ocr_carea' id='block_1_48' title="bbox 396 2982 1973 3054">
    <p class='ocr_par' dir='ltr' id='par_1_48' title="bbox 396 2982 1973 3054">
     <span class='ocr_line' id='line_1_48' title="bbox 396 2982 1973 3054; baseline 0 -17"><span class='ocrx_word' id='word_1_326' title='bbox 396 2985 580 3039; x_wconf 82' lang='lat' dir='ltr'><strong>sacris</strong></span> <span class='ocrx_word' id='word_1_327' title='bbox 614 2982 764 3038; x_wconf 88' lang='lat' dir='ltr'><strong>vasis</strong></span> <span class='ocrx_word' id='word_1_328' title='bbox 821 2983 1096 3053; x_wconf 87' lang='lat' dir='ltr'><strong>correptis</strong></span> <span class='ocrx_word' id='word_1_329' title='bbox 1137 2983 1504 3052; x_wconf 86' lang='lat' dir='ltr'><strong>impositoque</strong></span> <span class='ocrx_word' id='word_1_330' title='bbox 1559 2982 1675 3054; x_wconf 87' lang='lat' dir='ltr'><strong>regi</strong></span> <span class='ocrx_word' id='word_1_331' title='bbox 1731 2982 1973 3049; x_wconf 88' lang='lat' dir='ltr'><strong>tributo,</strong></span> 
     </span>
    </p>
   </div>
   <div class='ocr_carea' id='block_1_49' title="bbox 394 3073 1973 3145">
    <p class='ocr_par' dir='ltr' id='par_1_49' title="bbox 394 3073 1973 3145">
     <span class='ocr_line' id='line_1_49' title="bbox 394 3073 1973 3145; baseline -0.001 -15"><span class='ocrx_word' id='word_1_332' title='bbox 394 3077 527 3132; x_wconf 81' lang='lat' dir='ltr'><strong>inde</strong></span> <span class='ocrx_word' id='word_1_333' title='bbox 559 3076 840 3145; x_wconf 82' lang='lat' dir='ltr'><strong>profectus</strong></span> <span class='ocrx_word' id='word_1_334' title='bbox 864 3083 969 3129; x_wconf 89' lang='lat' dir='ltr'><strong>est.</strong></span> <span class='ocrx_word' id='word_1_335' title='bbox 996 3073 1156 3130; x_wconf 81' lang='lat' dir='ltr'><strong>Brevi</strong></span> <span class='ocrx_word' id='word_1_336' title='bbox 1188 3086 1370 3130; x_wconf 88' lang='lat' dir='ltr'><strong>autem</strong></span> <span class='ocrx_word' id='word_1_337' title='bbox 1395 3074 1687 3145; x_wconf 71' lang='lat' dir='ltr'><strong>interiecto</strong></span> <span class='ocrx_word' id='word_1_338' title='bbox 1708 3082 1973 3145; x_wconf 87' lang='lat' dir='ltr'><strong>tempore,</strong></span> 
     </span>
    </p>
   </div>
   <div class='ocr_carea' id='block_1_50' title="bbox 2082 1883 3634 1966">
    <p class='ocr_par' dir='ltr' id='par_1_50' title="bbox 2082 1883 3634 1966">
     <span class='ocr_line' id='line_1_50' title="bbox 2082 1883 3634 1966; baseline 0.01 -31"><span class='ocrx_word' id='word_1_339' title='bbox 2082 1883 2182 1947; x_wconf 87' lang='grc' dir='ltr'>τὰς</span> <span class='ocrx_word' id='word_1_340' title='bbox 2229 1884 2358 1954; x_wconf 80' lang='grc' dir='ltr'>περὶ</span> <span class='ocrx_word' id='word_1_341' title='bbox 2410 1885 2581 1957; x_wconf 82' lang='grc' dir='ltr'>αὐτὴν</span> <span class='ocrx_word' id='word_1_342' title='bbox 2639 1884 3095 1960; x_wconf 77' lang='grc' dir='ltr'>ἐξανδραποδίσας</span> <span class='ocrx_word' id='word_1_343' title='bbox 3144 1893 3330 1958; x_wconf 76' lang='grc' dir='ltr'>πόλεις</span> <span class='ocrx_word' id='word_1_344' title='bbox 3384 1895 3634 1966; x_wconf 75' lang='grc' dir='ltr'>ἀπῆλθενο</span> 
     </span>
    </p>
   </div>
   <div class='ocr_carea' id='block_1_51' title="bbox 2080 1976 3637 2056">
    <p class='ocr_par' dir='ltr' id='par_1_51' title="bbox 2080 1976 3637 2056">
     <span class='ocr_line' id='line_1_51' title="bbox 2080 1976 3637 2056; baseline 0.009 -28"><span class='ocrx_word' id='word_1_345' title='bbox 2080 1976 2263 2046; x_wconf 80' lang='grc' dir='ltr'>τρίτος</span> <span class='ocrx_word' id='word_1_346' title='bbox 2292 1977 2347 2029; x_wconf 83' lang='grc' dir='ltr'>δὲ</span> <span class='ocrx_word' id='word_1_347' title='bbox 2371 1977 2410 2009; x_wconf 70' lang='grc'><strong><em>’³</em></strong></span> <span class='ocrx_word' id='word_1_348' title='bbox 2441 1979 2469 2032; x_wconf 92' lang='lat'><strong>6</strong></span> <span class='ocrx_word' id='word_1_349' title='bbox 2515 1978 2859 2051; x_wconf 79' lang='grc' dir='ltr'>Σεναχηρεὶμ</span> <span class='ocrx_word' id='word_1_350' title='bbox 2903 1981 3003 2046; x_wconf 83' lang='grc' dir='ltr'><strong>τὰς</strong></span> <span class='ocrx_word' id='word_1_351' title='bbox 3050 1983 3147 2053; x_wconf 84' lang='grc' dir='ltr'>μὲν</span> <span class='ocrx_word' id='word_1_352' title='bbox 3191 1984 3357 2050; x_wconf 82' lang='grc' dir='ltr'>ἄλλας</span> <span class='ocrx_word' id='word_1_353' title='bbox 3396 1988 3490 2056; x_wconf 77' lang='grc' dir='ltr'>τῆς</span> <span class='ocrx_word' id='word_1_354' title='bbox 3529 1989 3637 2042; x_wconf 80' lang='grc' dir='ltr'>Ἰου-</span> 
     </span>
    </p>
   </div>
   <div class='ocr_carea' id='block_1_52' title="bbox 2080 2068 3637 2150">
    <p class='ocr_par' dir='ltr' id='par_1_52' title="bbox 2080 2068 3637 2150">
     <span class='ocr_line' id='line_1_52' title="bbox 2080 2068 3637 2150; baseline 0.01 -30"><span class='ocrx_word' id='word_1_355' title='bbox 2080 2068 2236 2132; x_wconf 90' lang='grc' dir='ltr'>δαίας</span> <span class='ocrx_word' id='word_1_356' title='bbox 2274 2069 2628 2142; x_wconf 74' lang='grc' dir='ltr'>ἐπολιόρκησε</span> <span class='ocrx_word' id='word_1_357' title='bbox 2677 2072 2882 2137; x_wconf 83' lang='grc' dir='ltr'>πόλεις,</span> <span class='ocrx_word' id='word_1_358' title='bbox 2930 2074 3027 2127; x_wconf 76' lang='grc' dir='ltr'>καὶ</span> <span class='ocrx_word' id='word_1_359' title='bbox 3076 2075 3307 2141; x_wconf 68' lang='grc' dir='ltr'>πολλοὺς</span> <span class='ocrx_word' id='word_1_360' title='bbox 3365 2079 3637 2150; x_wconf 81' lang='grc' dir='ltr'>μετῴκισεν</span> 
     </span>
    </p>
   </div>
   <div class='ocr_carea' id='block_1_53' title="bbox 2081 2161 3638 2241">
    <p class='ocr_par' dir='ltr' id='par_1_53' title="bbox 2081 2161 3638 2241">
     <span class='ocr_line' id='line_1_53' title="bbox 2081 2161 3638 2241; baseline 0.006 -27"><span class='ocrx_word' id='word_1_361' title='bbox 2081 2161 2486 2232; x_wconf 76' lang='grc' dir='ltr'>αἰχμαλώτους·</span> <span class='ocrx_word' id='word_1_362' title='bbox 2518 2162 2943 2235; x_wconf 83' lang='grc' dir='ltr'>ἐπιστρατεῦσαι</span> <span class='ocrx_word' id='word_1_363' title='bbox 2966 2167 3009 2197; x_wconf 81' lang='grc'><strong>¹⁸</strong></span> <span class='ocrx_word' id='word_1_364' title='bbox 3034 2166 3091 2220; x_wconf 85' lang='grc' dir='ltr'>δὲ</span> <span class='ocrx_word' id='word_1_365' title='bbox 3118 2170 3235 2232; x_wconf 85' lang='grc' dir='ltr'>τοῖς</span> <span class='ocrx_word' id='word_1_366' title='bbox 3279 2169 3638 2241; x_wconf 79' lang='grc' dir='ltr'>Ἱεροσολύμοις</span> 
     </span>
    </p>
   </div>
   <div class='ocr_carea' id='block_1_54' title="bbox 2084 2252 3637 2333">
    <p class='ocr_par' dir='ltr' id='par_1_54' title="bbox 2084 2252 3637 2333">
     <span class='ocr_line' id='line_1_54' title="bbox 2084 2252 3637 2333; baseline 0.007 -27"><span class='ocrx_word' id='word_1_367' title='bbox 2084 2252 2226 2323; x_wconf 85' lang='grc' dir='ltr'>μετὰ</span> <span class='ocrx_word' id='word_1_368' title='bbox 2252 2253 2453 2325; x_wconf 85' lang='grc' dir='ltr'>πολλῆς</span> <span class='ocrx_word' id='word_1_369' title='bbox 2478 2254 2792 2321; x_wconf 88' lang='grc' dir='ltr'>δυσσεϐείας</span> <span class='ocrx_word' id='word_1_370' title='bbox 2834 2259 3215 2331; x_wconf 82' lang='grc' dir='ltr'>ἐπιχειρήσας,</span> <span class='ocrx_word' id='word_1_371' title='bbox 3244 2262 3529 2333; x_wconf 77' lang='grc' dir='ltr'>ἐκομίσατο</span> <span class='ocrx_word' id='word_1_372' title='bbox 3553 2263 3637 2331; x_wconf 82' lang='grc' dir='ltr'>τῆς</span> 
     </span>
    </p>
   </div>
   <div class='ocr_carea' id='block_1_55' title="bbox 2082 2341 3636 2424">
    <p class='ocr_par' dir='ltr' id='par_1_55' title="bbox 2082 2341 3636 2424">
     <span class='ocr_line' id='line_1_55' title="bbox 2082 2341 3636 2424; baseline 0.01 -32"><span class='ocrx_word' id='word_1_373' title='bbox 2082 2341 2433 2413; x_wconf 84' lang='grc' dir='ltr'>βλασφημίας</span> <span class='ocrx_word' id='word_1_374' title='bbox 2471 2344 2539 2398; x_wconf 84' lang='grc' dir='ltr'>τὰ</span> <span class='ocrx_word' id='word_1_375' title='bbox 2576 2344 2850 2419; x_wconf 89' lang='grc' dir='ltr'>ἐπίχειρα,</span> <span class='ocrx_word' id='word_1_376' title='bbox 2899 2348 2992 2401; x_wconf 77' lang='grc' dir='ltr'><strong>καὶ</strong></span> <span class='ocrx_word' id='word_1_377' title='bbox 3038 2348 3292 2422; x_wconf 82' lang='grc' dir='ltr'>θεηλάτῳ</span> <span class='ocrx_word' id='word_1_378' title='bbox 3334 2351 3506 2424; x_wconf 80' lang='grc' dir='ltr'>πληγῇ</span> <span class='ocrx_word' id='word_1_379' title='bbox 3551 2353 3636 2423; x_wconf 74' lang='grc' dir='ltr'>τὴν</span> 
     </span>
    </p>
   </div>
   <div class='ocr_carea' id='block_1_56' title="bbox 2082 2434 3635 2513">
    <p class='ocr_par' dir='ltr' id='par_1_56' title="bbox 2082 2434 3635 2513">
     <span class='ocr_line' id='line_1_56' title="bbox 2082 2434 3635 2513; baseline 0.008 -28"><span class='ocrx_word' id='word_1_380' title='bbox 2082 2434 2375 2503; x_wconf 86' lang='grc' dir='ltr'>στρατείαν</span> <span class='ocrx_word' id='word_1_381' title='bbox 2404 2434 2448 2466; x_wconf 84' lang='grc'>¹⁸</span> <span class='ocrx_word' id='word_1_382' title='bbox 2486 2435 2757 2502; x_wconf 82' lang='grc' dir='ltr'>ἀπολέσας</span> <span class='ocrx_word' id='word_1_383' title='bbox 2805 2439 2922 2508; x_wconf 80' lang='grc' dir='ltr'>μετ’</span> <span class='ocrx_word' id='word_1_384' title='bbox 2966 2440 3165 2509; x_wconf 83' lang='grc' dir='ltr'>ὀλίγων</span> <span class='ocrx_word' id='word_1_385' title='bbox 3199 2442 3299 2513; x_wconf 83' lang='grc' dir='ltr'>τὴν</span> <span class='ocrx_word' id='word_1_386' title='bbox 3339 2443 3635 2512; x_wconf 82' lang='grc' dir='ltr'>ἐνεγκοῦσαν</span> 
     </span>
    </p>
   </div>
   <div class='ocr_carea' id='block_1_57' title="bbox 2080 2524 3635 2605">
    <p class='ocr_par' dir='ltr' id='par_1_57' title="bbox 2080 2524 3635 2605">
     <span class='ocr_line' id='line_1_57' title="bbox 2080 2524 3635 2605; baseline 0.006 -27"><span class='ocrx_word' id='word_1_387' title='bbox 2080 2524 2370 2579; x_wconf 86' lang='grc' dir='ltr'>κατέλαϐε.</span> <span class='ocrx_word' id='word_1_388' title='bbox 2392 2527 2547 2580; x_wconf 82' lang='grc' dir='ltr'>Μετὰ</span> <span class='ocrx_word' id='word_1_389' title='bbox 2564 2526 2752 2582; x_wconf 84' lang='grc' dir='ltr'>τοῦτον</span> <span class='ocrx_word' id='word_1_390' title='bbox 2773 2529 3034 2600; x_wconf 78' lang='grc' dir='ltr'>τέταρτος</span> <span class='ocrx_word' id='word_1_391' title='bbox 3060 2531 3105 2563; x_wconf 70' lang='grc' dir='ltr'>ιδ</span> <span class='ocrx_word' id='word_1_392' title='bbox 3123 2533 3151 2584; x_wconf 98' lang='lat'><strong>6</strong></span> <span class='ocrx_word' id='word_1_393' title='bbox 3173 2533 3635 2605; x_wconf 86' lang='grc' dir='ltr'>Ναϐουχοδονόσορ,</span> 
     </span>
    </p>
   </div>
   <div class='ocr_carea' id='block_1_58' title="bbox 2080 2614 3637 2694">
    <p class='ocr_par' dir='ltr' id='par_1_58' title="bbox 2080 2614 3637 2694">
     <span class='ocr_line' id='line_1_58' title="bbox 2080 2614 3637 2694; baseline 0.004 -24"><span class='ocrx_word' id='word_1_394' title='bbox 2080 2617 2138 2671; x_wconf 88' lang='grc' dir='ltr'><strong>ἐν</strong></span> <span class='ocrx_word' id='word_1_395' title='bbox 2165 2614 2245 2686; x_wconf 84' lang='grc' dir='ltr'>τῷ</span> <span class='ocrx_word' id='word_1_396' title='bbox 2272 2616 2440 2688; x_wconf 85' lang='grc' dir='ltr'>τρίτῳ</span> <span class='ocrx_word' id='word_1_397' title='bbox 2466 2616 2575 2671; x_wconf 75' lang='grc' dir='ltr'>ἔτει</span> <span class='ocrx_word' id='word_1_398' title='bbox 2607 2618 2704 2689; x_wconf 79' lang='grc' dir='ltr'><strong>τῆς</strong></span> <span class='ocrx_word' id='word_1_399' title='bbox 2750 2618 3027 2689; x_wconf 83' lang='grc' dir='ltr'>βασιλείας</span> <span class='ocrx_word' id='word_1_400' title='bbox 3062 2621 3323 2694; x_wconf 80' lang='grc' dir='ltr'>’ἰωακεὶμ</span> <span class='ocrx_word' id='word_1_401' title='bbox 3350 2623 3441 2678; x_wconf 84' lang='grc' dir='ltr'>τοῦ</span> <span class='ocrx_word' id='word_1_402' title='bbox 3466 2625 3506 2656; x_wconf 80' lang='grc'>¹⁸</span> <span class='ocrx_word' id='word_1_403' title='bbox 3536 2623 3637 2677; x_wconf 80' lang='grc' dir='ltr'>υίοό</span> 
     </span>
    </p>
   </div>
   <div class='ocr_carea' id='block_1_59' title="bbox 2094 2707 3635 2786">
    <p class='ocr_par' dir='ltr' id='par_1_59' title="bbox 2094 2707 3635 2786">
     <span class='ocr_line' id='line_1_59' title="bbox 2094 2707 3635 2786; baseline 0.003 -24"><span class='ocrx_word' id='word_1_404' title='bbox 2094 2707 2297 2762; x_wconf 87' lang='grc' dir='ltr'>Ἰωσίου</span> <span class='ocrx_word' id='word_1_405' title='bbox 2333 2707 2679 2777; x_wconf 82' lang='grc' dir='ltr'>βασιλεύσας,</span> <span class='ocrx_word' id='word_1_406' title='bbox 2713 2709 2853 2779; x_wconf 79' lang='grc' dir='ltr'>μετὰ</span> <span class='ocrx_word' id='word_1_407' title='bbox 2891 2711 3091 2784; x_wconf 85' lang='grc' dir='ltr'>πολλῆς</span> <span class='ocrx_word' id='word_1_408' title='bbox 3122 2715 3413 2786; x_wconf 85' lang='grc' dir='ltr'>στρατείας</span> <span class='ocrx_word' id='word_1_409' title='bbox 3452 2718 3526 2780; x_wconf 85' lang='grc' dir='ltr'><strong>είς</strong></span> <span class='ocrx_word' id='word_1_410' title='bbox 3551 2714 3635 2786; x_wconf 77' lang='grc' dir='ltr'><strong>τήν</strong></span> 
     </span>
    </p>
   </div>
   <div class='ocr_carea' id='block_1_60' title="bbox 2091 2798 3636 2878">
    <p class='ocr_par' dir='ltr' id='par_1_60' title="bbox 2091 2798 3636 2878">
     <span class='ocr_line' id='line_1_60' title="bbox 2091 2798 3636 2878; baseline 0.006 -27"><span class='ocrx_word' id='word_1_411' title='bbox 2091 2798 2350 2852; x_wconf 82' lang='grc' dir='ltr'>Ἰουδαίαν</span> <span class='ocrx_word' id='word_1_412' title='bbox 2376 2798 2606 2867; x_wconf 86' lang='grc' dir='ltr'>ἀφίκετο</span> <span class='ocrx_word' id='word_1_413' title='bbox 2629 2815 2641 2828; x_wconf 79' lang='lat'><strong>&#39;</strong></span> <span class='ocrx_word' id='word_1_414' title='bbox 2669 2801 2761 2853; x_wconf 77' lang='grc' dir='ltr'>καὶ</span> <span class='ocrx_word' id='word_1_415' title='bbox 2794 2802 2964 2857; x_wconf 85' lang='grc' dir='ltr'>πολλὰ</span> <span class='ocrx_word' id='word_1_416' title='bbox 2995 2803 3238 2858; x_wconf 85' lang='grc' dir='ltr'>τάλαντα</span> <span class='ocrx_word' id='word_1_417' title='bbox 3265 2806 3462 2878; x_wconf 86' lang='grc' dir='ltr'>χρυσοῦ</span> <span class='ocrx_word' id='word_1_418' title='bbox 3490 2807 3530 2839; x_wconf 79' lang='grc'><strong>³⁸</strong></span> <span class='ocrx_word' id='word_1_419' title='bbox 3561 2806 3636 2861; x_wconf 82' lang='grc' dir='ltr'><strong>καὶ</strong></span> 
     </span>
    </p>
   </div>
   <div class='ocr_carea' id='block_1_61' title="bbox 2078 2886 3635 2969">
    <p class='ocr_par' dir='ltr' id='par_1_61' title="bbox 2078 2886 3635 2969">
     <span class='ocr_line' id='line_1_61' title="bbox 2078 2886 3635 2969; baseline 0.007 -28"><span class='ocrx_word' id='word_1_420' title='bbox 2078 2886 2321 2960; x_wconf 84' lang='grc' dir='ltr'>ἀργύρου</span> <span class='ocrx_word' id='word_1_421' title='bbox 2351 2887 2553 2953; x_wconf 83' lang='grc' dir='ltr'>λαϐὼν,</span> <span class='ocrx_word' id='word_1_422' title='bbox 2581 2891 2678 2944; x_wconf 75' lang='grc' dir='ltr'>καὶ</span> <span class='ocrx_word' id='word_1_423' title='bbox 2722 2892 2786 2945; x_wconf 84' lang='grc' dir='ltr'><strong>ἐκ</strong></span> <span class='ocrx_word' id='word_1_424' title='bbox 2832 2893 2928 2947; x_wconf 80' lang='grc' dir='ltr'>τοῦ</span> <span class='ocrx_word' id='word_1_425' title='bbox 2971 2893 3257 2963; x_wconf 81' lang='grc' dir='ltr'>βασιλικοῦ</span> <span class='ocrx_word' id='word_1_426' title='bbox 3284 2898 3464 2966; x_wconf 81' lang='grc' dir='ltr'>γένους</span> <span class='ocrx_word' id='word_1_427' title='bbox 3497 2898 3635 2969; x_wconf 55' lang='lat' dir='ltr'><strong>alut-</strong></span> 
     </span>
    </p>
   </div>
   <div class='ocr_carea' id='block_1_62' title="bbox 2078 2976 3636 3057">
    <p class='ocr_par' dir='ltr' id='par_1_62' title="bbox 2078 2976 3636 3057">
     <span class='ocr_line' id='line_1_62' title="bbox 2078 2976 3636 3057; baseline 0.005 -26"><span class='ocrx_word' id='word_1_428' title='bbox 2078 2976 2321 3042; x_wconf 85' lang='grc' dir='ltr'>αλώτους</span> <span class='ocrx_word' id='word_1_429' title='bbox 2346 2979 2595 3045; x_wconf 86' lang='grc' dir='ltr'>πολλοὺς,</span> <span class='ocrx_word' id='word_1_430' title='bbox 2620 2982 2838 3036; x_wconf 79' lang='grc' dir='ltr'>καὶτῶν</span> <span class='ocrx_word' id='word_1_431' title='bbox 2863 2985 3023 3056; x_wconf 75' lang='grc' dir='ltr'>ἱερῶν</span> <span class='ocrx_word' id='word_1_432' title='bbox 3055 2987 3273 3057; x_wconf 75' lang='grc' dir='ltr'>σκευῶν</span> <span class='ocrx_word' id='word_1_433' title='bbox 3295 2987 3425 3054; x_wconf 71' lang='grc' dir='ltr'>ἔνια,</span> <span class='ocrx_word' id='word_1_434' title='bbox 3446 2987 3636 3053; x_wconf 76' lang='grc' dir='ltr'>ἀνέζευ-</span> 
     </span>
    </p>
   </div>
   <div class='ocr_carea' id='block_1_63' title="bbox 2081 3068 3636 3161">
    <p class='ocr_par' dir='ltr' id='par_1_63' title="bbox 2081 3068 3636 3161">
     <span class='ocr_line' id='line_1_63' title="bbox 2081 3068 3636 3161; baseline 0.007 -39"><span class='ocrx_word' id='word_1_435' title='bbox 2195 3071 2409 3161; x_wconf 84' lang='grc' dir='ltr'>ἐκεῖθεν</span> <span class='ocrx_word' id='word_1_436' title='bbox 2431 3071 2631 3142; x_wconf 88' lang='grc' dir='ltr'>δεσμὸν</span> <span class='ocrx_word' id='word_1_437' title='bbox 2676 3074 2886 3139; x_wconf 79' lang='grc' dir='ltr'>ἐπιθεὶς</span> <span class='ocrx_word' id='word_1_438' title='bbox 2910 3075 2989 3147; x_wconf 85' lang='grc' dir='ltr'><strong>τῷ</strong></span> <span class='ocrx_word' id='word_1_439' title='bbox 3020 3076 3238 3148; x_wconf 86' lang='grc' dir='ltr'>βασιλεῖ</span> <span class='ocrx_word' id='word_1_440' title='bbox 3268 3079 3333 3133; x_wconf 74' lang='grc'><strong>³⁷.</strong></span> <span class='ocrx_word' id='word_1_441' title='bbox 3362 3079 3636 3161; x_wconf 40' lang='grc' dir='ltr'>ΙΧρόνουδέ</span> 
     </span>
    </p>
   </div>
   <div class='ocr_carea' id='block_1_64' title="bbox 398 3145 1977 3239">
    <p class='ocr_par' dir='ltr' id='par_1_64' title="bbox 398 3165 1974 3229">
     <span class='ocr_line' id='line_1_64' title="bbox 398 3165 1974 3229; baseline -0.003 -5"><span class='ocrx_word' id='word_1_442' title='bbox 398 3168 670 3224; x_wconf 87' lang='lat' dir='ltr'><strong>indictum</strong></span> <span class='ocrx_word' id='word_1_443' title='bbox 725 3167 991 3223; x_wconf 86' lang='lat' dir='ltr'><strong>tributum</strong></span> <span class='ocrx_word' id='word_1_444' title='bbox 1032 3165 1248 3222; x_wconf 79' lang='lat' dir='ltr'><strong>Joacim</strong></span> <span class='ocrx_word' id='word_1_445' title='bbox 1293 3167 1506 3223; x_wconf 88' lang='lat' dir='ltr'><strong>solvere</strong></span> <span class='ocrx_word' id='word_1_446' title='bbox 1544 3166 1740 3229; x_wconf 89' lang='lat' dir='ltr'><strong>noluit,</strong></span> <span class='ocrx_word' id='word_1_447' title='bbox 1782 3175 1837 3221; x_wconf 91' lang='lat' dir='ltr'><strong>et</strong></span> <span class='ocrx_word' id='word_1_448' title='bbox 1867 3165 1974 3219; x_wconf 79' lang='lat' dir='ltr'><strong>Na-</strong></span> 
     </span>
    </p>
   </div>
   <div class='ocr_carea' id='block_1_65' title="bbox 2080 3145 3635 3239">
    <p class='ocr_par' dir='ltr' id='par_1_65' title="bbox 2080 3145 3635 3239">
     <span class='ocr_line' id='line_1_65' title="bbox 2080 3145 3635 3239; baseline 0.006 -27"><span class='ocrx_word' id='word_1_449' title='bbox 2080 3157 2258 3229; x_wconf 86' lang='grc' dir='ltr'>όλίγου</span> <span class='ocrx_word' id='word_1_450' title='bbox 2305 3159 2692 3232; x_wconf 88' lang='grc' dir='ltr'>διαδραμόντος</span> <span class='ocrx_word' id='word_1_451' title='bbox 2718 3204 2732 3227; x_wconf 92' lang='grc'><strong>,</strong></span> <span class='ocrx_word' id='word_1_452' title='bbox 2784 3166 2813 3217; x_wconf 90' lang='lat'><strong>6</strong></span> <span class='ocrx_word' id='word_1_453' title='bbox 2865 3145 2971 3235; x_wconf 81' lang='grc' dir='ltr'>μὲν</span> <span class='ocrx_word' id='word_1_454' title='bbox 2999 3145 3263 3239; x_wconf 74' lang='grc' dir='ltr'>’ἰωακεὶμ</span> <span class='ocrx_word' id='word_1_455' title='bbox 3305 3145 3512 3223; x_wconf 78' lang='grc' dir='ltr'>τελέσαι</span> <span class='ocrx_word' id='word_1_456' title='bbox 3559 3169 3635 3222; x_wconf 73' lang='grc' dir='ltr'><strong>τὸν</strong></span> 
     </span>
    </p>
   </div>
   <div class='ocr_carea' id='block_1_66' title="bbox 400 3257 1974 3329">
    <p class='ocr_par' dir='ltr' id='par_1_66' title="bbox 400 3257 1974 3329">
     <span class='ocr_line' id='line_1_66' title="bbox 400 3257 1974 3329; baseline -0.006 -8"><span class='ocrx_word' id='word_1_457' title='bbox 400 3261 821 3329; x_wconf 82' lang='lat' dir='ltr'><strong>buchodonosor</strong></span> <span class='ocrx_word' id='word_1_458' title='bbox 848 3258 1143 3314; x_wconf 89' lang='lat' dir='ltr'><strong>undecimo</strong></span> <span class='ocrx_word' id='word_1_459' title='bbox 1177 3257 1299 3328; x_wconf 86' lang='lat' dir='ltr'><strong>ejus</strong></span> <span class='ocrx_word' id='word_1_460' title='bbox 1338 3259 1519 3329; x_wconf 86' lang='lat' dir='ltr'><strong>regni,</strong></span> <span class='ocrx_word' id='word_1_461' title='bbox 1561 3260 1649 3313; x_wconf 91' lang='lat' dir='ltr'><strong>sui</strong></span> <span class='ocrx_word' id='word_1_462' title='bbox 1694 3274 1823 3313; x_wconf 83' lang='lat' dir='ltr'><strong>vero</strong></span> <span class='ocrx_word' id='word_1_463' title='bbox 1871 3258 1974 3311; x_wconf 88' lang='lat' dir='ltr'><strong>im-</strong></span> 
     </span>
    </p>
   </div>
   <div class='ocr_carea' id='block_1_67' title="bbox 394 3347 1975 3425">
    <p class='ocr_par' dir='ltr' id='par_1_67' title="bbox 394 3347 1975 3425">
     <span class='ocr_line' id='line_1_67' title="bbox 394 3347 1975 3425; baseline -0.003 -17"><span class='ocrx_word' id='word_1_464' title='bbox 394 3355 536 3425; x_wconf 85' lang='lat' dir='ltr'><strong>perii</strong></span> <span class='ocrx_word' id='word_1_465' title='bbox 571 3362 767 3410; x_wconf 88' lang='lat' dir='ltr'><strong>octavo</strong></span> <span class='ocrx_word' id='word_1_466' title='bbox 802 3366 970 3414; x_wconf 87' lang='lat' dir='ltr'><strong>anno,</strong></span> <span class='ocrx_word' id='word_1_467' title='bbox 1001 3366 1199 3408; x_wconf 86' lang='lat' dir='ltr'><strong>rursus</strong></span> <span class='ocrx_word' id='word_1_468' title='bbox 1229 3350 1302 3407; x_wconf 87' lang='lat' dir='ltr'><strong>ad</strong></span> <span class='ocrx_word' id='word_1_469' title='bbox 1335 3349 1772 3422; x_wconf 84' lang='lat' dir='ltr'><strong>Hierosolymam</strong></span> <span class='ocrx_word' id='word_1_470' title='bbox 1801 3347 1975 3403; x_wconf 86' lang='lat' dir='ltr'><strong>addu-</strong></span> 
     </span>
    </p>
   </div>
   <div class='ocr_carea' id='block_1_68' title="bbox 390 3438 1976 3506">
    <p class='ocr_par' dir='ltr' id='par_1_68' title="bbox 390 3438 1976 3506">
     <span class='ocr_line' id='line_1_68' title="bbox 390 3438 1976 3506; baseline -0.004 -6"><span class='ocrx_word' id='word_1_471' title='bbox 390 3446 475 3501; x_wconf 78' lang='lat' dir='ltr'><strong>cit</strong></span> <span class='ocrx_word' id='word_1_472' title='bbox 500 3446 827 3506; x_wconf 75' lang='lat' dir='ltr'><strong>exercitum,</strong></span> <span class='ocrx_word' id='word_1_473' title='bbox 863 3456 928 3496; x_wconf 82' lang='lat' dir='ltr'><strong>ac</strong></span> <span class='ocrx_word' id='word_1_474' title='bbox 953 3439 1267 3499; x_wconf 76' lang='lat' dir='ltr'><strong>Joacimum</strong></span> <span class='ocrx_word' id='word_1_475' title='bbox 1297 3440 1657 3496; x_wconf 80' lang='lat' dir='ltr'><strong>interfectum</strong></span> <span class='ocrx_word' id='word_1_476' title='bbox 1708 3438 1777 3494; x_wconf 89' lang='lat' dir='ltr'><strong>de</strong></span> <span class='ocrx_word' id='word_1_477' title='bbox 1812 3452 1976 3494; x_wconf 87' lang='lat' dir='ltr'><strong>muro</strong></span> 
     </span>
    </p>
   </div>
   <div class='ocr_carea' id='block_1_69' title="bbox 397 3530 1976 3609">
    <p class='ocr_par' dir='ltr' id='par_1_69' title="bbox 397 3530 1976 3609">
     <span class='ocr_line' id='line_1_69' title="bbox 397 3530 1976 3609; baseline -0.007 -14"><span class='ocrx_word' id='word_1_478' title='bbox 397 3538 730 3609; x_wconf 62' lang='lat' dir='ltr'><strong>praecipitari</strong></span> <span class='ocrx_word' id='word_1_479' title='bbox 764 3535 956 3608; x_wconf 84' lang='lat' dir='ltr'><strong>jussit,</strong></span> <span class='ocrx_word' id='word_1_480' title='bbox 989 3534 1436 3604; x_wconf 89' lang='lat' dir='ltr'><strong>insepultumque</strong></span> <span class='ocrx_word' id='word_1_481' title='bbox 1481 3531 1799 3587; x_wconf 86' lang='lat' dir='ltr'><strong>diutissime</strong></span> <span class='ocrx_word' id='word_1_482' title='bbox 1847 3530 1976 3585; x_wconf 89' lang='lat' dir='ltr'><strong>reli-</strong></span> 
     </span>
    </p>
   </div>
   <div class='ocr_carea' id='block_1_70' title="bbox 394 3621 1977 3701">
    <p class='ocr_par' dir='ltr' id='par_1_70' title="bbox 394 3621 1977 3701">
     <span class='ocr_line' id='line_1_70' title="bbox 394 3621 1977 3701; baseline -0.006 -17"><span class='ocrx_word' id='word_1_483' title='bbox 394 3632 514 3701; x_wconf 85' lang='lat' dir='ltr'><strong>quit</strong></span> <span class='ocrx_word' id='word_1_484' title='bbox 542 3646 558 3697; x_wconf 87' lang='lat'><strong>;</strong></span> <span class='ocrx_word' id='word_1_485' title='bbox 587 3636 665 3695; x_wconf 88' lang='lat' dir='ltr'><strong>et,</strong></span> <span class='ocrx_word' id='word_1_486' title='bbox 706 3626 972 3685; x_wconf 80' lang='lat' dir='ltr'><strong>omnibus.</strong></span> <span class='ocrx_word' id='word_1_487' title='bbox 1003 3626 1321 3698; x_wconf 86' lang='lat' dir='ltr'><strong>quicunque</strong></span> <span class='ocrx_word' id='word_1_488' title='bbox 1354 3625 1415 3678; x_wconf 89' lang='lat' dir='ltr'><strong>in</strong></span> <span class='ocrx_word' id='word_1_489' title='bbox 1455 3622 1727 3694; x_wconf 84' lang='lat' dir='ltr'><strong>dignitate</strong></span> <span class='ocrx_word' id='word_1_490' title='bbox 1759 3621 1977 3679; x_wconf 82' lang='lat' dir='ltr'><strong>consti-</strong></span> 
     </span>
    </p>
   </div>
   <div class='ocr_carea' id='block_1_71' title="bbox 397 3714 1975 3786">
    <p class='ocr_par' dir='ltr' id='par_1_71' title="bbox 397 3714 1975 3786">
     <span class='ocr_line' id='line_1_71' title="bbox 397 3714 1975 3786; baseline -0.004 -9"><span class='ocrx_word' id='word_1_491' title='bbox 397 3722 503 3777; x_wconf 85' lang='lat' dir='ltr'><strong>tuti</strong></span> <span class='ocrx_word' id='word_1_492' title='bbox 544 3728 699 3775; x_wconf 89' lang='lat' dir='ltr'><strong>erant</strong></span> <span class='ocrx_word' id='word_1_493' title='bbox 753 3719 812 3774; x_wconf 91' lang='lat' dir='ltr'><strong>in</strong></span> <span class='ocrx_word' id='word_1_494' title='bbox 843 3717 1164 3783; x_wconf 86' lang='lat' dir='ltr'><strong>servitutem</strong></span> <span class='ocrx_word' id='word_1_495' title='bbox 1188 3715 1451 3781; x_wconf 89' lang='lat' dir='ltr'><strong>redactis,</strong></span> <span class='ocrx_word' id='word_1_496' title='bbox 1483 3729 1549 3771; x_wconf 91' lang='lat' dir='ltr'><strong>ac</strong></span> <span class='ocrx_word' id='word_1_497' title='bbox 1580 3714 1813 3785; x_wconf 88' lang='lat' dir='ltr'><strong>reliquis</strong></span> <span class='ocrx_word' id='word_1_498' title='bbox 1848 3730 1975 3786; x_wconf 85' lang='lat' dir='ltr'><strong>rege</strong></span> 
     </span>
    </p>
   </div>
   <div class='ocr_carea' id='block_1_72' title="bbox 399 3806 1976 3880">
    <p class='ocr_par' dir='ltr' id='par_1_72' title="bbox 399 3806 1976 3880">
     <span class='ocr_line' id='line_1_72' title="bbox 399 3806 1976 3880; baseline -0.003 -13"><span class='ocrx_word' id='word_1_499' title='bbox 399 3812 704 3868; x_wconf 82' lang='lat' dir='ltr'><strong>constituto</strong></span> <span class='ocrx_word' id='word_1_500' title='bbox 736 3809 1007 3872; x_wconf 80' lang='lat' dir='ltr'><strong>Joacimo.</strong></span> <span class='ocrx_word' id='word_1_501' title='bbox 1041 3809 1133 3880; x_wconf 89' lang='lat' dir='ltr'><strong>qui</strong></span> <span class='ocrx_word' id='word_1_502' title='bbox 1164 3808 1331 3865; x_wconf 88' lang='lat' dir='ltr'><strong>etiam</strong></span> <span class='ocrx_word' id='word_1_503' title='bbox 1351 3806 1654 3864; x_wconf 75' lang='lat' dir='ltr'><strong>Jecbonias</strong></span> <span class='ocrx_word' id='word_1_504' title='bbox 1677 3808 1860 3865; x_wconf 80' lang='lat' dir='ltr'><strong>dictus</strong></span> <span class='ocrx_word' id='word_1_505' title='bbox 1891 3817 1976 3865; x_wconf 87' lang='lat' dir='ltr'><strong>est</strong></span> 
     </span>
    </p>
   </div>
   <div class='ocr_carea' id='block_1_73' title="bbox 400 3898 1974 3971">
    <p class='ocr_par' dir='ltr' id='par_1_73' title="bbox 400 3898 1974 3971">
     <span class='ocr_line' id='line_1_73' title="bbox 400 3898 1974 3971; baseline 0 -15"><span class='ocrx_word' id='word_1_506' title='bbox 400 3903 571 3971; x_wconf 81' lang='lat' dir='ltr'><strong>(illius</strong></span> <span class='ocrx_word' id='word_1_507' title='bbox 619 3910 800 3958; x_wconf 78' lang='lat' dir='ltr'><strong>autem</strong></span> <span class='ocrx_word' id='word_1_508' title='bbox 830 3901 923 3956; x_wconf 87' lang='lat' dir='ltr'><strong>hic</strong></span> <span class='ocrx_word' id='word_1_509' title='bbox 967 3900 1071 3956; x_wconf 79' lang='lat' dir='ltr'><strong>fuit</strong></span> <span class='ocrx_word' id='word_1_510' title='bbox 1097 3898 1382 3971; x_wconf 81' lang='lat' dir='ltr'><strong>Joacimi),</strong></span> <span class='ocrx_word' id='word_1_511' title='bbox 1413 3899 1749 3971; x_wconf 84' lang='lat' dir='ltr'><strong>Babylonem</strong></span> <span class='ocrx_word' id='word_1_512' title='bbox 1783 3916 1843 3956; x_wconf 90' lang='lat' dir='ltr'><strong>se</strong></span> <span class='ocrx_word' id='word_1_513' title='bbox 1877 3916 1974 3957; x_wconf 81' lang='lat' dir='ltr'><strong>re-</strong></span> 
     </span>
    </p>
   </div>
   <div class='ocr_carea' id='block_1_74' title="bbox 396 3992 1977 4066">
    <p class='ocr_par' dir='ltr' id='par_1_74' title="bbox 396 3992 1977 4066">
     <span class='ocr_line' id='line_1_74' title="bbox 396 3992 1977 4066; baseline -0.003 -14"><span class='ocrx_word' id='word_1_514' title='bbox 396 3995 567 4066; x_wconf 80' lang='lat' dir='ltr'><strong>cepit.</strong></span> <span class='ocrx_word' id='word_1_515' title='bbox 596 3993 801 4049; x_wconf 86' lang='lat' dir='ltr'><strong>Tribus</strong></span> <span class='ocrx_word' id='word_1_516' title='bbox 824 4000 1009 4049; x_wconf 85' lang='lat' dir='ltr'><strong>autem</strong></span> <span class='ocrx_word' id='word_1_517' title='bbox 1034 3992 1340 4058; x_wconf 88' lang='lat' dir='ltr'><strong>mensibus,</strong></span> <span class='ocrx_word' id='word_1_518' title='bbox 1364 3992 1559 4049; x_wconf 89' lang='lat' dir='ltr'><strong>diebus</strong></span> <span class='ocrx_word' id='word_1_519' title='bbox 1585 3992 1810 4063; x_wconf 88' lang='lat' dir='ltr'><strong>insuper</strong></span> <span class='ocrx_word' id='word_1_520' title='bbox 1840 4008 1977 4064; x_wconf 87' lang='lat' dir='ltr'><strong>pau-</strong></span> 
     </span>
    </p>
   </div>
   <div class='ocr_carea' id='block_1_75' title="bbox 397 4082 1971 4157">
    <p class='ocr_par' dir='ltr' id='par_1_75' title="bbox 397 4082 1971 4157">
     <span class='ocr_line' id='line_1_75' title="bbox 397 4082 1971 4157; baseline -0.004 -15"><span class='ocrx_word' id='word_1_521' title='bbox 397 4088 481 4143; x_wconf 85' lang='lat' dir='ltr'><strong>cis</strong></span> <span class='ocrx_word' id='word_1_522' title='bbox 511 4084 821 4157; x_wconf 71' lang='lat' dir='ltr'><strong>pmteritis,</strong></span> <span class='ocrx_word' id='word_1_523' title='bbox 867 4098 994 4139; x_wconf 89' lang='lat' dir='ltr'><strong>cum</strong></span> <span class='ocrx_word' id='word_1_524' title='bbox 1032 4084 1213 4154; x_wconf 87' lang='lat' dir='ltr'><strong>ipsum</strong></span> <span class='ocrx_word' id='word_1_525' title='bbox 1254 4083 1608 4153; x_wconf 82' lang='lat' dir='ltr'><strong>cognovisset</strong></span> <span class='ocrx_word' id='word_1_526' title='bbox 1643 4082 1971 4140; x_wconf 77' lang='lat' dir='ltr'><strong>seditionem</strong></span> 
     </span>
    </p>
   </div>
   <div class='ocr_carea' id='block_1_76' title="bbox 398 4171 1971 4241">
    <p class='ocr_par' dir='ltr' id='par_1_76' title="bbox 398 4171 1971 4241">
     <span class='ocr_line' id='line_1_76' title="bbox 398 4171 1971 4241; baseline -0.004 -10"><span class='ocrx_word' id='word_1_527' title='bbox 398 4175 731 4235; x_wconf 87' lang='lat' dir='ltr'><strong>concitasse,</strong></span> <span class='ocrx_word' id='word_1_528' title='bbox 790 4188 987 4229; x_wconf 82' lang='lat' dir='ltr'><strong>rursus</strong></span> <span class='ocrx_word' id='word_1_529' title='bbox 1047 4171 1385 4238; x_wconf 87' lang='lat' dir='ltr'><strong>revertitur,</strong></span> <span class='ocrx_word' id='word_1_530' title='bbox 1437 4186 1674 4241; x_wconf 89' lang='lat' dir='ltr'><strong>eumque</strong></span> <span class='ocrx_word' id='word_1_531' title='bbox 1723 4172 1971 4226; x_wconf 84' lang='lat' dir='ltr'><strong>vinctum</strong></span> 
     </span>
    </p>
   </div>
   <div class='ocr_carea' id='block_1_77' title="bbox 398 4263 1971 4335">
    <p class='ocr_par' dir='ltr' id='par_1_77' title="bbox 398 4263 1971 4335">
     <span class='ocr_line' id='line_1_77' title="bbox 398 4263 1971 4335; baseline -0.003 -15"><span class='ocrx_word' id='word_1_532' title='bbox 398 4282 523 4320; x_wconf 83' lang='lat' dir='ltr'><strong>eum</strong></span> <span class='ocrx_word' id='word_1_533' title='bbox 561 4264 707 4320; x_wconf 85' lang='lat' dir='ltr'><strong>haud</strong></span> <span class='ocrx_word' id='word_1_534' title='bbox 737 4264 1003 4320; x_wconf 87' lang='lat' dir='ltr'><strong>mediocri</strong></span> <span class='ocrx_word' id='word_1_535' title='bbox 1031 4263 1389 4320; x_wconf 87' lang='lat' dir='ltr'><strong>multitudine</strong></span> <span class='ocrx_word' id='word_1_536' title='bbox 1412 4265 1690 4335; x_wconf 88' lang='lat' dir='ltr'><strong>captivum</strong></span> <span class='ocrx_word' id='word_1_537' title='bbox 1727 4263 1971 4327; x_wconf 86' lang='lat' dir='ltr'><strong>abducit,</strong></span> 
     </span>
    </p>
   </div>
   <div class='ocr_carea' id='block_1_78' title="bbox 396 4354 1970 4429">
    <p class='ocr_par' dir='ltr' id='par_1_78' title="bbox 396 4354 1970 4429">
     <span class='ocr_line' id='line_1_78' title="bbox 396 4354 1970 4429; baseline -0.002 -16"><span class='ocrx_word' id='word_1_538' title='bbox 396 4373 695 4429; x_wconf 87' lang='lat' dir='ltr'><strong>regemque</strong></span> <span class='ocrx_word' id='word_1_539' title='bbox 722 4358 844 4428; x_wconf 87' lang='lat' dir='ltr'><strong>ejus</strong></span> <span class='ocrx_word' id='word_1_540' title='bbox 871 4365 1129 4427; x_wconf 86' lang='lat' dir='ltr'><strong>patruum</strong></span> <span class='ocrx_word' id='word_1_541' title='bbox 1152 4364 1305 4410; x_wconf 87' lang='lat' dir='ltr'><strong>creat</strong></span> <span class='ocrx_word' id='word_1_542' title='bbox 1326 4355 1497 4428; x_wconf 61' lang='lat'><strong>675,</strong></span> <span class='ocrx_word' id='word_1_543' title='bbox 1514 4355 1717 4427; x_wconf 86' lang='lat' dir='ltr'><strong>prioris</strong></span> <span class='ocrx_word' id='word_1_544' title='bbox 1739 4354 1970 4411; x_wconf 86' lang='lat' dir='ltr'><strong>Joacimi</strong></span> 
     </span>
    </p>
   </div>
   <div class='ocr_carea' id='block_1_79' title="bbox 394 4445 1974 4517">
    <p class='ocr_par' dir='ltr' id='par_1_79' title="bbox 394 4445 1974 4517">
     <span class='ocr_line' id='line_1_79' title="bbox 394 4445 1974 4517; baseline -0.003 -12"><span class='ocrx_word' id='word_1_545' title='bbox 394 4450 643 4515; x_wconf 73' lang='lat' dir='ltr'><strong>fratrem,</strong></span> <span class='ocrx_word' id='word_1_546' title='bbox 670 4448 835 4505; x_wconf 66' lang='lat' dir='ltr'><strong>Josia:</strong></span> <span class='ocrx_word' id='word_1_547' title='bbox 875 4447 1069 4515; x_wconf 81' lang='lat' dir='ltr'><strong>tilium,</strong></span> <span class='ocrx_word' id='word_1_548' title='bbox 1141 4445 1495 4512; x_wconf 77' lang='lat' dir='ltr'><strong>Matbaniam,</strong></span> <span class='ocrx_word' id='word_1_549' title='bbox 1530 4446 1625 4517; x_wconf 88' lang='lat' dir='ltr'><strong>qui</strong></span> <span class='ocrx_word' id='word_1_550' title='bbox 1653 4446 1820 4501; x_wconf 88' lang='lat' dir='ltr'><strong>etiam</strong></span> <span class='ocrx_word' id='word_1_551' title='bbox 1873 4445 1974 4501; x_wconf 89' lang='lat' dir='ltr'><strong>Se-</strong></span> 
     </span>
    </p>
   </div>
   <div class='ocr_carea' id='block_1_80' title="bbox 397 4534 1975 4610">
    <p class='ocr_par' dir='ltr' id='par_1_80' title="bbox 397 4534 1975 4610">
     <span class='ocr_line' id='line_1_80' title="bbox 397 4534 1975 4610; baseline -0.007 -14"><span class='ocrx_word' id='word_1_552' title='bbox 397 4541 584 4597; x_wconf 88' lang='lat' dir='ltr'><strong>decias</strong></span> <span class='ocrx_word' id='word_1_553' title='bbox 620 4539 928 4610; x_wconf 86' lang='lat' dir='ltr'><strong>appellatus</strong></span> <span class='ocrx_word' id='word_1_554' title='bbox 960 4545 1065 4604; x_wconf 89' lang='lat' dir='ltr'><strong>est,</strong></span> <span class='ocrx_word' id='word_1_555' title='bbox 1108 4537 1177 4592; x_wconf 89' lang='lat' dir='ltr'><strong>ab</strong></span> <span class='ocrx_word' id='word_1_556' title='bbox 1215 4548 1281 4592; x_wconf 91' lang='lat' dir='ltr'><strong>eo</strong></span> <span class='ocrx_word' id='word_1_557' title='bbox 1310 4534 1676 4607; x_wconf 86' lang='lat' dir='ltr'><strong>jurejurando</strong></span> <span class='ocrx_word' id='word_1_558' title='bbox 1721 4541 1975 4605; x_wconf 88' lang='lat' dir='ltr'><strong>accepto.</strong></span> 
     </span>
    </p>
   </div>
   <div class='ocr_carea' id='block_1_81' title="bbox 396 4612 1988 4698">
    <p class='ocr_par' dir='ltr' id='par_1_81' title="bbox 396 4612 1988 4698">
     <span class='ocr_line' id='line_1_81' title="bbox 396 4612 1988 4698; baseline -0.006 -9"><span class='ocrx_word' id='word_1_559' title='bbox 396 4612 515 4691; x_wconf 65' lang='lat' dir='ltr'><strong>lore</strong></span> <span class='ocrx_word' id='word_1_560' title='bbox 549 4647 675 4687; x_wconf 90' lang='lat' dir='ltr'><strong>eum</strong></span> <span class='ocrx_word' id='word_1_561' title='bbox 715 4631 821 4688; x_wconf 91' lang='lat' dir='ltr'><strong>sibi</strong></span> <span class='ocrx_word' id='word_1_562' title='bbox 856 4630 1024 4685; x_wconf 75' lang='lat' dir='ltr'><strong>[idum</strong></span> <span class='ocrx_word' id='word_1_563' title='bbox 1061 4627 1522 4698; x_wconf 88' lang='lat' dir='ltr'><strong>benevolumque,</strong></span> <span class='ocrx_word' id='word_1_564' title='bbox 1559 4633 1617 4683; x_wconf 86' lang='lat' dir='ltr'><strong>et</strong></span> <span class='ocrx_word' id='word_1_565' title='bbox 1642 4633 1789 4682; x_wconf 90' lang='lat' dir='ltr'><strong>stato</strong></span> <span class='ocrx_word' id='word_1_566' title='bbox 1831 4632 1947 4680; x_wconf 87' lang='lat' dir='ltr'><strong>tem</strong></span> <span class='ocrx_word' id='word_1_567' title='bbox 1980 4644 1988 4653; x_wconf 90' lang='grc'><strong>·</strong></span> 
     </span>
    </p>
   </div>
   <div class='ocr_carea' id='block_1_82' title="bbox 397 4718 1972 4792">
    <p class='ocr_par' dir='ltr' id='par_1_82' title="bbox 397 4718 1972 4792">
     <span class='ocr_line' id='line_1_82' title="bbox 397 4718 1972 4792; baseline -0.004 -15"><span class='ocrx_word' id='word_1_568' title='bbox 397 4738 528 4792; x_wconf 92' lang='lat' dir='ltr'><strong>pore</strong></span> <span class='ocrx_word' id='word_1_569' title='bbox 561 4723 872 4778; x_wconf 89' lang='lat' dir='ltr'><strong>soluturum</strong></span> <span class='ocrx_word' id='word_1_570' title='bbox 909 4721 1201 4776; x_wconf 88' lang='lat' dir='ltr'><strong>tributum.</strong></span> <span class='ocrx_word' id='word_1_571' title='bbox 1235 4718 1437 4775; x_wconf 80' lang='lat' dir='ltr'><strong>Verum</strong></span> <span class='ocrx_word' id='word_1_572' title='bbox 1473 4733 1597 4774; x_wconf 91' lang='lat' dir='ltr'><strong>cum</strong></span> <span class='ocrx_word' id='word_1_573' title='bbox 1624 4718 1717 4773; x_wconf 90' lang='lat' dir='ltr'><strong>hic</strong></span> <span class='ocrx_word' id='word_1_574' title='bbox 1752 4730 1972 4788; x_wconf 85' lang='lat' dir='ltr'><strong>quoque</strong></span> 
     </span>
    </p>
   </div>
   <div class='ocr_carea' id='block_1_83' title="bbox 396 4806 1971 4885">
    <p class='ocr_par' dir='ltr' id='par_1_83' title="bbox 396 4806 1971 4885">
     <span class='ocr_line' id='line_1_83' title="bbox 396 4806 1971 4885; baseline -0.006 -18"><span class='ocrx_word' id='word_1_575' title='bbox 396 4811 602 4885; x_wconf 71' lang='lat' dir='ltr'><strong>violato</strong></span> <span class='ocrx_word' id='word_1_576' title='bbox 650 4809 1017 4879; x_wconf 88' lang='lat' dir='ltr'><strong>jurejurando</strong></span> <span class='ocrx_word' id='word_1_577' title='bbox 1074 4809 1339 4864; x_wconf 88' lang='lat' dir='ltr'><strong>tributum</strong></span> <span class='ocrx_word' id='word_1_578' title='bbox 1388 4807 1617 4863; x_wconf 89' lang='lat' dir='ltr'><strong>reddere</strong></span> <span class='ocrx_word' id='word_1_579' title='bbox 1667 4806 1971 4869; x_wconf 88' lang='lat' dir='ltr'><strong>noluisset,</strong></span> 
     </span>
    </p>
   </div>
   <div class='ocr_carea' id='block_1_84' title="bbox 397 4896 1970 4970">
    <p class='ocr_par' dir='ltr' id='par_1_84' title="bbox 397 4896 1970 4970">
     <span class='ocr_line' id='line_1_84' title="bbox 397 4896 1970 4970; baseline -0.003 -15"><span class='ocrx_word' id='word_1_580' title='bbox 397 4916 575 4970; x_wconf 89' lang='lat' dir='ltr'><strong>neque</strong></span> <span class='ocrx_word' id='word_1_581' title='bbox 600 4901 652 4953; x_wconf 90' lang='lat' dir='ltr'><strong>in</strong></span> <span class='ocrx_word' id='word_1_582' title='bbox 679 4899 857 4954; x_wconf 78' lang='lat' dir='ltr'><strong>cilicio</strong></span> <span class='ocrx_word' id='word_1_583' title='bbox 883 4908 938 4954; x_wconf 92' lang='lat' dir='ltr'><strong>et</strong></span> <span class='ocrx_word' id='word_1_584' title='bbox 965 4899 1071 4953; x_wconf 85' lang='lat' dir='ltr'><strong>tide</strong></span> <span class='ocrx_word' id='word_1_585' title='bbox 1089 4899 1410 4963; x_wconf 88' lang='lat' dir='ltr'><strong>mansisset,</strong></span> <span class='ocrx_word' id='word_1_586' title='bbox 1436 4898 1533 4953; x_wconf 90' lang='lat' dir='ltr'><strong>sed</strong></span> <span class='ocrx_word' id='word_1_587' title='bbox 1559 4896 1625 4951; x_wconf 91' lang='lat' dir='ltr'><strong>ad</strong></span> <span class='ocrx_word' id='word_1_588' title='bbox 1681 4896 1970 4967; x_wconf 66' lang='lat' dir='ltr'><strong>Egyptios</strong></span> 
     </span>
    </p>
   </div>
   <div class='ocr_carea' id='block_1_85' title="bbox 2080 3251 3636 3333">
    <p class='ocr_par' dir='ltr' id='par_1_85' title="bbox 2080 3251 3636 3333">
     <span class='ocr_line' id='line_1_85' title="bbox 2080 3251 3636 3333; baseline 0.006 -30"><span class='ocrx_word' id='word_1_589' title='bbox 2080 3251 2435 3322; x_wconf 82' lang='grc' dir='ltr'>συγκείμενον</span> <span class='ocrx_word' id='word_1_590' title='bbox 2472 3254 2573 3307; x_wconf 81' lang='grc' dir='ltr'>οὐκ</span> <span class='ocrx_word' id='word_1_591' title='bbox 2615 3253 2843 3327; x_wconf 61' lang='grc' dir='ltr'>ἠθέλησε</span> <span class='ocrx_word' id='word_1_592' title='bbox 2896 3258 3059 3329; x_wconf 82' lang='grc' dir='ltr'>φόρον</span> <span class='ocrx_word' id='word_1_593' title='bbox 3082 3276 3097 3291; x_wconf 77' lang='grc' dir='ltr'><strong>ο</strong></span> <span class='ocrx_word' id='word_1_594' title='bbox 3128 3260 3158 3312; x_wconf 90' lang='lat'><strong>6</strong></span> <span class='ocrx_word' id='word_1_595' title='bbox 3197 3261 3256 3315; x_wconf 78' lang='grc' dir='ltr'>δὲ</span> <span class='ocrx_word' id='word_1_596' title='bbox 3277 3261 3636 3333; x_wconf 81' lang='grc' dir='ltr'>Ναϐουχοδονό-</span> 
     </span>
    </p>
   </div>
   <div class='ocr_carea' id='block_1_86' title="bbox 2079 3342 3634 3421">
    <p class='ocr_par' dir='ltr' id='par_1_86' title="bbox 2079 3342 3634 3421">
     <span class='ocr_line' id='line_1_86' title="bbox 2079 3342 3634 3421; baseline 0.006 -26"><span class='ocrx_word' id='word_1_597' title='bbox 2079 3358 2177 3413; x_wconf 88' lang='grc' dir='ltr'><strong>σορ</strong></span> <span class='ocrx_word' id='word_1_598' title='bbox 2208 3342 2286 3413; x_wconf 82' lang='grc' dir='ltr'>τῷ</span> <span class='ocrx_word' id='word_1_599' title='bbox 2310 3342 2580 3416; x_wconf 77' lang='grc' dir='ltr'>ἑνδεκάτῳ</span> <span class='ocrx_word' id='word_1_600' title='bbox 2609 3344 2716 3399; x_wconf 74' lang='grc' dir='ltr'>ἔτει</span> <span class='ocrx_word' id='word_1_601' title='bbox 2743 3347 2843 3418; x_wconf 83' lang='grc' dir='ltr'>τῆς</span> <span class='ocrx_word' id='word_1_602' title='bbox 2866 3347 3059 3403; x_wconf 90' lang='grc' dir='ltr'>τούτου</span> <span class='ocrx_word' id='word_1_603' title='bbox 3083 3349 3384 3420; x_wconf 84' lang='grc' dir='ltr'>βασιλείας,</span> <span class='ocrx_word' id='word_1_604' title='bbox 3411 3350 3567 3421; x_wconf 75' lang='grc' dir='ltr'>ὀγδόῳ</span> <span class='ocrx_word' id='word_1_605' title='bbox 3585 3349 3634 3404; x_wconf 62' lang='grc' dir='ltr'><strong>δέ</strong></span> 
     </span>
    </p>
   </div>
   <div class='ocr_carea' id='block_1_87' title="bbox 2076 3434 3637 3515">
    <p class='ocr_par' dir='ltr' id='par_1_87' title="bbox 2076 3434 3637 3515">
     <span class='ocr_line' id='line_1_87' title="bbox 2076 3434 3637 3515; baseline 0.007 -30"><span class='ocrx_word' id='word_1_606' title='bbox 2076 3434 2177 3503; x_wconf 80' lang='grc' dir='ltr'>τῆς</span> <span class='ocrx_word' id='word_1_607' title='bbox 2197 3434 2403 3499; x_wconf 87' lang='grc' dir='ltr'>οἰκείας</span> <span class='ocrx_word' id='word_1_608' title='bbox 2422 3436 2739 3507; x_wconf 79' lang='grc' dir='ltr'>ἡγεμονίας,</span> <span class='ocrx_word' id='word_1_609' title='bbox 2765 3438 2927 3493; x_wconf 74' lang='grc' dir='ltr'>πάλιν</span> <span class='ocrx_word' id='word_1_610' title='bbox 2956 3441 3342 3514; x_wconf 78' lang='grc' dir='ltr'>ἐπιστρατεύει</span> <span class='ocrx_word' id='word_1_611' title='bbox 3366 3446 3470 3507; x_wconf 80' lang='grc' dir='ltr'>τοῖς</span> <span class='ocrx_word' id='word_1_612' title='bbox 3502 3442 3637 3515; x_wconf 81' lang='grc' dir='ltr'>Ἰερο-</span> 
     </span>
    </p>
   </div>
   <div class='ocr_carea' id='block_1_88' title="bbox 2080 3522 3635 3605">
    <p class='ocr_par' dir='ltr' id='par_1_88' title="bbox 2080 3522 3635 3605">
     <span class='ocr_line' id='line_1_88' title="bbox 2080 3522 3635 3605; baseline 0.006 -29"><span class='ocrx_word' id='word_1_613' title='bbox 2080 3522 2365 3596; x_wconf 78' lang='grc' dir='ltr'>σολύμοιςο</span> <span class='ocrx_word' id='word_1_614' title='bbox 2415 3527 2512 3581; x_wconf 68' lang='grc' dir='ltr'>καὶ</span> <span class='ocrx_word' id='word_1_615' title='bbox 2560 3529 2652 3581; x_wconf 83' lang='grc' dir='ltr'>τὸν</span> <span class='ocrx_word' id='word_1_616' title='bbox 2688 3529 2787 3598; x_wconf 67' lang='grc' dir='ltr'>μιν</span> <span class='ocrx_word' id='word_1_617' title='bbox 2829 3530 3088 3603; x_wconf 76' lang='grc' dir='ltr'>Ἰωακεὶμ</span> <span class='ocrx_word' id='word_1_618' title='bbox 3133 3534 3371 3605; x_wconf 81' lang='grc' dir='ltr'>ἀναιρεῖ,</span> <span class='ocrx_word' id='word_1_619' title='bbox 3414 3534 3503 3588; x_wconf 69' lang='grc' dir='ltr'><strong>καὶ</strong></span> <span class='ocrx_word' id='word_1_620' title='bbox 3543 3530 3635 3586; x_wconf 71' lang='grc' dir='ltr'><strong>άπδ</strong></span> 
     </span>
    </p>
   </div>
   <div class='ocr_carea' id='block_1_89' title="bbox 2075 3615 3632 3694">
    <p class='ocr_par' dir='ltr' id='par_1_89' title="bbox 2075 3615 3632 3694">
     <span class='ocr_line' id='line_1_89' title="bbox 2075 3615 3632 3694; baseline 0.006 -27"><span class='ocrx_word' id='word_1_621' title='bbox 2075 3615 2171 3668; x_wconf 82' lang='grc' dir='ltr'>τοῦ</span> <span class='ocrx_word' id='word_1_622' title='bbox 2193 3617 2404 3688; x_wconf 85' lang='grc' dir='ltr'>τείχους</span> <span class='ocrx_word' id='word_1_623' title='bbox 2427 3618 2651 3689; x_wconf 78' lang='grc' dir='ltr'>ῥιφῆναι</span> <span class='ocrx_word' id='word_1_624' title='bbox 2677 3620 2928 3675; x_wconf 87' lang='grc' dir='ltr'>ἐκέλευσε</span> <span class='ocrx_word' id='word_1_625' title='bbox 2953 3622 3020 3688; x_wconf 75' lang='grc'><strong>³⁸,</strong></span> <span class='ocrx_word' id='word_1_626' title='bbox 3043 3621 3137 3677; x_wconf 86' lang='grc' dir='ltr'><strong>καὶ</strong></span> <span class='ocrx_word' id='word_1_627' title='bbox 3166 3626 3375 3694; x_wconf 77' lang='grc' dir='ltr'>ἄταφον</span> <span class='ocrx_word' id='word_1_628' title='bbox 3397 3626 3482 3678; x_wconf 78' lang='grc' dir='ltr'><strong>ἐπὶ</strong></span> <span class='ocrx_word' id='word_1_629' title='bbox 3502 3625 3632 3678; x_wconf 79' lang='grc' dir='ltr'>πλείο</span> 
     </span>
    </p>
   </div>
   <div class='ocr_carea' id='block_1_90' title="bbox 2082 3707 3633 3781">
    <p class='ocr_par' dir='ltr' id='par_1_90' title="bbox 2082 3707 3633 3781">
     <span class='ocr_line' id='line_1_90' title="bbox 2082 3707 3633 3781; baseline 0.006 -24"><span class='ocrx_word' id='word_1_630' title='bbox 2082 3721 2207 3758; x_wconf 91' lang='grc' dir='ltr'>στον</span> <span class='ocrx_word' id='word_1_631' title='bbox 2241 3707 2560 3762; x_wconf 81' lang='grc' dir='ltr'>καταλείπει</span> <span class='ocrx_word' id='word_1_632' title='bbox 2590 3710 2631 3741; x_wconf 76' lang='grc'><strong>¹⁹</strong></span> <span class='ocrx_word' id='word_1_633' title='bbox 2665 3711 2885 3781; x_wconf 79' lang='grc' dir='ltr'>χρόνον’</span> <span class='ocrx_word' id='word_1_634' title='bbox 2919 3713 3046 3776; x_wconf 81' lang='grc' dir='ltr'>τοὺς</span> <span class='ocrx_word' id='word_1_635' title='bbox 3079 3713 3135 3767; x_wconf 85' lang='grc' dir='ltr'>δὲ</span> <span class='ocrx_word' id='word_1_636' title='bbox 3174 3716 3235 3767; x_wconf 86' lang='grc' dir='ltr'><strong>ἐν</strong></span> <span class='ocrx_word' id='word_1_637' title='bbox 3265 3716 3405 3769; x_wconf 80' lang='grc' dir='ltr'>τέλει</span> <span class='ocrx_word' id='word_1_638' title='bbox 3452 3717 3633 3777; x_wconf 80' lang='grc' dir='ltr'>πάντας</span> 
     </span>
    </p>
   </div>
   <div class='ocr_carea' id='block_1_91' title="bbox 2076 3798 3633 3879">
    <p class='ocr_par' dir='ltr' id='par_1_91' title="bbox 2076 3798 3633 3879">
     <span class='ocr_line' id='line_1_91' title="bbox 2076 3798 3633 3879; baseline 0.004 -25"><span class='ocrx_word' id='word_1_639' title='bbox 2076 3798 2458 3871; x_wconf 79' lang='grc' dir='ltr'>αἰχμαλώτους</span> <span class='ocrx_word' id='word_1_640' title='bbox 2493 3800 2693 3867; x_wconf 86' lang='grc' dir='ltr'>λαϐὼν,</span> <span class='ocrx_word' id='word_1_641' title='bbox 2730 3803 2826 3856; x_wconf 78' lang='grc' dir='ltr'>καὶ</span> <span class='ocrx_word' id='word_1_642' title='bbox 2862 3805 2977 3869; x_wconf 85' lang='grc' dir='ltr'>τοῖς</span> <span class='ocrx_word' id='word_1_643' title='bbox 3021 3805 3393 3877; x_wconf 80' lang='grc' dir='ltr'>ὑπολειφθεῖσι</span> <span class='ocrx_word' id='word_1_644' title='bbox 3424 3823 3633 3879; x_wconf 85' lang='grc' dir='ltr'>χειροτο-</span> 
     </span>
    </p>
   </div>
   <div class='ocr_carea' id='block_1_92' title="bbox 2076 3890 3632 3969">
    <p class='ocr_par' dir='ltr' id='par_1_92' title="bbox 2076 3890 3632 3969">
     <span class='ocr_line' id='line_1_92' title="bbox 2076 3890 3632 3969; baseline -0.026 -16"><span class='ocrx_word' id='word_1_645' title='bbox 2076 3893 2244 3963; x_wconf 82' lang='grc' dir='ltr'>νήσας</span> <span class='ocrx_word' id='word_1_646' title='bbox 2276 3890 2499 3962; x_wconf 80' lang='grc' dir='ltr'>βασιλέα</span> <span class='ocrx_word' id='word_1_647' title='bbox 2543 3894 2818 3966; x_wconf 89' lang='grc' dir='ltr'>Ἰωακειμ,</span> <span class='ocrx_word' id='word_1_648' title='bbox 2854 3895 2947 3949; x_wconf 90' lang='grc' dir='ltr'>τὸν</span> <span class='ocrx_word' id='word_1_649' title='bbox 2992 3897 3087 3950; x_wconf 76' lang='grc' dir='ltr'>καὶ</span> <span class='ocrx_word' id='word_1_650' title='bbox 3136 3898 3183 3929; x_wconf 75' lang='grc' dir='ltr'>η</span> <span class='ocrx_word' id='word_1_651' title='bbox 3224 3899 3473 3969; x_wconf 64' lang='grc' dir='ltr'><strong>Ἰεχονίαν</strong></span> <span class='ocrx_word' id='word_1_652' title='bbox 3517 3897 3632 3969; x_wconf 46' lang='lat' dir='ltr'><strong>(9w;</strong></span> 
     </span>
    </p>
   </div>
   <div class='ocr_carea' id='block_1_93' title="bbox 2075 3976 3628 4059">
    <p class='ocr_par' dir='ltr' id='par_1_93' title="bbox 2075 3976 3628 4059">
     <span class='ocr_line' id='line_1_93' title="bbox 2075 3976 3628 4059; baseline 0.005 -23"><span class='ocrx_word' id='word_1_653' title='bbox 2075 3981 2132 4036; x_wconf 81' lang='grc' dir='ltr'>δὲ</span> <span class='ocrx_word' id='word_1_654' title='bbox 2175 3976 2328 4045; x_wconf 74' lang='grc' dir='ltr'>οὗτος</span> <span class='ocrx_word' id='word_1_655' title='bbox 2371 3984 2415 4014; x_wconf 73' lang='grc'><strong>’⁸</strong></span> <span class='ocrx_word' id='word_1_656' title='bbox 2453 3977 2522 4055; x_wconf 83' lang='grc' dir='ltr'>ἦν</span> <span class='ocrx_word' id='word_1_657' title='bbox 2558 3985 2867 4057; x_wconf 80' lang='grc' dir='ltr'>Ἰωακεὶμ),</span> <span class='ocrx_word' id='word_1_658' title='bbox 2928 3988 3141 4059; x_wconf 82' lang='grc' dir='ltr'>ἀπῆρεν</span> <span class='ocrx_word' id='word_1_659' title='bbox 3208 3991 3288 4055; x_wconf 84' lang='grc' dir='ltr'><strong>εἰς</strong></span> <span class='ocrx_word' id='word_1_660' title='bbox 3345 3990 3628 4046; x_wconf 81' lang='grc' dir='ltr'>Βαϐυλῶνα.</span> 
     </span>
    </p>
   </div>
   <div class='ocr_carea' id='block_1_94' title="bbox 2075 4074 3625 4153">
    <p class='ocr_par' dir='ltr' id='par_1_94' title="bbox 2075 4074 3625 4153">
     <span class='ocr_line' id='line_1_94' title="bbox 2075 4074 3625 4153; baseline 0.008 -25"><span class='ocrx_word' id='word_1_661' title='bbox 2075 4074 2256 4146; x_wconf 83' lang='grc' dir='ltr'>Τριῶν</span> <span class='ocrx_word' id='word_1_662' title='bbox 2288 4074 2342 4128; x_wconf 82' lang='grc' dir='ltr'>δὲ</span> <span class='ocrx_word' id='word_1_663' title='bbox 2371 4075 2557 4147; x_wconf 79' lang='grc' dir='ltr'>μηνῶν</span> <span class='ocrx_word' id='word_1_664' title='bbox 2583 4077 2721 4146; x_wconf 83' lang='grc' dir='ltr'>πρὸς</span> <span class='ocrx_word' id='word_1_665' title='bbox 2749 4078 2958 4147; x_wconf 82' lang='grc' dir='ltr'>ὀλίγαις</span> <span class='ocrx_word' id='word_1_666' title='bbox 2981 4080 3222 4153; x_wconf 78' lang='grc' dir='ltr'>ἡμέραις</span> <span class='ocrx_word' id='word_1_667' title='bbox 3251 4082 3551 4137; x_wconf 83' lang='grc' dir='ltr'>διελθόντων</span> <span class='ocrx_word' id='word_1_668' title='bbox 3570 4081 3625 4141; x_wconf 74' lang='grc' dir='ltr'><strong>”ς</strong></span> 
     </span>
    </p>
   </div>
   <div class='ocr_carea' id='block_1_95' title="bbox 2077 4168 3629 4243">
    <p class='ocr_par' dir='ltr' id='par_1_95' title="bbox 2077 4168 3629 4243">
     <span class='ocr_line' id='line_1_95' title="bbox 2077 4168 3629 4243; baseline 0.004 -24"><span class='ocrx_word' id='word_1_669' title='bbox 2077 4168 2446 4222; x_wconf 81' lang='grc' dir='ltr'>στασιάσαντα</span> <span class='ocrx_word' id='word_1_670' title='bbox 2479 4168 2667 4223; x_wconf 82' lang='grc' dir='ltr'>τοῦτον</span> <span class='ocrx_word' id='word_1_671' title='bbox 2721 4169 2935 4240; x_wconf 88' lang='grc' dir='ltr'>μαθὼν,</span> <span class='ocrx_word' id='word_1_672' title='bbox 2971 4171 3134 4226; x_wconf 89' lang='grc' dir='ltr'>πάλιν</span> <span class='ocrx_word' id='word_1_673' title='bbox 3185 4175 3515 4243; x_wconf 69' lang='grc' dir='ltr'>άφικνείταν</span> <span class='ocrx_word' id='word_1_674' title='bbox 3549 4173 3629 4225; x_wconf 72' lang='grc' dir='ltr'>καὶ</span> 
     </span>
    </p>
   </div>
   <div class='ocr_carea' id='block_1_96' title="bbox 2074 4256 3629 4336">
    <p class='ocr_par' dir='ltr' id='par_1_96' title="bbox 2074 4256 3629 4336">
     <span class='ocr_line' id='line_1_96' title="bbox 2074 4256 3629 4336; baseline 0.005 -27"><span class='ocrx_word' id='word_1_675' title='bbox 2074 4256 2262 4311; x_wconf 82' lang='grc' dir='ltr'>τοῦτον</span> <span class='ocrx_word' id='word_1_676' title='bbox 2294 4257 2393 4328; x_wconf 86' lang='grc' dir='ltr'>μὲν</span> <span class='ocrx_word' id='word_1_677' title='bbox 2422 4259 2663 4329; x_wconf 82' lang='grc' dir='ltr'>πεδήσας</span> <span class='ocrx_word' id='word_1_678' title='bbox 2688 4263 2825 4330; x_wconf 87' lang='grc' dir='ltr'>μετὰ</span> <span class='ocrx_word' id='word_1_679' title='bbox 2854 4260 3097 4333; x_wconf 86' lang='grc' dir='ltr'>πλήθους</span> <span class='ocrx_word' id='word_1_680' title='bbox 3138 4265 3244 4319; x_wconf 78' lang='grc' dir='ltr'>οὐκ</span> <span class='ocrx_word' id='word_1_681' title='bbox 3272 4266 3447 4335; x_wconf 81' lang='grc' dir='ltr'>ὀλίγου</span> <span class='ocrx_word' id='word_1_682' title='bbox 3498 4265 3629 4336; x_wconf 86' lang='grc' dir='ltr'>δορυ-</span> 
     </span>
    </p>
   </div>
   <div class='ocr_carea' id='block_1_97' title="bbox 2077 4348 3627 4426">
    <p class='ocr_par' dir='ltr' id='par_1_97' title="bbox 2077 4348 3627 4426">
     <span class='ocr_line' id='line_1_97' title="bbox 2077 4348 3627 4426; baseline 0.004 -23"><span class='ocrx_word' id='word_1_683' title='bbox 2077 4348 2281 4404; x_wconf 84' lang='grc' dir='ltr'>άλωτον</span> <span class='ocrx_word' id='word_1_684' title='bbox 2305 4350 2509 4420; x_wconf 83' lang='grc' dir='ltr'>ἀπάγει</span> <span class='ocrx_word' id='word_1_685' title='bbox 2531 4391 2546 4415; x_wconf 92' lang='grc'><strong>,</strong></span> <span class='ocrx_word' id='word_1_686' title='bbox 2579 4352 2868 4424; x_wconf 86' lang='grc' dir='ltr'>καθίστησι</span> <span class='ocrx_word' id='word_1_687' title='bbox 2911 4354 2969 4409; x_wconf 86' lang='grc' dir='ltr'><strong>δέ</strong></span> <span class='ocrx_word' id='word_1_688' title='bbox 2994 4355 3040 4388; x_wconf 78' lang='grc'><strong>’³</strong></span> <span class='ocrx_word' id='word_1_689' title='bbox 3072 4356 3302 4426; x_wconf 87' lang='grc' dir='ltr'>βασιλέα</span> <span class='ocrx_word' id='word_1_690' title='bbox 3349 4357 3438 4411; x_wconf 79' lang='grc' dir='ltr'>τὸν</span> <span class='ocrx_word' id='word_1_691' title='bbox 3466 4355 3627 4411; x_wconf 83' lang='grc' dir='ltr'>τούτου</span> 
     </span>
    </p>
   </div>
   <div class='ocr_carea' id='block_1_98' title="bbox 2080 4439 3628 4520">
    <p class='ocr_par' dir='ltr' id='par_1_98' title="bbox 2080 4439 3628 4520">
     <span class='ocr_line' id='line_1_98' title="bbox 2080 4439 3628 4520; baseline 0.005 -27"><span class='ocrx_word' id='word_1_692' title='bbox 2080 4441 2178 4511; x_wconf 86' lang='grc' dir='ltr'>μὲν</span> <span class='ocrx_word' id='word_1_693' title='bbox 2209 4439 2370 4504; x_wconf 77' lang='grc' dir='ltr'>θετον,</span> <span class='ocrx_word' id='word_1_694' title='bbox 2399 4442 2494 4495; x_wconf 84' lang='grc' dir='ltr'><strong>τοῦ</strong></span> <span class='ocrx_word' id='word_1_695' title='bbox 2528 4444 2584 4503; x_wconf 82' lang='grc' dir='ltr'>δὲ</span> <span class='ocrx_word' id='word_1_696' title='bbox 2616 4444 2882 4516; x_wconf 86' lang='grc' dir='ltr'>προτέρου</span> <span class='ocrx_word' id='word_1_697' title='bbox 2909 4446 2955 4479; x_wconf 70' lang='grc'><strong>’⁸</strong></span> <span class='ocrx_word' id='word_1_698' title='bbox 2982 4446 3240 4520; x_wconf 73' lang='grc' dir='ltr'>Ἰωακεὶμ</span> <span class='ocrx_word' id='word_1_699' title='bbox 3269 4448 3507 4520; x_wconf 72' lang='grc' dir='ltr'>ἀδελφὸν,</span> <span class='ocrx_word' id='word_1_700' title='bbox 3540 4449 3628 4500; x_wconf 83' lang='grc' dir='ltr'>Ἰω-</span> 
     </span>
    </p>
   </div>
   <div class='ocr_carea' id='block_1_99' title="bbox 2076 4533 3628 4611">
    <p class='ocr_par' dir='ltr' id='par_1_99' title="bbox 2076 4533 3628 4611">
     <span class='ocr_line' id='line_1_99' title="bbox 2076 4533 3628 4611; baseline 0.01 -26"><span class='ocrx_word' id='word_1_701' title='bbox 2076 4533 2191 4586; x_wconf 89' lang='grc' dir='ltr'>σίου</span> <span class='ocrx_word' id='word_1_702' title='bbox 2241 4533 2299 4587; x_wconf 78' lang='grc' dir='ltr'><strong>δέ</strong></span> <span class='ocrx_word' id='word_1_703' title='bbox 2342 4534 2476 4598; x_wconf 86' lang='grc' dir='ltr'>υἱὸν,</span> <span class='ocrx_word' id='word_1_704' title='bbox 2522 4535 2829 4604; x_wconf 86' lang='grc' dir='ltr'>Μαθανίαν,</span> <span class='ocrx_word' id='word_1_705' title='bbox 2867 4538 2961 4593; x_wconf 80' lang='grc' dir='ltr'>τὸν</span> <span class='ocrx_word' id='word_1_706' title='bbox 3014 4541 3111 4595; x_wconf 80' lang='grc' dir='ltr'>καὶ</span> <span class='ocrx_word' id='word_1_707' title='bbox 3156 4542 3426 4601; x_wconf 84' lang='grc' dir='ltr'>Σεδεκίαν.</span> <span class='ocrx_word' id='word_1_708' title='bbox 3456 4544 3628 4611; x_wconf 74' lang='grc' dir='ltr'>ὅρκους</span> 
     </span>
    </p>
   </div>
   <div class='ocr_carea' id='block_1_100' title="bbox 2073 4623 3626 4701">
    <p class='ocr_par' dir='ltr' id='par_1_100' title="bbox 2073 4623 3626 4701">
     <span class='ocr_line' id='line_1_100' title="bbox 2073 4623 3626 4701; baseline 0.005 -27"><span class='ocrx_word' id='word_1_709' title='bbox 2073 4623 2206 4693; x_wconf 72' lang='grc' dir='ltr'>παρ’</span> <span class='ocrx_word' id='word_1_710' title='bbox 2228 4623 2393 4676; x_wconf 80' lang='grc' dir='ltr'>αὐτοῦ</span> <span class='ocrx_word' id='word_1_711' title='bbox 2419 4623 2617 4689; x_wconf 85' lang='grc' dir='ltr'>λαϐὼν,</span> <span class='ocrx_word' id='word_1_712' title='bbox 2641 4625 2717 4689; x_wconf 85' lang='grc' dir='ltr'>ὡς</span> <span class='ocrx_word' id='word_1_713' title='bbox 2741 4627 2836 4680; x_wconf 74' lang='grc' dir='ltr'>καὶ</span> <span class='ocrx_word' id='word_1_714' title='bbox 2864 4627 2962 4701; x_wconf 79' lang='grc' dir='ltr'><strong>τήν</strong></span> <span class='ocrx_word' id='word_1_715' title='bbox 2998 4631 3128 4701; x_wconf 78' lang='grc' dir='ltr'>περὶ</span> <span class='ocrx_word' id='word_1_716' title='bbox 3164 4632 3328 4686; x_wconf 78' lang='grc' dir='ltr'>αὐτὸν</span> <span class='ocrx_word' id='word_1_717' title='bbox 3367 4633 3566 4688; x_wconf 81' lang='grc' dir='ltr'>εὔνοιαν</span> <span class='ocrx_word' id='word_1_718' title='bbox 3587 4626 3626 4657; x_wconf 73' lang='grc'><strong>’⁸</strong></span> 
     </span>
    </p>
   </div>
   <div class='ocr_carea' id='block_1_101' title="bbox 2073 4711 3624 4791">
    <p class='ocr_par' dir='ltr' id='par_1_101' title="bbox 2073 4711 3624 4791">
     <span class='ocr_line' id='line_1_101' title="bbox 2073 4711 3624 4791; baseline 0.003 -27"><span class='ocrx_word' id='word_1_719' title='bbox 2073 4711 2316 4791; x_wconf 75' lang='grc' dir='ltr'>φυλοξει,</span> <span class='ocrx_word' id='word_1_720' title='bbox 2340 4712 2432 4766; x_wconf 84' lang='grc' dir='ltr'>καὶ</span> <span class='ocrx_word' id='word_1_721' title='bbox 2457 4714 2547 4768; x_wconf 86' lang='grc' dir='ltr'>τὸν</span> <span class='ocrx_word' id='word_1_722' title='bbox 2572 4714 2775 4783; x_wconf 84' lang='grc' dir='ltr'>δασμὸν</span> <span class='ocrx_word' id='word_1_723' title='bbox 2799 4717 2940 4772; x_wconf 85' lang='grc' dir='ltr'>κατὰ</span> <span class='ocrx_word' id='word_1_724' title='bbox 2965 4719 3156 4790; x_wconf 82' lang='grc' dir='ltr'>καιρὸν</span> <span class='ocrx_word' id='word_1_725' title='bbox 3177 4718 3462 4775; x_wconf 83' lang='grc' dir='ltr'>ἀποδώσει.</span> <span class='ocrx_word' id='word_1_726' title='bbox 3488 4714 3624 4771; x_wconf 77' lang='grc' dir='ltr'>Ἀλλὰ</span> 
     </span>
    </p>
   </div>
   <div class='ocr_carea' id='block_1_102' title="bbox 2072 4802 3625 4883">
    <p class='ocr_par' dir='ltr' id='par_1_102' title="bbox 2072 4802 3625 4883">
     <span class='ocr_line' id='line_1_102' title="bbox 2072 4802 3625 4883; baseline 0.003 -26"><span class='ocrx_word' id='word_1_727' title='bbox 2072 4804 2167 4857; x_wconf 78' lang='grc' dir='ltr'>καὶ</span> <span class='ocrx_word' id='word_1_728' title='bbox 2223 4802 2410 4858; x_wconf 86' lang='grc' dir='ltr'>τούτου</span> <span class='ocrx_word' id='word_1_729' title='bbox 2468 4805 2630 4874; x_wconf 68' lang='grc' dir='ltr'>πάλιν</span> <span class='ocrx_word' id='word_1_730' title='bbox 2665 4805 2710 4838; x_wconf 78' lang='grc'><strong>³⁸</strong></span> <span class='ocrx_word' id='word_1_731' title='bbox 2741 4808 3085 4877; x_wconf 87' lang='grc' dir='ltr'>παραϐάντος</span> <span class='ocrx_word' id='word_1_732' title='bbox 3138 4813 3263 4875; x_wconf 79' lang='grc' dir='ltr'>τοὺς</span> <span class='ocrx_word' id='word_1_733' title='bbox 3298 4813 3505 4883; x_wconf 82' lang='grc' dir='ltr'>ὅρκους,</span> <span class='ocrx_word' id='word_1_734' title='bbox 3547 4806 3625 4861; x_wconf 77' lang='grc' dir='ltr'>καὶ</span> 
     </span>
    </p>
   </div>
   <div class='ocr_carea' id='block_1_103' title="bbox 2074 4895 3622 4975">
    <p class='ocr_par' dir='ltr' id='par_1_103' title="bbox 2074 4895 3622 4975">
     <span class='ocr_line' id='line_1_103' title="bbox 2074 4895 3622 4975; baseline 0.005 -27"><span class='ocrx_word' id='word_1_735' title='bbox 2074 4895 2209 4966; x_wconf 85' lang='grc' dir='ltr'>μήτε</span> <span class='ocrx_word' id='word_1_736' title='bbox 2237 4897 2328 4949; x_wconf 86' lang='grc' dir='ltr'>τὸν</span> <span class='ocrx_word' id='word_1_737' title='bbox 2353 4897 2557 4969; x_wconf 84' lang='grc' dir='ltr'>δασμὸν</span> <span class='ocrx_word' id='word_1_738' title='bbox 2594 4901 2883 4954; x_wconf 82' lang='grc' dir='ltr'>ἀποδοῦναι</span> <span class='ocrx_word' id='word_1_739' title='bbox 2932 4901 3279 4973; x_wconf 84' lang='grc' dir='ltr'>θελήσαντος,</span> <span class='ocrx_word' id='word_1_740' title='bbox 3311 4904 3445 4975; x_wconf 87' lang='grc' dir='ltr'>μήτε</span> <span class='ocrx_word' id='word_1_741' title='bbox 3478 4901 3568 4969; x_wconf 85' lang='grc' dir='ltr'>τὴν</span> <span class='ocrx_word' id='word_1_742' title='bbox 3583 4896 3622 4931; x_wconf 70' lang='grc'><strong>³⁷</strong></span> 
     </span>
    </p>
   </div>
   <div class='ocr_carea' id='block_1_104' title="bbox 468 5008 3561 5091">
    <p class='ocr_par' dir='ltr' id='par_1_104' title="bbox 468 5008 3561 5091">
     <span class='ocr_line' id='line_1_104' title="bbox 468 5008 3561 5091; baseline 0.003 -28"><span class='ocrx_word' id='word_1_743' title='bbox 468 5008 496 5048; x_wconf 70' lang='grc' dir='ltr'>ιι</span> <span class='ocrx_word' id='word_1_744' title='bbox 528 5009 856 5079; x_wconf 77' lang='lat' dir='ltr'><strong>Psal.cx1.v,</strong></span> <span class='ocrx_word' id='word_1_745' title='bbox 880 5012 933 5066; x_wconf 82' lang='lat'><strong>8.</strong></span> <span class='ocrx_word' id='word_1_746' title='bbox 1016 5011 1160 5068; x_wconf 75' lang='lat' dir='ltr'><strong>ilsa.</strong></span> <span class='ocrx_word' id='word_1_747' title='bbox 1194 5028 1288 5076; x_wconf 77' lang='lat' dir='ltr'><strong>xx,</strong></span> <span class='ocrx_word' id='word_1_748' title='bbox 1321 5012 1407 5067; x_wconf 88' lang='lat' dir='ltr'><strong>I8.</strong></span> <span class='ocrx_word' id='word_1_749' title='bbox 1485 5009 1499 5061; x_wconf 72' lang='grc' dir='ltr'><strong>ἰ</strong></span> <span class='ocrx_word' id='word_1_750' title='bbox 1550 5010 1617 5065; x_wconf 77' lang='grc' dir='ltr'><strong>ιν</strong></span> <span class='ocrx_word' id='word_1_751' title='bbox 1657 5008 1792 5080; x_wconf 84' lang='lat' dir='ltr'><strong>Reg.</strong></span> <span class='ocrx_word' id='word_1_752' title='bbox 1827 5025 1987 5073; x_wconf 65' lang='grc' dir='ltr'>χχιιι,</span> <span class='ocrx_word' id='word_1_753' title='bbox 2014 5027 2144 5063; x_wconf 80' lang='lat' dir='ltr'><strong>xw.</strong></span> <span class='ocrx_word' id='word_1_754' title='bbox 2223 5009 2248 5050; x_wconf 73' lang='grc' dir='ltr'><strong>ἰ</strong></span> <span class='ocrx_word' id='word_1_755' title='bbox 2285 5012 2351 5066; x_wconf 74' lang='grc' dir='ltr'><strong>ιν</strong></span> <span class='ocrx_word' id='word_1_756' title='bbox 2395 5014 2527 5084; x_wconf 78' lang='lat' dir='ltr'><strong>Reg.</strong></span> <span class='ocrx_word' id='word_1_757' title='bbox 2559 5032 2647 5079; x_wconf 73' lang='grc' dir='ltr'><strong>κν,</strong></span> <span class='ocrx_word' id='word_1_758' title='bbox 2682 5019 2702 5069; x_wconf 86' lang='lat' dir='ltr'><strong>I</strong></span> <span class='ocrx_word' id='word_1_759' title='bbox 2742 5033 2857 5087; x_wconf 87' lang='lat' dir='ltr'><strong>seq.</strong></span> <span class='ocrx_word' id='word_1_760' title='bbox 2942 5017 2959 5056; x_wconf 82' lang='lat'>1</span> <span class='ocrx_word' id='word_1_761' title='bbox 2996 5017 3063 5072; x_wconf 84' lang='lat' dir='ltr'><strong>IV</strong></span> <span class='ocrx_word' id='word_1_762' title='bbox 3087 5017 3222 5091; x_wconf 83' lang='lat' dir='ltr'><strong>Reg.</strong></span> <span class='ocrx_word' id='word_1_763' title='bbox 3252 5035 3365 5085; x_wconf 73' lang='lat' dir='ltr'><strong>xu,</strong></span> <span class='ocrx_word' id='word_1_764' title='bbox 3400 5020 3422 5072; x_wconf 77' lang='lat' dir='ltr'><strong>l</strong></span> <span class='ocrx_word' id='word_1_765' title='bbox 3457 5032 3561 5087; x_wconf 87' lang='lat' dir='ltr'><strong>seq.</strong></span> 
     </span>
    </p>
   </div>
   <div class='ocr_carea' id='block_1_105' title="bbox 1699 5124 2349 5182">
    <p class='ocr_par' dir='ltr' id='par_1_105' title="bbox 1699 5124 2349 5182">
     <span class='ocr_line' id='line_1_105' title="bbox 1699 5124 2349 5182; baseline 0 0"><span class='ocrx_word' id='word_1_766' title='bbox 1699 5125 1928 5182; x_wconf 76' lang='lat' dir='ltr'><strong>VARUE</strong></span> <span class='ocrx_word' id='word_1_767' title='bbox 1953 5124 2349 5182; x_wconf 82' lang='lat' dir='ltr'><strong>LECTIONES.</strong></span> 
     </span>
    </p>
   </div>
   <div class='ocr_carea' id='block_1_106' title="bbox 472 5217 3616 5292">
    <p class='ocr_par' dir='ltr' id='par_1_106' title="bbox 472 5217 3616 5292">
     <span class='ocr_line' id='line_1_106' title="bbox 472 5217 3616 5292; baseline 0.001 -22"><span class='ocrx_word' id='word_1_768' title='bbox 472 5220 494 5251; x_wconf 81' lang='grc'>⁸</span> <span class='ocrx_word' id='word_1_769' title='bbox 534 5218 766 5292; x_wconf 72' lang='grc' dir='ltr'>σοφίζει.</span> <span class='ocrx_word' id='word_1_770' title='bbox 800 5217 999 5289; x_wconf 89' lang='lat' dir='ltr'><strong>Supra,</strong></span> <span class='ocrx_word' id='word_1_771' title='bbox 1029 5230 1160 5292; x_wconf 87' lang='lat' dir='ltr'><strong>tom.</strong></span> <span class='ocrx_word' id='word_1_772' title='bbox 1199 5220 1239 5288; x_wconf 90' lang='lat' dir='ltr'><strong>I,</strong></span> <span class='ocrx_word' id='word_1_773' title='bbox 1282 5236 1404 5290; x_wconf 89' lang='lat' dir='ltr'><strong>pag.</strong></span> <span class='ocrx_word' id='word_1_774' title='bbox 1435 5219 1597 5292; x_wconf 13' lang='lat'><strong>17568,</strong></span> <span class='ocrx_word' id='word_1_775' title='bbox 1630 5222 1814 5292; x_wconf 55' lang='lat' dir='ltr'><strong>coget;</strong></span> <span class='ocrx_word' id='word_1_776' title='bbox 1842 5221 1996 5288; x_wconf 77' lang='lat' dir='ltr'><strong>juxta</strong></span> <span class='ocrx_word' id='word_1_777' title='bbox 2027 5236 2139 5275; x_wconf 88' lang='lat' dir='ltr'><strong>rec.</strong></span> <span class='ocrx_word' id='word_1_778' title='bbox 2172 5221 2394 5292; x_wconf 66' lang='lat' dir='ltr'><strong>lection.</strong></span> <span class='ocrx_word' id='word_1_779' title='bbox 2433 5221 2553 5275; x_wconf 92' lang='lat' dir='ltr'><strong>loco</strong></span> <span class='ocrx_word' id='word_1_780' title='bbox 2612 5223 2707 5277; x_wconf 83' lang='lat' dir='ltr'><strong>cit.</strong></span> <span class='ocrx_word' id='word_1_781' title='bbox 2783 5224 2803 5255; x_wconf 81' lang='lat'><strong><em>&quot;</em></strong></span> <span class='ocrx_word' id='word_1_782' title='bbox 2845 5224 3092 5278; x_wconf 79' lang='grc' dir='ltr'>ἐντεῦθεν</span> <span class='ocrx_word' id='word_1_783' title='bbox 3119 5241 3304 5292; x_wconf 86' lang='grc' dir='ltr'>συναγ.</span> <span class='ocrx_word' id='word_1_784' title='bbox 3362 5241 3412 5276; x_wconf 86' lang='grc' dir='ltr'><strong>κ.</strong></span> <span class='ocrx_word' id='word_1_785' title='bbox 3449 5221 3516 5275; x_wconf 88' lang='lat' dir='ltr'><strong>lta</strong></span> <span class='ocrx_word' id='word_1_786' title='bbox 3562 5234 3616 5292; x_wconf 63' lang='lat' dir='ltr'><strong>rx</strong></span> 
     </span>
    </p>
   </div>
   <div class='ocr_carea' id='block_1_107' title="bbox 400 5288 1589 5359">
    <p class='ocr_par' dir='ltr' id='par_1_107' title="bbox 400 5288 1589 5359">
     <span class='ocr_line' id='line_1_107' title="bbox 400 5288 1589 5359; baseline -0.002 -15"><span class='ocrx_word' id='word_1_787' title='bbox 400 5288 444 5344; x_wconf 84' lang='grc' dir='ltr'><strong>Β</strong></span> <span class='ocrx_word' id='word_1_788' title='bbox 494 5289 819 5343; x_wconf 83' lang='lat' dir='ltr'><strong>emendatus</strong></span> <span class='ocrx_word' id='word_1_789' title='bbox 875 5288 959 5343; x_wconf 75' lang='lat' dir='ltr'><strong>est</strong></span> <span class='ocrx_word' id='word_1_790' title='bbox 1015 5288 1305 5345; x_wconf 76' lang='lat' dir='ltr'><strong>verborum</strong></span> <span class='ocrx_word' id='word_1_791' title='bbox 1358 5288 1589 5359; x_wconf 80' lang='lat' dir='ltr'><strong>positus.</strong></span> 
     </span>
    </p>
   </div>
   <div class='ocr_carea' id='block_1_108' title="bbox 403 5357 1928 5430">
    <p class='ocr_par' dir='ltr' id='par_1_108' title="bbox 403 5357 1928 5430">
     <span class='ocr_line' id='line_1_108' title="bbox 403 5357 1928 5430; baseline -0.002 -16"><span class='ocrx_word' id='word_1_792' title='bbox 403 5361 457 5430; x_wconf 87' lang='lat' dir='ltr'><strong>i_n</strong></span> <span class='ocrx_word' id='word_1_793' title='bbox 488 5360 529 5412; x_wconf 89' lang='lat' dir='ltr'><strong>A</strong></span> <span class='ocrx_word' id='word_1_794' title='bbox 564 5359 658 5430; x_wconf 90' lang='lat' dir='ltr'><strong>qui</strong></span> <span class='ocrx_word' id='word_1_795' title='bbox 693 5367 878 5430; x_wconf 86' lang='lat' dir='ltr'><strong>tamen</strong></span> <span class='ocrx_word' id='word_1_796' title='bbox 907 5359 981 5430; x_wconf 84' lang='lat' dir='ltr'><strong>ita</strong></span> <span class='ocrx_word' id='word_1_797' title='bbox 1018 5359 1203 5430; x_wconf 81' lang='lat' dir='ltr'><strong>habet.</strong></span> <span class='ocrx_word' id='word_1_798' title='bbox 1235 5362 1264 5413; x_wconf 97' lang='lat'><strong>6</strong></span> <span class='ocrx_word' id='word_1_799' title='bbox 1294 5357 1565 5430; x_wconf 76' lang='grc' dir='ltr'>μακάριος</span> <span class='ocrx_word' id='word_1_800' title='bbox 1598 5357 1856 5430; x_wconf 72' lang='grc' dir='ltr'>Ἰεζεκιὴλ</span> <span class='ocrx_word' id='word_1_801' title='bbox 1886 5376 1928 5411; x_wconf 84' lang='grc' dir='ltr'><strong>π</strong></span> 
     </span>
    </p>
   </div>
   <div class='ocr_carea' id='block_1_109' title="bbox 398 5377 1992 5501">
    <p class='ocr_par' dir='ltr' id='par_1_109' title="bbox 398 5377 1992 5501">
     <span class='ocr_line' id='line_1_109' title="bbox 403 5377 1992 5430; baseline -0.001 -16"><span class='ocrx_word' id='word_1_802' title='bbox 403 5377 457 5414; x_wconf 89' lang='grc' dir='ltr'><strong>ιιι</strong></span> <span class='ocrx_word' id='word_1_803' title='bbox 488 5377 529 5412; x_wconf 72' lang='grc' dir='ltr'>Α</span> <span class='ocrx_word' id='word_1_804' title='bbox 564 5377 658 5430; x_wconf 86' lang='lat' dir='ltr'><strong>qut</strong></span> <span class='ocrx_word' id='word_1_805' title='bbox 693 5377 878 5414; x_wconf 83' lang='lat' dir='ltr'><strong>tamen</strong></span> <span class='ocrx_word' id='word_1_806' title='bbox 907 5377 981 5413; x_wconf 77' lang='lat' dir='ltr'><strong>ita</strong></span> <span class='ocrx_word' id='word_1_807' title='bbox 1019 5377 1203 5419; x_wconf 80' lang='lat' dir='ltr'><strong>nauet.</strong></span> <span class='ocrx_word' id='word_1_808' title='bbox 1235 5377 1264 5413; x_wconf 91' lang='grc' dir='ltr'><strong>ο</strong></span> <span class='ocrx_word' id='word_1_809' title='bbox 1294 5377 1446 5429; x_wconf 88' lang='grc' dir='ltr'>μακα</span> <span class='ocrx_word' id='word_1_810' title='bbox 1486 5377 1565 5421; x_wconf 87' lang='grc' dir='ltr'><strong>ιος</strong></span> <span class='ocrx_word' id='word_1_811' title='bbox 1601 5377 1856 5429; x_wconf 72' lang='grc' dir='ltr'>-ιεςεκιηλ</span> <span class='ocrx_word' id='word_1_812' title='bbox 1886 5377 1928 5411; x_wconf 86' lang='grc' dir='ltr'><strong>π</strong></span> <span class='ocrx_word' id='word_1_813' title='bbox 1966 5379 1992 5412; x_wconf 92' lang='lat' dir='ltr'><strong>o</strong></span> 
     </span>
     <span class='ocr_line' id='line_1_110' title="bbox 398 5377 1992 5501; baseline -0.004 -16"><span class='ocrx_word' id='word_1_814' title='bbox 398 5428 511 5485; x_wconf 81' lang='lat' dir='ltr'><strong>Jer.</strong></span> <span class='ocrx_word' id='word_1_815' title='bbox 544 5445 641 5493; x_wconf 79' lang='lat' dir='ltr'><strong>LII,</strong></span> <span class='ocrx_word' id='word_1_816' title='bbox 667 5428 859 5484; x_wconf 68' lang='lat'><strong>31-54.</strong></span> <span class='ocrx_word' id='word_1_817' title='bbox 896 5498 904 5501; x_wconf 88' lang='lat'>_</span> <span class='ocrx_word' id='word_1_818' title='bbox 938 5429 982 5460; x_wconf 72' lang='grc'>³⁸</span> <span class='ocrx_word' id='word_1_819' title='bbox 1020 5428 1177 5501; x_wconf 80' lang='grc' dir='ltr'>καθά</span> <span class='ocrx_word' id='word_1_820' title='bbox 1195 5446 1338 5484; x_wconf 86' lang='grc' dir='ltr'>τισιν</span> <span class='ocrx_word' id='word_1_821' title='bbox 1367 5377 1577 5501; x_wconf 28' lang='grc' dir='ltr'>ἔδοξ-Α</span> <span class='ocrx_word' id='word_1_822' title='bbox 1613 5428 1867 5501; x_wconf 75' lang='grc' dir='ltr'>καθάπερ</span> <span class='ocrx_word' id='word_1_823' title='bbox 1901 5377 1992 5484; x_wconf 62' lang='lat' dir='ltr'><strong>Ego.</strong></span> 
     </span>
    </p>
   </div>
   <div class='ocr_carea' id='block_1_110' title="bbox 403 5498 1572 5569">
    <p class='ocr_par' dir='ltr' id='par_1_110' title="bbox 403 5498 1572 5569">
     <span class='ocr_line' id='line_1_111' title="bbox 403 5498 1572 5569; baseline 0.002 -17"><span class='ocrx_word' id='word_1_824' title='bbox 403 5503 447 5533; x_wconf 77' lang='lat'>&quot;</span> <span class='ocrx_word' id='word_1_825' title='bbox 482 5502 525 5552; x_wconf 82' lang='lat' dir='ltr'><strong>A</strong></span> <span class='ocrx_word' id='word_1_826' title='bbox 578 5498 1036 5569; x_wconf 83' lang='grc' dir='ltr'>ἐπιστρατεύσας.</span> <span class='ocrx_word' id='word_1_827' title='bbox 1083 5567 1092 5569; x_wconf 24' lang='grc' dir='ltr'><strong>Α</strong></span> <span class='ocrx_word' id='word_1_828' title='bbox 1138 5499 1183 5569; x_wconf 48' lang='grc' dir='ltr'><strong>’ἦ</strong></span> <span class='ocrx_word' id='word_1_829' title='bbox 1220 5501 1261 5552; x_wconf 83' lang='grc' dir='ltr'>Α</span> <span class='ocrx_word' id='word_1_830' title='bbox 1296 5499 1572 5569; x_wconf 75' lang='grc' dir='ltr'>στρατιάν.</span> 
     </span>
    </p>
   </div>
   <div class='ocr_carea' id='block_1_111' title="bbox 2018 5361 3076 5505">
    <p class='ocr_par' dir='ltr' id='par_1_111' title="bbox 2018 5361 3076 5505">
     <span class='ocr_line' id='line_1_112' title="bbox 2018 5361 3076 5431; baseline 0.005 -18"><span class='ocrx_word' id='word_1_831' title='bbox 2018 5361 2192 5431; x_wconf 73' lang='grc' dir='ltr'>ρήτης.</span> <span class='ocrx_word' id='word_1_832' title='bbox 2271 5361 2292 5391; x_wconf 88' lang='grc'><strong>⁹</strong></span> <span class='ocrx_word' id='word_1_833' title='bbox 2331 5361 2424 5413; x_wconf 82' lang='grc' dir='ltr'>τοῦ</span> <span class='ocrx_word' id='word_1_834' title='bbox 2455 5361 2551 5413; x_wconf 76' lang='grc' dir='ltr'>καὶ</span> <span class='ocrx_word' id='word_1_835' title='bbox 2582 5362 2855 5431; x_wconf 83' lang='grc' dir='ltr'>Ἰεχονίου.</span> <span class='ocrx_word' id='word_1_836' title='bbox 2884 5362 3006 5419; x_wconf 81' lang='lat' dir='ltr'><strong>Vid.</strong></span> <span class='ocrx_word' id='word_1_837' title='bbox 3038 5381 3076 5420; x_wconf 86' lang='lat' dir='ltr'><strong>SI</strong></span> 
     </span>
     <span class='ocr_line' id='line_1_113' title="bbox 2018 5429 3076 5505; baseline 0.005 -22"><span class='ocrx_word' id='word_1_838' title='bbox 2018 5447 2077 5505; x_wconf 82' lang='grc' dir='ltr'>εν</span> <span class='ocrx_word' id='word_1_839' title='bbox 2112 5429 2475 5505; x_wconf 40' lang='grc' dir='ltr'>’έπολιναρ-ίῳ</span> <span class='ocrx_word' id='word_1_840' title='bbox 2500 5447 2568 5505; x_wconf 39' lang='grc' dir='ltr'>τε.</span> <span class='ocrx_word' id='word_1_841' title='bbox 2596 5433 2697 5505; x_wconf 52' lang='grc' dir='ltr'><strong>καὶ</strong></span> <span class='ocrx_word' id='word_1_842' title='bbox 2716 5433 3076 5505; x_wconf 75' lang='grc' dir='ltr'>Πολυχρονίῳ.</span> 
     </span>
    </p>
   </div>
   <div class='ocr_carea' id='block_1_112' title="bbox 1681 5497 2449 5569">
    <p class='ocr_par' dir='ltr' id='par_1_112' title="bbox 1681 5497 2449 5569">
     <span class='ocr_line' id='line_1_114' title="bbox 1681 5497 2449 5569; baseline 0.005 -19"><span class='ocrx_word' id='word_1_843' title='bbox 1681 5497 2021 5569; x_wconf 16' lang='grc' dir='ltr'>ιδμτέταρτος</span> <span class='ocrx_word' id='word_1_844' title='bbox 2049 5500 2096 5552; x_wconf 93' lang='lat'><em>6.</em></span> <span class='ocrx_word' id='word_1_845' title='bbox 2130 5497 2257 5569; x_wconf 85' lang='lat' dir='ltr'><strong>Des.</strong></span> <span class='ocrx_word' id='word_1_846' title='bbox 2297 5499 2351 5553; x_wconf 93' lang='lat' dir='ltr'><strong>in</strong></span> <span class='ocrx_word' id='word_1_847' title='bbox 2373 5497 2449 5554; x_wconf 60' lang='lat' dir='ltr'><strong>&#39;A.</strong></span> 
     </span>
    </p>
   </div>
   <div class='ocr_carea' id='block_1_113' title="bbox 1696 5284 3619 5361">
    <p class='ocr_par' dir='ltr' id='par_1_113' title="bbox 1696 5284 3619 5361">
     <span class='ocr_line' id='line_1_115' title="bbox 1696 5284 3619 5361; baseline 0 -19"><span class='ocrx_word' id='word_1_848' title='bbox 1696 5284 1718 5321; x_wconf 72' lang='grc'>⁸</span> <span class='ocrx_word' id='word_1_849' title='bbox 1757 5284 1913 5361; x_wconf 75' lang='grc' dir='ltr'>οὗτος</span> <span class='ocrx_word' id='word_1_850' title='bbox 1962 5292 1989 5344; x_wconf 90' lang='lat'><strong>6</strong></span> <span class='ocrx_word' id='word_1_851' title='bbox 2045 5307 2193 5361; x_wconf 77' lang='grc' dir='ltr'>προφ</span> <span class='ocrx_word' id='word_1_852' title='bbox 2250 5289 2306 5361; x_wconf 89' lang='lat' dir='ltr'><strong>In</strong></span> <span class='ocrx_word' id='word_1_853' title='bbox 2369 5291 2482 5361; x_wconf 61' lang='lat' dir='ltr'><strong>haec</strong></span> <span class='ocrx_word' id='word_1_854' title='bbox 2514 5293 2678 5346; x_wconf 79' lang='lat' dir='ltr'><strong>verba</strong></span> <span class='ocrx_word' id='word_1_855' title='bbox 2712 5294 2904 5348; x_wconf 88' lang='lat' dir='ltr'><strong>incidit</strong></span> <span class='ocrx_word' id='word_1_856' title='bbox 2936 5296 3148 5349; x_wconf 83' lang='lat' dir='ltr'><strong>initium</strong></span> <span class='ocrx_word' id='word_1_857' title='bbox 3180 5284 3363 5361; x_wconf 55' lang='lat' dir='ltr'><strong>‘ltu&#39;jus</strong></span> <span class='ocrx_word' id='word_1_858' title='bbox 3392 5291 3619 5361; x_wconf 71' lang='lat' dir='ltr'><strong>Promtuii</strong></span> 
     </span>
    </p>
   </div>
   <div class='ocr_carea' id='block_1_114' title="bbox 2271 5359 3617 5486">
    <p class='ocr_par' dir='ltr' id='par_1_114' title="bbox 2271 5359 3617 5486">
     <span class='ocr_line' id='line_1_116' title="bbox 2271 5359 3617 5485; baseline -0.001 -73"><span class='ocrx_word' id='word_1_859' title='bbox 2271 5360 2292 5391; x_wconf 82' lang='lat'><strong>&#39;</strong></span> <span class='ocrx_word' id='word_1_860' title='bbox 2331 5360 2424 5413; x_wconf 82' lang='grc' dir='ltr'>τοῦ</span> <span class='ocrx_word' id='word_1_861' title='bbox 2455 5361 2551 5413; x_wconf 76' lang='grc' dir='ltr'>καὶ</span> <span class='ocrx_word' id='word_1_862' title='bbox 2582 5362 2855 5431; x_wconf 84' lang='grc' dir='ltr'>Ἰεχονίου.</span> <span class='ocrx_word' id='word_1_863' title='bbox 2884 5362 3006 5419; x_wconf 81' lang='lat' dir='ltr'><strong>Vid.</strong></span> <span class='ocrx_word' id='word_1_864' title='bbox 3038 5379 3199 5435; x_wconf 86' lang='lat' dir='ltr'><strong>supra</strong></span> <span class='ocrx_word' id='word_1_865' title='bbox 3225 5406 3241 5429; x_wconf 91' lang='lat'><strong>,</strong></span> <span class='ocrx_word' id='word_1_866' title='bbox 3270 5359 3388 5485; x_wconf 56' lang='lat' dir='ltr'><strong>pag).</strong></span> <span class='ocrx_word' id='word_1_867' title='bbox 3423 5360 3535 5440; x_wconf 61' lang='lat'><strong>629,</strong></span> <span class='ocrx_word' id='word_1_868' title='bbox 3559 5359 3617 5410; x_wconf 85' lang='lat' dir='ltr'><strong>ad</strong></span> 
     </span>
     <span class='ocr_line' id='line_1_117' title="bbox 2271 5426 3613 5486; baseline -0.003 -3"><span class='ocrx_word' id='word_1_869' title='bbox 2271 5430 2475 5486; x_wconf 73' lang='lat' dir='ltr'><strong>.waaho</strong></span> <span class='ocrx_word' id='word_1_870' title='bbox 2500 5447 2558 5483; x_wconf 88' lang='grc' dir='ltr'><strong>τε</strong></span> <span class='ocrx_word' id='word_1_871' title='bbox 2596 5433 2688 5484; x_wconf 74' lang='grc' dir='ltr'>καὶ</span> <span class='ocrx_word' id='word_1_872' title='bbox 2716 5433 3076 5486; x_wconf 82' lang='grc' dir='ltr'>Πολυγοονίω.</span> <span class='ocrx_word' id='word_1_873' title='bbox 3154 5433 3195 5466; x_wconf 78' lang='grc'>⁸⁸</span> <span class='ocrx_word' id='word_1_874' title='bbox 3233 5433 3309 5486; x_wconf 92' lang='grc' dir='ltr'><strong>δέ.</strong></span> <span class='ocrx_word' id='word_1_875' title='bbox 3381 5447 3456 5485; x_wconf 83' lang='lat' dir='ltr'><strong>es.</strong></span> <span class='ocrx_word' id='word_1_876' title='bbox 3487 5445 3535 5482; x_wconf 87' lang='lat' dir='ltr'><strong>tn</strong></span> <span class='ocrx_word' id='word_1_877' title='bbox 3563 5426 3613 5480; x_wconf 79' lang='lat' dir='ltr'><strong>li.</strong></span> 
     </span>
    </p>
   </div>
   <div class='ocr_carea' id='block_1_115' title="bbox 3295 5450 3613 5487">
    <p class='ocr_par' dir='ltr' id='par_1_115' title="bbox 3295 5450 3613 5487">
     <span class='ocr_line' id='line_1_118' title="bbox 3295 5450 3613 5487; baseline -0.025 0"><span class='ocrx_word' id='word_1_878' title='bbox 3295 5475 3309 5487; x_wconf 82' lang='lat'><strong>.</strong></span> <span class='ocrx_word' id='word_1_879' title='bbox 3340 5450 3456 5485; x_wconf 67' lang='lat' dir='ltr'><strong>U85.</strong></span> <span class='ocrx_word' id='word_1_880' title='bbox 3487 5450 3535 5482; x_wconf 86' lang='grc' dir='ltr'><strong>ιιι</strong></span> <span class='ocrx_word' id='word_1_881' title='bbox 3563 5450 3613 5480; x_wconf 76' lang='grc' dir='ltr'><strong>Ι).</strong></span> 
     </span>
    </p>
   </div>
   <div class='ocr_carea' id='block_1_116' title="bbox 2528 5497 3615 5574">
    <p class='ocr_par' dir='ltr' id='par_1_116' title="bbox 2528 5497 3615 5574">
     <span class='ocr_line' id='line_1_119' title="bbox 2528 5497 3615 5574; baseline -0.025 0"><span class='ocrx_word' id='word_1_882' title='bbox 2528 5502 2570 5574; x_wconf 50' lang='grc' dir='ltr'><strong>δ’</strong></span> <span class='ocrx_word' id='word_1_883' title='bbox 2609 5501 2722 5574; x_wconf 49' lang='grc' dir='ltr'><strong>τοῦ·</strong></span> <span class='ocrx_word' id='word_1_884' title='bbox 2745 5497 2973 5574; x_wconf 56' lang='grc' dir='ltr'>,θεέξῖιι</span> <span class='ocrx_word' id='word_1_885' title='bbox 3006 5497 3073 5559; x_wconf 80' lang='grc' dir='ltr'>Ᾱ.</span> <span class='ocrx_word' id='word_1_886' title='bbox 3142 5503 3193 5574; x_wconf 13' lang='lat'><strong>7“</strong></span> <span class='ocrx_word' id='word_1_887' title='bbox 3218 5503 3271 5574; x_wconf 85' lang='lat' dir='ltr'><strong>_A</strong></span> <span class='ocrx_word' id='word_1_888' title='bbox 3298 5501 3509 5574; x_wconf 58' lang='grc' dir='ltr'>χρρσίου</span> <span class='ocrx_word' id='word_1_889' title='bbox 3535 5497 3615 5549; x_wconf 79' lang='grc' dir='ltr'><strong>καὶ</strong></span> 
     </span>
    </p>
   </div>
   <div class='ocr_carea' id='block_1_117' title="bbox 400 5566 3611 5657">
    <p class='ocr_par' dir='ltr' id='par_1_117' title="bbox 400 5566 3611 5657">
     <span class='ocr_line' id='line_1_120' title="bbox 400 5566 3611 5657; baseline -0.001 -34"><span class='ocrx_word' id='word_1_890' title='bbox 400 5571 688 5657; x_wconf 60' lang='grc' dir='ltr'>αργυρίρυ.</span> <span class='ocrx_word' id='word_1_891' title='bbox 749 5566 809 5602; x_wconf 66' lang='grc' dir='ltr'>ἠ</span> <span class='ocrx_word' id='word_1_892' title='bbox 827 5569 971 5657; x_wconf 39' lang='grc' dir='ltr'>,βα-σί</span> <span class='ocrx_word' id='word_1_893' title='bbox 1008 5571 1052 5622; x_wconf 78' lang='grc' dir='ltr'><strong>Α</strong></span> <span class='ocrx_word' id='word_1_894' title='bbox 1081 5567 1216 5657; x_wconf 70' lang='grc' dir='ltr'>λαῷ.</span> <span class='ocrx_word' id='word_1_895' title='bbox 1260 5568 1337 5657; x_wconf 54' lang='grc' dir='ltr'>..ζδ</span> <span class='ocrx_word' id='word_1_896' title='bbox 1439 5567 1575 5657; x_wconf 44' lang='lat' dir='ltr'><strong>‘eltﬂ</strong></span> <span class='ocrx_word' id='word_1_897' title='bbox 1600 5566 1830 5657; x_wconf 44' lang='grc' dir='ltr'>κελεύει..</span> <span class='ocrx_word' id='word_1_898' title='bbox 1893 5566 1951 5657; x_wconf 55' lang='lat' dir='ltr'><strong>l’</strong></span> <span class='ocrx_word' id='word_1_899' title='bbox 1990 5568 2427 5657; x_wconf 44' lang='grc' dir='ltr'>Λλιοςεαλείπειιν.</span> <span class='ocrx_word' id='word_1_900' title='bbox 2504 5570 2550 5602; x_wconf 78' lang='grc'><strong>⁸⁸</strong></span> <span class='ocrx_word' id='word_1_901' title='bbox 2579 5572 2702 5657; x_wconf 54' lang='grc' dir='ltr'>καί.</span> <span class='ocrx_word' id='word_1_902' title='bbox 2741 5571 2866 5629; x_wconf 89' lang='lat' dir='ltr'><strong>Des.</strong></span> <span class='ocrx_word' id='word_1_903' title='bbox 2890 5574 2944 5657; x_wconf 71' lang='lat' dir='ltr'><strong>in</strong></span> <span class='ocrx_word' id='word_1_904' title='bbox 2966 5576 3032 5629; x_wconf 84' lang='grc' dir='ltr'>Α.</span> <span class='ocrx_word' id='word_1_905' title='bbox 3108 5573 3154 5607; x_wconf 79' lang='grc'><strong>²¹</strong></span> <span class='ocrx_word' id='word_1_906' title='bbox 3189 5566 3425 5657; x_wconf 71' lang='grc' dir='ltr'>οὗτόξῇν</span> 
     </span>
    </p>
   </div>
   <div class='ocr_carea' id='block_1_118' title="bbox 399 5639 1196 5711">
    <p class='ocr_par' dir='ltr' id='par_1_118' title="bbox 399 5639 1196 5711">
     <span class='ocr_line' id='line_1_121' title="bbox 399 5639 1196 5711; baseline -0.005 -16"><span class='ocrx_word' id='word_1_907' title='bbox 399 5639 449 5711; x_wconf 6' lang='lat' dir='ltr'><strong>AV,</strong></span> <span class='ocrx_word' id='word_1_908' title='bbox 472 5639 727 5711; x_wconf 75' lang='grc' dir='ltr'>ἦνοῦτος</span> <span class='ocrx_word' id='word_1_909' title='bbox 758 5639 859 5711; x_wconf 70' lang='grc' dir='ltr'><strong>τού</strong></span> <span class='ocrx_word' id='word_1_910' title='bbox 894 5639 1196 5711; x_wconf 77' lang='grc' dir='ltr'>Ἐλιακείμ.</span> 
     </span>
    </p>
   </div>
   <div class='ocr_carea' id='block_1_119' title="bbox 398 5709 1423 5778">
    <p class='ocr_par' dir='ltr' id='par_1_119' title="bbox 398 5709 1423 5778">
     <span class='ocr_line' id='line_1_122' title="bbox 398 5709 1423 5778; baseline -0.005 -15"><span class='ocrx_word' id='word_1_911' title='bbox 398 5709 633 5763; x_wconf 63' lang='lat' dir='ltr'><strong>Videtur.</strong></span> <span class='ocrx_word' id='word_1_912' title='bbox 708 5711 753 5741; x_wconf 82' lang='lat'><strong>&quot;</strong></span> <span class='ocrx_word' id='word_1_913' title='bbox 792 5709 905 5762; x_wconf 76' lang='grc' dir='ltr'>εὖν.</span> <span class='ocrx_word' id='word_1_914' title='bbox 935 5711 975 5762; x_wconf 81' lang='grc' dir='ltr'>Α</span> <span class='ocrx_word' id='word_1_915' title='bbox 1007 5711 1132 5765; x_wconf 82' lang='lat' dir='ltr'><strong>add.</strong></span> <span class='ocrx_word' id='word_1_916' title='bbox 1164 5709 1423 5778; x_wconf 70' lang='grc' dir='ltr'>ἔμφυτον.</span> 
     </span>
    </p>
   </div>
   <div class='ocr_carea' id='block_1_120' title="bbox 1273 5636 2257 5692">
    <p class='ocr_par' dir='ltr' id='par_1_120' title="bbox 1273 5636 2257 5692">
     <span class='ocr_line' id='line_1_123' title="bbox 1273 5636 2257 5692; baseline 0.001 -3"><span class='ocrx_word' id='word_1_917' title='bbox 1273 5638 1318 5669; x_wconf 77' lang='grc'><strong>¹¹</strong></span> <span class='ocrx_word' id='word_1_918' title='bbox 1357 5636 1612 5690; x_wconf 86' lang='grc' dir='ltr'>διελθόντ.</span> <span class='ocrx_word' id='word_1_919' title='bbox 1648 5636 1772 5692; x_wconf 83' lang='lat' dir='ltr'><strong>Des.</strong></span> <span class='ocrx_word' id='word_1_920' title='bbox 1803 5639 1856 5691; x_wconf 87' lang='lat' dir='ltr'><strong>in</strong></span> <span class='ocrx_word' id='word_1_921' title='bbox 1893 5636 1953 5690; x_wconf 83' lang='grc' dir='ltr'>Β.</span> <span class='ocrx_word' id='word_1_922' title='bbox 2030 5638 2075 5670; x_wconf 80' lang='grc'><em>³³</em></span> <span class='ocrx_word' id='word_1_923' title='bbox 2112 5637 2189 5690; x_wconf 88' lang='grc' dir='ltr'><strong>δέ.</strong></span> <span class='ocrx_word' id='word_1_924' title='bbox 2218 5638 2257 5690; x_wconf 85' lang='grc' dir='ltr'>Α</span> 
     </span>
    </p>
   </div>
   <div class='ocr_carea' id='block_1_121' title="bbox 1514 5706 2694 5776">
    <p class='ocr_par' dir='ltr' id='par_1_121' title="bbox 1514 5706 2694 5776">
     <span class='ocr_line' id='line_1_124' title="bbox 1514 5706 2694 5776; baseline 0.008 -21"><span class='ocrx_word' id='word_1_925' title='bbox 1514 5706 1560 5738; x_wconf 72' lang='grc'><strong>’⁸</strong></span> <span class='ocrx_word' id='word_1_926' title='bbox 1600 5706 1724 5758; x_wconf 87' lang='grc' dir='ltr'>πάλ.</span> <span class='ocrx_word' id='word_1_927' title='bbox 1761 5706 1881 5761; x_wconf 74' lang='lat' dir='ltr'><strong>Des.</strong></span> <span class='ocrx_word' id='word_1_928' title='bbox 1906 5707 1961 5760; x_wconf 90' lang='lat' dir='ltr'><strong>in</strong></span> <span class='ocrx_word' id='word_1_929' title='bbox 1994 5707 2057 5759; x_wconf 84' lang='lat' dir='ltr'><strong>A.</strong></span> <span class='ocrx_word' id='word_1_930' title='bbox 2150 5708 2194 5738; x_wconf 83' lang='grc'><strong>¹⁷</strong></span> <span class='ocrx_word' id='word_1_931' title='bbox 2233 5706 2349 5776; x_wconf 85' lang='grc' dir='ltr'>τήν.</span> <span class='ocrx_word' id='word_1_932' title='bbox 2388 5707 2512 5766; x_wconf 88' lang='lat' dir='ltr'><strong>Des.</strong></span> <span class='ocrx_word' id='word_1_933' title='bbox 2548 5710 2599 5764; x_wconf 88' lang='lat' dir='ltr'><strong>in</strong></span> <span class='ocrx_word' id='word_1_934' title='bbox 2631 5713 2694 5765; x_wconf 82' lang='lat' dir='ltr'><strong>A.</strong></span> 
     </span>
    </p>
   </div>
   <div class='ocr_carea' id='block_1_122' title="bbox 2298 5639 3612 5714">
    <p class='ocr_par' dir='ltr' id='par_1_122' title="bbox 2298 5639 3612 5714">
     <span class='ocr_line' id='line_1_125' title="bbox 2298 5639 3612 5714; baseline 0 -23"><span class='ocrx_word' id='word_1_935' title='bbox 2298 5639 2501 5714; x_wconf 55' lang='grc' dir='ltr'>μέντοι.</span> <span class='ocrx_word' id='word_1_936' title='bbox 2550 5642 2627 5714; x_wconf 29' lang='grc'><strong>’⁸⁸</strong></span> <span class='ocrx_word' id='word_1_937' title='bbox 2650 5643 2704 5714; x_wconf 2' lang='grc' dir='ltr'>,Α</span> <span class='ocrx_word' id='word_1_938' title='bbox 2737 5644 3051 5714; x_wconf 85' lang='grc' dir='ltr'>προτέρως,</span> <span class='ocrx_word' id='word_1_939' title='bbox 3088 5660 3182 5714; x_wconf 88' lang='lat' dir='ltr'><strong>pro</strong></span> <span class='ocrx_word' id='word_1_940' title='bbox 3212 5641 3537 5712; x_wconf 82' lang='grc' dir='ltr'>προτέρωσε,</span> <span class='ocrx_word' id='word_1_941' title='bbox 3564 5642 3612 5688; x_wconf 79' lang='lat' dir='ltr'><strong>ut</strong></span> 
     </span>
    </p>
   </div>
  </div>
