3868 6204
367 376 473 445 813

1340 369 1423 428 IN
1477 369 1977 429 EZECHIELEM-
2012 395 2079 406 —
2113 370 2524 432 PREFATIO.

3489 376 3595 440 8H

363 486 571 541 εὖνοιαν
590 483 940 555 φυλάξαντος,
983 477 1094 533 ἀλλ’
1129 478 1173 509 ³⁸
1225 477 1541 545 Αἰγυπτίοις
1582 494 1928 550 προσπεφευ-

2036 479 2386 550 confugisset,
2406 495 2600 535 rursus
2622 488 2815 535 coacto
2844 480 3089 535 exercitu
3139 480 3339 535 invasit
3363 480 3553 539 urbem
3579 501 3593 537 :

364 578 537 646 γότος,
590 576 790 649 πολλὴν
838 572 1060 641 ἀγείρας
1106 569 1150 601 ³³
1200 567 1484 639 στρατείαν
1531 567 1778 637 ἀφίκετο,
1837 567 1931 621 καὶ

364 666 660 739 αὗτανδρον
690 666 787 736 τὴν
823 663 973 717 πόλιν
1000 657 1199 721 λαϐὼν,
1225 657 1296 711 τά
1340 674 1398 710 τε
1429 656 1693 727 βασίλεια,
1720 659 1812 710 καὶ
1842 657 1933 712 τὸν

365 760 503 811 Θεῖον
532 756 692 818 νεὼν,
723 756 816 809 καὶ
844 756 1021 808 πᾶσαν
1045 749 1300 822 λαμπρὰν
1322 749 1365 782 ³³
1394 749 1690 822 ἐνέπρησεν
1720 749 1928 804 οἰκίαν·

363 847 483 910 τοὺς
523 846 582 899 δὲ
628 846 727 915 τὴν
766 843 856 897 τοῦ
900 840 1060 914 λιμοῦ
1103 840 1328 911 φθορὰν,
1374 840 1468 893 καὶ
1501 841 1599 911 τὴν
1633 839 1931 911 πολεμικὴν

363 937 716 1006 διαφυγόντας
744 934 974 1006 σφαγὴν,
1023 932 1267 995 ἅπαντας
1298 930 1675 1002 αἰχμαλώτους
1715 932 1934 1001 ἀπήγα-

364 1041 486 1091 γεν·
519 1029 617 1081 καὶ
650 1030 720 1081 τὰ
749 1025 914 1096 σκεύη
944 1024 1000 1078 δὲ
1034 1025 1269 1088 ἅπαντα,
1301 1023 1362 1077 οὐ
1405 1023 1561 1094 μόνον
1594 1023 1692 1075 ὅσα
1716 1023 1775 1087 ἐξ
1800 1021 1932 1093 ὕλης

363 1120 604 1191 ἀργύρου
624 1120 666 1151 ³³
696 1120 787 1172 καὶ
816 1117 1015 1189 χρυσοῦ
1062 1115 1379 1186 ἐπεποίητο,
1406 1114 1542 1169 ἀλλὰ
1583 1114 1676 1166 καὶ
1716 1114 1842 1176 τοὺς
1870 1115 1932 1167 ἐκ

363 1202 559 1272 χαλκοῦ
591 1199 1130 1268 κατεσκευασμένους
1161 1198 1367 1261 κίονας,
1398 1197 1492 1250 καὶ
1518 1196 1565 1249 τ’
1593 1195 1728 1250 ἄλλα
1756 1196 1933 1267 πάντα

361 1292 720 1361 μετεκόμισεν
786 1292 865 1354 εἰς
922 1289 1236 1344 Βαϐυλῶνα.
1312 1288 1378 1341 Ἡ
1448 1286 1693 1357 Ἰεχονίου
1754 1284 1932 1338 τοίνυν

362 1379 704 1450 αἰχμαλωσία
748 1379 807 1432 οὐ
840 1377 1029 1450 πρώτη
1060 1373 1148 1448 ἦν,
1181 1376 1254 1440 ὣς
1285 1393 1423 1429 τισιν
1454 1374 1649 1442 ἔδοξεν,
1669 1375 1802 1428 ἀλλὰ
1827 1373 1931 1428 τῶν

372 1470 757 1543 Ἰεροσολύμων
783 1470 967 1540 τρίτη·
1003 1468 1098 1522 καὶ
1123 1466 1281 1521 τοῦτο
1306 1467 1453 1538 ἡμᾶς
1493 1466 1585 1519 καὶ
1624 1468 1658 1538 ἡ
1700 1464 1931 1536 τετάρτη

361 1560 461 1614 τῶν
492 1559 791 1615 Βασιλειῶν
822 1560 1078 1622 διδάσκει,
1112 1559 1205 1624 καὶ
1237 1557 1345 1610 τῶν
1378 1556 1870 1627 Παραλειπομένων
1900 1555 1932 1626 ἡ

364 1651 562 1721 βίϐλος,
613 1652 715 1704 καὶ·
754 1653 783 1704 6
830 1651 969 1715 θεῖος
1008 1649 1203 1720 Δανιὴλ
1236 1652 1264 1703 6
1302 1650 1620 1721 προφήτης·
1664 1643 1805 1703 οὕτω
1826 1649 1933 1721 γὰρ

360 1744 449 1795 καὶ
496 1742 600 1810 τῆς
643 1742 977 1812 προφητείας
1015 1741 1269 1812 ἄρχεται·
1311 1759 1329 1791 ι
1378 1741 1465 1793 Ἐν
1496 1738 1603 1792 ἔτει
1641 1739 1808 1811 τρίτῳ
1836 1740 1933 1808 τῆς

2033 585 2139 640 qua
2171 584 2296 625 cum
2322 569 2633 626 hominibus
2665 577 2844 640 capta,
2895 570 3101 642 regiam
3145 579 3200 626 et
3245 585 3466 627 sacrum
3505 573 3598 630 Dei

2034 660 2310 729 templum,
2351 668 2513 730 atque
2555 659 2691 715 adeo
2734 674 2951 715 omnem
2988 660 3323 730 splendidam
3375 661 3596 716 domum

2034 750 2378 806 combussit:
2416 750 2618 821 quique
2661 750 2790 805 fami
2823 758 2878 806 et
2939 750 3176 805 hostium
3224 753 3355 807 caedi
3407 768 3599 809 evase-

2035 848 2179 903 rant,
2210 856 2304 896 eos
2327 855 2518 896 omnes
2541 843 2789 910 captivos
2822 841 3072 907 abduxit,
3107 856 3345 911 vasaque
3393 844 3598 911 omnia,

2034 942 2142 981 non
2173 928 2349 983 solum
2376 943 2498 999 qua:
2532 942 2596 983 ex
2625 928 2744 982 auri
2779 929 3099 1000 argentique
3133 929 3359 985 materia
3411 930 3603 986 conie-

2035 1027 2120 1074 cta
2153 1027 2331 1086 erant,
2366 1021 2462 1076 sed
2494 1019 2656 1075 etiam
2681 1020 2967 1076 columnas
2997 1036 3060 1075 ex
3090 1036 3198 1078 aere
3227 1030 3602 1084 constructas,

2036 1111 2090 1165 in
2124 1111 2458 1184 Babylonem
2495 1126 2619 1166 cum
2658 1112 2780 1167 aliis
2823 1102 3081 1168 omnibus
3134 1112 3462 1183 deportavit.
3497 1111 3603 1166 Ca-

2036 1204 2255 1272 ptivitas
2300 1204 2481 1274 itaque
2525 1202 2805 1259 .Iechoniaz
2836 1218 2944 1258 non
2984 1203 3087 1259 fuit
3120 1205 3317 1274 prima,
3372 1212 3431 1259 ut
3478 1204 3604 1274 qui-

2033 1295 2264 1350 busdam
2290 1295 2407 1349 visa
2436 1301 2540 1360 est,
2573 1293 2668 1350 sed
2696 1293 3204 1366 Hierosolymorum
3229 1294 3423 1349 tertia:
3457 1293 3603 1365 quod

2033 1397 2134 1436 nos
2161 1389 2395 1452 quartus
2419 1397 2639 1452 quoque
2684 1382 3019 1452 Regnorum,
3061 1393 3115 1438 et
3145 1380 3602 1452 Paralipomenon

2034 1471 2172 1526 liber
2201 1471 2399 1538 docet;
2439 1471 2659 1529 divinus
2690 1488 2909 1544 quoque
2942 1472 3128 1528 Daniel
3178 1474 3464 1543 propheta,
3497 1474 3594 1544 qui

2034 1579 2189 1620 suam
2221 1564 2563 1633 prephetiam
2591 1567 2672 1620 sic
2703 1560 2990 1621 exorditur
3016 1583 3028 1618 :
3060 1583 3079 1616 (
3126 1564 3285 1619 Anno
3316 1564 3478 1621 tertio
3508 1580 3597 1620 re-

2034 1657 2122 1727 gni
2148 1659 2165 1678 '
2190 1654 2421 1710 Joacimi
2445 1657 2585 1728 regis
2607 1655 2780 1724 Judze,
2805 1658 2949 1712 venit
2969 1655 3475 1713 Nabuchodonosor
3501 1671 3603 1713 rex

2035 1744 2329 1817 Babylonis
2361 1745 2814 1819 Hierosolymam,
2849 1757 2900 1804 et
2931 1748 3146 1805 obsedit
3174 1764 3318 1814 eam,
3360 1758 3414 1805 et
3451 1748 3606 1805 dedit

362 1833 634 1904 βασιλείας
675 1834 931 1902 Ἰωακεὶμ
974 1831 1235 1902 βασιλέως
1274 1829 1465 1892 Ἰούδα,
1499 1825 1631 1899 ἦλθε
1658 1829 1928 1898 Ναϐουχο-

2036 1836 2298 1891 Dominus
2332 1838 2388 1891 iu
2423 1854 2641 1892 manum
2688 1838 2808 1909 ejus
2846 1839 3150 1895 Joacimum
3204 1855 3385 1911 regem
3426 1837 3600 1902 Iudae.

359 1925 574 1996 δονόσορ
598 1928 626 1979 6
654 1924 905 1996 βασιλεὺς
930 1923 1241 1985 Βαὸυλώνος
1261 1923 1304 1953 ³³
1333 1923 1412 1985 είς
1454 1920 1824 1992 Ἰερουσαλὴμ,
1843 1920 1938 1977 καὶ

361 2017 665 2085 ἐπολιόρκει
709 2016 900 2086 αὐτὴν,
934 2015 1027 2069 καὶ
1061 2015 1230 2067 ἔδωκε
1271 2013 1474 2084 Κύριος
1504 2013 1561 2064 ἐν
1593 2014 1657 2083 τῇ
1702 2012 1747 2043 ³³
1792 2012 1936 2083 χειρί

361 2107 519 2162 αὑτοῦ
550 2109 645 2161 τὸν
680 2107 935 2177 Ἰωακεὶμ
961 2104 1184 2178 βασιλέα
1218 2102 1404 2169 Ἰούδα,
1449 2105 1543 2158 καὶ
1585 2101 1692 2156 ἀπὸ
1738 2102 1936 2173 μέρους

360 2199 462 2250 τῶν
489 2197 705 2252 σκευῶν
729 2198 878 2252 οἴκου
901 2196 994 2250 τοῦ
1026 2193 1188 2251 θεοῦ·
1226 2213 1245 2246 ι
1282 2196 1378 2248 καὶ
1409 2195 1523 2265 μετ’
1549 2193 1706 2261 ὀλίγα
1725 2209 1738 2223 ·
1776 2211 1794 2244 ι
1828 2193 1935 2246 Καὶ

360 2287 499 2353 εἷπε,
531 2290 764 2360 φησὶν,ό
793 2286 1043 2358 βασιλεὺς
1082 2284 1350 2355 ’Ᾱσφανὲζ
1375 2286 1440 2350 ³³,
1464 2284 1540 2355 τῷ
1573 2284 1935 2355 ἀρχιευνούχῳ

361 2380 546 2442 αὑτοῦ,
593 2381 906 2448 εἰσαγαγεῖν
952 2377 1059 2432 ἀπὸ
1096 2376 1205 2430 τῶν
1248 2375 1380 2430 υἱῶν
1425 2374 1523 2445 τῆς
1562 2374 1935 2445 αἰχμαλωσίας

360 2470 465 2525 τῶν
493 2472 541 2504 ³³
570 2472 703 2524 υἰών
741 2471 956 2542 Ἰσραὴλ
987 2470 1032 2502 ³³
1058 2470 1152 2523 καὶ
1200 2467 1308 2521 ἀπὸ
1352 2466 1446 2520 τοῦ
1491 2467 1806 2536 σπέρματος
1838 2466 1936 2536 τῆς

365 2563 655 2634 βασιλείας.
684 2564 880 2635 Πρώτη
899 2564 1076 2617 τοίνυν
1101 2562 1208 2616 τῶν
1245 2560 1629 2633 Ἰεροσολύμων
1659 2559 1936 2630 αἰχμαλω-

363 2654 451 2711 σία
473 2658 532 2709 ὲν
558 2655 638 2723 τῷ
671 2655 839 2728 τρίτῳ
870 2654 979 2708 ἔτει
1012 2653 1299 2725 γεγένηται
1339 2652 1440 2721 τῆς
1472 2651 1743 2721 βασιλείας
1782 2652 1935 2704 Ἰωα-

361 2745 515 2814 κείμ·
550 2745 710 2801 τοῦτο
740 2746 799 2799 δὲ
826 2747 1040 2816 πρῶτον
1068 2745 1185 2807 ἔτος
1212 2745 1313 2815 τῆς
1342 2743 1437 2797 τοῦ
1468 2743 1935 2814 Ναϐουχοδονόσορ

364 2837 657 2905 βασιλείας.
694 2838 804 2889 Καὶ
830 2833 985 2890 τοῦτο
1028 2838 1056 2889 6
1096 2835 1258 2897 αὐτὸς
1284 2836 1431 2905 ἡμᾶς
1459 2834 1699 2887 διδάσκει
1726 2833 1936 2904 προφή-

362 2943 458 2996 της
486 2927 661 2993 λέγων
690 2928 885 2981 οὑτωσί
908 2928 951 2960 ³¹
974 2942 988 2955 ·
1027 2946 1045 2977 ι
1092 2926 1180 2979 Ἐν
1218 2924 1296 2995 τῷ
1328 2924 1437 2977 ἔτει
1473 2922 1550 2994 τῷ
1575 2922 1813 2992 δευτέρῳ
1839 2923 1937 2991 τῆς

365 3017 640 3088 βασιλείας
662 3018 709 3051 ³⁸
735 3016 830 3072 τοῦ
854 3017 969 3051 ³⁹·⁸⁶
1006 3015 1473 3086 Ναϐουχοδονόσορ
1499 3012 1824 3082 ὲνυπνιάσθη
1852 3013 1932 3064 ὲν-

365 3107 573 3162 ὑπνιον.
611 3128 630 3160 ι
661 3107 899 3178 Δευτέρα
927 3106 983 3160 δὲ
1016 3104 1380 3177 αίχμαλωσία,
1414 3104 1489 3167 ὡς
1515 3102 1672 3172 ἔφην,
1706 3103 1931 3172 γεγένη-

364 3216 452 3254 ται
478 3201 537 3252 ὲν
571 3198 649 3267 τῷ
680 3172 943 3268 ἑνδεκατῳ
976 3172 1212 3268 μὲν-τέτει
1238 3197 1338 3267 τῆς
1365 3193 1459 3248 τοῦ
1498 3193 1752 3263 Ἰωακείμ
1783 3192 1936 3262 βασιο
1962 3172 2003 3229 C

365 3291 527 3355 λείας,
558 3291 729 3360 ὀγδόῳ
752 3291 809 3344 δὲ
835 3290 932 3361 τῆς
970 3288 1061 3342 τοῦ
1106 3286 1574 3358 Ναϐουχοδονόσορ
1604 3285 1898 3356 ἡγεμονίας
1918 3298 1933 3314 ·

365 3382 516 3454 τρίτη
570 3381 615 3413 ⁸³
667 3382 725 3435 δὲ
780 3382 839 3434 ὲν
880 3380 956 3452 τῷ
1003 3379 1202 3452 πρώτῳ
1247 3379 1356 3432 ἔτει
1405 3379 1503 3448 τῆς
1547 3378 1792 3448 Ἰεχονίου
1840 3374 1935 3430 τοῦ

381 3473 632 3544 Ἰωακεὶμ
668 3471 962 3543 βασιλείας,
988 3471 1190 3542 ὲννάτῳ
1218 3470 1275 3524 δὲ
1306 3473 1403 3541 τῆς
1431 3468 1524 3523 τοῦ
1552 3467 1938 3538 Ναὸοιιχοδονὸ⁹

374 3579 461 3633 σορ
485 3561 799 3632 ἡγεμονίας.
832 3559 1081 3614 Διδάσκει
1117 3559 1176 3613 δὲ
1210 3561 1358 3631 ἡμᾶς
1389 3559 1560 3612 ταῦτα
1610 3558 1795 3626 σαφῶς
1841 3557 1937 3610 καὶ

371 3653 399 3705 6
436 3652 699 3723 μακάριος
738 3650 1000 3722 Ἱερεμίας
1049 3650 1077 3703 6
1128 3646 1434 3722 προφήτης,
1486 3648 1580 3702 καὶ
1634 3648 1814 3719 ῥᾴδιον
1859 3647 1937 3718 τῷ

377 3744 676 3815 βουλομένῳ
703 3743 827 3807 τοὺς
858 3743 1078 3814 χρόνους
1112 3745 1459 3812 συναγαγεῖν,
1491 3743 1585 3795 καὶ
1630 3742 1690 3806 ἐξ
1727 3741 1936 3795 ἐκείνου

373 3835 461 3888 τοῦ
489 3837 764 3906 προφήτου
798 3820 980 3906 σαξοώς
1011 3834 1184 3888 ταῦτα
1216 3834 1569 3905 καταμαθεῖν.
1597 3831 1807 3890 Οὐκοῦν
1844 3834 1938 3886 Ἰε-

376 3924 558 3995 ζεκιὴέ,
592 3927 694 3996 τῆς
722 3928 1054 3998 προφητείας
1088 3925 1291 3997 ἧρξατο
1327 3926 1386 3978 ὲν
1430 3925 1509 3996 τῷ
1560 3926 1794 3997 πέμπτῳ
1825 3924 1936 3978 ἔτει

373 4018 468 4088 τῆς
498 4016 875 4088 αἰχμαλωσίας
904 4016 1184 4086 ιἸωακείμ,
1218 4016 1311 4069 τοῦ
1357 4018 1451 4070 καὶ
1486 4016 1734 4087 Ἰεχονίου
1756 4033 1768 4045 ·
1797 4016 1939 4086 πέμ-

375 4126 499 4163 πτον
530 4109 587 4162 δὲ
623 4104 692 4180 ἦν
727 4105 845 4170 ἔτος
879 4107 973 4159 καὶ
1014 4107 1111 4177 τῆς
1139 4106 1387 4159 Σεδεκίου
1421 4106 1699 4176 βασιλείας
1727 4106 1787 4170 ὃς
1817 4107 1938 4159 ἀντὶ

373 4199 458 4253 τοῦ
484 4199 733 4270 Ἰεχονίου
765 4197 870 4251 τῶν
900 4197 1165 4251 Ἰουδαίων
1193 4197 1633 4267 ἐκεχειροτόνητο
1664 4197 1935 4269 βασιλεύς.

378 4289 552 4340 Ἐτεσι
583 4288 641 4340 δὲ
669 4287 714 4318 ⁸³
744 4284 1058 4339 δυοκαίδεκα
1098 4285 1360 4357 πρότερος
1388 4286 1417 4338 6
1454 4285 1651 4357 Δανιὴλ
1677 4286 1774 4356 τῆς
1802 4302 1939 4356 προσ

278 4423 283 4426 .
376 4379 589 4448 φητείας
621 4377 823 4448 ἤρξατο
842 4392 853 4404 ·
891 4375 1028 4429 κατὰ
1065 4376 1119 4429 δὲ
1147 4377 1273 4439 τοὺς
1298 4375 1492 4439 αὐτοὺς
1521 4376 1766 4446 χρόνους,
1792 4369 1936 4429 οὗτοι

2035 1938 2090 1984 et
2114 1937 2321 1998 partem
2350 1944 2604 1985 vasorum
2640 1931 2835 1985 domus
2862 1932 2955 1986 Dei
2978 1940 3041 1986 ιι.
3084 1951 3103 1984 ι
3135 1931 3201 1985 Et
3231 1931 3392 2002 paulo
3426 1940 3550 2001 post
3582 1944 3597 1983 :

2039 2035 2060 2070 ι
2094 2016 2157 2070 Et
2184 2017 2342 2082 dixit,
2392 2018 2588 2089 inquit,
2625 2034 2720 2073 rex
2768 2019 3077 2089 Asphanetz
3132 2021 3363 2091 principi
3419 2037 3600 2076 eunu-

2036 2107 2264 2163 chorum
2294 2124 2541 2172 suorum,
2571 2116 2631 2163 ut
2664 2110 3037 2166 introduceret
3065 2111 3136 2166 de
3188 2110 3314 2167 tiliis
3369 2112 3603 2182 captivi-

2035 2200 2164 2254 tatis
2203 2198 2447 2266 lsraelis,
2481 2207 2536 2253 et
2561 2198 2724 2270 675
2752 2199 2818 2254 de
2846 2201 3055 2255 semine
3087 2202 3238 2272 regni
3274 2211 3321 2255 η.
3360 2220 3379 2253 ι
3410 2199 3597 2255 Primo

2035 2288 2203 2358 igitur
2260 2285 2639 2360 Hierosolyma
2673 2298 2832 2357 capta
2891 2295 2979 2344 est
3032 2302 3181 2344 anno
3223 2290 3382 2345 tertio
3441 2292 3594 2361 regni

2033 2377 2287 2445 Joacimi,
2316 2379 2411 2450 qui
2444 2380 2651 2450 primus
2697 2380 2799 2436 fuit
2824 2395 3001 2436 annus
3035 2382 3189 2452 regni
3239 2380 3601 2438 Nabuchodo-

2034 2472 2272 2527 nosoris.
2313 2471 2493 2541 Atque
2528 2471 2630 2527 hoc
2666 2472 2843 2543 ipsum
2878 2487 2978 2528 nos
3006 2472 3147 2528 idem
3196 2473 3458 2542 prepheta
3488 2474 3590 2529 do-

2034 2573 2146 2629 cet,
2188 2579 2315 2618 cum
2345 2563 2479 2618 dicit
2506 2582 2519 2619 :
2555 2584 2574 2616 ι
2602 2566 2760 2620 Anno
2788 2565 3029 2622 secundo
3059 2567 3207 2636 regni
3235 2564 3605 2622 Nabuchodo-

2034 2652 2253 2709 nosoris
2290 2653 2583 2707 somniavit
2635 2654 2909 2709 somnium
2935 2662 2977 2707 ⁸.
3014 2672 3034 2706 ι
3071 2655 3273 2709 lterum
3311 2664 3469 2726 capta
3522 2668 3606 2712 est

2036 2743 2326 2800 undecimo
2352 2745 2504 2815 regni
2525 2742 2755 2799 Joacimi
2786 2759 2951 2810 anno,
2986 2753 3044 2801 ut
3070 2745 3230 2800 modo
3252 2746 3389 2812 dixi,
3413 2758 3607 2803 octavo

2036 2851 2166 2892 vero
2231 2836 2443 2906 imperii
2505 2834 3080 2893 Nabuchodonosoris.
3135 2836 3358 2905 Tertio,
3417 2840 3600 2910 primo

2035 2940 2180 2980 anno
2213 2927 2364 2995 regni
2414 2924 2708 2989 Jechoniae,
2767 2923 2995 2980 Joacimi
3030 2926 3147 2991 (itii,
3203 2942 3351 2981 nono
3384 2927 3604 2997 imperii

2035 3013 2608 3069 Nahuchodonosoris.
2664 3015 2840 3084 Atque
2899 3015 3013 3069 haec
3052 3016 3238 3085 aperte
3271 3030 3374 3070 nos
3434 3015 3600 3071 docet

2038 3105 2229 3161 beatus
2256 3103 2522 3160 Jeremias
2563 3104 2831 3175 pr0pheta
2882 3123 2896 3159 :
2948 3112 3003 3159 et
3050 3105 3210 3160 facile
3256 3115 3360 3170 est,
3399 3105 3445 3161 si
3480 3105 3606 3177 quis

2039 3197 2165 3252 velit
2198 3204 2442 3267 tempora
2489 3197 2766 3267 colligere,
2812 3212 2879 3251 ex
2937 3197 3032 3252 illo
3067 3211 3286 3267 quoque
3325 3198 3595 3268 prepheta

2039 3287 2154 3341 haec
2209 3296 2394 3357 aperte
2439 3287 2741 3356 percipere.
2790 3284 3042 3342 Ezechiel
3072 3287 3237 3356 igitur
3268 3286 3608 3357 prophetiam

2037 3393 2268 3432 exorsus
2302 3386 2385 3433 est
2416 3392 2561 3431 anno
2589 3378 2787 3447 quinto
2832 3378 3170 3448 captivitatis
3216 3375 3468 3442 Joacimi,
3504 3378 3601 3449 qui

2036 3466 2332 3525 Jeehonias
2384 3469 2546 3524 etiam
2599 3469 2777 3525 dictus
2798 3478 2883 3524 est
2923 3486 2937 3522 :
2986 3469 3211 3539 quintus
3249 3468 3377 3524 item
3429 3482 3609 3525 annus

2038 3559 2128 3614 hic
2161 3559 2261 3613 fuit
2290 3560 2440 3629 regni
2472 3559 2732 3626 Sedeciae,
2758 3559 2854 3630 qui
2883 3574 2982 3630 pro
3008 3559 3273 3615 Jeehonia
3294 3557 3609 3614 Iudaeorum

2038 3667 2132 3705 rex
2170 3650 2346 3705 fuerat
2374 3651 2709 3707 declaratus.
2747 3650 3042 3707 Duodecim
3091 3666 3221 3707 vero
3258 3652 3419 3707 annis
3452 3651 3603 3721 prior

2041 3744 2226 3799 Daniel
2261 3744 2603 3815 prophetiam
2633 3759 2867 3801 exorsus
2914 3754 3030 3800 erat
3056 3756 3106 3799 P.
3143 3744 3247 3802 Per
3288 3746 3478 3800 eadem
3510 3759 3611 3798 au-

2038 3844 2146 3891 tem
2179 3845 2443 3906 tempora,
2474 3836 2528 3890 hi
2555 3835 2777 3906 quidem
2806 3836 2862 3891 in
2890 3835 3164 3908 Babylone
3187 3836 3607 3907 prophetabant,

2039 3925 2094 3978 in
2122 3924 2307 3980 Iudaea
2338 3935 2519 3981 autem
2556 3925 2846 3990 Jeremias,
2877 3934 2932 3982 et
2969 3926 3300 3997 Sophonias,
3354 3936 3408 3982 et
3447 3926 3610 3983 Urias

2041 4016 2259 4071 Samaei.
2303 4016 2407 4070 Sed
2456 4017 2544 4072 isti
2582 4033 2776 4072 rursus
2815 4018 3051 4086 majores
3100 4029 3231 4073 natu
3291 4033 3398 4073 non
3432 4019 3608 4073 solum

2039 4107 2346 4165 Ezechiele.
2381 4107 2479 4162 sed
2507 4108 2671 4162 etiam
2708 4108 2829 4176 ipso
2873 4107 3115 4161 Daniele.
3153 4110 3313 4163 Anno
3340 4111 3485 4163 enim
3514 4110 3610 4163 de-

2039 4197 2184 4251 cimo
2212 4198 2378 4252 tertio
2409 4199 2561 4268 regni
2592 4197 2758 4254 Josiae
2797 4198 2990 4253 beatus
3017 4196 3291 4254 Jeremias
3323 4214 3436 4254 suae
3481 4214 3611 4267 pro-

2039 4288 2233 4356 phetia:
2268 4287 2396 4343 fecit
2429 4287 2667 4353 initium,
2700 4297 2754 4342 et
2793 4286 3101 4357 Sophonias
3125 4285 3276 4342 Josia
3314 4303 3441 4358 rege
3485 4304 3609 4358 pro-

2041 4381 2293 4448 phetasse
2338 4380 2557 4434 dicitur.
2607 4379 2766 4435 Urias
2817 4388 2996 4433 autem
3053 4377 3270 4443 Samaei,
3327 4394 3454 4433 cum
3517 4397 3609 4436 re-

378 4471 469 4538 μὲν
517 4473 574 4522 ἐν
618 4468 906 4544 βαϐυλῶνι
956 4469 1345 4539 προεφήτευον·
1401 4467 1457 4520 ἐν
1508 4467 1563 4520 δὲ
1610 4471 1674 4538 τῇ
1713 4468 1934 4538 Ἰουδαίᾳ

2039 4479 2237 4540 gnante
2266 4472 2447 4541 priore
2469 4469 2714 4525 Joacimo
2745 4469 3145 4538 prophetasset,
3174 4471 3339 4541 676
3365 4482 3418 4527 et
3449 4470 3604 4527 futu-

385 4563 663 4633 Ἱερεμίας,
707 4561 797 4614 καὶ
844 4559 1134 4626 Σοφονίας,
1184 4558 1278 4610 καί⁵
1332 4558 1533 4629 Οὐρίας
1582 4561 1610 4612 6
1667 4558 1928 4629 Σαμαίου.

386 4653 534 4705 Ἀλλὰ
564 4652 724 4705 πάλιν
755 4652 993 4704 κάκεῖνοι
1042 4647 1396 4719 πρεσὸύτεροι
1425 4649 1485 4700 οὐ
1518 4648 1675 4718 μόνον
1708 4649 1800 4701 τοῦ
1841 4649 1934 4702 Ἰε-

377 4747 571 4818 ζεκιὴλ,
598 4745 733 4799 ἀλλὰ
772 4746 864 4796 καὶ
893 4741 985 4795 τοῦ
1019 4740 1241 4809 Δανιήλ·
1295 4742 1352 4793 ἐν
1382 4740 1490 4810 γὰρ
1524 4740 1602 4810 τῷ
1632 4742 1934 4810 τρισκαιδε-

376 4836 515 4905 κάτῳ
543 4835 651 4889 ἔτει
680 4833 780 4903 τῆς
819 4831 1022 4907 Ἰωσίου
1054 4830 1326 4901 βασιλείας
1356 4830 1555 4899 ἦρξατο
1581 4830 1679 4898 τῆς
1720 4846 1932 4900 προφη-

376 4930 513 4991 τείας
537 4930 564 4980 6
607 4925 874 4998 μακάριος
911 4922 1198 4993 Ἱερεμίας,
1243 4921 1336 4975 καὶ
1383 4923 1411 4974 6
1458 4920 1716 4988 Σοφονίας
1752 4920 1807 4973 δὲ
1839 4921 1932 4973 ἐπὶ

385 5016 577 5069 Ἰωσίου
623 5013 717 5068 τοῦ
769 5012 1031 5085 βασιλέως
1077 5008 1402 5080 πεποιῆσθαι
1456 5010 1555 5080 τὴν
1596 5009 1931 5080 προφητείαν

415 5191 607 5249 “Dan.
648 5207 700 5257 ι,
744 5192 798 5255 1,
829 5192 884 5245 2.
956 5197 979 5224 υ
1021 5186 1153 5241 ibid.
1194 5188 1251 5241 5.

1323 5202 1345 5224 ο
1381 5186 1516 5241 Dan.
1560 5204 1621 5249 ll,
1654 5190 1704 5244 4.
1784 5202 1808 5239 ρ
1844 5191 1975 5247 ibid.

2040 4574 2129 4613 ras
2155 4559 2494 4613 calamitates
2527 4557 2890 4627 praedixisset,
2946 4556 3209 4627 injustam
3258 4560 3407 4616 illius
3458 4563 3606 4617 caede

2041 4663 2226 4702 necem
2290 4648 2573 4703 sustinuit.
2635 4648 2835 4700 Eorum
2901 4647 3070 4717 igitur
3118 4649 3211 4719 qui
3270 4651 3606 4719 captivitatis

2041 4745 2282 4805 tempore
2316 4737 2735 4806 prophetarunt,
2767 4743 3075 4805 postremus
3097 4744 3182 4792 est
3214 4737 3433 4795 divinus
3454 4740 3602 4796 Eze-

2039 4826 2181 4880 chiel
2230 4828 2514 4896 propheta.
2550 4825 2780 4895 Aggu-us
2828 4832 3032 4889 autem,
3080 4835 3134 4881 et
3181 4826 3496 4895 Zacharias,
3551 4841 3607 4886 et

2040 4916 2358 4979 Malachias,
2405 4924 2524 4985 post
2569 4914 2807 4969 reditum
2861 4914 3220 4985 prophetandi
3272 4934 3471 4977 munus
3509 4923 3607 4977 ob-

2041 5009 2241 5064 ierunt.
2274 5009 2433 5064 Videt
2465 5024 2593 5065 vero
2631 5009 2720 5063 hic
2747 5009 3014 5079 propheta
3059 5009 3278 5068 divinas
3314 5015 3605 5069 revelatio-

1635 5364 1867 5419 VARIAZ
1903 5362 2304 5420 LECTIONES.

440 5492 485 5524 ³³
522 5490 643 5545 ἀλλ’
672 5490 801 5554 Λίγ.
837 5503 1037 5559 προσπ.
1080 5485 1201 5539 Des.
1231 5483 1286 5537 in
1315 5483 1379 5536 A.
1456 5483 1500 5512 "
1541 5483 1583 5534 A
1614 5482 1832 5552 ἐγείρας
1859 5482 2136 5552 στρατιάν.
2216 5483 2259 5515 ³⁵
2298 5483 2468 5554 λαμπ,
2502 5482 2623 5537 Des.
2669 5483 2721 5536 in
2765 5483 2828 5538 A.
2905 5485 2946 5517 ³³
2990 5486 3095 5559 Ad;

440 5582 481 5605 is,
563 5563 610 5593 ³⁸
652 5557 994 5605 Βαϐυλῶνος.
1023 5555 1147 5605 Des.
1187 5554 1240 5605 in
1295 5553 1354 5604 Α.
1454 5551 1496 5582 ³³
1534 5554 1623 5605 τῆ.
1692 5553 1809 5605 Des.
1849 5553 1901 5605 in
1932 5556 1995 5605 A.
2101 5550 2146 5582 “
2198 5553 2353 5605 Ἀσιο.
2408 5553 2527 5605 Des.
2563 5554 2615 5605 in
2642 5555 2724 5605 A:
2756 5553 2849 5605 sed
2881 5555 3020 5605 anud
3050 5554 3089 5605 L

353 5563 484 5617 σίου.
563 5563 610 5593 ³³
652 5551 994 5618 Βαϐυλῶνος.
1023 5555 1147 5609 Des.
1187 5554 1240 5606 in
1295 5553 1354 5604 Α.
1454 5551 1496 5582 ³³
1534 5554 1623 5618 τῇ.

2101 5499 2136 5534 ν.
2216 5489 2259 5515 ³⁷
2298 5489 2468 5554 λαμπ,
2504 5489 2623 5537 Des.
2669 5489 2721 5536 in
2765 5489 2828 5538 A.
2905 5489 2946 5517 "
2990 5489 3033 5537 Α
3061 5489 3323 5606 ἀργυρίου
3349 5489 3440 5541 καὶ
3467 5507 3598 5560 χρυ-

2101 5550 2146 5629 ³ξ
2198 5553 2353 5620 Ἀσφ.
2408 5553 2532 5629 Des1
2563 5554 2615 5606 in
2642 5555 2683 5606 Α
2709 5553 2849 5629 ;_s_ed
2881 5555 3020 5629 apud
3042 5554 3089 5629 ‘L
3120 5555 3188 5629 '_X
3214 5595 3227 5613 ,
3285 5571 3468 5629 praem.
3500 5560 3597 5629 τῷ.

352 5608 557 5686 ³³Πτίῦν.
595 5608 874 5697 (diem.
897 5608 1012 5679 καί.
1088 5608 1135 5657 ³³
1184 5621 1420 5697 Ἰσραήλ.
1454 5619 1507 5671 In
1536 5608 1766 5697 Bisupr‘a
1799 5623 1994 5697 lineam
2029 5608 2431 5697 scriptumlest
2471 5608 2986 5697 _'Ispoocélﬁg,_'sr
3026 5625 3067 5697 A_
3096 5608 3300 5697 οὔὼς-⁸
3356 5608 3414 5697 ξι,
3446 5608 3603 5693 sagi;

348 5703 521 5766 λεῐας.
556 5701 617 5755 1η
655 5691 695 5750 B
730 5712 897 5766 supra
926 5697 1120 5778 lineam
1148 5693 1421 5778 scriptum.
1451 5691 1947 5778 ιπδιιῖαἰχμαὶωσίας.
2029 5691 2144 5723 ³⁹·⁵⁰
2176 5691 2287 5745 τοῦ.
2328 5691 2447 5747 Des.
2471 5693 2520 5745 iu
2559 5691 2600 5745 A
2632 5700 2684 5746 et
2713 5692 2850 5744 inira
2886 5691 3018 5744 Dan.
3053 5692 3172 5745 loco
3205 5693 3298 5746 cit.
3375 5695 3416 5726 "
3443 5691 3598 5769 τρίτη

350 5805 409 5817 .--
446 5759 620 5847 ἠγεμ.
659 5759 887 5822 nes.'in
925 5767 989 5820 A.
1064 5764 1105 5794 δ’
1145 5763 1219 5813 δέ.
1256 5761 1373 5814 Des.
1410 5760 1461 5812 in
1507 5759 1566 5813 ιι.
