3868 6204
367 328 463 396 817

1541 329 1623 391 IN
1663 327 2108 389 EZECHIELIS
2142 327 2316 392 CAP.
2341 331 2391 391 Ι.

3514 335 3640 399 8ἰᾶ

370 439 655 511 Σκοπήσας
680 434 797 505 οὖν,
832 440 907 504 ώς
926 440 1104 494 ἔτεσιν
1132 439 1503 511 ἑϐδομήκοντα
1534 441 1635 512 τὴν
1657 439 1939 512 αἰχμαλω-

2048 439 2192 511 ginta
2218 457 2395 499 annos
2424 442 2561 514 ipsis
2585 444 2929 516 septuaginta
2961 442 3177 507 deesse,
3206 445 3462 515 Cognovi.
3495 461 3620 514 pro-

372 535 487 589 σίαν
529 533 703 589 Ἰούδα
756 533 1086 607 περιώρισεν
1131 534 1159 587 6
1213 530 1590 602 φιλάνθρωπος
1641 530 1938 600 Δεσπότης,

371 625 460 678 καὶ
491 623 576 677 ὅτι
594 625 1006 695 τεσσαράκοντα
1025 624 1137 687 τοῖς
1162 620 1527 691 ἑϐδομήκοντα
1556 618 1941 673 ὑπολέλειπται

369 714 482 783 ἐτη,
514 711 757 767 συνεῖδον
803 711 967 765 ὅτιτὸ
996 710 1318 781 τριακοστὸν
1344 708 1462 773 ἔτος
1485 710 1513 763 6
1548 709 1827 780 προφήτης
1843 707 1942 778 τῆς

367 803 747 875 αἰχμαλωσίας
791 799 932 857 εἶναι
974 820 1161 874 φησιν.
1204 802 1566 866 ’Δναποδίζων
1607 800 1685 862 δὲ,
1718 798 1813 852 καὶ
1849 797 1942 851 τὸν

370 894 559 965 χρόνον
591 892 900 965 ἀναζητῶν,
932 893 1177 969 εὑρίσκω
1207 892 1308 963 τὴν
1338 890 1711 962 αἰχμαλωσίαν
1740 889 1801 942 οὐ
1836 886 1943 959 πρὸ

368 987 660 1059 τριάκοντα
704 984 1079 1058 γεγενημένην
1113 985 1271 1050 ἑτῶν,
1318 984 1454 1038 ἀλλά
1496 982 1603 1055 πρὸ
1640 982 1807 1055 τριῶν
1849 980 1943 1037 καὶ

367 1080 494 1135 δέκα
527 1078 689 1134 ὲτῶν.
707 1079 846 1132 Ἀλλ’
877 1078 1084 1148 ἀγαθὸς
1110 1077 1185 1132 ὢν
1207 1078 1303 1133 καὶ
1331 1077 1707 1148 φιλάνθρωπος
1729 1078 1758 1130 6
1786 1075 1941 1141 Θεὸς,

369 1175 431 1228 ἔκ
465 1172 569 1244 τῆς
601 1172 810 1237 οἰκείας
850 1170 1218 1240 ἀποφάσεως,
1260 1169 1362 1224 οὐκ
1399 1170 1465 1222 ὲκ
1500 1169 1601 1239 τῆς
1637 1167 1749 1221 τῶν
1803 1185 1944 1239 πρα-

366 1264 589 1336 γμάτων
622 1264 923 1329 ἐκϐάσεως,
957 1264 1048 1317 τὸν
1084 1264 1183 1336 τῆς
1217 1261 1463 1326 παιδείας
1511 1261 1703 1333 χρόνον
1753 1260 1943 1315 είωθεν

368 1357 639 1431 ἀριθμεῖν.
684 1357 843 1412 Οὕτω
871 1358 967 1411 καὶ
998 1357 1093 1411 ἐπὶ
1131 1357 1227 1411 τοῦ
1267 1356 1608 1428 πατριάρχου
1642 1354 1943 1427 πεποίηκεν

377 1448 646 1520 Ἀϐραάμ.
702 1448 959 1521 Εἰρηκὼς
989 1449 1131 1521 γὰρ,
1190 1450 1273 1503 ὅτι
1317 1468 1336 1501 ι
1363 1449 1634 1519 Πάροικον
1685 1447 1836 1503 ἔσται
1883 1447 1945 1500 τὸ

369 1540 589 1610 σπέρμα
624 1558 720 1593 σου
745 1541 802 1593 ἐν
836 1542 908 1611 γῇ
926 1539 1026 1593 οὐκ
1053 1539 1180 1611 ἰδίᾳ,
1209 1541 1303 1594 καὶ
1333 1538 1693 1594 δουλώσουσιν
1720 1538 1852 1592 αὐτὸ
1872 1539 1941 1605 ⁵⁸,

366 1632 458 1686 καὶ
498 1617 849 1685 κακώσουσιν
893 1631 1026 1686 αὐτὸ
1056 1630 1151 1702 ἐτη
1173 1631 1220 1664 ⁸⁸
1247 1630 1595 1702 τετρακόσια,
1628 1630 1728 1683 οὐκ
1761 1629 1944 1683 εἰασεν

365 1726 492 1793 παρ’
518 1723 841 1791 Αἰγυπτίοις
872 1722 1061 1777 τοῦτον
1100 1724 1316 1778 ἅπαντα
1350 1722 1660 1776 διατελέσαι
1684 1721 1775 1774 τὸν
1812 1720 1943 1792 χρό-

366 1834 471 1881 νον,
504 1815 626 1869 ἀλλ’
652 1818 717 1869 ὲκ
744 1816 844 1886 τῆς
869 1816 1197 1884 ἀποφάσεως
1231 1814 1460 1885 ἀριθμεῖ
1488 1814 1578 1868 τὸν
1609 1813 1718 1866 τῶν
1744 1830 1941 1884 τετρα-

366 1907 560 1961 κοσίων
596 1907 734 1960 ἐτῶν
776 1907 1037 1978 ἀριθμήνο
1075 1907 1168 1961 καὶ
1191 1907 1237 1939 ⁸⁷
1269 1906 1362 1959 ἐπὶ
1387 1905 1482 1960 τοῦ
1512 1905 1634 1959 Νῶε
1671 1906 1729 1958 δὲ
1771 1905 1942 1958 εἴκοσι

366 1999 454 2053 καὶ
503 1997 702 2052 ἑκατὸν
752 1998 1017 2053 ἐνιαυτῶν
1071 1998 1412 2070 προθεσμίαν
1448 1998 1528 2060 εἰς
1581 1996 1941 2067 μεταμέλειαν

362 2087 630 2151 δεδωκὼς,
665 2089 765 2158 τῆς
795 2088 1139 2159 παρανομίας
1178 2088 1274 2157 τὴν
1314 2087 1551 2139 ἐπίδοσιν
1583 2086 1938 2156 θεασάμενος,

361 2183 459 2236 οὐκ
487 2182 744 2252 ἀνέμεινε
781 2181 847 2235 τὸ
875 2181 975 2251 τῆς
1019 2180 1346 2250 ἀποφάσεως
1389 2179 1563 2247 τέλος,
1618 2179 1705 2232 ἵνα
1754 2177 1939 2251 παύσῃ

363 2276 460 2346 τῆς
481 2274 766 2346 ἁμαρτίας
786 2274 879 2328 τὸν
896 2274 1119 2344 δρόμον.
1143 2271 1301 2327 Οὕτω
1326 2272 1509 2326 τοίνυν
1534 2270 1812 2326 κάνταῦθα
1833 2270 1943 2324 τῶν

363 2366 658 2439 τριάκοντα
694 2366 833 2420 ἐτῶν
857 2365 948 2419 τὸν
985 2363 1220 2436 ἀριθμὸν
1251 2364 1581 2436 εὑρήσομεν,
1627 2362 1800 2434 ἀρχὴν
1850 2361 1942 2414 τοῦ

362 2456 599 2530 ἀριθμοῦ
628 2457 728 2528 τὴν
757 2456 1035 2526 ἀπόφασιν
1064 2455 1158 2509 τοῦ
1187 2455 1323 2508 Θεοῦ
1362 2453 1740 2525 ποιησάμενοι.
1800 2454 1945 2507 Κατ-

362 2550 668 2620 εψηφίσατο
728 2548 787 2602 δὲ
841 2549 873 2603 6
920 2547 1052 2611 Θεὸς
1114 2546 1382 2600 Ἰουδαίων
1439 2545 1816 2617 αἰχμαλωσίαν
1849 2546 1944 2599 καὶ

361 2639 605 2694 δουλείαν
631 2641 690 2692 ὲν
718 2636 794 2707 τῷ
815 2635 1267 2706 ὀκτωκαιδεκάτῳ
1286 2635 1396 2688 ἔτει
1423 2634 1523 2706 τῆς
1561 2634 1765 2689 Ἰωσίου
1791 2633 1945 2704 βασι-

363 2730 533 2793 λείας.
575 2729 811 2783 Χελκίου
836 2728 946 2799 γάρ
977 2726 1073 2781 τοῦ
1102 2726 1402 2798 ἀρχιερέως
1430 2725 1880 2797 συγκεχωσμένον
1896 2725 1943 2758 ⁸⁸

361 2821 452 2874 τὸν
480 2818 783 2875 Μωσαῖκὸν
815 2816 1111 2889 εὐρηκότος
1155 2815 1319 2887 νόμον
1367 2814 1626 2887 (τοσαύτη
1664 2812 1773 2884 γάρ
1816 2814 1947 2866 Ἰου-

360 2911 583 2975 acting"
623 2910 847 2983 ἐκράτει
892 2907 1229 2980 παρανομία,
1275 2906 1352 2971 ώς
1395 2906 1489 2961 καί.
1520 2905 1660 2977 λήθῃ
1692 2903 1949 2959 παντελεί

362 3004 432 3057 τά
454 3003 576 3058 θεῖα
597 3001 1023 3072 παραδοθῆναι),
1047 2994 1166 3053 εἷτα
1186 2998 1281 3053 τοῦ
1316 2997 1579 3069 βασιλέως
1598 2996 1787 3051 τοῦτον
1817 2997 1947 3050 ἀνα-

2050 533 2265 603 pbetam
2301 535 2642 607 captivitatis
2671 536 3016 594 tricesimum
3059 551 3262 590 annum
3290 550 3416 592 esse
3442 535 3616 593 dixis-

2049 638 2127 681 se.
2175 624 2346 681 Retro
2374 633 2555 681 autem
2592 642 2917 694 numerans,
2956 636 3282 696 tempusque
3314 626 3618 696 inquirens,

2049 719 2347 789 comperio,
2376 735 2485 774 non
2508 728 2637 775 ante
2668 720 2916 789 triginta,
2954 718 3051 775 sed
3083 725 3212 773 ante
3242 718 3503 773 tredecim
3527 733 3622 773 an-

2047 820 2151 864 nns
2200 808 2573 878 captivitatem
2607 809 2924 881 contigisse.
2969 806 3077 863 Sed
3118 807 3389 878 benignus
3424 818 3482 862 et
3522 806 3621 862 ho.

2048 896 2259 952 minum
2289 906 2501 952 amator
2533 896 2696 964 Deus,
2725 914 2753 952 a
2779 897 3049 954 sententia
3082 912 3204 961 sua,
3234 912 3345 952 non
3374 912 3403 951 a
3436 912 3619 953 rerum

2047 990 2292 1061 ipsarum
2341 1001 2575 1058 eventu,
2635 992 3011 1063 castigationis
3068 1001 3283 1062 lempus
3332 1006 3624 1047 numerare

2048 1083 2355 1139 consuevit.
2404 1083 2485 1138 ita
2536 1084 2701 1138 etiam
2763 1093 3009 1154 tempore
3070 1083 3398 1155 patriarchae
3442 1083 3621 1137 Abra-

2047 1172 2195 1229 hami
2226 1174 2398 1230 fecit:
2435 1173 2523 1229 cui
2557 1189 2682 1229 cum
2715 1174 2947 1229 dixisset
2976 1193 2990 1229 :
3046 1193 3064 1226 ι
3116 1171 3476 1245 Peregrinum
3518 1174 3623 1229 erit

2049 1281 2239 1321 semen
2270 1273 2425 1321 tuum
2461 1267 2517 1321 in
2572 1273 2718 1341 terra
2746 1282 2856 1321 non
2909 1280 3031 1332 sua,
3066 1272 3121 1321 et
3176 1264 3474 1336 subjicient
3526 1279 3623 1320 eos

2048 1354 2320 1421 servituti,
2357 1363 2411 1411 et
2439 1355 2675 1427 allligent
2705 1355 3123 1428 quadringentis
3157 1356 3317 1412 annis
3352 1365 3379 1396 π
3400 1396 3417 1423 ,
3460 1375 3480 1410 ι
3511 1371 3631 1412 non.

2049 1446 2301 1517 permisit
2327 1461 2423 1502 eos
2452 1446 2558 1502 hoc
2581 1447 2750 1519 678
2764 1462 2929 1503 omne
2953 1449 2973 1470 ⁵
3000 1455 3216 1517 tempus
3245 1447 3445 1519 degere
3477 1447 3633 1518 apud

2047 1537 2356 1611 Egyptios,
2408 1554 2599 1595 verum
2647 1554 2676 1593 a
2708 1539 2978 1595 sententia
3033 1554 3132 1594 sua
3190 1538 3624 1611 quadringentos

2047 1644 2224 1685 annos
2261 1638 2560 1686 numerat:
2604 1629 2811 1686 Noachi
2845 1646 3064 1702 quoque
3098 1639 3364 1704 tempore,
3394 1646 3519 1687 cum
3553 1632 3636 1687 ad‘

2047 1722 2429 1791 pmnitentiam
2477 1729 2696 1778 centum
2731 1721 2925 1794 viginti
2981 1737 3158 1779 annos
3212 1723 3620 1794 pralinivisset,

2045 1822 2346 1884 conspecto
2376 1814 2682 1885 iniquitatis
2723 1816 3085 1881 incremento,
3115 1815 3264 1872 haud
3285 1816 3624 1888 exspectavit

2045 1906 2333 1960 sententia:
2378 1904 2561 1970 tinem,
2597 1914 2657 1961 ut
2705 1907 2914 1978 peccati
2973 1909 3419 1980 progressionem
3468 1924 3622 1964 com—

2049 1999 2328 2067 primeret.
2372 1997 2452 2053 lta
2498 1999 2587 2055 hic
2624 2015 2844 2069 quoque
2887 2003 3232 2072 reperiemus
3264 2003 3491 2072 triginta
3525 2018 3622 2055 an-

2046 2105 2242 2144 norum
2280 2104 2588 2154 numerum,
2617 2090 2715 2145 sia
2745 2088 2837 2147 Dei
2868 2091 3142 2148 sententia
3166 2091 3489 2148 numerandi
3519 2091 3625 2146 ini-

2036 2181 2182 2241 .tium
2218 2180 2508 2238 faciamus.
2553 2180 2955 2238 Condemnavit
3002 2189 3184 2238 autem
3225 2183 3371 2239 Deus
3404 2181 3634 2239 Iudaeos

2045 2272 2113 2329 ad
2138 2273 2508 2343 captivitatem
2545 2279 2601 2328 et
2632 2272 2956 2328 servitutem
2989 2271 3208 2329 decimo
3244 2281 3439 2329 octavo
3478 2286 3625 2327 anno

2041 2366 2207 2423 Josiae
2236 2365 2410 2437 regni.
2445 2364 2577 2420 Nam
2620 2380 2746 2419 cum
2773 2363 3026 2421 Chelcias
3075 2364 3333 2436 princeps
3376 2362 3627 2420 sacerdo~

2048 2468 2162 2512 tum
2193 2457 2468 2514 defossam
2496 2457 2860 2529 comperisset
2899 2456 3199 2513 Mosaicam
3243 2458 3415 2528 legem
3476 2461 3624 2528 (tanr

2047 2558 2160 2605 tum
2189 2550 2332 2606 enim
2376 2548 2690 2605 Iudaeorum
2733 2548 2999 2621 iniquitas
3027 2556 3247 2619 ceperat
3275 2546 3623 2611 incrementi,

2047 2647 2108 2694 ut
2136 2639 2321 2695 omnia
2362 2638 2545 2693 divina
2587 2636 2848 2692 oblivioni
2883 2651 3113 2710 prorsus
3145 2635 3344 2691 tradita
3388 2634 3621 2705 essent),

2046 2731 2246 2788 deinde
2273 2744 2399 2786 eam
2450 2746 2543 2785 rex
2597 2728 2845 2801 legisset,
2891 2728 3504 2798 animadvertissetque,
3558 2740 3625 2781 ea

2048 2838 2169 2895 qua:
2201 2821 2437 2893 populus
2482 2820 2731 2885 auderet,
2774 2827 2961 2893 aperte
3002 2820 3108 2892 legi
3145 2834 3273 2877 esse
3320 2818 3624 2885 contraria,

2048 2922 2102 2970 et
2126 2913 2334 2969 idcirco
2369 2911 2515 2967 haud
2552 2910 2814 2967 mediocri
2840 2919 3054 2968 terrore
3077 2911 3329 2978 allectus,
3361 2910 3622 2967 sacerdo-

2049 3014 2164 3059 tum
2217 3003 2522 3074 principem
2564 3002 2826 3074 iussisset
2882 3018 3107 3075 operam
3161 3003 3313 3069 dare,
3363 3010 3425 3058 ut
3481 3001 3627 3059 Deus

365 3096 605 3164 γνόντος,
642 3093 737 3146 καί
782 3094 1175 3161 σκοπήσαντος.
1215 3089 1291 3153 ώς
1321 3088 1582 3159 ἄντικρυς
1619 3087 1838 3140 ἐναντία
1867 3085 1944 3155 τῷ

2055 3098 2369 3166 placaretur
2411 3114 2425 3150 :
2470 3095 2687 3150 confert
2732 3110 2793 3150 se
2846 3095 3101 3167 princeps
3153 3095 3503 3150 sacerdotum
3557 3094 3627 3148 ad

367 3176 514 3257 νόμω
566 3185 638 3238 τὰ
689 3185 841 3253 παρά
887 3183 982 3236 τοῦ
1040 3181 1169 3236 λαοῦ
1220 3180 1564 3251 τολμώμενα,
1614 3179 1707 3232 καί¹
1753 3178 1945 3233 τούτου

368 3280 526 3349 χάριν
559 3278 681 3332 λίαν
731 3274 1227 3344 ὲκδειματωθέντος
1268 3273 1337 3337 ⁸ο,
1391 3273 1485 3325 καὶ
1542 3270 1631 3323 τὸν
1687 3269 1949 3340 ἀρχιερέα

372 3369 849 3442 παρακαλέσαντος
897 3366 1053 3421 ἵλεων
1093 3366 1185 3419 τὸν
1214 3362 1346 3418 Θεὸν
1383 3362 1740 3433 καταστῆσαι,
1781 3362 1947 3429 ἀφικ-

370 3468 537 3518 νεῖται
569 3463 668 3534 μὲν
711 3464 741 3515 ὁ
786 3461 1078 3532 ἀρχιερεὺς
1124 3459 1262 3528 πρὸς
1301 3458 1488 3512 Ὀλδᾶν
1517 3458 1615 3527 τὴν
1654 3456 1944 3527 προφῆτιν,

372 3555 565 3625 εὐσεδῆ
596 3556 830 3623 γυναῖκα
884 3552 977 3606 καὶ
1005 3551 1110 3605 τῶν
1142 3550 1302 3604 θείων
1335 3549 1550 3620 φύλακα
1585 3548 1763 3619 νόμων
1788 3566 1800 3576 ν
1834 3549 1867 3617 ἡ
1892 3547 1949 3601 δὲ

374 3649 554 3711 ἔνθους
580 3646 870 3717 γενομένη,
913 3644 1008 3698 καί
1038 3642 1135 3696 τοῦ
1180 3642 1325 3696 θείου
1356 3641 1678 3712 Πνεύματος
1710 3638 1946 3709 πλήρης,

374 3736 489 3793 εἷπε
513 3740 555 3771 ⁸⁸
616 3738 744 3810 πρὸς
796 3736 995 3792 αὐτόν*
1050 3754 1069 3785 ι
1110 3734 1249 3789 Τάδε
1290 3734 1438 3802 λέγει
1486 3732 1690 3803 Κύριος
1737 3731 1790 3784 6‘
1818 3731 1950 3795 Θεὸς

386 3828 627 3901 Ἰσραήλ’
680 3827 886 3881 Εἴπατε
936 3825 1007 3897 τῷ
1044 3825 1199 3897 ἀνδρὶ
1249 3823 1329 3895 τῷ
1375 3824 1758 3878 ἀποστείλαντι
1804 3824 1948 3893 ὑμᾶς

378 3923 505 3993 πρός
531 3939 620 3993 με·
656 3921 788 3975 Ἰδοὺ
818 3919 927 3989 ἐγὼ
947 3918 1136 3986 ἐπάγω
1157 3917 1302 3972 κακά
1331 3919 1423 3971 ἐπὶ
1440 3916 1531 3970 τὸν
1553 3916 1716 3969 τόπον
1738 3915 1945 3981 τοῦτον,

377 4012 465 4066 καὶ
495 4012 587 4065 ἐπὶ
624 4010 751 4074 τοὺς
799 4008 1189 4071 κατοικοῦντας
1238 4011 1295 4061 ὲν
1351 4006 1520 4077 αὐτῷ,
1569 4007 1777 4069 πάντας
1821 4006 1950 4069 τοὺς

376 4103 562 4171 λόγους
610 4101 707 4156 τοῦ
747 4101 947 4173 βιϐλίου
993 4090 1054 4153 οὗ
1104 4098 1315 4167 ἀνέγνω
1363 4098 1393 4151 6
1440 4098 1689 4169 βασιλεὺς
1744 4098 1945 4152 Ἰούδου

375 4195 485 4250 ἀνθ’
508 4189 582 4251 ὧν
609 4194 966 4263 ἐγκατέλιπον
992 4211 1081 4264 με,
1107 4193 1200 4247 καὶ
1223 4192 1521 4263 ἐθυμίασαν
1545 4193 1684 4258 θεοῖς
1717 4195 1944 4265 ἑτέροις,

2054 3189 2246 3244 ΟΙιΙοιιι
2278 3187 2701 3259 prophetissam,
2731 3186 2877 3258 piam
2912 3186 3222 3254 mulierem,
3261 3201 3493 3258 quaeque
3535 3186 3625 3241 di-

2048 3280 2205 3333 vinas
2233 3279 2380 3349 leges
2406 3278 2743 3334 observaret.
2774 3277 2926 3345 Qum,
2967 3277 3157 3333 divino
3197 3278 3461 3334 instinctu
3492 3292 3626 3333 con-

2052 3373 2243 3435 citata,
2291 3371 2574 3441 divinique
2622 3369 2864 3441 Spiritus
2911 3371 3093 3442 plena,
3142 3370 3280 3426 dixit
3327 3370 3394 3425 ad
3443 3385 3567 3426 eum
3609 3388 3624 3424 :

2056 3486 2075 3519 ι
2114 3464 2240 3519 Haec
2282 3464 2415 3520 dicit
2450 3463 2716 3520 Dominus
2769 3466 2911 3519 Deus
2950 3462 3169 3519 lsraelis
3214 3481 3227 3519 :
3281 3462 3456 3519 Dicite
3505 3464 3627 3519 viro

2051 3557 2143 3627 qui
2177 3556 2326 3613 misit
2352 3571 2449 3610 vos
2478 3555 2543 3609 ad
2590 3570 2673 3610 me
2703 3555 2885 3611 :Ecce
2913 3570 3014 3626 ego
3044 3553 3258 3610 adduco
3286 3556 3429 3609 mala
3461 3568 3628 3626 super

2051 3648 2231 3703 locum
2280 3647 2469 3711 istum,
2516 3653 2571 3701 et
2619 3663 2786 3718 super
2838 3647 3150 3703 habitantes
3204 3646 3258 3701 in
3305 3661 3393 3713 eo,
3441 3646 3626 3701 omnia

2050 3738 2214 3795 verba
2246 3736 2372 3793 libri
2417 3752 2578 3807 quem
2608 3737 2740 3809 legit
2780 3753 2873 3793 rex
2907 3735 3084 3802 .ludae,
3138 3736 3270 3807 quia
3314 3734 3626 3804 derelique-

2048 3839 2182 3885 runt
2212 3844 2320 3895 me,
2351 3836 2406 3885 et
2449 3829 2902 3885 sacriﬁcaverunt
2940 3829 3047 3885 diis
3081 3827 3300 3892 alienis,
3341 3838 3401 3882 ut
3434 3826 3625 3881 irrita-

2050 3927 2174 3975 rent
2205 3934 2291 3975 me
2335 3919 2593 3973 omnibus
2643 3920 2902 3990 operibus
2941 3933 3202 3974 manuum
3254 3933 3478 3973 suarum
3512 3935 3527 3973 :
3567 3925 3628 3971 et

2051 4010 2715 4081 acccndeturindig‘natio
2747 4011 2914 4083 6'79
2953 4027 3073 4066 mea
3110 4011 3166 4065 in
3222 4012 3344 4065 loco
3396 4009 3521 4076 hoc,
3571 4016 3632 4063 et

2049 4116 2160 4155 non
2203 4100 2604 4171 exstinguetur.
2636 4098 2769 4171 Regi
2801 4107 2983 4155 autem
3012 4098 3190 4164 ludat,
3225 4100 3319 4170 qui
3351 4099 3500 4154 misit
3526 4114 3626 4154 vos

2049 4198 2113 4247 ut
2155 4190 2519 4246 consuleretis
2554 4188 2867 4255 Dominum,
2920 4191 3000 4246 sic
3044 4190 3284 4245 dicetis:
3333 4187 3461 4243 Haec
3495 4188 3630 4243 dicit

377 4287 461 4342 ἵνα
489 4286 869 4360 παροργίσωσί
907 4304 973 4356 με
998 4287 1055 4338 ὲν
1088 4285 1224 4337 πᾶσι
1257 4288 1370 4348 τοῖς
1408 4285 1591 4356 ἔργοις
1614 4286 1719 4340 τῶν
1747 4287 1944 4357 χειρῶν

2052 4282 2318 4341 Dominus
2354 4281 2500 4338 Deus
2533 4281 2777 4349 lsraelis,
2815 4297 2916 4354 pro
2947 4298 3012 4337 eo
3044 4282 3191 4352 quod
3218 4280 3422 4337 audisti
3456 4279 3626 4335 verba

376 4379 576 4434 αὐτῶν·
615 4379 709 4433 καὶ
743 4377 1140 4449 ἐκκαυθήσεται
1186 4378 1215 4431 6
1261 4377 1430 4448 θυμός
1461 4396 1561 4450 μου
1607 4382 1663 4432 ὲν
1691 4380 1769 4449 τῷ
1800 4381 1944 4449 τόπῳ

2052 4391 2196 4441 mea,
2225 4383 2279 4431 et
2304 4376 2560 4448 paenituit
2588 4390 2685 4429 cor
2723 4383 2902 4437 tuum,
2948 4381 3002 4429 et
3036 4373 3302 4429 confusus
3329 4387 3389 4427 es
3421 4386 3450 4425 a
3489 4371 3629 4427 facie

376 4468 559 4538 τούτῳ,
614 4467 711 4522 καὶ
757 4466 819 4521 οὒ
874 4466 1265 4537 σϐεσθήσεται·
1308 4467 1443 4538 πρὸς
1486 4467 1540 4521 δὲ
1585 4469 1678 4520 τὸν
1724 4469 1944 4538 βασιλέα

2053 4480 2198 4532 mea,
2228 4474 2288 4519 ut
2318 4463 2519 4524 audisti
2551 4478 2893 4535 quaecunque
2922 4463 3139 4518 locutus
3191 4477 3311 4517 sum
3343 4477 3507 4531 super
3542 4461 3625 4515 lo-

390 4560 573 4623 Ἰούδα,
627 4559 719 4616 τὸν
769 4559 864 4614 καὶ
914 4557 1311 4613 ἀποστείλαντα
1349 4558 1493 4629 ὑμᾶς
1521 4558 1615 4617 τοῦ
1647 4560 1944 4630 ἐκζητῆσαι

2052 4573 2177 4613 cum
2210 4557 2399 4621 istum,
2435 4563 2490 4612 et
2516 4570 2681 4625 super
2708 4556 3020 4610 habitantes
3048 4555 3102 4609 in
3132 4570 3218 4619 eo,
3248 4563 3310 4608 ut
3345 4554 3533 4610 tierent
3561 4553 3615 4608 in

377 4649 462 4703 τὸν
489 4649 713 4721 Κύριον,
745 4647 921 4711 οὔτως
942 4648 988 4679 ⁶¹
1038 4648 1214 4718 ἐρεῖτε
1248 4648 1380 4717 πρὸς
1405 4648 1593 4701 αὐτόν’
1631 4651 1766 4702 Τάδε
1798 4651 1944 4719 λέγει

2050 4650 2355 4713 interitum,
2408 4656 2463 4703 et
2511 4648 2723 4703 scidisti
2777 4646 3103 4702 vestimenta
3157 4653 3274 4712 tua,
3333 4652 3389 4700 et
3423 4642 3621 4701 ﬂevisti

380 4740 574 4811 Κύριος
632 4741 661 4793 6
715 4739 848 4803 Θεὸς
903 4737 1157 4807 Ἰσραήλ·
1205 4736 1345 4789 ’Λνθ’
1396 4730 1470 4789 ὧν
1530 4738 1770 4808 ῆκουσας
1822 4739 1944 4802 τοὺς

2052 4755 2238 4797 coram
2268 4756 2373 4803 me,
2397 4739 2562 4795 etiam
2586 4754 2687 4809 ego
2717 4738 2923 4803 audivi,
2956 4738 3092 4793 dicit
3121 4738 3402 4793 Dominus.
3435 4737 3626 4792 Nonne

377 4833 560 4903 λόγους
583 4831 630 4865 ⁸⁸
677 4849 800 4902 μου,
838 4831 930 4885 καί
967 4828 1311 4900 μετεμελήθη
1337 4829 1382 4860 ⁸⁵
1416 4831 1447 4898 ἡ
1479 4830 1673 4899 καρδία
1707 4849 1821 4887 σου.
1853 4830 1947 4884 καὶ

376 4926 674 4995 ἐνετράπης
699 4922 809 4976 ἀπὸ
837 4919 1127 4992 προσώπου
1166 4937 1290 4990 μου,
1320 4920 1393 4982 ώς
1423 4921 1661 4990 ἤκουσας
1687 4921 1785 4974 ὅσα
1818 4922 1945 4975 ἐλά-

375 5015 511 5087 λησα
546 5016 641 5069 ἐπὶ
674 5014 766 5069 τὸν
799 5013 960 5066 τόπον
991 5010 1198 5076 τοῦτον,
1235 5011 1330 5063 καὶ
1357 5013 1449 5063 ἐπὶ
1477 5013 1600 5076 τοὺς
1636 5012 1950 5068 κατοικοῦν-

2053 4832 2183 4887 sic?
2216 4830 2355 4885 Ecce
2383 4845 2484 4899 ego
2518 4845 2734 4900 appono
2763 4838 2816 4884 te
2855 4829 2921 4884 ad
2954 4836 3138 4900 patres
3167 4837 3315 4891 tuos,
3350 4838 3405 4885 et
3449 4831 3624 4885 addu-

2052 4922 2197 4978 ceris
2222 4922 2289 4977 ad
2325 4923 2637 4991 sepulcrum
2671 4929 2824 4975 tuum
2849 4919 2903 4974 in
2938 4934 3094 4990 pace,
3133 4930 3190 4977 et
3222 4936 3335 4976 non
3364 4922 3628 4977 videbunt

2057 5016 2203 5071 oculi
2250 5015 2325 5070 tui
2377 5015 2561 5069 omnia
2595 5015 2737 5070 mala
2803 5029 2923 5085 quae
2951 5028 3054 5086 ego
3086 5015 3301 5072 adduco
3350 5032 3517 5087 super
3550 5017 3629 5071 lo-

445 5203 464 5232 '
498 5194 639 5251 Gcn.
684 5208 775 5250 ιγ.
804 5193 884 5249 l5.

1678 5335 1906 5390 vanu:
1926 5310 1930 5314 ’
1951 5336 2351 5391 LECTIDHES.

430 5457 476 5485 ⁵³
518 5451 1316 5529 a616.__StLpra,tpm_.l‘,pag.
1356 5454 1689 5529 78,_a-31:o~3c;,
1731 5456 1944 5529 juxlairl

2056 5458 2344 5529 lectionem
2370 5459 2491 5514 loco
2519 5460 2613 5513 cit.
2652 5458 2728 5513 lta
2765 5474 2980 5529 quoque
3013 5460 3248 5529 deinde,
3289 5465 3410 5529 post
3448 5455 3623 5529 κακώ-

362 5541 571 5599 σουσιν.
636 5518 927 5599 Α”ᾏΒθεει
956 5521 1013 5575 h.
1048 5523 1084 5575 1.
1122 5518 1709 5599 καῖ-ταπεινώσουσιν,
1731 5518 1863 5580 ante
1896 5525 1944 5578 ἕτ

2048 5544 2181 5598 τετρ.
2277 5528 2323 5560 ⁸⁷
2364 5529 2457 5582 καί
2484 5530 2577 5583 ἐπὶ
2610 5530 2726 5584 τοῦ.
2762 5518 2835 5584 Ita
2872 5518 2911 5582 Β
2942 5544 3042 5599 pro
3080 5528 3192 5599 τῷ,
3229 5518 3463 5599 ill-hall;
3488 5525 3618 5599 edit.

357 5597 530 5670 prio}.
633 5590 686 5670 ξ’
804 5594 1335 5670 συγκεχωρισμένον,
1372 5596 1668 5670 sedsupra
1699 5596 1895 5670 line-.1111
1927 5613 1944 5649 ε

2048 5590 2193 5670 ῃιιιίη
2229 5600 2816 5670 εειγσυγκεχωσμένον.
2893 5590 2957 5630 δ”
2980 5601 3019 5650 Β
3058 5590 3344 5670 Ἰοῖδδπίιοιν.
3423 5594 3467 5625 ⁸ο

354 5661 427 5722 ita
456 5665 520 5738 Β,
544 5664 653 5738 sed
687 5661 950 5738 ed._|_)t'ior
976 5661 1634 5738 ltab._év63tpqt(00évto;.
1713 5667 1773 5738 “‘7
1798 5662 1935 5738 εἷπε.

2048 5667 2150 5736 ῗφη.
2232 5669 2277 5697 θ’
2317 5669 2357 5719 Β
2383 5661 2661 5723 οὖτυῖκαί.
2738 5670 2782 5700 ⁸³
2841 5670 3038 5738 Supra,
3075 5675 3207 5721 tum.
3245 5666 3296 5729 l,
3333 5680 3451 5735 pag.
3490 5664 3626 5726 549.

352 5739 459 5793 τῶν
490 5737 703 5803 λόγων.
783 5732 828 5764 ⁸⁵
870 5749 1062 5802 μετεμ.
1093 5732 1301 5803 Supra,
1336 5736 1454 5790 loco
1481 5737 1570 5791 t'il.
1592 5777 1605 5801 ,
1650 5735 1931 5807 ἡπαλύνθη

2048 5732 2153 5792 ma
2192 5756 2298 5793 rec.
2339 5740 2649 5795 lectionem.
