3868 6204
370 286 478 350 819

1371 284 1862 346 THEODORETI
1897 286 2238 347 EPISCOPI
2268 287 2633 351 CYRENSIS
2870 242 2877 248 ’
3507 296 3599 359 820

372 411 496 452 cum
555 395 743 459 istum,
779 400 833 447 et
878 406 1042 464 super
1090 389 1402 445 habitantes
1444 406 1568 447 eum
1599 403 1642 445 ³.
1697 410 1716 444 ι
1774 391 1944 462 Atque

2053 410 2149 456 τας
2175 392 2219 424 ⁸⁵
2280 394 2337 445 ὲν
2367 392 2537 462 αὐτῷ,
2596 390 2692 444 τοῦ
2740 389 2992 458 γενέσθαι
3039 393 3115 456 είς
3163 394 3484 466 ἀφανισμὸν,
3516 403 3597 455 καὶ

373 488 490 542 hate
519 486 647 540 item
684 484 1134 553 Paralipomenon
1164 479 1305 534 liber
1338 480 1497 537 docet
1529 482 1575 537 ί.
1610 480 1737 538 Haec
1769 493 1945 538 autem

374 586 525 649 gesta
557 588 610 637 et
637 576 783 629 dicta
814 580 942 627 sunt
971 587 1116 625 anno
1161 572 1376 628 decimo
1422 581 1617 628 octavo
1666 574 1819 647 regni
1852 572 1947 627 Jo-

376 670 492 734 site,
526 668 617 739 qui
651 681 817 722 unum
840 673 903 727 et
935 665 1157 736 triginta
1205 664 1455 735 regnavit
1488 679 1683 721 annos.
1728 666 1774 719 A
1810 665 1951 721 deci4

375 774 465 813 mo
489 765 682 813 octavo
713 760 727 778 ⁶
764 757 930 827 igitur
968 772 1144 827 usque
1193 755 1260 812 ad
1323 757 1668 811 tricesimum
1704 757 1947 827 primum

377 850 505 909 anni
547 850 821 903 intersunt
862 847 1300 918 quatuordecim.
1331 846 1465 903 Post
1500 848 1647 903 hunc
1679 864 1829 913 vero,
1864 865 1951 905 re-

373 941 558 1012 gnavit
599 939 834 996 Joachas
870 954 1088 997 menses
1123 949 1254 1007 tres,
1297 939 1391 1010 qui
1427 954 1552 994 cum
1610 939 1760 994 hisce
1791 941 1952 996 annis

373 1029 742 1100 coniungendi
780 1037 933 1103 sunt,
984 1037 1275 1100 prapterea
1330 1028 1475 1100 quod
1526 1038 1721 1085 octavo
1765 1046 1953 1085 mense

372 1121 568 1176 decimi
621 1119 802 1175 octavi
857 1121 983 1175 anni
1039 1119 1187 1175 edita
1242 1129 1327 1176 εει
1381 1121 1684 1191 prophetia.
1747 1120 1953 1176 Deinde

373 1210 770 1283 conjungentes
817 1226 941 1266 cum
996 1211 1275 1282 prioribus
1317 1212 1440 1266 illos
1475 1211 1728 1266 undecim
1774 1227 1954 1266 annos

371 1305 631 1371 Joacimi,
662 1305 854 1377 viginti
892 1304 1136 1376 quinque
1182 1304 1607 1375 compcrieutus.
1634 1305 1770 1359 Tres
1821 1319 1953 1358 vero

372 1396 649 1455 Jechonia:
680 1414 920 1464 menses,
970 1408 1024 1459 et
1052 1398 1169 1453 dies
1204 1413 1430 1468 paucos,
1480 1412 1578 1466 pro
1632 1397 1717 1451 bis
1758 1412 1953 1453 rursus

374 1490 656 1545 mensibus
683 1489 777 1561 qui
807 1488 1034 1544 deerant
1077 1488 1289 1543 decimo
1352 1496 1546 1542 octavo
1588 1502 1754 1552 anno,
1802 1503 1946 1543 eom-

373 1582 686 1653 putabimus
716 1599 729 1637 :
759 1590 814 1637 et
843 1580 1003 1641 annis
1027 1580 1219 1653 viginti
1240 1582 1483 1652 quinque
1514 1578 1774 1636 addentes
1796 1582 1949 1651 quin—

2052 482 2343 556 διέρῤηξας
2370 483 2438 536 τὰ
2462 482 2654 550 ἱμάτιά
2687 499 2804 543 σου,
2837 482 2931 535 καὶ
2961 481 3225 547 ἔκλαυσας
3248 485 3466 541 ἐνώπιόν
3490 508 3599 558 μου,

2053 573 2146 627 καὶ
2176 574 2286 641 ἐγὼ
2312 574 2542 645 ηκουσα,
2581 572 2714 643 φησὶ
2749 572 2953 644 Κύριος
2976 588 2990 603 ο
3041 575 3136 644 οὺχ
3168 574 3341 640 οὔτως
3362 578 3437 644 ⁶⁶;
3486 581 3601 634 ’1δοῦ

2053 662 2164 732 ἐγὼ
2218 662 2553 736 προστίθημί
2608 681 2666 716 σε
2718 664 2853 735 πρὸς
2905 665 3031 729 τοὺς
3081 667 3319 738 πατέρας
3372 686 3479 733 σου,
3521 673 3603 725 καὶ

2052 755 2337 826 ὲπαχθὴσῃ
2364 756 2406 786 ⁶⁷
2464 758 2543 819 είς
2581 755 2672 809 τὸν
2719 756 2889 826 τάφον
2926 774 3018 809 σου
3063 759 3118 810 ὲν
3152 760 3362 832 εἰρήνῃ,
3396 764 3483 814 καὶ
3515 765 3604 819 οὐκ

2052 846 2272 916 ὄψονται
2314 848 2363 899 οί
2400 847 2669 917 ὀφθαλμοί
2720 865 2811 901 σου
2862 849 3039 903 πάντα
3079 850 3148 903 τὰ
3207 852 3350 904 κακά
3379 853 3413 906 ἃ
3446 854 3605 922 ὲγὼ⁶⁸

2055 937 2245 1005 ὲπάγω
2274 939 2364 991 ὲπὶ
2391 938 2483 992 τὸν
2513 940 2676 992 τόπον
2698 940 2743 971 ⁸⁸
2785 939 2993 1001 τοῦτον,
3037 943 3131 995 καὶ
3162 944 3255 995 ἐπὶ
3282 946 3406 1007 τοὺς
3437 963 3604 999 κατοι-

2056 1027 2287 1091 κοῦντας
2319 1027 2500 1081 αὐτόν.
2530 1047 2546 1078 ι
2578 1027 2764 1082 Ταῦτα
2788 1028 2845 1081 δὲ
2882 1030 2974 1082 καὶ
3005 1032 3039 1100 ἡ
3069 1030 3177 1083 τῶν
3214 1031 3603 1103 Παραλειπομέ-

2053 1137 2159 1174 νων
2191 1119 2373 1189 βίϐλος
2405 1119 2667 1173 διδάσκει.
2711 1119 2993 1191 Ἐπράχθη
3029 1121 3087 1174 δὲ
3110 1121 3284 1175 ταῦτα
3310 1124 3401 1176 καὶ
3426 1124 3603 1196 ἐρρέθη

2054 1210 2111 1263 ὲν
2140 1209 2216 1280 τῷ
2248 1210 2698 1282 ὀκτωκαιδεκάτῳ
2728 1210 2837 1265 ἔτει
2861 1211 2962 1282 τῆς
2993 1212 3273 1283 βασιλείας
3306 1214 3529 1268 Ἰωσίου’
3554 1216 3606 1271 ἓν

2053 1301 2108 1355 δὲ
2145 1301 2241 1354 καὶ
2272 1302 2566 1371 τριάκοντα
2597 1302 2942 1358 ἐϐασίλευσεν
2988 1304 3105 1374 ἐτη.
3150 1304 3282 1357 Ἀπὸ
3316 1305 3486 1359 τοίνυν
3522 1307 3604 1361 τοῦ

2054 1392 2519 1446 ὀκτωκαιδεκάτου
2548 1392 2653 1457 ἕως
2682 1392 2776 1447 τοῦ
2800 1393 3123 1465 τριακοστοῦ
3145 1392 3362 1465 πρώτου
3389 1396 3605 1465 γίνονται

2054 1484 2149 1553 ἐτη
2183 1484 2680 1556 τεσσαρακαίδεκαο
2707 1484 2843 1555 μετὰ
2866 1484 2924 1538 δὲ
2947 1484 3135 1539 τοῦτον
3169 1484 3390 1556 Ἰωάχας
3413 1486 3457 1518 ⁷⁸
3476 1489 3606 1557 τρεῖς

2062 1576 2234 1646 μῆνας
2262 1575 2630 1642 ἐϐασίλευσεν,
2679 1576 2774 1640 οὒς
2803 1577 2884 1630 δεῖ
2918 1577 3128 1642 τούτοις
3168 1577 3366 1641 αὐτοὺς
3397 1577 3605 1646 συνάψαι

373 1689 479 1744 que
508 1673 844 1743 captivitatis
868 1672 1035 1745 680
1069 1671 1369 1735 Jecltoniae,
1416 1672 1641 1742 triginta
1679 1686 1944 1727 annorum

2058 1668 2170 1729 τοῖς
2196 1665 2360 1729 ἔτεσι,
2388 1666 2475 1720 διὰ
2504 1666 2565 1719 τὺ
2590 1666 2668 1738 τῷ
2695 1668 2863 1739 ὀγδόῳ
2892 1669 3022 1738 μηνὶ
3042 1667 3137 1722 τοῦ
3160 1669 3604 1727 ὀκτωκαιδεκάτου

372 1778 663 1819 numerum
704 1744 1201 1832 deprehendemus.
1249 1759 1327 1815 Ita
1378 1762 1543 1816 etiam
1606 1762 1944 1833 septuaginta

2054 1756 2208 1821 ἔτους
2227 1760 2552 1830 γεγενῆσθαι
2584 1760 2680 1833 τὴν
2710 1760 3065 1830 προφητείαν·
3098 1756 3218 1814 εἶτα
3242 1760 3337 1813 τοῦ
3376 1761 3605 1830 Ἰωακεὶμ

374 1854 711 1924 captivitatis
735 1869 1006 1908 annorum
1028 1854 1313 1910 veritatem
1335 1853 1638 1925 poterimus
1654 1853 1950 1923 percipere.

374 1947 507 2000 Nam
544 1963 574 2001 a
621 1947 834 2002 decimo
888 1954 1084 2002 octavo
1131 1945 1284 2017 regni
1314 1944 1479 2000 Josiae
1510 1961 1686 2015 usque
1719 1946 1785 1999 ad
1837 1945 1951 2015 pri-

373 2053 521 2093 mum
574 2038 700 2109 Cyri
742 2036 1033 2094 Persarum
1073 2038 1238 2108 regis,
1270 2051 1379 2109 quo
1428 2045 1687 2107 regnante
1733 2036 1947 2105 primus

376 2127 480 2183 fuit
528 2129 762 2196 reditus,
822 2126 1260 2199 septuagesimus
1292 2140 1470 2180 annus
1514 2125 1783 2193 expletur.
1842 2123 1948 2190 Qui

372 2232 504 2273 vero
532 2217 889 2273 desolationis
928 2215 1116 2289 templi
1164 2215 1509 2286 septuaginta
1552 2230 1726 2271 annos
1757 2230 1951 2269 nume-

371 2326 499 2366 rare
530 2311 679 2374 velit,
716 2312 763 2367 is
798 2310 1025 2380 incipiat
1078 2308 1145 2367 ab
1179 2308 1470 2363 undecimo
1517 2323 1662 2362 anno
1709 2306 1952 2363 Sedecite

375 2404 533 2471 (tunc
573 2404 718 2457 enim
751 2418 967 2459 sacrum
1008 2400 1101 2458 Dei
1160 2401 1423 2472 templum
1476 2400 1763 2455 incensum
1805 2399 1948 2470 fuit),

373 2496 701 2567 desinatque
727 2511 872 2551 anno
899 2493 1143 2551 secundo
1180 2492 1331 2547 Darii
1370 2491 1685 2565 Hystaspis,
1719 2506 1831 2562 quo
1861 2507 1950 2546 re-

373 2598 576 2660 gnante
605 2589 753 2645 omni
786 2590 965 2647 studio
999 2589 1261 2659 templum
1287 2587 1695 2653 instaurarunt,
1728 2595 1783 2642 et
1810 2601 1950 2657 opus

373 2681 443 2736 ad
475 2683 680 2745 exitum
710 2681 1035 2754 perductum
1066 2690 1171 2737 est.
1212 2680 1303 2735 Ait
1331 2680 1500 2753 igitur
1534 2679 1843 2752 propheta:

371 2776 532 2842 λὲως,
563 2779 650 2851 ἐφ’
676 2771 736 2833 οὗ
766 2779 799 2850 ἡ
830 2775 1024 2850 πρώτη
1045 2775 1346 2846 ἀνάκλησις
1382 2775 1628 2845 γέγονεν,
1692 2777 1722 2829 ὀ
1760 2771 2261 2845 ἑϐδομηκοντούτης
2303 2772 2721 2843 συμπληροῦται
2767 2772 2976 2846 χρόνος.
3034 2773 3153 2844 Τῆς

2052 1848 2247 1901 ἕνδεκα
2276 1851 2387 1913 τοῖς
2422 1850 2707 1923 προτέροις
2730 1849 3066 1919 συνάψαντες
3093 1849 3293 1915 ἐτεσιν,
3325 1850 3605 1920 εὑρήσομεν

2052 1941 2214 1994 πέντε
2245 1942 2339 1995 καὶ
2371 1942 2567 1997 εἴκοσι.
2600 1943 2738 2007 Τοὺς
2775 1941 2831 1996 δὲ
2856 1946 3006 2013 τρεῖς
3036 1942 3217 2013 μῆνας
3243 1941 3337 1996 τοῦ
3379 1942 3604 2012 Ἰεχονίου

2051 2034 2148 2087 καὶ
2196 2031 2295 2096 τὰς
2320 2032 2510 2102 ὀλίγας
2535 2033 2766 2105 ἡμέρας,
2810 2033 2972 2088 πάλιν
3019 2035 3143 2087 άντὶ
3174 2033 3284 2086 τῶν
3323 2032 3604 2086 ὑπολοίπων

2055 2124 2242 2195 μηνῶν
2270 2124 2364 2178 τοῦ
2393 2124 2865 2178 ὀκτωκαιδεκάτου
2891 2125 3042 2189 ἔτους
3065 2124 3471 2194 άντεισάξομεν.
3495 2124 3604 2186 Τοῖς

2047 2216 2104 2270 δὲ
2137 2216 2299 2271 πέντε
2340 2217 2436 2271 καὶ
2476 2219 2650 2271 εἴκοσι
2677 2216 2745 2270 τά
2790 2218 2951 2270 πέντε
2993 2218 3094 2288 τῆς
3130 2216 3498 2288 αἰχμαλωσίας
3521 2215 3603 2269 τοῦ

2061 2309 2313 2380 Ἰεχονίου
2356 2309 2804 2378 προστεθεικότες
2842 2310 2934 2363 τὸν
2990 2310 3094 2363 τῶν
3146 2310 3438 2380 τριάκοντα
3485 2307 3604 2360 ἐτῶν

2048 2402 2355 2474 εὑρήσομεν
2387 2400 2624 2473 ἀριθμόν
2645 2418 2660 2434 ο
2694 2401 2837 2455 οὓτω
2862 2402 2956 2456 καὶ
2987 2401 3098 2456 τῶν
3125 2402 3489 2473 ἐϐδομήκοντα
3520 2402 3604 2471 τῆς

2048 2492 2433 2563 αἰχμαλωσίας
2463 2492 2600 2546 ὲτῶν
2648 2493 2711 2546 τὸ
2759 2493 2988 2563 ἀψευδὲς
3036 2493 3364 2547 καταλαϐεῖν
3408 2492 3608 2561 δυνησό-

2055 2585 2214 2656 μεθα.
2263 2585 2396 2639 Ἀπὸ
2440 2584 2549 2655 γὰρ
2591 2585 2687 2638 τοῦ
2735 2586 3210 2640 ὀκτωκαιδεκάτου
3267 2585 3367 2655 τῆς
3425 2584 3606 2638 Ἰωσίου

2055 2676 2334 2748 βασιλείας
2389 2678 2552 2749 μέχρι
2586 2676 2805 2749 πρώτου
2835 2677 3019 2750 Κύρου
3065 2678 3181 2732 τῶν
3216 2677 3437 2748 Περσῶν
3476 2677 3606 2745 βαοθιο

3236 2773 3293 2827 δὲ
3368 2771 3456 2826 τοῦ
3495 2768 3607 2825 ναοῦ

372 2870 609 2942 ἐρημίας
627 2869 697 2924 τὰ
726 2869 1097 2941 ἑϐδομήκοντα
1119 2866 1214 2940 ἔτη
1233 2870 1261 2922 ὁ
1279 2867 1600 2939 βουλόμενος
1621 2865 1947 2938 ἀριθμῆσαι,
1980 2864 2238 2936 άρξάσθω
2273 2866 2372 2936 μὲν
2411 2865 2518 2919 άπὸ
2562 2865 2848 2919 ἑνδεκάτου
2922 2866 3074 2929 ἔτους
3116 2867 3370 2921 Σεδεκίου
3389 2880 3403 2894 ·
3481 2880 3609 2933 τηνι-

369 2962 548 3017 καῦτα
573 2961 682 3035 γάρ
707 2963 736 3016 ὀ
762 2962 904 3029 θεῖος
932 2962 1243 3035 ἐνεπρήσθη
1273 2961 1410 3029 νεώς
1429 2978 1444 2993 ο
1473 2960 1751 3037 καταλήξῃ
1780 2961 1838 3014 δὲ
1864 2962 1945 3023 είς
1979 2961 2041 3014 τὸ
2065 2959 2318 3033 δεύτερον
2339 2960 2455 3024 ἔτος
2484 2962 2712 3032 Δαρείου
2735 2960 2827 3014 τοῦ
2864 2961 3198 3024 Ὑστάσπου,
3230 2964 3315 3031 ἐφ’
3372 2954 3429 3015 οὗ
3489 2956 3607 3030 μετὰ

373 3058 605 3131 σπουδῆς
656 3059 873 3130 ἁπάσης
918 3058 1010 3113 τὸν
1069 3058 1213 3112 θεῖον
1262 3057 1614 3129 άνεδείμαντο
1681 3055 1842 3122 νεὼν,
1888 3055 1983 3109 καὶ
2021 3054 2207 3120 τέλους
2231 3056 2290 3110 τὸ
2318 3055 2478 3126 ἔργον
2506 3057 2835 3129 τετύχηκεν⁸
2867 3055 3017 3126 λέγει
3041 3057 3270 3113 τοίνυνό
3330 3058 3604 3130 προφήτης,

370 3155 475 3208 ὅτι.

444 3246 729 3300 Tricesimo
761 3263 924 3310 anno,
962 3255 1151 3319 quarto
1186 3263 1382 3313 mense,
1414 3247 1597 3317 quinto
1629 3245 1756 3317 (diei
1802 3262 1944 3300 meu-

2132 3236 2214 3303 Τῷ
2240 3236 2571 3307 τριακοστῷ
2599 3238 2739 3301 ἔτει,
2773 3239 2843 3293 ἐν
2868 3239 2947 3305 τῷ
2978 3239 3238 3309 τετάρτῳ
3275 3242 3439 3311 μηνί.
3477 3243 3607 3312 πέμ-

370 3336 468 3397 sis,
508 3352 601 3405 ego
634 3351 782 3391 eram
820 3336 874 3387 in
923 3334 1096 3390 medio
1135 3334 1464 3404 captivitatis
1523 3348 1677 3404 super
1726 3333 1945 3401 ﬂuvium

371 3425 603 3491 Clwbar,
637 3435 689 3482 et
720 3428 890 3496 aperti
928 3435 1052 3482 sunt
1085 3427 1238 3488 coeli,
1283 3436 1333 3481 et
1383 3425 1491 3481 vidi
1533 3425 1785 3481 visionem
1822 3421 1944 3476 Dei.

372 3515 563 3588 (VEBS.
593 3516 673 3583 2.)
707 3515 903 3582 Quinto
928 3516 1119 3570 mensis
1147 3531 1166 3569 :
1204 3514 1290 3568 hic
1325 3530 1502 3568 annus
1535 3513 1749 3584 quintus
1782 3510 1950 3578 capti-

371 3609 550 3662 vitatis
582 3605 814 3662 Joacimi
848 3606 1005 3676 regis.
1054 3603 1166 3661 Nos
1192 3620 1324 3659 vero
1357 3605 1473 3674 ipse
1506 3617 1728 3674 quoque
1761 3608 1949 3671 aperte

371 3698 583 3763 docuit,
613 3696 758 3755 haud
791 3696 1117 3765 simpliciter
1158 3695 1493 3768 captivitatis
1525 3709 1729 3749 annum
1780 3693 1913 3765 quin

372 3798 513 3850 tum,
546 3788 639 3843 sed
665 3786 999 3853 captivitatis
1028 3786 1259 3842 Joacimi
1286 3787 1430 3859 regis
1462 3802 1605 3843 esse.
1639 3786 1739 3840 Hic
1763 3795 1945 3842 autem

374 3881 456 3949 (ut
486 3879 622 3938 dixil
649 3877 945 3934 Jechonias
982 3878 1102 3945 fuit,
1130 3879 1225 3950 qui
1265 3889 1376 3936 tres
1404 3862 1620 3936 menses
1656 3888 1710 3935 et
1741 3895 1946 3951 paucos

376 3971 602 4038 insuper
634 3968 753 4025 dies
794 3969 1061 4039 regnavit.
1091 3969 1266 4040 Hujus
1306 3971 1448 4026 enim
1477 3978 1633 4041 pater
1667 3970 1947 4027 Joacimus

375 4075 523 4115 anno
556 4058 709 4129 regni
739 4058 826 4117 sui
867 4059 1157 4116 undecimo
1192 4057 1586 4132 Hierosolymis
1620 4061 1959 4116 interfectus

374 4159 475 4205 est.
516 4150 748 4220 Apertos
792 4159 975 4208 autem
1011 4152 1181 4209 fuisse
1224 4152 1394 4207 caelos
1426 4151 1583 4217 dixit,
1644 4168 1756 4208 non
1798 4170 1945 4219 vere,

372 4253 551 4309 neque
585 4255 641 4296 re
674 4241 814 4310 ipsa,
845 4241 939 4299 sed
985 4242 1260 4313 spirituali
1291 4242 1771 4312 contemplatione.
1816 4262 1835 4295 ι
1882 4245 1948 4300 Et

370 4330 504 4395 vidi,
548 4331 751 4402 inquit,
785 4332 1053 4391 visionem
1094 4333 1212 4398 Dei,
1262 4353 1280 4387 ι
1322 4349 1432 4389 non
1484 4337 1781 4389 essentiam
1823 4336 1943 4401 Dei,

370 4423 465 4479 sed
518 4423 814 4488 visionem,
862 4425 1024 4498 681
1092 4426 1482 4483 revelationem
1535 4427 1851 4497 quamdam,
1891 4436 1946 4483 et

2050 3345 2166 3397 πτῃ
2189 3329 2295 3383 τοῦ
2319 3330 2531 3399 μηνὸς,
2566 3328 2680 3398 ἐγὼ
2708 3329 2872 3399 ἥμην
2899 3329 3160 3400 ἐνμέσῳ
3190 3333 3298 3401 τῆς
3330 3336 3606 3404 αἰχμαλω-

2049 3419 2190 3485 σίας
2221 3419 2320 3473 ἐπὶ
2345 3420 2452 3474 τοῦ
2488 3421 2756 3491 ποταμοῦ
2784 3422 2890 3477 τοῦ
2913 3424 3108 3493 Χοϐὰρ
3131 3426 3201 3490 ⁷⁸,
3230 3427 3327 3479 καὶ
3354 3427 3609 3494 ἠνοίχθη-

2048 3527 2170 3564 σαν
2222 3514 2278 3566 οἱ
2337 3511 2600 3581 οὐρανοὶ,
2662 3513 2760 3566 καί
2813 3514 2946 3569 ἴδον
2976 3514 3196 3584 ὅρασιν
3218 3518 3265 3549 ⁷⁸
3310 3518 3474 3572 Θεοῦ.
3506 3518 3605 3589 (β’.)

2050 3601 2294 3672 Πέμπτῃ
2337 3602 2441 3656 τοῦ
2488 3606 2685 3673 μηνός
2706 3621 2719 3636 ⁸
2771 3605 2949 3660 τοῦτο
2979 3606 3258 3675 πέμπτον
3277 3610 3322 3641 τ’
3352 3611 3482 3676 ἔτος
3511 3608 3606 3676 τῆς

2049 3694 2461 3762 αἰχμαλωσίας
2504 3693 2774 3765 Ἰωακεὶμ
2818 3697 2923 3751 τοῦ
2970 3698 3304 3769 βασιλέως.
3356 3701 3533 3770 Σαφῶς
3555 3701 3607 3755 δὲ

2049 3783 2144 3835 καὶ
2169 3782 2215 3814 ⁷⁸
2241 3784 2388 3853 ἡμᾶς
2417 3783 2577 3848 αὐτὸς
2609 3784 2866 3851 ἐδίδαξεν,
2895 3786 2976 3840 ὅτι
3018 3788 3079 3841 οὐ
3111 3790 3212 3856 τῆς
3251 3790 3604 3861 αἰχμαλωσίας

2050 3872 2237 3936 ἁπλῶς
2266 3874 2311 3905 ⁷⁸
2342 3875 2592 3943 πέμπτον
2624 3875 2762 3940 ἔτος,
2798 3876 2935 3931 ἀλλὰ
2964 3879 3063 3949 τῆς
3111 3881 3373 3953 Ἰωακεὶμ
3401 3881 3488 3935 τοῦ
3518 3883 3602 3951 βα-

2050 3964 2241 4028 σιλέως
2274 3966 2681 4036 αἰχμαλωσίαςο
2735 3962 2888 4032 οὗτος
2928 3969 3005 4029 δὲ.
3051 3970 3128 4035 ὡς
3170 3971 3332 4045 ἔφην,
3374 3974 3604 4044 Ἰεχονίας

2046 4051 2114 4127 ἦν
2160 4058 2310 4128 τρεῖς
2344 4059 2519 4128 μῆνας
2568 4057 2914 4128 βασιλεύσας,
2956 4063 3045 4115 καὶ
3077 4063 3271 4132 ὀλίγας
3314 4064 3543 4137 ἡμέραςο
3578 4065 3603 4116 ό

2048 4148 2157 4221 γάρ
2208 4148 2399 4202 τούτου
2453 4149 2633 4220 πατὴρ
2669 4150 2925 4223 Ἰωακε“ιμ
2970 4155 3244 4227 ἑνδεκάτῳ
3273 4159 3319 4190 ⁷⁸
3369 4158 3469 4212 ἔτει
3518 4156 3604 4225 τῆς

2048 4237 2213 4292 αὐτοῦ
2257 4238 2532 4309 βασιλείας
2579 4241 2638 4294 ὲν
2679 4241 3076 4316 Ἰεροσολύμοις
3114 4249 3353 4322 ἐσφάγη.
3397 4251 3601 4319 Ἀνεῳχ-

2048 4331 2206 4401 θῆναι
2233 4329 2289 4385 δὲ
2317 4331 2443 4394 τοὺς
2472 4332 2735 4403 οὐρανοὺς
2763 4334 2890 4406 ἔφη,
2940 4337 3041 4390 οὐκ
3080 4338 3315 4411 ἀληθείᾳ.
3346 4342 3437 4394 καὶ
3479 4341 3601 4412 πράο

2046 4438 2237 4492 γματι,
2267 4420 2402 4475 ἀλλὰ
2430 4428 2774 4498 πνευματικῇ
2801 4426 3003 4500 θεωρίᾳ
3022 4447 3035 4459 ·
3076 4448 3096 4482 ι
3134 4431 3245 4484 Καὶ
3279 4432 3405 4496 ῐδον,
3433 4432 3598 4503 φησιν,

369 4514 535 4571 veluti
570 4530 887 4589 expressam
919 4519 1168 4589 elligiem,
1209 4534 1330 4589 quae
1360 4518 1429 4595 ab
1472 4518 1708 4572 humana
1748 4528 1944 4574 natura

2051 4514 2239 4584 ὅρασιν
2256 4511 2414 4567 Θεοῦ.
2437 4531 2453 4565 ι
2487 4516 2601 4569 Ούκ
2622 4517 2810 4571 ούσίαν
2829 4518 2984 4582 Θεοῦ,
3012 4520 3126 4573 ἀλλ’
3154 4542 3173 4573 ι
3195 4523 3385 4594 ὅρασιν
3404 4540 3418 4553 ·
3444 4542 3461 4574 ι
3485 4526 3602 4576 ἀπο-

369 4608 759 4680 comprebendi
793 4618 997 4680 posset.
1052 4628 1071 4663 ι
1119 4609 1184 4665 Ει
1209 4626 1360 4668 eram
1411 4609 1467 4664 in
1500 4608 1681 4664 medio
1715 4611 1946 4681 captivi-

373 4701 527 4764 tatis,
587 4720 606 4753 ι
670 4703 795 4770 pius
842 4717 967 4757 cum
1016 4702 1224 4772 impiis,
1281 4718 1406 4757 cum
1465 4700 1683 4771 iniustis
1733 4701 1939 4773 justus.

2054 4606 2284 4677 κάλυψίν
2326 4624 2470 4672 τινα,
2513 4610 2605 4661 καὶ
2649 4611 2811 4664 οἱονεὶ
2845 4612 3218 4679 άνατύπωσιν,
3265 4618 3364 4687 τὴν
3395 4614 3600 4685 ὲφικτήν

2050 4700 2363 4773 ἀνθρωπεία
2392 4702 2571 4775 φύσει.
2610 4723 2629 4756 ι
2684 4706 2794 4759 Καὶ
2823 4707 2970 4777 ἤμην
3016 4708 3074 4761 ὲν
3116 4710 3271 4779 μέσῳ
3297 4711 3395 4781 τῆς
3422 4712 3599 4779 αἰχμα-

369 4789 546 4846 Tanta
577 4793 725 4847 enim
754 4792 966 4849 Domini
994 4794 1306 4865 benignitas
1326 4800 1430 4859 est,
1472 4800 1532 4847 ut
1583 4804 1936 4864 peccatorum

2051 4794 2265 4859 λωσίας.
2302 4812 2320 4846 ι
2363 4795 2421 4847 '0
2446 4796 2676 4867 εὐσεϐὴς
2705 4798 2843 4868 μετὰ
2863 4799 2971 4853 τῶν
3003 4799 3302 4868 δυσσεϐὦν,
3339 4802 3471 4873 μετὰ
3503 4797 3599 4853 τῶν

443 4999 466 5026 ι
505 4986 743 5059 ιλῌὶοε.
773 5002 908 5054 xx",
943 4987 1130 5045 l5-‘20.
1211 4990 1228 5025 ί
1257 4988 1299 5042 ll
1321 4947 1497 5046 Paral.
1534 5009 1712 5055 rxxrv,
1742 4991 1933 5046 25-28.

1609 5133 1848 5189 VARUE
1879 5134 2278 5194 LECTIONES.

443 5247 489 5280 ⁸⁸
528 5243 740 5315 Supra,
771 5242 891 5299 loco
928 5253 1031 5315 ett.
1072 5244 1435 5310 ινοικοῦντας.

369 5374 464 5445 οἰιῖ
540 5374 587 5420 δ’
625 5384 810 5441 τόπον.
854 5383 998 5441 Loco
1040 5386 1134 5456 cit.
1168 5374 1467 5456 lé‘g.'oi'a'¢ov.

1512 5247 1559 5278 “
1594 5247 1796 5322 οὖτως;
1827 5247 1976 5322 Alias
2003 5265 2102 5319 pro
2135 5249 2290 5319 signo
2320 5249 2691 5322 interrogandi
2751 5251 3047 5320 apponitur
3085 5252 3269 5307 colon.
3298 5253 3371 5322 Ita
3392 5264 3592 5322 quoque

371 5333 560 5389 supra,
605 5314 709 5369 loc.
748 5314 846 5368 cit.
923 5316 966 5347 "’
1008 5314 1047 5366 Β
1074 5316 1393 5397 άπαχθήση.
1429 5317 1627 5386 Supra,
1665 5318 1786 5371 loco
1824 5319 1945 5381 eit.,
1975 5314 2125 5380 erat,
2155 5314 2505 5390 συναχθήσῃ,

371 5390 464 5445 cit.
540 5387 587 5457 ν
625 5384 810 5457 τόπον.
854 5383 998 5457 Loco
1040 5393 1134 5457 ett.
1168 5387 1271 5456 leg.
1302 5374 1467 5440 οἷκον.
1567 5388 1613 5457 τ’
1652 5388 1694 5457 β
1736 5388 1982 5457 Ἰωάχαζ.
2079 5390 2123 5420 ⁷¹
2164 5388 2370 5457 Χοϐάρ.
2403 5388 2459 5441 1η
2493 5402 2505 5440 l

2445 5334 2472 5390 ῃ
2492 5359 2521 5402 ,⁸
2555 5319 2708 5402 juxta
2740 5318 2849 5402 rec}
2898 5322 3021 5377 lect.
3096 5323 3149 5402 “A
3180 5323 3311 5391 ἐγώ,
3345 5318 3592 5402 Des;loco

2079 5390 2123 5460 τε
2164 5388 2370 5460 Χοϐάρ.
2403 5388 2535 5460 Iri_A
2564 5388 2628 5460 ad
2669 5390 2965 5460 marginem
3007 5388 3252 5446 notatum
3297 5401 3416 5457 est,
3445 5391 3591 5460 βαρυ-

371 5458 528 5531 σμός.
574 5456 669 5531 lta_
687 5456 878 5531 incipit
902 5455 1150 5531 seltolion
1173 5455 1365 5531 ,_quod
1393 5472 1459 5511 ex
1483 5456 1609 5531 cod.
1644 5455 1758 5513 Jes.
1788 5455 1918 5531 olim
1952 5455 2355 5531 Marelialiano',
2386 5458 2451 5513 ad
2480 5458 2535 5514 h.
2571 5459 2607 5513 Ι.
2641 5455 2820 5531 attulit
2854 5460 3039 5531 Montl'.
3074 5463 3127 5517 in
3153 5461 3375 5531 llexapl.
3403 5455 3409 5457 ⁷
3445 5455 3490 5495 θ’
3512 5455 3586 5529 ὄρ.

371 5524 446 5583 1ιέ
481 5530 523 5582 Α
552 5535 607 5581 et
634 5524 695 5579 Β.
730 5524 836 5581 Sed
869 5542 980 5582 rec.
1010 5526 1170 5581 lectio
1206 5526 1262 5580 h.
1300 5527 1336 5582 Ι.
1364 5533 1448 5581 est
1473 5526 1714 5650 ospdcetq.

371 5602 415 5632 "
455 5598 656 5650 ἁπλῶς.
693 5596 766 5649 Ita
805 5613 869 5650 ex
896 5598 938 5650 Β
965 5598 1254 5650 emendata
1289 5597 1451 5650 lectio
1521 5598 1643 5650 irm.
1676 5614 1711 5649 α

366 5602 415 5632 ⁷⁵
455 5598 656 5661 ἁπλῶς.
693 5596 766 5649 Ita
805 5613 869 5653 ex
896 5598 938 5651 Β
965 5598 1254 5652 emendata
1289 5597 1451 5652 lectio
1478 5596 1534 5650 Si

1810 5528 1856 5559 ⁷³
1892 5529 1937 5579 Α
1964 5529 2026 5581 τὸ
2054 5529 2172 5592 ἔτος
2197 5527 2258 5580 τὸ
2288 5528 2556 5596 πέμπτον.

1542 5612 1643 5651 rm.
1676 5596 1807 5672 αύτό
1827 5639 1842 5659 ,
1878 5598 1967 5672 cui
1995 5599 2158 5652 etiam
2188 5596 2707 5672 repugnabatﬁabii
2737 5596 3132 5672 interpretaiio.
3209 5603 3256 5634 ⁷⁵
3293 5596 3521 5657 ἓνδεκΪΒ
3535 5601 3585 5651 ἐν

2653 5528 2703 5601 ’ξ
2717 5529 2826 5601 καί.
2866 5528 2918 5583 In
2946 5534 2990 5585 A
3038 5533 3260 5601 ponitur
3293 5528 3407 5599 post
3436 5528 3583 5601 ἡμᾶς.

368 5669 578 5734 δεκάτῳ
600 5707 615 5733 ,
644 5667 737 5723 sed
769 5677 957 5725 contra
989 5666 1055 5722 IV
1115 5667 1246 5739 Heg.
1280 5681 1441 5732 χχιιι,
1478 5666 1566 5730 56,
1607 5675 1662 5721 et
1688 5666 1731 5720 ll
1762 5666 1939 5723 Paral.
1982 5684 2167 5735 xxxvr,
2205 5666 2439 5736 5(juxta
2476 5667 2638 5739 LXX)
