3868 6204
260 339 355 400 821

1445 346 1526 405 IN
1558 346 2008 407 EZECHIELIS
2039 348 2196 409 CAP.
2230 349 2278 410 I.

3393 344 3497 407 8'22

259 453 584 523 παρανόμων
615 456 893 520 ὀδίκὰιος.
920 457 1165 531 Τοσαύτη
1210 460 1318 531 γὰρ
1351 460 1385 531 ή
1411 458 1507 514 τοῦ
1550 460 1822 515 Δεσπότου

1943 476 2093 519 :ausa
2150 461 2387 521 famulos
2439 477 2570 520 suos
2633 460 2917 536 suppliciis
2973 471 3027 518 ct
3093 461 3498 516 calamitatibus

257 546 649 619 φιλανθρωπία,
699 548 776 613 ὡς
820 549 931 603 τῶν
982 550 1323 621 ἁμαρτωλῶν
1364 551 1549 607 ἕνεκεν
1586 553 1828 623 ἀνιαροῖς

256 635 514 691 ἐκδιδόναι
547 633 668 693 καὶ.⁴
700 643 1005 712 συμφοραῖς
1034 642 1159 705 τοὺς
1197 642 1434 707 οἰκείους
1463 643 1824 715 θεράποντας.

322 734 395 796 γ’.
434 727 548 782 Καὶ
589 728 827 799 ἐγένετο
864 732 1046 801 λότος
1084 734 1307 803 Κυρίου
1357 735 1504 803 πρὸς
1547 734 1828 804 Vellereth

252 818 384 873 υἱὸν
418 817 628 881 Βουζεί
663 821 773 876 τὸν
796 823 977 891 ἱερέα,
1005 823 1077 878 ἐν
1104 823 1183 893 γῆ
1223 825 1555 891 Χαλδαίων,
1591 825 1690 880 ἐπὶ
1720 825 1828 879 τοῦ

252 909 521 981 ποταμοῦ
564 912 674 967 τοῦ
726 914 939 983 Χοόἀρ.
994 915 1214 981 Διπλοῖς
1279 919 1424 991 κομᾷ
1474 919 1828 990 χαρίσμασιν,

250 1001 520 1074 ἱερωσύνῃ
540 1003 610 1069 ⁷⁷,
652 1005 750 1058 καὶ
778 1007 1087 1079 προφητείᾳ
1108 1026 1120 1037 ·
1150 1009 1437 1081 ἀμφότερα
1467 1011 1525 1064 δὲ
1558 1010 1706 1083 δῶρα
1732 1010 1829 1064 τοῦ

249 1090 564 1163 Πνεύματος
586 1111 603 1127 -
631 1094 782 1165 λέγει
804 1096 861 1150 δὲ
899 1097 995 1152 καὶ
1033 1099 1132 1169 τὴν
1160 1098 1368 1172 χώραν,
1396 1101 1491 1155 καὶ
1517 1100 1610 1155 τὸν
1639 1100 1830 1165 τόπον,

248 1183 378 1238 ἔνθα
402 1186 502 1256 τῆς
530 1185 686 1252 θείας
715 1188 1113 1261 ἀποκαλύψεως
1134 1189 1364 1264 ἠξιώθη,
1397 1192 1570 1247 πολλὰ
1597 1193 1686 1248 διὰ
1707 1193 1833 1247 τούο

248 1293 356 1329 των
386 1278 761 1350 παραδηλῶν·
812 1280 1028 1352 πρῶτον
1066 1283 1307 1353 μὲν,ιὸτι
1353 1282 1416 1337 τὸ
1448 1284 1603 1338 Θεϊον
1634 1284 1826 1356 ἀπερίς

248 1383 483 1436 γραφον,
515 1367 618 1422 οὐκ
634 1370 694 1422 έν
731 1370 913 1441 μόνοις
963 1371 1360 1443 Ἰεροσολύμοις
1394 1373 1517 1445 ἔχον
1547 1374 1647 1446 τήν
1678 1374 1831 1439 ἐξου-

250 1455 369 1507 σίαν
409 1456 537 1509 οὐδὲ
576 1458 756 1528 μόνων
809 1460 1076 1515 Ἰουδαίων
1119 1461 1405 1527 δεσπόζον,
1442 1462 1582 1518 ἀλλὰ
1615 1464 1834 1519 πάντων

250 1548 504 1619 ὑπάρχον
532 1550 626 1604 καὶ
663 1552 916 1623 ποιητής,
948 1554 1042 1608 καὶ
1075 1554 1339 1625 πρύτανις
1359 1572 1373 1587 ·
1406 1556 1558 1628 δηλοῖ
1592 1557 1650 1610 δὲ
1674 1556 1835 1611 τοῦτο

250 1639 342 1691 καὶ
390 1638 491 1709 τήν
542 1641 782 1712 ἄρρητον
835 1644 1171 1717 ἁγαθότητα,
1222 1648 1305 1700 ὅτι
1354 1648 1449 1701 καὶ
1487 1646 1835 1718 αἰχμαλωσίᾳ

250 1730 527 1800 παραδοὺς
582 1734 962 1806 ἀτημελήτους
1012 1738 1114 1792 οὐκ
1160 1740 1245 1807 ἐᾷ,
1294 1739 1435 1795 ἀλλὰ
1489 1739 1835 1813 προμηθείας

253 1824 468 1892 ἁπάσης
494 1824 591 1877 καὶ
616 1825 715 1896 τῆς
739 1828 1123 1900 προσηκούσης
1152 1830 1296 1897 ἁξιοί
1319 1830 1665 1902 κηδεμονίας.
1695 1833 1834 1901 Παρ’

254 1914 421 1971 ὕδατα
462 1918 522 1972 δὲ
574 1919 679 1988 τῆς
727 1918 961 1989 θεωρίας
1006 1919 1170 1975 αὑτὸν
1227 1920 1389 1988 ἀξιοῖ,
1439 1921 1833 1993 προσημαίνων

255 2009 511 2065 ἁπάντων
540 2009 847 2082 ἀνθρώπων
882 2011 982 2081 τὴν
1016 2013 1314 2083 σωτηρίαν,
1349 2013 1444 2066 καὶ
1474 2014 1574 2084 τὴν
1616 2013 1706 2067 διὰ
1732 2013 1833 2082 τῆς

254 2100 347 2154 τοῦ
398 2101 595 2167 ὕδατος
649 2104 1076 2171 παλιγγενεσίας
1114 2104 1379 2175 ἐσομένην
1426 2107 1543 2169 τοῖς
1582 2104 1835 2158 εὐσεϐέσι

255 2191 583 2260 θεογνωσίαν
647 2194 931 2264 προδηλῶν
961 2195 1027 2249 ⁷⁸.
1087 2194 1244 2249 Οῦτω
1302 2197 1399 2250 καὶ
1460 2197 1490 2250 ὁ
1552 2195 1836 2261 θεσπέσιος

255 2281 450 2353 Δανιὴλ
497 2282 634 2355 παρ’
695 2282 861 2337 ὕδατα
905 2283 1007 2349 τὰς
1071 2283 1222 2350 θείας
1270 2287 1485 2350 ὲκείνας
1528 2285 1836 2357 ἐθεώρησεν

255 2373 547 2441 ὀπτασίας,
591 2374 688 2430 καὶ
712 2366 759 2429 δ’
774 2375 1076 2448 νομοθέτης
1113 2377 1319 2447 Μωσῆς
1349 2377 1500 2448 παρὰ
1525 2376 1626 2448 τὴν
1664 2376 1836 2447 ὄχθην

259 2462 432 2532 ριφεὶς
484 2461 554 2516 δι’
601 2461 808 2517 ὑδάτων
853 2463 954 2535 τῆς
998 2464 1273 2535 σωτηρίας
1307 2464 1637 2535 τετύχηκενο
1691 2463 1837 2519 οὕτω

256 2554 417 2607 πάλιν
441 2554 580 2607 αὐτὸ
614 2554 677 2608 τὸ
706 2555 885 2627 φρέαρ
916 2555 1011 2610 καὶ
1045 2556 1106 2611 τὸ
1151 2556 1296 2627 ὕδωρ
1327 2557 1418 2610 τὸν
1454 2557 1631 2629 γάμον
1661 2558 1835 2629 πρού-

259 2643 479 2715 ξένησεν
503 2662 520 2676 '
549 2645 709 2701 τοῦτο
733 2647 790 2700 δὲ
814 2647 909 2701 καὶ
942 2650 1053 2712 τοῖς
1092 2648 1200 2719 πρὸ
1240 2647 1405 2702 αὐτοῦ
1446 2649 1834 2720 πατριάρχαις,

257 2736 318 2790 οὐ
342 2736 419 2806 τῷ
471 2736 669 2790 Ἰακὼϐ
713 2736 894 2807 μόνον,
924 2735 1062 2790 ἀλλὰ
1095 2737 1189 2790 καὶ
1215 2736 1294 2807 τῷ
1334 2736 1520 2790 Ἰσαὰκ
1550 2737 1747 2807 συνέόη
1767 2737 1835 2790 "’.

272 2828 407 2880 Ἀλλ’
455 2829 551 2881 ἐπὶ
602 2827 700 2898 τὴν
742 2818 1045 2899 ἑρμηνείαν
1094 2827 1521 2898 ὲπανέλθωμεν’
1572 2826 1697 2879 οὔτε
1727 2826 1838 2897 γὰρ

261 2914 351 2967 ἐπὶ
370 2915 551 2969 ταῦτα
577 2915 678 2987 τὴν
706 2916 884 2988 ὁρμὴν
906 2916 999 2970 ἐπὶ
1031 2915 1126 2970 τοῦ
1152 2917 1476 2987 παρόντος·ὁ
1513 2917 1672 2985 λόγος
1700 2916 1836 2987 ἔχει.

265 3024 285 3056 ι
322 3007 433 3060 Καὶ
462 3007 682 3075 ἐγένετο
705 3006 794 3060 ἐπ’
820 3007 920 3078 ἐμὲ
947 3007 1068 3079 χεὶρ
1108 3007 1336 3079 Κυρίου.
1370 3027 1389 3057 ι
1423 3008 1532 3078 Τὴν
1556 3007 1652 3061 τοῦ
1693 3006 1837 3061 θείου

259 3099 583 3171 Πνεύματος
635 3100 918 3171 ἐνέργειαν
966 3101 1139 3166 οὕτως
1187 3100 1437 3155 ἐκάλεσε.
1484 3102 1595 3155 Καὶ
1650 3100 1760 3172 γὰρ
1811 3102 1840 3154 ὁ

260 3190 550 3254 θεσπέσιος
599 3192 812 3258 Παῦλος
845 3192 1194 3248 ἁντιτείνοντι
1220 3193 1298 3265 τῷ
1338 3193 1546 3263 Ἐλύμᾳ
1593 3193 1842 3249 παιδείαν

259 3284 565 3356 ἐπιφέρων,
586 3284 762 3348 οὓτως
785 3285 911 3355 ἔφη)
939 3305 958 3338 ι
984 3285 1112 3340 Ἰδοὺ
1135 3287 1253 3359 χεὶρ
1278 3287 1484 3357 Κυρίου
1516 3286 1611 3338 ἐπὶ
1639 3285 1719 3349 σὲ,
1749 3286 1843 3341 καὶ

260 3372 359 3446 ἔσῃ
387 3374 611 3443 τυφλὸς,
640 3374 714 3445 μὴ
746 3373 957 3444 βλέπων
984 3374 1076 3428 τὸν
1103 3374 1252 3445 ήλιον
1284 3376 1412 3446 ἄχρι
1440 3374 1655 3446 καιροῦ.
1691 3394 1711 3428 ι
1735 3376 1840 3431 Τοῦ

259 3464 317 3519 δὲ
345 3466 490 3519 θείου
519 3467 837 3538 Πνεύματος
864 3463 932 3539 ἦν
967 3467 1240 3540 ἐνέργεια,
1282 3468 1356 3532 ὡς
1386 3467 1549 3532 αὐτὸς
1572 3470 1600 3521 ὁ
1633 3468 1845 3531 Παῦλός

263 3573 448 3626 φησιν,
483 3558 542 3610 ὲν
567 3556 794 3627 δυνάμει
828 3556 1073 3629 σημείων
1106 3558 1204 3610 καὶ
1242 3557 1507 3628 τεράτων,
1531 3557 1590 3609 ὲν
1619 3556 1844 3627 δυνάμει
1891 3571 1898 3579 ·

263 3646 582 3717 Πνεύματος
629 3647 789 3702 Θεοῦ.
848 3667 867 3700 ι
922 3648 1171 3717 Ἐγένετο
1216 3648 1302 3701 ἐπ’
1333 3649 1454 3718 ἐμὲ,
1513 3650 1668 3721 φησὶ,
1721 3649 1844 3720 χεὶρ

264 3737 356 3792 τοῦ
378 3740 423 3772 ⁸⁸
456 3740 684 3810 Κυρίου.
726 3758 745 3792 ι

334 3831 397 3885 δ’.
431 3832 540 3886 Kal
571 3828 756 3895 εἶδον,
785 3832 881 3886 καὶ
914 3832 1041 3887 ἰδοὺ
1083 3832 1320 3901 πνεῦμα
1347 3831 1594 3901 ἐξαῖρον
1625 3831 1843 3901 ἤρχετο

270 3923 384 3978 ἀπὸ
408 3923 621 3994 βορῤᾶ,
655 3924 754 3979 καὶ
784 3924 1011 3995 νεφέλη
1039 3923 1271 3994 μεγάλη
1298 3924 1365 3976 ὲν
1398 3921 1557 3988 αὐτῷ
1578 3923 1646 3988 ⁸⁸,
1680 3922 1778 3976 καί
1798 3922 1843 3953 ⁸⁸

274 4016 484 4085 φέγγος
533 4017 739 4083 κύκλῳ
781 4016 989 4081 αὑτοῦ,
1044 4015 1143 4069 καὶ
1178 4015 1299 4084 πῦρ
1336 4013 1756 4081 ὲξαστράπτον
1775 4013 1840 4066 ⁸³.

287 4108 600 4176 Ἀναγκαῖον
638 4108 903 4180 πρότερον
947 4108 1048 4179 τὴν
1094 4106 1195 4178 τῆς
1238 4106 1635 4176 ἀποκαλύψεως
1667 4105 1846 4160 αἰτίαν

274 4200 459 4262 εἰπεῖν,
487 4194 586 4253 εἷθ’
610 4198 757 4254 οὕτω
795 4199 938 4254 κατὰ
972 4200 1139 4272 μέρος
1171 4198 1270 4270 τὴν
1297 4198 1597 4271 ἑρμηνείαν
1630 4200 1842 4266 ἐπαγα-

275 4292 401 4357 γεῖν.
442 4291 636 4345 Πολλοὶ
672 4290 815 4345 κατὰ
842 4290 932 4345 τὸν
961 4291 1154 4363 καιρὸν
1186 4290 1375 4345 τοῦτον
1398 4289 1842 4361 ψευδοπροφῆται

277 4383 378 4444 τοῖς
415 4383 722 4453 προφήταις
748 4383 1039 4453 ἀντέλεγον
1060 4399 1075 4414 ο
1108 4382 1200 4437 καὶ
1240 4381 1399 4435 τοῦτο
1435 4381 1667 4453 μάλιστα
1694 4382 1842 4451 ἡμᾶς

1927 554 2119 613 vexari
2143 555 2310 611 sinat.

2001 725 2167 782 Vens.
2197 728 2251 782 ὅ.
2287 727 2354 783 Et
2397 730 2596 799 factum
2636 741 2713 786 est
2737 732 2945 787 uerbum
2980 730 3192 791 Domini
3246 730 3315 784 ad
3365 729 3500 785 Eze-

1930 818 2142 872 chielem
2179 819 2349 888 ﬁlium
2382 820 2519 875 Buzi
2550 818 2898 885 sacerdotem.
2945 823 3001 877 in
3047 832 3188 877 terra
3218 823 3504 878 Chalda'o-

1930 922 2069 975 rum,
2116 925 2273 978 super
2319 911 2534 980 ﬂuvium
2573 910 2806 969 Chobar.
2849 912 3074 971 Duobus
3106 913 3266 970 donis
3296 916 3504 985 gloria—

1932 1006 2043 1063 tur,
2071 1004 2089 1025 ⁹
2116 1008 2171 1055 et
2225 1003 2559 1068 sacerdotio,
2601 1012 2656 1060 et
2684 1005 2973 1077 prophetia
3022 1005 3283 1076 (utraque
3319 1015 3503 1062 autem

1932 1099 2063 1149 sunt
2108 1091 2353 1162 Spiritus
2390 1094 2583 1165 dona),
2643 1106 2700 1150 et
2736 1098 3069 1153 mentionem
3103 1096 3237 1153 facit
3267 1098 3510 1169 regionis

1932 1191 1987 1239 et
2065 1185 2176 1240 loci
2249 1187 2342 1241 ubi
2395 1187 2643 1242 divinam
2697 1189 3086 1244 revelationem
3137 1191 3507 1259 conSpcxerit,

1934 1272 2107 1330 multa
2137 1292 2236 1346 per
2255 1277 2372 1332 hate
2408 1278 2760 1347 signiﬁcans.
2803 1279 3078 1346 Primum,
3110 1280 3322 1335 Numen
3366 1281 3506 1336 divi-

1933 1380 2067 1422 num
2102 1369 2648 1441 incircumscriptum
2698 1387 2845 1437 esse,
2895 1372 3045 1443 quod
3096 1387 3205 1427 non
3257 1372 3314 1426 in
3376 1372 3511 1428 solis

1934 1459 2333 1534 Hierosolymis
2367 1471 2699 1534 potestatem
2750 1465 2996 1531 haberet,
3024 1481 3204 1534 neque
3240 1467 3378 1522 solis
3414 1465 3510 1522 Ju-

1934 1554 2069 1610 daeis
2101 1555 2505 1622 dominaretur,
2547 1558 2643 1612 sed
2683 1557 2931 1612 omnium
2987 1556 3221 1612 effector
3252 1566 3403 1611 esset
3457 1566 3512 1611 ct

1938 1645 2275 1701 moderator.
2324 1648 2528 1725 Deinde
2560 1649 2666 1703 hoc
2697 1647 3030 1704 ineffabilem
3067 1649 3189 1719 ejus
3210 1648 3509 1703 bonitatem

1937 1737 2169 1804 indicat,
2199 1740 2326 1808 quia
2366 1754 2507 1810 quos
2539 1740 2796 1811 captivos
2827 1740 3075 1805 tradidit,
3096 1754 3194 1795 cos
3235 1741 3378 1794 haud
3414 1755 3511 1794 nc-

1935 1830 2111 1901 gligit,
2142 1831 2238 1887 sed
2279 1834 2429 1887 omni
2466 1833 2811 1902 providentia
2844 1833 3175 1903 decernique
3216 1846 3350 1885 cura
3390 1843 3516 1897 pro-

1934 1923 2208 1992 sequitur.
2240 1922 2318 1977 Ad
2352 1939 2526 1994 aquas
2547 1940 2680 1978 vero
2701 1939 2827 1979 eum
2858 1924 2961 1977 hac
2987 1924 3205 1979 visione
3229 1922 3512 1994 dignatur,

1934 2014 2181 2068 omnium
2226 2015 2508 2069 hominum
2543 2015 2775 2070 salutem
2809 2014 3278 2084 praesignificans,
3300 2022 3356 2067 et
3403 2012 3515 2083 piis

1936 2116 2033 2170 per
2067 2117 2225 2171 aqua:
2267 2105 2769 2174 regenerationem,
2801 2103 3155 2158 tribuendam
3191 2102 3287 2158 Dei
3327 2104 3516 2172 cogni-

1937 2195 2143 2249 tionem
2184 2194 2498 2251 declarans.
2536 2196 2613 2249 Ita
2632 2196 2799 2250 etiam
2844 2196 3068 2251 divinus
3121 2193 3309 2249 Daniel
3345 2207 3516 2264 prOpe

1936 2300 2109 2356 aquas
2140 2286 2385 2342 visiones
2414 2287 2539 2342 illas
2578 2286 2797 2343 divinas
2827 2287 3116 2359 conspexit
3151 2302 3168 2341 :
3202 2296 3258 2342 et
3286 2287 3515 2357 legisla’

1935 2384 2023 2432 tor
2049 2376 2230 2433 Moses
2255 2378 2323 2433 ad
2357 2379 2533 2450 ripam
2572 2379 2885 2450 proiectus,
2911 2394 3011 2449 per
3047 2393 3247 2449 aquam
3280 2378 3531 2435 salutem.

1935 2478 2024 2526 est
2044 2478 2412 2527 consecutus.
2441 2470 2517 2526 Ita
2546 2487 2748 2529 rursus
2778 2473 2898 2545 ipse
2925 2481 3128 2545 puteus
3155 2479 3209 2530 et
3237 2486 3380 2543 aqua
3412 2487 3518 2526 nu-

1938 2561 2086 2632 ptias
2118 2563 2435 2619 conciliavit
2469 2583 2485 2618 :
2523 2565 2670 2635 quod
2703 2564 2835 2620 item
2866 2567 3255 2637 superioribus
3274 2566 3517 2637 patriar-

1937 2652 2080 2717 citis,
2118 2668 2227 2707 non
2275 2652 2485 2710 Iacobo
2536 2664 2775 2723 tantum,
2814 2657 2910 2713 sed
2952 2658 3120 2713 etiam
3182 2659 3517 2718 lsaacousu

1938 2745 2109 2799 venit.
2170 2744 2375 2801 Verum
2429 2747 2495 2802 ad
2540 2748 3054 2818 interpretationem
3121 2756 3465 2804 revertamur
3502 2756 3526 2799 :'

1940 2851 2117 2906 neque
2145 2838 2294 2892 enim
2340 2839 2396 2891 in
2453 2841 2903 2912 prtesentiﬁsz
2952 2841 3059 2895 hoc
3104 2851 3194 2897 est
3248 2838 3537 2895 orationis-

1941 2930 2282 2983 institutum.
2316 2947 2334 2980 ι
2371 2929 2437 2984 Et
2468 2928 2573 2984 fuit
2621 2946 2789 3002 super
2842 2945 2929 2986 me
2970 2946 3168 2986 manus
3230 2928 3464 2984 Domini.
3495 2948 3513 2979 ι

1941 3017 2119 3071 Divini
2153 3017 2396 3087 Spiritus
2424 3017 2721 3073 elﬁcaciam
2747 3018 2821 3071 ita
2846 3017 3082 3072 vocavit.
3110 3016 3326 3070 Etenim
3355 3015 3525 3067 divus

1868 3136 1911 3194 ρ
1946 3109 2174 3174 Paulus,
2217 3110 2567 3165 resistentem
2607 3108 2853 3181 Elymam
2878 3110 3180 3178 castigans,
3205 3107 3279 3160 ita
3338 3106 3516 3159 dixit:

1950 3220 1973 3255 ι
2005 3202 2148 3256 Ecce
2181 3216 2380 3256 manus
2411 3200 2630 3255 Domini
2658 3216 2826 3270 super
2851 3207 2925 3265 te,
2965 3208 3022 3254 et
3039 3199 3150 3253 eris
3175 3213 3375 3258 caecus,
3408 3211 3518 3249 non

1944 3292 2141 3347 videns
2181 3293 2351 3347 solem
2383 3291 2450 3346 ad
2481 3298 2693 3347 certum
2730 3306 2907 3360 usque
2946 3298 3165 3360 tempus
3181 3300 3230 3342 ιι.
3268 3306 3288 3339 ›
3339 3287 3525 3340 Divini

1946 3391 2128 3438 autem
2155 3382 2402 3452 Spiritus
2433 3391 2555 3438 erat
2602 3382 2864 3445 efﬁcacia,
2892 3389 2954 3436 ut
2988 3382 3106 3450 ipse
3135 3378 3339 3434 Paulus
3371 3379 3448 3433 ait
3473 3389 3517 3442 ν,

1946 3476 2000 3527 in
2025 3476 2240 3531 virtute
2266 3476 2550 3545 signorum
2580 3483 2637 3531 et
2667 3474 3070 3545 prodigiorum,
3091 3474 3146 3526 in
3172 3472 3375 3527 virtute
3392 3470 3519 3541 Spi-

1947 3568 2093 3624 ritus
2111 3568 2228 3625 Dei.
2268 3588 2287 3621 ι
2323 3567 2451 3623 Fuit
2482 3583 2650 3639 super
2673 3583 2782 3633 me,
2802 3567 3004 3638 inquit,
3030 3581 3231 3621 manus
3247 3564 3525 3620 Dominiu.

2021 3818 2188 3874 Vsus.
2229 3819 2282 3874 ί.
2324 3817 2391 3871 Et
2414 3817 2543 3882 vidi,
2570 3826 2619 3870 et
2653 3831 2769 3871 ecce
2794 3823 2975 3870 ventus
3011 3814 3256 3885 auferens
3290 3812 3523 3867 veniebat

1947 3913 2012 3967 ab
2048 3914 2327 3985 aquilone,
2362 3922 2412 3967 el
2475 3910 2637 3966 nubes
2676 3925 2873 3979 magna
2905 3909 2962 3963 in
2981 3924 3063 3974 eo,
3092 3917 3143 3961 et
3193 3905 3439 3975 splendor
3469 3908 3525 3959 in

1946 4005 2173 4060 circuitu
2198 4005 2335 4074 ejus,
2364 4013 2415 4059 et
2460 4003 2595 4074 ignis
2625 4001 2940 4072 fulgurans-
2981 3999 3226 4056 Necesse
3254 4006 3339 4055 cst
3368 3997 3529 4068 prius

1947 4097 2306 4153 revelationis
2355 4109 2584 4149 causam
2643 4093 2946 4163 explicare,
2993 4090 3193 4146 deinde
3243 4088 3522 4160 sigillatim

1946 4187 2065 4242 haec
2095 4185 2472 4257 interpretari.
2511 4183 2664 4239 Multi
2696 4183 2800 4238 hoc
2822 4190 3069 4251 tempore
3090 4178 3215 4234 falsi
3245 4177 3525 4250 propheta:

1949 4278 2233 4349 prophetis
2261 4276 2738 4342 contradicebant,
2778 4274 2927 4346 quod
2952 4288 3054 4328 nos
3082 4271 3322 4329 maxime
3358 4268 3541 4323 docet.

1942 4371 2138 4427 beatus
2166 4369 2435 4426 Jeremias
2460 4383 2507 4423 ι.
2539 4369 2675 4424 Cum
2705 4367 2853 4423 enim
2888 4366 3113 4420 vincula
3151 4361 3295 4417 ferre
3340 4360 3521 4430 ipsum

274 4468 303 4520 ὁ
335 4450 600 4541 μακάριος
645 4470 912 4541 Ἱερεμίας
934 4450 1197 4526 διδάσκει.
1219 4471 1327 4524 Τοῦ
1357 4450 1467 4542 γὰρ
1501 4471 1635 4523 Θεοῦ
1665 4471 1836 4523 κλοιο-

1951 4462 2094 4519 Deus
2124 4462 2409 4533 iussisset,
2440 4468 2495 4515 et
2525 4460 2670 4529 regis
2713 4474 2780 4513 ac
2814 4457 2981 4512 totius
3015 4452 3204 4525 populi
3229 4450 3522 4521 captivita-

278 4563 454 4629 φορεῖν
499 4562 662 4616 αὐτὸν
702 4563 1077 4629 κελεύσαντος,
1108 4565 1204 4618 καὶ
1241 4562 1530 4635 προλέγειν
1556 4562 1654 4633 τὴν
1686 4563 1847 4632 αἰχμ-

277 4650 522 4718 αλωσίαν,
538 4653 630 4707 τοῦ
652 4671 712 4707 τε
742 4654 1023 4724 βασιλέως,
1044 4656 1138 4708 καὶ
1168 4654 1366 4718 παντὸς
1389 4653 1482 4707 τοῦ
1504 4653 1658 4716 λαοῦ,
1689 4653 1844 4705 Ἀνα-

277 4742 389 4807 νίας
416 4762 497 4809 τις
523 4745 978 4818 ψευδοπροφήτης
1007 4745 1179 4801 ταῦτα
1214 4747 1529 4818 συντρίψας,
1558 4746 1846 4814 ἀντέλεγεν

280 4837 382 4898 τοῖς
402 4836 506 4892 ύπὺ
529 4837 628 4891 τοῦ
661 4839 942 4909 προφήτου
982 4840 1316 4911 λεγομένοις,
1359 4840 1616 4909 ἄντικρυς
1657 4837 1848 4906 ψευδό-

1948 4561 2057 4607 tem
2103 4553 2420 4623 praadicere,
2475 4551 2720 4605 Ananias
2780 4546 3008 4617 quidam
3045 4541 3523 4615 pseudopropheta

1951 4644 2036 4699 his
2096 4644 2356 4699 contritis
2420 4639 2840 4698 contradicebat
2886 4638 2957 4693 iis
2998 4651 3124 4706 quae
3177 4650 3209 4688 ει
3259 4635 3523 4704 prOpheta

1948 4734 2289 4798 dicerentur,
2346 4741 2538 4805 aperte
2590 4731 2882 4795 mentiens,
2936 4737 2991 4782 et
3012 4726 3352 4787 exclamans,
3413 4740 3521 4778 non

1952 4827 2115 4882 modo
2149 4828 2339 4883 urbem
2375 4842 2485 4880 non
2516 4839 2771 4880 eversum
2814 4823 2903 4887 iri,
2934 4819 3030 4881 scd
3072 4834 3170 4873 eos
3209 4819 3373 4872 etiam
3429 4816 3522 4886 qui

284 4943 450 4996 μενος,
485 4929 581 4983 καὶ
607 4930 766 5000 βοῶν,
811 4931 975 4984 ὅτιού
1015 4932 1174 5002 μόνον
1205 4933 1237 5001 ή
1272 4931 1425 4994 πόλις
1458 4931 1754 4991 ἀνάστατος
1782 4929 1836 4980 οὐ

1953 4921 2105 4990 prius
2148 4920 2348 4989 captivi
2396 4918 2617 4972 fuerant
2682 4915 2997 4986 propediem
3051 4912 3320 4965 redituros
3380 4923 3522 4963 esse.

281 5020 579 5089 γενήσεται,
630 5021 766 5076 ἀλλὰ
806 5024 902 5077 καὶ
950 5001 1023 5076 old
1054 5024 1156 5093 ήδη
1213 5023 1473 5095 πρότερον
1506 5021 1836 5091 αἰχμάλωτοι

1954 5011 2138 5077 Quare
2168 5011 2406 5080 amplius
2446 5010 2765 5078 indignatus
2796 5005 2937 5058 Deus
2983 5006 3112 5074 μεθ’
3146 5001 3525 5095 ligneisthth

281 5113 575 5179 γεγονότες,
610 5113 711 5166 οὐκ
743 5114 821 5177 είς
861 5090 1087 5185 μακρὰν
1117 5090 1465 5183 ἐπανήξουσι.
1499 5090 1591 5165 Διὸ
1632 5112 1792 5165 πλέον
1822 5116 1836 5165 ί

1956 5113 2015 5159 ιιι
2043 5103 2218 5157 fcrrca
2242 5103 2348 5157 sibi
2374 5103 2595 5157 vincula
2624 5098 3016 5160 circumdet,et
3051 5096 3118 5149 iis
3145 5094 3236 5164 qui
3262 5094 3314 5147 in
3338 5090 3535 5147 Judara.

282 5205 548 5276 Δεσπότης
577 5205 965 5277 ἀγανακτήσας
990 5207 1122 5270 Θεὸς
1153 5207 1348 5277 σιδηρᾶ
1381 5205 1556 5275 δεσμὰ
1596 5203 1836 5275 ἐπιϐῆναι

1957 5202 2113 5250 crant
2164 5193 2511 5249 obsidionem
2548 5187 2900 5261 pramuntict,
2942 5191 2997 5240 et
3038 5187 3398 5239 servitutem:
3434 5195 3526 5231 ca-

340 5365 367 5394 “
401 5358 527 5412 Act.
552 5372 671 5421 xm,
700 5356 783 5411 Η.
853 5367 883 5396 ν
914 5358 1067 5413 Rom.
1092 5375 1182 5423 xv,
1207 5359 1293 5413 19.
1374 5372 1399 5399 ι
1432 5357 1634 5414 Jcrem.
1665 5372 1855 5423 xxvm,
1877 5356 2129 5424 veljuxla
2169 5352 2328 5416 LXX,
2362 5368 2531 5415 xxxv,
2572 5348 2658 5404 55.

1550 5508 1781 5564 VAIlIA‘J
1820 5507 2220 5564 LECTIONES.

344 5607 384 5635 7'
429 5607 617 5687 ἱερωσ.
659 5606 697 5687 β
733 5622 916 5673 puum.
939 5607 1061 5687 grai.
1141 5609 1184 5638 ⁷⁸
1225 5606 1263 5659 Β
1293 5606 1636 5687 παραδηλῶν.
1723 5606 1767 5636 ⁷⁹
1798 5605 2027 5687 συνέϐη.
2064 5604 2193 5687 Des.
2259 5604 2340 5687 in.
2369 5603 2429 5666 Β,
2483 5601 2604 5656 colo
2646 5597 2711 5687 ad
2757 5594 2942 5687 Ἰσαᾰικ
2974 5591 3261 5687 illudsi“;
3304 5584 3518 5687 3:":le-

281 5674 395 5746 ονε.
434 5658 494 5728 ιη’
523 5676 580 5725 ιι.
659 5674 701 5705 ⁸⁸
734 5658 802 5728 ’ἐν
826 5658 1181 5746 αὐτῴζλιιοδι
1203 5658 1271 5730 ab
1300 5658 1505 5732 Hebri.
1539 5678 1582 5708 ’⁵³
1626 5658 2025 5746 καὶ-ἐξαστρί
2049 5658 2204 5730 Alius
2231 5658 2519 5731 verborum
2557 5671 2766 5741 positus
2794 5666 2943 5734 juxta
2977 5658 3139 5714 ll'cirr.
3217 5658 3261 5687 ⁸³
3302 5658 3523 5728 ἐξαστρ.

283 5745 434 5802 Hebr.
469 5745 749 5815 excipiens
784 5762 925 5808 sese,
959 5763 1003 5800 s.
1040 5750 1330 5804 continuus
