  <div class='ocr_page' id='page_1' title='image "/cluster/home/n/w/nwhite01/storage/ocr_20150623/81/mdp.39015078384339/430.png"; bbox 0 0 3868 6204; ppageno 0'>
   <div class='ocr_carea' id='block_1_1' title="bbox 218 311 317 377">
    <p class='ocr_par' dir='ltr' id='par_1_1' title="bbox 218 311 317 377">
     <span class='ocr_line' id='line_1_1' title="bbox 218 311 317 377; baseline -0.01 0"><span class='ocrx_word' id='word_1_1' title='bbox 218 311 317 377; x_wconf 73' lang='grc'><strong>829</strong></span> 
     </span>
    </p>
   </div>
   <div class='ocr_carea' id='block_1_2' title="bbox 1374 324 2225 395">
    <p class='ocr_par' dir='ltr' id='par_1_2' title="bbox 1374 324 2225 395">
     <span class='ocr_line' id='line_1_2' title="bbox 1374 324 2225 395; baseline 0.009 -8"><span class='ocrx_word' id='word_1_2' title='bbox 1374 324 1456 389; x_wconf 84' lang='grc' dir='ltr'><strong>ΙΝ</strong></span> <span class='ocrx_word' id='word_1_3' title='bbox 1486 328 1933 391; x_wconf 79' lang='lat' dir='ltr'><strong>EZECHIELIS</strong></span> <span class='ocrx_word' id='word_1_4' title='bbox 1963 335 2121 395; x_wconf 66' lang='lat' dir='ltr'><strong>CAP.</strong></span> <span class='ocrx_word' id='word_1_5' title='bbox 2177 337 2225 394; x_wconf 89' lang='grc' dir='ltr'><strong>Ι.</strong></span> 
     </span>
    </p>
   </div>
   <div class='ocr_carea' id='block_1_3' title="bbox 3357 349 3462 411">
    <p class='ocr_par' dir='ltr' id='par_1_3' title="bbox 3357 349 3462 411">
     <span class='ocr_line' id='line_1_3' title="bbox 3357 349 3462 411; baseline 0.01 -1"><span class='ocrx_word' id='word_1_6' title='bbox 3357 349 3462 411; x_wconf 76' lang='lat' dir='ltr'><strong>83n</strong></span> 
     </span>
    </p>
   </div>
   <div class='ocr_carea' id='block_1_4' title="bbox 214 427 1783 516">
    <p class='ocr_par' dir='ltr' id='par_1_4' title="bbox 214 427 1783 512">
     <span class='ocr_line' id='line_1_4' title="bbox 214 427 1783 512; baseline 0.01 -31"><span class='ocrx_word' id='word_1_7' title='bbox 214 427 379 500; x_wconf 80' lang='grc' dir='ltr'>ἑτέρῳ</span> <span class='ocrx_word' id='word_1_8' title='bbox 406 429 772 502; x_wconf 79' lang='grc' dir='ltr'>σταυροειδῶς</span> <span class='ocrx_word' id='word_1_9' title='bbox 800 431 1012 505; x_wconf 84' lang='grc' dir='ltr'>ἐνείρας</span> <span class='ocrx_word' id='word_1_10' title='bbox 1038 449 1051 466; x_wconf 84' lang='grc'><strong>·</strong></span> <span class='ocrx_word' id='word_1_11' title='bbox 1086 435 1147 489; x_wconf 82' lang='grc' dir='ltr'>τὸ</span> <span class='ocrx_word' id='word_1_12' title='bbox 1175 436 1284 508; x_wconf 86' lang='grc' dir='ltr'>γὰρ</span> <span class='ocrx_word' id='word_1_13' title='bbox 1311 440 1551 495; x_wconf 82' lang='grc' dir='ltr'>τοιοῦτον</span> <span class='ocrx_word' id='word_1_14' title='bbox 1578 443 1783 512; x_wconf 75' lang='grc' dir='ltr'>σχῆμα,</span> 
     </span>
    </p>
   </div>
   <div class='ocr_carea' id='block_1_5' title="bbox 1888 427 3464 516">
    <p class='ocr_par' dir='ltr' id='par_1_5' title="bbox 1892 443 3464 516">
     <span class='ocr_line' id='line_1_5' title="bbox 1892 443 3464 516; baseline 0.009 -18"><span class='ocrx_word' id='word_1_15' title='bbox 1892 443 2095 516; x_wconf 83' lang='lat' dir='ltr'><strong>lingat,</strong></span> <span class='ocrx_word' id='word_1_16' title='bbox 2129 449 2480 516; x_wconf 76' lang='lat' dir='ltr'><strong>alterumque</strong></span> <span class='ocrx_word' id='word_1_17' title='bbox 2507 448 2563 504; x_wconf 91' lang='lat' dir='ltr'><strong>in</strong></span> <span class='ocrx_word' id='word_1_18' title='bbox 2595 449 2774 506; x_wconf 86' lang='lat' dir='ltr'><strong>altero</strong></span> <span class='ocrx_word' id='word_1_19' title='bbox 2805 453 2988 510; x_wconf 85' lang='lat' dir='ltr'><strong>crucis</strong></span> <span class='ocrx_word' id='word_1_20' title='bbox 3021 454 3200 510; x_wconf 83' lang='lat' dir='ltr'><strong>instar</strong></span> <span class='ocrx_word' id='word_1_21' title='bbox 3227 455 3464 514; x_wconf 77' lang='lat' dir='ltr'><strong>interse-</strong></span> 
     </span>
    </p>
   </div>
   <div class='ocr_carea' id='block_1_6' title="bbox 215 521 1788 603">
    <p class='ocr_par' dir='ltr' id='par_1_6' title="bbox 215 521 1788 603">
     <span class='ocr_line' id='line_1_6' title="bbox 215 521 1788 603; baseline 0.01 -30"><span class='ocrx_word' id='word_1_22' title='bbox 215 522 304 574; x_wconf 77' lang='grc' dir='ltr'><strong>καὶ</strong></span> <span class='ocrx_word' id='word_1_23' title='bbox 331 521 425 574; x_wconf 79' lang='grc' dir='ltr'>ἐπὶ</span> <span class='ocrx_word' id='word_1_24' title='bbox 451 521 556 591; x_wconf 86' lang='grc' dir='ltr'><strong>τῆς</strong></span> <span class='ocrx_word' id='word_1_25' title='bbox 584 525 759 596; x_wconf 83' lang='grc' dir='ltr'>αὐτῆς</span> <span class='ocrx_word' id='word_1_26' title='bbox 805 524 1053 596; x_wconf 80' lang='grc' dir='ltr'>κείμενον</span> <span class='ocrx_word' id='word_1_27' title='bbox 1095 526 1275 600; x_wconf 71' lang='grc' dir='ltr'>ἔδρας,</span> <span class='ocrx_word' id='word_1_28' title='bbox 1312 530 1411 603; x_wconf 82' lang='grc' dir='ltr'>τὴν</span> <span class='ocrx_word' id='word_1_29' title='bbox 1440 533 1531 585; x_wconf 78' lang='grc' dir='ltr'>ἐπὶ</span> <span class='ocrx_word' id='word_1_30' title='bbox 1566 536 1634 587; x_wconf 73' lang='grc' dir='ltr'>τὰ</span> <span class='ocrx_word' id='word_1_31' title='bbox 1665 534 1788 587; x_wconf 89' lang='grc' dir='ltr'>τέσ-</span> 
     </span>
    </p>
   </div>
   <div class='ocr_carea' id='block_1_7' title="bbox 216 610 1788 690">
    <p class='ocr_par' dir='ltr' id='par_1_7' title="bbox 216 610 1788 690">
     <span class='ocr_line' id='line_1_7' title="bbox 216 610 1788 690; baseline 0.008 -26"><span class='ocrx_word' id='word_1_32' title='bbox 216 626 350 678; x_wconf 82' lang='grc' dir='ltr'>σαρα</span> <span class='ocrx_word' id='word_1_33' title='bbox 384 610 527 682; x_wconf 76' lang='grc' dir='ltr'>μέρη</span> <span class='ocrx_word' id='word_1_34' title='bbox 559 612 775 683; x_wconf 85' lang='grc' dir='ltr'>κίνησιν</span> <span class='ocrx_word' id='word_1_35' title='bbox 821 613 1148 684; x_wconf 76' lang='grc' dir='ltr'><strong>ἐπιδέχεται,</strong></span> <span class='ocrx_word' id='word_1_36' title='bbox 1193 616 1347 686; x_wconf 84' lang='grc' dir='ltr'>ἐῷον,</span> <span class='ocrx_word' id='word_1_37' title='bbox 1392 620 1555 690; x_wconf 74' lang='grc' dir='ltr'>φημὶ,</span> <span class='ocrx_word' id='word_1_38' title='bbox 1592 622 1685 675; x_wconf 76' lang='grc' dir='ltr'>καὶ</span> <span class='ocrx_word' id='word_1_39' title='bbox 1727 623 1788 679; x_wconf 78' lang='grc' dir='ltr'>τὸ</span> 
     </span>
    </p>
   </div>
   <div class='ocr_carea' id='block_1_8' title="bbox 213 700 1787 774">
    <p class='ocr_par' dir='ltr' id='par_1_8' title="bbox 213 700 1787 774">
     <span class='ocr_line' id='line_1_8' title="bbox 213 700 1787 774; baseline 0.009 -21"><span class='ocrx_word' id='word_1_40' title='bbox 213 700 486 771; x_wconf 76' lang='grc' dir='ltr'><strong>ἑσπέριον,</strong></span> <span class='ocrx_word' id='word_1_41' title='bbox 518 702 581 756; x_wconf 83' lang='grc' dir='ltr'>τό</span> <span class='ocrx_word' id='word_1_42' title='bbox 608 721 668 757; x_wconf 89' lang='grc' dir='ltr'><strong>τε</strong></span> <span class='ocrx_word' id='word_1_43' title='bbox 697 704 902 774; x_wconf 73' lang='grc' dir='ltr'>βόρειον</span> <span class='ocrx_word' id='word_1_44' title='bbox 932 706 1025 759; x_wconf 81' lang='grc' dir='ltr'><strong>καὶ</strong></span> <span class='ocrx_word' id='word_1_45' title='bbox 1051 707 1112 760; x_wconf 84' lang='grc' dir='ltr'>τὸ</span> <span class='ocrx_word' id='word_1_46' title='bbox 1144 708 1334 762; x_wconf 79' lang='grc' dir='ltr'>νότιον.</span> <span class='ocrx_word' id='word_1_47' title='bbox 1364 711 1535 764; x_wconf 76' lang='grc' dir='ltr'>Τοῦτο</span> <span class='ocrx_word' id='word_1_48' title='bbox 1562 713 1738 768; x_wconf 80' lang='grc' dir='ltr'><strong>τοίνυν</strong></span> <span class='ocrx_word' id='word_1_49' title='bbox 1757 716 1787 768; x_wconf 80' lang='grc' dir='ltr'><strong>ὁ</strong></span> 
     </span>
    </p>
   </div>
   <div class='ocr_carea' id='block_1_9' title="bbox 214 784 1785 874">
    <p class='ocr_par' dir='ltr' id='par_1_9' title="bbox 214 784 1785 874">
     <span class='ocr_line' id='line_1_9' title="bbox 214 784 1785 874; baseline 0.01 -29"><span class='ocrx_word' id='word_1_50' title='bbox 214 784 481 863; x_wconf 79' lang='grc' dir='ltr'>μακάριος</span> <span class='ocrx_word' id='word_1_51' title='bbox 512 797 801 866; x_wconf 77' lang='grc' dir='ltr'><strong>προφήτης</strong></span> <span class='ocrx_word' id='word_1_52' title='bbox 844 799 996 867; x_wconf 81' lang='grc' dir='ltr'>φησὶ,</span> <span class='ocrx_word' id='word_1_53' title='bbox 1031 799 1227 865; x_wconf 81' lang='grc' dir='ltr'>Καθὼς</span> <span class='ocrx_word' id='word_1_54' title='bbox 1268 800 1334 873; x_wconf 72' lang='grc' dir='ltr'>ἂν</span> <span class='ocrx_word' id='word_1_55' title='bbox 1374 802 1459 871; x_wconf 83' lang='grc' dir='ltr'><strong>είη</strong></span> <span class='ocrx_word' id='word_1_56' title='bbox 1490 805 1681 874; x_wconf 78' lang='grc' dir='ltr'>τροχὸς</span> <span class='ocrx_word' id='word_1_57' title='bbox 1726 806 1785 860; x_wconf 80' lang='grc' dir='ltr'><strong>ἐν</strong></span> 
     </span>
    </p>
   </div>
   <div class='ocr_carea' id='block_1_10' title="bbox 212 886 1787 965">
    <p class='ocr_par' dir='ltr' id='par_1_10' title="bbox 212 886 1787 965">
     <span class='ocr_line' id='line_1_10' title="bbox 212 886 1787 965; baseline 0.009 -29"><span class='ocrx_word' id='word_1_58' title='bbox 212 886 411 955; x_wconf 81' lang='grc' dir='ltr'>τροχῷ,</span> <span class='ocrx_word' id='word_1_59' title='bbox 447 887 543 939; x_wconf 74' lang='grc' dir='ltr'>ἐπὶ</span> <span class='ocrx_word' id='word_1_60' title='bbox 572 887 643 941; x_wconf 85' lang='grc' dir='ltr'>τὰ</span> <span class='ocrx_word' id='word_1_61' title='bbox 669 889 908 960; x_wconf 83' lang='grc' dir='ltr'>τέσσαρα</span> <span class='ocrx_word' id='word_1_62' title='bbox 939 890 1080 960; x_wconf 86' lang='grc' dir='ltr'>μέρη</span> <span class='ocrx_word' id='word_1_63' title='bbox 1112 892 1287 946; x_wconf 86' lang='grc' dir='ltr'>αὐτῶν</span> <span class='ocrx_word' id='word_1_64' title='bbox 1315 895 1658 965; x_wconf 89' lang='grc' dir='ltr'>ἐπορεύοντο,</span> <span class='ocrx_word' id='word_1_65' title='bbox 1691 899 1787 952; x_wconf 74' lang='grc' dir='ltr'>καὶ</span> 
     </span>
    </p>
   </div>
   <div class='ocr_carea' id='block_1_11' title="bbox 211 976 1786 1061">
    <p class='ocr_par' dir='ltr' id='par_1_11' title="bbox 211 976 1786 1061">
     <span class='ocr_line' id='line_1_11' title="bbox 211 976 1786 1061; baseline 0.007 -30"><span class='ocrx_word' id='word_1_66' title='bbox 211 977 305 1031; x_wconf 71' lang='grc' dir='ltr'>οὐκ</span> <span class='ocrx_word' id='word_1_67' title='bbox 334 976 673 1048; x_wconf 68' lang='grc' dir='ltr'><strong>ἐπέστρεφον</strong></span> <span class='ocrx_word' id='word_1_68' title='bbox 719 980 778 1033; x_wconf 83' lang='grc' dir='ltr'>ἐν</span> <span class='ocrx_word' id='word_1_69' title='bbox 810 979 1258 1059; x_wconf 48' lang='grc' dir='ltr'>τῷτορεύεσθαι</span> <span class='ocrx_word' id='word_1_70' title='bbox 1300 985 1523 1049; x_wconf 77' lang='grc' dir='ltr'>αὐτούς·</span> <span class='ocrx_word' id='word_1_71' title='bbox 1571 987 1632 1040; x_wconf 84' lang='grc' dir='ltr'>τὸ</span> <span class='ocrx_word' id='word_1_72' title='bbox 1676 989 1786 1061; x_wconf 81' lang='grc' dir='ltr'><strong>γάρ</strong></span> 
     </span>
    </p>
   </div>
   <div class='ocr_carea' id='block_1_12' title="bbox 195 1066 1784 1151">
    <p class='ocr_par' dir='ltr' id='par_1_12' title="bbox 195 1066 1784 1151">
     <span class='ocr_line' id='line_1_12' title="bbox 195 1066 1784 1151; baseline 0.009 -32"><span class='ocrx_word' id='word_1_73' title='bbox 195 1066 445 1151; x_wconf 75' lang='grc' dir='ltr'>τοιοῦτον</span> <span class='ocrx_word' id='word_1_74' title='bbox 479 1070 666 1140; x_wconf 77' lang='grc' dir='ltr'>σχῆμα</span> <span class='ocrx_word' id='word_1_75' title='bbox 697 1071 757 1124; x_wconf 76' lang='grc' dir='ltr'><strong>οὐ</strong></span> <span class='ocrx_word' id='word_1_76' title='bbox 788 1071 954 1125; x_wconf 86' lang='grc' dir='ltr'>δεῖται</span> <span class='ocrx_word' id='word_1_77' title='bbox 991 1076 1368 1145; x_wconf 72' lang='grc' dir='ltr'><strong>μεταστροφῆς</strong></span> <span class='ocrx_word' id='word_1_78' title='bbox 1392 1091 1404 1103; x_wconf 84' lang='grc'><strong>·</strong></span> <span class='ocrx_word' id='word_1_79' title='bbox 1456 1078 1533 1141; x_wconf 79' lang='grc' dir='ltr'><strong>είς</strong></span> <span class='ocrx_word' id='word_1_80' title='bbox 1557 1078 1784 1135; x_wconf 78' lang='grc' dir='ltr'>ἕκαστον</span> 
     </span>
    </p>
   </div>
   <div class='ocr_carea' id='block_1_13' title="bbox 210 1158 1784 1241">
    <p class='ocr_par' dir='ltr' id='par_1_13' title="bbox 210 1158 1784 1241">
     <span class='ocr_line' id='line_1_13' title="bbox 210 1158 1784 1241; baseline 0.01 -32"><span class='ocrx_word' id='word_1_81' title='bbox 210 1158 312 1229; x_wconf 65' lang='grc' dir='ltr'>γᾷρ</span> <span class='ocrx_word' id='word_1_82' title='bbox 338 1158 448 1212; x_wconf 81' lang='grc' dir='ltr'><strong>τῶν</strong></span> <span class='ocrx_word' id='word_1_83' title='bbox 494 1160 772 1230; x_wconf 76' lang='grc' dir='ltr'><strong>κλιμάτων</strong></span> <span class='ocrx_word' id='word_1_84' title='bbox 816 1163 923 1217; x_wconf 76' lang='grc' dir='ltr'>ἀπὸ</span> <span class='ocrx_word' id='word_1_85' title='bbox 956 1162 1056 1235; x_wconf 83' lang='grc' dir='ltr'>τῆς</span> <span class='ocrx_word' id='word_1_86' title='bbox 1084 1166 1251 1235; x_wconf 83' lang='grc' dir='ltr'>αὐτῆς</span> <span class='ocrx_word' id='word_1_87' title='bbox 1277 1165 1437 1236; x_wconf 79' lang='grc' dir='ltr'>ἔδρας</span> <span class='ocrx_word' id='word_1_88' title='bbox 1470 1169 1784 1241; x_wconf 85' lang='grc' dir='ltr'>κινούμενον</span> 
     </span>
    </p>
   </div>
   <div class='ocr_carea' id='block_1_14' title="bbox 206 1247 1782 1335">
    <p class='ocr_par' dir='ltr' id='par_1_14' title="bbox 206 1247 1782 1335">
     <span class='ocr_line' id='line_1_14' title="bbox 206 1247 1782 1335; baseline 0.011 -35"><span class='ocrx_word' id='word_1_89' title='bbox 206 1247 403 1331; x_wconf 60' lang='grc' dir='ltr'>ῥᾳδίως</span> <span class='ocrx_word' id='word_1_90' title='bbox 438 1249 611 1322; x_wconf 74' lang='grc' dir='ltr'>ὁρμᾷ.</span> <span class='ocrx_word' id='word_1_91' title='bbox 665 1252 774 1305; x_wconf 75' lang='grc' dir='ltr'><strong>Καὶ</strong></span> <span class='ocrx_word' id='word_1_92' title='bbox 806 1252 963 1306; x_wconf 80' lang='grc' dir='ltr'>τοῦτο</span> <span class='ocrx_word' id='word_1_93' title='bbox 990 1253 1048 1307; x_wconf 87' lang='grc' dir='ltr'><strong>δέ</strong></span> <span class='ocrx_word' id='word_1_94' title='bbox 1080 1256 1341 1323; x_wconf 83' lang='grc' dir='ltr'><strong>ὡσαύτως</strong></span> <span class='ocrx_word' id='word_1_95' title='bbox 1371 1259 1469 1331; x_wconf 76' lang='grc' dir='ltr'><strong>τὴν</strong></span> <span class='ocrx_word' id='word_1_96' title='bbox 1502 1265 1782 1335; x_wconf 83' lang='grc' dir='ltr'>πανταχοῦ</span> 
     </span>
    </p>
   </div>
   <div class='ocr_carea' id='block_1_15' title="bbox 211 1336 1785 1420">
    <p class='ocr_par' dir='ltr' id='par_1_15' title="bbox 211 1336 1785 1420">
     <span class='ocr_line' id='line_1_15' title="bbox 211 1336 1785 1420; baseline 0.01 -30"><span class='ocrx_word' id='word_1_97' title='bbox 211 1336 296 1390; x_wconf 83' lang='grc' dir='ltr'>τοῦ</span> <span class='ocrx_word' id='word_1_98' title='bbox 326 1337 462 1390; x_wconf 79' lang='grc' dir='ltr'>Θεοῦ</span> <span class='ocrx_word' id='word_1_99' title='bbox 491 1340 795 1408; x_wconf 80' lang='grc' dir='ltr'>παρουσίαν</span> <span class='ocrx_word' id='word_1_100' title='bbox 823 1342 1098 1411; x_wconf 84' lang='grc' dir='ltr'>σημαίνει,</span> <span class='ocrx_word' id='word_1_101' title='bbox 1130 1344 1435 1416; x_wconf 86' lang='grc' dir='ltr'>παχύτερον</span> <span class='ocrx_word' id='word_1_102' title='bbox 1463 1348 1558 1402; x_wconf 76' lang='grc' dir='ltr'><strong>καὶ</strong></span> <span class='ocrx_word' id='word_1_103' title='bbox 1598 1367 1785 1420; x_wconf 83' lang='grc' dir='ltr'>σωμα-</span> 
     </span>
    </p>
   </div>
   <div class='ocr_carea' id='block_1_16' title="bbox 210 1426 1782 1503">
    <p class='ocr_par' dir='ltr' id='par_1_16' title="bbox 210 1426 1782 1503">
     <span class='ocr_line' id='line_1_16' title="bbox 210 1426 1782 1503; baseline 0.008 -24"><span class='ocrx_word' id='word_1_104' title='bbox 210 1426 499 1498; x_wconf 84' lang='grc' dir='ltr'>τικώτερον</span> <span class='ocrx_word' id='word_1_105' title='bbox 554 1428 644 1482; x_wconf 79' lang='grc' dir='ltr'>διὰ</span> <span class='ocrx_word' id='word_1_106' title='bbox 692 1428 791 1499; x_wconf 86' lang='grc' dir='ltr'>τὴν</span> <span class='ocrx_word' id='word_1_107' title='bbox 840 1429 1189 1503; x_wconf 78' lang='grc' dir='ltr'><strong>ἀνθρωπίνην</strong></span> <span class='ocrx_word' id='word_1_108' title='bbox 1251 1434 1532 1489; x_wconf 84' lang='grc' dir='ltr'>ἀσθένειαν</span> <span class='ocrx_word' id='word_1_109' title='bbox 1579 1437 1782 1493; x_wconf 90' lang='grc' dir='ltr'>τούτων</span> 
     </span>
    </p>
   </div>
   <div class='ocr_carea' id='block_1_17' title="bbox 212 1517 1783 1590">
    <p class='ocr_par' dir='ltr' id='par_1_17' title="bbox 212 1517 1783 1590">
     <span class='ocr_line' id='line_1_17' title="bbox 212 1517 1783 1590; baseline 0.01 -20"><span class='ocrx_word' id='word_1_110' title='bbox 212 1517 593 1590; x_wconf 78' lang='grc' dir='ltr'>θεωρηθέντων</span> <span class='ocrx_word' id='word_1_111' title='bbox 619 1538 632 1553; x_wconf 89' lang='grc'><strong>·</strong></span> <span class='ocrx_word' id='word_1_112' title='bbox 670 1522 806 1576; x_wconf 71' lang='grc' dir='ltr'><strong>(Καὶ</strong></span> <span class='ocrx_word' id='word_1_113' title='bbox 841 1521 948 1576; x_wconf 76' lang='grc' dir='ltr'>ἴδον</span> <span class='ocrx_word' id='word_1_114' title='bbox 971 1524 1168 1588; x_wconf 79' lang='grc' dir='ltr'>αὐτοὺς</span> <span class='ocrx_word' id='word_1_115' title='bbox 1184 1526 1250 1590; x_wconf 73' lang='grc'><strong>³⁵,</strong></span> <span class='ocrx_word' id='word_1_116' title='bbox 1280 1527 1376 1580; x_wconf 77' lang='grc' dir='ltr'><strong>καὶ</strong></span> <span class='ocrx_word' id='word_1_117' title='bbox 1405 1528 1513 1582; x_wconf 79' lang='grc' dir='ltr'>ἰδοὺ</span> <span class='ocrx_word' id='word_1_118' title='bbox 1539 1529 1589 1583; x_wconf 78' lang='grc' dir='ltr'>οἱ</span> <span class='ocrx_word' id='word_1_119' title='bbox 1622 1530 1783 1587; x_wconf 85' lang='grc' dir='ltr'>νῶτοι</span> 
     </span>
    </p>
   </div>
   <div class='ocr_carea' id='block_1_18' title="bbox 211 1609 1777 1694">
    <p class='ocr_par' dir='ltr' id='par_1_18' title="bbox 211 1609 1777 1694">
     <span class='ocr_line' id='line_1_18' title="bbox 211 1609 1777 1694; baseline 0.01 -32"><span class='ocrx_word' id='word_1_120' title='bbox 211 1609 380 1663; x_wconf 82' lang='grc' dir='ltr'>αὐτῶν</span> <span class='ocrx_word' id='word_1_121' title='bbox 406 1612 637 1682; x_wconf 78' lang='grc' dir='ltr'><strong>πλήρεις</strong></span> <span class='ocrx_word' id='word_1_122' title='bbox 664 1613 960 1685; x_wconf 76' lang='grc' dir='ltr'><strong>ὀφθαλμῶν</strong></span> <span class='ocrx_word' id='word_1_123' title='bbox 1000 1615 1264 1672; x_wconf 83' lang='grc' dir='ltr'><strong>κυκλόθεν</strong></span> <span class='ocrx_word' id='word_1_124' title='bbox 1300 1621 1413 1683; x_wconf 79' lang='grc' dir='ltr'>τοῖς</span> <span class='ocrx_word' id='word_1_125' title='bbox 1446 1619 1723 1694; x_wconf 86' lang='grc' dir='ltr'>τέσσαρσι.</span> <span class='ocrx_word' id='word_1_126' title='bbox 1753 1641 1777 1676; x_wconf 77' lang='lat' dir='ltr'><strong>s</strong></span> 
     </span>
    </p>
   </div>
   <div class='ocr_carea' id='block_1_19' title="bbox 1893 536 3458 617">
    <p class='ocr_par' dir='ltr' id='par_1_19' title="bbox 1893 536 3458 617">
     <span class='ocr_line' id='line_1_19' title="bbox 1893 536 3458 617; baseline 0.007 -26"><span class='ocrx_word' id='word_1_127' title='bbox 1893 545 2001 591; x_wconf 88' lang='lat' dir='ltr'><strong>rat.</strong></span> <span class='ocrx_word' id='word_1_128' title='bbox 2029 536 2177 594; x_wconf 80' lang='lat' dir='ltr'><strong>Talis</strong></span> <span class='ocrx_word' id='word_1_129' title='bbox 2200 540 2344 593; x_wconf 85' lang='lat' dir='ltr'><strong>enim</strong></span> <span class='ocrx_word' id='word_1_130' title='bbox 2371 540 2543 610; x_wconf 70' lang='lat' dir='ltr'><strong>ﬁgura</strong></span> <span class='ocrx_word' id='word_1_131' title='bbox 2562 579 2581 606; x_wconf 87' lang='lat'><strong>,</strong></span> <span class='ocrx_word' id='word_1_132' title='bbox 2600 543 2769 598; x_wconf 69' lang='lat' dir='ltr'><strong>etiam</strong></span> <span class='ocrx_word' id='word_1_133' title='bbox 2796 544 2851 599; x_wconf 86' lang='lat' dir='ltr'><strong>in</strong></span> <span class='ocrx_word' id='word_1_134' title='bbox 2880 546 3068 601; x_wconf 79' lang='lat' dir='ltr'><strong>eadem</strong></span> <span class='ocrx_word' id='word_1_135' title='bbox 3093 547 3224 602; x_wconf 88' lang='lat' dir='ltr'><strong>sede</strong></span> <span class='ocrx_word' id='word_1_136' title='bbox 3249 549 3427 617; x_wconf 89' lang='lat' dir='ltr'><strong>posita</strong></span> <span class='ocrx_word' id='word_1_137' title='bbox 3444 589 3458 611; x_wconf 88' lang='lat'><strong>,</strong></span> 
     </span>
    </p>
   </div>
   <div class='ocr_carea' id='block_1_20' title="bbox 1892 627 3461 709">
    <p class='ocr_par' dir='ltr' id='par_1_20' title="bbox 1892 627 3461 709">
     <span class='ocr_line' id='line_1_20' title="bbox 1892 627 3461 709; baseline 0.008 -27"><span class='ocrx_word' id='word_1_138' title='bbox 1892 627 1946 682; x_wconf 89' lang='lat' dir='ltr'><strong>in</strong></span> <span class='ocrx_word' id='word_1_139' title='bbox 1973 638 2214 699; x_wconf 76' lang='lat' dir='ltr'><strong>quatuor</strong></span> <span class='ocrx_word' id='word_1_140' title='bbox 2239 638 2424 701; x_wconf 85' lang='lat' dir='ltr'><strong>partes</strong></span> <span class='ocrx_word' id='word_1_141' title='bbox 2456 640 2664 687; x_wconf 89' lang='lat' dir='ltr'><strong>motum</strong></span> <span class='ocrx_word' id='word_1_142' title='bbox 2694 635 2958 703; x_wconf 86' lang='lat' dir='ltr'><strong>admittit,</strong></span> <span class='ocrx_word' id='word_1_143' title='bbox 2980 638 3149 709; x_wconf 55' lang='grc' dir='ltr'><strong><em>α</em></strong></span> <span class='ocrx_word' id='word_1_144' title='bbox 3172 641 3461 708; x_wconf 73' lang='lat' dir='ltr'><strong>orientem,</strong></span> 
     </span>
    </p>
   </div>
   <div class='ocr_carea' id='block_1_21' title="bbox 1892 722 3463 796">
    <p class='ocr_par' dir='ltr' id='par_1_21' title="bbox 1892 722 3463 796">
     <span class='ocr_line' id='line_1_21' title="bbox 1892 722 3463 796; baseline 0.007 -21"><span class='ocrx_word' id='word_1_145' title='bbox 1892 722 2115 790; x_wconf 87' lang='lat' dir='ltr'><strong>inquam</strong></span> <span class='ocrx_word' id='word_1_146' title='bbox 2143 761 2158 786; x_wconf 89' lang='lat'><strong>,</strong></span> <span class='ocrx_word' id='word_1_147' title='bbox 2191 731 2245 778; x_wconf 93' lang='lat' dir='ltr'><strong>et</strong></span> <span class='ocrx_word' id='word_1_148' title='bbox 2287 724 2628 780; x_wconf 71' lang='lat' dir='ltr'><strong>occidentem</strong></span> <span class='ocrx_word' id='word_1_149' title='bbox 2649 767 2665 791; x_wconf 93' lang='lat'><strong>,</strong></span> <span class='ocrx_word' id='word_1_150' title='bbox 2699 728 3081 796; x_wconf 89' lang='lat' dir='ltr'><strong>aquilonarem</strong></span> <span class='ocrx_word' id='word_1_151' title='bbox 3104 770 3119 792; x_wconf 91' lang='lat'><strong>,</strong></span> <span class='ocrx_word' id='word_1_152' title='bbox 3153 738 3207 785; x_wconf 90' lang='lat' dir='ltr'><strong>et</strong></span> <span class='ocrx_word' id='word_1_153' title='bbox 3250 740 3463 787; x_wconf 84' lang='lat' dir='ltr'><strong>austra-</strong></span> 
     </span>
    </p>
   </div>
   <div class='ocr_carea' id='block_1_22' title="bbox 1890 812 3464 887">
    <p class='ocr_par' dir='ltr' id='par_1_22' title="bbox 1890 812 3464 887">
     <span class='ocr_line' id='line_1_22' title="bbox 1890 812 3464 887; baseline 0.003 -18"><span class='ocrx_word' id='word_1_154' title='bbox 1890 814 2018 869; x_wconf 86' lang='lat' dir='ltr'><strong>lem.</strong></span> <span class='ocrx_word' id='word_1_155' title='bbox 2051 812 2167 868; x_wconf 81' lang='lat' dir='ltr'><strong>Hoc</strong></span> <span class='ocrx_word' id='word_1_156' title='bbox 2201 814 2388 884; x_wconf 88' lang='lat' dir='ltr'><strong>itaque</strong></span> <span class='ocrx_word' id='word_1_157' title='bbox 2424 814 2619 871; x_wconf 85' lang='lat' dir='ltr'><strong>beatus</strong></span> <span class='ocrx_word' id='word_1_158' title='bbox 2657 817 2925 887; x_wconf 80' lang='lat' dir='ltr'><strong>propheta</strong></span> <span class='ocrx_word' id='word_1_159' title='bbox 2960 821 3066 882; x_wconf 88' lang='lat' dir='ltr'><strong>ait,</strong></span> <span class='ocrx_word' id='word_1_160' title='bbox 3118 818 3352 874; x_wconf 81' lang='lat' dir='ltr'><strong>Perinde</strong></span> <span class='ocrx_word' id='word_1_161' title='bbox 3399 836 3464 874; x_wconf 89' lang='lat' dir='ltr'><strong>ac</strong></span> 
     </span>
    </p>
   </div>
   <div class='ocr_carea' id='block_1_23' title="bbox 1891 905 3462 979">
    <p class='ocr_par' dir='ltr' id='par_1_23' title="bbox 1891 905 3462 979">
     <span class='ocr_line' id='line_1_23' title="bbox 1891 905 3462 979; baseline 0.001 -18"><span class='ocrx_word' id='word_1_162' title='bbox 1891 905 1939 961; x_wconf 84' lang='lat' dir='ltr'><strong>si</strong></span> <span class='ocrx_word' id='word_1_163' title='bbox 1987 912 2134 958; x_wconf 85' lang='lat' dir='ltr'><strong>esset</strong></span> <span class='ocrx_word' id='word_1_164' title='bbox 2176 914 2297 958; x_wconf 90' lang='lat' dir='ltr'><strong>rota</strong></span> <span class='ocrx_word' id='word_1_165' title='bbox 2348 905 2405 959; x_wconf 89' lang='lat' dir='ltr'><strong>in</strong></span> <span class='ocrx_word' id='word_1_166' title='bbox 2455 914 2613 970; x_wconf 89' lang='lat' dir='ltr'><strong>rota,</strong></span> <span class='ocrx_word' id='word_1_167' title='bbox 2668 906 2721 960; x_wconf 91' lang='lat' dir='ltr'><strong>in</strong></span> <span class='ocrx_word' id='word_1_168' title='bbox 2754 914 2997 975; x_wconf 85' lang='lat' dir='ltr'><strong>quatuor</strong></span> <span class='ocrx_word' id='word_1_169' title='bbox 3044 917 3228 979; x_wconf 86' lang='lat' dir='ltr'><strong>partes</strong></span> <span class='ocrx_word' id='word_1_170' title='bbox 3273 924 3462 963; x_wconf 89' lang='lat' dir='ltr'><strong>earum</strong></span> 
     </span>
    </p>
   </div>
   <div class='ocr_carea' id='block_1_24' title="bbox 1891 995 3463 1059">
    <p class='ocr_par' dir='ltr' id='par_1_24' title="bbox 1891 995 3463 1059">
     <span class='ocr_line' id='line_1_24' title="bbox 1891 995 3463 1059; baseline 0.003 -11"><span class='ocrx_word' id='word_1_171' title='bbox 1891 995 2270 1059; x_wconf 83' lang='lat' dir='ltr'><strong>ambulabant,</strong></span> <span class='ocrx_word' id='word_1_172' title='bbox 2302 1002 2358 1050; x_wconf 87' lang='lat' dir='ltr'><strong>et</strong></span> <span class='ocrx_word' id='word_1_173' title='bbox 2383 1012 2493 1050; x_wconf 93' lang='lat' dir='ltr'><strong>non</strong></span> <span class='ocrx_word' id='word_1_174' title='bbox 2527 999 2946 1053; x_wconf 83' lang='lat' dir='ltr'><strong>revertebantur</strong></span> <span class='ocrx_word' id='word_1_175' title='bbox 2965 1014 3089 1054; x_wconf 89' lang='lat' dir='ltr'><strong>cum</strong></span> <span class='ocrx_word' id='word_1_176' title='bbox 3115 1000 3463 1055; x_wconf 84' lang='lat' dir='ltr'><strong>ambularent</strong></span> 
     </span>
    </p>
   </div>
   <div class='ocr_carea' id='block_1_25' title="bbox 1891 1084 3465 1158">
    <p class='ocr_par' dir='ltr' id='par_1_25' title="bbox 1891 1084 3465 1158">
     <span class='ocr_line' id='line_1_25' title="bbox 1891 1084 3465 1158; baseline 0.004 -19"><span class='ocrx_word' id='word_1_177' title='bbox 1891 1084 2046 1155; x_wconf 63' lang='lat' dir='ltr'><strong>ipsa.</strong></span> <span class='ocrx_word' id='word_1_178' title='bbox 2081 1084 2367 1155; x_wconf 85' lang='lat' dir='ltr'><strong>Ejusmodi</strong></span> <span class='ocrx_word' id='word_1_179' title='bbox 2397 1091 2544 1142; x_wconf 89' lang='lat' dir='ltr'><strong>enim</strong></span> <span class='ocrx_word' id='word_1_180' title='bbox 2578 1088 2750 1158; x_wconf 79' lang='lat' dir='ltr'><strong>ﬁgura</strong></span> <span class='ocrx_word' id='word_1_181' title='bbox 2783 1092 3150 1147; x_wconf 79' lang='lat' dir='ltr'><strong>conversione</strong></span> <span class='ocrx_word' id='word_1_182' title='bbox 3179 1106 3288 1146; x_wconf 91' lang='lat' dir='ltr'><strong>non</strong></span> <span class='ocrx_word' id='word_1_183' title='bbox 3318 1092 3465 1146; x_wconf 87' lang='lat' dir='ltr'><strong>indi-</strong></span> 
     </span>
    </p>
   </div>
   <div class='ocr_carea' id='block_1_26' title="bbox 1889 1177 3465 1252">
    <p class='ocr_par' dir='ltr' id='par_1_26' title="bbox 1889 1177 3465 1252">
     <span class='ocr_line' id='line_1_26' title="bbox 1889 1177 3465 1252; baseline 0.004 -22"><span class='ocrx_word' id='word_1_184' title='bbox 1889 1185 2017 1246; x_wconf 83' lang='lat' dir='ltr'><strong>get:</strong></span> <span class='ocrx_word' id='word_1_185' title='bbox 2051 1192 2177 1231; x_wconf 89' lang='lat' dir='ltr'><strong>nam</strong></span> <span class='ocrx_word' id='word_1_186' title='bbox 2214 1177 2268 1231; x_wconf 89' lang='lat' dir='ltr'><strong>in</strong></span> <span class='ocrx_word' id='word_1_187' title='bbox 2297 1192 2747 1249; x_wconf 80' lang='lat' dir='ltr'><strong>unamquamque</strong></span> <span class='ocrx_word' id='word_1_188' title='bbox 2775 1181 2901 1237; x_wconf 76' lang='lat' dir='ltr'><strong>cteli</strong></span> <span class='ocrx_word' id='word_1_189' title='bbox 2937 1182 3214 1252; x_wconf 73' lang='lat' dir='ltr'><strong>regionem</strong></span> <span class='ocrx_word' id='word_1_190' title='bbox 3264 1182 3332 1237; x_wconf 89' lang='lat' dir='ltr'><strong>ab</strong></span> <span class='ocrx_word' id='word_1_191' title='bbox 3371 1196 3465 1237; x_wconf 83' lang='lat' dir='ltr'><strong>ea-</strong></span> 
     </span>
    </p>
   </div>
   <div class='ocr_carea' id='block_1_27' title="bbox 1890 1268 3462 1343">
    <p class='ocr_par' dir='ltr' id='par_1_27' title="bbox 1890 1268 3462 1343">
     <span class='ocr_line' id='line_1_27' title="bbox 1890 1268 3462 1343; baseline 0.006 -22"><span class='ocrx_word' id='word_1_192' title='bbox 1890 1269 2012 1322; x_wconf 86' lang='lat' dir='ltr'><strong>dem</strong></span> <span class='ocrx_word' id='word_1_193' title='bbox 2059 1268 2189 1323; x_wconf 81' lang='lat' dir='ltr'><strong>sede</strong></span> <span class='ocrx_word' id='word_1_194' title='bbox 2236 1277 2382 1325; x_wconf 88' lang='lat' dir='ltr'><strong>mota</strong></span> <span class='ocrx_word' id='word_1_195' title='bbox 2432 1268 2597 1326; x_wconf 86' lang='lat' dir='ltr'><strong>facile</strong></span> <span class='ocrx_word' id='word_1_196' title='bbox 2646 1271 2847 1328; x_wconf 79' lang='lat' dir='ltr'><strong>fertur.</strong></span> <span class='ocrx_word' id='word_1_197' title='bbox 2892 1274 3073 1343; x_wconf 82' lang='lat' dir='ltr'><strong>Atque</strong></span> <span class='ocrx_word' id='word_1_198' title='bbox 3119 1275 3225 1330; x_wconf 91' lang='lat' dir='ltr'><strong>hoc</strong></span> <span class='ocrx_word' id='word_1_199' title='bbox 3272 1275 3462 1331; x_wconf 83' lang='lat' dir='ltr'><strong>itidem</strong></span> 
     </span>
    </p>
   </div>
   <div class='ocr_carea' id='block_1_28' title="bbox 1890 1354 3467 1432">
    <p class='ocr_par' dir='ltr' id='par_1_28' title="bbox 1890 1354 3467 1432">
     <span class='ocr_line' id='line_1_28' title="bbox 1890 1354 3467 1432; baseline 0.006 -22"><span class='ocrx_word' id='word_1_200' title='bbox 1890 1354 2058 1410; x_wconf 76' lang='lat' dir='ltr'><strong>Deum</strong></span> <span class='ocrx_word' id='word_1_201' title='bbox 2091 1357 2295 1426; x_wconf 83' lang='lat' dir='ltr'><strong>ubique</strong></span> <span class='ocrx_word' id='word_1_202' title='bbox 2328 1367 2653 1428; x_wconf 71' lang='lat' dir='ltr'><strong>praesentem</strong></span> <span class='ocrx_word' id='word_1_203' title='bbox 2687 1376 2812 1418; x_wconf 85' lang='lat' dir='ltr'><strong>esse</strong></span> <span class='ocrx_word' id='word_1_204' title='bbox 2844 1363 3155 1432; x_wconf 84' lang='lat' dir='ltr'><strong>signiﬁcat,</strong></span> <span class='ocrx_word' id='word_1_205' title='bbox 3191 1364 3279 1420; x_wconf 87' lang='lat' dir='ltr'><strong>his</strong></span> <span class='ocrx_word' id='word_1_206' title='bbox 3310 1380 3467 1420; x_wconf 87' lang='lat' dir='ltr'><strong>cras-</strong></span> 
     </span>
    </p>
   </div>
   <div class='ocr_carea' id='block_1_29' title="bbox 1889 1448 3466 1525">
    <p class='ocr_par' dir='ltr' id='par_1_29' title="bbox 1889 1448 3466 1525">
     <span class='ocr_line' id='line_1_29' title="bbox 1889 1448 3466 1525; baseline 0.006 -23"><span class='ocrx_word' id='word_1_207' title='bbox 1889 1448 2008 1503; x_wconf 85' lang='lat' dir='ltr'><strong>sius</strong></span> <span class='ocrx_word' id='word_1_208' title='bbox 2030 1490 2044 1513; x_wconf 91' lang='lat'><strong>,</strong></span> <span class='ocrx_word' id='word_1_209' title='bbox 2078 1458 2305 1519; x_wconf 83' lang='lat' dir='ltr'><strong>propter</strong></span> <span class='ocrx_word' id='word_1_210' title='bbox 2347 1450 2646 1508; x_wconf 82' lang='lat' dir='ltr'><strong>humanam</strong></span> <span class='ocrx_word' id='word_1_211' title='bbox 2673 1455 3113 1509; x_wconf 88' lang='lat' dir='ltr'><strong>imbecillitatem</strong></span> <span class='ocrx_word' id='word_1_212' title='bbox 3138 1493 3154 1518; x_wconf 93' lang='lat'><strong>,</strong></span> <span class='ocrx_word' id='word_1_213' title='bbox 3203 1464 3257 1511; x_wconf 90' lang='lat' dir='ltr'><strong>et</strong></span> <span class='ocrx_word' id='word_1_214' title='bbox 3289 1456 3466 1525; x_wconf 86' lang='lat' dir='ltr'><strong>magis</strong></span> 
     </span>
    </p>
   </div>
   <div class='ocr_carea' id='block_1_30' title="bbox 1888 1540 3462 1614">
    <p class='ocr_par' dir='ltr' id='par_1_30' title="bbox 1888 1540 3462 1614">
     <span class='ocr_line' id='line_1_30' title="bbox 1888 1540 3462 1614; baseline 0.006 -23"><span class='ocrx_word' id='word_1_215' title='bbox 1888 1553 2158 1609; x_wconf 80' lang='lat' dir='ltr'><strong>corporeo</strong></span> <span class='ocrx_word' id='word_1_216' title='bbox 2179 1540 2346 1594; x_wconf 83' lang='lat' dir='ltr'><strong>modo</strong></span> <span class='ocrx_word' id='word_1_217' title='bbox 2371 1543 2685 1612; x_wconf 81' lang='lat' dir='ltr'><strong>conspectis</strong></span> <span class='ocrx_word' id='word_1_218' title='bbox 2711 1561 2725 1597; x_wconf 90' lang='lat'>:</span> <span class='ocrx_word' id='word_1_219' title='bbox 2750 1561 2768 1593; x_wconf 85' lang='grc' dir='ltr'><strong>ι</strong></span> <span class='ocrx_word' id='word_1_220' title='bbox 2794 1543 2859 1599; x_wconf 86' lang='lat' dir='ltr'><strong>Et</strong></span> <span class='ocrx_word' id='word_1_221' title='bbox 2880 1543 3024 1608; x_wconf 89' lang='lat' dir='ltr'><strong>vidi,</strong></span> <span class='ocrx_word' id='word_1_222' title='bbox 3048 1544 3263 1614; x_wconf 88' lang='lat' dir='ltr'><strong>inquit,</strong></span> <span class='ocrx_word' id='word_1_223' title='bbox 3289 1545 3462 1614; x_wconf 86' lang='lat' dir='ltr'><strong>ipsas,</strong></span> 
     </span>
    </p>
   </div>
   <div class='ocr_carea' id='block_1_31' title="bbox 1886 1631 3461 1706">
    <p class='ocr_par' dir='ltr' id='par_1_31' title="bbox 1886 1631 3461 1706">
     <span class='ocr_line' id='line_1_31' title="bbox 1886 1631 3461 1706; baseline 0.003 -20"><span class='ocrx_word' id='word_1_224' title='bbox 1886 1637 1941 1686; x_wconf 89' lang='lat' dir='ltr'><strong>et</strong></span> <span class='ocrx_word' id='word_1_225' title='bbox 1984 1644 2111 1687; x_wconf 86' lang='lat' dir='ltr'><strong>ecce</strong></span> <span class='ocrx_word' id='word_1_226' title='bbox 2153 1631 2318 1693; x_wconf 80' lang='lat' dir='ltr'><strong>dorsa</strong></span> <span class='ocrx_word' id='word_1_227' title='bbox 2366 1633 2610 1702; x_wconf 86' lang='lat' dir='ltr'><strong>ipsarum</strong></span> <span class='ocrx_word' id='word_1_228' title='bbox 2657 1634 2816 1706; x_wconf 87' lang='lat' dir='ltr'><strong>plena</strong></span> <span class='ocrx_word' id='word_1_229' title='bbox 2861 1635 3073 1700; x_wconf 89' lang='lat' dir='ltr'><strong>oculis,</strong></span> <span class='ocrx_word' id='word_1_230' title='bbox 3120 1634 3174 1691; x_wconf 92' lang='lat' dir='ltr'><strong>in</strong></span> <span class='ocrx_word' id='word_1_231' title='bbox 3223 1634 3461 1695; x_wconf 86' lang='lat' dir='ltr'><strong>circuitu</strong></span> 
     </span>
    </p>
   </div>
   <div class='ocr_carea' id='block_1_32' title="bbox 1887 1724 2441 1792">
    <p class='ocr_par' dir='ltr' id='par_1_32' title="bbox 1887 1724 2441 1792">
     <span class='ocr_line' id='line_1_32' title="bbox 1887 1724 2441 1792; baseline 0 -14"><span class='ocrx_word' id='word_1_232' title='bbox 1887 1729 2122 1792; x_wconf 83' lang='lat' dir='ltr'><strong>quatuor</strong></span> <span class='ocrx_word' id='word_1_233' title='bbox 2155 1724 2392 1779; x_wconf 85' lang='lat' dir='ltr'><strong>illorum.</strong></span> <span class='ocrx_word' id='word_1_234' title='bbox 2421 1744 2441 1778; x_wconf 76' lang='grc' dir='ltr'><strong>ι</strong></span> 
     </span>
    </p>
   </div>
   <div class='ocr_carea' id='block_1_33' title="bbox 276 1793 1783 1890">
    <p class='ocr_par' dir='ltr' id='par_1_33' title="bbox 276 1793 1783 1872">
     <span class='ocr_line' id='line_1_33' title="bbox 276 1793 1783 1872; baseline 0.008 -24"><span class='ocrx_word' id='word_1_235' title='bbox 276 1793 477 1849; x_wconf 87' lang='grc' dir='ltr'>ιθόκα’.</span> <span class='ocrx_word' id='word_1_236' title='bbox 518 1796 624 1850; x_wconf 83' lang='lat' dir='ltr'><strong>Kal</strong></span> <span class='ocrx_word' id='word_1_237' title='bbox 656 1797 728 1850; x_wconf 79' lang='grc' dir='ltr'>ἐν</span> <span class='ocrx_word' id='word_1_238' title='bbox 750 1797 831 1864; x_wconf 83' lang='grc' dir='ltr'>τῷ</span> <span class='ocrx_word' id='word_1_239' title='bbox 868 1799 1230 1867; x_wconf 75' lang='grc' dir='ltr'>πορεύεσθαι</span> <span class='ocrx_word' id='word_1_240' title='bbox 1261 1802 1333 1857; x_wconf 82' lang='grc' dir='ltr'>τὰ</span> <span class='ocrx_word' id='word_1_241' title='bbox 1370 1800 1502 1869; x_wconf 70' lang='grc' dir='ltr'>ζῶα,</span> <span class='ocrx_word' id='word_1_242' title='bbox 1541 1803 1783 1872; x_wconf 77' lang='grc' dir='ltr'>ἐπορεύ-</span> 
     </span>
    </p>
   </div>
   <div class='ocr_carea' id='block_1_34' title="bbox 1888 1793 3466 1890">
    <p class='ocr_par' dir='ltr' id='par_1_34' title="bbox 1962 1812 3466 1890">
     <span class='ocr_line' id='line_1_34' title="bbox 1962 1812 3466 1890; baseline 0.002 -24"><span class='ocrx_word' id='word_1_243' title='bbox 1962 1812 2131 1873; x_wconf 70' lang='lat' dir='ltr'><strong>Vstts.</strong></span> <span class='ocrx_word' id='word_1_244' title='bbox 2174 1812 2366 1873; x_wconf 69' lang='lat'><strong>19-21.</strong></span> <span class='ocrx_word' id='word_1_245' title='bbox 2404 1812 2474 1890; x_wconf 68' lang='lat' dir='ltr'><strong>Et</strong></span> <span class='ocrx_word' id='word_1_246' title='bbox 2508 1831 2627 1869; x_wconf 80' lang='lat' dir='ltr'><strong>cum</strong></span> <span class='ocrx_word' id='word_1_247' title='bbox 2659 1815 2994 1872; x_wconf 70' lang='lat' dir='ltr'><strong>ambularent</strong></span> <span class='ocrx_word' id='word_1_248' title='bbox 3021 1815 3318 1879; x_wconf 77' lang='lat' dir='ltr'><strong>animalia,</strong></span> <span class='ocrx_word' id='word_1_249' title='bbox 3357 1832 3466 1869; x_wconf 85' lang='lat' dir='ltr'><strong>am-</strong></span> 
     </span>
    </p>
   </div>
   <div class='ocr_carea' id='block_1_35' title="bbox 208 1888 1791 1963">
    <p class='ocr_par' dir='ltr' id='par_1_35' title="bbox 208 1888 1791 1963">
     <span class='ocr_line' id='line_1_35' title="bbox 208 1888 1791 1963; baseline 0.004 -22"><span class='ocrx_word' id='word_1_250' title='bbox 208 1903 339 1941; x_wconf 73' lang='grc' dir='ltr'>οντο</span> <span class='ocrx_word' id='word_1_251' title='bbox 368 1890 425 1941; x_wconf 89' lang='lat' dir='ltr'><strong>ol</strong></span> <span class='ocrx_word' id='word_1_252' title='bbox 448 1888 651 1956; x_wconf 77' lang='grc' dir='ltr'>τροχοὶ</span> <span class='ocrx_word' id='word_1_253' title='bbox 676 1888 947 1958; x_wconf 82' lang='grc' dir='ltr'>ἐχόμενοι</span> <span class='ocrx_word' id='word_1_254' title='bbox 971 1889 1189 1956; x_wconf 78' lang='grc' dir='ltr'>αὐτῶν,</span> <span class='ocrx_word' id='word_1_255' title='bbox 1215 1893 1313 1946; x_wconf 79' lang='grc' dir='ltr'>καὶ</span> <span class='ocrx_word' id='word_1_256' title='bbox 1334 1893 1404 1946; x_wconf 80' lang='grc' dir='ltr'>ἐν</span> <span class='ocrx_word' id='word_1_257' title='bbox 1429 1893 1507 1960; x_wconf 84' lang='grc' dir='ltr'>τῷ</span> <span class='ocrx_word' id='word_1_258' title='bbox 1527 1894 1791 1963; x_wconf 77' lang='grc' dir='ltr'>ἐξαίρειν</span> 
     </span>
    </p>
   </div>
   <div class='ocr_carea' id='block_1_36' title="bbox 208 1977 1789 2052">
    <p class='ocr_par' dir='ltr' id='par_1_36' title="bbox 208 1977 1789 2052">
     <span class='ocr_line' id='line_1_36' title="bbox 208 1977 1789 2052; baseline 0.004 -22"><span class='ocrx_word' id='word_1_259' title='bbox 208 1978 275 2032; x_wconf 83' lang='grc' dir='ltr'>τὰ</span> <span class='ocrx_word' id='word_1_260' title='bbox 298 1977 410 2038; x_wconf 82' lang='grc' dir='ltr'>ζῶα</span> <span class='ocrx_word' id='word_1_261' title='bbox 440 1978 561 2033; x_wconf 81' lang='grc' dir='ltr'><strong>ἀπὸ</strong></span> <span class='ocrx_word' id='word_1_262' title='bbox 607 1978 716 2046; x_wconf 84' lang='grc' dir='ltr'>τῆς</span> <span class='ocrx_word' id='word_1_263' title='bbox 747 1977 879 2049; x_wconf 79' lang='grc' dir='ltr'>γῆς,</span> <span class='ocrx_word' id='word_1_264' title='bbox 915 1981 1202 2049; x_wconf 77' lang='grc' dir='ltr'>ἐξῄροντο</span> <span class='ocrx_word' id='word_1_265' title='bbox 1240 1984 1294 2036; x_wconf 79' lang='grc' dir='ltr'>οἱ</span> <span class='ocrx_word' id='word_1_266' title='bbox 1327 1986 1552 2052; x_wconf 80' lang='grc' dir='ltr'>τροχοί.</span> <span class='ocrx_word' id='word_1_267' title='bbox 1588 1981 1670 2041; x_wconf 85' lang='grc' dir='ltr'><strong>Οὗ</strong></span> <span class='ocrx_word' id='word_1_268' title='bbox 1709 1985 1789 2042; x_wconf 74' lang='grc' dir='ltr'>ἂν</span> 
     </span>
    </p>
   </div>
   <div class='ocr_carea' id='block_1_37' title="bbox 205 2065 1788 2153">
    <p class='ocr_par' dir='ltr' id='par_1_37' title="bbox 205 2065 1788 2153">
     <span class='ocr_line' id='line_1_37' title="bbox 205 2065 1788 2153; baseline 0.006 -31"><span class='ocrx_word' id='word_1_269' title='bbox 205 2065 280 2140; x_wconf 79' lang='grc' dir='ltr'>ἦν</span> <span class='ocrx_word' id='word_1_270' title='bbox 305 2071 341 2137; x_wconf 79' lang='grc' dir='ltr'><em>ἡ</em></span> <span class='ocrx_word' id='word_1_271' title='bbox 370 2070 625 2139; x_wconf 68' lang='grc' dir='ltr'>νεφέλη,</span> <span class='ocrx_word' id='word_1_272' title='bbox 651 2070 782 2125; x_wconf 80' lang='grc' dir='ltr'>ἐκεῖ</span> <span class='ocrx_word' id='word_1_273' title='bbox 806 2070 970 2142; x_wconf 77' lang='grc' dir='ltr'>ὥρμα</span> <span class='ocrx_word' id='word_1_274' title='bbox 986 2073 1033 2153; x_wconf 48' lang='grc' dir='ltr'><strong>’ἦ</strong></span> <span class='ocrx_word' id='word_1_275' title='bbox 1060 2074 1127 2127; x_wconf 89' lang='grc' dir='ltr'>τὸ</span> <span class='ocrx_word' id='word_1_276' title='bbox 1155 2074 1390 2145; x_wconf 79' lang='grc' dir='ltr'>πνεῦμα</span> <span class='ocrx_word' id='word_1_277' title='bbox 1413 2077 1517 2131; x_wconf 83' lang='grc' dir='ltr'>τοῦ</span> <span class='ocrx_word' id='word_1_278' title='bbox 1551 2079 1788 2145; x_wconf 75' lang='grc' dir='ltr'>πορεύε.</span> 
     </span>
    </p>
   </div>
   <div class='ocr_carea' id='block_1_38' title="bbox 204 2154 1787 2240">
    <p class='ocr_par' dir='ltr' id='par_1_38' title="bbox 204 2154 1787 2240">
     <span class='ocr_line' id='line_1_38' title="bbox 204 2154 1787 2240; baseline 0.003 -20"><span class='ocrx_word' id='word_1_279' title='bbox 204 2154 367 2221; x_wconf 68' lang='grc' dir='ltr'>σθαι·</span> <span class='ocrx_word' id='word_1_280' title='bbox 402 2167 763 2235; x_wconf 77' lang='grc' dir='ltr'>ἐπορεύοντο</span> <span class='ocrx_word' id='word_1_281' title='bbox 791 2167 863 2223; x_wconf 84' lang='grc' dir='ltr'>τὰ</span> <span class='ocrx_word' id='word_1_282' title='bbox 882 2168 927 2199; x_wconf 72' lang='grc'><strong>’⁸</strong></span> <span class='ocrx_word' id='word_1_283' title='bbox 951 2165 1084 2231; x_wconf 78' lang='grc' dir='ltr'>ζῶα,</span> <span class='ocrx_word' id='word_1_284' title='bbox 1120 2170 1217 2222; x_wconf 78' lang='grc' dir='ltr'>καὶ</span> <span class='ocrx_word' id='word_1_285' title='bbox 1242 2172 1294 2223; x_wconf 92' lang='lat' dir='ltr'><strong>ol</strong></span> <span class='ocrx_word' id='word_1_286' title='bbox 1342 2168 1543 2239; x_wconf 77' lang='grc' dir='ltr'>τροχοὶ</span> <span class='ocrx_word' id='word_1_287' title='bbox 1569 2171 1787 2240; x_wconf 70' lang='grc' dir='ltr'>ᾔροντο</span> 
     </span>
    </p>
   </div>
   <div class='ocr_carea' id='block_1_39' title="bbox 204 2257 1782 2331">
    <p class='ocr_par' dir='ltr' id='par_1_39' title="bbox 204 2257 1782 2331">
     <span class='ocr_line' id='line_1_39' title="bbox 204 2257 1782 2331; baseline 0.003 -18"><span class='ocrx_word' id='word_1_288' title='bbox 204 2257 321 2313; x_wconf 79' lang='grc' dir='ltr'>σὺν</span> <span class='ocrx_word' id='word_1_289' title='bbox 340 2258 571 2324; x_wconf 81' lang='grc' dir='ltr'>αὐτοῖς,</span> <span class='ocrx_word' id='word_1_290' title='bbox 598 2257 749 2313; x_wconf 82' lang='grc' dir='ltr'>διότι</span> <span class='ocrx_word' id='word_1_291' title='bbox 769 2259 1005 2328; x_wconf 78' lang='grc' dir='ltr'>πνεῦμα</span> <span class='ocrx_word' id='word_1_292' title='bbox 1030 2259 1178 2328; x_wconf 80' lang='grc' dir='ltr'>ζωῆς</span> <span class='ocrx_word' id='word_1_293' title='bbox 1194 2257 1273 2330; x_wconf 83' lang='grc' dir='ltr'>ἦν</span> <span class='ocrx_word' id='word_1_294' title='bbox 1297 2260 1367 2317; x_wconf 79' lang='grc' dir='ltr'>ἐν</span> <span class='ocrx_word' id='word_1_295' title='bbox 1384 2261 1508 2328; x_wconf 84' lang='grc' dir='ltr'>τοῖς</span> <span class='ocrx_word' id='word_1_296' title='bbox 1527 2263 1782 2331; x_wconf 83' lang='grc' dir='ltr'>τροχοῖς.</span> 
     </span>
    </p>
   </div>
   <div class='ocr_carea' id='block_1_40' title="bbox 213 2349 1784 2419">
    <p class='ocr_par' dir='ltr' id='par_1_40' title="bbox 213 2349 1784 2419">
     <span class='ocr_line' id='line_1_40' title="bbox 213 2349 1784 2419; baseline 0.003 -16"><span class='ocrx_word' id='word_1_297' title='bbox 213 2350 309 2403; x_wconf 79' lang='grc' dir='ltr'><strong>Ἐν</strong></span> <span class='ocrx_word' id='word_1_298' title='bbox 341 2349 424 2416; x_wconf 80' lang='grc' dir='ltr'>τῷ</span> <span class='ocrx_word' id='word_1_299' title='bbox 455 2350 819 2418; x_wconf 71' lang='grc' dir='ltr'>πορεύεσθαι</span> <span class='ocrx_word' id='word_1_300' title='bbox 864 2350 1017 2409; x_wconf 84' lang='grc' dir='ltr'>αὐτὰ</span> <span class='ocrx_word' id='word_1_301' title='bbox 1047 2350 1426 2419; x_wconf 82' lang='grc' dir='ltr'>ἐπορεύοντο,</span> <span class='ocrx_word' id='word_1_302' title='bbox 1460 2353 1559 2406; x_wconf 79' lang='grc' dir='ltr'>καὶ</span> <span class='ocrx_word' id='word_1_303' title='bbox 1591 2352 1661 2406; x_wconf 83' lang='grc' dir='ltr'>ἐν</span> <span class='ocrx_word' id='word_1_304' title='bbox 1703 2352 1784 2419; x_wconf 86' lang='grc' dir='ltr'>τῷ</span> 
     </span>
    </p>
   </div>
   <div class='ocr_carea' id='block_1_41' title="bbox 203 2441 1785 2513">
    <p class='ocr_par' dir='ltr' id='par_1_41' title="bbox 203 2441 1785 2513">
     <span class='ocr_line' id='line_1_41' title="bbox 203 2441 1785 2513; baseline 0.003 -19"><span class='ocrx_word' id='word_1_305' title='bbox 203 2441 448 2497; x_wconf 77' lang='grc' dir='ltr'>ἑστάναι</span> <span class='ocrx_word' id='word_1_306' title='bbox 480 2442 634 2497; x_wconf 83' lang='grc' dir='ltr'>αὐτὰ</span> <span class='ocrx_word' id='word_1_307' title='bbox 671 2443 1082 2509; x_wconf 78' lang='grc' dir='ltr'>είστήκεισαν,</span> <span class='ocrx_word' id='word_1_308' title='bbox 1124 2443 1223 2497; x_wconf 76' lang='grc' dir='ltr'>καὶ</span> <span class='ocrx_word' id='word_1_309' title='bbox 1271 2444 1340 2496; x_wconf 82' lang='grc' dir='ltr'>ὲν</span> <span class='ocrx_word' id='word_1_310' title='bbox 1391 2443 1471 2510; x_wconf 84' lang='grc' dir='ltr'>τῷ</span> <span class='ocrx_word' id='word_1_311' title='bbox 1524 2444 1785 2513; x_wconf 78' lang='grc' dir='ltr'>ἐξαίρειν</span> 
     </span>
    </p>
   </div>
   <div class='ocr_carea' id='block_1_42' title="bbox 202 2531 1784 2604">
    <p class='ocr_par' dir='ltr' id='par_1_42' title="bbox 202 2531 1784 2604">
     <span class='ocr_line' id='line_1_42' title="bbox 202 2531 1784 2604; baseline 0.003 -18"><span class='ocrx_word' id='word_1_312' title='bbox 202 2531 351 2588; x_wconf 78' lang='grc' dir='ltr'>αὐτὰ</span> <span class='ocrx_word' id='word_1_313' title='bbox 387 2533 510 2588; x_wconf 77' lang='grc' dir='ltr'><strong>ἀπὸ</strong></span> <span class='ocrx_word' id='word_1_314' title='bbox 564 2532 675 2602; x_wconf 81' lang='grc' dir='ltr'>τῆς</span> <span class='ocrx_word' id='word_1_315' title='bbox 719 2532 833 2604; x_wconf 76' lang='grc' dir='ltr'>γῆς</span> <span class='ocrx_word' id='word_1_316' title='bbox 887 2533 1175 2603; x_wconf 78' lang='grc' dir='ltr'>ἐξῄροντο</span> <span class='ocrx_word' id='word_1_317' title='bbox 1225 2534 1348 2588; x_wconf 84' lang='grc' dir='ltr'><strong>σὺν</strong></span> <span class='ocrx_word' id='word_1_318' title='bbox 1404 2536 1642 2602; x_wconf 82' lang='grc' dir='ltr'>αὐτοῖς,</span> <span class='ocrx_word' id='word_1_319' title='bbox 1694 2535 1784 2590; x_wconf 84' lang='grc' dir='ltr'>ὅτι</span> 
     </span>
    </p>
   </div>
   <div class='ocr_carea' id='block_1_43' title="bbox 201 2619 1783 2695">
    <p class='ocr_par' dir='ltr' id='par_1_43' title="bbox 201 2619 1783 2695">
     <span class='ocr_line' id='line_1_43' title="bbox 201 2619 1783 2695; baseline 0 -18"><span class='ocrx_word' id='word_1_320' title='bbox 201 2623 439 2693; x_wconf 72' lang='grc' dir='ltr'>πνεῦμα</span> <span class='ocrx_word' id='word_1_321' title='bbox 477 2622 628 2691; x_wconf 81' lang='grc' dir='ltr'>ζωῆς</span> <span class='ocrx_word' id='word_1_322' title='bbox 671 2619 751 2695; x_wconf 80' lang='grc' dir='ltr'><strong>ἦν</strong></span> <span class='ocrx_word' id='word_1_323' title='bbox 774 2623 845 2677; x_wconf 76' lang='grc' dir='ltr'><strong>ἐν</strong></span> <span class='ocrx_word' id='word_1_324' title='bbox 884 2622 1009 2689; x_wconf 86' lang='grc' dir='ltr'>τοῖς</span> <span class='ocrx_word' id='word_1_325' title='bbox 1060 2623 1316 2691; x_wconf 84' lang='grc' dir='ltr'>τροχοῖς.</span> <span class='ocrx_word' id='word_1_326' title='bbox 1376 2624 1547 2678; x_wconf 81' lang='grc' dir='ltr'>Τοῦτο</span> <span class='ocrx_word' id='word_1_327' title='bbox 1599 2625 1783 2693; x_wconf 82' lang='grc' dir='ltr'>σαφῶς</span> 
     </span>
    </p>
   </div>
   <div class='ocr_carea' id='block_1_44' title="bbox 202 2714 1783 2789">
    <p class='ocr_par' dir='ltr' id='par_1_44' title="bbox 202 2714 1783 2789">
     <span class='ocr_line' id='line_1_44' title="bbox 202 2714 1783 2789; baseline 0.001 -20"><span class='ocrx_word' id='word_1_328' title='bbox 202 2716 346 2787; x_wconf 69' lang='grc' dir='ltr'>ἡμᾶς</span> <span class='ocrx_word' id='word_1_329' title='bbox 393 2718 423 2769; x_wconf 85' lang='grc' dir='ltr'><strong><em>ὁ</em></strong></span> <span class='ocrx_word' id='word_1_330' title='bbox 470 2717 741 2788; x_wconf 82' lang='grc' dir='ltr'>μακάριος</span> <span class='ocrx_word' id='word_1_331' title='bbox 789 2714 1033 2771; x_wconf 83' lang='grc' dir='ltr'><strong>διδάσκει</strong></span> <span class='ocrx_word' id='word_1_332' title='bbox 1085 2715 1331 2782; x_wconf 82' lang='grc' dir='ltr'>Παῦλος,</span> <span class='ocrx_word' id='word_1_333' title='bbox 1376 2717 1487 2771; x_wconf 89' lang='grc' dir='ltr'><strong>τῶν</strong></span> <span class='ocrx_word' id='word_1_334' title='bbox 1537 2718 1783 2789; x_wconf 83' lang='grc' dir='ltr'>ἀοράτων</span> 
     </span>
    </p>
   </div>
   <div class='ocr_carea' id='block_1_45' title="bbox 202 2805 1783 2878">
    <p class='ocr_par' dir='ltr' id='par_1_45' title="bbox 202 2805 1783 2878">
     <span class='ocr_line' id='line_1_45' title="bbox 202 2805 1783 2878; baseline 0.001 -19"><span class='ocrx_word' id='word_1_335' title='bbox 202 2805 417 2874; x_wconf 81' lang='grc' dir='ltr'>φύσεων</span> <span class='ocrx_word' id='word_1_336' title='bbox 470 2807 788 2874; x_wconf 79' lang='grc' dir='ltr'>καταλέγων</span> <span class='ocrx_word' id='word_1_337' title='bbox 834 2806 903 2861; x_wconf 79' lang='grc' dir='ltr'>τὰ</span> <span class='ocrx_word' id='word_1_338' title='bbox 951 2806 1205 2878; x_wconf 81' lang='grc' dir='ltr'>τάγματα</span> <span class='ocrx_word' id='word_1_339' title='bbox 1269 2807 1364 2861; x_wconf 67' lang='grc' dir='ltr'><strong>καὶ</strong></span> <span class='ocrx_word' id='word_1_340' title='bbox 1425 2811 1547 2871; x_wconf 84' lang='grc' dir='ltr'>ταῖς</span> <span class='ocrx_word' id='word_1_341' title='bbox 1596 2807 1783 2871; x_wconf 75' lang='grc' dir='ltr'>ἄλλαις</span> 
     </span>
    </p>
   </div>
   <div class='ocr_carea' id='block_1_46' title="bbox 199 2897 1781 2969">
    <p class='ocr_par' dir='ltr' id='par_1_46' title="bbox 199 2897 1781 2969">
     <span class='ocr_line' id='line_1_46' title="bbox 199 2897 1781 2969; baseline 0 -17"><span class='ocrx_word' id='word_1_342' title='bbox 199 2897 464 2968; x_wconf 79' lang='grc' dir='ltr'>δυνάμεσι</span> <span class='ocrx_word' id='word_1_343' title='bbox 497 2899 594 2952; x_wconf 75' lang='grc' dir='ltr'><strong>καὶ</strong></span> <span class='ocrx_word' id='word_1_344' title='bbox 611 2897 845 2969; x_wconf 66' lang='grc' dir='ltr'>Θρόγους</span> <span class='ocrx_word' id='word_1_345' title='bbox 874 2899 1027 2964; x_wconf 79' lang='grc' dir='ltr'>τινὰς</span> <span class='ocrx_word' id='word_1_346' title='bbox 1071 2899 1527 2968; x_wconf 85' lang='grc' dir='ltr'>συγκατατάττων</span> <span class='ocrx_word' id='word_1_347' title='bbox 1544 2900 1609 2953; x_wconf 78' lang='grc'><strong>’⁷.</strong></span> <span class='ocrx_word' id='word_1_348' title='bbox 1638 2918 1657 2952; x_wconf 80' lang='grc' dir='ltr'><strong>ι</strong></span> <span class='ocrx_word' id='word_1_349' title='bbox 1694 2900 1781 2952; x_wconf 83' lang='grc' dir='ltr'>Ἐν</span> 
     </span>
    </p>
   </div>
   <div class='ocr_carea' id='block_1_47' title="bbox 199 2989 1777 3062">
    <p class='ocr_par' dir='ltr' id='par_1_47' title="bbox 199 2989 1777 3062">
     <span class='ocr_line' id='line_1_47' title="bbox 199 2989 1777 3062; baseline -0.002 -17"><span class='ocrx_word' id='word_1_350' title='bbox 199 2989 344 3061; x_wconf 84' lang='grc' dir='ltr'>αύτῷ</span> <span class='ocrx_word' id='word_1_351' title='bbox 372 2989 508 3062; x_wconf 77' lang='grc' dir='ltr'>γὰρ,</span> <span class='ocrx_word' id='word_1_352' title='bbox 540 2990 728 3060; x_wconf 82' lang='grc' dir='ltr'>φησὶν,</span> <span class='ocrx_word' id='word_1_353' title='bbox 768 2989 991 3062; x_wconf 87' lang='grc' dir='ltr'>ἐκτίσθη</span> <span class='ocrx_word' id='word_1_354' title='bbox 1029 2990 1101 3045; x_wconf 81' lang='grc' dir='ltr'>τὰ</span> <span class='ocrx_word' id='word_1_355' title='bbox 1143 2990 1320 3044; x_wconf 87' lang='grc' dir='ltr'>πάντα</span> <span class='ocrx_word' id='word_1_356' title='bbox 1348 3008 1361 3020; x_wconf 90' lang='grc'><strong>·</strong></span> <span class='ocrx_word' id='word_1_357' title='bbox 1402 2989 1669 3053; x_wconf 80' lang='grc' dir='ltr'>τουτέστι,</span> <span class='ocrx_word' id='word_1_358' title='bbox 1719 2992 1777 3043; x_wconf 87' lang='grc' dir='ltr'>ἐν</span> 
     </span>
    </p>
   </div>
   <div class='ocr_carea' id='block_1_48' title="bbox 201 3079 1779 3153">
    <p class='ocr_par' dir='ltr' id='par_1_48' title="bbox 201 3079 1779 3153">
     <span class='ocr_line' id='line_1_48' title="bbox 201 3079 1779 3153; baseline -0.001 -18"><span class='ocrx_word' id='word_1_359' title='bbox 201 3081 279 3153; x_wconf 81' lang='grc' dir='ltr'>τῷ</span> <span class='ocrx_word' id='word_1_360' title='bbox 305 3081 535 3153; x_wconf 85' lang='grc' dir='ltr'>Χριστῷ</span> <span class='ocrx_word' id='word_1_361' title='bbox 561 3097 575 3111; x_wconf 78' lang='grc'><strong><em>⁸</em></strong></span> <span class='ocrx_word' id='word_1_362' title='bbox 606 3079 717 3135; x_wconf 78' lang='grc' dir='ltr'>εἴτε</span> <span class='ocrx_word' id='word_1_363' title='bbox 736 3080 782 3113; x_wconf 68' lang='grc'><strong>’⁸</strong></span> <span class='ocrx_word' id='word_1_364' title='bbox 810 3079 1002 3152; x_wconf 81' lang='grc' dir='ltr'>ὁρατὰ,</span> <span class='ocrx_word' id='word_1_365' title='bbox 1030 3080 1139 3136; x_wconf 84' lang='grc' dir='ltr'>είτε</span> <span class='ocrx_word' id='word_1_366' title='bbox 1168 3082 1399 3143; x_wconf 83' lang='grc' dir='ltr'>ἀόρατα,</span> <span class='ocrx_word' id='word_1_367' title='bbox 1428 3082 1536 3134; x_wconf 74' lang='grc' dir='ltr'>εἴτε</span> <span class='ocrx_word' id='word_1_368' title='bbox 1568 3080 1779 3152; x_wconf 79' lang='grc' dir='ltr'>Θρόνοι,</span> 
     </span>
    </p>
   </div>
   <div class='ocr_carea' id='block_1_49' title="bbox 198 3154 1782 3244">
    <p class='ocr_par' dir='ltr' id='par_1_49' title="bbox 198 3154 1782 3244">
     <span class='ocr_line' id='line_1_49' title="bbox 198 3154 1782 3244; baseline 0 -16"><span class='ocrx_word' id='word_1_369' title='bbox 198 3154 631 3241; x_wconf 70' lang='grc' dir='ltr'>εῖτεἚξουσίαι,</span> <span class='ocrx_word' id='word_1_370' title='bbox 649 3174 760 3228; x_wconf 87' lang='grc' dir='ltr'>είτε</span> <span class='ocrx_word' id='word_1_371' title='bbox 779 3173 1056 3243; x_wconf 74' lang='grc' dir='ltr'>Ἄγγελοι,</span> <span class='ocrx_word' id='word_1_372' title='bbox 1075 3175 1184 3227; x_wconf 76' lang='grc' dir='ltr'>εἴτε</span> <span class='ocrx_word' id='word_1_373' title='bbox 1210 3174 1499 3244; x_wconf 83' lang='grc' dir='ltr'>Δυνάμεις·</span> <span class='ocrx_word' id='word_1_374' title='bbox 1522 3173 1697 3227; x_wconf 84' lang='grc' dir='ltr'>πάντα</span> <span class='ocrx_word' id='word_1_375' title='bbox 1724 3174 1782 3228; x_wconf 80' lang='grc' dir='ltr'>ἐν</span> 
     </span>
    </p>
   </div>
   <div class='ocr_carea' id='block_1_50' title="bbox 198 3264 1784 3338">
    <p class='ocr_par' dir='ltr' id='par_1_50' title="bbox 198 3264 1784 3338">
     <span class='ocr_line' id='line_1_50' title="bbox 198 3264 1784 3338; baseline 0 -19"><span class='ocrx_word' id='word_1_376' title='bbox 198 3264 344 3338; x_wconf 76' lang='grc' dir='ltr'>αὐτῷ</span> <span class='ocrx_word' id='word_1_377' title='bbox 374 3267 472 3321; x_wconf 81' lang='grc' dir='ltr'>καὶ</span> <span class='ocrx_word' id='word_1_378' title='bbox 499 3267 578 3330; x_wconf 85' lang='grc' dir='ltr'><strong>είς</strong></span> <span class='ocrx_word' id='word_1_379' title='bbox 601 3266 768 3320; x_wconf 83' lang='grc' dir='ltr'>αὐτὸν</span> <span class='ocrx_word' id='word_1_380' title='bbox 795 3265 1059 3320; x_wconf 79' lang='grc' dir='ltr'>ἔκτισται.</span> <span class='ocrx_word' id='word_1_381' title='bbox 1091 3284 1111 3318; x_wconf 74' lang='lat' dir='ltr'><strong>s</strong></span> <span class='ocrx_word' id='word_1_382' title='bbox 1150 3264 1356 3320; x_wconf 81' lang='grc' dir='ltr'>Οὐκοῦν</span> <span class='ocrx_word' id='word_1_383' title='bbox 1383 3266 1476 3320; x_wconf 85' lang='grc' dir='ltr'><strong>καὶ</strong></span> <span class='ocrx_word' id='word_1_384' title='bbox 1494 3268 1543 3318; x_wconf 87' lang='lat' dir='ltr'><strong>oi</strong></span> <span class='ocrx_word' id='word_1_385' title='bbox 1573 3267 1784 3334; x_wconf 83' lang='grc' dir='ltr'>Θρόνοι</span> 
     </span>
    </p>
   </div>
   <div class='ocr_carea' id='block_1_51' title="bbox 198 3356 1785 3429">
    <p class='ocr_par' dir='ltr' id='par_1_51' title="bbox 198 3356 1785 3429">
     <span class='ocr_line' id='line_1_51' title="bbox 198 3356 1785 3429; baseline 0 -18"><span class='ocrx_word' id='word_1_386' title='bbox 198 3356 418 3428; x_wconf 83' lang='grc' dir='ltr'>λογικόν</span> <span class='ocrx_word' id='word_1_387' title='bbox 444 3359 566 3411; x_wconf 69' lang='grc' dir='ltr'>ἐστι</span> <span class='ocrx_word' id='word_1_388' title='bbox 597 3358 693 3413; x_wconf 73' lang='grc' dir='ltr'>καὶ</span> <span class='ocrx_word' id='word_1_389' title='bbox 728 3356 1021 3428; x_wconf 82' lang='grc' dir='ltr'>ἀσώματον</span> <span class='ocrx_word' id='word_1_390' title='bbox 1045 3357 1298 3429; x_wconf 84' lang='grc' dir='ltr'>σύστημα</span> <span class='ocrx_word' id='word_1_391' title='bbox 1324 3374 1338 3388; x_wconf 88' lang='grc'><strong>·</strong></span> <span class='ocrx_word' id='word_1_392' title='bbox 1367 3357 1446 3411; x_wconf 83' lang='grc' dir='ltr'><strong>διὸ</strong></span> <span class='ocrx_word' id='word_1_393' title='bbox 1471 3359 1563 3412; x_wconf 79' lang='grc' dir='ltr'>καὶ</span> <span class='ocrx_word' id='word_1_394' title='bbox 1588 3360 1616 3412; x_wconf 88' lang='grc' dir='ltr'>ὁ</span> <span class='ocrx_word' id='word_1_395' title='bbox 1651 3375 1785 3429; x_wconf 89' lang='grc' dir='ltr'>προ-</span> 
     </span>
    </p>
   </div>
   <div class='ocr_carea' id='block_1_52' title="bbox 200 3444 1780 3522">
    <p class='ocr_par' dir='ltr' id='par_1_52' title="bbox 200 3444 1780 3522">
     <span class='ocr_line' id='line_1_52' title="bbox 200 3444 1780 3522; baseline -0.001 -20"><span class='ocrx_word' id='word_1_396' title='bbox 200 3450 376 3522; x_wconf 82' lang='grc' dir='ltr'>φήτης</span> <span class='ocrx_word' id='word_1_397' title='bbox 420 3448 595 3518; x_wconf 84' lang='grc' dir='ltr'>λέγει,</span> <span class='ocrx_word' id='word_1_398' title='bbox 637 3448 718 3502; x_wconf 81' lang='grc' dir='ltr'>ὅτι</span> <span class='ocrx_word' id='word_1_399' title='bbox 758 3448 977 3519; x_wconf 85' lang='grc' dir='ltr'>πνεῦμα</span> <span class='ocrx_word' id='word_1_400' title='bbox 1027 3449 1171 3520; x_wconf 78' lang='grc' dir='ltr'>ζωῆς</span> <span class='ocrx_word' id='word_1_401' title='bbox 1216 3444 1285 3519; x_wconf 82' lang='grc' dir='ltr'><strong>ἦν</strong></span> <span class='ocrx_word' id='word_1_402' title='bbox 1317 3449 1374 3504; x_wconf 86' lang='grc' dir='ltr'><strong>ἐν</strong></span> <span class='ocrx_word' id='word_1_403' title='bbox 1405 3452 1515 3512; x_wconf 88' lang='grc' dir='ltr'>τοῖς</span> <span class='ocrx_word' id='word_1_404' title='bbox 1546 3451 1780 3520; x_wconf 80' lang='grc' dir='ltr'>τροχοῖς,</span> 
     </span>
    </p>
   </div>
   <div class='ocr_carea' id='block_1_53' title="bbox 198 3534 1779 3610">
    <p class='ocr_par' dir='ltr' id='par_1_53' title="bbox 198 3534 1779 3610">
     <span class='ocr_line' id='line_1_53' title="bbox 198 3534 1779 3610; baseline -0.001 -16"><span class='ocrx_word' id='word_1_405' title='bbox 198 3538 318 3595; x_wconf 79' lang='grc' dir='ltr'>ὅθεν</span> <span class='ocrx_word' id='word_1_406' title='bbox 369 3539 470 3593; x_wconf 76' lang='grc' dir='ltr'>καὶ</span> <span class='ocrx_word' id='word_1_407' title='bbox 517 3538 826 3607; x_wconf 75' lang='grc' dir='ltr'>αὐτόματος</span> <span class='ocrx_word' id='word_1_408' title='bbox 866 3534 933 3609; x_wconf 82' lang='grc' dir='ltr'><strong>ἧν</strong></span> <span class='ocrx_word' id='word_1_409' title='bbox 978 3538 1266 3610; x_wconf 82' lang='grc' dir='ltr'>κίνησις²⁹,</span> <span class='ocrx_word' id='word_1_410' title='bbox 1314 3542 1409 3593; x_wconf 78' lang='grc' dir='ltr'><strong>καὶ</strong></span> <span class='ocrx_word' id='word_1_411' title='bbox 1437 3539 1779 3604; x_wconf 86' lang='grc' dir='ltr'>ἐθελούσιος·</span> 
     </span>
    </p>
   </div>
   <div class='ocr_carea' id='block_1_54' title="bbox 198 3628 1779 3702">
    <p class='ocr_par' dir='ltr' id='par_1_54' title="bbox 198 3628 1779 3702">
     <span class='ocr_line' id='line_1_54' title="bbox 198 3628 1779 3702; baseline 0.001 -18"><span class='ocrx_word' id='word_1_412' title='bbox 198 3628 321 3685; x_wconf 79' lang='grc' dir='ltr'>οὔτε</span> <span class='ocrx_word' id='word_1_413' title='bbox 358 3630 476 3702; x_wconf 82' lang='grc' dir='ltr'>γὰρ</span> <span class='ocrx_word' id='word_1_414' title='bbox 507 3630 677 3702; x_wconf 81' lang='grc' dir='ltr'>ῥυμός</span> <span class='ocrx_word' id='word_1_415' title='bbox 705 3648 791 3693; x_wconf 81' lang='grc' dir='ltr'><strong>τις</strong></span> <span class='ocrx_word' id='word_1_416' title='bbox 820 3631 913 3685; x_wconf 77' lang='grc' dir='ltr'><strong>καὶ</strong></span> <span class='ocrx_word' id='word_1_417' title='bbox 948 3629 1113 3699; x_wconf 64' lang='grc' dir='ltr'>ζυγὸς</span> <span class='ocrx_word' id='word_1_418' title='bbox 1154 3635 1264 3696; x_wconf 82' lang='grc' dir='ltr'>τοῖς</span> <span class='ocrx_word' id='word_1_419' title='bbox 1300 3631 1459 3697; x_wconf 78' lang='grc' dir='ltr'>ζώοις</span> <span class='ocrx_word' id='word_1_420' title='bbox 1490 3633 1742 3686; x_wconf 85' lang='grc' dir='ltr'>ἐπέκειτο</span> <span class='ocrx_word' id='word_1_421' title='bbox 1766 3649 1779 3663; x_wconf 90' lang='grc'><strong>·</strong></span> 
     </span>
    </p>
   </div>
   <div class='ocr_carea' id='block_1_55' title="bbox 198 3722 1785 3796">
    <p class='ocr_par' dir='ltr' id='par_1_55' title="bbox 198 3722 1785 3796">
     <span class='ocr_line' id='line_1_55' title="bbox 198 3722 1785 3796; baseline 0.001 -18"><span class='ocrx_word' id='word_1_422' title='bbox 198 3723 313 3778; x_wconf 80' lang='grc' dir='ltr'>ἀλλ’</span> <span class='ocrx_word' id='word_1_423' title='bbox 343 3725 538 3796; x_wconf 76' lang='grc' dir='ltr'>ἠγεῖτο</span> <span class='ocrx_word' id='word_1_424' title='bbox 588 3723 689 3793; x_wconf 80' lang='grc' dir='ltr'>μὲν</span> <span class='ocrx_word' id='word_1_425' title='bbox 730 3725 765 3796; x_wconf 79' lang='grc' dir='ltr'>ἠ</span> <span class='ocrx_word' id='word_1_426' title='bbox 796 3722 1018 3795; x_wconf 79' lang='grc' dir='ltr'>νεφέλη,</span> <span class='ocrx_word' id='word_1_427' title='bbox 1061 3724 1122 3778; x_wconf 83' lang='grc' dir='ltr'>τὸ</span> <span class='ocrx_word' id='word_1_428' title='bbox 1166 3724 1224 3778; x_wconf 86' lang='grc' dir='ltr'>δὲ</span> <span class='ocrx_word' id='word_1_429' title='bbox 1265 3724 1436 3795; x_wconf 83' lang='grc' dir='ltr'>βίαιον</span> <span class='ocrx_word' id='word_1_430' title='bbox 1468 3726 1645 3779; x_wconf 85' lang='grc' dir='ltr'>ἐκεῖνο</span> <span class='ocrx_word' id='word_1_431' title='bbox 1691 3725 1785 3781; x_wconf 76' lang='grc' dir='ltr'><strong>καὶ</strong></span> 
     </span>
    </p>
   </div>
   <div class='ocr_carea' id='block_1_56' title="bbox 201 3814 1784 3889">
    <p class='ocr_par' dir='ltr' id='par_1_56' title="bbox 201 3814 1784 3889">
     <span class='ocr_line' id='line_1_56' title="bbox 201 3814 1784 3889; baseline 0.001 -20"><span class='ocrx_word' id='word_1_432' title='bbox 201 3815 429 3888; x_wconf 77' lang='grc' dir='ltr'>σφοδρὸν</span> <span class='ocrx_word' id='word_1_433' title='bbox 460 3814 745 3884; x_wconf 70' lang='grc' dir='ltr'>ἠκολούθει</span> <span class='ocrx_word' id='word_1_434' title='bbox 772 3814 1005 3884; x_wconf 83' lang='grc' dir='ltr'>πνεῦμα.</span> <span class='ocrx_word' id='word_1_435' title='bbox 1041 3817 1115 3869; x_wconf 81' lang='grc' dir='ltr'>Τὸ</span> <span class='ocrx_word' id='word_1_436' title='bbox 1154 3816 1297 3871; x_wconf 79' lang='grc' dir='ltr'>θεῖον</span> <span class='ocrx_word' id='word_1_437' title='bbox 1333 3817 1516 3888; x_wconf 75' lang='grc' dir='ltr'>ὄχημα</span> <span class='ocrx_word' id='word_1_438' title='bbox 1541 3817 1784 3889; x_wconf 81' lang='grc' dir='ltr'>αὐτόμα-</span> 
     </span>
    </p>
   </div>
   <div class='ocr_carea' id='block_1_57' title="bbox 197 3906 1783 3981">
    <p class='ocr_par' dir='ltr' id='par_1_57' title="bbox 197 3906 1783 3981">
     <span class='ocr_line' id='line_1_57' title="bbox 197 3906 1783 3981; baseline -0.001 -18"><span class='ocrx_word' id='word_1_439' title='bbox 197 3927 287 3963; x_wconf 88' lang='grc' dir='ltr'><strong>τον</strong></span> <span class='ocrx_word' id='word_1_440' title='bbox 312 3909 451 3972; x_wconf 77' lang='grc' dir='ltr'>ἔθει,</span> <span class='ocrx_word' id='word_1_441' title='bbox 482 3906 592 3960; x_wconf 89' lang='grc' dir='ltr'><strong>τῶν</strong></span> <span class='ocrx_word' id='word_1_442' title='bbox 629 3908 728 3977; x_wconf 75' lang='grc' dir='ltr'>μὲν</span> <span class='ocrx_word' id='word_1_443' title='bbox 755 3906 907 3973; x_wconf 78' lang='grc' dir='ltr'><strong>ζώων</strong></span> <span class='ocrx_word' id='word_1_444' title='bbox 947 3909 1396 3980; x_wconf 81' lang='grc' dir='ltr'>προηγουμένων,</span> <span class='ocrx_word' id='word_1_445' title='bbox 1428 3909 1537 3962; x_wconf 89' lang='grc' dir='ltr'><strong>τῶν</strong></span> <span class='ocrx_word' id='word_1_446' title='bbox 1570 3909 1628 3962; x_wconf 90' lang='grc' dir='ltr'><strong>δέ</strong></span> <span class='ocrx_word' id='word_1_447' title='bbox 1655 3926 1783 3981; x_wconf 82' lang='grc' dir='ltr'>τρο-</span> 
     </span>
    </p>
   </div>
   <div class='ocr_carea' id='block_1_58' title="bbox 198 4000 1781 4073">
    <p class='ocr_par' dir='ltr' id='par_1_58' title="bbox 198 4000 1781 4073">
     <span class='ocr_line' id='line_1_58' title="bbox 198 4000 1781 4073; baseline -0.001 -19"><span class='ocrx_word' id='word_1_448' title='bbox 198 4000 308 4073; x_wconf 86' lang='grc' dir='ltr'><strong>χῶν</strong></span> <span class='ocrx_word' id='word_1_449' title='bbox 332 4001 663 4072; x_wconf 82' lang='grc' dir='ltr'>αὐτομάτως</span> <span class='ocrx_word' id='word_1_450' title='bbox 687 4001 1037 4071; x_wconf 82' lang='grc' dir='ltr'>κινουμένων,</span> <span class='ocrx_word' id='word_1_451' title='bbox 1060 4002 1153 4055; x_wconf 81' lang='grc' dir='ltr'><strong>καὶ</strong></span> <span class='ocrx_word' id='word_1_452' title='bbox 1174 4001 1265 4055; x_wconf 74' lang='grc' dir='ltr'><strong>ἐπὶ</strong></span> <span class='ocrx_word' id='word_1_453' title='bbox 1286 4000 1355 4054; x_wconf 85' lang='grc' dir='ltr'>τὰ</span> <span class='ocrx_word' id='word_1_454' title='bbox 1377 4002 1619 4072; x_wconf 88' lang='grc' dir='ltr'>τέσσαρα</span> <span class='ocrx_word' id='word_1_455' title='bbox 1642 4001 1781 4071; x_wconf 85' lang='grc' dir='ltr'>μέρη</span> 
     </span>
    </p>
   </div>
   <div class='ocr_carea' id='block_1_59' title="bbox 198 4091 1782 4164">
    <p class='ocr_par' dir='ltr' id='par_1_59' title="bbox 198 4091 1782 4164">
     <span class='ocr_line' id='line_1_59' title="bbox 198 4091 1782 4164; baseline -0.001 -17"><span class='ocrx_word' id='word_1_456' title='bbox 198 4091 613 4163; x_wconf 73' lang='grc' dir='ltr'>ἀμεταστρεπτὶ</span> <span class='ocrx_word' id='word_1_457' title='bbox 632 4091 965 4164; x_wconf 78' lang='grc' dir='ltr'>φερομένων.</span> <span class='ocrx_word' id='word_1_458' title='bbox 1002 4094 1064 4145; x_wconf 84' lang='lat' dir='ltr'><strong>Oi</strong></span> <span class='ocrx_word' id='word_1_459' title='bbox 1084 4091 1192 4162; x_wconf 80' lang='grc' dir='ltr'><strong>γὰρ</strong></span> <span class='ocrx_word' id='word_1_460' title='bbox 1217 4091 1377 4144; x_wconf 87' lang='grc' dir='ltr'>νῶτοι</span> <span class='ocrx_word' id='word_1_461' title='bbox 1401 4092 1604 4159; x_wconf 86' lang='grc' dir='ltr'>αὐτῶν,</span> <span class='ocrx_word' id='word_1_462' title='bbox 1628 4094 1782 4162; x_wconf 71' lang='grc' dir='ltr'>φησι,</span> 
     </span>
    </p>
   </div>
   <div class='ocr_carea' id='block_1_60' title="bbox 198 4180 1783 4256">
    <p class='ocr_par' dir='ltr' id='par_1_60' title="bbox 198 4180 1783 4256">
     <span class='ocr_line' id='line_1_60' title="bbox 198 4180 1783 4256; baseline 0.001 -19"><span class='ocrx_word' id='word_1_463' title='bbox 198 4184 428 4256; x_wconf 81' lang='grc' dir='ltr'>πλήρεις</span> <span class='ocrx_word' id='word_1_464' title='bbox 464 4185 709 4256; x_wconf 81' lang='grc' dir='ltr'>ὑπῆρχον</span> <span class='ocrx_word' id='word_1_465' title='bbox 732 4184 1047 4256; x_wconf 75' lang='grc' dir='ltr'>ὀφθαλμῶν,</span> <span class='ocrx_word' id='word_1_466' title='bbox 1075 4185 1342 4251; x_wconf 81' lang='grc' dir='ltr'>τουτέστι,</span> <span class='ocrx_word' id='word_1_467' title='bbox 1369 4183 1625 4255; x_wconf 77' lang='grc' dir='ltr'>γνώσεως</span> <span class='ocrx_word' id='word_1_468' title='bbox 1641 4180 1783 4256; x_wconf 80' lang='grc' dir='ltr'>ἦσαν</span> 
     </span>
    </p>
   </div>
   <div class='ocr_carea' id='block_1_61' title="bbox 182 4275 1783 4348">
    <p class='ocr_par' dir='ltr' id='par_1_61' title="bbox 182 4275 1783 4348">
     <span class='ocr_line' id='line_1_61' title="bbox 182 4275 1783 4348; baseline 0.002 -21"><span class='ocrx_word' id='word_1_469' title='bbox 182 4275 499 4332; x_wconf 61' lang='grc' dir='ltr'>ἀνάπλεοι·</span> <span class='ocrx_word' id='word_1_470' title='bbox 545 4276 703 4333; x_wconf 82' lang='grc' dir='ltr'>τοῦτο</span> <span class='ocrx_word' id='word_1_471' title='bbox 743 4277 802 4331; x_wconf 83' lang='grc' dir='ltr'>δὲ</span> <span class='ocrx_word' id='word_1_472' title='bbox 842 4277 937 4331; x_wconf 71' lang='grc' dir='ltr'><strong>καὶ</strong></span> <span class='ocrx_word' id='word_1_473' title='bbox 967 4278 1001 4347; x_wconf 76' lang='grc' dir='ltr'><strong>ἡ</strong></span> <span class='ocrx_word' id='word_1_474' title='bbox 1047 4278 1157 4330; x_wconf 88' lang='grc' dir='ltr'><strong>τῶν</strong></span> <span class='ocrx_word' id='word_1_475' title='bbox 1201 4276 1487 4348; x_wconf 73' lang='grc' dir='ltr'>Χερουὸὶμ</span> <span class='ocrx_word' id='word_1_476' title='bbox 1512 4277 1783 4347; x_wconf 77' lang='grc' dir='ltr'>ἑρμηνεία</span> 
     </span>
    </p>
   </div>
   <div class='ocr_carea' id='block_1_62' title="bbox 198 4368 1784 4442">
    <p class='ocr_par' dir='ltr' id='par_1_62' title="bbox 198 4368 1784 4442">
     <span class='ocr_line' id='line_1_62' title="bbox 198 4368 1784 4442; baseline -0.001 -18"><span class='ocrx_word' id='word_1_477' title='bbox 198 4369 350 4441; x_wconf 83' lang='grc' dir='ltr'>δηλοῖ</span> <span class='ocrx_word' id='word_1_478' title='bbox 371 4385 388 4404; x_wconf 80' lang='grc' dir='ltr'><strong><em>ο</em></strong></span> <span class='ocrx_word' id='word_1_479' title='bbox 434 4372 517 4434; x_wconf 83' lang='grc' dir='ltr'><strong>είς</strong></span> <span class='ocrx_word' id='word_1_480' title='bbox 563 4370 671 4440; x_wconf 77' lang='grc' dir='ltr'>γὰρ</span> <span class='ocrx_word' id='word_1_481' title='bbox 699 4369 798 4442; x_wconf 79' lang='grc' dir='ltr'>τὴν</span> <span class='ocrx_word' id='word_1_482' title='bbox 840 4368 1065 4421; x_wconf 84' lang='grc' dir='ltr'>Ἐλλάδα</span> <span class='ocrx_word' id='word_1_483' title='bbox 1116 4368 1299 4440; x_wconf 79' lang='grc' dir='ltr'>φωνὴν</span> <span class='ocrx_word' id='word_1_484' title='bbox 1346 4368 1784 4439; x_wconf 80' lang='grc' dir='ltr'>μεταφερόμενον</span> 
     </span>
    </p>
   </div>
   <div class='ocr_carea' id='block_1_63' title="bbox 199 4459 1322 4534">
    <p class='ocr_par' dir='ltr' id='par_1_63' title="bbox 199 4459 1322 4534">
     <span class='ocr_line' id='line_1_63' title="bbox 199 4459 1322 4534; baseline -0.002 -18"><span class='ocrx_word' id='word_1_485' title='bbox 199 4462 403 4534; x_wconf 83' lang='grc' dir='ltr'>πλῆθος</span> <span class='ocrx_word' id='word_1_486' title='bbox 430 4460 691 4531; x_wconf 83' lang='grc' dir='ltr'>γνώσεως</span> <span class='ocrx_word' id='word_1_487' title='bbox 722 4459 1016 4533; x_wconf 81' lang='grc' dir='ltr'>ἐρμηνεύει</span> <span class='ocrx_word' id='word_1_488' title='bbox 1043 4459 1106 4513; x_wconf 81' lang='grc' dir='ltr'><strong>τὸ</strong></span> <span class='ocrx_word' id='word_1_489' title='bbox 1133 4460 1322 4531; x_wconf 75' lang='grc' dir='ltr'>ὄνομα.</span> 
     </span>
    </p>
   </div>
   <div class='ocr_carea' id='block_1_64' title="bbox 268 4550 1777 4624">
    <p class='ocr_par' dir='ltr' id='par_1_64' title="bbox 268 4550 1777 4624">
     <span class='ocr_line' id='line_1_64' title="bbox 268 4550 1777 4624; baseline -0.003 -16"><span class='ocrx_word' id='word_1_490' title='bbox 268 4552 490 4624; x_wconf 82' lang='grc' dir='ltr'><strong>κβ¹-κε’.</strong></span> <span class='ocrx_word' id='word_1_491' title='bbox 527 4551 638 4608; x_wconf 75' lang='grc' dir='ltr'><strong>Καὶ</strong></span> <span class='ocrx_word' id='word_1_492' title='bbox 658 4553 939 4622; x_wconf 81' lang='grc' dir='ltr'>ὁμοίωμα,</span> <span class='ocrx_word' id='word_1_493' title='bbox 975 4552 1162 4621; x_wconf 70' lang='grc' dir='ltr'>φησιν,</span> <span class='ocrx_word' id='word_1_494' title='bbox 1192 4551 1345 4619; x_wconf 78' lang='grc' dir='ltr'>ὑπὲρ</span> <span class='ocrx_word' id='word_1_495' title='bbox 1375 4550 1777 4619; x_wconf 56' lang='lat' dir='ltr'><strong>Maadvig-ab-</strong></span> 
     </span>
    </p>
   </div>
   <div class='ocr_carea' id='block_1_65' title="bbox 200 4639 1780 4710">
    <p class='ocr_par' dir='ltr' id='par_1_65' title="bbox 200 4639 1780 4710">
     <span class='ocr_line' id='line_1_65' title="bbox 200 4639 1780 4710; baseline -0.004 -11"><span class='ocrx_word' id='word_1_496' title='bbox 200 4643 321 4699; x_wconf 76' lang='grc' dir='ltr'><strong>τῶν</strong></span> <span class='ocrx_word' id='word_1_497' title='bbox 356 4642 480 4698; x_wconf 73' lang='grc' dir='ltr'><strong>τῶν</strong></span> <span class='ocrx_word' id='word_1_498' title='bbox 512 4641 669 4703; x_wconf 81' lang='grc' dir='ltr'>ζώων</span> <span class='ocrx_word' id='word_1_499' title='bbox 710 4642 854 4696; x_wconf 78' lang='grc' dir='ltr'>ὡσεὶ</span> <span class='ocrx_word' id='word_1_500' title='bbox 903 4640 1229 4710; x_wconf 83' lang='grc' dir='ltr'>στερέωμα,</span> <span class='ocrx_word' id='word_1_501' title='bbox 1275 4641 1355 4706; x_wconf 85' lang='grc' dir='ltr'>ὡς</span> <span class='ocrx_word' id='word_1_502' title='bbox 1393 4639 1606 4707; x_wconf 84' lang='grc' dir='ltr'>ὅρασις</span> <span class='ocrx_word' id='word_1_503' title='bbox 1636 4657 1780 4708; x_wconf 81' lang='grc' dir='ltr'>κρυ-</span> 
     </span>
    </p>
   </div>
   <div class='ocr_carea' id='block_1_66' title="bbox 200 4730 1781 4805">
    <p class='ocr_par' dir='ltr' id='par_1_66' title="bbox 200 4730 1781 4805">
     <span class='ocr_line' id='line_1_66' title="bbox 200 4730 1781 4805; baseline -0.007 -11"><span class='ocrx_word' id='word_1_504' title='bbox 200 4736 479 4794; x_wconf 62' lang='grc' dir='ltr'>στάλλου</span> <span class='ocrx_word' id='word_1_505' title='bbox 510 4733 768 4805; x_wconf 76' lang='grc' dir='ltr'>φοϐεροῦ</span> <span class='ocrx_word' id='word_1_506' title='bbox 786 4734 853 4799; x_wconf 88' lang='grc'><strong>³⁰,</strong></span> <span class='ocrx_word' id='word_1_507' title='bbox 885 4732 1279 4803; x_wconf 79' lang='grc' dir='ltr'>ἐκτεταμένον</span> <span class='ocrx_word' id='word_1_508' title='bbox 1314 4732 1467 4799; x_wconf 81' lang='grc' dir='ltr'>ὑπὲρ</span> <span class='ocrx_word' id='word_1_509' title='bbox 1508 4730 1781 4800; x_wconf 68' lang='grc' dir='ltr'>κεφαλῆς</span> 
     </span>
    </p>
   </div>
   <div class='ocr_carea' id='block_1_67' title="bbox 200 4824 1782 4897">
    <p class='ocr_par' dir='ltr' id='par_1_67' title="bbox 200 4824 1782 4897">
     <span class='ocr_line' id='line_1_67' title="bbox 200 4824 1782 4897; baseline -0.005 -12"><span class='ocrx_word' id='word_1_510' title='bbox 200 4830 399 4886; x_wconf 75' lang='grc' dir='ltr'>αὐτῶν</span> <span class='ocrx_word' id='word_1_511' title='bbox 436 4828 835 4897; x_wconf 76' lang='grc' dir='ltr'>ὑπεράνωθεν.</span> <span class='ocrx_word' id='word_1_512' title='bbox 895 4828 1003 4881; x_wconf 78' lang='lat' dir='ltr'><strong>Kal</strong></span> <span class='ocrx_word' id='word_1_513' title='bbox 1041 4827 1318 4882; x_wconf 82' lang='grc' dir='ltr'>ὑποκάτω</span> <span class='ocrx_word' id='word_1_514' title='bbox 1372 4827 1478 4880; x_wconf 84' lang='grc' dir='ltr'>τοῦ</span> <span class='ocrx_word' id='word_1_515' title='bbox 1530 4824 1782 4894; x_wconf 82' lang='grc' dir='ltr'>στερεώ-</span> 
     </span>
    </p>
   </div>
   <div class='ocr_carea' id='block_1_68' title="bbox 201 4918 1781 4991">
    <p class='ocr_par' dir='ltr' id='par_1_68' title="bbox 201 4918 1781 4991">
     <span class='ocr_line' id='line_1_68' title="bbox 201 4918 1781 4991; baseline -0.004 -15"><span class='ocrx_word' id='word_1_516' title='bbox 201 4939 385 4991; x_wconf 84' lang='grc' dir='ltr'>ματος</span> <span class='ocrx_word' id='word_1_517' title='bbox 414 4923 475 4975; x_wconf 79' lang='lat' dir='ltr'><strong>al</strong></span> <span class='ocrx_word' id='word_1_518' title='bbox 514 4919 806 4989; x_wconf 78' lang='grc' dir='ltr'>πτέρυγες</span> <span class='ocrx_word' id='word_1_519' title='bbox 841 4919 1040 4974; x_wconf 83' lang='grc' dir='ltr'>αὐτῶν</span> <span class='ocrx_word' id='word_1_520' title='bbox 1074 4918 1478 4987; x_wconf 80' lang='grc' dir='ltr'>ἐκτεταμέναι,</span> <span class='ocrx_word' id='word_1_521' title='bbox 1519 4929 1781 4985; x_wconf 84' lang='grc' dir='ltr'>πτερυσ-</span> 
     </span>
    </p>
   </div>
   <div class='ocr_carea' id='block_1_69' title="bbox 133 5006 1782 5078">
    <p class='ocr_par' dir='ltr' id='par_1_69' title="bbox 133 5006 1782 5078">
     <span class='ocr_line' id='line_1_69' title="bbox 133 5006 1782 5078; baseline -0.002 -15"><span class='ocrx_word' id='word_1_522' title='bbox 133 5032 141 5042; x_wconf 95' lang='grc'><strong>·</strong></span> <span class='ocrx_word' id='word_1_523' title='bbox 205 5009 455 5078; x_wconf 73' lang='grc' dir='ltr'>σύμεναι</span> <span class='ocrx_word' id='word_1_524' title='bbox 470 5009 514 5041; x_wconf 85' lang='grc'><strong>³¹</strong></span> <span class='ocrx_word' id='word_1_525' title='bbox 530 5007 781 5076; x_wconf 77' lang='grc' dir='ltr'>ἑκατέρα</span> <span class='ocrx_word' id='word_1_526' title='bbox 796 5009 841 5040; x_wconf 80' lang='grc'><strong>³²</strong></span> <span class='ocrx_word' id='word_1_527' title='bbox 857 5008 1007 5076; x_wconf 78' lang='grc' dir='ltr'>πρὸς</span> <span class='ocrx_word' id='word_1_528' title='bbox 1022 5006 1136 5077; x_wconf 83' lang='grc' dir='ltr'>τὴν</span> <span class='ocrx_word' id='word_1_529' title='bbox 1149 5006 1437 5076; x_wconf 82' lang='grc' dir='ltr'>ἑκατέραν</span> <span class='ocrx_word' id='word_1_530' title='bbox 1455 5024 1468 5037; x_wconf 72' lang='grc' dir='ltr'><strong>ο</strong></span> <span class='ocrx_word' id='word_1_531' title='bbox 1492 5006 1782 5072; x_wconf 64' lang='lat' dir='ltr'><strong>exciam)”</strong></span> 
     </span>
    </p>
   </div>
   <div class='ocr_carea' id='block_1_70' title="bbox 281 5185 745 5300">
    <p class='ocr_par' dir='ltr' id='par_1_70' title="bbox 281 5185 745 5300">
     <span class='ocr_line' id='line_1_70' title="bbox 281 5185 745 5300; baseline 0.006 -14"><span class='ocrx_word' id='word_1_532' title='bbox 281 5225 306 5272; x_wconf 69' lang='grc' dir='ltr'><strong>ί</strong></span> <span class='ocrx_word' id='word_1_533' title='bbox 581 5245 623 5300; x_wconf 84' lang='grc' dir='ltr'><strong>ι,</strong></span> <span class='ocrx_word' id='word_1_534' title='bbox 651 5229 745 5289; x_wconf 80' lang='grc'><strong>16.</strong></span> 
     </span>
    </p>
   </div>
   <div class='ocr_carea' id='block_1_71' title="bbox 1812 4467 1863 4526">
    <p class='ocr_par' dir='ltr' id='par_1_71' title="bbox 1812 4467 1863 4526">
     <span class='ocr_line' id='line_1_71' title="bbox 1812 4467 1863 4526; baseline 0 0"><span class='ocrx_word' id='word_1_535' title='bbox 1812 4467 1863 4526; x_wconf 83' lang='lat' dir='ltr'><strong>D</strong></span> 
     </span>
    </p>
   </div>
   <div class='ocr_carea' id='block_1_72' title="bbox 1890 1901 3463 1974">
    <p class='ocr_par' dir='ltr' id='par_1_72' title="bbox 1890 1901 3463 1974">
     <span class='ocr_line' id='line_1_72' title="bbox 1890 1901 3463 1974; baseline 0.003 -19"><span class='ocrx_word' id='word_1_536' title='bbox 1890 1901 2147 1957; x_wconf 84' lang='lat' dir='ltr'><strong>bulabant</strong></span> <span class='ocrx_word' id='word_1_537' title='bbox 2180 1904 2340 1963; x_wconf 85' lang='lat' dir='ltr'><strong>etiam</strong></span> <span class='ocrx_word' id='word_1_538' title='bbox 2383 1913 2514 1959; x_wconf 78' lang='lat' dir='ltr'><strong>rota:</strong></span> <span class='ocrx_word' id='word_1_539' title='bbox 2539 1905 2836 1973; x_wconf 69' lang='lat' dir='ltr'><strong>conjunctae</strong></span> <span class='ocrx_word' id='word_1_540' title='bbox 2863 1907 2989 1974; x_wconf 83' lang='lat' dir='ltr'><strong>ipsis</strong></span> <span class='ocrx_word' id='word_1_541' title='bbox 3017 1923 3036 1960; x_wconf 89' lang='lat'><strong><em>:</em></strong></span> <span class='ocrx_word' id='word_1_542' title='bbox 3067 1916 3117 1961; x_wconf 87' lang='lat' dir='ltr'><strong>et</strong></span> <span class='ocrx_word' id='word_1_543' title='bbox 3148 1923 3265 1965; x_wconf 76' lang='lat' dir='ltr'><strong>cum</strong></span> <span class='ocrx_word' id='word_1_544' title='bbox 3298 1905 3463 1960; x_wconf 87' lang='lat' dir='ltr'><strong>attol-</strong></span> 
     </span>
    </p>
   </div>
   <div class='ocr_carea' id='block_1_73' title="bbox 1890 1994 3458 2060">
    <p class='ocr_par' dir='ltr' id='par_1_73' title="bbox 1890 1994 3458 2060">
     <span class='ocr_line' id='line_1_73' title="bbox 1890 1994 3458 2060; baseline 0.002 -11"><span class='ocrx_word' id='word_1_545' title='bbox 1890 1994 2121 2049; x_wconf 78' lang='lat' dir='ltr'><strong>lerentur</strong></span> <span class='ocrx_word' id='word_1_546' title='bbox 2148 1995 2407 2053; x_wconf 76' lang='lat' dir='ltr'><strong>animalia</strong></span> <span class='ocrx_word' id='word_1_547' title='bbox 2428 1997 2492 2049; x_wconf 84' lang='lat' dir='ltr'><strong>de</strong></span> <span class='ocrx_word' id='word_1_548' title='bbox 2516 2006 2679 2060; x_wconf 89' lang='lat' dir='ltr'><strong>terra,</strong></span> <span class='ocrx_word' id='word_1_549' title='bbox 2712 1999 3096 2052; x_wconf 76' lang='lat' dir='ltr'><strong>attollebantur</strong></span> <span class='ocrx_word' id='word_1_550' title='bbox 3122 2000 3283 2053; x_wconf 88' lang='lat' dir='ltr'><strong>etiam</strong></span> <span class='ocrx_word' id='word_1_551' title='bbox 3308 2008 3458 2052; x_wconf 62' lang='lat' dir='ltr'><strong>rotae.</strong></span> 
     </span>
    </p>
   </div>
   <div class='ocr_carea' id='block_1_74' title="bbox 1894 2087 3462 2159">
    <p class='ocr_par' dir='ltr' id='par_1_74' title="bbox 1894 2087 3462 2159">
     <span class='ocr_line' id='line_1_74' title="bbox 1894 2087 3462 2159; baseline 0.002 -18"><span class='ocrx_word' id='word_1_552' title='bbox 1894 2087 2197 2159; x_wconf 72' lang='lat' dir='ltr'><strong>Ubicunque</strong></span> <span class='ocrx_word' id='word_1_553' title='bbox 2242 2098 2357 2143; x_wconf 85' lang='lat' dir='ltr'><strong>erat</strong></span> <span class='ocrx_word' id='word_1_554' title='bbox 2420 2089 2617 2157; x_wconf 81' lang='lat' dir='ltr'><strong>nubes,</strong></span> <span class='ocrx_word' id='word_1_555' title='bbox 2655 2091 2785 2145; x_wconf 83' lang='lat' dir='ltr'><strong>illuc</strong></span> <span class='ocrx_word' id='word_1_556' title='bbox 2827 2091 3199 2145; x_wconf 85' lang='lat' dir='ltr'><strong>concitabatur</strong></span> <span class='ocrx_word' id='word_1_557' title='bbox 3239 2090 3462 2152; x_wconf 82' lang='lat' dir='ltr'><strong>spiritus</strong></span> 
     </span>
    </p>
   </div>
   <div class='ocr_carea' id='block_1_75' title="bbox 1888 2179 3460 2247">
    <p class='ocr_par' dir='ltr' id='par_1_75' title="bbox 1888 2179 3460 2247">
     <span class='ocr_line' id='line_1_75' title="bbox 1888 2179 3460 2247; baseline -0.004 -8"><span class='ocrx_word' id='word_1_558' title='bbox 1888 2180 2160 2239; x_wconf 80' lang='lat' dir='ltr'><strong>ambulare</strong></span> <span class='ocrx_word' id='word_1_559' title='bbox 2178 2197 2197 2236; x_wconf 91' lang='lat'><strong><em>:</em></strong></span> <span class='ocrx_word' id='word_1_560' title='bbox 2226 2180 2574 2239; x_wconf 76' lang='lat' dir='ltr'><strong>ambulabant</strong></span> <span class='ocrx_word' id='word_1_561' title='bbox 2599 2182 2861 2237; x_wconf 80' lang='lat' dir='ltr'><strong>animalia</strong></span> <span class='ocrx_word' id='word_1_562' title='bbox 2878 2222 2893 2247; x_wconf 90' lang='lat'><strong>,</strong></span> <span class='ocrx_word' id='word_1_563' title='bbox 2916 2192 2965 2237; x_wconf 87' lang='lat' dir='ltr'><strong>et</strong></span> <span class='ocrx_word' id='word_1_564' title='bbox 2991 2192 3123 2239; x_wconf 69' lang='lat' dir='ltr'><strong>rota&#39;</strong></span> <span class='ocrx_word' id='word_1_565' title='bbox 3149 2179 3460 2235; x_wconf 76' lang='lat' dir='ltr'><strong>incedebant</strong></span> 
     </span>
    </p>
   </div>
   <div class='ocr_carea' id='block_1_76' title="bbox 1887 2268 3462 2340">
    <p class='ocr_par' dir='ltr' id='par_1_76' title="bbox 1887 2268 3462 2340">
     <span class='ocr_line' id='line_1_76' title="bbox 1887 2268 3462 2340; baseline -0.004 -13"><span class='ocrx_word' id='word_1_566' title='bbox 1887 2288 2007 2327; x_wconf 79' lang='lat' dir='ltr'><strong>eum</strong></span> <span class='ocrx_word' id='word_1_567' title='bbox 2052 2272 2221 2339; x_wconf 87' lang='lat' dir='ltr'><strong>ipsis,</strong></span> <span class='ocrx_word' id='word_1_568' title='bbox 2267 2272 2393 2340; x_wconf 84' lang='lat' dir='ltr'><strong>quia</strong></span> <span class='ocrx_word' id='word_1_569' title='bbox 2435 2273 2657 2340; x_wconf 83' lang='lat' dir='ltr'><strong>spiritus</strong></span> <span class='ocrx_word' id='word_1_570' title='bbox 2700 2273 2822 2327; x_wconf 78' lang='lat' dir='ltr'><strong>uiue</strong></span> <span class='ocrx_word' id='word_1_571' title='bbox 2861 2282 2976 2327; x_wconf 85' lang='lat' dir='ltr'><strong>erat</strong></span> <span class='ocrx_word' id='word_1_572' title='bbox 3022 2274 3078 2326; x_wconf 88' lang='lat' dir='ltr'><strong>in</strong></span> <span class='ocrx_word' id='word_1_573' title='bbox 3122 2272 3277 2325; x_wconf 82' lang='lat' dir='ltr'><strong>rotis.</strong></span> <span class='ocrx_word' id='word_1_574' title='bbox 3328 2268 3462 2324; x_wconf 87' lang='lat' dir='ltr'><strong>Cum</strong></span> 
     </span>
    </p>
   </div>
   <div class='ocr_carea' id='block_1_77' title="bbox 1887 2362 3462 2428">
    <p class='ocr_par' dir='ltr' id='par_1_77' title="bbox 1887 2362 3462 2428">
     <span class='ocr_line' id='line_1_77' title="bbox 1887 2362 3462 2428; baseline 0 -11"><span class='ocrx_word' id='word_1_575' title='bbox 1887 2363 2032 2418; x_wconf 85' lang='lat' dir='ltr'><strong>ibant</strong></span> <span class='ocrx_word' id='word_1_576' title='bbox 2069 2362 2207 2425; x_wconf 84' lang='lat' dir='ltr'><strong>illa,</strong></span> <span class='ocrx_word' id='word_1_577' title='bbox 2243 2362 2433 2426; x_wconf 90' lang='lat' dir='ltr'><strong>ibant,</strong></span> <span class='ocrx_word' id='word_1_578' title='bbox 2461 2370 2512 2416; x_wconf 88' lang='lat' dir='ltr'><strong>et</strong></span> <span class='ocrx_word' id='word_1_579' title='bbox 2542 2378 2663 2416; x_wconf 83' lang='lat' dir='ltr'><strong>cum</strong></span> <span class='ocrx_word' id='word_1_580' title='bbox 2694 2363 2910 2423; x_wconf 88' lang='lat' dir='ltr'><strong>stabant</strong></span> <span class='ocrx_word' id='word_1_581' title='bbox 2945 2363 3074 2426; x_wconf 81' lang='lat' dir='ltr'><strong>illa.</strong></span> <span class='ocrx_word' id='word_1_582' title='bbox 3122 2364 3368 2428; x_wconf 76' lang='lat' dir='ltr'><strong>stabant,</strong></span> <span class='ocrx_word' id='word_1_583' title='bbox 3410 2373 3462 2417; x_wconf 87' lang='lat' dir='ltr'><strong>et</strong></span> 
     </span>
    </p>
   </div>
   <div class='ocr_carea' id='block_1_78' title="bbox 1887 2451 3464 2519">
    <p class='ocr_par' dir='ltr' id='par_1_78' title="bbox 1887 2451 3464 2519">
     <span class='ocr_line' id='line_1_78' title="bbox 1887 2451 3464 2519; baseline -0.002 -11"><span class='ocrx_word' id='word_1_584' title='bbox 1887 2470 2005 2508; x_wconf 83' lang='lat' dir='ltr'><strong>cum</strong></span> <span class='ocrx_word' id='word_1_585' title='bbox 2036 2452 2418 2511; x_wconf 86' lang='lat' dir='ltr'><strong>attollebantur</strong></span> <span class='ocrx_word' id='word_1_586' title='bbox 2461 2453 2561 2507; x_wconf 81' lang='lat' dir='ltr'><strong>illa</strong></span> <span class='ocrx_word' id='word_1_587' title='bbox 2591 2453 2656 2506; x_wconf 84' lang='lat' dir='ltr'><strong>de</strong></span> <span class='ocrx_word' id='word_1_588' title='bbox 2690 2463 2867 2519; x_wconf 87' lang='lat' dir='ltr'><strong>terra,</strong></span> <span class='ocrx_word' id='word_1_589' title='bbox 2919 2451 3304 2507; x_wconf 81' lang='lat' dir='ltr'><strong>attollebantur</strong></span> <span class='ocrx_word' id='word_1_590' title='bbox 3343 2468 3464 2505; x_wconf 85' lang='lat' dir='ltr'><strong>cum</strong></span> 
     </span>
    </p>
   </div>
   <div class='ocr_carea' id='block_1_79' title="bbox 1885 2544 3464 2614">
    <p class='ocr_par' dir='ltr' id='par_1_79' title="bbox 1885 2544 3464 2614">
     <span class='ocr_line' id='line_1_79' title="bbox 1885 2544 3464 2614; baseline 0.001 -17"><span class='ocrx_word' id='word_1_591' title='bbox 1885 2544 1955 2599; x_wconf 87' lang='lat' dir='ltr'><strong>iis</strong></span> <span class='ocrx_word' id='word_1_592' title='bbox 1975 2585 1990 2609; x_wconf 91' lang='lat'><strong>,</strong></span> <span class='ocrx_word' id='word_1_593' title='bbox 2018 2545 2145 2613; x_wconf 83' lang='lat' dir='ltr'><strong>quia</strong></span> <span class='ocrx_word' id='word_1_594' title='bbox 2171 2545 2397 2611; x_wconf 82' lang='lat' dir='ltr'><strong>spiritus</strong></span> <span class='ocrx_word' id='word_1_595' title='bbox 2426 2545 2545 2599; x_wconf 70' lang='lat' dir='ltr'><strong>vitta</strong></span> <span class='ocrx_word' id='word_1_596' title='bbox 2567 2554 2683 2600; x_wconf 75' lang='lat' dir='ltr'><strong>erat</strong></span> <span class='ocrx_word' id='word_1_597' title='bbox 2717 2545 2771 2598; x_wconf 86' lang='lat' dir='ltr'><strong>in</strong></span> <span class='ocrx_word' id='word_1_598' title='bbox 2805 2545 2961 2600; x_wconf 87' lang='lat' dir='ltr'><strong>rotis.</strong></span> <span class='ocrx_word' id='word_1_599' title='bbox 2990 2546 3108 2600; x_wconf 83' lang='lat' dir='ltr'><strong>Hoc</strong></span> <span class='ocrx_word' id='word_1_600' title='bbox 3137 2554 3326 2614; x_wconf 86' lang='lat' dir='ltr'><strong>aperte</strong></span> <span class='ocrx_word' id='word_1_601' title='bbox 3361 2558 3464 2598; x_wconf 83' lang='lat' dir='ltr'><strong>nos</strong></span> 
     </span>
    </p>
   </div>
   <div class='ocr_carea' id='block_1_80' title="bbox 1883 2633 3466 2701">
    <p class='ocr_par' dir='ltr' id='par_1_80' title="bbox 1883 2633 3466 2701">
     <span class='ocr_line' id='line_1_80' title="bbox 1883 2633 3466 2701; baseline 0 -12"><span class='ocrx_word' id='word_1_602' title='bbox 1883 2633 2077 2699; x_wconf 88' lang='lat' dir='ltr'><strong>beatus</strong></span> <span class='ocrx_word' id='word_1_603' title='bbox 2088 2635 2296 2690; x_wconf 84' lang='lat' dir='ltr'><strong>Paulus</strong></span> <span class='ocrx_word' id='word_1_604' title='bbox 2310 2635 2491 2701; x_wconf 86' lang='lat' dir='ltr'><strong>docet,</strong></span> <span class='ocrx_word' id='word_1_605' title='bbox 2511 2642 2835 2692; x_wconf 82' lang='lat' dir='ltr'><strong>naturarum</strong></span> <span class='ocrx_word' id='word_1_606' title='bbox 2855 2636 3215 2691; x_wconf 84' lang='lat' dir='ltr'><strong>invisibilium</strong></span> <span class='ocrx_word' id='word_1_607' title='bbox 3237 2633 3466 2690; x_wconf 75' lang='lat' dir='ltr'><strong>ordines</strong></span> 
     </span>
    </p>
   </div>
   <div class='ocr_carea' id='block_1_81' title="bbox 1882 2725 3463 2790">
    <p class='ocr_par' dir='ltr' id='par_1_81' title="bbox 1882 2725 3463 2790">
     <span class='ocr_line' id='line_1_81' title="bbox 1882 2725 3463 2790; baseline -0.001 -9"><span class='ocrx_word' id='word_1_608' title='bbox 1882 2740 2219 2790; x_wconf 86' lang='lat' dir='ltr'><strong>recensens,</strong></span> <span class='ocrx_word' id='word_1_609' title='bbox 2248 2734 2454 2782; x_wconf 89' lang='lat' dir='ltr'><strong>etcum</strong></span> <span class='ocrx_word' id='word_1_610' title='bbox 2495 2727 2621 2781; x_wconf 90' lang='lat' dir='ltr'><strong>aliis</strong></span> <span class='ocrx_word' id='word_1_611' title='bbox 2661 2727 2958 2782; x_wconf 86' lang='lat' dir='ltr'><strong>virtutibus</strong></span> <span class='ocrx_word' id='word_1_612' title='bbox 2999 2725 3253 2780; x_wconf 88' lang='lat' dir='ltr'><strong>Thronos</strong></span> <span class='ocrx_word' id='word_1_613' title='bbox 3295 2725 3463 2781; x_wconf 88' lang='lat' dir='ltr'><strong>etiam</strong></span> 
     </span>
    </p>
   </div>
   <div class='ocr_carea' id='block_1_82' title="bbox 1884 2818 3466 2887">
    <p class='ocr_par' dir='ltr' id='par_1_82' title="bbox 1884 2818 3466 2887">
     <span class='ocr_line' id='line_1_82' title="bbox 1884 2818 3466 2887; baseline 0 -18"><span class='ocrx_word' id='word_1_614' title='bbox 1884 2818 2149 2887; x_wconf 86' lang='lat' dir='ltr'><strong>quosdam</strong></span> <span class='ocrx_word' id='word_1_615' title='bbox 2180 2833 2612 2872; x_wconf 90' lang='lat' dir='ltr'><strong>connumerans.</strong></span> <span class='ocrx_word' id='word_1_616' title='bbox 2657 2838 2676 2869; x_wconf 81' lang='grc' dir='ltr'><strong>ι</strong></span> <span class='ocrx_word' id='word_1_617' title='bbox 2706 2818 2763 2871; x_wconf 93' lang='lat' dir='ltr'><strong>In</strong></span> <span class='ocrx_word' id='word_1_618' title='bbox 2797 2819 2920 2886; x_wconf 88' lang='lat' dir='ltr'><strong>ipso</strong></span> <span class='ocrx_word' id='word_1_619' title='bbox 2954 2819 3098 2872; x_wconf 88' lang='lat' dir='ltr'><strong>enim</strong></span> <span class='ocrx_word' id='word_1_620' title='bbox 3122 2856 3136 2879; x_wconf 91' lang='lat'><strong>,</strong></span> <span class='ocrx_word' id='word_1_621' title='bbox 3187 2818 3261 2870; x_wconf 84' lang='lat' dir='ltr'><strong>ait</strong></span> <span class='ocrx_word' id='word_1_622' title='bbox 3283 2856 3297 2880; x_wconf 89' lang='lat'><strong>,</strong></span> <span class='ocrx_word' id='word_1_623' title='bbox 3330 2832 3466 2870; x_wconf 91' lang='lat' dir='ltr'><strong>con-</strong></span> 
     </span>
    </p>
   </div>
   <div class='ocr_carea' id='block_1_83' title="bbox 1884 2907 3462 2980">
    <p class='ocr_par' dir='ltr' id='par_1_83' title="bbox 1884 2907 3462 2980">
     <span class='ocr_line' id='line_1_83' title="bbox 1884 2907 3462 2980; baseline -0.001 -18"><span class='ocrx_word' id='word_1_624' title='bbox 1884 2907 2001 2962; x_wconf 87' lang='lat' dir='ltr'><strong>dita</strong></span> <span class='ocrx_word' id='word_1_625' title='bbox 2027 2915 2160 2963; x_wconf 87' lang='lat' dir='ltr'><strong>sunt</strong></span> <span class='ocrx_word' id='word_1_626' title='bbox 2189 2910 2448 2963; x_wconf 87' lang='lat' dir='ltr'><strong>universa</strong></span> <span class='ocrx_word' id='word_1_627' title='bbox 2486 2909 2570 2980; x_wconf 88' lang='lat' dir='ltr'><strong>(id</strong></span> <span class='ocrx_word' id='word_1_628' title='bbox 2599 2917 2717 2973; x_wconf 84' lang='lat' dir='ltr'><strong>est,</strong></span> <span class='ocrx_word' id='word_1_629' title='bbox 2744 2911 2798 2964; x_wconf 91' lang='lat' dir='ltr'><strong>in</strong></span> <span class='ocrx_word' id='word_1_630' title='bbox 2829 2910 3054 2963; x_wconf 87' lang='lat' dir='ltr'><strong>Christo</strong></span> <span class='ocrx_word' id='word_1_631' title='bbox 3086 2910 3125 2978; x_wconf 93' lang='lat'><strong>),</strong></span> <span class='ocrx_word' id='word_1_632' title='bbox 3158 2909 3274 2963; x_wconf 81' lang='lat' dir='ltr'><strong>sive</strong></span> <span class='ocrx_word' id='word_1_633' title='bbox 3325 2907 3462 2962; x_wconf 85' lang='lat' dir='ltr'><strong>visi-</strong></span> 
     </span>
    </p>
   </div>
   <div class='ocr_carea' id='block_1_84' title="bbox 1886 2999 3464 3065">
    <p class='ocr_par' dir='ltr' id='par_1_84' title="bbox 1886 2999 3464 3065">
     <span class='ocr_line' id='line_1_84' title="bbox 1886 2999 3464 3065; baseline -0.002 -10"><span class='ocrx_word' id='word_1_634' title='bbox 1886 3000 2053 3064; x_wconf 85' lang='lat' dir='ltr'><strong>bilia,</strong></span> <span class='ocrx_word' id='word_1_635' title='bbox 2088 3001 2203 3056; x_wconf 84' lang='lat' dir='ltr'><strong>sive</strong></span> <span class='ocrx_word' id='word_1_636' title='bbox 2230 3000 2533 3056; x_wconf 82' lang='lat' dir='ltr'><strong>invisibilia</strong></span> <span class='ocrx_word' id='word_1_637' title='bbox 2555 3041 2569 3064; x_wconf 85' lang='lat'><strong>,</strong></span> <span class='ocrx_word' id='word_1_638' title='bbox 2604 3002 2723 3057; x_wconf 80' lang='lat' dir='ltr'><strong>sive</strong></span> <span class='ocrx_word' id='word_1_639' title='bbox 2756 3000 3001 3065; x_wconf 88' lang='lat' dir='ltr'><strong>Throni,</strong></span> <span class='ocrx_word' id='word_1_640' title='bbox 3047 3001 3164 3056; x_wconf 87' lang='lat' dir='ltr'><strong>sive</strong></span> <span class='ocrx_word' id='word_1_641' title='bbox 3202 2999 3464 3055; x_wconf 83' lang='lat' dir='ltr'><strong>Domina-</strong></span> 
     </span>
    </p>
   </div>
   <div class='ocr_carea' id='block_1_85' title="bbox 1890 3090 3465 3162">
    <p class='ocr_par' dir='ltr' id='par_1_85' title="bbox 1890 3090 3465 3162">
     <span class='ocr_line' id='line_1_85' title="bbox 1890 3090 3465 3162; baseline -0.004 -13"><span class='ocrx_word' id='word_1_642' title='bbox 1890 3092 2075 3149; x_wconf 87' lang='lat' dir='ltr'><strong>tiones</strong></span> <span class='ocrx_word' id='word_1_643' title='bbox 2095 3133 2109 3157; x_wconf 91' lang='lat'><strong>,</strong></span> <span class='ocrx_word' id='word_1_644' title='bbox 2136 3093 2252 3147; x_wconf 84' lang='lat' dir='ltr'><strong>sive</strong></span> <span class='ocrx_word' id='word_1_645' title='bbox 2276 3092 2470 3162; x_wconf 79' lang='lat' dir='ltr'><strong>Angeli</strong></span> <span class='ocrx_word' id='word_1_646' title='bbox 2490 3132 2505 3156; x_wconf 93' lang='lat'><strong>,</strong></span> <span class='ocrx_word' id='word_1_647' title='bbox 2532 3094 2649 3148; x_wconf 90' lang='lat' dir='ltr'><strong>sive</strong></span> <span class='ocrx_word' id='word_1_648' title='bbox 2674 3093 2982 3148; x_wconf 83' lang='lat' dir='ltr'><strong>Potestates</strong></span> <span class='ocrx_word' id='word_1_649' title='bbox 3006 3109 3022 3146; x_wconf 87' lang='lat'><strong>:</strong></span> <span class='ocrx_word' id='word_1_650' title='bbox 3051 3091 3236 3147; x_wconf 86' lang='lat' dir='ltr'><strong>omnia</strong></span> <span class='ocrx_word' id='word_1_651' title='bbox 3262 3092 3319 3145; x_wconf 88' lang='lat' dir='ltr'><strong>in</strong></span> <span class='ocrx_word' id='word_1_652' title='bbox 3344 3090 3465 3160; x_wconf 88' lang='lat' dir='ltr'><strong>ipso</strong></span> 
     </span>
    </p>
   </div>
   <div class='ocr_carea' id='block_1_86' title="bbox 1884 3182 3467 3254">
    <p class='ocr_par' dir='ltr' id='par_1_86' title="bbox 1884 3182 3467 3254">
     <span class='ocr_line' id='line_1_86' title="bbox 1884 3182 3467 3254; baseline -0.002 -16"><span class='ocrx_word' id='word_1_653' title='bbox 1884 3191 1938 3239; x_wconf 90' lang='lat' dir='ltr'><strong>et</strong></span> <span class='ocrx_word' id='word_1_654' title='bbox 1960 3183 2016 3238; x_wconf 91' lang='lat' dir='ltr'><strong>in</strong></span> <span class='ocrx_word' id='word_1_655' title='bbox 2041 3183 2219 3253; x_wconf 88' lang='lat' dir='ltr'><strong>ipsum</strong></span> <span class='ocrx_word' id='word_1_656' title='bbox 2243 3193 2426 3238; x_wconf 84' lang='lat' dir='ltr'><strong>creata</strong></span> <span class='ocrx_word' id='word_1_657' title='bbox 2451 3193 2582 3243; x_wconf 90' lang='lat' dir='ltr'><strong>sunt</strong></span> <span class='ocrx_word' id='word_1_658' title='bbox 2610 3182 2655 3239; x_wconf 72' lang='grc' dir='ltr'>ί.</span> <span class='ocrx_word' id='word_1_659' title='bbox 2680 3202 2699 3234; x_wconf 85' lang='grc'><strong>›</strong></span> <span class='ocrx_word' id='word_1_660' title='bbox 2725 3182 2865 3239; x_wconf 89' lang='lat' dir='ltr'><strong>Sunt</strong></span> <span class='ocrx_word' id='word_1_661' title='bbox 2886 3184 3052 3254; x_wconf 81' lang='lat' dir='ltr'><strong>igitur</strong></span> <span class='ocrx_word' id='word_1_662' title='bbox 3075 3183 3241 3237; x_wconf 87' lang='lat' dir='ltr'><strong>etiam</strong></span> <span class='ocrx_word' id='word_1_663' title='bbox 3268 3182 3467 3237; x_wconf 86' lang='lat' dir='ltr'><strong>Throni</strong></span> 
     </span>
    </p>
   </div>
   <div class='ocr_carea' id='block_1_87' title="bbox 1886 3271 3466 3345">
    <p class='ocr_par' dir='ltr' id='par_1_87' title="bbox 1886 3271 3466 3345">
     <span class='ocr_line' id='line_1_87' title="bbox 1886 3271 3466 3345; baseline -0.001 -16"><span class='ocrx_word' id='word_1_664' title='bbox 1886 3275 2103 3329; x_wconf 86' lang='lat' dir='ltr'><strong>ratione</strong></span> <span class='ocrx_word' id='word_1_665' title='bbox 2154 3274 2416 3345; x_wconf 74' lang='lat' dir='ltr'><strong>pmditus</strong></span> <span class='ocrx_word' id='word_1_666' title='bbox 2459 3282 2511 3330; x_wconf 89' lang='lat' dir='ltr'><strong>et</strong></span> <span class='ocrx_word' id='word_1_667' title='bbox 2574 3274 2823 3344; x_wconf 82' lang='lat' dir='ltr'><strong>corporis</strong></span> <span class='ocrx_word' id='word_1_668' title='bbox 2852 3288 3053 3344; x_wconf 80' lang='lat' dir='ltr'><strong>expers</strong></span> <span class='ocrx_word' id='word_1_669' title='bbox 3084 3274 3240 3326; x_wconf 86' lang='lat' dir='ltr'><strong>ordo.</strong></span> <span class='ocrx_word' id='word_1_670' title='bbox 3285 3271 3466 3338; x_wconf 83' lang='lat' dir='ltr'><strong>Quare</strong></span> 
     </span>
    </p>
   </div>
   <div class='ocr_carea' id='block_1_88' title="bbox 1882 3363 3461 3438">
    <p class='ocr_par' dir='ltr' id='par_1_88' title="bbox 1882 3363 3461 3438">
     <span class='ocr_line' id='line_1_88' title="bbox 1882 3363 3461 3438; baseline -0.004 -18"><span class='ocrx_word' id='word_1_671' title='bbox 1882 3366 2052 3437; x_wconf 66' lang='lat'><strong>689</strong></span> <span class='ocrx_word' id='word_1_672' title='bbox 2097 3366 2364 3438; x_wconf 85' lang='lat' dir='ltr'><strong>propheta</strong></span> <span class='ocrx_word' id='word_1_673' title='bbox 2413 3380 2633 3435; x_wconf 81' lang='lat' dir='ltr'><strong>quoque</strong></span> <span class='ocrx_word' id='word_1_674' title='bbox 2680 3364 2881 3421; x_wconf 87' lang='lat' dir='ltr'><strong>asserit</strong></span> <span class='ocrx_word' id='word_1_675' title='bbox 2936 3364 3193 3434; x_wconf 87' lang='lat' dir='ltr'><strong>spiritum</strong></span> <span class='ocrx_word' id='word_1_676' title='bbox 3239 3363 3365 3417; x_wconf 75' lang='lat' dir='ltr'><strong>vita:</strong></span> <span class='ocrx_word' id='word_1_677' title='bbox 3407 3363 3461 3416; x_wconf 91' lang='lat' dir='ltr'><strong>in</strong></span> 
     </span>
    </p>
   </div>
   <div class='ocr_carea' id='block_1_89' title="bbox 1884 3456 3466 3528">
    <p class='ocr_par' dir='ltr' id='par_1_89' title="bbox 1884 3456 3466 3528">
     <span class='ocr_line' id='line_1_89' title="bbox 1884 3456 3466 3528; baseline -0.001 -17"><span class='ocrx_word' id='word_1_678' title='bbox 1884 3458 2024 3513; x_wconf 85' lang='lat' dir='ltr'><strong>rotis</strong></span> <span class='ocrx_word' id='word_1_679' title='bbox 2055 3456 2224 3513; x_wconf 80' lang='lat' dir='ltr'><strong>fuisse</strong></span> <span class='ocrx_word' id='word_1_680' title='bbox 2245 3495 2261 3521; x_wconf 89' lang='lat'><strong>,</strong></span> <span class='ocrx_word' id='word_1_681' title='bbox 2295 3457 2444 3525; x_wconf 85' lang='lat' dir='ltr'><strong>unde</strong></span> <span class='ocrx_word' id='word_1_682' title='bbox 2476 3465 2821 3528; x_wconf 76' lang='lat' dir='ltr'><strong>spontaneus</strong></span> <span class='ocrx_word' id='word_1_683' title='bbox 2862 3463 2919 3512; x_wconf 86' lang='lat' dir='ltr'><strong>et</strong></span> <span class='ocrx_word' id='word_1_684' title='bbox 2950 3456 3303 3511; x_wconf 84' lang='lat' dir='ltr'><strong>voluntarius</strong></span> <span class='ocrx_word' id='word_1_685' title='bbox 3343 3463 3466 3510; x_wconf 81' lang='lat' dir='ltr'><strong>erat</strong></span> 
     </span>
    </p>
   </div>
   <div class='ocr_carea' id='block_1_90' title="bbox 1885 3548 3466 3620">
    <p class='ocr_par' dir='ltr' id='par_1_90' title="bbox 1885 3548 3466 3620">
     <span class='ocr_line' id='line_1_90' title="bbox 1885 3548 3466 3620; baseline -0.003 -16"><span class='ocrx_word' id='word_1_686' title='bbox 1885 3557 2092 3605; x_wconf 88' lang='lat' dir='ltr'><strong>motus.</strong></span> <span class='ocrx_word' id='word_1_687' title='bbox 2140 3548 2330 3620; x_wconf 86' lang='lat' dir='ltr'><strong>Neque</strong></span> <span class='ocrx_word' id='word_1_688' title='bbox 2359 3550 2506 3604; x_wconf 86' lang='lat' dir='ltr'><strong>enim</strong></span> <span class='ocrx_word' id='word_1_689' title='bbox 2539 3560 2686 3606; x_wconf 87' lang='lat' dir='ltr'><strong>temo</strong></span> <span class='ocrx_word' id='word_1_690' title='bbox 2716 3549 2924 3620; x_wconf 90' lang='lat' dir='ltr'><strong>aliquis</strong></span> <span class='ocrx_word' id='word_1_691' title='bbox 2975 3548 3313 3604; x_wconf 83' lang='lat' dir='ltr'><strong>animalibus</strong></span> <span class='ocrx_word' id='word_1_692' title='bbox 3346 3555 3466 3603; x_wconf 86' lang='lat' dir='ltr'><strong>erat</strong></span> 
     </span>
    </p>
   </div>
   <div class='ocr_carea' id='block_1_91' title="bbox 1885 3640 3464 3714">
    <p class='ocr_par' dir='ltr' id='par_1_91' title="bbox 1885 3640 3464 3714">
     <span class='ocr_line' id='line_1_91' title="bbox 1885 3640 3464 3714; baseline -0.004 -16"><span class='ocrx_word' id='word_1_693' title='bbox 1885 3644 2185 3714; x_wconf 89' lang='lat' dir='ltr'><strong>impositus</strong></span> <span class='ocrx_word' id='word_1_694' title='bbox 2207 3682 2223 3707; x_wconf 84' lang='lat'><strong>,</strong></span> <span class='ocrx_word' id='word_1_695' title='bbox 2256 3651 2349 3696; x_wconf 90' lang='lat' dir='ltr'><strong>aut</strong></span> <span class='ocrx_word' id='word_1_696' title='bbox 2374 3642 2567 3713; x_wconf 74' lang='lat' dir='ltr'><strong>iugum</strong></span> <span class='ocrx_word' id='word_1_697' title='bbox 2597 3661 2611 3698; x_wconf 90' lang='lat'><strong>:</strong></span> <span class='ocrx_word' id='word_1_698' title='bbox 2656 3646 2675 3668; x_wconf 82' lang='lat'><strong><em>‘</em></strong></span> <span class='ocrx_word' id='word_1_699' title='bbox 2717 3642 2811 3698; x_wconf 87' lang='lat' dir='ltr'><strong>sed</strong></span> <span class='ocrx_word' id='word_1_700' title='bbox 2842 3642 3075 3712; x_wconf 66' lang='lat' dir='ltr'><strong>praeibat</strong></span> <span class='ocrx_word' id='word_1_701' title='bbox 3103 3640 3325 3711; x_wconf 86' lang='lat' dir='ltr'><strong>quidem</strong></span> <span class='ocrx_word' id='word_1_702' title='bbox 3362 3655 3464 3693; x_wconf 85' lang='lat' dir='ltr'><strong>nu-</strong></span> 
     </span>
    </p>
   </div>
   <div class='ocr_carea' id='block_1_92' title="bbox 1883 3734 3461 3801">
    <p class='ocr_par' dir='ltr' id='par_1_92' title="bbox 1883 3734 3461 3801">
     <span class='ocr_line' id='line_1_92' title="bbox 1883 3734 3461 3801; baseline -0.004 -10"><span class='ocrx_word' id='word_1_703' title='bbox 1883 3734 2015 3801; x_wconf 84' lang='lat' dir='ltr'><strong>bes,</strong></span> <span class='ocrx_word' id='word_1_704' title='bbox 2045 3734 2322 3791; x_wconf 88' lang='lat' dir='ltr'><strong>violentus</strong></span> <span class='ocrx_word' id='word_1_705' title='bbox 2351 3742 2536 3790; x_wconf 86' lang='lat' dir='ltr'><strong>autem</strong></span> <span class='ocrx_word' id='word_1_706' title='bbox 2568 3734 2660 3791; x_wconf 90' lang='lat' dir='ltr'><strong>ille</strong></span> <span class='ocrx_word' id='word_1_707' title='bbox 2690 3749 2754 3789; x_wconf 87' lang='lat' dir='ltr'><strong>ac</strong></span> <span class='ocrx_word' id='word_1_708' title='bbox 2794 3734 3091 3789; x_wconf 79' lang='lat' dir='ltr'><strong>vehemens</strong></span> <span class='ocrx_word' id='word_1_709' title='bbox 3136 3740 3335 3786; x_wconf 82' lang='lat' dir='ltr'><strong>ventus</strong></span> <span class='ocrx_word' id='word_1_710' title='bbox 3374 3745 3461 3785; x_wconf 84' lang='lat' dir='ltr'><strong>se-</strong></span> 
     </span>
    </p>
   </div>
   <div class='ocr_carea' id='block_1_93' title="bbox 1882 3822 3463 3897">
    <p class='ocr_par' dir='ltr' id='par_1_93' title="bbox 1882 3822 3463 3897">
     <span class='ocr_line' id='line_1_93' title="bbox 1882 3822 3463 3897; baseline -0.006 -14"><span class='ocrx_word' id='word_1_711' title='bbox 1882 3826 2178 3897; x_wconf 85' lang='lat' dir='ltr'><strong>quebatur.</strong></span> <span class='ocrx_word' id='word_1_712' title='bbox 2235 3825 2491 3882; x_wconf 87' lang='lat' dir='ltr'><strong>Divinum</strong></span> <span class='ocrx_word' id='word_1_713' title='bbox 2550 3826 2864 3882; x_wconf 84' lang='lat' dir='ltr'><strong>vehiculum</strong></span> <span class='ocrx_word' id='word_1_714' title='bbox 2912 3840 3011 3894; x_wconf 89' lang='lat' dir='ltr'><strong>per</strong></span> <span class='ocrx_word' id='word_1_715' title='bbox 3058 3839 3119 3879; x_wconf 90' lang='lat' dir='ltr'><strong>se</strong></span> <span class='ocrx_word' id='word_1_716' title='bbox 3165 3822 3463 3888; x_wconf 76' lang='lat' dir='ltr'><strong>currebat,</strong></span> 
     </span>
    </p>
   </div>
   <div class='ocr_carea' id='block_1_94' title="bbox 1884 3911 3458 3987">
    <p class='ocr_par' dir='ltr' id='par_1_94' title="bbox 1884 3911 3458 3987">
     <span class='ocr_line' id='line_1_94' title="bbox 1884 3911 3458 3987; baseline -0.006 -12"><span class='ocrx_word' id='word_1_717' title='bbox 1884 3919 2215 3975; x_wconf 79' lang='lat' dir='ltr'><strong>animalibus</strong></span> <span class='ocrx_word' id='word_1_718' title='bbox 2241 3916 2646 3987; x_wconf 66' lang='lat' dir='ltr'><strong>praeeuntibus,</strong></span> <span class='ocrx_word' id='word_1_719' title='bbox 2675 3917 2815 3972; x_wconf 84' lang='lat' dir='ltr'><strong>rotis</strong></span> <span class='ocrx_word' id='word_1_720' title='bbox 2839 3923 3023 3970; x_wconf 88' lang='lat' dir='ltr'><strong>autem</strong></span> <span class='ocrx_word' id='word_1_721' title='bbox 3052 3931 3147 3985; x_wconf 89' lang='lat' dir='ltr'><strong>per</strong></span> <span class='ocrx_word' id='word_1_722' title='bbox 3175 3921 3234 3971; x_wconf 68' lang='lat' dir='ltr'><strong>te</strong></span> <span class='ocrx_word' id='word_1_723' title='bbox 3266 3911 3458 3976; x_wconf 85' lang='lat' dir='ltr'><strong>motis,</strong></span> 
     </span>
    </p>
   </div>
   <div class='ocr_carea' id='block_1_95' title="bbox 1884 4005 3462 4079">
    <p class='ocr_par' dir='ltr' id='par_1_95' title="bbox 1884 4005 3462 4079">
     <span class='ocr_line' id='line_1_95' title="bbox 1884 4005 3462 4079; baseline -0.004 -13"><span class='ocrx_word' id='word_1_724' title='bbox 1884 4017 1941 4066; x_wconf 85' lang='lat' dir='ltr'><strong>et</strong></span> <span class='ocrx_word' id='word_1_725' title='bbox 1967 4009 2022 4065; x_wconf 86' lang='lat' dir='ltr'><strong>in</strong></span> <span class='ocrx_word' id='word_1_726' title='bbox 2055 4016 2296 4079; x_wconf 88' lang='lat' dir='ltr'><strong>quatuor</strong></span> <span class='ocrx_word' id='word_1_727' title='bbox 2329 4018 2516 4079; x_wconf 85' lang='lat' dir='ltr'><strong>partes</strong></span> <span class='ocrx_word' id='word_1_728' title='bbox 2545 4009 2807 4064; x_wconf 87' lang='lat' dir='ltr'><strong>irretorto</strong></span> <span class='ocrx_word' id='word_1_729' title='bbox 2840 4024 3014 4064; x_wconf 88' lang='lat' dir='ltr'><strong>cursu</strong></span> <span class='ocrx_word' id='word_1_730' title='bbox 3046 4007 3196 4064; x_wconf 86' lang='lat' dir='ltr'><strong>latis.</strong></span> <span class='ocrx_word' id='word_1_731' title='bbox 3237 4025 3255 4058; x_wconf 84' lang='grc' dir='ltr'><strong>ι</strong></span> <span class='ocrx_word' id='word_1_732' title='bbox 3289 4005 3462 4059; x_wconf 86' lang='lat' dir='ltr'><strong>Dorsa</strong></span> 
     </span>
    </p>
   </div>
   <div class='ocr_carea' id='block_1_96' title="bbox 1884 4093 3467 4168">
    <p class='ocr_par' dir='ltr' id='par_1_96' title="bbox 1884 4093 3467 4168">
     <span class='ocr_line' id='line_1_96' title="bbox 1884 4093 3467 4168; baseline -0.003 -16"><span class='ocrx_word' id='word_1_733' title='bbox 1884 4097 2031 4152; x_wconf 89' lang='lat' dir='ltr'><strong>enim</strong></span> <span class='ocrx_word' id='word_1_734' title='bbox 2072 4098 2317 4168; x_wconf 85' lang='lat' dir='ltr'><strong>ipsarum</strong></span> <span class='ocrx_word' id='word_1_735' title='bbox 2364 4098 2562 4166; x_wconf 85' lang='lat' dir='ltr'><strong>plena,</strong></span> <span class='ocrx_word' id='word_1_736' title='bbox 2608 4096 2820 4167; x_wconf 87' lang='lat' dir='ltr'><strong>inquit,</strong></span> <span class='ocrx_word' id='word_1_737' title='bbox 2865 4096 3041 4152; x_wconf 90' lang='lat' dir='ltr'><strong>oculis</strong></span> <span class='ocrx_word' id='word_1_738' title='bbox 3087 4103 3275 4157; x_wconf 88' lang='lat' dir='ltr'><strong>erant,</strong></span> <span class='ocrx_word' id='word_1_739' title='bbox 3309 4112 3328 4145; x_wconf 65' lang='grc' dir='ltr'><strong>ι</strong></span> <span class='ocrx_word' id='word_1_740' title='bbox 3363 4093 3467 4147; x_wconf 87' lang='lat' dir='ltr'><strong>hoc</strong></span> 
     </span>
    </p>
   </div>
   <div class='ocr_carea' id='block_1_97' title="bbox 1885 4183 3464 4258">
    <p class='ocr_par' dir='ltr' id='par_1_97' title="bbox 1885 4183 3464 4258">
     <span class='ocr_line' id='line_1_97' title="bbox 1885 4183 3464 4258; baseline -0.006 -14"><span class='ocrx_word' id='word_1_741' title='bbox 1885 4200 1970 4244; x_wconf 78' lang='grc' dir='ltr'><strong>εει</strong></span> <span class='ocrx_word' id='word_1_742' title='bbox 1992 4229 2009 4254; x_wconf 94' lang='grc'><strong>,</strong></span> <span class='ocrx_word' id='word_1_743' title='bbox 2050 4188 2211 4257; x_wconf 87' lang='lat' dir='ltr'><strong>plena</strong></span> <span class='ocrx_word' id='word_1_744' title='bbox 2244 4194 2405 4242; x_wconf 88' lang='lat' dir='ltr'><strong>erant</strong></span> <span class='ocrx_word' id='word_1_745' title='bbox 2435 4188 2756 4258; x_wconf 74' lang='lat' dir='ltr'><strong>cognitione</strong></span> <span class='ocrx_word' id='word_1_746' title='bbox 2778 4225 2794 4252; x_wconf 87' lang='lat'><strong>,</strong></span> <span class='ocrx_word' id='word_1_747' title='bbox 2836 4186 2987 4256; x_wconf 90' lang='lat' dir='ltr'><strong>quod</strong></span> <span class='ocrx_word' id='word_1_748' title='bbox 3022 4184 3322 4240; x_wconf 77' lang='lat' dir='ltr'><strong>Cheruhim</strong></span> <span class='ocrx_word' id='word_1_749' title='bbox 3375 4183 3464 4236; x_wconf 91' lang='lat' dir='ltr'><strong>in-</strong></span> 
     </span>
    </p>
   </div>
   <div class='ocr_carea' id='block_1_98' title="bbox 1883 4275 3462 4350">
    <p class='ocr_par' dir='ltr' id='par_1_98' title="bbox 1883 4275 3462 4350">
     <span class='ocr_line' id='line_1_98' title="bbox 1883 4275 3462 4350; baseline -0.007 -15"><span class='ocrx_word' id='word_1_750' title='bbox 1883 4280 2207 4350; x_wconf 87' lang='lat' dir='ltr'><strong>terpretatio</strong></span> <span class='ocrx_word' id='word_1_751' title='bbox 2234 4279 2500 4334; x_wconf 88' lang='lat' dir='ltr'><strong>declarat.</strong></span> <span class='ocrx_word' id='word_1_752' title='bbox 2534 4280 2820 4349; x_wconf 83' lang='lat' dir='ltr'><strong>Siquidem</strong></span> <span class='ocrx_word' id='word_1_753' title='bbox 2850 4280 2905 4332; x_wconf 90' lang='lat' dir='ltr'><strong>in</strong></span> <span class='ocrx_word' id='word_1_754' title='bbox 2938 4277 3189 4334; x_wconf 63' lang='lat' dir='ltr'><strong>Graecam</strong></span> <span class='ocrx_word' id='word_1_755' title='bbox 3220 4275 3462 4344; x_wconf 76' lang='lat' dir='ltr'><strong>linguam</strong></span> 
     </span>
    </p>
   </div>
   <div class='ocr_carea' id='block_1_99' title="bbox 1884 4369 3287 4440">
    <p class='ocr_par' dir='ltr' id='par_1_99' title="bbox 1884 4369 3287 4440">
     <span class='ocr_line' id='line_1_99' title="bbox 1884 4369 3287 4440; baseline -0.005 -15"><span class='ocrx_word' id='word_1_756' title='bbox 1884 4372 2223 4427; x_wconf 87' lang='lat' dir='ltr'><strong>translatum</strong></span> <span class='ocrx_word' id='word_1_757' title='bbox 2256 4386 2459 4426; x_wconf 89' lang='lat' dir='ltr'><strong>nomen</strong></span> <span class='ocrx_word' id='word_1_758' title='bbox 2487 4371 2823 4440; x_wconf 87' lang='lat' dir='ltr'><strong>cognitionis</strong></span> <span class='ocrx_word' id='word_1_759' title='bbox 2853 4369 3069 4438; x_wconf 87' lang='lat' dir='ltr'><strong>copiam</strong></span> <span class='ocrx_word' id='word_1_760' title='bbox 3103 4372 3287 4422; x_wconf 84' lang='lat' dir='ltr'><strong>sonat.</strong></span> 
     </span>
    </p>
   </div>
   <div class='ocr_carea' id='block_1_100' title="bbox 1954 4540 3465 4612">
    <p class='ocr_par' dir='ltr' id='par_1_100' title="bbox 1954 4540 3465 4612">
     <span class='ocr_line' id='line_1_100' title="bbox 1954 4540 3465 4612; baseline -0.007 -12"><span class='ocrx_word' id='word_1_761' title='bbox 1954 4546 2125 4603; x_wconf 73' lang='lat' dir='ltr'><strong>Vens.</strong></span> <span class='ocrx_word' id='word_1_762' title='bbox 2161 4545 2351 4601; x_wconf 68' lang='grc' dir='ltr'><strong>ΞΞ-Ξδ.</strong></span> <span class='ocrx_word' id='word_1_763' title='bbox 2388 4544 2458 4598; x_wconf 88' lang='lat' dir='ltr'><strong>Et</strong></span> <span class='ocrx_word' id='word_1_764' title='bbox 2491 4543 2826 4608; x_wconf 77' lang='lat' dir='ltr'><strong>similitudo,</strong></span> <span class='ocrx_word' id='word_1_765' title='bbox 2866 4540 3087 4612; x_wconf 87' lang='lat' dir='ltr'><strong>inquit,</strong></span> <span class='ocrx_word' id='word_1_766' title='bbox 3122 4554 3277 4608; x_wconf 84' lang='lat' dir='ltr'><strong>super</strong></span> <span class='ocrx_word' id='word_1_767' title='bbox 3307 4545 3465 4605; x_wconf 84' lang='lat' dir='ltr'><strong>caput</strong></span> 
     </span>
    </p>
   </div>
   <div class='ocr_carea' id='block_1_101' title="bbox 1886 4628 3468 4710">
    <p class='ocr_par' dir='ltr' id='par_1_101' title="bbox 1886 4628 3468 4710">
     <span class='ocr_line' id='line_1_101' title="bbox 1886 4628 3468 4710; baseline -0.007 -18"><span class='ocrx_word' id='word_1_768' title='bbox 1886 4641 2124 4710; x_wconf 86' lang='lat' dir='ltr'><strong>ipsorum</strong></span> <span class='ocrx_word' id='word_1_769' title='bbox 2181 4636 2531 4699; x_wconf 77' lang='lat' dir='ltr'><strong>animalium,</strong></span> <span class='ocrx_word' id='word_1_770' title='bbox 2600 4635 2754 4701; x_wconf 86' lang='lat' dir='ltr'><strong>quasi</strong></span> <span class='ocrx_word' id='word_1_771' title='bbox 2815 4633 3244 4702; x_wconf 82' lang='lat' dir='ltr'><strong>ﬁrmamentum,</strong></span> <span class='ocrx_word' id='word_1_772' title='bbox 3315 4628 3468 4698; x_wconf 82' lang='lat' dir='ltr'><strong>quasi</strong></span> 
     </span>
    </p>
   </div>
   <div class='ocr_carea' id='block_1_102' title="bbox 1890 4724 3466 4800">
    <p class='ocr_par' dir='ltr' id='par_1_102' title="bbox 1890 4724 3466 4800">
     <span class='ocr_line' id='line_1_102' title="bbox 1890 4724 3466 4800; baseline -0.008 -14"><span class='ocrx_word' id='word_1_773' title='bbox 1890 4740 2133 4800; x_wconf 87' lang='lat' dir='ltr'><strong>aspectus</strong></span> <span class='ocrx_word' id='word_1_774' title='bbox 2161 4727 2406 4799; x_wconf 83' lang='lat' dir='ltr'><strong>crystalli</strong></span> <span class='ocrx_word' id='word_1_775' title='bbox 2466 4724 2746 4789; x_wconf 86' lang='lat' dir='ltr'><strong>terribilis,</strong></span> <span class='ocrx_word' id='word_1_776' title='bbox 2774 4724 2977 4778; x_wconf 72' lang='lat' dir='ltr'><strong>extensi</strong></span> <span class='ocrx_word' id='word_1_777' title='bbox 3004 4738 3160 4792; x_wconf 87' lang='lat' dir='ltr'><strong>super</strong></span> <span class='ocrx_word' id='word_1_778' title='bbox 3188 4730 3346 4788; x_wconf 80' lang='lat' dir='ltr'><strong>caput</strong></span> <span class='ocrx_word' id='word_1_779' title='bbox 3373 4737 3466 4774; x_wconf 87' lang='lat' dir='ltr'><strong>eo-</strong></span> 
     </span>
    </p>
   </div>
   <div class='ocr_carea' id='block_1_103' title="bbox 1889 4814 3468 4888">
    <p class='ocr_par' dir='ltr' id='par_1_103' title="bbox 1889 4814 3468 4888">
     <span class='ocr_line' id='line_1_103' title="bbox 1889 4814 3468 4888; baseline -0.008 -12"><span class='ocrx_word' id='word_1_780' title='bbox 1889 4840 2008 4876; x_wconf 88' lang='lat' dir='ltr'><strong>rum</strong></span> <span class='ocrx_word' id='word_1_781' title='bbox 2039 4821 2278 4888; x_wconf 86' lang='lat' dir='ltr'><strong>desuper.</strong></span> <span class='ocrx_word' id='word_1_782' title='bbox 2315 4818 2382 4871; x_wconf 82' lang='lat' dir='ltr'><strong>Et</strong></span> <span class='ocrx_word' id='word_1_783' title='bbox 2407 4818 2502 4871; x_wconf 88' lang='lat' dir='ltr'><strong>sub</strong></span> <span class='ocrx_word' id='word_1_784' title='bbox 2536 4818 2868 4886; x_wconf 85' lang='lat' dir='ltr'><strong>ﬁrmamento</strong></span> <span class='ocrx_word' id='word_1_785' title='bbox 2898 4815 2998 4868; x_wconf 80' lang='lat' dir='ltr'><strong>alte</strong></span> <span class='ocrx_word' id='word_1_786' title='bbox 3030 4814 3266 4883; x_wconf 85' lang='lat' dir='ltr'><strong>ipsorum</strong></span> <span class='ocrx_word' id='word_1_787' title='bbox 3295 4822 3468 4866; x_wconf 75' lang='lat' dir='ltr'><strong>exten-</strong></span> 
     </span>
    </p>
   </div>
   <div class='ocr_carea' id='block_1_104' title="bbox 1888 4905 3465 4977">
    <p class='ocr_par' dir='ltr' id='par_1_104' title="bbox 1888 4905 3465 4977">
     <span class='ocr_line' id='line_1_104' title="bbox 1888 4905 3465 4977; baseline -0.008 -7"><span class='ocrx_word' id='word_1_788' title='bbox 1888 4930 1996 4976; x_wconf 80' lang='lat' dir='ltr'><strong>ste,</strong></span> <span class='ocrx_word' id='word_1_789' title='bbox 2030 4913 2262 4967; x_wconf 86' lang='lat' dir='ltr'><strong>volantes</strong></span> <span class='ocrx_word' id='word_1_790' title='bbox 2297 4909 2471 4963; x_wconf 87' lang='lat' dir='ltr'><strong>altera</strong></span> <span class='ocrx_word' id='word_1_791' title='bbox 2498 4907 2566 4960; x_wconf 88' lang='lat' dir='ltr'><strong>ad</strong></span> <span class='ocrx_word' id='word_1_792' title='bbox 2599 4905 2856 4972; x_wconf 85' lang='lat' dir='ltr'><strong>alteram,</strong></span> <span class='ocrx_word' id='word_1_793' title='bbox 2889 4906 3170 4977; x_wconf 84' lang='lat' dir='ltr'><strong>unicuique</strong></span> <span class='ocrx_word' id='word_1_794' title='bbox 3201 4907 3322 4961; x_wconf 71' lang='lat' dir='ltr'><strong>duce</strong></span> <span class='ocrx_word' id='word_1_795' title='bbox 3376 4922 3465 4959; x_wconf 90' lang='lat' dir='ltr'><strong>co-</strong></span> 
     </span>
    </p>
   </div>
   <div class='ocr_carea' id='block_1_105' title="bbox 1893 4997 3463 5074">
    <p class='ocr_par' dir='ltr' id='par_1_105' title="bbox 1893 4997 3463 5074">
     <span class='ocr_line' id='line_1_105' title="bbox 1893 4997 3463 5074; baseline -0.007 -15"><span class='ocrx_word' id='word_1_796' title='bbox 1893 5005 2182 5074; x_wconf 83' lang='lat' dir='ltr'><strong>operieutes</strong></span> <span class='ocrx_word' id='word_1_797' title='bbox 2210 5015 2435 5071; x_wconf 84' lang='lat' dir='ltr'><strong>corpora</strong></span> <span class='ocrx_word' id='word_1_798' title='bbox 2460 4999 2717 5068; x_wconf 84' lang='lat' dir='ltr'><strong>ipsorum.</strong></span> <span class='ocrx_word' id='word_1_799' title='bbox 2753 4997 2820 5052; x_wconf 89' lang='lat' dir='ltr'><strong>Et</strong></span> <span class='ocrx_word' id='word_1_800' title='bbox 2847 4997 3024 5053; x_wconf 83' lang='lat' dir='ltr'><strong>audivi</strong></span> <span class='ocrx_word' id='word_1_801' title='bbox 3051 5013 3224 5053; x_wconf 85' lang='lat' dir='ltr'><strong>vocem</strong></span> <span class='ocrx_word' id='word_1_802' title='bbox 3254 4999 3463 5051; x_wconf 87' lang='lat' dir='ltr'><strong>alarum</strong></span> 
     </span>
    </p>
   </div>
   <div class='ocr_carea' id='block_1_106' title="bbox 1472 5323 2161 5384">
    <p class='ocr_par' dir='ltr' id='par_1_106' title="bbox 1472 5323 2161 5384">
     <span class='ocr_line' id='line_1_106' title="bbox 1472 5323 2161 5384; baseline -0.006 0"><span class='ocrx_word' id='word_1_803' title='bbox 1472 5328 1560 5384; x_wconf 82' lang='lat' dir='ltr'><strong>VA</strong></span> <span class='ocrx_word' id='word_1_804' title='bbox 1571 5325 1710 5383; x_wconf 66' lang='lat' dir='ltr'><strong>BIIE</strong></span> <span class='ocrx_word' id='word_1_805' title='bbox 1750 5324 2048 5382; x_wconf 84' lang='lat' dir='ltr'><strong>LECTION</strong></span> <span class='ocrx_word' id='word_1_806' title='bbox 2056 5323 2161 5381; x_wconf 82' lang='lat' dir='ltr'><strong>ES.</strong></span> 
     </span>
    </p>
   </div>
   <div class='ocr_carea' id='block_1_107' title="bbox 284 5435 3463 5514">
    <p class='ocr_par' dir='ltr' id='par_1_107' title="bbox 284 5435 3463 5514">
     <span class='ocr_line' id='line_1_107' title="bbox 284 5435 3463 5514; baseline -0.003 -14"><span class='ocrx_word' id='word_1_807' title='bbox 284 5445 329 5479; x_wconf 75' lang='lat'><strong><em>“</em></strong></span> <span class='ocrx_word' id='word_1_808' title='bbox 365 5445 492 5502; x_wconf 82' lang='lat' dir='ltr'><strong>Rec.</strong></span> <span class='ocrx_word' id='word_1_809' title='bbox 522 5445 686 5501; x_wconf 86' lang='lat' dir='ltr'><strong>lectio</strong></span> <span class='ocrx_word' id='word_1_810' title='bbox 710 5451 819 5509; x_wconf 83' lang='lat' dir='ltr'><strong>est,</strong></span> <span class='ocrx_word' id='word_1_811' title='bbox 845 5443 1006 5514; x_wconf 78' lang='grc' dir='ltr'>αὐτὰ,</span> <span class='ocrx_word' id='word_1_812' title='bbox 1030 5445 1124 5499; x_wconf 75' lang='grc' dir='ltr'><strong>καὶ</strong></span> <span class='ocrx_word' id='word_1_813' title='bbox 1156 5446 1226 5500; x_wconf 82' lang='grc' dir='ltr'><strong>οἱ.</strong></span> <span class='ocrx_word' id='word_1_814' title='bbox 1306 5445 1350 5477; x_wconf 76' lang='grc'><strong><em>⁵⁵</em></strong></span> <span class='ocrx_word' id='word_1_815' title='bbox 1389 5443 1571 5514; x_wconf 82' lang='grc' dir='ltr'>ὥρμα.</span> <span class='ocrx_word' id='word_1_816' title='bbox 1607 5443 1731 5499; x_wconf 80' lang='lat' dir='ltr'><strong>Des.</strong></span> <span class='ocrx_word' id='word_1_817' title='bbox 1761 5442 1909 5514; x_wconf 85' lang='lat' dir='ltr'><strong>apud</strong></span> <span class='ocrx_word' id='word_1_818' title='bbox 1936 5440 2099 5514; x_wconf 74' lang='lat' dir='ltr'><strong>LXX.</strong></span> <span class='ocrx_word' id='word_1_819' title='bbox 2174 5441 2219 5473; x_wconf 76' lang='grc'><strong>’⁸</strong></span> <span class='ocrx_word' id='word_1_820' title='bbox 2235 5437 2620 5514; x_wconf 23' lang='grc' dir='ltr'>ξτᾶΑ-ςτροχυί,</span> <span class='ocrx_word' id='word_1_821' title='bbox 2649 5435 2722 5514; x_wconf 74' lang='lat' dir='ltr'><strong>lla</strong></span> <span class='ocrx_word' id='word_1_822' title='bbox 2754 5438 3019 5514; x_wconf 30' lang='lat' dir='ltr'><strong>Alexlcui</strong></span> <span class='ocrx_word' id='word_1_823' title='bbox 3051 5437 3207 5493; x_wconf 86' lang='lat' dir='ltr'><strong>etiam</strong></span> <span class='ocrx_word' id='word_1_824' title='bbox 3232 5453 3463 5514; x_wconf 49' lang='lat' dir='ltr'><strong>respou-</strong></span> 
     </span>
    </p>
   </div>
   <div class='ocr_carea' id='block_1_108' title="bbox 212 5514 1399 5586">
    <p class='ocr_par' dir='ltr' id='par_1_108' title="bbox 212 5514 1399 5586">
     <span class='ocr_line' id='line_1_108' title="bbox 212 5514 1399 5586; baseline -0.002 -16"><span class='ocrx_word' id='word_1_825' title='bbox 212 5514 362 5581; x_wconf 86' lang='lat' dir='ltr'><strong>dent,</strong></span> <span class='ocrx_word' id='word_1_826' title='bbox 390 5531 510 5586; x_wconf 66' lang='lat' dir='ltr'><strong>quae</strong></span> <span class='ocrx_word' id='word_1_827' title='bbox 526 5523 669 5586; x_wconf 81' lang='lat' dir='ltr'><strong>sunt</strong></span> <span class='ocrx_word' id='word_1_828' title='bbox 694 5516 966 5585; x_wconf 79' lang='lat' dir='ltr'><strong>proxima.</strong></span> <span class='ocrx_word' id='word_1_829' title='bbox 1041 5517 1086 5548; x_wconf 86' lang='lat'><strong>&quot;’</strong></span> <span class='ocrx_word' id='word_1_830' title='bbox 1128 5532 1289 5583; x_wconf 89' lang='grc' dir='ltr'>συγκ.</span> <span class='ocrx_word' id='word_1_831' title='bbox 1323 5514 1399 5569; x_wconf 85' lang='lat' dir='ltr'><strong>Ita</strong></span> 
     </span>
    </p>
   </div>
   <div class='ocr_carea' id='block_1_109' title="bbox 215 5585 1663 5655">
    <p class='ocr_par' dir='ltr' id='par_1_109' title="bbox 215 5585 1663 5655">
     <span class='ocr_line' id='line_1_109' title="bbox 215 5585 1663 5655; baseline -0.003 -14"><span class='ocrx_word' id='word_1_832' title='bbox 215 5585 466 5642; x_wconf 83' lang='lat' dir='ltr'><strong>memoria</strong></span> <span class='ocrx_word' id='word_1_833' title='bbox 524 5585 817 5655; x_wconf 22' lang='lat' dir='ltr'><strong>locnsﬂiste</strong></span> <span class='ocrx_word' id='word_1_834' title='bbox 837 5627 853 5653; x_wconf 92' lang='lat'><strong>,</strong></span> <span class='ocrx_word' id='word_1_835' title='bbox 882 5594 940 5639; x_wconf 92' lang='lat' dir='ltr'><strong>ut</strong></span> <span class='ocrx_word' id='word_1_836' title='bbox 970 5585 1212 5649; x_wconf 84' lang='lat' dir='ltr'><strong>videtur,</strong></span> <span class='ocrx_word' id='word_1_837' title='bbox 1241 5600 1533 5655; x_wconf 83' lang='lat' dir='ltr'><strong>expressus</strong></span> <span class='ocrx_word' id='word_1_838' title='bbox 1561 5594 1663 5639; x_wconf 89' lang='lat' dir='ltr'><strong>est.</strong></span> 
     </span>
    </p>
   </div>
   <div class='ocr_carea' id='block_1_110' title="bbox 214 5653 789 5712">
    <p class='ocr_par' dir='ltr' id='par_1_110' title="bbox 214 5653 789 5712">
     <span class='ocr_line' id='line_1_110' title="bbox 214 5653 789 5712; baseline 0 -3"><span class='ocrx_word' id='word_1_839' title='bbox 214 5657 319 5711; x_wconf 81' lang='lat' dir='ltr'><strong>Sed</strong></span> <span class='ocrx_word' id='word_1_840' title='bbox 347 5658 504 5712; x_wconf 86' lang='lat' dir='ltr'><strong>aliter</strong></span> <span class='ocrx_word' id='word_1_841' title='bbox 539 5658 590 5710; x_wconf 80' lang='lat' dir='ltr'><strong>oi</strong></span> <span class='ocrx_word' id='word_1_842' title='bbox 622 5653 789 5709; x_wconf 82' lang='lat' dir='ltr'><strong>LXX.</strong></span> 
     </span>
    </p>
   </div>
   <div class='ocr_carea' id='block_1_111' title="bbox 1498 5510 2595 5615">
    <p class='ocr_par' dir='ltr' id='par_1_111' title="bbox 1498 5510 2595 5615">
     <span class='ocr_line' id='line_1_111' title="bbox 1498 5510 2595 5615; baseline -0.005 -47"><span class='ocrx_word' id='word_1_843' title='bbox 1498 5530 1595 5583; x_wconf 90' lang='lat' dir='ltr'><strong>pro</strong></span> <span class='ocrx_word' id='word_1_844' title='bbox 1624 5510 2145 5615; x_wconf 52' lang='grc' dir='ltr'>ρ’.)γκξξταλλὰττωνῇ</span> <span class='ocrx_word' id='word_1_845' title='bbox 2156 5520 2214 5564; x_wconf 88' lang='lat' dir='ltr'><strong>ut</strong></span> <span class='ocrx_word' id='word_1_846' title='bbox 2234 5511 2300 5593; x_wconf 58' lang='lat' dir='ltr'><strong>lia</strong></span> <span class='ocrx_word' id='word_1_847' title='bbox 2308 5512 2388 5615; x_wconf 59' lang='grc' dir='ltr'><strong>1)εέξ</strong></span> <span class='ocrx_word' id='word_1_848' title='bbox 2378 5510 2471 5564; x_wconf 83' lang='lat' dir='ltr'><strong>bat</strong></span> <span class='ocrx_word' id='word_1_849' title='bbox 2486 5510 2569 5610; x_wconf 47' lang='lat' dir='ltr'><strong>sed</strong></span> <span class='ocrx_word' id='word_1_850' title='bbox 2582 5547 2595 5562; x_wconf 90' lang='lat'><strong>.</strong></span> 
     </span>
     <span class='ocr_line' id='line_1_112' title="bbox 1498 5596 2595 5615; baseline 0 0"><span class='ocrx_word' id='word_1_851' title='bbox 1498 5601 1532 5615; x_wconf 33' lang='grc' dir='ltr'><strong>χι.</strong></span> <span class='ocrx_word' id='word_1_852' title='bbox 1562 5600 1617 5615; x_wconf 63' lang='grc' dir='ltr'><strong>ηρ</strong></span> <span class='ocrx_word' id='word_1_853' title='bbox 1834 5601 1866 5615; x_wconf 69' lang='grc' dir='ltr'><strong><em>ν</em></strong></span> <span class='ocrx_word' id='word_1_854' title='bbox 1894 5600 2047 5615; x_wconf 57' lang='grc' dir='ltr'><strong>...ην</strong></span> <span class='ocrx_word' id='word_1_855' title='bbox 2150 5597 2206 5615; x_wconf 68' lang='grc' dir='ltr'>οε</span> <span class='ocrx_word' id='word_1_856' title='bbox 2262 5597 2315 5615; x_wconf 79' lang='grc' dir='ltr'><strong>,η</strong></span> <span class='ocrx_word' id='word_1_857' title='bbox 2566 5596 2595 5615; x_wconf 75' lang='grc' dir='ltr'><em>η</em></span> 
     </span>
    </p>
   </div>
   <div class='ocr_carea' id='block_1_112' title="bbox 883 5579 2494 5731">
    <p class='ocr_par' dir='ltr' id='par_1_112' title="bbox 883 5579 2494 5731">
     <span class='ocr_line' id='line_1_113' title="bbox 883 5579 2494 5655; baseline -0.003 -17"><span class='ocrx_word' id='word_1_858' title='bbox 883 5594 940 5639; x_wconf 92' lang='lat' dir='ltr'><strong>ut</strong></span> <span class='ocrx_word' id='word_1_859' title='bbox 970 5579 1218 5649; x_wconf 62' lang='lat' dir='ltr'><strong>videtur,</strong></span> <span class='ocrx_word' id='word_1_860' title='bbox 1241 5579 1533 5655; x_wconf 73' lang='lat' dir='ltr'><strong>expressus</strong></span> <span class='ocrx_word' id='word_1_861' title='bbox 1561 5594 1663 5639; x_wconf 88' lang='lat' dir='ltr'><strong>est.</strong></span> <span class='ocrx_word' id='word_1_862' title='bbox 1703 5579 1712 5582; x_wconf 67' lang='grc'>’</span> <span class='ocrx_word' id='word_1_863' title='bbox 1761 5584 1806 5615; x_wconf 77' lang='grc' dir='ltr'>’θ</span> <span class='ocrx_word' id='word_1_864' title='bbox 1834 5584 2067 5651; x_wconf 86' lang='grc' dir='ltr'>κίνησις.</span> <span class='ocrx_word' id='word_1_865' title='bbox 2106 5582 2230 5635; x_wconf 88' lang='lat' dir='ltr'><strong>Des.</strong></span> <span class='ocrx_word' id='word_1_866' title='bbox 2261 5581 2316 5635; x_wconf 89' lang='lat' dir='ltr'><strong>in</strong></span> <span class='ocrx_word' id='word_1_867' title='bbox 2346 5579 2407 5633; x_wconf 92' lang='lat' dir='ltr'><strong>B.</strong></span> <span class='ocrx_word' id='word_1_868' title='bbox 2486 5580 2494 5610; x_wconf 77' lang='grc'>³</span> 
     </span>
     <span class='ocr_line' id='line_1_114' title="bbox 883 5650 2494 5731; baseline -0.004 -24"><span class='ocrx_word' id='word_1_869' title='bbox 883 5655 925 5687; x_wconf 86' lang='grc'><strong>³¹</strong></span> <span class='ocrx_word' id='word_1_870' title='bbox 952 5655 1267 5731; x_wconf 44' lang='grc' dir='ltr'>πτερηῡεελ</span> <span class='ocrx_word' id='word_1_871' title='bbox 1304 5656 1358 5708; x_wconf 84' lang='grc' dir='ltr'>ἰη</span> <span class='ocrx_word' id='word_1_872' title='bbox 1397 5654 1562 5731; x_wconf 66' lang='lat' dir='ltr'><strong>ﬂebr.</strong></span> <span class='ocrx_word' id='word_1_873' title='bbox 1624 5655 1685 5731; x_wconf 74' lang='lat'><strong>_&quot;</strong></span> <span class='ocrx_word' id='word_1_874' title='bbox 1720 5651 1848 5707; x_wconf 85' lang='lat' dir='ltr'><strong>Rcc.</strong></span> <span class='ocrx_word' id='word_1_875' title='bbox 1878 5654 2014 5731; x_wconf 47' lang='lat' dir='ltr'><strong>lect;</strong></span> <span class='ocrx_word' id='word_1_876' title='bbox 2034 5651 2194 5731; x_wconf 72' lang='grc' dir='ltr'>ἑτέρα</span> <span class='ocrx_word' id='word_1_877' title='bbox 2220 5654 2284 5722; x_wconf 82' lang='grc' dir='ltr'>τῇ</span> <span class='ocrx_word' id='word_1_878' title='bbox 2315 5650 2494 5731; x_wconf 60' lang='grc' dir='ltr'>ἑτέρα.</span> 
     </span>
    </p>
   </div>
   <div class='ocr_carea' id='block_1_113' title="bbox 2635 5507 3457 5577">
    <p class='ocr_par' dir='ltr' id='par_1_113' title="bbox 2635 5507 3457 5577">
     <span class='ocr_line' id='line_1_115' title="bbox 2635 5507 3457 5577; baseline 0.001 -17"><span class='ocrx_word' id='word_1_879' title='bbox 2635 5509 2803 5577; x_wconf 89' lang='lat' dir='ltr'><strong>prior.</strong></span> <span class='ocrx_word' id='word_1_880' title='bbox 2885 5510 2929 5541; x_wconf 69' lang='grc'><strong>’⁸</strong></span> <span class='ocrx_word' id='word_1_881' title='bbox 2967 5513 3097 5573; x_wconf 81' lang='grc' dir='ltr'>εἴτε,</span> <span class='ocrx_word' id='word_1_882' title='bbox 3129 5526 3181 5562; x_wconf 85' lang='grc' dir='ltr'>κ.</span> <span class='ocrx_word' id='word_1_883' title='bbox 3213 5525 3262 5558; x_wconf 88' lang='grc' dir='ltr'><strong>τ.</strong></span> <span class='ocrx_word' id='word_1_884' title='bbox 3293 5508 3345 5577; x_wconf 75' lang='grc' dir='ltr'>λ.</span> <span class='ocrx_word' id='word_1_885' title='bbox 3383 5507 3457 5562; x_wconf 82' lang='lat' dir='ltr'><strong>Ex</strong></span> 
     </span>
    </p>
   </div>
   <div class='ocr_carea' id='block_1_114' title="bbox 2566 5576 3457 5650">
    <p class='ocr_par' dir='ltr' id='par_1_114' title="bbox 2566 5576 3457 5650">
     <span class='ocr_line' id='line_1_116' title="bbox 2566 5576 3457 5650; baseline 0.002 -20"><span class='ocrx_word' id='word_1_886' title='bbox 2566 5576 3136 5650; x_wconf 66' lang='lat' dir='ltr'><strong>cqu.—_brrepdv¢oeev.</strong></span> <span class='ocrx_word' id='word_1_887' title='bbox 3174 5580 3250 5650; x_wconf 72' lang='lat' dir='ltr'><strong>lla</strong></span> <span class='ocrx_word' id='word_1_888' title='bbox 3292 5576 3457 5650; x_wconf 57' lang='lat' dir='ltr'><strong>Hebr.</strong></span> 
     </span>
    </p>
   </div>
   <div class='ocr_carea' id='block_1_115' title="bbox 2597 5646 3457 5718">
    <p class='ocr_par' dir='ltr' id='par_1_115' title="bbox 2597 5646 3457 5718">
     <span class='ocr_line' id='line_1_117' title="bbox 2597 5646 3457 5718; baseline 0.005 -18"><span class='ocrx_word' id='word_1_889' title='bbox 2597 5648 2641 5679; x_wconf 83' lang='grc'>³³</span> <span class='ocrx_word' id='word_1_890' title='bbox 2671 5646 2886 5718; x_wconf 70' lang='grc' dir='ltr'>ἑκάστῳ</span> <span class='ocrx_word' id='word_1_891' title='bbox 2916 5679 2975 5688; x_wconf 88' lang='lat'><strong>——</strong></span> <span class='ocrx_word' id='word_1_892' title='bbox 3009 5648 3150 5718; x_wconf 81' lang='grc' dir='ltr'>σώμ.</span> <span class='ocrx_word' id='word_1_893' title='bbox 3184 5647 3306 5703; x_wconf 84' lang='grc' dir='ltr'>αὐτ.</span> <span class='ocrx_word' id='word_1_894' title='bbox 3334 5646 3457 5704; x_wconf 82' lang='lat' dir='ltr'><strong>Ple-</strong></span> 
     </span>
    </p>
   </div>
   <div class='ocr_carea' id='block_1_116' title="bbox 213 5702 2964 5786">
    <p class='ocr_par' dir='ltr' id='par_1_116' title="bbox 213 5702 2964 5786">
     <span class='ocr_line' id='line_1_118' title="bbox 213 5702 2964 5786; baseline -0.003 -7"><span class='ocrx_word' id='word_1_895' title='bbox 213 5702 1361 5786; x_wconf 44' lang='lat' dir='ltr'><strong>Bioniifangiurtaiimaginario;</strong></span> <span class='ocrx_word' id='word_1_896' title='bbox 1392 5702 1570 5779; x_wconf 57' lang='lat' dir='ltr'><strong>iam</strong></span> <span class='ocrx_word' id='word_1_897' title='bbox 1611 5725 1648 5777; x_wconf 84' lang='lat' dir='ltr'><strong>A</strong></span> <span class='ocrx_word' id='word_1_898' title='bbox 1699 5702 2495 5786; x_wconf 49' lang='grc' dir='ltr'><strong>εέίῖῘσῖᾶεἶέζεὶιὲἇέἒιάῗ,ια’ἷιι</strong></span> <span class='ocrx_word' id='word_1_899' title='bbox 2549 5717 2703 5772; x_wconf 76' lang='lat' dir='ltr'><strong>Alex.</strong></span> <span class='ocrx_word' id='word_1_900' title='bbox 2750 5728 2804 5774; x_wconf 89' lang='lat' dir='ltr'><strong>ct</strong></span> <span class='ocrx_word' id='word_1_901' title='bbox 2845 5702 2964 5772; x_wconf 73' lang='lat' dir='ltr'><strong>Ald.</strong></span> 
     </span>
    </p>
   </div>
  </div>
