3868 6204
208 355 309 423 833

1426 343 1508 405 ΙΝ
1536 337 1989 403 EZECHIELIS
2015 337 2175 398 CAP.
2196 337 2246 396 Ι.

3347 336 3458 398 834

205 463 446 535 ὁράσεως
484 457 748 527 ὀσφύος,
801 454 898 508 καί
947 453 1058 519 ἓως
1089 453 1136 486 δ’
1183 451 1413 506 ἐπάνωο
1467 453 1564 506 καὶ
1613 451 1766 512 ἴδον,

1874 465 2089 502 sursum
2129 464 2309 502 versus
2337 465 2350 514 ;
2386 455 2435 501 et
2467 447 2604 511 vidi,
2652 455 2702 500 et
2737 463 2767 500 a
2801 445 3004 501 visione
3034 445 3202 499 lumbi
3227 453 3275 499 et
3306 448 3460 501 deor-

206 555 290 609 καί
315 550 428 606 ἀπὸ
457 547 723 616 ὁράσεως
755 546 1010 615 ὀσφύος,
1043 545 1136 598 καὶ
1166 544 1277 610 ἕως
1302 543 1460 597 κάτω
1486 561 1500 575 ο
1533 540 1697 597 εἶδον
1715 545 1763 575 ⁵ο

205 647 274 710 ὡς
305 643 512 710 ὅρασιν
555 638 764 706 πυρὸς.
809 637 905 690 καὶ
957 637 1020 688 τὸ
1063 636 1284 705 φέγγος
1325 635 1512 689 αὐτοῦ
1537 636 1761 698 κύκλῳ.

216 737 298 800 Ὡς
342 733 548 798 ὅρασις
586 730 786 794 τόξου,
834 729 919 781 ὅτ’
955 726 1032 782 ἃν
1053 729 1097 760 ⁵³
1147 722 1189 798 ᾖ
1223 728 1292 780 ἐν
1329 727 1404 795 τῇ
1443 727 1668 797 νεφέλῃ
1697 727 1768 781 ἐν

205 827 371 895 ἡμέρᾳ
400 823 597 883 ὑετοῦ,
634 822 820 885 οὕτως
852 821 886 887 ἡ
919 819 1130 888 ὅρασις
1149 819 1196 850 ⁸²
1220 819 1322 872 τοῦ
1345 819 1603 887 φέγγους
1657 837 1765 872 κυ-

205 921 419 972 κλόθεν.
480 912 767 983 Πανταχοῦ
822 913 917 965 καὶ
967 910 1028 964 τὺ
1076 911 1373 979 ὁμοίωμα,
1429 910 1523 963 καὶ
1569 910 1631 962 τὸ
1684 909 1767 974 ὡς

205 1007 525 1081 προστίθησι,
550 1005 816 1058 διδάσκων
838 1004 984 1074 ἡμᾶς
1009 1003 1083 1073 μὴ
1112 1002 1274 1073 μέχρι
1297 1001 1490 1054 τούτου
1516 1002 1763 1067 ἑστάναι,

204 1104 304 1157 ἀλλ’
322 1101 514 1154 εἰδέναι
543 1098 618 1162 ὡς
638 1097 744 1150 τῶν
765 1095 1052 1148 ὀπτάσεων
1073 1095 1279 1164 ἑκάστη
1302 1094 1438 1165 πρὸς
1459 1093 1558 1164 τὴν
1579 1093 1768 1163 χρείαν

206 1191 502 1262 ἁρμόζεται.
555 1187 646 1257 Τῷ
694 1187 793 1256 μὲν
841 1185 952 1254 γὰρ
1001 1186 1314 1256 πατριάρχῃ
1376 1184 1649 1254 Ἀϐραὰμ,
1693 1182 1768 1245 ὡς

205 1285 467 1353 ἄνθρωπος
499 1280 750 1349 ἐπεφάνη
784 1277 892 1330 τῶν
935 1277 1073 1330 ὅλων
1101 1279 1128 1329 ὁ
1155 1277 1452 1346 Δεσπότης,
1498 1276 1590 1329 καὶ
1615 1275 1767 1328 οὐδὲν

203 1376 331 1446 αὑτῴ
383 1373 615 1443 φοϐερὸν
675 1370 897 1434 ἔδειξεν,
947 1367 1161 1436 ἀγαθάς
1233 1368 1447 1432 μέλλων
1505 1367 1768 1436 παρέχειν

204 1464 534 1535 ἐπαγγελίας,
565 1463 664 1516 καὶ
693 1460 862 1532 αὑτῷ,
894 1461 989 1513 καὶ
1019 1459 1084 1511 δι’
1113 1457 1278 1512 αὑτοῦ
1307 1458 1454 1528 πάσῃ
1485 1462 1550 1528 τῇ
1587 1459 1767 1511 οἰκου-

206 1562 340 1631 μένῃ.
381 1559 443 1610 'ﬂ
475 1557 588 1628 γάρ
619 1555 713 1608 τοῦ
764 1553 948 1606 Ἰσαὰκ
1001 1552 1316 1621 ὑπῦσχεσις,
1363 1553 1455 1603 καὶ
1495 1552 1594 1619 τὴν
1628 1551 1770 1604 κατὰ

203 1653 359 1721 σάρκα
379 1648 471 1702 τοῦ
502 1647 712 1719 Κυρίου
736 1645 892 1716 ἡμῶν
915 1643 1012 1696 καὶ
1041 1643 1292 1713 Σωτῆρος
1325 1643 1500 1713 Ἰησοῦ
1529 1641 1765 1713 Χριστοῦ

202 1743 421 1813 περιέχει
452 1740 709 1810 γέννησιν
734 1755 748 1768 ·
797 1739 878 1792 διὸ
910 1739 1004 1792 καὶ
1035 1740 1067 1807 ἡ
1105 1736 1214 1788 τῶν
1241 1735 1413 1787 ἐθνῶν
1455 1736 1674 1802 εὐλογία
1700 1739 1764 1807 τῆ

201 1834 280 1888 τοῦ
319 1831 496 1885 Ἰσαὰκ
530 1829 842 1900 ἐπαγγελία
875 1829 1146 1899 συνήφθη.
1206 1846 1223 1877 ι
1259 1828 1348 1879 Ἐν
1379 1825 1458 1896 τῷ
1490 1826 1767 1898 σπέρματι

201 1926 292 1995 γάρ
323 1941 428 1986 σου,
460 1922 654 1992 φησιν,
699 1920 1126 1991 εὑλογηθήσεται
1173 1918 1350 1971 πάντα
1383 1918 1452 1971 τὰ
1495 1918 1622 1988 ἔθνη
1672 1921 1771 1990 τῆς

201 2017 307 2087 γῆς.
333 2035 350 2065 ι
387 2013 582 2067 Ἡνίκα
611 2014 668 2067 δὲ
694 2013 842 2083 αὑτῷ
868 2013 966 2083 τὴν
991 2011 1086 2064 τοῦ
1119 2011 1308 2080 γένους
1335 2011 1580 2064 δουλείαν
1604 2010 1772 2081 πρού-

201 2109 356 2174 λεγεν,
400 2107 498 2175 οὑχ
547 2103 694 2158 οὕτω
743 2104 984 2174 χρηστὸς
1026 2103 1294 2174 ἐπεφάνη,
1344 2103 1479 2156 ἀλλὰ
1525 2103 1620 2156 καὶ
1654 2103 1771 2154 κλί-

203 2199 341 2252 ϐανον
384 2195 555 2262 ἔδειξε
605 2195 1042 2265 καπνιζόμενον,
1099 2195 1192 2248 καὶ
1243 2193 1534 2264 λαμπάδας
1599 2194 1770 2264 πυρδς

201 2289 529 2360 διερχομένας
559 2288 834 2359 ἀναμέσον
858 2288 968 2339 τῶν
995 2287 1466 2358 διχοτομημάτων.
1499 2285 1655 2339 Οὕτω
1678 2287 1770 2339 τὸν

212 2381 380 2436 Ἰακὼϐ
400 2381 750 2453 δειμαίνοντα
770 2379 864 2434 τὸν
893 2381 1064 2434 Ἢσαῦ
1088 2379 1488 2449 ψυχαγωγῆσαι
1515 2377 1766 2447 οελήσας,

200 2473 264 2535 ὡς
290 2472 569 2542 ἅνθρωπος
612 2471 881 2540 ἐπεφάνη.
940 2470 1030 2540 Τῷ
1075 2469 1131 2523 δὲ
1164 2471 1336 2540 Μωσῇ
1364 2470 1412 2500 ⁸⁸
1442 2470 1560 2522 κατ’
1595 2470 1770 2540 ἀρχὰς

207 2564 287 2635 μὲι
327 2563 486 2629 ἐδειξε
533 2563 608 2616 τὰ
641 2561 908 2634 φρικώδη,
938 2562 1005 2614 τὸ
1052 2560 1162 2632 πῦρ
1201 2561 1259 2612 ἐν
1279 2562 1326 2592 ⁸³
1366 2563 1431 2630 τῇ
1469 2560 1637 2630 βάτῳ,
1673 2561 1770 2614 καὶ

203 2657 284 2726 τὴν
311 2657 465 2726 βάτον
501 2656 826 2725 καιομένην,
853 2654 946 2707 καὶ
983 2653 1058 2723 μὴ
1093 2652 1534 2722 κατακαιομένην
1560 2667 1574 2680 ·
1634 2651 1770 2721 μετὰ

200 2749 428 2802 δὲταῦτα
481 2748 710 2819 ⁴ἡμέρως
754 2746 1221 2817 προσδιαλέγεται,
1257 2744 1408 2797 οὐδὲν
1452 2744 1770 2805 ὑποδεικνὺς

201 2841 290 2892 τῶν
317 2840 521 2911 φρίκην
549 2841 800 2910 ἐμποιεῖν
827 2837 1160 2906 δυναμένων.
1190 2837 1300 2890 Καὶ
1333 2835 1423 2890 τὸν
1469 2836 1685 2905 Ἰσραὴλ
1714 2836 1769 2888 δὲ

201 2931 410 3002 φοϐῆσαι
439 2931 704 3002 θελήσας,
737 2931 832 2984 καὶ
859 2929 959 2999 τὴν
983 2929 1191 2982 οίκείαν
1219 2928 1448 2998 δύναμιν
1478 2927 1766 2997 γνωρίσαι,

201 3025 251 3077 τὸ
270 3025 385 3095 ὅρος
411 3026 565 3079 ἅπαν
598 3024 944 3078 ὑποδείκνυσι
976 3021 1396 3090 καπνιζὸμενον,
1425 3020 1520 3072 καὶ
1542 3019 1769 3090 βροντάς

202 3116 517 3181 κτυπούσας,
550 3117 646 3171 καὶ
682 3115 991 3184 σάλπιγγας
1021 3113 1282 3183 ἠχοὺσας,
1320 3112 1412 3165 καὶ
1441 3111 1640 3181 γνόφον
1670 3128 1764 3164 πο⁹
1795 3141 1836 3197 C

201 3207 300 3269 ὶὺν,
343 3211 432 3262 καὶ
487 3205 822 3274 ἁπαξαπλῶς
866 3205 1040 3268 οὕτως
1074 3206 1271 3266 αὑτοὺς
1314 3201 1763 3272 ἐξεδειμάτωσεν,

202 3301 264 3363 ὡς
290 3302 527 3354 ἱκετείαν
557 3299 635 3371 τῷ
663 3299 918 3370 προφήτῃ
944 3298 1358 3368 προσενεγκεῖν,
1397 3294 1471 3365 μὴ
1509 3295 1601 3347 τὸν
1633 3292 1767 3346 Θεὸν

202 3392 360 3454 αὑτοῖς
401 3387 924 3462 προσδιαλέγεσθαι,
958 3386 1073 3440 ἀλλ’
1100 3386 1260 3440 αὑτὸν
1298 3384 1366 3438 τὰ
1403 3384 1521 3437 θεῖα
1543 3383 1768 3454 διαπορ-

203 3485 418 3549 θμεύειν.
457 3481 677 3551 Ταύτην
703 3480 811 3533 τῶν
844 3477 1118 3533 ὀπτασιῶν
1157 3476 1256 3547 τὴν
1280 3474 1546 3546 διαφορὰν
1571 3474 1666 3526 καὶ
1689 3471 1766 3542 τῷ

208 3573 400 3643 μεγάλῳ
451 3571 615 3642 Ἠλία
656 3568 905 3635 ὑπέδειξε
931 3584 946 3599 ⁸
1001 3569 1220 3638 πρῶτον
1265 3565 1364 3636 μὲν
1411 3563 1765 3633 συσσεισμὸν,

203 3661 303 3716 εἶτα
326 3672 457 3736 πῦρ,
511 3661 629 3718 εἶτα
664 3662 880 3732 πνεῦμα
905 3659 1188 3731 συντρίϐον
1213 3659 1339 3728 ὅρη.
1370 3656 1466 3710 καὶ
1506 3655 1768 3710 λεπτύνον

206 3757 407 3826 πέτρας,
439 3755 537 3808 καὶ
568 3755 705 3825 μετὰ
731 3752 906 3806 ταῦτα
937 3750 1102 3822 πνοὴν
1131 3749 1306 3822 αὔρας
1330 3748 1556 3819 λεπτῆς,
1589 3748 1681 3800 καὶ
1709 3748 1768 3799 ἐν

207 3851 320 3920 αὐτῇ
357 3849 592 3919 Κύριον·
638 3846 817 3917 χαίρει
845 3844 953 3915 γάρ
987 3843 1149 3906 αὑτὸς
1175 3840 1492 3910 ἀγαθότητι,
1533 3841 1626 3893 καὶ
1664 3856 1769 3908 μα-

206 3941 475 4012 κροθύμως
515 3940 606 3993 καὶ
637 3939 815 4008 ἠπίως
850 3936 1096 4007 βούλεται
1124 3934 1196 3988 τὰ
1228 3933 1370 3988 κατὰ
1402 3933 1527 3996 τοὺς
1556 3931 1768 4003 ἀνθρώ-

207 4051 321 4097 πους
343 4036 646 4104 οἰκονομεῖν
675 4049 688 4063 ·
722 4034 755 4101 ἡ
786 4031 843 4084 δέ
868 4031 1036 4102 πολλὴ
1067 4029 1292 4083 ἀσέϐεια
1327 4028 1420 4081 καὶ
1451 4026 1768 4098 παρανομία

209 4125 592 4196 παρασκευάζει
619 4123 898 4185 κάκείνοις
929 4119 1254 4192 κεχρῆσθαι.
1295 4119 1388 4171 Διὸ
1438 4119 1495 4170 ἐν
1536 4117 1770 4180 ἐκείνοις

207 4215 290 4267 obit
317 4216 412 4286 ἔφη
448 4211 609 4278 εἶναι,
638 4214 752 4267 ἀλλ’
785 4215 842 4265 ἐν
873 4215 936 4284 τῇ
969 4211 1114 4283 αὖρα
1142 4213 1209 4282 τῇ
1244 4211 1416 4280 λεπτῇ
1442 4227 1456 4241 ·
1494 4208 1680 4280 ἐπειδὴ
1705 4209 1768 4262 οὐ

206 4305 291 4373 τῆς
318 4306 482 4360 αὑτοῦ
514 4309 762 4375 γνώμης,
803 4303 942 4357 ἀλλὰ
966 4304 1064 4374 τῆς
1097 4302 1207 4356 τῶν
1243 4301 1546 4371 ἀνθρώπων
1577 4300 1768 4371 χρείας

209 4399 406 4452 ἐκεῖναο
462 4398 735 4469 ἁγαοότης
784 4397 841 4450 δὲ
887 4396 981 4449 καὶ
1031 4395 1410 4465 φιλανθρωπία
1453 4394 1554 4464 τῆς
1600 4393 1765 4446 αὑτοῦ

1872 557 1990 595 sunt
2022 557 2202 595 versus
2238 540 2343 593 ridi
2367 541 2520 610 quasi
2556 540 2810 593 uisionem
2842 539 2978 607 ignis
2999 579 3012 600 ,
3047 548 3094 591 et
3128 537 3460 606 splendorem

1870 637 1984 700 eius
2012 638 2066 689 in
2103 637 2350 688 circuitu.
2415 634 2567 689 Sicut
2602 637 2732 688 visio
2783 651 2987 696 arcus,
3035 631 3245 701 quando
3297 631 3458 700 fuerit

1875 728 1931 781 in
1964 727 2096 781 nube
2127 729 2212 781 die
2244 728 2468 795 plurius,
2518 729 2594 782 sic
2624 729 2756 782 visio
2797 727 3094 796 splendoris
3125 727 3176 778 in
3207 726 3458 778 circuitu.

1875 819 2090 889 Ubique
2123 829 2179 874 et
2209 821 2614 874 similitmlinent
2637 861 2652 886 ,
2687 832 2736 874 et
2774 821 2927 889 quasi
2961 820 3217 888 apponit,
3256 829 3316 871 ut
3355 820 3459 872 do-

1871 919 1991 965 ceat
2025 926 2158 974 nos,
2192 927 2300 965 non
2335 913 2408 964 ibi
2441 911 2858 964 consistendum
2882 953 2895 973 ,
2919 911 3012 964 sed
3043 908 3460 978 intelligendum

1871 1019 2026 1068 esse,
2060 1019 2514 1072 unamquamque
2545 1005 2814 1056 visionem
2849 1002 2914 1056 ad
2951 1002 3025 1055 rei
3062 1016 3216 1053 nsum
3250 1014 3461 1052 accom-

1873 1095 2110 1149 modari.
2135 1093 2272 1148 Nam
2292 1095 2620 1164 patriarcha:
2654 1095 2973 1149 Abrahamo
3000 1094 3244 1148 omnium
3272 1109 3460 1147 rerum

1876 1186 2140 1240 Dominus
2173 1197 2228 1241 ιιι
2257 1188 2420 1240 homo
2449 1189 2751 1257 apparuit,
2783 1188 3028 1256 nihilque
3059 1189 3158 1256 ipsi
3196 1185 3462 1239 formida-

1873 1278 1982 1332 bile
2014 1279 2292 1342 ostendit,
2323 1295 2448 1332 cum
2479 1292 2532 1332 et
2564 1279 2666 1348 ipsi
2699 1288 2753 1332 et
2780 1295 2877 1349 per
2907 1280 3084 1348 ipsum
3120 1285 3321 1331 cuncto
3353 1286 3461 1329 ter-

1875 1385 2064 1424 rarum
2120 1371 2240 1424 orbi
2289 1381 2440 1424 esset
2495 1371 2640 1426 bona
2697 1371 3102 1440 proniissurus.
3156 1367 3461 1422 Promissio

1873 1459 2018 1512 enim
2054 1459 2252 1522 lsaaci,
2282 1458 2496 1512 Domini
2527 1460 2692 1514 etiam
2721 1469 2770 1512 et
2799 1459 3101 1514 Salvatoris
3131 1458 3303 1514 nostri
3330 1456 3459 1511 Jesu

1874 1551 2083 1606 Christi
2115 1561 2297 1604 ortum
2344 1551 2652 1604 secundum
2694 1565 2916 1605 carnem
2959 1551 3245 1604 continet:
3290 1564 3462 1619 quare

1874 1657 1997 1696 cum
2024 1642 2196 1698 Isaaci
2224 1642 2648 1712 pollicitatione,
2679 1641 2922 1712 gentium
2949 1642 3121 1694 etiam
3151 1640 3462 1694 benedictio

1876 1735 2174 1805 conjuncta
2207 1743 2312 1788 est.
2342 1753 2359 1784 ι
2391 1735 2446 1788 ιιι
2479 1734 2690 1788 semine
2722 1734 2872 1787 enim
2907 1741 3003 1785 tuo
3035 1731 3459 1794 benedicentur,

1874 1829 2056 1898 inquit
2094 1830 2140 1894 ί,
2181 1828 2344 1898 692
2391 1843 2585 1882 omnes
2631 1837 2826 1897 gentes
2873 1835 3054 1879 terrae.
3088 1845 3105 1876 ι
3136 1825 3270 1878 Cum
3325 1841 3464 1878 vero

1874 1919 2098 1989 generis
2131 1919 2235 1988 ipsi
2272 1919 2596 1988 prtediccret
2630 1919 2956 1972 servitutem
2978 1958 2992 1977 .
3031 1934 3138 1971 non
3175 1917 3248 1970 ita
3283 1918 3330 1971 ei
3364 1917 3462 1972 be-

1872 2011 2076 2079 nignus
2119 2012 2414 2078 apparuit,
2469 2009 2562 2063 sed
2606 2018 2661 2062 et
2709 2008 2990 2063 clibanum
3038 2009 3379 2074 futuantem,
3407 2018 3464 2063 et

1875 2101 2158 2170 lampades
2195 2101 2373 2171 ignis,
2409 2101 2555 2156 inter
2585 2101 2890 2156 divisiones
2935 2101 3057 2155 illas
3103 2109 3463 2155 transeuntes

1871 2190 2183 2247 ostenditi.
2237 2195 2312 2246 Ita
2361 2207 2487 2246 cum
2524 2190 2798 2247 Jacobnm
2834 2192 3118 2248 timentem
3152 2193 3224 2247 ob
3256 2191 3461 2247 Esaum

1874 2285 2063 2339 animo
2095 2283 2428 2338 conﬁrmare
2457 2292 2514 2338 et
2542 2284 2821 2340 consolari
2853 2285 3054 2361 vellet,
3091 2291 3149 2339 ut
3180 2285 3344 2338 homo
3377 2286 3462 2340 ei—

1873 2375 1996 2432 dem
2027 2379 2284 2446 apparuit
2317 2378 2364 2431 k.
2395 2376 2462 2430 Et
2498 2377 2635 2432 Mosi
2668 2378 2850 2447 primo
2896 2376 3119 2445 quidem
3167 2376 3460 2432 horribilia

1873 2472 2117 2526 ostendit
2150 2469 2195 2537 1,
2221 2471 2399 2541 ignem
2430 2471 2486 2524 in
2517 2471 2690 2534 rubo,
2718 2478 2772 2524 et
2795 2471 2994 2525 rubum
3028 2470 3102 2525 ita
3137 2471 3422 2526 ardentem
3444 2510 3462 2533 ,

1872 2571 1934 2617 ut
1963 2563 2192 2617 minime
2222 2561 2652 2616 combureretur
2685 2578 2697 2614 :
2746 2567 2938 2631 postea
2987 2575 3122 2616 vero
3169 2569 3465 2615 mansuete

1842 2662 1927 2708 ‘et
1959 2653 2172 2724 placide
2205 2668 2328 2707 cum
2385 2667 2450 2706 eo
2495 2653 2855 2722 colloquitur,
2899 2654 3037 2708 nihil
3084 2669 3279 2709 eorum
3324 2670 3466 2724 prat-

1875 2745 2220 2814 ferens,qna:
2241 2753 2464 2814 possent
2501 2757 2768 2800 terrorem
2804 2747 3072 2800 incutere.
3108 2745 3171 2800 Et
3207 2745 3461 2802 lsraelcm

1871 2837 2127 2890 similiter
2171 2853 2297 2890 cum
2351 2837 2517 2892 vellet
2568 2837 3040 2907 perterrefacere,
3092 2839 3254 2907 eique
3302 2853 3459 2893 suam

1874 2928 2172 2995 potentiam
2217 2927 2568 2997 patefacere,
2627 2936 2806 2983 totum
2858 2939 3097 2984 montem
3151 2929 3458 2983 fumantem

1870 3019 2122 3074 ostendit
2150 3029 2212 3084 ιιι,
2247 3025 2302 3074 et
2330 3021 2637 3074 tonitruum
2684 3023 2701 3043 “
2748 3020 3040 3083 fremitus,
3088 3029 3145 3075 et
3194 3021 3462 3076 buccinas

1872 3120 2166 3175 sonantes,
2202 3111 2589 3182 ingentemque
2619 3112 2918 3183 caliginem
2949 3129 2965 3181 ;
3007 3120 3062 3167 et
3102 3113 3334 3167 omnino
3383 3114 3458 3168 ita

1870 3203 2026 3272 ipsos
2079 3205 2422 3272 perterruit,
2477 3212 2537 3258 ut
2591 3203 2871 3274 propheta:
2920 3205 3322 3277 _supplicariut
3391 3220 3462 3259 ne

1869 3293 2016 3349 Deus
2071 3295 2400 3364 loqueretur
2452 3296 2520 3350 ad
2577 3310 2708 3358 eos,
2760 3295 2858 3352 sed
2914 3297 3034 3367 ipse
3086 3296 3462 3352 internuntius

1868 3386 2235 3455 divinajussa
2268 3385 2560 3456 perferret.
2614 3385 2728 3440 Hoc
2759 3387 2888 3442 item
2929 3387 3210 3442 visionum
3263 3388 3462 3444 discri-

1869 3491 1994 3530 men
2027 3491 2223 3547 magno
2254 3492 2476 3547 quoque
2505 3477 2635 3531 Elia:
2665 3477 2916 3532 ostendit
2945 3485 3008 3532 ηε
3039 3478 3278 3548 primum
3311 3493 3462 3534 com-

1870 3567 2204 3634 motionem,
2237 3567 2436 3623 deinde
2484 3569 2707 3639 ignem,
2760 3577 2876 3624 tum
2933 3569 3192 3640 spiritum
3242 3578 3460 3624 montes

1870 3668 2285 3723 conterentem,
2334 3666 2390 3714 et
2420 3661 2892 3716 comminuentem
2941 3667 3162 3730 petras,
3193 3674 3259 3715 ac
3305 3671 3461 3732 post-

1868 3762 1934 3802 ea
1989 3747 2181 3804 ﬂatum
2275 3764 2425 3805 aurae
2497 3751 2711 3816 tenuis,
2754 3761 2808 3807 et
2854 3751 2910 3806 in
2961 3752 3083 3822 ipsa
3139 3751 3457 3807 Dominum.

1871 3837 2152 3908 Siquidem
2201 3840 2404 3911 gaudet
2458 3842 2576 3912 ipse
2624 3842 2911 3908 bonitate,
2940 3855 3011 3899 et
3044 3843 3462 3914 longanimitate

1869 3945 1936 3985 ac
1993 3932 2420 3988 mansuetudine
2469 3934 2587 3988 vult
2650 3949 2740 3990 res
2794 3934 3062 3992 humanas
3110 3950 3456 4006 procurare:

1869 4040 2060 4080 verum
2091 4041 2304 4082 summa
2339 4027 2598 4098 impietas
2657 4037 2712 4083 et
2755 4029 3024 4100 iniquitas
3073 4043 3242 4085 causa
3273 4037 3359 4086 est
3400 4038 3462 4083 ut

1871 4117 1962 4171 illa
2016 4133 2240 4188 quoque
2297 4119 2589 4174 adhibeat.
2643 4119 2827 4186 Quare
2881 4136 2988 4176 non
3047 4120 3102 4175 in
3156 4121 3269 4177 illis
3321 4121 3461 4175 dixit

1868 4207 2161 4264 Dominum
2196 4226 2320 4266 esse
2342 4253 2354 4276 ,
2385 4213 2479 4266 sed
2512 4213 2567 4267 in
2603 4229 2737 4267 aura
2773 4214 2922 4270 tenui
2955 4233 2968 4268 :
3003 4212 3458 4283 quandoquidem

1871 4301 1962 4354 illa
2009 4317 2122 4356 non
2177 4318 2244 4356 ex
2296 4304 2416 4372 ejus
2463 4307 2812 4370 intentione,
2865 4305 2962 4362 sed
3014 4317 3239 4376 pr0pter
3281 4305 3460 4358 homi-

1869 4408 2002 4446 num
2047 4393 2338 4448 utilitatem
2390 4397 2569 4450 ﬁunt:
2621 4396 2844 4452 bonitas
2879 4413 3010 4452 vero
3049 4405 3101 4451 et
3149 4397 3459 4467 benignitas

211 4488 401 4556 φύσεως
433 4490 558 4545 ἴδια.
587 4491 755 4543 Ὅταν
786 4489 966 4542 τοίνυν
994 4487 1282 4558 διαφόρους
1308 4485 1574 4548 ὀπτασίας
1603 4483 1766 4537 άκοὺ-

1872 4483 2034 4554 693
2070 4485 2190 4553 ejus
2240 4495 2450 4540 natura:
2478 4487 2697 4556 propria
2726 4494 2874 4542 sunt.
2909 4487 3044 4540 Cum
3079 4487 3247 4557 igitur
3277 4487 3459 4542 diver-

214 4599 296 4652 σῃς
321 4583 474 4646 Θεοῦ,
509 4585 585 4654 μὴ
619 4583 975 4653 πολύμορφον
998 4579 1276 4651 ὑπολάϐῃς
1306 4579 1368 4632 τὸ
1394 4579 1552 4630 Θείον
1575 4593 1589 4606 ο
1626 4575 1770 4629 ἀσώ-

216 4692 361 4743 ματον
392 4677 498 4748 γὰρ
545 4677 642 4730 καλ⁵
677 4675 918 4730 ἀνείδεον
965 4672 1268 4736 παντελῶς,
1316 4670 1520 4725 ἁπλοῦν
1573 4685 1630 4721 τε
1679 4669 1774 4720 καὶ

214 4765 501 4831 ἀσύνθετον,
534 4767 632 4820 καὶ
653 4766 1082 4836 ἀσχημάτιστον,
1137 4763 1370 4833 ἀόρατόν
1396 4779 1456 4814 τε
1487 4765 1581 4814 καὶ
1609 4761 1771 4814 ἀθέα-

214 4872 306 4918 τον,
351 4859 442 4912 καὶ
487 4857 662 4912 οὐδενὶ
704 4855 1185 4926 περιγραφόμενον
1228 4855 1380 4924 ὅρῳ·
1434 4851 1676 4904 δείκνυσι
1715 4851 1770 4902 δὲ

213 4947 296 5011 τὰς
321 4948 485 5018 blame,
517 4949 654 5020 πρὸς
684 4947 784 5018 τὴν
818 4947 1006 5018 χρείαν
1036 4944 1242 5008 ταύτας
1285 4941 1579 4998 άνατυπῶν
1603 4958 1616 4972 ·
1677 4943 1770 4996 καὶ

281 5129 295 5167 i
333 5127 462 5183 Cen.
493 5143 633 5196 χχιι,
681 5127 765 5183 l8.
842 5127 856 5180 i
893 5127 1031 5183 Gen.
1069 5143 1157 5191 xv,
1191 5125 1278 5178 17.

215 5212 313 5265 ιιι,
348 5199 401 5252 ιι
437 5216 594 5272 seqq.

1387 5121 1412 5160 ¹ι
1445 5123 1579 5180 Gen.
1619 5140 1794 5192 xxx”,
1824 5127 1914 5181 24.

1875 4589 1966 4628 sas
2007 4574 2102 4629 Dei
2139 4577 2380 4631 visiones
2413 4576 2678 4643 audieris,
2733 4593 2800 4632 ne
2852 4576 3194 4633 multiforme
3242 4576 3456 4630 Numen

1874 4665 2140 4734 opineris.
2183 4666 2276 4720 Est
2311 4668 2456 4721 enim
2491 4667 2717 4723 omnino
2743 4683 2978 4738 corpore
3020 4677 3076 4724 et
3108 4669 3292 4737 specie
3325 4683 3458 4738 qua-

1874 4755 2004 4808 libet
2029 4771 2288 4820 vacuum,
2319 4758 2681 4827 simplexque,
2720 4767 2773 4814 et
2804 4760 3223 4830 compositionis
3251 4761 3459 4816 omnis-

1875 4865 1982 4918 que
2015 4850 2199 4919 ﬁgurae
2225 4867 2421 4921 expers
2455 4870 2467 4904 :
2499 4867 2676 4922 neque
2707 4853 2885 4908 oculis
2915 4855 3090 4918 cerni,
3117 4870 3294 4925 neque
3333 4855 3455 4908 ani-

1876 4959 1965 4997 mo
2006 4943 2402 5012 comprehendi
2437 4951 2642 5015 potest,
2673 4953 2766 4997 aut
2811 4946 2924 5000 ullo
2950 4949 3188 5002 termino
3215 4947 3456 5001 circum-

2026 5123 2041 5161 1
2077 5123 2247 5177 Exod.
2283 5138 2364 5188 ιιι,
2390 5121 2444 5176 2.
2543 5131 2580 5158 οι
2610 5123 2784 5180 Exod.
2823 5140 2936 5189 xix,
2973 5123 3059 5179 16.
3167 5134 3194 5161 ιι
3221 5123 3288 5178 ΙΙΙ
3319 5123 3452 5197 Reg.

1498 5357 1731 5415 VARUE
1785 5354 2190 5414 LECTIONES.

291 5476 330 5508 "
358 5476 474 5541 ἕως.
509 5479 700 5533 Exstat
743 5485 951 5530 tantum
990 5476 1042 5529 in
1086 5477 1299 5543 Compl.
1347 5477 1389 5529 A
1423 5485 1638 5545 recepta
1683 5478 1809 5532 lect.
1844 5477 2107 5532 recedunt
2151 5475 2470 5545 etiam_qu:ze
2516 5484 2842 5545 sequuntur.

2936 5476 2980 5507 ⁵ο
3017 5473 3170 5528 εἶδον.
3218 5475 3336 5527 Des.
3395 5477 3446 5526 in

223 5539 543 5628 li..'l‘Zolo_non
578 5551 642 5628 ad
711 5549 881 5609 κάτω,
945 5547 1036 5600 sed
1102 5547 1168 5600 ad
1221 5539 1390 5616 πυρός
1423 5539 1620 5628 posito.
1661 5547 2012 5628 Itaquoque,
2044 5545 2252 5628 omisso
2284 5539 2608 5628 sioov,nleg.'
2636 5545 3019 5628 inira.nin.ﬁpc
3047 5544 3207 5611 hujus
3233 5544 3443 5610 capitis.

219 5612 254 5687 ξ’
281 5615 395 5674 nec.
423 5620 582 5672 lectio
606 5621 753 5672 ὅταν.
793 5621 867 5670 Ita
923 5633 1137 5686 quoque
1201 5612 1437 5670 exeunte
1492 5619 1592 5670 hoc
1636 5612 1814 5687 capite
1881 5612 1980 5686 leg.

1319 5690 1363 5718 ⁵³
1397 5683 1722 5742 ἐν-κατακξ
1757 5687 1796 5739 Β
1855 5690 1910 5740 ἐν
1934 5683 2040 5755 ’τῷ
2072 5683 2237 5754 βάτῳ,
2295 5688 2387 5738 καὶ
2417 5687 2503 5739 τὸν
2537 5687 2697 5754 βάτον
2729 5686 3012 5753 καιόμενον
3045 5684 3134 5736 καὶ
3172 5683 3245 5752 μὴ
3280 5699 3451 5737 κατα-

219 5684 476 5741 iectinnem
510 5690 721 5751 στάσις.

309 5688 476 5766 inueni
510 5690 721 5751 στάσις.
812 5689 858 5720 ⁸³
896 5687 934 5740 Β
989 5689 1218 5756 Μωῡσῇ.

211 5769 316 5804 καις
327 5775 497 5822 μενον.

2102 5615 2146 5646 ⁵³
2179 5615 2262 5684 ὄρ.
2325 5615 2395 5668 Ita
2449 5616 2487 5667 Β
2541 5626 2594 5669 et
2627 5617 2747 5668 Ald.
2802 5616 2903 5667 Sed
2942 5618 2979 5666 Α
3016 5621 3261 5684 sequatur
3312 5623 3446 5665 reet.
