  <div class='ocr_page' id='page_1' title='image "/cluster/home/n/w/nwhite01/storage/ocr_20150623/81/mdp.39015078384339/433.png"; bbox 0 0 3868 6204; ppageno 0'>
   <div class='ocr_carea' id='block_1_1' title="bbox 457 335 565 401">
    <p class='ocr_par' dir='ltr' id='par_1_1' title="bbox 457 335 565 401">
     <span class='ocr_line' id='line_1_1' title="bbox 457 335 565 401; baseline 0.019 -2"><span class='ocrx_word' id='word_1_1' title='bbox 457 335 565 401; x_wconf 78' lang='lat'><strong>835</strong></span> 
     </span>
    </p>
   </div>
   <div class='ocr_carea' id='block_1_2' title="bbox 1483 319 3654 390">
    <p class='ocr_par' dir='ltr' id='par_1_2' title="bbox 1483 319 3654 390">
     <span class='ocr_line' id='line_1_2' title="bbox 1483 319 3654 390; baseline -0.009 1"><span class='ocrx_word' id='word_1_2' title='bbox 1483 326 1973 390; x_wconf 82' lang='lat' dir='ltr'><strong>THEODORETI</strong></span> <span class='ocrx_word' id='word_1_3' title='bbox 1999 320 2340 385; x_wconf 87' lang='lat' dir='ltr'><strong>EPISCOPI</strong></span> <span class='ocrx_word' id='word_1_4' title='bbox 2359 319 2723 382; x_wconf 84' lang='lat' dir='ltr'><strong>CYRENSIS</strong></span> <span class='ocrx_word' id='word_1_5' title='bbox 3566 322 3654 385; x_wconf 75' lang='lat'><strong>835</strong></span> 
     </span>
    </p>
   </div>
   <div class='ocr_carea' id='block_1_3' title="bbox 460 427 2028 514">
    <p class='ocr_par' dir='ltr' id='par_1_3' title="bbox 460 442 2028 514">
     <span class='ocr_line' id='line_1_3' title="bbox 460 442 2028 514; baseline -0.009 -9"><span class='ocrx_word' id='word_1_6' title='bbox 460 451 649 506; x_wconf 86' lang='lat' dir='ltr'><strong>scribi.</strong></span> <span class='ocrx_word' id='word_1_7' title='bbox 689 448 936 506; x_wconf 78' lang='lat' dir='ltr'><strong>Ostendit</strong></span> <span class='ocrx_word' id='word_1_8' title='bbox 966 455 1147 503; x_wconf 87' lang='lat' dir='ltr'><strong>autem</strong></span> <span class='ocrx_word' id='word_1_9' title='bbox 1185 445 1451 510; x_wconf 76' lang='lat' dir='ltr'><strong>visiones,</strong></span> <span class='ocrx_word' id='word_1_10' title='bbox 1502 442 1732 514; x_wconf 84' lang='lat' dir='ltr'><strong>perinde</strong></span> <span class='ocrx_word' id='word_1_11' title='bbox 1777 449 1837 495; x_wconf 93' lang='lat' dir='ltr'><strong>ut</strong></span> <span class='ocrx_word' id='word_1_12' title='bbox 1891 453 2028 509; x_wconf 89' lang='lat' dir='ltr'><strong>opus</strong></span> 
     </span>
    </p>
   </div>
   <div class='ocr_carea' id='block_1_4' title="bbox 2136 427 3657 514">
    <p class='ocr_par' dir='ltr' id='par_1_4' title="bbox 2136 427 3657 503">
     <span class='ocr_line' id='line_1_4' title="bbox 2136 427 3657 503; baseline 0.003 -17"><span class='ocrx_word' id='word_1_13' title='bbox 2136 433 2371 487; x_wconf 77' lang='grc' dir='ltr'>ἐνταῦθα</span> <span class='ocrx_word' id='word_1_14' title='bbox 2399 433 2580 487; x_wconf 80' lang='grc' dir='ltr'><strong>τοίνυν</strong></span> <span class='ocrx_word' id='word_1_15' title='bbox 2613 430 2782 496; x_wconf 79' lang='grc' dir='ltr'><strong>ἔδειξε</strong></span> <span class='ocrx_word' id='word_1_16' title='bbox 2811 429 2906 502; x_wconf 74' lang='grc' dir='ltr'><strong>μὲν</strong></span> <span class='ocrx_word' id='word_1_17' title='bbox 2937 427 3123 482; x_wconf 79' lang='grc' dir='ltr'>ἐκεῖνα</span> <span class='ocrx_word' id='word_1_18' title='bbox 3153 429 3218 484; x_wconf 67' lang='grc' dir='ltr'>τὰ</span> <span class='ocrx_word' id='word_1_19' title='bbox 3251 429 3446 501; x_wconf 77' lang='grc' dir='ltr'>φοϐερά</span> <span class='ocrx_word' id='word_1_20' title='bbox 3469 447 3481 461; x_wconf 77' lang='grc' dir='ltr'>ο</span> <span class='ocrx_word' id='word_1_21' title='bbox 3515 433 3657 503; x_wconf 78' lang='grc' dir='ltr'>εδειξε</span> 
     </span>
    </p>
   </div>
   <div class='ocr_carea' id='block_1_5' title="bbox 458 533 2031 612">
    <p class='ocr_par' dir='ltr' id='par_1_5' title="bbox 458 533 2031 612">
     <span class='ocr_line' id='line_1_5' title="bbox 458 533 2031 612; baseline -0.007 -17"><span class='ocrx_word' id='word_1_22' title='bbox 458 551 545 597; x_wconf 85' lang='lat' dir='ltr'><strong>cst</strong></span> <span class='ocrx_word' id='word_1_23' title='bbox 576 559 669 599; x_wconf 86' lang='lat' dir='ltr'><strong>eas</strong></span> <span class='ocrx_word' id='word_1_24' title='bbox 703 551 1126 612; x_wconf 75' lang='lat' dir='ltr'><strong>repra-sentans.</strong></span> <span class='ocrx_word' id='word_1_25' title='bbox 1163 537 1228 593; x_wconf 84' lang='lat' dir='ltr'><strong>Et</strong></span> <span class='ocrx_word' id='word_1_26' title='bbox 1259 539 1362 592; x_wconf 89' lang='lat' dir='ltr'><strong>hoc</strong></span> <span class='ocrx_word' id='word_1_27' title='bbox 1411 538 1594 606; x_wconf 78' lang='lat' dir='ltr'><strong>itaque</strong></span> <span class='ocrx_word' id='word_1_28' title='bbox 1629 536 1752 590; x_wconf 92' lang='lat' dir='ltr'><strong>loco</strong></span> <span class='ocrx_word' id='word_1_29' title='bbox 1783 535 1873 588; x_wconf 90' lang='lat' dir='ltr'><strong>illa</strong></span> <span class='ocrx_word' id='word_1_30' title='bbox 1905 533 2031 601; x_wconf 84' lang='lat' dir='ltr'><strong>qui-</strong></span> 
     </span>
    </p>
   </div>
   <div class='ocr_carea' id='block_1_6' title="bbox 460 631 2032 696">
    <p class='ocr_par' dir='ltr' id='par_1_6' title="bbox 460 631 2032 696">
     <span class='ocr_line' id='line_1_6' title="bbox 460 631 2032 696; baseline -0.006 -8"><span class='ocrx_word' id='word_1_31' title='bbox 460 635 582 690; x_wconf 90' lang='lat' dir='ltr'><strong>dem</strong></span> <span class='ocrx_word' id='word_1_32' title='bbox 642 636 904 690; x_wconf 89' lang='lat' dir='ltr'><strong>terribilia</strong></span> <span class='ocrx_word' id='word_1_33' title='bbox 965 633 1208 688; x_wconf 76' lang='lat' dir='ltr'><strong>ostendit</strong></span> <span class='ocrx_word' id='word_1_34' title='bbox 1261 649 1274 685; x_wconf 90' lang='lat'><strong>:</strong></span> <span class='ocrx_word' id='word_1_35' title='bbox 1339 631 1579 684; x_wconf 81' lang='lat' dir='ltr'><strong>ostendit</strong></span> <span class='ocrx_word' id='word_1_36' title='bbox 1635 644 1765 682; x_wconf 86' lang='lat' dir='ltr'><strong>vero</strong></span> <span class='ocrx_word' id='word_1_37' title='bbox 1813 640 2032 696; x_wconf 87' lang='lat' dir='ltr'><strong>quoque</strong></span> 
     </span>
    </p>
   </div>
   <div class='ocr_carea' id='block_1_7' title="bbox 463 707 2030 795">
    <p class='ocr_par' dir='ltr' id='par_1_7' title="bbox 463 707 2030 795">
     <span class='ocr_line' id='line_1_7' title="bbox 463 707 2030 795; baseline -0.007 -15"><span class='ocrx_word' id='word_1_38' title='bbox 463 727 781 780; x_wconf 85' lang='lat' dir='ltr'><strong>beneﬁciqu</strong></span> <span class='ocrx_word' id='word_1_39' title='bbox 819 707 935 795; x_wconf 90' lang='lat' dir='ltr'><strong>quo</strong></span> <span class='ocrx_word' id='word_1_40' title='bbox 985 739 1177 778; x_wconf 89' lang='lat' dir='ltr'><strong>omnes</strong></span> <span class='ocrx_word' id='word_1_41' title='bbox 1221 723 1479 791; x_wconf 85' lang='lat' dir='ltr'><strong>homines</strong></span> <span class='ocrx_word' id='word_1_42' title='bbox 1531 720 1798 774; x_wconf 79' lang='lat' dir='ltr'><strong>alliciendi</strong></span> <span class='ocrx_word' id='word_1_43' title='bbox 1850 726 2030 782; x_wconf 87' lang='lat' dir='ltr'><strong>erant,</strong></span> 
     </span>
    </p>
   </div>
   <div class='ocr_carea' id='block_1_8' title="bbox 461 811 2032 884">
    <p class='ocr_par' dir='ltr' id='par_1_8' title="bbox 461 811 2032 884">
     <span class='ocr_line' id='line_1_8' title="bbox 461 811 2032 884; baseline -0.004 -16"><span class='ocrx_word' id='word_1_44' title='bbox 461 815 576 881; x_wconf 89' lang='lat' dir='ltr'><strong>Dei,</strong></span> <span class='ocrx_word' id='word_1_45' title='bbox 600 817 838 884; x_wconf 83' lang='lat' dir='ltr'><strong>inquam,</strong></span> <span class='ocrx_word' id='word_1_46' title='bbox 865 824 917 869; x_wconf 93' lang='lat' dir='ltr'><strong>et</strong></span> <span class='ocrx_word' id='word_1_47' title='bbox 940 815 1248 869; x_wconf 78' lang='lat' dir='ltr'><strong>Salvatoris</strong></span> <span class='ocrx_word' id='word_1_48' title='bbox 1274 815 1445 868; x_wconf 90' lang='lat' dir='ltr'><strong>nostri</strong></span> <span class='ocrx_word' id='word_1_49' title='bbox 1476 814 1532 866; x_wconf 93' lang='lat' dir='ltr'><strong>in</strong></span> <span class='ocrx_word' id='word_1_50' title='bbox 1563 827 1727 866; x_wconf 86' lang='lat' dir='ltr'><strong>carne</strong></span> <span class='ocrx_word' id='word_1_51' title='bbox 1747 811 2032 878; x_wconf 86' lang='lat' dir='ltr'><strong>dispensa-</strong></span> 
     </span>
    </p>
   </div>
   <div class='ocr_carea' id='block_1_9' title="bbox 459 903 2030 976">
    <p class='ocr_par' dir='ltr' id='par_1_9' title="bbox 459 903 2030 976">
     <span class='ocr_line' id='line_1_9' title="bbox 459 903 2030 976; baseline -0.005 -16"><span class='ocrx_word' id='word_1_52' title='bbox 459 909 686 961; x_wconf 83' lang='lat' dir='ltr'><strong>tionem.</strong></span> <span class='ocrx_word' id='word_1_53' title='bbox 720 906 832 961; x_wconf 82' lang='lat' dir='ltr'><strong>Hac</strong></span> <span class='ocrx_word' id='word_1_54' title='bbox 859 909 925 962; x_wconf 87' lang='lat' dir='ltr'><strong>de</strong></span> <span class='ocrx_word' id='word_1_55' title='bbox 963 922 1154 971; x_wconf 85' lang='lat' dir='ltr'><strong>causa,</strong></span> <span class='ocrx_word' id='word_1_56' title='bbox 1193 908 1431 976; x_wconf 86' lang='lat' dir='ltr'><strong>speciem</strong></span> <span class='ocrx_word' id='word_1_57' title='bbox 1472 906 1692 975; x_wconf 67' lang='lat' dir='ltr'><strong>quidem</strong></span> <span class='ocrx_word' id='word_1_58' title='bbox 1731 903 2030 956; x_wconf 83' lang='lat' dir='ltr'><strong>humanam</strong></span> 
     </span>
    </p>
   </div>
   <div class='ocr_carea' id='block_1_10' title="bbox 455 994 2029 1064">
    <p class='ocr_par' dir='ltr' id='par_1_10' title="bbox 455 994 2029 1064">
     <span class='ocr_line' id='line_1_10' title="bbox 455 994 2029 1064; baseline -0.004 -14"><span class='ocrx_word' id='word_1_59' title='bbox 455 999 607 1059; x_wconf 84' lang='lat' dir='ltr'><strong>dicit,</strong></span> <span class='ocrx_word' id='word_1_60' title='bbox 653 1008 878 1053; x_wconf 90' lang='lat' dir='ltr'><strong>naturas</strong></span> <span class='ocrx_word' id='word_1_61' title='bbox 910 1014 1039 1053; x_wconf 85' lang='lat' dir='ltr'><strong>vero</strong></span> <span class='ocrx_word' id='word_1_62' title='bbox 1069 999 1242 1064; x_wconf 90' lang='lat' dir='ltr'><strong>duas;</strong></span> <span class='ocrx_word' id='word_1_63' title='bbox 1285 998 1511 1051; x_wconf 81' lang='lat' dir='ltr'><strong>alteram</strong></span> <span class='ocrx_word' id='word_1_64' title='bbox 1556 994 1768 1060; x_wconf 77' lang='lat' dir='ltr'><strong>electri,</strong></span> <span class='ocrx_word' id='word_1_65' title='bbox 1801 994 2029 1046; x_wconf 85' lang='lat' dir='ltr'><strong>alteram</strong></span> 
     </span>
    </p>
   </div>
   <div class='ocr_carea' id='block_1_11' title="bbox 455 1082 2030 1157">
    <p class='ocr_par' dir='ltr' id='par_1_11' title="bbox 455 1082 2030 1157">
     <span class='ocr_line' id='line_1_11' title="bbox 455 1082 2030 1157; baseline -0.003 -18"><span class='ocrx_word' id='word_1_66' title='bbox 455 1088 620 1157; x_wconf 84' lang='lat' dir='ltr'><strong>ignis,</strong></span> <span class='ocrx_word' id='word_1_67' title='bbox 651 1097 704 1142; x_wconf 91' lang='lat' dir='ltr'><strong>et</strong></span> <span class='ocrx_word' id='word_1_68' title='bbox 736 1089 962 1142; x_wconf 88' lang='lat' dir='ltr'><strong>alteram</strong></span> <span class='ocrx_word' id='word_1_69' title='bbox 1003 1087 1294 1149; x_wconf 81' lang='lat' dir='ltr'><strong>ferentem,</strong></span> <span class='ocrx_word' id='word_1_70' title='bbox 1345 1087 1570 1139; x_wconf 88' lang='lat' dir='ltr'><strong>alteram</strong></span> <span class='ocrx_word' id='word_1_71' title='bbox 1609 1085 1793 1136; x_wconf 85' lang='lat' dir='ltr'><strong>latam.</strong></span> <span class='ocrx_word' id='word_1_72' title='bbox 1843 1082 2030 1151; x_wconf 80' lang='lat' dir='ltr'><strong>Siqui-</strong></span> 
     </span>
    </p>
   </div>
   <div class='ocr_carea' id='block_1_12' title="bbox 454 1174 2030 1234">
    <p class='ocr_par' dir='ltr' id='par_1_12' title="bbox 454 1174 2030 1234">
     <span class='ocr_line' id='line_1_12' title="bbox 454 1174 2030 1234; baseline -0.003 -1"><span class='ocrx_word' id='word_1_73' title='bbox 454 1181 575 1233; x_wconf 86' lang='lat' dir='ltr'><strong>dem</strong></span> <span class='ocrx_word' id='word_1_74' title='bbox 641 1181 826 1234; x_wconf 86' lang='lat' dir='ltr'><strong>divina</strong></span> <span class='ocrx_word' id='word_1_75' title='bbox 884 1190 1082 1234; x_wconf 88' lang='lat' dir='ltr'><strong>natura</strong></span> <span class='ocrx_word' id='word_1_76' title='bbox 1139 1181 1435 1233; x_wconf 85' lang='lat' dir='ltr'><strong>humanam</strong></span> <span class='ocrx_word' id='word_1_77' title='bbox 1491 1177 1764 1230; x_wconf 81' lang='lat' dir='ltr'><strong>induerat.</strong></span> <span class='ocrx_word' id='word_1_78' title='bbox 1818 1174 2030 1228; x_wconf 83' lang='lat' dir='ltr'><strong>Idcirco</strong></span> 
     </span>
    </p>
   </div>
   <div class='ocr_carea' id='block_1_13' title="bbox 454 1264 2030 1337">
    <p class='ocr_par' dir='ltr' id='par_1_13' title="bbox 454 1264 2030 1337">
     <span class='ocr_line' id='line_1_13' title="bbox 454 1264 2030 1337; baseline -0.004 -16"><span class='ocrx_word' id='word_1_79' title='bbox 454 1269 796 1337; x_wconf 83' lang='lat' dir='ltr'><strong>superiorem</strong></span> <span class='ocrx_word' id='word_1_80' title='bbox 830 1280 1038 1336; x_wconf 86' lang='lat' dir='ltr'><strong>partem</strong></span> <span class='ocrx_word' id='word_1_81' title='bbox 1075 1275 1432 1335; x_wconf 78' lang='lat' dir='ltr'><strong>conspectam</strong></span> <span class='ocrx_word' id='word_1_82' title='bbox 1466 1280 1591 1318; x_wconf 87' lang='lat' dir='ltr'><strong>esse</strong></span> <span class='ocrx_word' id='word_1_83' title='bbox 1633 1264 1729 1327; x_wconf 88' lang='lat' dir='ltr'><strong>ait,</strong></span> <span class='ocrx_word' id='word_1_84' title='bbox 1766 1271 2030 1332; x_wconf 83' lang='lat' dir='ltr'><strong>tauquam</strong></span> 
     </span>
    </p>
   </div>
   <div class='ocr_carea' id='block_1_14' title="bbox 453 1354 2030 1428">
    <p class='ocr_par' dir='ltr' id='par_1_14' title="bbox 453 1354 2030 1428">
     <span class='ocr_line' id='line_1_14' title="bbox 453 1354 2030 1428; baseline -0.004 -16"><span class='ocrx_word' id='word_1_85' title='bbox 453 1361 688 1428; x_wconf 77' lang='lat' dir='ltr'><strong>speciem</strong></span> <span class='ocrx_word' id='word_1_86' title='bbox 742 1361 953 1425; x_wconf 81' lang='lat' dir='ltr'><strong>electri,</strong></span> <span class='ocrx_word' id='word_1_87' title='bbox 1003 1359 1322 1413; x_wconf 77' lang='lat' dir='ltr'><strong>interiorem</strong></span> <span class='ocrx_word' id='word_1_88' title='bbox 1357 1373 1507 1422; x_wconf 90' lang='lat' dir='ltr'><strong>vero,</strong></span> <span class='ocrx_word' id='word_1_89' title='bbox 1555 1371 1584 1408; x_wconf 91' lang='lat' dir='ltr'><strong>a</strong></span> <span class='ocrx_word' id='word_1_90' title='bbox 1623 1355 1826 1409; x_wconf 90' lang='lat' dir='ltr'><strong>lumbis</strong></span> <span class='ocrx_word' id='word_1_91' title='bbox 1860 1363 1914 1408; x_wconf 89' lang='lat' dir='ltr'><strong>et</strong></span> <span class='ocrx_word' id='word_1_92' title='bbox 1945 1354 2030 1407; x_wconf 88' lang='lat' dir='ltr'><strong>in-</strong></span> 
     </span>
    </p>
   </div>
   <div class='ocr_carea' id='block_1_15' title="bbox 453 1449 2030 1522">
    <p class='ocr_par' dir='ltr' id='par_1_15' title="bbox 453 1449 2030 1522">
     <span class='ocr_line' id='line_1_15' title="bbox 453 1449 2030 1522; baseline -0.002 -17"><span class='ocrx_word' id='word_1_93' title='bbox 453 1451 555 1515; x_wconf 81' lang='lat' dir='ltr'><strong>fra,</strong></span> <span class='ocrx_word' id='word_1_94' title='bbox 587 1454 744 1522; x_wconf 92' lang='lat' dir='ltr'><strong>quasi</strong></span> <span class='ocrx_word' id='word_1_95' title='bbox 787 1455 1030 1522; x_wconf 86' lang='lat' dir='ltr'><strong>speciem</strong></span> <span class='ocrx_word' id='word_1_96' title='bbox 1071 1452 1213 1522; x_wconf 77' lang='lat' dir='ltr'><strong>ignis</strong></span> <span class='ocrx_word' id='word_1_97' title='bbox 1251 1451 1418 1522; x_wconf 79' lang='lat' dir='ltr'><strong>:igne</strong></span> <span class='ocrx_word' id='word_1_98' title='bbox 1462 1450 1704 1503; x_wconf 81' lang='lat' dir='ltr'><strong>divinam</strong></span> <span class='ocrx_word' id='word_1_99' title='bbox 1767 1449 2030 1502; x_wconf 89' lang='lat' dir='ltr'><strong>innuente</strong></span> 
     </span>
    </p>
   </div>
   <div class='ocr_carea' id='block_1_16' title="bbox 451 1543 2029 1615">
    <p class='ocr_par' dir='ltr' id='par_1_16' title="bbox 451 1543 2029 1615">
     <span class='ocr_line' id='line_1_16' title="bbox 451 1543 2029 1615; baseline -0.002 -16"><span class='ocrx_word' id='word_1_100' title='bbox 451 1559 725 1611; x_wconf 86' lang='lat' dir='ltr'><strong>naturam,</strong></span> <span class='ocrx_word' id='word_1_101' title='bbox 761 1566 778 1596; x_wconf 83' lang='grc'><strong>‹</strong></span> <span class='ocrx_word' id='word_1_102' title='bbox 821 1547 961 1602; x_wconf 89' lang='lat' dir='ltr'><strong>Deus</strong></span> <span class='ocrx_word' id='word_1_103' title='bbox 991 1548 1135 1600; x_wconf 86' lang='lat' dir='ltr'><strong>enim</strong></span> <span class='ocrx_word' id='word_1_104' title='bbox 1186 1555 1337 1611; x_wconf 92' lang='lat' dir='ltr'><strong>tuus,</strong></span> <span class='ocrx_word' id='word_1_105' title='bbox 1395 1546 1598 1615; x_wconf 81' lang='lat' dir='ltr'><strong>inquit,</strong></span> <span class='ocrx_word' id='word_1_106' title='bbox 1645 1543 1790 1612; x_wconf 80' lang='lat' dir='ltr'><strong>ignis</strong></span> <span class='ocrx_word' id='word_1_107' title='bbox 1828 1557 2029 1597; x_wconf 85' lang='lat' dir='ltr'><strong>consu-</strong></span> 
     </span>
    </p>
   </div>
   <div class='ocr_carea' id='block_1_17' title="bbox 451 1634 2027 1700">
    <p class='ocr_par' dir='ltr' id='par_1_17' title="bbox 451 1634 2027 1700">
     <span class='ocr_line' id='line_1_17' title="bbox 451 1634 2027 1700; baseline -0.003 -10"><span class='ocrx_word' id='word_1_108' title='bbox 451 1653 606 1692; x_wconf 89' lang='lat' dir='ltr'><strong>mens</strong></span> <span class='ocrx_word' id='word_1_109' title='bbox 642 1649 724 1692; x_wconf 89' lang='lat' dir='ltr'><strong>est</strong></span> <span class='ocrx_word' id='word_1_110' title='bbox 753 1645 778 1673; x_wconf 86' lang='grc'>⁶</span> <span class='ocrx_word' id='word_1_111' title='bbox 802 1676 816 1700; x_wconf 94' lang='grc'><strong>,</strong></span> <span class='ocrx_word' id='word_1_112' title='bbox 858 1657 876 1688; x_wconf 70' lang='grc' dir='ltr'><strong>ι</strong></span> <span class='ocrx_word' id='word_1_113' title='bbox 933 1638 1136 1692; x_wconf 88' lang='lat' dir='ltr'><strong>electro</strong></span> <span class='ocrx_word' id='word_1_114' title='bbox 1174 1653 1305 1691; x_wconf 87' lang='lat' dir='ltr'><strong>vero</strong></span> <span class='ocrx_word' id='word_1_115' title='bbox 1343 1637 1660 1690; x_wconf 86' lang='lat' dir='ltr'><strong>humanam.</strong></span> <span class='ocrx_word' id='word_1_116' title='bbox 1709 1634 1846 1689; x_wconf 89' lang='lat' dir='ltr'><strong>Tale</strong></span> <span class='ocrx_word' id='word_1_117' title='bbox 1883 1635 2027 1689; x_wconf 91' lang='lat' dir='ltr'><strong>enim</strong></span> 
     </span>
    </p>
   </div>
   <div class='ocr_carea' id='block_1_18' title="bbox 449 1725 2025 1798">
    <p class='ocr_par' dir='ltr' id='par_1_18' title="bbox 449 1725 2025 1798">
     <span class='ocr_line' id='line_1_18' title="bbox 449 1725 2025 1798; baseline -0.002 -15"><span class='ocrx_word' id='word_1_118' title='bbox 449 1737 534 1783; x_wconf 88' lang='lat' dir='ltr'><strong>est</strong></span> <span class='ocrx_word' id='word_1_119' title='bbox 571 1729 860 1794; x_wconf 86' lang='lat' dir='ltr'><strong>electrum,</strong></span> <span class='ocrx_word' id='word_1_120' title='bbox 900 1729 1066 1783; x_wconf 88' lang='lat' dir='ltr'><strong>veluti</strong></span> <span class='ocrx_word' id='word_1_121' title='bbox 1100 1728 1264 1784; x_wconf 88' lang='lat' dir='ltr'><strong>mista</strong></span> <span class='ocrx_word' id='word_1_122' title='bbox 1316 1729 1554 1798; x_wconf 87' lang='lat' dir='ltr'><strong>quadam</strong></span> <span class='ocrx_word' id='word_1_123' title='bbox 1605 1729 1790 1796; x_wconf 89' lang='lat' dir='ltr'><strong>specie</strong></span> <span class='ocrx_word' id='word_1_124' title='bbox 1825 1725 2025 1796; x_wconf 58' lang='lat' dir='ltr'><strong>pradi-</strong></span> 
     </span>
    </p>
   </div>
   <div class='ocr_carea' id='block_1_19' title="bbox 2137 521 3656 596">
    <p class='ocr_par' dir='ltr' id='par_1_19' title="bbox 2137 521 3656 596">
     <span class='ocr_line' id='line_1_19' title="bbox 2137 521 3656 596; baseline 0.001 -17"><span class='ocrx_word' id='word_1_125' title='bbox 2137 526 2194 580; x_wconf 84' lang='grc' dir='ltr'><strong>δὲ</strong></span> <span class='ocrx_word' id='word_1_126' title='bbox 2224 525 2318 578; x_wconf 80' lang='grc' dir='ltr'>καὶ</span> <span class='ocrx_word' id='word_1_127' title='bbox 2345 525 2446 596; x_wconf 80' lang='grc' dir='ltr'><strong>τὴν</strong></span> <span class='ocrx_word' id='word_1_128' title='bbox 2475 523 2741 595; x_wconf 78' lang='grc' dir='ltr'>ἐσομένην</span> <span class='ocrx_word' id='word_1_129' title='bbox 2777 523 2992 576; x_wconf 84' lang='grc' dir='ltr'>πάντων</span> <span class='ocrx_word' id='word_1_130' title='bbox 3020 521 3314 593; x_wconf 80' lang='grc' dir='ltr'>ἀνθρώπων</span> <span class='ocrx_word' id='word_1_131' title='bbox 3341 524 3624 594; x_wconf 81' lang='grc' dir='ltr'>εὐεργεσίαν</span> <span class='ocrx_word' id='word_1_132' title='bbox 3644 572 3656 594; x_wconf 88' lang='grc'><strong>,</strong></span> 
     </span>
    </p>
   </div>
   <div class='ocr_carea' id='block_1_20' title="bbox 2137 612 3660 687">
    <p class='ocr_par' dir='ltr' id='par_1_20' title="bbox 2137 612 3660 687">
     <span class='ocr_line' id='line_1_20' title="bbox 2137 612 3660 687; baseline 0.001 -17"><span class='ocrx_word' id='word_1_133' title='bbox 2137 618 2235 687; x_wconf 85' lang='grc' dir='ltr'><strong>τὴν</strong></span> <span class='ocrx_word' id='word_1_134' title='bbox 2269 617 2362 670; x_wconf 89' lang='grc' dir='ltr'><strong>τοῦ</strong></span> <span class='ocrx_word' id='word_1_135' title='bbox 2411 616 2548 669; x_wconf 88' lang='grc' dir='ltr'>Θεοῦ</span> <span class='ocrx_word' id='word_1_136' title='bbox 2595 633 2738 687; x_wconf 86' lang='grc' dir='ltr'>φημι</span> <span class='ocrx_word' id='word_1_137' title='bbox 2791 613 2885 667; x_wconf 73' lang='grc' dir='ltr'>καὶ</span> <span class='ocrx_word' id='word_1_138' title='bbox 2943 612 3195 682; x_wconf 80' lang='grc' dir='ltr'><strong>Σωτῆρος</strong></span> <span class='ocrx_word' id='word_1_139' title='bbox 3242 613 3392 684; x_wconf 74' lang='grc' dir='ltr'>ἡμῶν</span> <span class='ocrx_word' id='word_1_140' title='bbox 3432 615 3660 685; x_wconf 77' lang='grc' dir='ltr'>ἐνσαρκον</span> 
     </span>
    </p>
   </div>
   <div class='ocr_carea' id='block_1_21' title="bbox 2137 700 3658 778">
    <p class='ocr_par' dir='ltr' id='par_1_21' title="bbox 2137 700 3658 778">
     <span class='ocr_line' id='line_1_21' title="bbox 2137 700 3658 778; baseline 0 -17"><span class='ocrx_word' id='word_1_141' title='bbox 2137 707 2466 778; x_wconf 74' lang='grc' dir='ltr'>οἰκονομίαν.</span> <span class='ocrx_word' id='word_1_142' title='bbox 2499 705 2599 760; x_wconf 82' lang='grc' dir='ltr'>Διὰ</span> <span class='ocrx_word' id='word_1_143' title='bbox 2627 706 2786 758; x_wconf 92' lang='grc' dir='ltr'>τοῦτο</span> <span class='ocrx_word' id='word_1_144' title='bbox 2804 704 2865 757; x_wconf 82' lang='grc' dir='ltr'>τὸ</span> <span class='ocrx_word' id='word_1_145' title='bbox 2897 705 2995 775; x_wconf 85' lang='grc' dir='ltr'><strong>μὲν</strong></span> <span class='ocrx_word' id='word_1_146' title='bbox 3019 700 3156 767; x_wconf 76' lang='grc' dir='ltr'>εἶδος</span> <span class='ocrx_word' id='word_1_147' title='bbox 3179 703 3500 776; x_wconf 84' lang='grc' dir='ltr'><strong>ἀνθρώπινον</strong></span> <span class='ocrx_word' id='word_1_148' title='bbox 3519 707 3658 776; x_wconf 82' lang='grc' dir='ltr'><strong>λέγει,</strong></span> 
     </span>
    </p>
   </div>
   <div class='ocr_carea' id='block_1_22' title="bbox 2135 795 3658 870">
    <p class='ocr_par' dir='ltr' id='par_1_22' title="bbox 2135 795 3658 870">
     <span class='ocr_line' id='line_1_22' title="bbox 2135 795 3658 870; baseline 0.001 -21"><span class='ocrx_word' id='word_1_149' title='bbox 2135 800 2235 862; x_wconf 82' lang='grc' dir='ltr'>τὰς</span> <span class='ocrx_word' id='word_1_150' title='bbox 2265 799 2321 850; x_wconf 83' lang='grc' dir='ltr'>δὲ</span> <span class='ocrx_word' id='word_1_151' title='bbox 2354 798 2546 867; x_wconf 89' lang='grc' dir='ltr'>φύσεις</span> <span class='ocrx_word' id='word_1_152' title='bbox 2569 797 2688 851; x_wconf 84' lang='grc' dir='ltr'>δύο⁶</span> <span class='ocrx_word' id='word_1_153' title='bbox 2719 797 2816 867; x_wconf 84' lang='grc' dir='ltr'>τὴν</span> <span class='ocrx_word' id='word_1_154' title='bbox 2850 799 2948 867; x_wconf 80' lang='grc' dir='ltr'><strong>μὲν</strong></span> <span class='ocrx_word' id='word_1_155' title='bbox 2977 795 3263 866; x_wconf 80' lang='grc' dir='ltr'><strong>ἠλέκτρου,</strong></span> <span class='ocrx_word' id='word_1_156' title='bbox 3296 796 3390 866; x_wconf 76' lang='grc' dir='ltr'>τὴν</span> <span class='ocrx_word' id='word_1_157' title='bbox 3420 797 3472 850; x_wconf 83' lang='grc' dir='ltr'><strong>δὲ</strong></span> <span class='ocrx_word' id='word_1_158' title='bbox 3501 801 3658 870; x_wconf 79' lang='grc' dir='ltr'>πυρὸς,</span> 
     </span>
    </p>
   </div>
   <div class='ocr_carea' id='block_1_23' title="bbox 2139 886 3661 960">
    <p class='ocr_par' dir='ltr' id='par_1_23' title="bbox 2139 886 3661 960">
     <span class='ocr_line' id='line_1_23' title="bbox 2139 886 3661 960; baseline -0.001 -17"><span class='ocrx_word' id='word_1_159' title='bbox 2139 891 2232 943; x_wconf 77' lang='grc' dir='ltr'><strong>καὶ</strong></span> <span class='ocrx_word' id='word_1_160' title='bbox 2257 889 2355 960; x_wconf 78' lang='grc' dir='ltr'>τὴν</span> <span class='ocrx_word' id='word_1_161' title='bbox 2393 889 2490 959; x_wconf 85' lang='grc' dir='ltr'><strong>μὲν</strong></span> <span class='ocrx_word' id='word_1_162' title='bbox 2534 889 2828 959; x_wconf 79' lang='grc' dir='ltr'>φέρουσαν,</span> <span class='ocrx_word' id='word_1_163' title='bbox 2875 887 2973 958; x_wconf 84' lang='grc' dir='ltr'>τὴν</span> <span class='ocrx_word' id='word_1_164' title='bbox 3019 886 3076 938; x_wconf 86' lang='grc' dir='ltr'><strong>δὲ</strong></span> <span class='ocrx_word' id='word_1_165' title='bbox 3122 886 3456 957; x_wconf 78' lang='grc' dir='ltr'>φερομένην’</span> <span class='ocrx_word' id='word_1_166' title='bbox 3502 890 3532 957; x_wconf 84' lang='grc' dir='ltr'>ὴ</span> <span class='ocrx_word' id='word_1_167' title='bbox 3573 891 3661 959; x_wconf 83' lang='grc' dir='ltr'>γὰρ</span> 
     </span>
    </p>
   </div>
   <div class='ocr_carea' id='block_1_24' title="bbox 2139 979 3661 1052">
    <p class='ocr_par' dir='ltr' id='par_1_24' title="bbox 2139 979 3661 1052">
     <span class='ocr_line' id='line_1_24' title="bbox 2139 979 3661 1052; baseline -0.001 -17"><span class='ocrx_word' id='word_1_168' title='bbox 2139 982 2256 1035; x_wconf 91' lang='grc' dir='ltr'>θεία</span> <span class='ocrx_word' id='word_1_169' title='bbox 2289 981 2452 1052; x_wconf 87' lang='grc' dir='ltr'>φύσις</span> <span class='ocrx_word' id='word_1_170' title='bbox 2484 981 2582 1052; x_wconf 84' lang='grc' dir='ltr'>τὴν</span> <span class='ocrx_word' id='word_1_171' title='bbox 2613 981 2960 1052; x_wconf 82' lang='grc' dir='ltr'><strong>ἀνθρωπείαν</strong></span> <span class='ocrx_word' id='word_1_172' title='bbox 2998 979 3307 1049; x_wconf 84' lang='grc' dir='ltr'>περιέκειτο</span> <span class='ocrx_word' id='word_1_173' title='bbox 3330 995 3344 1009; x_wconf 81' lang='grc'><strong>’</strong></span> <span class='ocrx_word' id='word_1_174' title='bbox 3395 979 3469 1032; x_wconf 79' lang='grc' dir='ltr'><strong>διὸ</strong></span> <span class='ocrx_word' id='word_1_175' title='bbox 3500 981 3554 1032; x_wconf 79' lang='grc' dir='ltr'>τὸ</span> <span class='ocrx_word' id='word_1_176' title='bbox 3585 983 3661 1050; x_wconf 80' lang='grc' dir='ltr'><strong>μὲν</strong></span> 
     </span>
    </p>
   </div>
   <div class='ocr_carea' id='block_1_25' title="bbox 2137 1064 3662 1140">
    <p class='ocr_par' dir='ltr' id='par_1_25' title="bbox 2137 1064 3662 1140">
     <span class='ocr_line' id='line_1_25' title="bbox 2137 1064 3662 1140; baseline -0.003 -15"><span class='ocrx_word' id='word_1_177' title='bbox 2137 1074 2248 1127; x_wconf 82' lang='grc' dir='ltr'>ἄνω</span> <span class='ocrx_word' id='word_1_178' title='bbox 2282 1072 2431 1140; x_wconf 81' lang='grc' dir='ltr'><strong>λέγει</strong></span> <span class='ocrx_word' id='word_1_179' title='bbox 2463 1071 2752 1124; x_wconf 75' lang='grc' dir='ltr'>τεθεᾶσθαι</span> <span class='ocrx_word' id='word_1_180' title='bbox 2786 1071 2862 1133; x_wconf 85' lang='grc' dir='ltr'>ὡς</span> <span class='ocrx_word' id='word_1_181' title='bbox 2888 1064 3027 1133; x_wconf 83' lang='grc' dir='ltr'>εἶδος</span> <span class='ocrx_word' id='word_1_182' title='bbox 3063 1069 3323 1139; x_wconf 78' lang='grc' dir='ltr'><strong>ἠλέκτρου</strong></span> <span class='ocrx_word' id='word_1_183' title='bbox 3351 1085 3365 1098; x_wconf 73' lang='grc'><strong><em>⁸</em></strong></span> <span class='ocrx_word' id='word_1_184' title='bbox 3411 1069 3468 1122; x_wconf 82' lang='grc' dir='ltr'>τὸ</span> <span class='ocrx_word' id='word_1_185' title='bbox 3501 1070 3550 1123; x_wconf 83' lang='grc' dir='ltr'><strong>δὲ</strong></span> <span class='ocrx_word' id='word_1_186' title='bbox 3573 1073 3662 1126; x_wconf 79' lang='grc' dir='ltr'><strong>ἀπὸ</strong></span> 
     </span>
    </p>
   </div>
   <div class='ocr_carea' id='block_1_26' title="bbox 2138 1157 3662 1232">
    <p class='ocr_par' dir='ltr' id='par_1_26' title="bbox 2138 1157 3662 1232">
     <span class='ocr_line' id='line_1_26' title="bbox 2138 1157 3662 1232; baseline -0.001 -17"><span class='ocrx_word' id='word_1_187' title='bbox 2138 1162 2339 1232; x_wconf 82' lang='grc' dir='ltr'><strong>ὀσφύος</strong></span> <span class='ocrx_word' id='word_1_188' title='bbox 2369 1164 2460 1215; x_wconf 71' lang='grc' dir='ltr'><strong>καὶ</strong></span> <span class='ocrx_word' id='word_1_189' title='bbox 2492 1163 2663 1226; x_wconf 81' lang='grc' dir='ltr'>κάτω,</span> <span class='ocrx_word' id='word_1_190' title='bbox 2703 1161 2778 1226; x_wconf 87' lang='grc' dir='ltr'>ὡς</span> <span class='ocrx_word' id='word_1_191' title='bbox 2819 1157 2960 1224; x_wconf 82' lang='grc' dir='ltr'>εἶδος</span> <span class='ocrx_word' id='word_1_192' title='bbox 3011 1159 3182 1230; x_wconf 86' lang='grc' dir='ltr'>πυρός</span> <span class='ocrx_word' id='word_1_193' title='bbox 3207 1175 3220 1189; x_wconf 93' lang='grc'><strong>·</strong></span> <span class='ocrx_word' id='word_1_194' title='bbox 3267 1160 3357 1212; x_wconf 90' lang='grc' dir='ltr'><strong>τοῦ</strong></span> <span class='ocrx_word' id='word_1_195' title='bbox 3398 1161 3488 1229; x_wconf 83' lang='grc' dir='ltr'><strong>μὲν</strong></span> <span class='ocrx_word' id='word_1_196' title='bbox 3522 1163 3662 1232; x_wconf 80' lang='grc' dir='ltr'>πυρὸς</span> 
     </span>
    </p>
   </div>
   <div class='ocr_carea' id='block_1_27' title="bbox 2135 1251 3660 1326">
    <p class='ocr_par' dir='ltr' id='par_1_27' title="bbox 2135 1251 3660 1326">
     <span class='ocr_line' id='line_1_27' title="bbox 2135 1251 3660 1326; baseline -0.003 -18"><span class='ocrx_word' id='word_1_197' title='bbox 2135 1255 2233 1326; x_wconf 84' lang='grc' dir='ltr'><strong>τὴν</strong></span> <span class='ocrx_word' id='word_1_198' title='bbox 2249 1255 2399 1308; x_wconf 85' lang='grc' dir='ltr'>θείαν</span> <span class='ocrx_word' id='word_1_199' title='bbox 2419 1255 2577 1322; x_wconf 84' lang='grc' dir='ltr'>φύσιν</span> <span class='ocrx_word' id='word_1_200' title='bbox 2596 1253 2970 1323; x_wconf 77' lang='grc' dir='ltr'><strong>αἰνιττομένου</strong></span> <span class='ocrx_word' id='word_1_201' title='bbox 2997 1252 3042 1322; x_wconf 73' lang='grc' dir='ltr'>(ι</span> <span class='ocrx_word' id='word_1_202' title='bbox 3065 1252 3125 1304; x_wconf 77' lang='grc'><strong>’0</strong></span> <span class='ocrx_word' id='word_1_203' title='bbox 3143 1251 3250 1321; x_wconf 78' lang='grc' dir='ltr'><strong>γὰρ</strong></span> <span class='ocrx_word' id='word_1_204' title='bbox 3270 1251 3395 1315; x_wconf 83' lang='grc' dir='ltr'>Θεός</span> <span class='ocrx_word' id='word_1_205' title='bbox 3412 1269 3518 1319; x_wconf 89' lang='grc' dir='ltr'>σου,</span> <span class='ocrx_word' id='word_1_206' title='bbox 3538 1257 3660 1324; x_wconf 72' lang='grc' dir='ltr'>φησὶ,</span> 
     </span>
    </p>
   </div>
   <div class='ocr_carea' id='block_1_28' title="bbox 2138 1344 3660 1418">
    <p class='ocr_par' dir='ltr' id='par_1_28' title="bbox 2138 1344 3660 1418">
     <span class='ocr_line' id='line_1_28' title="bbox 2138 1344 3660 1418; baseline 0 -18"><span class='ocrx_word' id='word_1_207' title='bbox 2138 1348 2249 1418; x_wconf 86' lang='grc' dir='ltr'>πῦρ</span> <span class='ocrx_word' id='word_1_208' title='bbox 2267 1347 2660 1400; x_wconf 72' lang='grc' dir='ltr'>καταναλίσκον</span> <span class='ocrx_word' id='word_1_209' title='bbox 2683 1348 2749 1416; x_wconf 52' lang='grc' dir='ltr'><strong>›)λ·</strong></span> <span class='ocrx_word' id='word_1_210' title='bbox 2763 1345 2856 1398; x_wconf 90' lang='grc' dir='ltr'><strong>τοῦ</strong></span> <span class='ocrx_word' id='word_1_211' title='bbox 2872 1346 2929 1398; x_wconf 79' lang='grc' dir='ltr'><strong>δὲ</strong></span> <span class='ocrx_word' id='word_1_212' title='bbox 2945 1345 3210 1415; x_wconf 71' lang='grc' dir='ltr'>ἠλέκτρου</span> <span class='ocrx_word' id='word_1_213' title='bbox 3231 1344 3326 1414; x_wconf 80' lang='grc' dir='ltr'><strong>τὴν</strong></span> <span class='ocrx_word' id='word_1_214' title='bbox 3345 1344 3660 1414; x_wconf 82' lang='grc' dir='ltr'>ἀνθρωπείαν.</span> 
     </span>
    </p>
   </div>
   <div class='ocr_carea' id='block_1_29' title="bbox 2137 1431 3661 1506">
    <p class='ocr_par' dir='ltr' id='par_1_29' title="bbox 2137 1431 3661 1506">
     <span class='ocr_line' id='line_1_29' title="bbox 2137 1431 3661 1506; baseline 0 -16"><span class='ocrx_word' id='word_1_215' title='bbox 2137 1437 2360 1490; x_wconf 88' lang='grc' dir='ltr'>Τοιοῦτο</span> <span class='ocrx_word' id='word_1_216' title='bbox 2391 1438 2500 1506; x_wconf 85' lang='grc' dir='ltr'><strong>γὰρ</strong></span> <span class='ocrx_word' id='word_1_217' title='bbox 2525 1436 2584 1488; x_wconf 83' lang='grc' dir='ltr'>τὸ</span> <span class='ocrx_word' id='word_1_218' title='bbox 2607 1435 2888 1506; x_wconf 75' lang='grc' dir='ltr'>ἤλεκτρον,</span> <span class='ocrx_word' id='word_1_219' title='bbox 2911 1436 3075 1490; x_wconf 77' lang='grc' dir='ltr'>οἱονεὶ</span> <span class='ocrx_word' id='word_1_220' title='bbox 3109 1435 3299 1506; x_wconf 78' lang='grc' dir='ltr'>μικτὸν</span> <span class='ocrx_word' id='word_1_221' title='bbox 3320 1434 3382 1488; x_wconf 69' lang='grc' dir='ltr'><strong>τὸ</strong></span> <span class='ocrx_word' id='word_1_222' title='bbox 3405 1431 3528 1498; x_wconf 74' lang='grc' dir='ltr'>εἶδος</span> <span class='ocrx_word' id='word_1_223' title='bbox 3548 1437 3661 1506; x_wconf 74' lang='grc' dir='ltr'>ἔχον,</span> 
     </span>
    </p>
   </div>
   <div class='ocr_carea' id='block_1_30' title="bbox 2136 1526 3663 1599">
    <p class='ocr_par' dir='ltr' id='par_1_30' title="bbox 2136 1526 3663 1599">
     <span class='ocr_line' id='line_1_30' title="bbox 2136 1526 3663 1599; baseline -0.001 -16"><span class='ocrx_word' id='word_1_224' title='bbox 2136 1529 2230 1583; x_wconf 68' lang='grc' dir='ltr'><strong>καὶ</strong></span> <span class='ocrx_word' id='word_1_225' title='bbox 2263 1529 2385 1582; x_wconf 73' lang='grc' dir='ltr'>οὔτε</span> <span class='ocrx_word' id='word_1_226' title='bbox 2414 1528 2600 1598; x_wconf 82' lang='grc' dir='ltr'>χρυσῴ</span> <span class='ocrx_word' id='word_1_227' title='bbox 2632 1527 2754 1580; x_wconf 74' lang='grc' dir='ltr'>οὔτε</span> <span class='ocrx_word' id='word_1_228' title='bbox 2783 1526 3010 1598; x_wconf 84' lang='grc' dir='ltr'>ἀργύρῳ</span> <span class='ocrx_word' id='word_1_229' title='bbox 3033 1527 3345 1598; x_wconf 80' lang='grc' dir='ltr'>παρεοικδς,</span> <span class='ocrx_word' id='word_1_230' title='bbox 3381 1527 3487 1579; x_wconf 83' lang='grc' dir='ltr'>ἀλλ’</span> <span class='ocrx_word' id='word_1_231' title='bbox 3509 1527 3663 1599; x_wconf 79' lang='grc' dir='ltr'>ὥσπερ</span> 
     </span>
    </p>
   </div>
   <div class='ocr_carea' id='block_1_31' title="bbox 2136 1602 3663 1690">
    <p class='ocr_par' dir='ltr' id='par_1_31' title="bbox 2136 1602 3663 1690">
     <span class='ocr_line' id='line_1_31' title="bbox 2136 1602 3663 1690; baseline -0.002 -16"><span class='ocrx_word' id='word_1_232' title='bbox 2136 1621 2400 1689; x_wconf 81' lang='grc' dir='ltr'>ἐκατέρου</span> <span class='ocrx_word' id='word_1_233' title='bbox 2429 1621 2617 1690; x_wconf 81' lang='grc' dir='ltr'>κρᾶμα</span> <span class='ocrx_word' id='word_1_234' title='bbox 2639 1619 2926 1688; x_wconf 78' lang='grc' dir='ltr'>τυγχάνον.</span> <span class='ocrx_word' id='word_1_235' title='bbox 2944 1602 3191 1671; x_wconf 61' lang='grc' dir='ltr'>’Τοιοῦτο</span> <span class='ocrx_word' id='word_1_236' title='bbox 3215 1619 3271 1671; x_wconf 83' lang='grc' dir='ltr'><strong>δὲ</strong></span> <span class='ocrx_word' id='word_1_237' title='bbox 3301 1618 3465 1671; x_wconf 76' lang='grc' dir='ltr'>καὶτὸ</span> <span class='ocrx_word' id='word_1_238' title='bbox 3490 1619 3663 1687; x_wconf 78' lang='grc' dir='ltr'>ἀνθρὼ-</span> 
     </span>
    </p>
   </div>
   <div class='ocr_carea' id='block_1_32' title="bbox 2137 1707 3664 1778">
    <p class='ocr_par' dir='ltr' id='par_1_32' title="bbox 2137 1707 3664 1778">
     <span class='ocr_line' id='line_1_32' title="bbox 2137 1707 3664 1778; baseline -0.001 -16"><span class='ocrx_word' id='word_1_239' title='bbox 2137 1727 2290 1763; x_wconf 84' lang='grc' dir='ltr'>πινον</span> <span class='ocrx_word' id='word_1_240' title='bbox 2312 1709 2358 1740; x_wconf 81' lang='grc'><strong>⁸³</strong></span> <span class='ocrx_word' id='word_1_241' title='bbox 2409 1710 2570 1778; x_wconf 82' lang='grc' dir='ltr'>σῶμα</span> <span class='ocrx_word' id='word_1_242' title='bbox 2597 1725 2610 1737; x_wconf 89' lang='grc'><strong>·</strong></span> <span class='ocrx_word' id='word_1_243' title='bbox 2661 1708 2722 1761; x_wconf 83' lang='grc' dir='ltr'>οὐ</span> <span class='ocrx_word' id='word_1_244' title='bbox 2769 1707 2876 1778; x_wconf 84' lang='grc' dir='ltr'>γὰρ</span> <span class='ocrx_word' id='word_1_245' title='bbox 2921 1708 3081 1778; x_wconf 86' lang='grc' dir='ltr'>μόνον</span> <span class='ocrx_word' id='word_1_246' title='bbox 3121 1709 3242 1760; x_wconf 73' lang='grc' dir='ltr'><strong>ἐστὶ</strong></span> <span class='ocrx_word' id='word_1_247' title='bbox 3274 1709 3366 1777; x_wconf 85' lang='grc' dir='ltr'>γῆ,</span> <span class='ocrx_word' id='word_1_248' title='bbox 3401 1709 3508 1761; x_wconf 79' lang='grc' dir='ltr'><strong>οὐδὲ</strong></span> <span class='ocrx_word' id='word_1_249' title='bbox 3546 1709 3664 1778; x_wconf 78' lang='grc' dir='ltr'>ὕδωρ</span> 
     </span>
    </p>
   </div>
   <div class='ocr_carea' id='block_1_33' title="bbox 451 1799 2028 1891">
    <p class='ocr_par' dir='ltr' id='par_1_33' title="bbox 451 1819 2026 1891">
     <span class='ocr_line' id='line_1_33' title="bbox 451 1819 2026 1891; baseline 0 -18"><span class='ocrx_word' id='word_1_250' title='bbox 451 1831 586 1885; x_wconf 83' lang='lat' dir='ltr'><strong>lum,</strong></span> <span class='ocrx_word' id='word_1_251' title='bbox 612 1830 666 1875; x_wconf 90' lang='lat' dir='ltr'><strong>et</strong></span> <span class='ocrx_word' id='word_1_252' title='bbox 692 1837 868 1891; x_wconf 89' lang='lat' dir='ltr'><strong>neque</strong></span> <span class='ocrx_word' id='word_1_253' title='bbox 893 1837 1028 1874; x_wconf 91' lang='lat' dir='ltr'><strong>auro</strong></span> <span class='ocrx_word' id='word_1_254' title='bbox 1057 1837 1232 1890; x_wconf 84' lang='lat' dir='ltr'><strong>neque</strong></span> <span class='ocrx_word' id='word_1_255' title='bbox 1257 1828 1486 1890; x_wconf 80' lang='lat' dir='ltr'><strong>argento</strong></span> <span class='ocrx_word' id='word_1_256' title='bbox 1515 1820 1713 1884; x_wconf 89' lang='lat' dir='ltr'><strong>simile,</strong></span> <span class='ocrx_word' id='word_1_257' title='bbox 1737 1821 1835 1874; x_wconf 89' lang='lat' dir='ltr'><strong>sed</strong></span> <span class='ocrx_word' id='word_1_258' title='bbox 1870 1819 2026 1888; x_wconf 85' lang='lat' dir='ltr'><strong>quasi</strong></span> 
     </span>
    </p>
   </div>
   <div class='ocr_carea' id='block_1_34' title="bbox 2136 1799 3662 1891">
    <p class='ocr_par' dir='ltr' id='par_1_34' title="bbox 2136 1799 3662 1870">
     <span class='ocr_line' id='line_1_34' title="bbox 2136 1799 3662 1870; baseline -0.003 -14"><span class='ocrx_word' id='word_1_259' title='bbox 2136 1801 2265 1856; x_wconf 76' lang='grc' dir='ltr'>αὐτὸ</span> <span class='ocrx_word' id='word_1_260' title='bbox 2289 1800 2410 1855; x_wconf 77' lang='grc' dir='ltr'>καθ’</span> <span class='ocrx_word' id='word_1_261' title='bbox 2445 1800 2599 1866; x_wconf 73' lang='grc' dir='ltr'>αὐτὸ,</span> <span class='ocrx_word' id='word_1_262' title='bbox 2647 1800 2770 1853; x_wconf 71' lang='grc' dir='ltr'>οὕτε</span> <span class='ocrx_word' id='word_1_263' title='bbox 2804 1799 2934 1868; x_wconf 84' lang='grc' dir='ltr'>πῦρ,</span> <span class='ocrx_word' id='word_1_264' title='bbox 2988 1799 3113 1854; x_wconf 74' lang='grc' dir='ltr'>οὔτε</span> <span class='ocrx_word' id='word_1_265' title='bbox 3169 1800 3298 1870; x_wconf 86' lang='grc' dir='ltr'><strong>ἀὴρ,</strong></span> <span class='ocrx_word' id='word_1_266' title='bbox 3347 1799 3455 1854; x_wconf 85' lang='grc' dir='ltr'>ἀλλ’</span> <span class='ocrx_word' id='word_1_267' title='bbox 3495 1803 3552 1853; x_wconf 78' lang='grc' dir='ltr'>ὲκ</span> <span class='ocrx_word' id='word_1_268' title='bbox 3578 1801 3662 1853; x_wconf 78' lang='grc' dir='ltr'><strong>τῶν</strong></span> 
     </span>
    </p>
   </div>
   <div class='ocr_carea' id='block_1_35' title="bbox 451 1913 2030 1982">
    <p class='ocr_par' dir='ltr' id='par_1_35' title="bbox 451 1913 2030 1982">
     <span class='ocr_line' id='line_1_35' title="bbox 451 1913 2030 1982; baseline 0.004 -21"><span class='ocrx_word' id='word_1_269' title='bbox 451 1913 738 1982; x_wconf 87' lang='lat' dir='ltr'><strong>utriusque</strong></span> <span class='ocrx_word' id='word_1_270' title='bbox 771 1913 1105 1968; x_wconf 63' lang='lat' dir='ltr'><strong>COIIll‘lliSliO.</strong></span> <span class='ocrx_word' id='word_1_271' title='bbox 1134 1914 1266 1967; x_wconf 85' lang='lat' dir='ltr'><strong>Tale</strong></span> <span class='ocrx_word' id='word_1_272' title='bbox 1297 1922 1480 1967; x_wconf 90' lang='lat' dir='ltr'><strong>autem</strong></span> <span class='ocrx_word' id='word_1_273' title='bbox 1507 1921 1595 1968; x_wconf 84' lang='lat' dir='ltr'><strong>est</strong></span> <span class='ocrx_word' id='word_1_274' title='bbox 1633 1914 1796 1965; x_wconf 80' lang='lat' dir='ltr'><strong>etiam</strong></span> <span class='ocrx_word' id='word_1_275' title='bbox 1829 1927 2030 1982; x_wconf 89' lang='lat' dir='ltr'><strong>corpus</strong></span> 
     </span>
    </p>
   </div>
   <div class='ocr_carea' id='block_1_36' title="bbox 449 2001 2032 2072">
    <p class='ocr_par' dir='ltr' id='par_1_36' title="bbox 449 2001 2032 2072">
     <span class='ocr_line' id='line_1_36' title="bbox 449 2001 2032 2072; baseline 0.001 -18"><span class='ocrx_word' id='word_1_276' title='bbox 449 2001 796 2056; x_wconf 89' lang='lat' dir='ltr'><strong>humanum:</strong></span> <span class='ocrx_word' id='word_1_277' title='bbox 860 2018 1038 2072; x_wconf 88' lang='lat' dir='ltr'><strong>neque</strong></span> <span class='ocrx_word' id='word_1_278' title='bbox 1091 2002 1238 2056; x_wconf 88' lang='lat' dir='ltr'><strong>enim</strong></span> <span class='ocrx_word' id='word_1_279' title='bbox 1293 2003 1471 2055; x_wconf 90' lang='lat' dir='ltr'><strong>solum</strong></span> <span class='ocrx_word' id='word_1_280' title='bbox 1519 2010 1665 2055; x_wconf 88' lang='lat' dir='ltr'><strong>terra</strong></span> <span class='ocrx_word' id='word_1_281' title='bbox 1705 2011 1812 2065; x_wconf 91' lang='lat' dir='ltr'><strong>est,</strong></span> <span class='ocrx_word' id='word_1_282' title='bbox 1855 2016 2032 2070; x_wconf 89' lang='lat' dir='ltr'><strong>neque</strong></span> 
     </span>
    </p>
   </div>
   <div class='ocr_carea' id='block_1_37' title="bbox 450 2094 2030 2165">
    <p class='ocr_par' dir='ltr' id='par_1_37' title="bbox 450 2094 2030 2165">
     <span class='ocr_line' id='line_1_37' title="bbox 450 2094 2030 2165; baseline 0.001 -19"><span class='ocrx_word' id='word_1_283' title='bbox 450 2108 590 2163; x_wconf 89' lang='lat' dir='ltr'><strong>aqua</strong></span> <span class='ocrx_word' id='word_1_284' title='bbox 627 2094 804 2164; x_wconf 90' lang='lat' dir='ltr'><strong>ipsum</strong></span> <span class='ocrx_word' id='word_1_285' title='bbox 841 2110 936 2165; x_wconf 90' lang='lat' dir='ltr'><strong>per</strong></span> <span class='ocrx_word' id='word_1_286' title='bbox 977 2110 1057 2159; x_wconf 88' lang='lat' dir='ltr'><strong>se,</strong></span> <span class='ocrx_word' id='word_1_287' title='bbox 1099 2110 1276 2164; x_wconf 90' lang='lat' dir='ltr'><strong>neque</strong></span> <span class='ocrx_word' id='word_1_288' title='bbox 1320 2095 1487 2164; x_wconf 80' lang='lat' dir='ltr'><strong>ignis,</strong></span> <span class='ocrx_word' id='word_1_289' title='bbox 1541 2109 1718 2164; x_wconf 68' lang='lat' dir='ltr'><strong>neque</strong></span> <span class='ocrx_word' id='word_1_290' title='bbox 1765 2109 1878 2162; x_wconf 84' lang='lat' dir='ltr'><strong>aer,</strong></span> <span class='ocrx_word' id='word_1_291' title='bbox 1931 2095 2030 2150; x_wconf 87' lang='lat' dir='ltr'><strong>sed</strong></span> 
     </span>
    </p>
   </div>
   <div class='ocr_carea' id='block_1_38' title="bbox 449 2186 2031 2256">
    <p class='ocr_par' dir='ltr' id='par_1_38' title="bbox 449 2186 2031 2256">
     <span class='ocr_line' id='line_1_38' title="bbox 449 2186 2031 2256; baseline 0 -15"><span class='ocrx_word' id='word_1_292' title='bbox 449 2201 515 2241; x_wconf 82' lang='lat' dir='ltr'><strong>ex</strong></span> <span class='ocrx_word' id='word_1_293' title='bbox 551 2199 788 2256; x_wconf 80' lang='lat' dir='ltr'><strong>quatuor</strong></span> <span class='ocrx_word' id='word_1_294' title='bbox 838 2189 1128 2242; x_wconf 89' lang='lat' dir='ltr'><strong>elementis</strong></span> <span class='ocrx_word' id='word_1_295' title='bbox 1180 2195 1266 2242; x_wconf 89' lang='lat' dir='ltr'><strong>est</strong></span> <span class='ocrx_word' id='word_1_296' title='bbox 1315 2187 1708 2256; x_wconf 85' lang='lat' dir='ltr'><strong>compositum.</strong></span> <span class='ocrx_word' id='word_1_297' title='bbox 1746 2186 1861 2240; x_wconf 89' lang='lat' dir='ltr'><strong>Imo</strong></span> <span class='ocrx_word' id='word_1_298' title='bbox 1900 2201 2031 2242; x_wconf 80' lang='lat' dir='ltr'><strong>vero</strong></span> 
     </span>
    </p>
   </div>
   <div class='ocr_carea' id='block_1_39' title="bbox 351 2275 2031 2350">
    <p class='ocr_par' dir='ltr' id='par_1_39' title="bbox 351 2275 2031 2350">
     <span class='ocr_line' id='line_1_39' title="bbox 351 2275 2031 2350; baseline 0.002 -18"><span class='ocrx_word' id='word_1_299' title='bbox 351 2275 370 2287; x_wconf 82' lang='grc'><strong>“</strong></span> <span class='ocrx_word' id='word_1_300' title='bbox 451 2279 577 2333; x_wconf 87' lang='lat' dir='ltr'><strong>talis</strong></span> <span class='ocrx_word' id='word_1_301' title='bbox 633 2290 720 2334; x_wconf 90' lang='lat' dir='ltr'><strong>est</strong></span> <span class='ocrx_word' id='word_1_302' title='bbox 773 2281 1015 2336; x_wconf 90' lang='lat' dir='ltr'><strong>hominis</strong></span> <span class='ocrx_word' id='word_1_303' title='bbox 1076 2290 1297 2345; x_wconf 89' lang='lat' dir='ltr'><strong>natura,</strong></span> <span class='ocrx_word' id='word_1_304' title='bbox 1367 2295 1544 2350; x_wconf 90' lang='lat' dir='ltr'><strong>neque</strong></span> <span class='ocrx_word' id='word_1_305' title='bbox 1599 2280 1782 2334; x_wconf 89' lang='lat' dir='ltr'><strong>anima</strong></span> <span class='ocrx_word' id='word_1_306' title='bbox 1819 2280 2031 2336; x_wconf 84' lang='lat' dir='ltr'><strong>ratione</strong></span> 
     </span>
    </p>
   </div>
   <div class='ocr_carea' id='block_1_40' title="bbox 451 2371 2030 2442">
    <p class='ocr_par' dir='ltr' id='par_1_40' title="bbox 451 2371 2030 2442">
     <span class='ocr_line' id='line_1_40' title="bbox 451 2371 2030 2442; baseline 0.003 -20"><span class='ocrx_word' id='word_1_307' title='bbox 451 2371 679 2440; x_wconf 63' lang='lat' dir='ltr'><strong>praedita</strong></span> <span class='ocrx_word' id='word_1_308' title='bbox 726 2379 965 2436; x_wconf 89' lang='lat' dir='ltr'><strong>tantum,</strong></span> <span class='ocrx_word' id='word_1_309' title='bbox 1015 2387 1198 2442; x_wconf 89' lang='lat' dir='ltr'><strong>neque</strong></span> <span class='ocrx_word' id='word_1_310' title='bbox 1229 2373 1458 2426; x_wconf 87' lang='lat' dir='ltr'><strong>mortale</strong></span> <span class='ocrx_word' id='word_1_311' title='bbox 1486 2387 1712 2442; x_wconf 89' lang='lat' dir='ltr'><strong>corpus,</strong></span> <span class='ocrx_word' id='word_1_312' title='bbox 1747 2372 1842 2427; x_wconf 91' lang='lat' dir='ltr'><strong>sed</strong></span> <span class='ocrx_word' id='word_1_313' title='bbox 1872 2381 2030 2426; x_wconf 86' lang='lat' dir='ltr'><strong>utra-</strong></span> 
     </span>
    </p>
   </div>
   <div class='ocr_carea' id='block_1_41' title="bbox 450 2462 2032 2533">
    <p class='ocr_par' dir='ltr' id='par_1_41' title="bbox 450 2462 2032 2533">
     <span class='ocr_line' id='line_1_41' title="bbox 450 2462 2032 2533; baseline 0.004 -20"><span class='ocrx_word' id='word_1_314' title='bbox 450 2478 559 2530; x_wconf 90' lang='lat' dir='ltr'><strong>que</strong></span> <span class='ocrx_word' id='word_1_315' title='bbox 601 2463 790 2516; x_wconf 88' lang='lat' dir='ltr'><strong>simul.</strong></span> <span class='ocrx_word' id='word_1_316' title='bbox 825 2462 1124 2533; x_wconf 86' lang='lat' dir='ltr'><strong>Propterea</strong></span> <span class='ocrx_word' id='word_1_317' title='bbox 1162 2463 1427 2532; x_wconf 87' lang='lat' dir='ltr'><strong>propheta</strong></span> <span class='ocrx_word' id='word_1_318' title='bbox 1453 2463 1601 2516; x_wconf 82' lang='lat' dir='ltr'><strong>videt</strong></span> <span class='ocrx_word' id='word_1_319' title='bbox 1626 2479 1656 2517; x_wconf 91' lang='lat' dir='ltr'><strong>a</strong></span> <span class='ocrx_word' id='word_1_320' title='bbox 1691 2464 1888 2517; x_wconf 87' lang='lat' dir='ltr'><strong>lumbis</strong></span> <span class='ocrx_word' id='word_1_321' title='bbox 1911 2464 2032 2533; x_wconf 86' lang='lat' dir='ltr'><strong>ejus</strong></span> 
     </span>
    </p>
   </div>
   <div class='ocr_carea' id='block_1_42' title="bbox 449 2552 2031 2624">
    <p class='ocr_par' dir='ltr' id='par_1_42' title="bbox 449 2552 2031 2624">
     <span class='ocr_line' id='line_1_42' title="bbox 449 2552 2031 2624; baseline 0.001 -19"><span class='ocrx_word' id='word_1_322' title='bbox 449 2552 689 2622; x_wconf 90' lang='lat' dir='ltr'><strong>desuper</strong></span> <span class='ocrx_word' id='word_1_323' title='bbox 728 2554 874 2607; x_wconf 89' lang='lat' dir='ltr'><strong>sicut</strong></span> <span class='ocrx_word' id='word_1_324' title='bbox 926 2555 1164 2623; x_wconf 84' lang='lat' dir='ltr'><strong>Speciem</strong></span> <span class='ocrx_word' id='word_1_325' title='bbox 1220 2554 1431 2619; x_wconf 87' lang='lat' dir='ltr'><strong>electri,</strong></span> <span class='ocrx_word' id='word_1_326' title='bbox 1467 2557 1484 2574; x_wconf 82' lang='lat'>&#39;</span> <span class='ocrx_word' id='word_1_327' title='bbox 1512 2555 1644 2624; x_wconf 90' lang='lat' dir='ltr'><strong>quin</strong></span> <span class='ocrx_word' id='word_1_328' title='bbox 1684 2555 1850 2608; x_wconf 90' lang='lat' dir='ltr'><strong>etiam</strong></span> <span class='ocrx_word' id='word_1_329' title='bbox 1885 2555 2031 2610; x_wconf 89' lang='lat' dir='ltr'><strong>sicut</strong></span> 
     </span>
    </p>
   </div>
   <div class='ocr_carea' id='block_1_43' title="bbox 449 2645 2028 2716">
    <p class='ocr_par' dir='ltr' id='par_1_43' title="bbox 449 2645 2028 2716">
     <span class='ocr_line' id='line_1_43' title="bbox 449 2645 2028 2716; baseline 0.004 -20"><span class='ocrx_word' id='word_1_330' title='bbox 449 2645 718 2698; x_wconf 85' lang='lat' dir='ltr'><strong>visionem</strong></span> <span class='ocrx_word' id='word_1_331' title='bbox 779 2646 924 2716; x_wconf 83' lang='lat' dir='ltr'><strong>ignis</strong></span> <span class='ocrx_word' id='word_1_332' title='bbox 982 2647 1321 2701; x_wconf 82' lang='lat' dir='ltr'><strong>intrinsecus</strong></span> <span class='ocrx_word' id='word_1_333' title='bbox 1393 2661 1489 2716; x_wconf 88' lang='lat' dir='ltr'><strong>per</strong></span> <span class='ocrx_word' id='word_1_334' title='bbox 1533 2646 1827 2701; x_wconf 88' lang='lat' dir='ltr'><strong>circuitum</strong></span> <span class='ocrx_word' id='word_1_335' title='bbox 1886 2647 2028 2716; x_wconf 87' lang='lat' dir='ltr'><strong>ejus.</strong></span> 
     </span>
    </p>
   </div>
   <div class='ocr_carea' id='block_1_44' title="bbox 449 2736 2026 2808">
    <p class='ocr_par' dir='ltr' id='par_1_44' title="bbox 449 2736 2026 2808">
     <span class='ocr_line' id='line_1_44' title="bbox 449 2736 2026 2808; baseline 0.003 -20"><span class='ocrx_word' id='word_1_336' title='bbox 449 2736 668 2789; x_wconf 90' lang='lat' dir='ltr'><strong>Etenim</strong></span> <span class='ocrx_word' id='word_1_337' title='bbox 719 2736 1042 2794; x_wconf 83' lang='lat' dir='ltr'><strong>immanitas</strong></span> <span class='ocrx_word' id='word_1_338' title='bbox 1078 2737 1242 2793; x_wconf 86' lang='lat' dir='ltr'><strong>Verbi</strong></span> <span class='ocrx_word' id='word_1_339' title='bbox 1293 2737 1386 2793; x_wconf 87' lang='lat' dir='ltr'><strong>Dei</strong></span> <span class='ocrx_word' id='word_1_340' title='bbox 1426 2739 1575 2792; x_wconf 90' lang='lat' dir='ltr'><strong>clara</strong></span> <span class='ocrx_word' id='word_1_341' title='bbox 1614 2746 1671 2793; x_wconf 91' lang='lat' dir='ltr'><strong>et</strong></span> <span class='ocrx_word' id='word_1_342' title='bbox 1720 2739 2026 2808; x_wconf 88' lang='lat' dir='ltr'><strong>splendida,</strong></span> 
     </span>
    </p>
   </div>
   <div class='ocr_carea' id='block_1_45' title="bbox 449 2827 2032 2901">
    <p class='ocr_par' dir='ltr' id='par_1_45' title="bbox 449 2827 2032 2901">
     <span class='ocr_line' id='line_1_45' title="bbox 449 2827 2032 2901; baseline 0.006 -24"><span class='ocrx_word' id='word_1_343' title='bbox 449 2835 504 2878; x_wconf 90' lang='lat' dir='ltr'><strong>et</strong></span> <span class='ocrx_word' id='word_1_344' title='bbox 536 2827 798 2895; x_wconf 74' lang='lat' dir='ltr'><strong>gloriosa,</strong></span> <span class='ocrx_word' id='word_1_345' title='bbox 833 2828 1304 2901; x_wconf 89' lang='lat' dir='ltr'><strong>immortalisque,</strong></span> <span class='ocrx_word' id='word_1_346' title='bbox 1356 2837 1411 2884; x_wconf 89' lang='lat' dir='ltr'><strong>et</strong></span> <span class='ocrx_word' id='word_1_347' title='bbox 1442 2845 1471 2884; x_wconf 89' lang='lat' dir='ltr'><strong>a</strong></span> <span class='ocrx_word' id='word_1_348' title='bbox 1505 2830 1866 2900; x_wconf 88' lang='lat' dir='ltr'><strong>corruptione</strong></span> <span class='ocrx_word' id='word_1_349' title='bbox 1899 2832 2032 2887; x_wconf 83' lang='lat' dir='ltr'><strong>lihe—</strong></span> 
     </span>
    </p>
   </div>
   <div class='ocr_carea' id='block_1_46' title="bbox 449 2918 2031 2980">
    <p class='ocr_par' dir='ltr' id='par_1_46' title="bbox 449 2918 2031 2980">
     <span class='ocr_line' id='line_1_46' title="bbox 449 2918 2031 2980; baseline 0.005 -11"><span class='ocrx_word' id='word_1_350' title='bbox 449 2932 508 2969; x_wconf 88' lang='lat' dir='ltr'><strong>ra</strong></span> <span class='ocrx_word' id='word_1_351' title='bbox 533 2959 547 2980; x_wconf 91' lang='lat'><strong>,</strong></span> <span class='ocrx_word' id='word_1_352' title='bbox 591 2919 660 2971; x_wconf 88' lang='lat' dir='ltr'><strong>ab</strong></span> <span class='ocrx_word' id='word_1_353' title='bbox 685 2918 1026 2975; x_wconf 85' lang='lat' dir='ltr'><strong>iuhahitante</strong></span> <span class='ocrx_word' id='word_1_354' title='bbox 1053 2921 1238 2974; x_wconf 89' lang='lat' dir='ltr'><strong>divina</strong></span> <span class='ocrx_word' id='word_1_355' title='bbox 1274 2930 1472 2974; x_wconf 85' lang='lat' dir='ltr'><strong>natura</strong></span> <span class='ocrx_word' id='word_1_356' title='bbox 1503 2920 1645 2976; x_wconf 84' lang='lat' dir='ltr'><strong>facta</strong></span> <span class='ocrx_word' id='word_1_357' title='bbox 1677 2929 1783 2978; x_wconf 85' lang='lat' dir='ltr'><strong>est.</strong></span> <span class='ocrx_word' id='word_1_358' title='bbox 1821 2921 2031 2978; x_wconf 84' lang='lat' dir='ltr'><strong>Idcirco</strong></span> 
     </span>
    </p>
   </div>
   <div class='ocr_carea' id='block_1_47' title="bbox 448 3008 2030 3085">
    <p class='ocr_par' dir='ltr' id='par_1_47' title="bbox 448 3008 2030 3085">
     <span class='ocr_line' id='line_1_47' title="bbox 448 3008 2030 3085; baseline 0.004 -24"><span class='ocrx_word' id='word_1_359' title='bbox 448 3008 614 3080; x_wconf 63' lang='grc'><strong>694</strong></span> <span class='ocrx_word' id='word_1_360' title='bbox 645 3020 1017 3081; x_wconf 82' lang='lat' dir='ltr'><strong>congruenter</strong></span> <span class='ocrx_word' id='word_1_361' title='bbox 1045 3011 1186 3066; x_wconf 81' lang='lat' dir='ltr'><strong>dixit</strong></span> <span class='ocrx_word' id='word_1_362' title='bbox 1217 3030 1230 3065; x_wconf 89' lang='lat'><strong>:</strong></span> <span class='ocrx_word' id='word_1_363' title='bbox 1269 3031 1287 3064; x_wconf 75' lang='grc' dir='ltr'><strong>ι</strong></span> <span class='ocrx_word' id='word_1_364' title='bbox 1332 3012 1396 3066; x_wconf 86' lang='grc' dir='ltr'><strong>Εῑ</strong></span> <span class='ocrx_word' id='word_1_365' title='bbox 1422 3013 1533 3067; x_wconf 89' lang='lat' dir='ltr'><strong>vidi</strong></span> <span class='ocrx_word' id='word_1_366' title='bbox 1563 3014 1719 3082; x_wconf 89' lang='lat' dir='ltr'><strong>quasi</strong></span> <span class='ocrx_word' id='word_1_367' title='bbox 1748 3023 2030 3085; x_wconf 84' lang='lat' dir='ltr'><strong>aspectum</strong></span> 
     </span>
    </p>
   </div>
   <div class='ocr_carea' id='block_1_48' title="bbox 449 3102 2031 3177">
    <p class='ocr_par' dir='ltr' id='par_1_48' title="bbox 449 3102 2031 3177">
     <span class='ocr_line' id='line_1_48' title="bbox 449 3102 2031 3177; baseline 0.005 -24"><span class='ocrx_word' id='word_1_368' title='bbox 449 3102 660 3160; x_wconf 76' lang='lat' dir='ltr'><strong>electri,</strong></span> <span class='ocrx_word' id='word_1_369' title='bbox 699 3105 844 3157; x_wconf 87' lang='lat' dir='ltr'><strong>velut</strong></span> <span class='ocrx_word' id='word_1_370' title='bbox 889 3115 1177 3174; x_wconf 86' lang='lat' dir='ltr'><strong>aspectum</strong></span> <span class='ocrx_word' id='word_1_371' title='bbox 1206 3105 1366 3175; x_wconf 84' lang='lat' dir='ltr'><strong>ignis,</strong></span> <span class='ocrx_word' id='word_1_372' title='bbox 1402 3105 1743 3160; x_wconf 86' lang='lat' dir='ltr'><strong>intrinsecus</strong></span> <span class='ocrx_word' id='word_1_373' title='bbox 1785 3122 1880 3177; x_wconf 91' lang='lat' dir='ltr'><strong>per</strong></span> <span class='ocrx_word' id='word_1_374' title='bbox 1917 3107 2031 3161; x_wconf 87' lang='lat' dir='ltr'><strong>cir—</strong></span> 
     </span>
    </p>
   </div>
   <div class='ocr_carea' id='block_1_49' title="bbox 449 3186 2027 3263">
    <p class='ocr_par' dir='ltr' id='par_1_49' title="bbox 449 3186 2027 3263">
     <span class='ocr_line' id='line_1_49' title="bbox 449 3186 2027 3263; baseline 0.006 -19"><span class='ocrx_word' id='word_1_375' title='bbox 449 3194 656 3247; x_wconf 87' lang='lat' dir='ltr'><strong>cuitum</strong></span> <span class='ocrx_word' id='word_1_376' title='bbox 717 3186 860 3263; x_wconf 80' lang='lat' dir='ltr'><strong>ejus,</strong></span> <span class='ocrx_word' id='word_1_377' title='bbox 927 3213 957 3250; x_wconf 92' lang='lat' dir='ltr'><strong>a</strong></span> <span class='ocrx_word' id='word_1_378' title='bbox 1019 3197 1232 3252; x_wconf 88' lang='lat' dir='ltr'><strong>visione</strong></span> <span class='ocrx_word' id='word_1_379' title='bbox 1288 3198 1604 3252; x_wconf 90' lang='lat' dir='ltr'><strong>lumborum</strong></span> <span class='ocrx_word' id='word_1_380' title='bbox 1660 3205 1714 3253; x_wconf 89' lang='lat' dir='ltr'><strong>et</strong></span> <span class='ocrx_word' id='word_1_381' title='bbox 1769 3198 2027 3254; x_wconf 88' lang='lat' dir='ltr'><strong>deorsum</strong></span> 
     </span>
    </p>
   </div>
   <div class='ocr_carea' id='block_1_50' title="bbox 449 3286 2030 3357">
    <p class='ocr_par' dir='ltr' id='par_1_50' title="bbox 449 3286 2030 3357">
     <span class='ocr_line' id='line_1_50' title="bbox 449 3286 2030 3357; baseline 0.008 -24"><span class='ocrx_word' id='word_1_382' title='bbox 449 3299 665 3347; x_wconf 71' lang='lat' dir='ltr'><strong>versus,</strong></span> <span class='ocrx_word' id='word_1_383' title='bbox 703 3286 848 3339; x_wconf 80' lang='lat' dir='ltr'><strong>sicut</strong></span> <span class='ocrx_word' id='word_1_384' title='bbox 905 3287 1050 3341; x_wconf 85' lang='lat' dir='ltr'><strong>visio</strong></span> <span class='ocrx_word' id='word_1_385' title='bbox 1112 3289 1277 3357; x_wconf 81' lang='lat' dir='ltr'><strong>ignis.</strong></span> <span class='ocrx_word' id='word_1_386' title='bbox 1319 3307 1336 3340; x_wconf 72' lang='grc' dir='ltr'><strong>ι</strong></span> <span class='ocrx_word' id='word_1_387' title='bbox 1391 3287 1597 3343; x_wconf 85' lang='lat' dir='ltr'><strong>Natura</strong></span> <span class='ocrx_word' id='word_1_388' title='bbox 1655 3290 1800 3345; x_wconf 92' lang='lat' dir='ltr'><strong>enim</strong></span> <span class='ocrx_word' id='word_1_389' title='bbox 1847 3291 2030 3346; x_wconf 86' lang='lat' dir='ltr'><strong>divina</strong></span> 
     </span>
    </p>
   </div>
   <div class='ocr_carea' id='block_1_51' title="bbox 450 3378 2030 3452">
    <p class='ocr_par' dir='ltr' id='par_1_51' title="bbox 450 3378 2030 3452">
     <span class='ocr_line' id='line_1_51' title="bbox 450 3378 2030 3452; baseline 0.004 -23"><span class='ocrx_word' id='word_1_390' title='bbox 450 3378 656 3431; x_wconf 82' lang='lat' dir='ltr'><strong>ferebat</strong></span> <span class='ocrx_word' id='word_1_391' title='bbox 691 3379 1008 3434; x_wconf 87' lang='lat' dir='ltr'><strong>humanam.</strong></span> <span class='ocrx_word' id='word_1_392' title='bbox 1053 3399 1071 3431; x_wconf 83' lang='grc'>‹</span> <span class='ocrx_word' id='word_1_393' title='bbox 1110 3381 1175 3434; x_wconf 80' lang='lat' dir='ltr'><strong>Et</strong></span> <span class='ocrx_word' id='word_1_394' title='bbox 1221 3383 1480 3451; x_wconf 90' lang='lat' dir='ltr'><strong>splendor</strong></span> <span class='ocrx_word' id='word_1_395' title='bbox 1509 3383 1632 3452; x_wconf 84' lang='lat' dir='ltr'><strong>ejus</strong></span> <span class='ocrx_word' id='word_1_396' title='bbox 1679 3384 1734 3437; x_wconf 93' lang='lat' dir='ltr'><strong>in</strong></span> <span class='ocrx_word' id='word_1_397' title='bbox 1767 3384 2030 3438; x_wconf 91' lang='lat' dir='ltr'><strong>circuitu.</strong></span> 
     </span>
    </p>
   </div>
   <div class='ocr_carea' id='block_1_52' title="bbox 451 3469 2032 3544">
    <p class='ocr_par' dir='ltr' id='par_1_52' title="bbox 451 3469 2032 3544">
     <span class='ocr_line' id='line_1_52' title="bbox 451 3469 2032 3544; baseline 0.003 -23"><span class='ocrx_word' id='word_1_398' title='bbox 451 3469 603 3521; x_wconf 74' lang='lat' dir='ltr'><strong>Sicut</strong></span> <span class='ocrx_word' id='word_1_399' title='bbox 639 3469 780 3523; x_wconf 86' lang='lat' dir='ltr'><strong>visio</strong></span> <span class='ocrx_word' id='word_1_400' title='bbox 818 3486 1003 3537; x_wconf 90' lang='lat' dir='ltr'><strong>arcus,</strong></span> <span class='ocrx_word' id='word_1_401' title='bbox 1042 3472 1264 3540; x_wconf 86' lang='lat' dir='ltr'><strong>quando</strong></span> <span class='ocrx_word' id='word_1_402' title='bbox 1297 3472 1467 3526; x_wconf 83' lang='lat' dir='ltr'><strong>fuerit</strong></span> <span class='ocrx_word' id='word_1_403' title='bbox 1499 3473 1553 3526; x_wconf 94' lang='lat' dir='ltr'><strong>in</strong></span> <span class='ocrx_word' id='word_1_404' title='bbox 1589 3472 1755 3537; x_wconf 90' lang='lat' dir='ltr'><strong>nube,</strong></span> <span class='ocrx_word' id='word_1_405' title='bbox 1787 3473 1876 3528; x_wconf 87' lang='lat' dir='ltr'><strong>die</strong></span> <span class='ocrx_word' id='word_1_406' title='bbox 1907 3474 2032 3544; x_wconf 88' lang='lat' dir='ltr'><strong>plu-</strong></span> 
     </span>
    </p>
   </div>
   <div class='ocr_carea' id='block_1_53' title="bbox 2131 1893 3662 1968">
    <p class='ocr_par' dir='ltr' id='par_1_53' title="bbox 2131 1893 3662 1968">
     <span class='ocr_line' id='line_1_53' title="bbox 2131 1893 3662 1968; baseline -0.002 -20"><span class='ocrx_word' id='word_1_407' title='bbox 2131 1896 2410 1966; x_wconf 81' lang='grc' dir='ltr'>τεσσάρων</span> <span class='ocrx_word' id='word_1_408' title='bbox 2435 1895 2713 1965; x_wconf 79' lang='grc' dir='ltr'>στοιχείων</span> <span class='ocrx_word' id='word_1_409' title='bbox 2740 1896 3142 1968; x_wconf 84' lang='grc' dir='ltr'>συγκέκραται·</span> <span class='ocrx_word' id='word_1_410' title='bbox 3177 1893 3374 1964; x_wconf 80' lang='grc' dir='ltr'>μᾶλλον</span> <span class='ocrx_word' id='word_1_411' title='bbox 3397 1893 3450 1946; x_wconf 83' lang='grc' dir='ltr'><strong>δὲ</strong></span> <span class='ocrx_word' id='word_1_412' title='bbox 3474 1893 3662 1962; x_wconf 81' lang='grc' dir='ltr'>τοιαύτη</span> 
     </span>
    </p>
   </div>
   <div class='ocr_carea' id='block_1_54' title="bbox 2132 1986 3661 2060">
    <p class='ocr_par' dir='ltr' id='par_1_54' title="bbox 2132 1986 3661 2060">
     <span class='ocr_line' id='line_1_54' title="bbox 2132 1986 3661 2060; baseline -0.001 -18"><span class='ocrx_word' id='word_1_413' title='bbox 2132 1988 2226 2042; x_wconf 89' lang='grc' dir='ltr'><strong>τοῦ</strong></span> <span class='ocrx_word' id='word_1_414' title='bbox 2260 1987 2549 2060; x_wconf 83' lang='grc' dir='ltr'><strong>ἀνθρώπου</strong></span> <span class='ocrx_word' id='word_1_415' title='bbox 2582 1989 2616 2057; x_wconf 80' lang='grc' dir='ltr'>ἠ</span> <span class='ocrx_word' id='word_1_416' title='bbox 2660 1987 2820 2056; x_wconf 80' lang='grc' dir='ltr'>φύσις</span> <span class='ocrx_word' id='word_1_417' title='bbox 2838 1989 2917 2053; x_wconf 73' lang='grc'><strong>⁵⁸,</strong></span> <span class='ocrx_word' id='word_1_418' title='bbox 2967 1987 3088 2041; x_wconf 77' lang='grc' dir='ltr'>οὕτε</span> <span class='ocrx_word' id='word_1_419' title='bbox 3121 1986 3268 2058; x_wconf 79' lang='grc' dir='ltr'>ψυχὴ</span> <span class='ocrx_word' id='word_1_420' title='bbox 3295 1986 3477 2055; x_wconf 79' lang='grc' dir='ltr'>λογικὴ</span> <span class='ocrx_word' id='word_1_421' title='bbox 3512 1987 3661 2058; x_wconf 85' lang='grc' dir='ltr'>μόνον.</span> 
     </span>
    </p>
   </div>
   <div class='ocr_carea' id='block_1_55' title="bbox 2131 2078 3664 2151">
    <p class='ocr_par' dir='ltr' id='par_1_55' title="bbox 2131 2078 3664 2151">
     <span class='ocr_line' id='line_1_55' title="bbox 2131 2078 3664 2151; baseline -0.001 -18"><span class='ocrx_word' id='word_1_422' title='bbox 2131 2078 2254 2133; x_wconf 81' lang='grc' dir='ltr'>οὔτε</span> <span class='ocrx_word' id='word_1_423' title='bbox 2287 2080 2446 2150; x_wconf 87' lang='grc' dir='ltr'>σῶμα</span> <span class='ocrx_word' id='word_1_424' title='bbox 2478 2078 2692 2148; x_wconf 83' lang='grc' dir='ltr'>θνητὸν,</span> <span class='ocrx_word' id='word_1_425' title='bbox 2725 2080 2839 2133; x_wconf 83' lang='grc' dir='ltr'>ἀλλ’</span> <span class='ocrx_word' id='word_1_426' title='bbox 2868 2081 3153 2151; x_wconf 85' lang='grc' dir='ltr'>ἀμφύτερα</span> <span class='ocrx_word' id='word_1_427' title='bbox 3186 2081 3304 2132; x_wconf 81' lang='grc' dir='ltr'>κατ’</span> <span class='ocrx_word' id='word_1_428' title='bbox 3334 2080 3556 2135; x_wconf 84' lang='grc' dir='ltr'><strong>αύτὸν⁸⁷.</strong></span> <span class='ocrx_word' id='word_1_429' title='bbox 3587 2081 3664 2133; x_wconf 75' lang='grc' dir='ltr'><strong>Διὰ</strong></span> 
     </span>
    </p>
   </div>
   <div class='ocr_carea' id='block_1_56' title="bbox 2131 2167 3665 2244">
    <p class='ocr_par' dir='ltr' id='par_1_56' title="bbox 2131 2167 3665 2244">
     <span class='ocr_line' id='line_1_56' title="bbox 2131 2167 3665 2244; baseline 0.001 -21"><span class='ocrx_word' id='word_1_430' title='bbox 2131 2171 2290 2223; x_wconf 84' lang='grc' dir='ltr'>τοῦτο</span> <span class='ocrx_word' id='word_1_431' title='bbox 2321 2173 2348 2224; x_wconf 86' lang='grc' dir='ltr'>ὁ</span> <span class='ocrx_word' id='word_1_432' title='bbox 2380 2172 2668 2244; x_wconf 83' lang='grc' dir='ltr'>προφήτης</span> <span class='ocrx_word' id='word_1_433' title='bbox 2700 2173 2803 2243; x_wconf 85' lang='grc' dir='ltr'><strong>ὁρᾷ</strong></span> <span class='ocrx_word' id='word_1_434' title='bbox 2829 2173 2937 2226; x_wconf 76' lang='grc' dir='ltr'><strong>ἀπὸ</strong></span> <span class='ocrx_word' id='word_1_435' title='bbox 2959 2172 3163 2242; x_wconf 80' lang='grc' dir='ltr'>ὀσφύος</span> <span class='ocrx_word' id='word_1_436' title='bbox 3191 2173 3285 2227; x_wconf 80' lang='grc' dir='ltr'>καὶ</span> <span class='ocrx_word' id='word_1_437' title='bbox 3315 2172 3442 2239; x_wconf 78' lang='grc' dir='ltr'>ἄνω,</span> <span class='ocrx_word' id='word_1_438' title='bbox 3463 2172 3530 2236; x_wconf 87' lang='grc' dir='ltr'><strong>ὡς</strong></span> <span class='ocrx_word' id='word_1_439' title='bbox 3555 2167 3665 2235; x_wconf 83' lang='grc' dir='ltr'>εἶδος</span> 
     </span>
    </p>
   </div>
   <div class='ocr_carea' id='block_1_57' title="bbox 2130 2261 3663 2337">
    <p class='ocr_par' dir='ltr' id='par_1_57' title="bbox 2130 2261 3663 2337">
     <span class='ocr_line' id='line_1_57' title="bbox 2130 2261 3663 2337; baseline 0.001 -23"><span class='ocrx_word' id='word_1_440' title='bbox 2130 2263 2420 2335; x_wconf 79' lang='grc' dir='ltr'>ἠλέκτρου,</span> <span class='ocrx_word' id='word_1_441' title='bbox 2463 2262 2598 2316; x_wconf 83' lang='grc' dir='ltr'>ἀλλὰ</span> <span class='ocrx_word' id='word_1_442' title='bbox 2647 2264 2742 2318; x_wconf 67' lang='grc' dir='ltr'><strong>κα)⁴</strong></span> <span class='ocrx_word' id='word_1_443' title='bbox 2779 2264 2853 2329; x_wconf 87' lang='grc' dir='ltr'>ὼς</span> <span class='ocrx_word' id='word_1_444' title='bbox 2888 2265 3082 2337; x_wconf 83' lang='grc' dir='ltr'>ὅρασιν</span> <span class='ocrx_word' id='word_1_445' title='bbox 3112 2264 3285 2336; x_wconf 83' lang='grc' dir='ltr'>πυρὸς</span> <span class='ocrx_word' id='word_1_446' title='bbox 3317 2263 3504 2318; x_wconf 76' lang='grc' dir='ltr'>ἔσωθεν</span> <span class='ocrx_word' id='word_1_447' title='bbox 3531 2261 3663 2316; x_wconf 82' lang='grc' dir='ltr'>αὑτοῦ</span> 
     </span>
    </p>
   </div>
   <div class='ocr_carea' id='block_1_58' title="bbox 2132 2354 3664 2427">
    <p class='ocr_par' dir='ltr' id='par_1_58' title="bbox 2132 2354 3664 2427">
     <span class='ocr_line' id='line_1_58' title="bbox 2132 2354 3664 2427; baseline -0.001 -19"><span class='ocrx_word' id='word_1_448' title='bbox 2132 2355 2337 2426; x_wconf 86' lang='grc' dir='ltr'>κύκλῳ.</span> <span class='ocrx_word' id='word_1_449' title='bbox 2376 2355 2488 2409; x_wconf 72' lang='grc' dir='ltr'><strong>Καὶ</strong></span> <span class='ocrx_word' id='word_1_450' title='bbox 2534 2356 2644 2425; x_wconf 86' lang='grc' dir='ltr'><strong>γὰρ</strong></span> <span class='ocrx_word' id='word_1_451' title='bbox 2673 2355 2734 2408; x_wconf 82' lang='grc' dir='ltr'>τὸ</span> <span class='ocrx_word' id='word_1_452' title='bbox 2765 2355 3109 2427; x_wconf 81' lang='grc' dir='ltr'>ἀνθρώπινον</span> <span class='ocrx_word' id='word_1_453' title='bbox 3135 2357 3183 2388; x_wconf 81' lang='grc'><strong>⁵⁸</strong></span> <span class='ocrx_word' id='word_1_454' title='bbox 3229 2355 3322 2409; x_wconf 87' lang='grc' dir='ltr'><strong>τοῦ</strong></span> <span class='ocrx_word' id='word_1_455' title='bbox 3366 2354 3492 2408; x_wconf 83' lang='grc' dir='ltr'><strong>Θεοῦ</strong></span> <span class='ocrx_word' id='word_1_456' title='bbox 3525 2354 3664 2422; x_wconf 83' lang='grc' dir='ltr'>Λόγου</span> 
     </span>
    </p>
   </div>
   <div class='ocr_carea' id='block_1_59' title="bbox 2134 2443 3665 2515">
    <p class='ocr_par' dir='ltr' id='par_1_59' title="bbox 2134 2443 3665 2515">
     <span class='ocr_line' id='line_1_59' title="bbox 2134 2443 3665 2515; baseline -0.001 -19"><span class='ocrx_word' id='word_1_457' title='bbox 2134 2445 2381 2515; x_wconf 83' lang='grc' dir='ltr'>φαιδρὸν,</span> <span class='ocrx_word' id='word_1_458' title='bbox 2416 2444 2512 2497; x_wconf 78' lang='grc' dir='ltr'><strong>καὶ</strong></span> <span class='ocrx_word' id='word_1_459' title='bbox 2545 2444 2818 2515; x_wconf 73' lang='grc' dir='ltr'>λαμπρὸν,</span> <span class='ocrx_word' id='word_1_460' title='bbox 2849 2445 2944 2498; x_wconf 74' lang='grc' dir='ltr'><strong>καὶ</strong></span> <span class='ocrx_word' id='word_1_461' title='bbox 2974 2443 3208 2510; x_wconf 76' lang='grc' dir='ltr'>ἔνδοξον,</span> <span class='ocrx_word' id='word_1_462' title='bbox 3240 2444 3497 2498; x_wconf 81' lang='grc' dir='ltr'><strong>ἀθάνατόν</strong></span> <span class='ocrx_word' id='word_1_463' title='bbox 3519 2460 3569 2496; x_wconf 87' lang='grc' dir='ltr'>τε</span> <span class='ocrx_word' id='word_1_464' title='bbox 3591 2444 3665 2496; x_wconf 76' lang='grc' dir='ltr'><strong>καὶ</strong></span> 
     </span>
    </p>
   </div>
   <div class='ocr_carea' id='block_1_60' title="bbox 2133 2533 3666 2607">
    <p class='ocr_par' dir='ltr' id='par_1_60' title="bbox 2133 2533 3666 2607">
     <span class='ocr_line' id='line_1_60' title="bbox 2133 2533 3666 2607; baseline -0.002 -19"><span class='ocrx_word' id='word_1_465' title='bbox 2133 2535 2407 2606; x_wconf 78' lang='grc' dir='ltr'>ἄφθαρτον</span> <span class='ocrx_word' id='word_1_466' title='bbox 2435 2535 2540 2589; x_wconf 80' lang='grc' dir='ltr'><strong>ὑπὸ</strong></span> <span class='ocrx_word' id='word_1_467' title='bbox 2577 2536 2676 2606; x_wconf 82' lang='grc' dir='ltr'>τῆς</span> <span class='ocrx_word' id='word_1_468' title='bbox 2715 2535 3033 2607; x_wconf 84' lang='grc' dir='ltr'>ὲνοικούσης</span> <span class='ocrx_word' id='word_1_469' title='bbox 3078 2537 3301 2605; x_wconf 76' lang='grc' dir='ltr'>ἐγένετο</span> <span class='ocrx_word' id='word_1_470' title='bbox 3333 2535 3565 2604; x_wconf 85' lang='grc' dir='ltr'>φύσεως’</span> <span class='ocrx_word' id='word_1_471' title='bbox 3604 2533 3666 2586; x_wconf 84' lang='grc' dir='ltr'><strong>διὸ</strong></span> 
     </span>
    </p>
   </div>
   <div class='ocr_carea' id='block_1_61' title="bbox 2133 2625 3666 2700">
    <p class='ocr_par' dir='ltr' id='par_1_61' title="bbox 2133 2625 3666 2700">
     <span class='ocr_line' id='line_1_61' title="bbox 2133 2625 3666 2700; baseline -0.001 -20"><span class='ocrx_word' id='word_1_472' title='bbox 2133 2627 2404 2697; x_wconf 82' lang='grc' dir='ltr'><strong>ἁρμοδίως</strong></span> <span class='ocrx_word' id='word_1_473' title='bbox 2435 2627 2539 2697; x_wconf 76' lang='grc' dir='ltr'>ἔφη</span> <span class='ocrx_word' id='word_1_474' title='bbox 2564 2645 2579 2660; x_wconf 73' lang='grc' dir='ltr'>ο</span> <span class='ocrx_word' id='word_1_475' title='bbox 2640 2647 2658 2678; x_wconf 77' lang='grc' dir='ltr'><strong>ι</strong></span> <span class='ocrx_word' id='word_1_476' title='bbox 2689 2629 2799 2681; x_wconf 72' lang='grc' dir='ltr'><strong>Καὶ</strong></span> <span class='ocrx_word' id='word_1_477' title='bbox 2829 2628 2934 2681; x_wconf 76' lang='grc' dir='ltr'>ἴδον</span> <span class='ocrx_word' id='word_1_478' title='bbox 2966 2629 3041 2692; x_wconf 86' lang='grc' dir='ltr'>ὡς</span> <span class='ocrx_word' id='word_1_479' title='bbox 3075 2629 3271 2700; x_wconf 86' lang='grc' dir='ltr'>ὅρασιν</span> <span class='ocrx_word' id='word_1_480' title='bbox 3299 2628 3573 2697; x_wconf 77' lang='grc' dir='ltr'>ἠλέκτρου,</span> <span class='ocrx_word' id='word_1_481' title='bbox 3608 2625 3666 2687; x_wconf 87' lang='grc' dir='ltr'>ὡς</span> 
     </span>
    </p>
   </div>
   <div class='ocr_carea' id='block_1_62' title="bbox 2131 2715 3667 2790">
    <p class='ocr_par' dir='ltr' id='par_1_62' title="bbox 2131 2715 3667 2790">
     <span class='ocr_line' id='line_1_62' title="bbox 2131 2715 3667 2790; baseline -0.003 -19"><span class='ocrx_word' id='word_1_482' title='bbox 2131 2720 2321 2790; x_wconf 83' lang='grc' dir='ltr'>ὅρασιν</span> <span class='ocrx_word' id='word_1_483' title='bbox 2369 2719 2544 2789; x_wconf 86' lang='grc' dir='ltr'>πυρὸς</span> <span class='ocrx_word' id='word_1_484' title='bbox 2594 2717 2796 2772; x_wconf 79' lang='grc' dir='ltr'>ἔσωθεν</span> <span class='ocrx_word' id='word_1_485' title='bbox 2840 2718 3006 2773; x_wconf 83' lang='grc' dir='ltr'>αὐτοῦ</span> <span class='ocrx_word' id='word_1_486' title='bbox 3054 2719 3280 2788; x_wconf 82' lang='grc' dir='ltr'>κύκλῳ,</span> <span class='ocrx_word' id='word_1_487' title='bbox 3334 2715 3437 2771; x_wconf 81' lang='grc' dir='ltr'><strong>ἀπὸ</strong></span> <span class='ocrx_word' id='word_1_488' title='bbox 3465 2715 3667 2786; x_wconf 73' lang='grc' dir='ltr'>ὁράσεως</span> 
     </span>
    </p>
   </div>
   <div class='ocr_carea' id='block_1_63' title="bbox 2131 2802 3665 2880">
    <p class='ocr_par' dir='ltr' id='par_1_63' title="bbox 2131 2802 3665 2880">
     <span class='ocr_line' id='line_1_63' title="bbox 2131 2802 3665 2880; baseline -0.005 -16"><span class='ocrx_word' id='word_1_489' title='bbox 2131 2810 2354 2879; x_wconf 83' lang='grc' dir='ltr'>ὀσφύος,</span> <span class='ocrx_word' id='word_1_490' title='bbox 2386 2809 2479 2863; x_wconf 74' lang='grc' dir='ltr'>καὶ</span> <span class='ocrx_word' id='word_1_491' title='bbox 2506 2811 2611 2874; x_wconf 76' lang='grc' dir='ltr'>ἕως</span> <span class='ocrx_word' id='word_1_492' title='bbox 2638 2811 2870 2874; x_wconf 71' lang='grc' dir='ltr'><strong>κὰτωδο,</strong></span> <span class='ocrx_word' id='word_1_493' title='bbox 2900 2811 2975 2874; x_wconf 85' lang='grc' dir='ltr'><strong>ὡς</strong></span> <span class='ocrx_word' id='word_1_494' title='bbox 2989 2811 3034 2842; x_wconf 75' lang='grc' dir='ltr'><strong>⁸ο</strong></span> <span class='ocrx_word' id='word_1_495' title='bbox 3062 2807 3314 2880; x_wconf 78' lang='grc' dir='ltr'>ὅρασιν⁶¹</span> <span class='ocrx_word' id='word_1_496' title='bbox 3347 2806 3524 2878; x_wconf 84' lang='grc' dir='ltr'>πυρός.</span> <span class='ocrx_word' id='word_1_497' title='bbox 3557 2823 3573 2856; x_wconf 71' lang='grc' dir='ltr'><strong>ι</strong></span> <span class='ocrx_word' id='word_1_498' title='bbox 3618 2802 3665 2856; x_wconf 86' lang='grc' dir='ltr'><strong>Ἡ</strong></span> 
     </span>
    </p>
   </div>
   <div class='ocr_carea' id='block_1_64' title="bbox 2132 2892 3664 2974">
    <p class='ocr_par' dir='ltr' id='par_1_64' title="bbox 2132 2892 3664 2974">
     <span class='ocr_line' id='line_1_64' title="bbox 2132 2892 3664 2974; baseline -0.017 -2"><span class='ocrx_word' id='word_1_499' title='bbox 2132 2904 2240 2974; x_wconf 76' lang='grc' dir='ltr'><strong>γὰρ</strong></span> <span class='ocrx_word' id='word_1_500' title='bbox 2268 2902 2388 2956; x_wconf 80' lang='grc' dir='ltr'>θεία</span> <span class='ocrx_word' id='word_1_501' title='bbox 2431 2900 2594 2972; x_wconf 74' lang='grc' dir='ltr'>φύσις</span> <span class='ocrx_word' id='word_1_502' title='bbox 2641 2901 2742 2973; x_wconf 78' lang='grc' dir='ltr'><strong>τὴν</strong></span> <span class='ocrx_word' id='word_1_503' title='bbox 2792 2901 3144 2973; x_wconf 85' lang='grc' dir='ltr'>ἀνθρωπείαν</span> <span class='ocrx_word' id='word_1_504' title='bbox 3187 2900 3403 2969; x_wconf 69' lang='grc' dir='ltr'><strong>ἔφερεν.</strong></span> <span class='ocrx_word' id='word_1_505' title='bbox 3451 2917 3469 2950; x_wconf 84' lang='grc'><strong><em>‹</em></strong></span> <span class='ocrx_word' id='word_1_506' title='bbox 3496 2895 3590 2951; x_wconf 74' lang='grc' dir='ltr'><strong>Καὶ</strong></span> <span class='ocrx_word' id='word_1_507' title='bbox 3614 2892 3664 2947; x_wconf 82' lang='grc' dir='ltr'><strong>τὺ</strong></span> 
     </span>
    </p>
   </div>
   <div class='ocr_carea' id='block_1_65' title="bbox 2134 2985 3662 3066">
    <p class='ocr_par' dir='ltr' id='par_1_65' title="bbox 2134 2985 3662 3066">
     <span class='ocr_line' id='line_1_65' title="bbox 2134 2985 3662 3066; baseline -0.005 -17"><span class='ocrx_word' id='word_1_508' title='bbox 2134 2997 2336 3066; x_wconf 82' lang='grc' dir='ltr'>φέγγος</span> <span class='ocrx_word' id='word_1_509' title='bbox 2363 2992 2531 3047; x_wconf 82' lang='grc' dir='ltr'>αὐτοῦ</span> <span class='ocrx_word' id='word_1_510' title='bbox 2557 2992 2762 3065; x_wconf 81' lang='grc' dir='ltr'>κύκλῳ.</span> <span class='ocrx_word' id='word_1_511' title='bbox 2799 2996 2886 3058; x_wconf 82' lang='grc' dir='ltr'>Ὠς</span> <span class='ocrx_word' id='word_1_512' title='bbox 2913 2994 3102 3066; x_wconf 89' lang='grc' dir='ltr'>ὅρασις</span> <span class='ocrx_word' id='word_1_513' title='bbox 3128 2991 3308 3058; x_wconf 77' lang='grc' dir='ltr'>τόξου,</span> <span class='ocrx_word' id='word_1_514' title='bbox 3339 2992 3460 3045; x_wconf 87' lang='grc' dir='ltr'>ὅταν</span> <span class='ocrx_word' id='word_1_515' title='bbox 3545 2989 3593 3042; x_wconf 69' lang='grc' dir='ltr'><strong>ἑν</strong></span> <span class='ocrx_word' id='word_1_516' title='bbox 3610 2990 3662 3058; x_wconf 74' lang='grc' dir='ltr'>τῇ</span> 
     </span>
    </p>
   </div>
   <div class='ocr_carea' id='block_1_66' title="bbox 2133 3083 3664 3158">
    <p class='ocr_par' dir='ltr' id='par_1_66' title="bbox 2133 3083 3664 3158">
     <span class='ocr_line' id='line_1_66' title="bbox 2133 3083 3664 3158; baseline -0.001 -16"><span class='ocrx_word' id='word_1_517' title='bbox 2133 3088 2332 3158; x_wconf 81' lang='grc' dir='ltr'>νεφέλῃ</span> <span class='ocrx_word' id='word_1_518' title='bbox 2359 3088 2416 3139; x_wconf 81' lang='grc' dir='ltr'><strong>ὲν</strong></span> <span class='ocrx_word' id='word_1_519' title='bbox 2444 3087 2628 3158; x_wconf 79' lang='grc' dir='ltr'>ἡμέρᾳ</span> <span class='ocrx_word' id='word_1_520' title='bbox 2659 3086 2839 3149; x_wconf 83' lang='grc' dir='ltr'>ὑετοῦ,</span> <span class='ocrx_word' id='word_1_521' title='bbox 2867 3085 3038 3150; x_wconf 73' lang='grc' dir='ltr'>οὕτως</span> <span class='ocrx_word' id='word_1_522' title='bbox 3063 3088 3096 3156; x_wconf 86' lang='grc' dir='ltr'>ἠ</span> <span class='ocrx_word' id='word_1_523' title='bbox 3123 3087 3318 3157; x_wconf 79' lang='grc' dir='ltr'>ὅρασις</span> <span class='ocrx_word' id='word_1_524' title='bbox 3353 3083 3442 3138; x_wconf 85' lang='grc' dir='ltr'><strong>τοῦ</strong></span> <span class='ocrx_word' id='word_1_525' title='bbox 3470 3083 3664 3152; x_wconf 70' lang='grc' dir='ltr'>φέγγαυ,</span> 
     </span>
    </p>
   </div>
   <div class='ocr_carea' id='block_1_67' title="bbox 2137 3173 3666 3248">
    <p class='ocr_par' dir='ltr' id='par_1_67' title="bbox 2137 3173 3666 3248">
     <span class='ocr_line' id='line_1_67' title="bbox 2137 3173 3666 3248; baseline -0.006 -14"><span class='ocrx_word' id='word_1_526' title='bbox 2137 3178 2418 3234; x_wconf 86' lang='grc' dir='ltr'>κυκλόθεν.</span> <span class='ocrx_word' id='word_1_527' title='bbox 2451 3197 2470 3228; x_wconf 70' lang='grc' dir='ltr'><strong>ι</strong></span> <span class='ocrx_word' id='word_1_528' title='bbox 2515 3179 2628 3232; x_wconf 74' lang='grc' dir='ltr'><strong>Καὶ</strong></span> <span class='ocrx_word' id='word_1_529' title='bbox 2657 3177 2831 3232; x_wconf 89' lang='grc' dir='ltr'>ταῦτα</span> <span class='ocrx_word' id='word_1_530' title='bbox 2863 3178 2919 3232; x_wconf 77' lang='grc' dir='ltr'><strong>δὲ</strong></span> <span class='ocrx_word' id='word_1_531' title='bbox 2948 3177 3055 3232; x_wconf 80' lang='grc' dir='ltr'><strong>τῶν</strong></span> <span class='ocrx_word' id='word_1_532' title='bbox 3095 3177 3258 3230; x_wconf 88' lang='grc' dir='ltr'>θείων</span> <span class='ocrx_word' id='word_1_533' title='bbox 3290 3175 3496 3248; x_wconf 83' lang='grc' dir='ltr'>δωρεῶν</span> <span class='ocrx_word' id='word_1_534' title='bbox 3524 3173 3666 3241; x_wconf 76' lang='grc' dir='ltr'>ὑπάρ-</span> 
     </span>
    </p>
   </div>
   <div class='ocr_carea' id='block_1_68' title="bbox 2134 3264 3669 3345">
    <p class='ocr_par' dir='ltr' id='par_1_68' title="bbox 2134 3264 3669 3345">
     <span class='ocr_line' id='line_1_68' title="bbox 2134 3264 3669 3345; baseline -0.007 -19"><span class='ocrx_word' id='word_1_535' title='bbox 2134 3291 2220 3345; x_wconf 87' lang='grc' dir='ltr'>χει</span> <span class='ocrx_word' id='word_1_536' title='bbox 2270 3270 2614 3343; x_wconf 87' lang='grc' dir='ltr'>σημαντικά·</span> <span class='ocrx_word' id='word_1_537' title='bbox 2661 3270 2817 3340; x_wconf 83' lang='grc' dir='ltr'>δίκην</span> <span class='ocrx_word' id='word_1_538' title='bbox 2863 3269 2972 3340; x_wconf 83' lang='grc' dir='ltr'><strong>γὰρ</strong></span> <span class='ocrx_word' id='word_1_539' title='bbox 3012 3269 3208 3340; x_wconf 72' lang='grc' dir='ltr'>αἴγλης</span> <span class='ocrx_word' id='word_1_540' title='bbox 3241 3269 3442 3322; x_wconf 76' lang='grc' dir='ltr'><strong>ἐκεῖθεν</strong></span> <span class='ocrx_word' id='word_1_541' title='bbox 3470 3264 3669 3329; x_wconf 80' lang='grc' dir='ltr'><strong>ὲξιοῦσαι</strong></span> 
     </span>
    </p>
   </div>
   <div class='ocr_carea' id='block_1_69' title="bbox 2133 3357 3670 3434">
    <p class='ocr_par' dir='ltr' id='par_1_69' title="bbox 2133 3357 3670 3434">
     <span class='ocr_line' id='line_1_69' title="bbox 2133 3357 3670 3434; baseline -0.007 -16"><span class='ocrx_word' id='word_1_542' title='bbox 2133 3366 2194 3418; x_wconf 79' lang='grc' dir='ltr'>τὸ</span> <span class='ocrx_word' id='word_1_543' title='bbox 2239 3364 2347 3418; x_wconf 84' lang='grc' dir='ltr'>τῶν</span> <span class='ocrx_word' id='word_1_544' title='bbox 2399 3362 2725 3434; x_wconf 82' lang='grc' dir='ltr'>ἀνθρώπων.</span> <span class='ocrx_word' id='word_1_545' title='bbox 2749 3361 3099 3433; x_wconf 84' lang='grc' dir='ltr'>εὐεργετοῦσι</span> <span class='ocrx_word' id='word_1_546' title='bbox 3145 3361 3328 3430; x_wconf 85' lang='grc' dir='ltr'>γένος,</span> <span class='ocrx_word' id='word_1_547' title='bbox 3373 3361 3460 3413; x_wconf 82' lang='grc' dir='ltr'><strong>τὸν</strong></span> <span class='ocrx_word' id='word_1_548' title='bbox 3500 3357 3670 3410; x_wconf 83' lang='grc' dir='ltr'>ἐκεῖθεν</span> 
     </span>
    </p>
   </div>
   <div class='ocr_carea' id='block_1_70' title="bbox 2135 3451 3669 3527">
    <p class='ocr_par' dir='ltr' id='par_1_70' title="bbox 2135 3451 3669 3527">
     <span class='ocr_line' id='line_1_70' title="bbox 2135 3451 3669 3527; baseline -0.008 -17"><span class='ocrx_word' id='word_1_549' title='bbox 2135 3455 2291 3510; x_wconf 77' lang='grc' dir='ltr'>ὑετὸν</span> <span class='ocrx_word' id='word_1_550' title='bbox 2316 3473 2382 3527; x_wconf 90' lang='grc' dir='ltr'>ση</span> <span class='ocrx_word' id='word_1_551' title='bbox 2392 3453 2679 3526; x_wconf 88' lang='grc' dir='ltr'>μαίνουσαί</span> <span class='ocrx_word' id='word_1_552' title='bbox 2699 3471 2759 3507; x_wconf 89' lang='grc' dir='ltr'>τε</span> <span class='ocrx_word' id='word_1_553' title='bbox 2781 3455 2874 3507; x_wconf 77' lang='grc' dir='ltr'>καὶ</span> <span class='ocrx_word' id='word_1_554' title='bbox 2897 3453 3276 3526; x_wconf 78' lang='grc' dir='ltr'>ὲπιφέρουσαι.</span> <span class='ocrx_word' id='word_1_555' title='bbox 3298 3452 3475 3514; x_wconf 78' lang='grc' dir='ltr'>Οὕτως</span> <span class='ocrx_word' id='word_1_556' title='bbox 3495 3451 3669 3503; x_wconf 73' lang='grc' dir='ltr'>ἅπαντα</span> 
     </span>
    </p>
   </div>
   <div class='ocr_carea' id='block_1_71' title="bbox 449 3545 2028 3633">
    <p class='ocr_par' dir='ltr' id='par_1_71' title="bbox 449 3561 2028 3633">
     <span class='ocr_line' id='line_1_71' title="bbox 449 3561 2028 3633; baseline 0.006 -20"><span class='ocrx_word' id='word_1_557' title='bbox 449 3563 568 3624; x_wconf 72' lang='lat' dir='ltr'><strong>vim,</strong></span> <span class='ocrx_word' id='word_1_558' title='bbox 629 3561 704 3613; x_wconf 85' lang='lat' dir='ltr'><strong>ita</strong></span> <span class='ocrx_word' id='word_1_559' title='bbox 755 3563 892 3618; x_wconf 84' lang='lat' dir='ltr'><strong>visio</strong></span> <span class='ocrx_word' id='word_1_560' title='bbox 938 3565 1250 3633; x_wconf 87' lang='lat' dir='ltr'><strong>splendoris</strong></span> <span class='ocrx_word' id='word_1_561' title='bbox 1300 3564 1354 3618; x_wconf 87' lang='lat' dir='ltr'><strong>in</strong></span> <span class='ocrx_word' id='word_1_562' title='bbox 1397 3566 1660 3620; x_wconf 86' lang='lat' dir='ltr'><strong>circuitu.</strong></span> <span class='ocrx_word' id='word_1_563' title='bbox 1717 3585 1735 3618; x_wconf 77' lang='grc' dir='ltr'><strong>ι</strong></span> <span class='ocrx_word' id='word_1_564' title='bbox 1787 3565 1854 3620; x_wconf 87' lang='lat' dir='ltr'><strong>Et</strong></span> <span class='ocrx_word' id='word_1_565' title='bbox 1916 3568 2028 3622; x_wconf 70' lang='lat' dir='ltr'><strong>haec</strong></span> 
     </span>
    </p>
   </div>
   <div class='ocr_carea' id='block_1_72' title="bbox 2136 3545 3254 3633">
    <p class='ocr_par' dir='ltr' id='par_1_72' title="bbox 2136 3545 3254 3619">
     <span class='ocr_line' id='line_1_72' title="bbox 2136 3545 3254 3619; baseline -0.004 -18"><span class='ocrx_word' id='word_1_566' title='bbox 2136 3547 2542 3619; x_wconf 80' lang='grc' dir='ltr'>διηγησάμενος</span> <span class='ocrx_word' id='word_1_567' title='bbox 2568 3546 2598 3599; x_wconf 87' lang='grc' dir='ltr'><strong>ὀ</strong></span> <span class='ocrx_word' id='word_1_568' title='bbox 2627 3546 2914 3616; x_wconf 82' lang='grc' dir='ltr'>προφήτης</span> <span class='ocrx_word' id='word_1_569' title='bbox 2949 3545 3254 3616; x_wconf 82' lang='grc' dir='ltr'>ἐπήγαγεν·</span> 
     </span>
    </p>
   </div>
   <div class='ocr_carea' id='block_1_73' title="bbox 447 3649 3670 3729">
    <p class='ocr_par' dir='ltr' id='par_1_73' title="bbox 447 3649 3670 3729">
     <span class='ocr_line' id='line_1_73' title="bbox 447 3649 3670 3729; baseline -0.001 -26"><span class='ocrx_word' id='word_1_570' title='bbox 447 3665 614 3720; x_wconf 84' lang='lat' dir='ltr'><strong>porro</strong></span> <span class='ocrx_word' id='word_1_571' title='bbox 647 3652 832 3707; x_wconf 87' lang='lat' dir='ltr'><strong>divina</strong></span> <span class='ocrx_word' id='word_1_572' title='bbox 868 3655 1013 3709; x_wconf 90' lang='lat' dir='ltr'><strong>dona</strong></span> <span class='ocrx_word' id='word_1_573' title='bbox 1049 3656 1385 3726; x_wconf 74' lang='lat' dir='ltr'><strong>signiﬁcant,</strong></span> <span class='ocrx_word' id='word_1_574' title='bbox 1432 3671 1557 3728; x_wconf 77' lang='lat' dir='ltr'><strong>quae</strong></span> <span class='ocrx_word' id='word_1_575' title='bbox 1588 3657 1906 3729; x_wconf 87' lang='lat' dir='ltr'><strong>splendoris</strong></span> <span class='ocrx_word' id='word_1_576' title='bbox 1946 3659 2124 3715; x_wconf 91' lang='lat' dir='ltr'><strong>instar</strong></span> <span class='ocrx_word' id='word_1_577' title='bbox 2190 3655 2322 3712; x_wconf 88' lang='lat' dir='ltr'><strong>inde</strong></span> <span class='ocrx_word' id='word_1_578' title='bbox 2368 3655 2640 3727; x_wconf 79' lang='lat' dir='ltr'><strong>profecta,</strong></span> <span class='ocrx_word' id='word_1_579' title='bbox 2703 3654 3008 3709; x_wconf 89' lang='lat' dir='ltr'><strong>humanum</strong></span> <span class='ocrx_word' id='word_1_580' title='bbox 3057 3669 3233 3725; x_wconf 76' lang='lat' dir='ltr'><strong>genus</strong></span> <span class='ocrx_word' id='word_1_581' title='bbox 3290 3649 3551 3708; x_wconf 82' lang='lat' dir='ltr'><strong>beneﬂciis</strong></span> <span class='ocrx_word' id='word_1_582' title='bbox 3602 3662 3670 3699; x_wconf 83' lang='lat' dir='ltr'><strong>or-</strong></span> 
     </span>
    </p>
   </div>
   <div class='ocr_carea' id='block_1_74' title="bbox 450 3741 3670 3820">
    <p class='ocr_par' dir='ltr' id='par_1_74' title="bbox 450 3741 3670 3820">
     <span class='ocr_line' id='line_1_74' title="bbox 450 3741 3670 3820; baseline -0.003 -20"><span class='ocrx_word' id='word_1_583' title='bbox 450 3759 603 3816; x_wconf 89' lang='lat' dir='ltr'><strong>nant,</strong></span> <span class='ocrx_word' id='word_1_584' title='bbox 655 3749 896 3818; x_wconf 86' lang='lat' dir='ltr'><strong>pluviam</strong></span> <span class='ocrx_word' id='word_1_585' title='bbox 928 3747 1083 3802; x_wconf 89' lang='lat' dir='ltr'><strong>illine</strong></span> <span class='ocrx_word' id='word_1_586' title='bbox 1126 3745 1457 3805; x_wconf 80' lang='lat' dir='ltr'><strong>deﬂuentem</strong></span> <span class='ocrx_word' id='word_1_587' title='bbox 1506 3757 1562 3806; x_wconf 89' lang='lat' dir='ltr'><strong>et</strong></span> <span class='ocrx_word' id='word_1_588' title='bbox 1623 3750 1946 3820; x_wconf 89' lang='lat' dir='ltr'><strong>indicantia,</strong></span> <span class='ocrx_word' id='word_1_589' title='bbox 1983 3761 2038 3808; x_wconf 91' lang='lat' dir='ltr'><strong>et</strong></span> <span class='ocrx_word' id='word_1_590' title='bbox 2107 3764 2296 3808; x_wconf 90' lang='lat' dir='ltr'><strong>secum</strong></span> <span class='ocrx_word' id='word_1_591' title='bbox 2347 3746 2654 3802; x_wconf 80' lang='lat' dir='ltr'><strong>aﬂ‘erentia.</strong></span> <span class='ocrx_word' id='word_1_592' title='bbox 2716 3744 2792 3799; x_wconf 89' lang='lat' dir='ltr'><strong>Ita</strong></span> <span class='ocrx_word' id='word_1_593' title='bbox 2857 3745 3115 3801; x_wconf 91' lang='lat' dir='ltr'><strong>omnibus</strong></span> <span class='ocrx_word' id='word_1_594' title='bbox 3164 3744 3404 3800; x_wconf 87' lang='lat' dir='ltr'><strong>narratis</strong></span> <span class='ocrx_word' id='word_1_595' title='bbox 3451 3741 3670 3813; x_wconf 81' lang='lat' dir='ltr'><strong>propheta</strong></span> 
     </span>
    </p>
   </div>
   <div class='ocr_carea' id='block_1_75' title="bbox 450 3842 729 3912">
    <p class='ocr_par' dir='ltr' id='par_1_75' title="bbox 450 3842 729 3912">
     <span class='ocr_line' id='line_1_75' title="bbox 450 3842 729 3912; baseline -0.007 -16"><span class='ocrx_word' id='word_1_596' title='bbox 450 3842 689 3912; x_wconf 83' lang='lat' dir='ltr'><strong>subjecit</strong></span> <span class='ocrx_word' id='word_1_597' title='bbox 716 3859 729 3894; x_wconf 92' lang='lat'>:</span> 
     </span>
    </p>
   </div>
   <div class='ocr_carea' id='block_1_76' title="bbox 1049 3998 1417 4056">
    <p class='ocr_par' dir='ltr' id='par_1_76' title="bbox 1049 3998 1417 4056">
     <span class='ocr_line' id='line_1_76' title="bbox 1049 3998 1417 4056; baseline 0 -1"><span class='ocrx_word' id='word_1_598' title='bbox 1049 3998 1278 4055; x_wconf 78' lang='lat' dir='ltr'><strong>CAPUT</strong></span> <span class='ocrx_word' id='word_1_599' title='bbox 1350 3999 1417 4056; x_wconf 88' lang='grc'><strong>11.</strong></span> 
     </span>
    </p>
   </div>
   <div class='ocr_carea' id='block_1_77' title="bbox 519 4111 2028 4188">
    <p class='ocr_par' dir='ltr' id='par_1_77' title="bbox 519 4111 2028 4188">
     <span class='ocr_line' id='line_1_77' title="bbox 519 4111 2028 4188; baseline 0.004 -22"><span class='ocrx_word' id='word_1_600' title='bbox 519 4111 686 4169; x_wconf 72' lang='lat' dir='ltr'><strong>Vens.</strong></span> <span class='ocrx_word' id='word_1_601' title='bbox 725 4117 772 4169; x_wconf 81' lang='grc'><strong>1.</strong></span> <span class='ocrx_word' id='word_1_602' title='bbox 805 4117 933 4169; x_wconf 74' lang='grc' dir='ltr'>Ηιεο</span> <span class='ocrx_word' id='word_1_603' title='bbox 976 4115 1112 4171; x_wconf 77' lang='grc' dir='ltr'><strong>υἱείο</strong></span> <span class='ocrx_word' id='word_1_604' title='bbox 1158 4116 1529 4172; x_wconf 76' lang='lat' dir='ltr'><strong>similitudinis</strong></span> <span class='ocrx_word' id='word_1_605' title='bbox 1571 4118 1757 4188; x_wconf 59' lang='lat' dir='ltr'><strong>gloria</strong></span> <span class='ocrx_word' id='word_1_606' title='bbox 1800 4117 2028 4174; x_wconf 78' lang='lat' dir='ltr'><strong>Domini.</strong></span> 
     </span>
    </p>
   </div>
   <div class='ocr_carea' id='block_1_78' title="bbox 449 4203 2028 4282">
    <p class='ocr_par' dir='ltr' id='par_1_78' title="bbox 449 4203 2028 4282">
     <span class='ocr_line' id='line_1_78' title="bbox 449 4203 2028 4282; baseline 0.006 -25"><span class='ocrx_word' id='word_1_607' title='bbox 449 4203 634 4275; x_wconf 84' lang='lat' dir='ltr'><strong>Neque</strong></span> <span class='ocrx_word' id='word_1_608' title='bbox 673 4207 834 4272; x_wconf 82' lang='lat' dir='ltr'><strong>dixit,</strong></span> <span class='ocrx_word' id='word_1_609' title='bbox 894 4206 1008 4262; x_wconf 82' lang='lat' dir='ltr'><strong>haec</strong></span> <span class='ocrx_word' id='word_1_610' title='bbox 1055 4217 1254 4263; x_wconf 90' lang='lat' dir='ltr'><strong>natura</strong></span> <span class='ocrx_word' id='word_1_611' title='bbox 1318 4207 1557 4273; x_wconf 90' lang='lat' dir='ltr'><strong>Domini,</strong></span> <span class='ocrx_word' id='word_1_612' title='bbox 1617 4227 1795 4281; x_wconf 91' lang='lat' dir='ltr'><strong>neque</strong></span> <span class='ocrx_word' id='word_1_613' title='bbox 1855 4213 2028 4282; x_wconf 81' lang='lat' dir='ltr'><strong>gloria</strong></span> 
     </span>
    </p>
   </div>
   <div class='ocr_carea' id='block_1_79' title="bbox 452 4295 2024 4372">
    <p class='ocr_par' dir='ltr' id='par_1_79' title="bbox 452 4295 2024 4372">
     <span class='ocr_line' id='line_1_79' title="bbox 452 4295 2024 4372; baseline 0.004 -23"><span class='ocrx_word' id='word_1_614' title='bbox 452 4295 687 4366; x_wconf 88' lang='lat' dir='ltr'><strong>Domini,</strong></span> <span class='ocrx_word' id='word_1_615' title='bbox 719 4299 815 4354; x_wconf 90' lang='lat' dir='ltr'><strong>sed</strong></span> <span class='ocrx_word' id='word_1_616' title='bbox 854 4318 872 4352; x_wconf 75' lang='lat' dir='ltr'><strong>t</strong></span> <span class='ocrx_word' id='word_1_617' title='bbox 915 4299 1055 4356; x_wconf 83' lang='lat' dir='ltr'><strong>visio</strong></span> <span class='ocrx_word' id='word_1_618' title='bbox 1090 4300 1474 4357; x_wconf 91' lang='lat' dir='ltr'><strong>similitudinis</strong></span> <span class='ocrx_word' id='word_1_619' title='bbox 1510 4302 1697 4372; x_wconf 74' lang='lat' dir='ltr'><strong>gloriae</strong></span> <span class='ocrx_word' id='word_1_620' title='bbox 1735 4302 1971 4357; x_wconf 90' lang='lat' dir='ltr'><strong>Domini.</strong></span> <span class='ocrx_word' id='word_1_621' title='bbox 2005 4321 2024 4354; x_wconf 75' lang='grc' dir='ltr'><strong>ι</strong></span> 
     </span>
    </p>
   </div>
   <div class='ocr_carea' id='block_1_80' title="bbox 450 4389 2026 4465">
    <p class='ocr_par' dir='ltr' id='par_1_80' title="bbox 450 4389 2026 4465">
     <span class='ocr_line' id='line_1_80' title="bbox 450 4389 2026 4465; baseline 0.004 -20"><span class='ocrx_word' id='word_1_622' title='bbox 450 4389 608 4446; x_wconf 84' lang='lat' dir='ltr'><strong>Sicut</strong></span> <span class='ocrx_word' id='word_1_623' title='bbox 657 4393 804 4449; x_wconf 91' lang='lat' dir='ltr'><strong>enim</strong></span> <span class='ocrx_word' id='word_1_624' title='bbox 843 4394 1038 4460; x_wconf 85' lang='lat' dir='ltr'><strong>voluit,</strong></span> <span class='ocrx_word' id='word_1_625' title='bbox 1085 4395 1183 4462; x_wconf 90' lang='lat' dir='ltr'><strong>ait,</strong></span> <span class='ocrx_word' id='word_1_626' title='bbox 1239 4393 1486 4465; x_wconf 76' lang='lat' dir='ltr'><strong>ﬁgurans</strong></span> <span class='ocrx_word' id='word_1_627' title='bbox 1519 4395 1812 4459; x_wconf 86' lang='lat' dir='ltr'><strong>visionem,</strong></span> <span class='ocrx_word' id='word_1_628' title='bbox 1876 4395 2026 4451; x_wconf 91' lang='lat' dir='ltr'><strong>illius</strong></span> 
     </span>
    </p>
   </div>
   <div class='ocr_carea' id='block_1_81' title="bbox 448 4486 2026 4558">
    <p class='ocr_par' dir='ltr' id='par_1_81' title="bbox 448 4486 2026 4558">
     <span class='ocr_line' id='line_1_81' title="bbox 448 4486 2026 4558; baseline 0.004 -24"><span class='ocrx_word' id='word_1_629' title='bbox 448 4500 532 4538; x_wconf 90' lang='lat' dir='ltr'><strong>me</strong></span> <span class='ocrx_word' id='word_1_630' title='bbox 561 4487 1028 4557; x_wconf 77' lang='lat' dir='ltr'><strong>contemplatione</strong></span> <span class='ocrx_word' id='word_1_631' title='bbox 1063 4486 1319 4558; x_wconf 78' lang='lat' dir='ltr'><strong>dignatus</strong></span> <span class='ocrx_word' id='word_1_632' title='bbox 1345 4498 1446 4543; x_wconf 89' lang='lat' dir='ltr'><strong>est.</strong></span> <span class='ocrx_word' id='word_1_633' title='bbox 1486 4505 1503 4537; x_wconf 75' lang='grc' dir='ltr'><strong>ι</strong></span> <span class='ocrx_word' id='word_1_634' title='bbox 1547 4486 1612 4540; x_wconf 82' lang='grc' dir='ltr'>Ει</span> <span class='ocrx_word' id='word_1_635' title='bbox 1643 4487 1776 4551; x_wconf 86' lang='lat' dir='ltr'><strong>vidi,</strong></span> <span class='ocrx_word' id='word_1_636' title='bbox 1806 4500 1860 4542; x_wconf 83' lang='lat' dir='ltr'><strong>et</strong></span> <span class='ocrx_word' id='word_1_637' title='bbox 1889 4488 2026 4542; x_wconf 88' lang='lat' dir='ltr'><strong>cado</strong></span> 
     </span>
    </p>
   </div>
   <div class='ocr_carea' id='block_1_82' title="bbox 447 4575 2022 4634">
    <p class='ocr_par' dir='ltr' id='par_1_82' title="bbox 447 4575 2022 4634">
     <span class='ocr_line' id='line_1_82' title="bbox 447 4575 2022 4634; baseline 0.003 -8"><span class='ocrx_word' id='word_1_638' title='bbox 447 4575 500 4626; x_wconf 90' lang='lat' dir='ltr'><strong>in</strong></span> <span class='ocrx_word' id='word_1_639' title='bbox 537 4575 731 4630; x_wconf 80' lang='lat' dir='ltr'><strong>faciem</strong></span> <span class='ocrx_word' id='word_1_640' title='bbox 788 4593 986 4633; x_wconf 90' lang='lat' dir='ltr'><strong>meam.</strong></span> <span class='ocrx_word' id='word_1_641' title='bbox 1031 4597 1048 4629; x_wconf 73' lang='grc' dir='ltr'><strong>ι</strong></span> <span class='ocrx_word' id='word_1_642' title='bbox 1100 4579 1338 4633; x_wconf 82' lang='lat' dir='ltr'><strong>Omnino</strong></span> <span class='ocrx_word' id='word_1_643' title='bbox 1387 4595 1451 4633; x_wconf 81' lang='lat' dir='ltr'><strong>ex</strong></span> <span class='ocrx_word' id='word_1_644' title='bbox 1505 4579 1718 4634; x_wconf 86' lang='lat' dir='ltr'><strong>merito.</strong></span> <span class='ocrx_word' id='word_1_645' title='bbox 1773 4577 1829 4632; x_wconf 93' lang='lat' dir='ltr'><strong>Si</strong></span> <span class='ocrx_word' id='word_1_646' title='bbox 1879 4580 2022 4633; x_wconf 90' lang='lat' dir='ltr'><strong>enim</strong></span> 
     </span>
    </p>
   </div>
   <div class='ocr_carea' id='block_1_83' title="bbox 448 4665 2022 4739">
    <p class='ocr_par' dir='ltr' id='par_1_83' title="bbox 448 4665 2022 4739">
     <span class='ocr_line' id='line_1_83' title="bbox 448 4665 2022 4739; baseline 0.004 -21"><span class='ocrx_word' id='word_1_647' title='bbox 448 4665 738 4734; x_wconf 83' lang='lat' dir='ltr'><strong>Seraphim</strong></span> <span class='ocrx_word' id='word_1_648' title='bbox 787 4667 953 4724; x_wconf 87' lang='lat' dir='ltr'><strong>Deum</strong></span> <span class='ocrx_word' id='word_1_649' title='bbox 1008 4669 1287 4724; x_wconf 88' lang='lat' dir='ltr'><strong>laudantia</strong></span> <span class='ocrx_word' id='word_1_650' title='bbox 1335 4671 1520 4727; x_wconf 84' lang='lat' dir='ltr'><strong>velant</strong></span> <span class='ocrx_word' id='word_1_651' title='bbox 1570 4685 1689 4734; x_wconf 86' lang='lat' dir='ltr'><strong>ora,</strong></span> <span class='ocrx_word' id='word_1_652' title='bbox 1745 4669 1874 4739; x_wconf 89' lang='lat' dir='ltr'><strong>quid</strong></span> <span class='ocrx_word' id='word_1_653' title='bbox 1914 4686 2022 4724; x_wconf 91' lang='lat' dir='ltr'><strong>non</strong></span> 
     </span>
    </p>
   </div>
   <div class='ocr_carea' id='block_1_84' title="bbox 447 4755 2024 4828">
    <p class='ocr_par' dir='ltr' id='par_1_84' title="bbox 447 4755 2024 4828">
     <span class='ocr_line' id='line_1_84' title="bbox 447 4755 2024 4828; baseline 0.003 -22"><span class='ocrx_word' id='word_1_654' title='bbox 447 4757 804 4810; x_wconf 87' lang='lat' dir='ltr'><strong>sustinuisset</strong></span> <span class='ocrx_word' id='word_1_655' title='bbox 835 4758 1022 4819; x_wconf 90' lang='lat' dir='ltr'><strong>homo,</strong></span> <span class='ocrx_word' id='word_1_656' title='bbox 1053 4755 1270 4812; x_wconf 88' lang='lat' dir='ltr'><strong>mortali</strong></span> <span class='ocrx_word' id='word_1_657' title='bbox 1301 4773 1538 4828; x_wconf 89' lang='lat' dir='ltr'><strong>corpore</strong></span> <span class='ocrx_word' id='word_1_658' title='bbox 1568 4757 1817 4820; x_wconf 89' lang='lat' dir='ltr'><strong>indutus,</strong></span> <span class='ocrx_word' id='word_1_659' title='bbox 1847 4765 1899 4810; x_wconf 85' lang='lat' dir='ltr'><strong>et</strong></span> <span class='ocrx_word' id='word_1_660' title='bbox 1932 4772 2024 4811; x_wconf 91' lang='lat' dir='ltr'><strong>ve-</strong></span> 
     </span>
    </p>
   </div>
   <div class='ocr_carea' id='block_1_85' title="bbox 450 4845 2029 4917">
    <p class='ocr_par' dir='ltr' id='par_1_85' title="bbox 450 4845 2029 4917">
     <span class='ocr_line' id='line_1_85' title="bbox 450 4845 2029 4917; baseline 0.003 -22"><span class='ocrx_word' id='word_1_661' title='bbox 450 4859 559 4895; x_wconf 88' lang='lat' dir='ltr'><strong>ram</strong></span> <span class='ocrx_word' id='word_1_662' title='bbox 592 4845 858 4898; x_wconf 88' lang='lat' dir='ltr'><strong>visionem</strong></span> <span class='ocrx_word' id='word_1_663' title='bbox 891 4848 1309 4917; x_wconf 86' lang='lat' dir='ltr'><strong>contemplans?</strong></span> <span class='ocrx_word' id='word_1_664' title='bbox 1341 4847 1538 4903; x_wconf 84' lang='lat' dir='ltr'><strong>Verum</strong></span> <span class='ocrx_word' id='word_1_665' title='bbox 1579 4855 1786 4902; x_wconf 90' lang='lat' dir='ltr'><strong>metum</strong></span> <span class='ocrx_word' id='word_1_666' title='bbox 1821 4847 2029 4900; x_wconf 86' lang='lat' dir='ltr'><strong>excutit</strong></span> 
     </span>
    </p>
   </div>
   <div class='ocr_carea' id='block_1_86' title="bbox 2749 3985 3119 4042">
    <p class='ocr_par' dir='ltr' id='par_1_86' title="bbox 2749 3985 3119 4042">
     <span class='ocr_line' id='line_1_86' title="bbox 2749 3985 3119 4042; baseline 0.003 -3"><span class='ocrx_word' id='word_1_667' title='bbox 2749 3987 3004 4042; x_wconf 76' lang='grc' dir='ltr'><strong>ΚΕΦΑΛ.</strong></span> <span class='ocrx_word' id='word_1_668' title='bbox 3045 3985 3119 4040; x_wconf 87' lang='grc' dir='ltr'><strong>Β’.</strong></span> 
     </span>
    </p>
   </div>
   <div class='ocr_carea' id='block_1_87' title="bbox 2209 4097 3669 4170">
    <p class='ocr_par' dir='ltr' id='par_1_87' title="bbox 2209 4097 3669 4170">
     <span class='ocr_line' id='line_1_87' title="bbox 2209 4097 3669 4170; baseline -0.004 -16"><span class='ocrx_word' id='word_1_669' title='bbox 2209 4109 2276 4157; x_wconf 92' lang='lat' dir='ltr'><strong>a&#39;.</strong></span> <span class='ocrx_word' id='word_1_670' title='bbox 2309 4101 2469 4169; x_wconf 82' lang='grc' dir='ltr'>Αὕτη</span> <span class='ocrx_word' id='word_1_671' title='bbox 2488 4101 2532 4132; x_wconf 72' lang='grc' dir='ltr'>θ’</span> <span class='ocrx_word' id='word_1_672' title='bbox 2561 4100 2596 4168; x_wconf 79' lang='grc' dir='ltr'><strong><em>ἡ</em></strong></span> <span class='ocrx_word' id='word_1_673' title='bbox 2636 4099 2846 4168; x_wconf 81' lang='grc' dir='ltr'>ὅρασις</span> <span class='ocrx_word' id='word_1_674' title='bbox 2870 4101 3236 4170; x_wconf 82' lang='grc' dir='ltr'>ὁμοιώματος</span> <span class='ocrx_word' id='word_1_675' title='bbox 3268 4101 3446 4168; x_wconf 80' lang='grc' dir='ltr'>δόξης</span> <span class='ocrx_word' id='word_1_676' title='bbox 3467 4097 3669 4165; x_wconf 78' lang='grc' dir='ltr'>Κυρίου.</span> 
     </span>
    </p>
   </div>
   <div class='ocr_carea' id='block_1_88' title="bbox 2136 4190 3670 4267">
    <p class='ocr_par' dir='ltr' id='par_1_88' title="bbox 2136 4190 3670 4267">
     <span class='ocr_line' id='line_1_88' title="bbox 2136 4190 3670 4267; baseline -0.002 -20"><span class='ocrx_word' id='word_1_677' title='bbox 2136 4196 2246 4248; x_wconf 76' lang='grc' dir='ltr'><strong>Καὶ</strong></span> <span class='ocrx_word' id='word_1_678' title='bbox 2291 4196 2390 4248; x_wconf 83' lang='grc' dir='ltr'>οὐκ</span> <span class='ocrx_word' id='word_1_679' title='bbox 2440 4190 2613 4256; x_wconf 75' lang='grc' dir='ltr'>εἶπεν,</span> <span class='ocrx_word' id='word_1_680' title='bbox 2649 4192 2794 4264; x_wconf 79' lang='grc' dir='ltr'>Αὕτη</span> <span class='ocrx_word' id='word_1_681' title='bbox 2839 4196 2871 4262; x_wconf 88' lang='grc' dir='ltr'><strong>ἡ</strong></span> <span class='ocrx_word' id='word_1_682' title='bbox 2920 4194 3083 4262; x_wconf 86' lang='grc' dir='ltr'>φύσις</span> <span class='ocrx_word' id='word_1_683' title='bbox 3117 4196 3346 4267; x_wconf 79' lang='grc' dir='ltr'>Κυρίου,</span> <span class='ocrx_word' id='word_1_684' title='bbox 3382 4194 3492 4248; x_wconf 83' lang='grc' dir='ltr'><strong>οὐδὲ</strong></span> <span class='ocrx_word' id='word_1_685' title='bbox 3519 4194 3547 4260; x_wconf 78' lang='grc' dir='ltr'>ἡ</span> <span class='ocrx_word' id='word_1_686' title='bbox 3571 4191 3670 4253; x_wconf 77' lang='grc' dir='ltr'>δόξα</span> 
     </span>
    </p>
   </div>
   <div class='ocr_carea' id='block_1_89' title="bbox 2136 4283 3667 4357">
    <p class='ocr_par' dir='ltr' id='par_1_89' title="bbox 2136 4283 3667 4357">
     <span class='ocr_line' id='line_1_89' title="bbox 2136 4283 3667 4357; baseline -0.005 -18"><span class='ocrx_word' id='word_1_687' title='bbox 2136 4286 2361 4357; x_wconf 83' lang='grc' dir='ltr'>Κυρίου,</span> <span class='ocrx_word' id='word_1_688' title='bbox 2415 4284 2527 4339; x_wconf 84' lang='grc' dir='ltr'>ἀλλ’</span> <span class='ocrx_word' id='word_1_689' title='bbox 2581 4303 2599 4336; x_wconf 78' lang='lat' dir='ltr'><strong>t</strong></span> <span class='ocrx_word' id='word_1_690' title='bbox 2627 4286 2819 4356; x_wconf 82' lang='grc' dir='ltr'>ὅρασις</span> <span class='ocrx_word' id='word_1_691' title='bbox 2851 4284 3198 4357; x_wconf 84' lang='grc' dir='ltr'>ὁμοιώματος</span> <span class='ocrx_word' id='word_1_692' title='bbox 3231 4286 3386 4355; x_wconf 79' lang='grc' dir='ltr'>δόξης</span> <span class='ocrx_word' id='word_1_693' title='bbox 3436 4283 3667 4353; x_wconf 72' lang='grc' dir='ltr'><strong>Κυρίου.»</strong></span> 
     </span>
    </p>
   </div>
   <div class='ocr_carea' id='block_1_90' title="bbox 2143 4379 3670 4455">
    <p class='ocr_par' dir='ltr' id='par_1_90' title="bbox 2143 4379 3670 4455">
     <span class='ocr_line' id='line_1_90' title="bbox 2143 4379 3670 4455; baseline -0.002 -21"><span class='ocrx_word' id='word_1_694' title='bbox 2143 4382 2231 4444; x_wconf 83' lang='grc' dir='ltr'>Ὦς</span> <span class='ocrx_word' id='word_1_695' title='bbox 2260 4382 2370 4452; x_wconf 77' lang='grc' dir='ltr'>γὰρ</span> <span class='ocrx_word' id='word_1_696' title='bbox 2389 4381 2644 4451; x_wconf 77' lang='grc' dir='ltr'>ἠθέλησε,</span> <span class='ocrx_word' id='word_1_697' title='bbox 2679 4382 2832 4451; x_wconf 72' lang='grc' dir='ltr'>φησὶ,</span> <span class='ocrx_word' id='word_1_698' title='bbox 2858 4383 3202 4455; x_wconf 82' lang='grc' dir='ltr'>σχηματίσας</span> <span class='ocrx_word' id='word_1_699' title='bbox 3232 4383 3329 4454; x_wconf 86' lang='grc' dir='ltr'><strong>τὴν</strong></span> <span class='ocrx_word' id='word_1_700' title='bbox 3357 4382 3490 4452; x_wconf 75' lang='grc' dir='ltr'>ὄψιν,</span> <span class='ocrx_word' id='word_1_701' title='bbox 3507 4379 3670 4450; x_wconf 78' lang='grc' dir='ltr'>ἠξίωσέ</span> 
     </span>
    </p>
   </div>
   <div class='ocr_carea' id='block_1_91' title="bbox 2136 4475 3670 4546">
    <p class='ocr_par' dir='ltr' id='par_1_91' title="bbox 2136 4475 3670 4546">
     <span class='ocr_line' id='line_1_91' title="bbox 2136 4475 3670 4546; baseline -0.003 -18"><span class='ocrx_word' id='word_1_702' title='bbox 2136 4492 2202 4545; x_wconf 87' lang='grc' dir='ltr'><strong>με</strong></span> <span class='ocrx_word' id='word_1_703' title='bbox 2235 4475 2334 4545; x_wconf 82' lang='grc' dir='ltr'>τῆς</span> <span class='ocrx_word' id='word_1_704' title='bbox 2363 4475 2617 4546; x_wconf 83' lang='grc' dir='ltr'>θεωρίας.</span> <span class='ocrx_word' id='word_1_705' title='bbox 2672 4495 2690 4527; x_wconf 69' lang='grc' dir='ltr'><em>ς</em></span> <span class='ocrx_word' id='word_1_706' title='bbox 2722 4476 2834 4529; x_wconf 75' lang='grc' dir='ltr'><strong>Καὶ</strong></span> <span class='ocrx_word' id='word_1_707' title='bbox 2864 4477 2991 4542; x_wconf 79' lang='grc' dir='ltr'>ἴδον,</span> <span class='ocrx_word' id='word_1_708' title='bbox 3032 4477 3128 4531; x_wconf 77' lang='grc' dir='ltr'><strong>καὶ</strong></span> <span class='ocrx_word' id='word_1_709' title='bbox 3164 4478 3348 4532; x_wconf 84' lang='grc' dir='ltr'>πίπτω</span> <span class='ocrx_word' id='word_1_710' title='bbox 3379 4477 3462 4530; x_wconf 70' lang='grc' dir='ltr'><strong>ἐπὶ</strong></span> <span class='ocrx_word' id='word_1_711' title='bbox 3487 4475 3670 4546; x_wconf 75' lang='grc' dir='ltr'>πρόσω-</span> 
     </span>
    </p>
   </div>
   <div class='ocr_carea' id='block_1_92' title="bbox 2135 4563 3669 4640">
    <p class='ocr_par' dir='ltr' id='par_1_92' title="bbox 2135 4563 3669 4640">
     <span class='ocr_line' id='line_1_92' title="bbox 2135 4563 3669 4640; baseline -0.002 -21"><span class='ocrx_word' id='word_1_712' title='bbox 2135 4567 2234 4619; x_wconf 80' lang='grc' dir='ltr'><strong>πόν</strong></span> <span class='ocrx_word' id='word_1_713' title='bbox 2266 4583 2391 4635; x_wconf 91' lang='grc' dir='ltr'>μου.</span> <span class='ocrx_word' id='word_1_714' title='bbox 2426 4583 2444 4616; x_wconf 76' lang='grc' dir='ltr'><strong>ι</strong></span> <span class='ocrx_word' id='word_1_715' title='bbox 2500 4567 2611 4620; x_wconf 74' lang='grc' dir='ltr'><strong>Καὶ</strong></span> <span class='ocrx_word' id='word_1_716' title='bbox 2658 4567 2802 4638; x_wconf 85' lang='grc' dir='ltr'>μάλα</span> <span class='ocrx_word' id='word_1_717' title='bbox 2831 4568 3057 4631; x_wconf 74' lang='grc' dir='ltr'>εἰκότως</span> <span class='ocrx_word' id='word_1_718' title='bbox 3082 4586 3096 4599; x_wconf 76' lang='grc' dir='ltr'>ο</span> <span class='ocrx_word' id='word_1_719' title='bbox 3145 4570 3194 4622; x_wconf 84' lang='grc' dir='ltr'><strong>εί</strong></span> <span class='ocrx_word' id='word_1_720' title='bbox 3224 4570 3331 4640; x_wconf 85' lang='grc' dir='ltr'><strong>γὰρ</strong></span> <span class='ocrx_word' id='word_1_721' title='bbox 3363 4568 3427 4621; x_wconf 77' lang='grc' dir='ltr'>τὰ</span> <span class='ocrx_word' id='word_1_722' title='bbox 3461 4563 3669 4634; x_wconf 51' lang='grc' dir='ltr'>ἓραφὶμ</span> 
     </span>
    </p>
   </div>
   <div class='ocr_carea' id='block_1_93' title="bbox 2131 4653 3668 4728">
    <p class='ocr_par' dir='ltr' id='par_1_93' title="bbox 2131 4653 3668 4728">
     <span class='ocr_line' id='line_1_93' title="bbox 2131 4653 3668 4728; baseline -0.005 -18"><span class='ocrx_word' id='word_1_723' title='bbox 2131 4656 2402 4726; x_wconf 84' lang='grc' dir='ltr'>ὑμνοῦντα</span> <span class='ocrx_word' id='word_1_724' title='bbox 2433 4659 2800 4725; x_wconf 85' lang='grc' dir='ltr'>συγκαλύπτει</span> <span class='ocrx_word' id='word_1_725' title='bbox 2826 4659 2894 4712; x_wconf 77' lang='grc' dir='ltr'>τὰ</span> <span class='ocrx_word' id='word_1_726' title='bbox 2920 4661 3205 4728; x_wconf 84' lang='grc' dir='ltr'><strong>πρόσωπα,</strong></span> <span class='ocrx_word' id='word_1_727' title='bbox 3229 4661 3281 4713; x_wconf 88' lang='grc' dir='ltr'>τί</span> <span class='ocrx_word' id='word_1_728' title='bbox 3303 4660 3400 4712; x_wconf 85' lang='grc' dir='ltr'>οὐκ</span> <span class='ocrx_word' id='word_1_729' title='bbox 3425 4658 3486 4711; x_wconf 78' lang='grc' dir='ltr'>ἂν</span> <span class='ocrx_word' id='word_1_730' title='bbox 3505 4653 3668 4708; x_wconf 79' lang='grc' dir='ltr'>ἔπαθεν</span> 
     </span>
    </p>
   </div>
   <div class='ocr_carea' id='block_1_94' title="bbox 2131 4751 3669 4825">
    <p class='ocr_par' dir='ltr' id='par_1_94' title="bbox 2131 4751 3669 4825">
     <span class='ocr_line' id='line_1_94' title="bbox 2131 4751 3669 4825; baseline 0.003 -20"><span class='ocrx_word' id='word_1_731' title='bbox 2131 4751 2417 4820; x_wconf 80' lang='grc' dir='ltr'>ἄνθρωπος</span> <span class='ocrx_word' id='word_1_732' title='bbox 2451 4753 2610 4823; x_wconf 86' lang='grc' dir='ltr'>σῶμα</span> <span class='ocrx_word' id='word_1_733' title='bbox 2650 4754 2845 4825; x_wconf 74' lang='grc' dir='ltr'>θνητὸν</span> <span class='ocrx_word' id='word_1_734' title='bbox 2883 4756 3288 4824; x_wconf 85' lang='grc' dir='ltr'>περικείμενος,</span> <span class='ocrx_word' id='word_1_735' title='bbox 3329 4755 3419 4808; x_wconf 78' lang='grc' dir='ltr'><strong>καὶ</strong></span> <span class='ocrx_word' id='word_1_736' title='bbox 3445 4753 3669 4810; x_wconf 60' lang='lat' dir='ltr'><strong>omnia;</strong></span> 
     </span>
    </p>
   </div>
   <div class='ocr_carea' id='block_1_95' title="bbox 2134 4841 3669 4917">
    <p class='ocr_par' dir='ltr' id='par_1_95' title="bbox 2134 4841 3669 4917">
     <span class='ocr_line' id='line_1_95' title="bbox 2134 4841 3669 4917; baseline -0.003 -20"><span class='ocrx_word' id='word_1_737' title='bbox 2134 4843 2366 4914; x_wconf 79' lang='grc' dir='ltr'>ἀληθοῦς</span> <span class='ocrx_word' id='word_1_738' title='bbox 2395 4847 2452 4898; x_wconf 85' lang='grc' dir='ltr'><strong>έν</strong></span> <span class='ocrx_word' id='word_1_739' title='bbox 2477 4844 2679 4917; x_wconf 74' lang='grc' dir='ltr'>θεωρίᾳ</span> <span class='ocrx_word' id='word_1_740' title='bbox 2699 4846 2988 4916; x_wconf 84' lang='grc' dir='ltr'>γενόμενος</span> <span class='ocrx_word' id='word_1_741' title='bbox 3012 4864 3028 4912; x_wconf 88' lang='grc'>;</span> <span class='ocrx_word' id='word_1_742' title='bbox 3071 4848 3212 4900; x_wconf 78' lang='grc' dir='ltr'>Ἀλλ’</span> <span class='ocrx_word' id='word_1_743' title='bbox 3239 4847 3479 4901; x_wconf 48' lang='lat' dir='ltr'><strong>nemo.</strong></span> <span class='ocrx_word' id='word_1_744' title='bbox 3502 4844 3554 4895; x_wconf 76' lang='grc' dir='ltr'><strong>τὸ</strong></span> <span class='ocrx_word' id='word_1_745' title='bbox 3576 4841 3669 4902; x_wconf 79' lang='grc' dir='ltr'>δέος</span> 
     </span>
    </p>
   </div>
   <div class='ocr_carea' id='block_1_96' title="bbox 449 4931 2028 5010">
    <p class='ocr_par' dir='ltr' id='par_1_96' title="bbox 449 4932 2024 5010">
     <span class='ocr_line' id='line_1_96' title="bbox 449 4932 2024 5010; baseline 0.006 -26"><span class='ocrx_word' id='word_1_746' title='bbox 449 4932 716 5002; x_wconf 81' lang='lat' dir='ltr'><strong>benignus</strong></span> <span class='ocrx_word' id='word_1_747' title='bbox 747 4933 1032 4990; x_wconf 90' lang='lat' dir='ltr'><strong>Dominus.</strong></span> <span class='ocrx_word' id='word_1_748' title='bbox 1077 4956 1095 4987; x_wconf 75' lang='grc' dir='ltr'><strong>ι</strong></span> <span class='ocrx_word' id='word_1_749' title='bbox 1149 4938 1350 4994; x_wconf 83' lang='lat' dir='ltr'><strong>Audivi</strong></span> <span class='ocrx_word' id='word_1_750' title='bbox 1397 4940 1567 5005; x_wconf 90' lang='lat' dir='ltr'><strong>enim,</strong></span> <span class='ocrx_word' id='word_1_751' title='bbox 1610 4939 1807 5010; x_wconf 89' lang='lat' dir='ltr'><strong>inquit,</strong></span> <span class='ocrx_word' id='word_1_752' title='bbox 1842 4937 1909 4992; x_wconf 91' lang='lat' dir='ltr'><strong>ad</strong></span> <span class='ocrx_word' id='word_1_753' title='bbox 1939 4955 2024 4994; x_wconf 90' lang='lat' dir='ltr'><strong>me</strong></span> 
     </span>
    </p>
   </div>
   <div class='ocr_carea' id='block_1_97' title="bbox 2136 4931 3668 5010">
    <p class='ocr_par' dir='ltr' id='par_1_97' title="bbox 2136 4931 3668 5008">
     <span class='ocr_line' id='line_1_97' title="bbox 2136 4931 3668 5008; baseline -0.007 -17"><span class='ocrx_word' id='word_1_754' title='bbox 2136 4941 2155 4991; x_wconf 79' lang='grc'><strong>5</strong></span> <span class='ocrx_word' id='word_1_755' title='bbox 2189 4935 2573 5008; x_wconf 74' lang='grc' dir='ltr'>φιλάνθρωπος</span> <span class='ocrx_word' id='word_1_756' title='bbox 2602 4937 2898 5007; x_wconf 80' lang='grc' dir='ltr'>Δεσπότης.</span> <span class='ocrx_word' id='word_1_757' title='bbox 2941 4956 2960 4988; x_wconf 67' lang='grc' dir='ltr'>ε</span> <span class='ocrx_word' id='word_1_758' title='bbox 2994 4938 3241 4992; x_wconf 85' lang='grc' dir='ltr'>Ἤκουσα</span> <span class='ocrx_word' id='word_1_759' title='bbox 3265 4938 3393 5008; x_wconf 84' lang='grc' dir='ltr'>γὰρ,</span> <span class='ocrx_word' id='word_1_760' title='bbox 3426 4933 3562 5004; x_wconf 78' lang='grc' dir='ltr'>φησὶ,</span> <span class='ocrx_word' id='word_1_761' title='bbox 3591 4931 3668 4982; x_wconf 79' lang='grc' dir='ltr'>λα-</span> 
     </span>
    </p>
   </div>
   <div class='ocr_carea' id='block_1_98' title="bbox 411 5115 969 5194">
    <p class='ocr_par' dir='ltr' id='par_1_98' title="bbox 411 5115 969 5194">
     <span class='ocr_line' id='line_1_98' title="bbox 411 5115 969 5194; baseline 0.011 -27"><span class='ocrx_word' id='word_1_762' title='bbox 411 5175 417 5194; x_wconf 48' lang='grc'><strong>,</strong></span> <span class='ocrx_word' id='word_1_763' title='bbox 517 5126 538 5145; x_wconf 89' lang='grc'>⁰</span> <span class='ocrx_word' id='word_1_764' title='bbox 570 5115 726 5170; x_wconf 82' lang='lat' dir='ltr'><strong>Deut.</strong></span> <span class='ocrx_word' id='word_1_765' title='bbox 764 5133 835 5183; x_wconf 86' lang='lat' dir='ltr'><strong>Iv,</strong></span> <span class='ocrx_word' id='word_1_766' title='bbox 873 5117 969 5174; x_wconf 68' lang='grc'><strong>24.</strong></span> 
     </span>
    </p>
   </div>
   <div class='ocr_carea' id='block_1_99' title="bbox 1723 5271 2402 5332">
    <p class='ocr_par' dir='ltr' id='par_1_99' title="bbox 1723 5271 2402 5332">
     <span class='ocr_line' id='line_1_99' title="bbox 1723 5271 2402 5332; baseline 0.006 -4"><span class='ocrx_word' id='word_1_767' title='bbox 1723 5271 1954 5328; x_wconf 79' lang='lat' dir='ltr'><strong>VARle</strong></span> <span class='ocrx_word' id='word_1_768' title='bbox 1996 5272 2291 5332; x_wconf 82' lang='lat' dir='ltr'><strong>LECTION</strong></span> <span class='ocrx_word' id='word_1_769' title='bbox 2298 5275 2402 5332; x_wconf 86' lang='lat' dir='ltr'><strong>ES.</strong></span> 
     </span>
    </p>
   </div>
   <div class='ocr_carea' id='block_1_100' title="bbox 537 5389 1775 5465">
    <p class='ocr_par' dir='ltr' id='par_1_100' title="bbox 537 5389 1775 5465">
     <span class='ocr_line' id='line_1_100' title="bbox 537 5389 1775 5465; baseline -0.003 -18"><span class='ocrx_word' id='word_1_770' title='bbox 537 5396 580 5427; x_wconf 83' lang='grc'><strong>⁵⁵</strong></span> <span class='ocrx_word' id='word_1_771' title='bbox 611 5395 669 5450; x_wconf 77' lang='grc' dir='ltr'><strong>Β.</strong></span> <span class='ocrx_word' id='word_1_772' title='bbox 704 5391 1061 5465; x_wconf 59' lang='grc' dir='ltr'><strong>ἀνθρώπειον.</strong></span> <span class='ocrx_word' id='word_1_773' title='bbox 1097 5459 1108 5465; x_wconf 87' lang='lat'>_</span> <span class='ocrx_word' id='word_1_774' title='bbox 1152 5391 1198 5422; x_wconf 80' lang='grc'>⁸⁸</span> <span class='ocrx_word' id='word_1_775' title='bbox 1229 5391 1261 5461; x_wconf 82' lang='grc' dir='ltr'>ἡ</span> <span class='ocrx_word' id='word_1_776' title='bbox 1294 5393 1422 5459; x_wconf 88' lang='grc' dir='ltr'>φύσ.</span> <span class='ocrx_word' id='word_1_777' title='bbox 1471 5389 1546 5444; x_wconf 84' lang='lat' dir='ltr'><strong>Ex</strong></span> <span class='ocrx_word' id='word_1_778' title='bbox 1581 5389 1622 5443; x_wconf 89' lang='grc' dir='ltr'><strong>Β</strong></span> <span class='ocrx_word' id='word_1_779' title='bbox 1664 5407 1775 5465; x_wconf 80' lang='lat' dir='ltr'><strong>sup</strong></span> 
     </span>
    </p>
   </div>
   <div class='ocr_carea' id='block_1_101' title="bbox 1782 5383 3663 5462">
    <p class='ocr_par' dir='ltr' id='par_1_101' title="bbox 1782 5383 3663 5462">
     <span class='ocr_line' id='line_1_101' title="bbox 1782 5383 3663 5462; baseline 0.003 -20"><span class='ocrx_word' id='word_1_780' title='bbox 1782 5393 1853 5462; x_wconf 90' lang='lat' dir='ltr'><strong>pl.</strong></span> <span class='ocrx_word' id='word_1_781' title='bbox 1930 5393 1975 5424; x_wconf 86' lang='grc'><strong>⁸⁷</strong></span> <span class='ocrx_word' id='word_1_782' title='bbox 2004 5393 2042 5445; x_wconf 88' lang='grc' dir='ltr'>Β</span> <span class='ocrx_word' id='word_1_783' title='bbox 2066 5394 2208 5448; x_wconf 78' lang='grc' dir='ltr'>κατὰ</span> <span class='ocrx_word' id='word_1_784' title='bbox 2239 5396 2461 5449; x_wconf 86' lang='grc' dir='ltr'>ταυτόν.</span> <span class='ocrx_word' id='word_1_785' title='bbox 2543 5393 2588 5426; x_wconf 81' lang='grc'><strong>³⁸</strong></span> <span class='ocrx_word' id='word_1_786' title='bbox 2631 5391 2994 5462; x_wconf 84' lang='grc' dir='ltr'><strong>ἀνθρώπειον.</strong></span> <span class='ocrx_word' id='word_1_787' title='bbox 3071 5395 3116 5427; x_wconf 80' lang='grc'><strong><em>⁵⁸</em></strong></span> <span class='ocrx_word' id='word_1_788' title='bbox 3149 5394 3253 5457; x_wconf 76' lang='grc' dir='ltr'><strong>ἕως</strong></span> <span class='ocrx_word' id='word_1_789' title='bbox 3277 5383 3442 5447; x_wconf 83' lang='grc' dir='ltr'>κάτω.</span> <span class='ocrx_word' id='word_1_790' title='bbox 3470 5388 3663 5462; x_wconf 58' lang='lat' dir='ltr'><strong>negl!“</strong></span> 
     </span>
    </p>
   </div>
   <div class='ocr_carea' id='block_1_102' title="bbox 447 5459 2880 5536">
    <p class='ocr_par' dir='ltr' id='par_1_102' title="bbox 447 5459 2880 5536">
     <span class='ocr_line' id='line_1_102' title="bbox 447 5459 2880 5536; baseline -0.001 -16"><span class='ocrx_word' id='word_1_791' title='bbox 447 5466 501 5520; x_wconf 94' lang='lat' dir='ltr'><strong>h.</strong></span> <span class='ocrx_word' id='word_1_792' title='bbox 557 5468 590 5520; x_wconf 92' lang='lat' dir='ltr'><strong>l.</strong></span> <span class='ocrx_word' id='word_1_793' title='bbox 643 5483 712 5536; x_wconf 91' lang='lat' dir='ltr'><strong>qu</strong></span> <span class='ocrx_word' id='word_1_794' title='bbox 733 5482 765 5536; x_wconf 4' lang='grc' dir='ltr'>ι»,</span> <span class='ocrx_word' id='word_1_795' title='bbox 809 5459 1050 5536; x_wconf 62' lang='lat' dir='ltr'><strong>medium</strong></span> <span class='ocrx_word' id='word_1_796' title='bbox 1097 5459 1484 5536; x_wconf 38' lang='lat' dir='ltr'><strong>locumAantea</strong></span> <span class='ocrx_word' id='word_1_797' title='bbox 1518 5459 1813 5536; x_wconf 50' lang='lat' dir='ltr'><strong>tenebant,</strong></span> <span class='ocrx_word' id='word_1_798' title='bbox 1853 5478 1905 5536; x_wconf 81' lang='lat' dir='ltr'><strong>p.</strong></span> <span class='ocrx_word' id='word_1_799' title='bbox 1936 5464 2064 5536; x_wconf 9' lang='lat'><strong>60,1,</strong></span> <span class='ocrx_word' id='word_1_800' title='bbox 2103 5463 2596 5534; x_wconf 76' lang='grc' dir='ltr'>ἐπάνω-ὀσφύος,</span> <span class='ocrx_word' id='word_1_801' title='bbox 2633 5459 2880 5536; x_wconf 56' lang='grc' dir='ltr'>καίέως.</span> 
     </span>
    </p>
   </div>
   <div class='ocr_carea' id='block_1_103' title="bbox 2980 5452 3659 5528">
    <p class='ocr_par' dir='ltr' id='par_1_103' title="bbox 2980 5452 3659 5528">
     <span class='ocr_line' id='line_1_103' title="bbox 2980 5452 3659 5528; baseline -0.01 -9"><span class='ocrx_word' id='word_1_802' title='bbox 2980 5463 3026 5495; x_wconf 84' lang='grc'>⁶⁰</span> <span class='ocrx_word' id='word_1_803' title='bbox 3059 5465 3152 5528; x_wconf 85' lang='grc' dir='ltr'><strong>ὡς.</strong></span> <span class='ocrx_word' id='word_1_804' title='bbox 3190 5452 3346 5519; x_wconf 78' lang='lat' dir='ltr'><strong>Deest</strong></span> <span class='ocrx_word' id='word_1_805' title='bbox 3380 5463 3433 5516; x_wconf 88' lang='lat' dir='ltr'><strong>h.</strong></span> <span class='ocrx_word' id='word_1_806' title='bbox 3467 5461 3500 5513; x_wconf 95' lang='grc' dir='ltr'><strong>Ι.</strong></span> <span class='ocrx_word' id='word_1_807' title='bbox 3528 5452 3659 5512; x_wconf 74' lang='grc' dir='ltr'>εἶδον,</span> 
     </span>
    </p>
   </div>
   <div class='ocr_carea' id='block_1_104' title="bbox 449 5529 3662 5619">
    <p class='ocr_par' dir='ltr' id='par_1_104' title="bbox 449 5529 3662 5619">
     <span class='ocr_line' id='line_1_104' title="bbox 449 5529 3662 5619; baseline -0.002 -30"><span class='ocrx_word' id='word_1_808' title='bbox 449 5549 512 5619; x_wconf 65' lang='lat' dir='ltr'><strong>ut</strong></span> <span class='ocrx_word' id='word_1_809' title='bbox 537 5529 726 5619; x_wconf 61' lang='lat' dir='ltr'><strong>supra,</strong></span> <span class='ocrx_word' id='word_1_810' title='bbox 758 5535 811 5589; x_wconf 92' lang='lat' dir='ltr'><strong>iu</strong></span> <span class='ocrx_word' id='word_1_811' title='bbox 845 5534 903 5588; x_wconf 81' lang='grc' dir='ltr'>Β,</span> <span class='ocrx_word' id='word_1_812' title='bbox 930 5530 1054 5619; x_wconf 64' lang='grc' dir='ltr'><strong>ᾞιί.</strong></span> <span class='ocrx_word' id='word_1_813' title='bbox 1086 5529 1409 5619; x_wconf 47' lang='lat' dir='ltr'><strong>schol.‘96.”</strong></span> <span class='ocrx_word' id='word_1_814' title='bbox 1437 5531 1479 5619; x_wconf 58' lang='grc' dir='ltr'><strong>ξ’</strong></span> <span class='ocrx_word' id='word_1_815' title='bbox 1518 5530 1784 5619; x_wconf 74' lang='grc' dir='ltr'>Βόρασις.</span> <span class='ocrx_word' id='word_1_816' title='bbox 1813 5611 1826 5619; x_wconf 69' lang='lat'>_</span> <span class='ocrx_word' id='word_1_817' title='bbox 1856 5529 2389 5619; x_wconf 28' lang='grc' dir='ltr'>ίοχΑίὸτη-Κυρίου,</span> <span class='ocrx_word' id='word_1_818' title='bbox 2420 5529 2475 5617; x_wconf 66' lang='lat' dir='ltr'><strong>et</strong></span> <span class='ocrx_word' id='word_1_819' title='bbox 2505 5549 2626 5616; x_wconf 69' lang='lat' dir='ltr'><strong>quae</strong></span> <span class='ocrx_word' id='word_1_820' title='bbox 2665 5533 3078 5619; x_wconf 47' lang='lat' dir='ltr'><strong>proximausunt</strong></span> <span class='ocrx_word' id='word_1_821' title='bbox 3107 5535 3264 5619; x_wconf 64' lang='lat' dir='ltr'><strong>verba</strong></span> <span class='ocrx_word' id='word_1_822' title='bbox 3298 5542 3489 5619; x_wconf 75' lang='lat' dir='ltr'><strong>textus.</strong></span> 
     </span>
    </p>
   </div>
   <div class='ocr_carea' id='block_1_105' title="bbox 448 5597 3661 5746">
    <p class='ocr_par' dir='ltr' id='par_1_105' title="bbox 448 5597 3661 5746">
     <span class='ocr_line' id='line_1_105' title="bbox 448 5597 3661 5674; baseline -0.003 -16"><span class='ocrx_word' id='word_1_823' title='bbox 448 5609 513 5659; x_wconf 87' lang='lat' dir='ltr'><strong>ad</strong></span> <span class='ocrx_word' id='word_1_824' title='bbox 551 5597 838 5668; x_wconf 78' lang='grc' dir='ltr'>λαλοῦντος</span> <span class='ocrx_word' id='word_1_825' title='bbox 874 5604 1009 5673; x_wconf 83' lang='grc' dir='ltr'>πρός</span> <span class='ocrx_word' id='word_1_826' title='bbox 1056 5619 1142 5672; x_wconf 87' lang='grc' dir='ltr'><strong>με,</strong></span> <span class='ocrx_word' id='word_1_827' title='bbox 1174 5602 1331 5671; x_wconf 80' lang='lat' dir='ltr'><strong>juxta</strong></span> <span class='ocrx_word' id='word_1_828' title='bbox 1366 5599 1529 5654; x_wconf 84' lang='lat' dir='ltr'><strong>Hebr.</strong></span> <span class='ocrx_word' id='word_1_829' title='bbox 1558 5597 1832 5670; x_wconf 78' lang='lat' dir='ltr'><strong>pertinent</strong></span> <span class='ocrx_word' id='word_1_830' title='bbox 1865 5605 1930 5656; x_wconf 91' lang='lat' dir='ltr'><strong>ad</strong></span> <span class='ocrx_word' id='word_1_831' title='bbox 1969 5597 2128 5659; x_wconf 75' lang='lat' dir='ltr'><strong>linem</strong></span> <span class='ocrx_word' id='word_1_832' title='bbox 2164 5597 2578 5674; x_wconf 28' lang='lat' dir='ltr'><strong>capitis&#39;prim&#39;i.</strong></span> <span class='ocrx_word' id='word_1_833' title='bbox 2611 5597 2697 5657; x_wconf 79' lang='lat' dir='ltr'><strong>cui</strong></span> <span class='ocrx_word' id='word_1_834' title='bbox 2725 5605 2778 5656; x_wconf 93' lang='lat' dir='ltr'><strong>iu</strong></span> <span class='ocrx_word' id='word_1_835' title='bbox 2837 5604 3166 5673; x_wconf 90' lang='lat' dir='ltr'><strong>quibusdam</strong></span> <span class='ocrx_word' id='word_1_836' title='bbox 3210 5606 3359 5657; x_wconf 91' lang='lat' dir='ltr'><strong>libris</strong></span> <span class='ocrx_word' id='word_1_837' title='bbox 3389 5610 3490 5654; x_wconf 87' lang='lat' dir='ltr'><strong>vel.</strong></span> <span class='ocrx_word' id='word_1_838' title='bbox 3519 5597 3661 5660; x_wconf 85' lang='lat' dir='ltr'><strong>subji-</strong></span> 
     </span>
     <span class='ocr_line' id='line_1_106' title="bbox 448 5670 3658 5746; baseline -0.002 -20"><span class='ocrx_word' id='word_1_839' title='bbox 448 5679 688 5731; x_wconf 78' lang='lat' dir='ltr'><strong>ciuntur.</strong></span> <span class='ocrx_word' id='word_1_840' title='bbox 723 5677 886 5736; x_wconf 85' lang='lat' dir='ltr'><strong>lnt‘ra,</strong></span> <span class='ocrx_word' id='word_1_841' title='bbox 921 5676 984 5728; x_wconf 85' lang='lat' dir='ltr'><strong>ad</strong></span> <span class='ocrx_word' id='word_1_842' title='bbox 1014 5673 1146 5727; x_wconf 86' lang='lat' dir='ltr'><strong>Dan.</strong></span> <span class='ocrx_word' id='word_1_843' title='bbox 1183 5687 1284 5746; x_wconf 86' lang='lat' dir='ltr'><strong>vu_.</strong></span> <span class='ocrx_word' id='word_1_844' title='bbox 1306 5671 1359 5746; x_wconf 68' lang='grc' dir='ltr'>θ,</span> <span class='ocrx_word' id='word_1_845' title='bbox 1387 5672 1472 5734; x_wconf 80' lang='grc'><strong>10,</strong></span> <span class='ocrx_word' id='word_1_846' title='bbox 1492 5671 1717 5746; x_wconf 70' lang='lat' dir='ltr'><strong>initium</strong></span> <span class='ocrx_word' id='word_1_847' title='bbox 1750 5673 1914 5744; x_wconf 91' lang='lat' dir='ltr'><strong>hujus</strong></span> <span class='ocrx_word' id='word_1_848' title='bbox 1937 5690 2076 5729; x_wconf 87' lang='lat' dir='ltr'><strong>vers.</strong></span> <span class='ocrx_word' id='word_1_849' title='bbox 2118 5676 2191 5730; x_wconf 92' lang='lat' dir='ltr'><strong>ita</strong></span> <span class='ocrx_word' id='word_1_850' title='bbox 2225 5692 2284 5732; x_wconf 90' lang='lat' dir='ltr'><strong>se</strong></span> <span class='ocrx_word' id='word_1_851' title='bbox 2319 5677 2503 5743; x_wconf 88' lang='lat' dir='ltr'><strong>habet,</strong></span> <span class='ocrx_word' id='word_1_852' title='bbox 2531 5674 2688 5728; x_wconf 89' lang='grc' dir='ltr'>τοῦτο</span> <span class='ocrx_word' id='word_1_853' title='bbox 2715 5674 2970 5744; x_wconf 81' lang='grc' dir='ltr'>ὁμοίωμα</span> <span class='ocrx_word' id='word_1_854' title='bbox 3001 5673 3159 5746; x_wconf 81' lang='grc' dir='ltr'>δόξης</span> <span class='ocrx_word' id='word_1_855' title='bbox 3183 5675 3406 5745; x_wconf 81' lang='grc' dir='ltr'>Κυρίου.</span> <span class='ocrx_word' id='word_1_856' title='bbox 3452 5670 3523 5724; x_wconf 88' lang='lat' dir='ltr'><strong>Ita</strong></span> <span class='ocrx_word' id='word_1_857' title='bbox 3545 5677 3658 5737; x_wconf 45' lang='lat' dir='ltr'><strong>quo.</strong></span> 
     </span>
    </p>
   </div>
   <div class='ocr_carea' id='block_1_106' title="bbox 449 5741 1687 5817">
    <p class='ocr_par' dir='ltr' id='par_1_106' title="bbox 449 5741 1687 5817">
     <span class='ocr_line' id='line_1_107' title="bbox 449 5741 1687 5817; baseline -0.002 -20"><span class='ocrx_word' id='word_1_858' title='bbox 449 5761 555 5812; x_wconf 84' lang='lat' dir='ltr'><strong>que</strong></span> <span class='ocrx_word' id='word_1_859' title='bbox 587 5749 689 5817; x_wconf 81' lang='lat' dir='ltr'><strong>leg.</strong></span> <span class='ocrx_word' id='word_1_860' title='bbox 725 5748 884 5810; x_wconf 80' lang='lat' dir='ltr'><strong>infra,</strong></span> <span class='ocrx_word' id='word_1_861' title='bbox 927 5745 992 5799; x_wconf 85' lang='lat' dir='ltr'><strong>ad</strong></span> <span class='ocrx_word' id='word_1_862' title='bbox 1037 5746 1212 5798; x_wconf 80' lang='lat' dir='ltr'><strong>locum</strong></span> <span class='ocrx_word' id='word_1_863' title='bbox 1247 5742 1385 5813; x_wconf 86' lang='lat' dir='ltr'><strong>Eph.</strong></span> <span class='ocrx_word' id='word_1_864' title='bbox 1416 5757 1455 5806; x_wconf 86' lang='grc' dir='ltr'><strong>ι,</strong></span> <span class='ocrx_word' id='word_1_865' title='bbox 1485 5743 1572 5808; x_wconf 83' lang='lat' dir='ltr'><strong>l7,</strong></span> <span class='ocrx_word' id='word_1_866' title='bbox 1602 5741 1687 5794; x_wconf 81' lang='lat' dir='ltr'><strong>l8.</strong></span> 
     </span>
    </p>
   </div>
  </div>
