3868 6204
227 373 317 441 837
1422 368 1503 429 IN
1543 363 1989 427 EZECHIELIS
2020 363 2179 427 CAP.
2227 365 2309 425 II.

3371 364 3479 428 838

229 489 427 551 λοῦντος
445 486 491 518 ⁸³
517 487 652 559 πρός
683 504 771 559 με,
795 485 889 540 καὶ
916 479 1034 540 εἷπε
1064 484 1198 557 πρὸς
1221 500 1287 553 με
1312 498 1324 512 ·
1353 482 1450 535 Υἱὲ
1479 479 1792 552 ἀνθρώπου,

1916 478 2244 548 loquentem,
2277 487 2331 534 et
2361 477 2499 534 dixit
2527 478 2592 534 ad
2636 494 2739 545 me,
2768 477 2867 534 Fili
2894 478 3157 544 hominis,
3201 486 3282 535 sta
3312 496 3478 552 super

229 580 374 651 στῆθι
419 580 515 633 ἐπὶ
560 580 689 645 τοὺς
719 579 886 644 πόδας
924 596 1044 640 σου,
1089 577 1184 630 καὶ
1214 574 1433 646 λαλήσω
1476 572 1612 645 πρὸς
1649 573 1726 626 σέ.
1770 589 1789 622 ι

236 672 363 726 Υιὸν
388 670 458 723 δὲ
482 670 799 741 ἀνθρώπου
831 666 1247 742 προσαγορεύει,
1283 665 1563 737 μονονουχὶ¹
1599 663 1795 733 λέγων,

227 763 311 835 Μὴ
350 762 611 816 ἐπιλάθου
645 763 747 833 τῆς
796 761 1011 832 φύσεως
1043 759 1144 830 τῆς
1190 757 1330 830 ὑπὲρ
1361 758 1461 828 τὴν
1505 756 1605 827 σὴν
1634 754 1797 824 φύσιν

229 853 452 925 θεωρίας
499 852 775 919 ἀξιωθεὶς,
826 852 965 907 ἀλλὰ
1012 849 1182 920 γνῶθι
1223 848 1455 902 σαυτόν·
1506 849 1641 918 μήτε
1699 840 1798 916 μὲν

228 946 509 1017 ἐπιμείνῃς
547 948 614 1017 τῇ
664 945 900 1015 ἀμετρίᾳ,
932 940 1024 997 τοῦ
1071 942 1242 1005 δέους,
1280 938 1414 1011 ἐμοῦ
1463 956 1545 992 σοι
1589 952 1798 1007 παρεγ-

227 1036 462 1106 γυῶντος
499 1036 747 1109 θαρρεῖν,
787 1035 899 1089 ἀλλ’
932 1032 1103 1097 ἑστὼς
1147 1033 1310 1087 ἄκουε
1352 1030 1459 1084 τῶν
1499 1028 1627 1100 παρ’
1660 1025 1797 1097 ἐμοῦ

227 1126 553 1196 λεγομένων,
594 1126 668 1197 μὴ
708 1124 1193 1196 περιτρεπόμενος,
1224 1121 1359 1176 ἀλλὰ
1391 1123 1456 1193 τῇ
1490 1120 1675 1173 στάσει
1706 1136 1798 1189 ση-

233 1214 433 1286 μαίνων
478 1213 541 1267 τὸ
590 1213 827 1285 βέϐαιον.
880 1215 990 1267 Καὶ
1035 1214 1097 1266 οὐ
1130 1212 1289 1284 μόνον
1322 1210 1495 1265 ταῦτα
1535 1210 1564 1262 ὁ
1592 1207 1797 1277 ἀγαθὸς

231 1306 375 1372 ἔλεγε
405 1305 708 1374 Δεσπότης,
734 1304 867 1358 ἀλλὰ
896 1304 991 1357 καὶ
1021 1303 1086 1356 δι’
1122 1301 1299 1356 αὐτῶν
1323 1300 1429 1354 τῶν
1454 1299 1797 1370 πραγμάτων

230 1394 405 1466 ἐξῄρει
440 1396 532 1446 τδν
558 1393 744 1463 φόϐον.

297 1487 360 1555 β’.
390 1482 582 1539 Ἦλθε
602 1484 731 1553 γὰρ,
765 1484 950 1553 φησὶν,
977 1483 1069 1537 ἐπ’
1095 1481 1200 1553 ἐμὲ
1225 1481 1461 1550 πνεῦμα
1477 1479 1543 1541 ⁸⁸,
1572 1476 1671 1532 καὶ
1699 1476 1802 1532 ἀν-

229 1576 403 1632 έλαϐέ
440 1593 539 1646 με,
580 1576 680 1630 καί
713 1575 895 1645 ἐξῆρέ
927 1592 1025 1646 με,
1052 1575 1148 1630 καὶ
1175 1573 1403 1643 ἕστησέ
1417 1590 1494 1643 με
1524 1572 1622 1625 ἐπὶ
1661 1570 1803 1635 τοὺς

230 1671 416 1737 πόδας
444 1688 600 1740 μου,
653 1671 752 1725 καὶ
783 1669 1012 1741 ἤκουον
1064 1670 1250 1725 αὐτοῦ
1280 1667 1617 1730 λαλοῦντος
1653 1664 1805 1732 πρός

1902 571 2069 641 pedes
2099 580 2247 639 tuos,
2278 580 2333 627 et
2372 571 2569 643 loquar
2598 571 2665 626 ad
2703 580 2776 627 te.
2819 589 2837 621 ι
2888 569 2936 623 F
2939 571 3087 625 ilium
3118 570 3343 627 hominis
3377 589 3477 643 ap-

1901 668 2085 735 pellat,
2134 668 2207 722 ita
2245 668 2640 739 propemodum
2677 667 2865 723 dicens
2901 686 2914 722 :
2968 665 3043 721 Ne
3079 678 3292 721 natum
3332 667 3475 721 obli-

1904 756 2138 813 viscaris
2184 757 2347 828 695
2394 772 2456 812 ea
2509 757 2969 828 contemplatione
3018 755 3309 827 dignatus,
3358 773 3479 827 qua:

1905 857 2055 903 tuam
2112 858 2335 919 superat
2400 857 2657 904 naturam
2706 866 2945 905 :verum
2995 865 3162 904 nosce
3217 850 3476 918 teipsum.

1904 939 2092 1010 Neque
2143 951 2326 995 tamen
2382 924 2651 997 imtncnso
2698 950 2845 997 metu
2900 941 3108 998 diutius
3160 940 3477 1004 detinearis,

1905 1047 2030 1086 cum
2066 1031 2162 1086 tibi
2202 1041 2395 1086 auctor
2424 1048 2525 1103 ego
2553 1034 2681 1099 sim,
2724 1041 2782 1087 ut
2819 1034 2961 1089 bono
2996 1033 3074 1089 sis
3106 1034 3292 1088 animo
3328 1053 3340 1088 :
3383 1033 3477 1088 sed

1905 1130 2059 1179 stans
2087 1123 2212 1178 audi
2255 1138 2379 1194 quas
2422 1138 2452 1177 a
2487 1139 2571 1178 me
2608 1123 2887 1189 dicantur,
2925 1141 3033 1178 non
3072 1124 3178 1178 huc
3214 1133 3308 1180 aut
3352 1126 3481 1181 illuc

1905 1220 1959 1267 te
1985 1213 2443 1281 circumvertens,
2471 1214 2568 1270 sed
2599 1215 2721 1286 ipso
2753 1224 2898 1269 statu
2933 1216 3284 1270 stabilitatem
3310 1215 3484 1287 signi-

1904 1305 2095 1360 ﬁcans.
2138 1304 2326 1377 Neque
2367 1305 2480 1362 haec
2514 1307 2690 1362 solum
2724 1306 2903 1362 bonus
2934 1306 3154 1361 dicebat
3190 1306 3480 1376 Dominus,

1902 1397 1996 1454 sed
2030 1398 2195 1452 etiam
2231 1398 2368 1470 ipsis
2400 1400 2569 1455 rebus
2609 1406 2814 1453 metum
2865 1399 3162 1455 eximebat.

1975 1487 2143 1546 Vens.
2192 1489 2247 1545 ‘2.
2302 1490 2451 1545 Venit
2481 1491 2618 1544 enim
2666 1507 2822 1560 super
2854 1508 2958 1555 me,
3001 1491 3197 1563 inquit,
3235 1493 3479 1562 spiritus.

1901 1590 1951 1634 et
1986 1584 2271 1650 assumpsit
2306 1599 2406 1644 me,
2438 1593 2486 1636 et
2525 1583 2714 1637 extulit
2749 1599 2848 1649 me,
2894 1591 2944 1637 et
2971 1585 3159 1637 statuit
3204 1600 3285 1638 me
3327 1600 3484 1652 super

1901 1674 2055 1740 pedes
2082 1690 2245 1737 meos,
2282 1683 2332 1728 et
2362 1674 2541 1728 audivi
2580 1675 2750 1743 ipsum
2799 1674 3089 1746 loquentem
3136 1675 3205 1729 ad
3251 1693 3350 1730 me.
3384 1675 3481 1728 Di-

226 1777 314 1829 με.
338 1761 469 1814 Θεία
500 1761 608 1832 γάρ
639 1778 724 1824 τις
761 1762 1009 1833 ἐνέργεια
1046 1760 1298 1831 ἁψαμένη
1334 1776 1433 1830 μου
1483 1754 1803 1825 συνέσφιγξέ

1916 1766 2032 1819 vina
2072 1767 2217 1819 enim
2260 1767 2506 1836 quaedam
2546 1767 2725 1822 virtus
2754 1782 2879 1822 cum
2923 1767 3193 1839 tetigisset
3222 1784 3328 1832 me,
3364 1769 3483 1825 vel-

235 1869 297 1923 με
338 1853 417 1923 τῷ
464 1853 618 1924 φόϐῳ
665 1853 1003 1917 διαλυθέντα,
1043 1855 1137 1907 καλ¹
1190 1852 1403 1922 στῆναι,
1452 1850 1544 1903 καὶ
1575 1848 1805 1902 ἀκοῦσαι

228 1944 333 1998 τῶν
362 1945 680 2017 φερομένων
705 1945 1083 2017 παρεσκεύασε
1112 1945 1305 2013 λόγων.

296 2043 365 2106 γ’.
403 2039 512 2091 Kal
546 2032 677 2090 εἶπε
719 2038 869 2106 πρός
932 2053 1030 2107 με·
1078 2035 1174 2090 Υἱὲ
1211 2033 1545 2104 ἀνθρώπου,
1586 2032 1806 2095 ἐξαποσ-

229 2126 420 2184 στελῶ
441 2128 558 2199 ἐγώ
580 2145 655 2185 σε
682 2130 829 2198 πρὸς
852 2128 959 2183 τὸν
1002 2129 1171 2182 οἷκον
1209 2126 1314 2181 τοῦ
1371 2124 1629 2193 Ἰσραὴλ,
1667 2123 1807 2187 τοὺς

229 2220 814 2291 παραπικραὶνοντάς
829 2220 874 2253 ⁸⁸
919 2237 999 2290 με
1029 2258 1045 2284 ,
1096 2220 1313 2284 οἵτινες
1362 2212 1810 2285 παμπίκρανὰν

224 2330 299 2383 με
325 2312 517 2375 αὐτοὶ,
544 2311 644 2366 καὶ
673 2315 726 2367 οι
753 2310 999 2381 πατέρες
1018 2308 1236 2374 αὐτῶν,
1265 2307 1363 2362 καὶ
1398 2305 1706 2375 ἠθέτησαν
1738 2302 1810 2355 ἐν

228 2404 354 2473 ἐμοὶ
376 2404 421 2434 ⁶⁶
448 2403 564 2470 ἓως
591 2402 702 2471 τῆς
737 2402 1003 2472 σήμερον
1028 2399 1265 2470 ἡμέρας.
1302 2398 1396 2460 Τίς
1421 2397 1486 2450 ἂν
1518 2395 1661 2465 λόγῳ
1709 2411 1806 2465 με⁴

230 2497 443 2566 τρήσειε
467 2494 567 2565 τὴν
596 2493 746 2550 θείαν
770 2492 1177 2564 φιλανθρωπίαν
1200 2507 1214 2555 ;
1238 2492 1389 2551 ποῖος
1416 2488 1458 2541 δ’
1484 2487 1548 2541 ἂν
1577 2485 1810 2552 ἐξίκοιτο

231 2586 351 2648 νοῦς
399 2585 497 2639 τοῦ
549 2585 823 2653 πελάγους
858 2586 961 2655 τῆς
997 2582 1364 2652 ἁγαθότητος;
1394 2579 1549 2634 Μετὰ
1573 2578 1671 2640 τὰς
1712 2595 1811 2648 μυ-

236 2677 349 2745 ρίας
385 2675 645 2739 ἀσεϐείας
693 2676 786 2727 καὶ
816 2673 1162 2746 παρανομίας
1201 2673 1302 2726 οὐκ
1351 2669 1683 2741 ἀπαγορεύει
1713 2668 1809 2739 τὴν

236 2765 528 2836 σωτηρίαν,
573 2763 711 2818 ἀλλὰ
739 2764 1038 2834 κατηγορεῖ
1066 2763 1163 2833 μὲν
1195 2761 1291 2815 καὶ
1319 2759 1520 2823 αὐτῶν,
1564 2760 1657 2812 καὶ
1702 2759 1809 2811 τῶν

235 2853 503 2922 πατέρων,
533 2853 609 2914 ὡς
652 2852 1052 2923 ἀθετησάντων,
1085 2852 1177 2904 καὶ
1207 2847 1671 2922 παραϐεϐηκότων
1712 2848 1810 2910 τὰς

243 2945 601 3014 συγκειμένας
648 2944 942 3012 συνθήκας,
983 2946 1076 2997 καὶ
1123 2943 1285 3014 μέχρι
1329 2943 1421 2995 κα)⁵
1462 2941 1700 3011 τήμερον
1745 2941 1810 3010 τῇ

240 3036 464 3108 πονηρίᾳ
505 3035 952 3106 προσμεινάντων
976 3051 991 3065 ·
1034 3034 1385 3089 ἀνακαλεῖται
1414 3032 1492 3096 δὲ,
1541 3031 1635 3084 καὶ
1676 3030 1811 3100 πρὸς

1909 1857 1988 1910 uti
2034 1858 2277 1912 solutum
2321 1865 2468 1912 metu
2515 1858 2755 1928 collegit,
2795 1866 2851 1913 et
2898 1859 2972 1913 ita
3033 1859 3394 1929 comparavit,
3424 1869 3486 1914 ut

1912 1946 2219 2001 consistens
2253 1948 2436 2008 verba,
2472 1960 2592 2015 quae
2638 1945 2977 2009 ferebantur,
3013 1947 3205 2003 audire
3241 1964 3481 2018 possem.

1981 2035 2177 2089 'Vens.
2224 2037 2278 2091 5.
2324 2034 2391 2089 Et
2421 2034 2558 2088 dixit
2588 2036 2656 2089 ad
2685 2050 2809 2092 me:
2852 2035 2962 2091 Fili
2989 2039 3242 2105 hominis,
3274 2041 3484 2094 mittam

1907 2143 2000 2198 ego
2025 2137 2072 2182 te
2102 2128 2173 2181 ad
2206 2127 2420 2181 domum
2458 2126 2700 2193 Israelis,
2738 2129 3008 2185 irritante:
3036 2146 3139 2196 me,
3169 2120 3260 2200 qui
3298 2131 3485 2185 irrita-

1909 2230 2093 2275 rerunt
2117 2237 2218 2286 me,
2251 2221 2353 2291 ipsi
2378 2230 2428 2275 et
2448 2230 2624 2289 patres
2645 2231 2913 2284 eorum,et
2941 2223 3486 2291 prevaricatisuntin

1896 2331 1990 2373 me
2012 2330 2172 2383 usque
2197 2314 2265 2367 ad
2282 2312 2592 2368 hodiernum
2624 2313 2783 2367 diem.
2803 2314 2939 2381 Quis
2960 2315 3210 2370 oratione
3242 2314 3487 2370 divinam

1911 2406 2111 2475 poterit
2163 2403 2403 2459 dimetiri
2452 2403 2838 2459 clementiam?
2894 2419 3083 2475 quaeve
3130 2420 3286 2461 mens
3337 2405 3487 2462 illius

1912 2495 2172 2550 bouitat’s
2223 2494 2450 2565 pelagus
2490 2503 2680 2565 posset
2719 2494 2913 2551 obire?
2960 2494 3088 2553 Post
3131 2494 3342 2551 inﬁnita
3376 2512 3488 2555 sce-

1912 2586 2044 2648 lera,
2083 2585 2359 2663 impi‘aque
2390 2584 2657 2649 facinora,
2689 2601 2799 2640 non
2831 2586 3060 2658 denegat
3095 2586 3208 2643 illis
3230 2587 3487 2653 salutem,

1912 2676 2005 2731 sed
2039 2685 2092 2730 et
2124 2676 2273 2747 ipsos
2306 2685 2360 2730 et
2392 2684 2652 2747 parentes
2692 2691 2884 2731 eorum
2921 2685 3166 2738 accusat.
3210 2676 3355 2748 quod
3384 2677 3487 2749 legi

1914 2785 2020 2821 nou
2065 2767 2393 2831 obedieriut,
2432 2773 2487 2822 et
2531 2768 2839 2838 composita
2878 2765 3089 2823 foedera
3132 2768 3395 2824 violarint
3434 2779 3488 2825 et

1913 2875 2087 2928 usque
2121 2858 2187 2913 ad
2218 2858 2541 2913 hodiernum
2576 2859 2719 2915 diem
2758 2860 2812 2914 in
2857 2859 3214 2930 improbitate
3240 2876 3490 2931 perseve-

1915 2950 2178 3005 raverinl.
2221 2950 2460 3006 Rcvocat
2501 2966 2598 3007 eos
2629 2961 2831 3017 tamen,
2867 2959 2921 3007 et
2954 2953 3248 3009 insanabili
3293 2952 3492 3007 morbo

1914 3041 2231 3095 laborantes
2284 3040 2351 3093 ad
2388 3039 2679 3095 sanitatem
2727 3039 2968 3095 invitat:
3005 3041 3312 3111 praesertim
3354 3057 3481 3097 cum

243 3128 443 3195 ὑγίειαν
490 3127 619 3190 τοὺς
658 3127 935 3195 ἀνήκεστα
974 3126 1262 3189 νοσοῦντας
1312 3124 1485 3188 καλεῖ,
1518 3122 1805 3176 καὶταῦτα

1917 3132 2159 3200 ipsorum
2197 3131 2601 3185 contumaciam
2640 3138 2854 3199 nosset,
2883 3140 2939 3189 et
2976 3131 3193 3189 animos
3233 3133 3487 3189 rebelles.

245 3220 390 3283 εἰδὼς
432 3218 613 3273 αὐτῶν
656 3218 718 3271 τὸ
760 3218 1048 3283 δυσπειθὲς
1089 3220 1184 3273 καὶ
1238 3219 1501 3289 δυσήκοον
1532 3232 1544 3245 ·
1593 3214 1674 3268 διδ
1719 3216 1805 3269 καῖ

1916 3222 2287 3289 Quamobrem
2318 3221 2541 3292 subiicit
2562 3240 2578 3278 :

251 3316 447 3385 ἐπάτει·

311 3406 369 3463 δ’.
407 3408 516 3462 Καὶ
548 3408 593 3440 ⁵⁷
621 3405 740 3462 υἱοί
766 3403 1326 3472 σκληροπρόσωποι,
1361 3402 1455 3457 καὶ
1483 3400 1813 3471 θρασυκάρ-

251 3492 373 3561 atat,
416 3497 459 3529 "
484 3497 635 3567 πρὸς
667 3498 712 3531 ⁸⁸
763 3495 871 3561 οὓς
904 3492 1222 3549 ἀποστελῶ
1254 3508 1326 3547 σε
1369 3492 1483 3563 ἐγὼ
1506 3494 1652 3562 πρὸς
1702 3495 1813 3547 ai:-

252 3589 398 3654 τούς.
427 3590 714 3644 Τουτέστιν
760 3587 961 3658 ἰταμοὶ,
995 3585 1251 3658 ὲρυθριᾷν
1292 3586 1391 3639 οὐκ
1439 3586 1660 3649 εἰδότες,
1706 3603 1812 3655 μασ-

253 3678 522 3735 λάττεσθαι
588 3682 692 3736 οὐκ
752 3679 1032 3742 ἐθέλοντες
1080 3695 1093 3708 ·
1143 3677 1265 3731 οὔτε
1335 3679 1812 3749 συμϐουλευτικοῖς

254 3771 547 3843 πειθόμενοι
602 3771 803 3842 λόγοις,
845 3769 968 3825 οὔτε
1001 3771 1068 3842 τῇ
1101 3769 1207 3822 τῶν
1264 3769 1540 3841 τιμωριῶν
1598 3769 1812 3841 ἀνάγκη

258 3863 714 3935 μεταϐαλλόμενοι.
778 3880 799 3914 ι
836 3862 883 3894 τ’
924 3862 1033 3915 Καὶ
1118 3861 1263 3930 ἐρεῖς
1342 3860 1479 3931 πρὸς
1559 3860 1756 3924 αὐτούς
1792 3877 1806 3890 ·

256 3953 383 4007 Τάδε
409 3954 554 4023 λέγει
601 3954 828 4009 Ἀδωναῖ
851 3955 895 3986 ’ί
920 3954 1142 4025 Κύριος.
1176 3972 1195 4005 ι
1237 3952 1310 4006 Τὸ
1338 3951 1393 4005 δὲ
1431 3952 1667 4006 Ἀδωναῒ
1716 3951 1811 4007 καὶ

258 4047 376 4099 αὐτὸ
395 4049 451 4100 τὸ
484 4047 687 4121 Κύριος
712 4046 964 4117 σημαίνει
986 4061 999 4075 ’
1033 4045 1145 4114 ἔχει
1188 4044 1244 4097 δὲ
1277 4044 1371 4098 κα)⁵
1406 4045 1642 4115 σμικράν
1692 4062 1810 4097 τινα

259 4140 431 4210 ἑτέραν
461 4140 717 4212 ἔμφασιν·
752 4139 891 4194 Τάδε
916 4139 1085 4208 λέγει,
1110 4139 1265 4209 φησι,
1298 4140 1344 4171 ⁷⁸
1381 4138 1603 4208 Κύριος,
1640 4139 1667 4190 ὁ
1692 4139 1809 4191 Κύ-

265 4230 363 4298 ρίος
394 4246 510 4300 μου.

323 4328 377 4374 ε’.
431 4322 565 4376 Ἐὰν
609 4320 656 4354 ⁷³
714 4320 830 4389 ἄρα
871 4319 1217 4375 ἀκούσωσιν
1245 4359 1261 4383 ,
1299 4317 1336 4386 ἢ
1387 4317 1686 4386 πτοηθῶσι
1717 4360 1731 4383 ,
1762 4318 1810 4351 ’⁸

262 4406 392 4464 διότι
423 4408 579 4478 οἶκος
610 4399 1099 4478 παραπικραίνων
1120 4408 1273 4473 ἐστὶ,
1323 4409 1423 4461 καὶ
1475 4407 1807 4477 γνώσονται

262 4499 341 4554 ὅτι
366 4502 665 4571 προφήτης
692 4497 752 4555 εἷ
772 4501 853 4554 σὺ
878 4502 948 4554 ἐν
980 4497 1149 4569 μέσῳ
1172 4497 1486 4562 αὑτῶν.Τὸ,
1520 4500 1627 4552 ἐὰν
1652 4500 1766 4565 ἄρα
1787 4539 1802 4561 .

263 4591 349 4644 οὐκ
376 4593 585 4661 ἀγνοίας
616 4593 851 4663 ὑπάρχει
899 4592 1252 4663 σημαντικόν.
1288 4590 1454 4644 Οὐδὲν
1481 4590 1590 4662 γὰρ
1619 4593 1805 4659 ἀγνοεί

264 4683 357 4736 τῶν
384 4685 674 4754 μελλόντων
693 4688 721 4737 ὁ
751 4682 1031 4753 γινώσκων
1070 4681 1141 4737 τὰ
1168 4682 1346 4736 πάντα
1385 4684 1512 4751 πρὶν
1538 4683 1805 4752 γενέσεως

265 4773 452 4829 αὐτῶν
480 4775 559 4830 διὸ
589 4774 683 4829 καὶ
708 4775 737 4827 ὁ
775 4772 1043 4845 μακάριος
1083 4773 1248 4827 Δαϐὶδ
1296 4772 1393 4844 βοᾷ
1434 4773 1569 4842 πρὸς
1606 4774 1803 4839 αὐτὸν,

272 4867 355 4920 ιΣῦ
386 4867 545 4936 ἔγνως
582 4869 683 4939 τὴν
720 4867 986 4937 καθέδραν
1017 4884 1142 4938 μου,
1188 4868 1281 4921 καλ⁹
1306 4867 1404 4936 τὴν
1434 4866 1652 4937 ἔγερσιν
1680 4884 1803 4937 μου,

325 5058 346 5096 ι⁵
364 5046 486 5104 Dan.
522 5065 644 5112 ιιιι,
664 5049 757 5103 89.

1985 3404 2151 3462 Vens.
2200 3404 2254 3461 ι.
2295 3402 2365 3458 Ει
2394 3404 2500 3475 ﬁlii
2527 3403 2663 3459 dura
2698 3405 2837 3474 facie
2886 3415 2937 3462 et
2983 3407 3265 3479 obﬁrmato
3309 3409 3487 3474 corde,

1910 3498 2079 3571 696
2107 3496 2176 3551 ad
2221 3513 2349 3567 quos
2378 3512 2469 3567 ego
2509 3496 2662 3550 mitto
2711 3505 2778 3552 te.
2830 3495 2945 3553 Hoc
2979 3507 3082 3563 est,
3123 3498 3488 3570 impudentes,

1914 3589 2008 3659 qui
2048 3588 2301 3643 nesciunt
2343 3587 2703 3654 erubescere,
2747 3588 2953 3659 quique
3003 3588 3204 3643 molliri
3256 3590 3488 3652 nolunt,

1914 3694 2092 3750 neque
2131 3678 2313 3734 verbis
2350 3692 2541 3733 eorum
2590 3678 2684 3749 qui
2741 3679 3041 3734 consulunt
3087 3679 3491 3751 obtemperant,

1913 3787 2090 3843 neque
2147 3770 2281 3826 item
2343 3768 2742 3840 suppliciorum
2785 3771 3112 3827 necessitate
3184 3779 3487 3826 mutantur.

1918 3886 1937 3918 ι
1968 3866 2035 3920 Et
2071 3866 2221 3922 dices
2254 3864 2323 3919 ad
2360 3865 2547 3935 ipsos:
2581 3864 2707 3921 Haec
2737 3865 2868 3921 dicit
2898 3866 3109 3922 Adonai
3132 3864 3423 3922 Dominus.
3463 3885 3485 3919 ι
3560 3850 3565 3855 ’

1913 3957 2048 4014 lllud
2086 3968 2268 4013 autem
2292 3956 2501 4011 Adouai
2538 3957 2701 4012 etiam
2742 3960 2918 4028 ipsum
2959 3959 3249 4014 Dominum
3284 3959 3491 4030 signiti-

1912 4060 2023 4115 cat,
2058 4060 2112 4104 et
2150 4048 2312 4103 habet
2353 4049 2515 4102 aliam
2550 4050 2840 4118 quamdam
2880 4066 3101 4119 parvam
3135 4051 3439 4122 emphasim
3468 4067 3485 4105 :

1913 4137 2230 4202 Haec'dicit,
2269 4138 2467 4211 inquit,
2500 4137 2787 4206 Dominus,
2832 4138 3097 4197 Domitius
3129 4156 3302 4197 meus.

1980 4316 2148 4373 Vens.
2188 4317 2242 4371 5.
2284 4316 2344 4373 Si
2371 4318 2508 4388 forte
2545 4318 2792 4383 audiant,
2838 4329 2930 4373 aut
2970 4321 3210 4383 timeant,
3241 4318 3367 4389 quia
3391 4316 3489 4371 do-

1912 4430 2027 4467 mus
2082 4427 2405 4481 exasperans
2461 4420 2562 4476 est,
2620 4420 2669 4465 et
2722 4421 3032 4481 cognoscent
3080 4421 3129 4464 te
3177 4409 3488 4479 prophetam

1910 4522 2022 4560 esse
2056 4505 2112 4560 in
2138 4502 2310 4557 medio
2349 4503 2606 4572 ipsorum.
2640 4501 2778 4558 Illud
2803 4504 2849 4557 si
2878 4503 3013 4573 forte
3044 4517 3152 4557 non
3185 4501 3487 4573 ignoratio-

1911 4610 2034 4648 nem
2065 4592 2382 4663 signillcat;:
2419 4591 2559 4645 nihil
2583 4591 2730 4647 enim
2755 4606 2947 4647 eorum
2978 4605 3105 4662 quae
3136 4590 3320 4646 futura
3353 4598 3488 4647 sunt

1913 4688 2128 4758 ignorat
2172 4687 2219 4743 is
2248 4686 2341 4757 qui
2381 4686 2566 4740 omnia
2611 4686 2893 4756 cognoscit
2934 4693 3224 4755 antequam
3275 4685 3404 4738 llant
3434 4692 3482 4736 ρ.

1912 4777 2274 4843 Quamobrem
2318 4777 2512 4832 beatus
2552 4791 2771 4846 quoque
2828 4774 2997 4830 David
3042 4775 3316 4831 exclamat
3357 4789 3486 4844 erga

1912 4871 2132 4939 ipsum:
2174 4887 2192 4920 ι
2234 4868 2315 4923 Tu
2357 4869 2523 4934 nosti,
2550 4883 2674 4924 cum
2717 4884 2821 4940 ego
2854 4870 3020 4925 sedeo
3051 4869 3132 4924 vel
3169 4881 3377 4938 surgo:
3427 4878 3484 4921 tu

1539 5226 1774 5282 VARUS
1812 5227 2215 5284 LECTIONES.

319 5348 357 5380 ⁸³
377 5343 648 5418 λαλ.Δριιι1
680 5339 1062 5418 LXX,_pra:m.
1090 5341 1295 5412 φωνήν.
1356 5339 1403 5418 ff
1429 5338 1755 5418 καὶπὲξῆρέ
1785 5355 1876 5418 μεε
1912 5338 2072 5418 Hebr.
2106 5340 2849 5418 cumloqueretur_mecum._
2986 5334 3114 5418 τοὺς
3139 5352 3365 5418 nuperi...
3392 5351 3479 5402 με.

258 5417 399 5474 Hebr.
418 5420 483 5474 ad
500 5413 694 5489 gentes
708 5413 952 5489 _r_ebelles
980 5426 1123 5489 qlia),
1150 5419 1255 5489 etc.

255 5644 304 5699 tta
330 5620 457 5699 πρὸς
486 5623 706 5699 αὐτούς.
805 5621 857 5652 ⁷⁸
1002 5621 1043 5672 Β
1066 5620 1247 5699 suppl.

1360 5410 1405 5440 “
1431 5427 1485 5462 κ.
1510 5409 1608 5478 ὴθ.
1641 5403 1708 5460 ις
1731 5403 1824 5478 ἐμ.
1856 5410 1935 5462 Ita
1970 5410 2014 5462 A
2052 5418 2107 5464 et
2140 5410 2197 5463 Β.
2238 5403 2342 5463 Sed
2375 5409 2646 5478 des.gista_
2666 5409 2719 5461 in
2750 5407 2873 5461 cod.
2917 5405 3174 5478 vatic._et
3207 5403 3483 5478 ad_Th.eo-

255 5477 651 5570 dogpertinere.
672 5481 947 5570 videntur.
977 5477 1137 5570 Cong.
1162 5477 1456 5570 ξιιιηιΐὲνίη
1505 5477 1733 5570 llexapl.
1766 5477 1833 5570 ag
1877 5480 1929 5531 ll.
1953 5480 1997 5570 ὲ

254 5559 293 5591 ⁸³
316 5549 463 5631 Opas.
496 5558 604 5611 Alii
638 5554 839 5607 habent
865 5550 1287 5622 στερεοκάρδιοι.
1333 5549 1534 5617 Sicque
1560 5549 1663 5615 leg.
1694 5549 1746 5600 in
1783 5549 1849 5602 Α.
1953 5549 2001 5581 ⁸ο
2031 5549 2365 5631 «pa—aur.
2400 5549 2528 5631 Alii,
2564 5549 2684 5628 εγὼ.
2702 5549 2870 5599 ἀποστ

255 5644 304 5682 σε
330 5629 457 5688 πρὸς
486 5623 706 5687 αὐτούς.
805 5621 857 5652 ⁷⁸
882 5620 956 5675 Ex
1002 5621 1043 5672 Β
1068 5620 1247 5688 suppl.
1347 5620 1391 5650 '“
1438 5618 1544 5671 Ἀδ.
1578 5616 1768 5670 Exstat
1803 5619 1858 5672 lt.
1895 5619 1932 5672 l.
1976 5626 2185 5671 tantum
2234 5635 2288 5671 In
2336 5633 2527 5688 pauens
2562 5618 2715 5671 libris
2763 5625 2870 5669 vel.

2099 5480 2140 5510 ⁸⁷
2176 5477 2572 5541 Καὶ-αὐτούς.
2608 5476 2733 5531 Haec
2766 5479 2928 5531 etiam
2949 5477 3064 5529 des.
3104 5475 3156 5527 iu
3193 5473 3318 5527 cod.
3354 5470 3476 5541 vat.

1953 5549 2001 5581 ⁶⁹
2031 5548 2365 5619 πρὸς-αὐτ.
2400 5539 2674 5615 Αιιι,“ιγὼ
2702 5545 3014 5599 ἀποστέλλω
3048 5544 3118 5606 (Α
3173 5539 3478 5601 ἀποστελῶ)

1976 5626 2185 5671 tantum
2234 5620 2288 5671 in
2336 5619 2527 5679 paucis
2562 5616 2715 5671 libris
2763 5625 2870 5669 vel.
2965 5615 3008 5645 ⁷¹
3048 5612 3123 5665 Ex
3185 5611 3243 5664 Β.
3299 5609 3478 5679 suppl.

255 5680 299 5729 ti
322 5680 829 5766 igangmgvyat.
868 5690 1028 5766 Hebr.
1066 5680 1377 5766 Illi'autem,
1408 5690 1519 5766 sive
1545 5689 1787 5751 audiant,
1810 5689 1935 5766 _sive
1965 5689 2231 5766 desistant
2281 5680 2427 5766 (ngam
2468 5690 2667 5743 domus
2699 5685 2923 5743 rebellis
2951 5684 3026 5736 illi
3061 5680 3237 5750 sunt),
3269 5694 3476 5749 cogno-

257 5778 407 5831 sccnt,
432 5777 538 5825 etc.

633 5762 685 5796 ⁷⁸
707 5762 743 5832 ἢ
777 5777 868 5817 πτ.
908 5761 1103 5831 Supra,
1133 5776 1185 5829 p.
1223 5759 1347 5827 528,
1379 5758 1444 5813 ad
1474 5757 1583 5814 Jcr.
1616 5772 1775 5819 χχιιι,
1810 5759 1862 5824 3,
1895 5769 2029 5822 erat,
2063 5760 2156 5813 ἐὰν
2187 5759 2293 5823 ἄρα
2328 5759 2529 5812 ἴδωσιν.
