3868 6204
421 297 530 365 839

1402 289 1887 352 TlIEODORETI
1915 287 2252 350 EPISCOPI
2281 290 2644 353 CYRENSIS
3539 299 3627 366 διο

422 410 739 468 intellexisti
776 408 1134 481 cogitationes
1183 420 1334 460 meas
1382 420 1412 460 e
1454 406 1790 474 longinquo,
1832 401 1992 456 semi-

2102 405 2156 457 σὺ
2212 406 2447 476 συνῆκας
2490 407 2617 470 τοὺς
2689 402 3074 476 διαλογισμούς
3132 421 3231 473 μου
3290 406 3392 460 ἀπὸ
3445 413 3626 481 μακρό-

425 514 536 557 tam
562 516 756 566 nteant,
784 510 837 556 et
861 499 1159 554 funiculum
1193 513 1369 553 meum
1406 496 1767 566 investigasti,
1794 502 1847 547 et
1877 507 1993 547 om-

427 611 526 651 nes
546 597 661 649 vias
688 609 831 647 meas
859 589 1153 661 prmvidisti
1177 607 1192 656 ;
1216 605 1344 643 ecce
1364 598 1439 653 tu,
1470 587 1714 648 Domine,
1738 586 1994 654 cognovi-

428 689 495 742 sti
526 686 732 749 omnia,
767 683 1059 737 novissima
1106 693 1159 736 et
1203 679 1425 750 antiqua
1464 690 1515 733 (ι.
1552 699 1569 731 ι
1605 677 1766 733 Certo
1813 679 1995 745 itaque

427 780 611 831 sciens
653 777 891 845 ipsorum
946 773 1324 842 pertinaciam,
1366 771 1589 841 apponit
1622 771 1669 824 si
1714 769 1868 839 forte,
1901 782 1995 836 per

429 873 542 925 ltiBC
569 870 789 923 liberam
838 866 1038 920 mentis
1072 864 1385 918 facultatem
1420 866 1643 926 docens,
1675 862 1819 932 quod
1867 875 1995 930 pos-

426 965 536 1015 sint
566 956 863 1022 immutari,
894 958 938 1012 si
970 958 1266 1009 voluerint.
1302 953 1492 1008 Simile
1540 967 1759 1024 quoque
1793 958 1876 1005 est
1912 950 1997 1003 di—

425 1065 573 1107 ctum
605 1053 658 1105 in
695 1053 816 1121 ipso
857 1049 1150 1119 Evangelio
1184 1065 1249 1102 ex
1297 1062 1529 1118 persona
1564 1045 1736 1116 patris
1767 1061 1780 1096 :
1824 1060 1842 1093 ι
1880 1041 1994 1095 Mit-

426 1151 533 1194 tam
569 1139 735 1192 filium
780 1153 958 1191 meum
989 1136 1051 1189 ad
1087 1136 1377 1206 agricolas,
1421 1134 1560 1187 forte
1598 1131 1995 1186 reverebantur

425 1238 571 1286 hunc
602 1239 645 1282 ι’.
688 1250 706 1281 ι
754 1227 937 1298 Neque
971 1230 1116 1280 enim
1170 1226 1301 1280 illud
1333 1226 1471 1295 forte
1516 1224 1588 1279 ibi
1625 1223 1997 1292 ambiguitatis

426 1325 639 1394 signum
670 1332 773 1385 est,
802 1322 1003 1390 quippe
1040 1327 1265 1373 noverat
1306 1319 1419 1371 fore
1456 1327 1514 1370 ut
1547 1331 1654 1370 non
1684 1329 2001 1369 revereren-

426 1427 545 1470 tur:
587 1412 679 1469 sed
721 1429 782 1467 ea
833 1412 982 1472 facit.
1016 1427 1136 1480 qua:
1179 1426 1289 1464 sum
1338 1394 1569 1477 justitiaz
1628 1411 1998 1461 consentanea

425 1512 556 1565 sint.
589 1508 665 1562 Ne
694 1505 816 1576 quis
844 1505 988 1558 enim
1022 1502 1143 1571 ejus
1167 1501 1568 1570 prmscientiam
1597 1482 1995 1567 opinetnr'caw

425 1620 541 1657 sam
580 1608 806 1657 eventus
833 1614 1035 1659 rerum,
1074 1595 1238 1667 697
1283 1592 1594 1649 necessario
1622 1590 1850 1660 apponit
1879 1603 1998 1641 am-

427 1691 709 1765 biguitatis
739 1692 924 1753 verba,
971 1688 1269 1742 ostendens
1298 1682 1599 1737 voluntatis
1630 1682 1860 1735 liberum
1900 1693 1994 1732 ar-

425 1753 669 1846 bitrium,
702 1778 914 1847 sibique
954 1775 1332 1830 defensionem
1386 1771 1450 1825 ad
1484 1771 1625 1825 diem
1660 1768 1856 1840 judicii
1905 1784 1993 1824 re-
2026 1753 2067 1809 Β

425 1887 671 1928 servans.
700 1869 812 1923 Hae
841 1870 909 1923 de
932 1881 1097 1923 causa
1127 1878 1472 1937 praenoscens
1498 1878 1687 1917 eorum
1711 1872 1997 1916 contuma-

424 1966 564 2020 ciam
594 1962 1082 2030 rebellionemqne,
1116 1973 1330 2012 omnem
1367 1955 1679 2009 machinam
1709 1960 1911 2018 movet,
1938 1960 1996 2006 ut

425 2057 496 2113 ab
516 2054 862 2126 itnprobl'alc
880 2051 1197 2106 delicienles
1215 2047 1563 2118 rcsipiscant.
1584 2048 1604 2069 ‘
1631 2043 1994 2111 Quamobrem

424 2165 522 2220 per
551 2147 743 2201 lsaiant
779 2145 1098 2216 prophetam
1142 2142 1457 2196 exclamat:
1496 2157 1514 2190 ι
1572 2137 1713 2205 Quid
1759 2132 1998 2207 amplius

425 2241 623 2295 faciam
658 2241 831 2293 vinea:
879 2251 1012 2291 mea:
1055 2235 1202 2300 huic,
1248 2241 1301 2287 et
1336 2247 1444 2286 non
1487 2229 1590 2284 feci
1623 2229 1686 2283 εἳ
1729 2248 1747 2281 ι
1788 2227 1857 2281 Ει
1902 2242 1999 2297 per

425 2330 623 2387 Oseam
651 2346 878 2385 rursus:
922 2346 941 2378 ι
978 2325 1118 2394 Quid
1157 2324 1351 2379 faciam
1385 2323 1506 2385 tibi.
1546 2319 1839 2392 Ephraim?
1867 2319 1999 2389 quid

425 2423 622 2479 faciam
675 2422 792 2485 tibi,
837 2419 976 2475 Juda
1004 2420 1060 2474 t?
1093 2417 1485 2473 Verumtamen
1536 2415 1734 2477 sciens,
1773 2412 1999 2467 insana-

426 2513 520 2568 bili
556 2529 650 2569 eos
680 2512 870 2566 morbo
902 2518 1187 2580 aegrotare,
1233 2504 1455 2559 adhibet
1494 2501 1754 2568 remedia,
1811 2510 1870 2557 ut
1912 2502 2001 2557 die

2097 496 2207 553 θεν.
2227 498 2324 568 τὴν
2340 498 2524 569 τρίϐον
2552 515 2677 568 μου,
2700 498 2792 551 καὶ
2821 498 2919 569 τὴν
2966 497 3171 568 σχοῖνόν
3194 516 3290 568 μου
3332 500 3392 553 σὺ
3426 499 3626 572 ἐξιχνία-

2098 605 2196 651 σας
2218 628 2232 650 ,
2256 590 2348 642 καὶ
2380 590 2557 653 πάσας
2579 589 2676 653 τὰς
2705 587 2856 653 ὁδούς
2896 606 2996 660 μου
3030 589 3243 659 προϊδες
3264 606 3275 618 ’
3309 591 3431 656 ἰδοὺ,
3460 593 3628 663 Κύριε,

2099 677 2164 733 σὺ
2185 680 2355 747 ἔγνως
2380 682 2555 735 πάντα
2577 680 2647 735 τά
2676 679 2875 751 ἔσχατα
2895 681 2990 734 καὶ
3013 681 3265 750 ἀρχαῖα.»
3291 680 3448 742 Εἰδὼς
3476 684 3629 739 τοίνυν

2096 771 2338 841 ἀκριϐῶς
2368 772 2545 825 αὐτῶν
2577 771 2635 823 τὸ
2672 772 2969 837 ἁνένδοτον,
3021 770 3200 840 τίθησι
3224 770 3282 822 τὸ
3307 771 3410 826 ἐὰν
3434 773 3553 841 ἄρα,
3583 777 3631 829 τὸ

2095 862 2194 934 τῆς
2218 862 2443 935 γνώμης
2486 864 2803 934 αὐθαίρετον
2834 862 2920 916 διὰ
2942 863 3145 915 τούτων
3168 861 3445 928 διδάσκων,
3468 865 3541 916 ὅτι
3561 867 3629 917 ἐν·

2096 950 2307 1020 δέχεται
2347 952 2542 1014 αὐτοὺς
2572 950 2977 1022 μεταϐληθῆναι
3018 950 3111 1003 ἐάν
3140 950 3430 1021 ἐθελήσωσι
3455 967 3467 980 ’
3492 954 3633 1006 τοιοῦ-

2096 1041 2187 1095 τόν
2214 1044 2435 1096 ἐστικαὶ
2464 1042 2525 1095 τὸ
2542 1044 2600 1095 ὲν
2621 1044 2698 1110 τῷ
2720 1042 3039 1111 Εὑαγγελίῳ
3063 1042 3351 1112 εἰρημένον
3396 1043 3455 1095 ἐκ
3487 1059 3634 1115 προσ-

2098 1133 2248 1188 ώπου
2297 1134 2390 1187 τοῦ
2416 1134 2619 1206 πατρός
2647 1151 2661 1164 ’
2699 1133 3006 1186 Ἀποστελῶ
3028 1133 3074 1166 ⁷⁸
3108 1135 3197 1188 τὸν
3231 1134 3343 1188 υίὸν
3386 1151 3479 1204 μου
3522 1135 3632 1206 πρὸς

2097 1227 2221 1288 τοὺς
2270 1227 2567 1297 γεωργοὺς,
2599 1225 2725 1288 ἴσως
2776 1227 3206 1297 ἐντραπήσονται
3255 1226 3454 1281 τοῦτοψ
3487 1248 3503 1280 ι
3533 1228 3632 1281 οὐδὲ

2097 1317 2207 1388 γὰρ
2252 1319 2368 1370 ἐκεῖ
2424 1317 2749 1388 ἀμφιϐολίας
2798 1319 2860 1371 τὸ
2911 1319 3098 1384 ἴσως·
3139 1317 3254 1389 ᾔδει
3298 1318 3402 1389 γὰρ
3446 1318 3513 1382 ώς
3552 1320 3633 1372 οὐκ

2098 1410 2522 1482 ἐντραπήσονται
2544 1428 2555 1439 ·
2588 1411 2655 1462 τὰ
2688 1409 2743 1462 δὲ
2778 1411 3113 1482 ἁρμόττοντα
3144 1413 3208 1481 τῇ
3241 1409 3427 1463 ἐαυτοῦ
3455 1410 3631 1464 δικαιο-

2101 1501 2236 1574 σύνῃ
2279 1504 2440 1554 ποιεῖ.
2476 1502 2591 1554 Ἵνα
2619 1501 2726 1570 γὰρ
2775 1504 2847 1574 μή
2889 1520 2973 1566 τις
3012 1501 3177 1556 αὐτοῦ
3218 1502 3316 1573 τὴν
3361 1503 3633 1574 πρόγνωσιν

2099 1593 2278 1646 αἰτίαν
2325 1593 2571 1666 ὑπολάϐῃ
2628 1594 2726 1664 τῆς
2777 1592 2883 1648 τῶν
2944 1596 3284 1667 πραγμάτων
3346 1594 3632 1660 ἐκϐάσεως,

2098 1683 2412 1752 ἀναγκαίως
2442 1683 2507 1736 τὰ
2542 1683 2642 1754 τῆς
2680 1684 3009 1753 ἀμφιϐολίας
3040 1685 3223 1756 τίθησι
3273 1687 3501 1756 ῥήματα,
3546 1686 3635 1739 δει-

2096 1773 2225 1836 κνὺς
2277 1773 2373 1843 τῆς
2428 1771 2653 1844 γνώμης
2707 1772 2768 1826 τὸ
2821 1774 3186 1838 αὐτεξούσιον,
3247 1773 3338 1827 καὶ
3378 1774 3635 1843 ἀπολογίαν

2096 1861 2269 1935 ἐαυτῷ
2298 1864 2579 1934 φυλάττων
2628 1867 2684 1917 ἐν
2717 1865 2784 1935 τῇ
2820 1864 2921 1934 τῆς
2945 1865 3178 1935 κρίσεως
3222 1865 3417 1936 ἡμέρα.
3462 1863 3635 1917 Τούτου

2096 1956 2254 2028 χάριν
2296 1955 2389 2009 καὶ
2421 1954 2682 2025 προειδὼς
2704 1955 2765 2008 τὸ
2799 1955 3083 2020 δυσπειθὲς
3127 1955 3220 2009 καὶ
3256 1957 3493 2027 ἀνήκοον,
3552 1958 3637 2010 πᾶ-

2098 2064 2195 2099 σαν
2219 2047 2266 2076 "
2295 2047 2431 2099 κινεῖ
2486 2046 2733 2117 μηχανὴν
2784 2047 2863 2110 είς
2900 2047 2999 2117 τὴν
3048 2050 3111 2100 ἐκ
3157 2048 3416 2119 πονηρίας
3443 2047 3638 2117 μεταϐη-

2097 2137 2216 2209 λὴν.
2252 2137 2342 2191 Διὸ
2368 2138 2463 2190 καὶ
2515 2137 2602 2191 διὰ
2656 2136 2877 2190 Ἡσαΐου
2918 2137 3012 2191 τοῦ
3064 2140 3343 2210 προφήτου
3375 2139 3466 2210 βοᾷ
3490 2157 3502 2171 ·
3543 2158 3558 2189 ι
3583 2138 3637 2191 Τί

2098 2226 2178 2281 ἐτι
2207 2228 2415 2298 ποιήσω
2445 2226 2524 2298 τῷ
2568 2227 2849 2297 ἀμπελῶνί
2882 2245 2982 2299 μου
3022 2227 3217 2299 τούτῳ,
3243 2229 3334 2283 καὶ
3356 2229 3451 2282 οὐκ
3477 2229 3633 2298 ἐποίη-

2101 2321 2267 2384 σα⁷⁷;
2309 2339 2325 2370 ι
2383 2320 2477 2373 καὶ
2532 2318 2621 2373 διὰ
2675 2321 2831 2391 Ὠσηὲ
2889 2320 3086 2374 πάλινο
3144 2320 3257 2374 «Τί
3310 2338 3385 2374 σοι
3438 2321 3635 2390 ποιήσω,

2114 2413 2383 2483 Ἐφραῖμ;
2433 2411 2486 2464 τί
2520 2430 2603 2465 σοι
2633 2413 2861 2485 ποιήσω,
2904 2412 3108 2481 Ίούδα;
3137 2434 3155 2465 ι
3214 2413 3356 2467 Ἀλλ’
3395 2415 3531 2484 ὅμως
3560 2415 3638 2467 καὶ

2101 2504 2375 2576 ἀνήκεστα
2400 2504 2690 2569 νοσοῦντας
2727 2503 2882 2568 εἰδὼς
2915 2506 3218 2577 προσφέρει
3264 2505 3331 2560 τὰ
3373 2506 3630 2576 φάρμακα,

2102 2597 2191 2651 ἵνα
2223 2597 2278 2647 ἐν
2312 2597 2379 2666 τῇ
2402 2594 2501 2663 τῆς
2529 2595 2764 2665 κρίσεως
2795 2595 2979 2667 ἡμέρᾳ
3008 2598 3111 2650 ἀνα
3125 2598 3415 2669 ιτιρρήτως
3449 2597 3536 2668 τήν
3558 2597 3634 2648 ἐκ·

419 2604 612 2674 judicii
658 2603 775 2658 sine
813 2599 1186 2656 controversia
1232 2596 1467 2651 rebelles
1502 2596 1668 2648 latam
1714 2601 1905 2649 contra
1941 2609 2002 2649 se

423 2698 754 2757 sententiam
785 2694 1085 2766 excipiant,
1128 2691 1328 2747 divinis
1355 2687 1635 2745 beneficiis
1676 2688 1731 2742 in
1760 2686 2000 2742 medium

2104 2687 2410 2759 φερομένην
2450 2687 2568 2740 κατ’
2593 2686 2771 2740 αὐτῶν
2804 2688 2853 2740 οἱ
2878 2688 3234 2752 ἀπειθοῦντες
3267 2688 3511 2756 δέξωνται
3545 2688 3633 2758 ψῆ·

422 2791 673 2863 prolatis.
722 2787 903 2855 Quare
942 2786 1138 2840 beatus
1188 2796 1413 2852 quoque
1455 2778 1628 2833 David
1677 2778 1998 2834 exclamat:

2104 2798 2223 2851 φον,
2255 2779 2364 2833 τῶν
2412 2779 2570 2832 θείων
2610 2778 2941 2851 εὐεργεσιῶν
2972 2782 3051 2844 είς
3082 2780 3251 2851 μέσον
3301 2778 3639 2852 προσφερομέ-

402 2897 450 2931 ηι
484 2878 561 2936 Ut
584 2876 906 2949 justiticeris
932 2874 987 2928 in
1027 2871 1378 2929 sermonibus
1403 2869 1537 2934 tuis,
1566 2877 1619 2924 et
1654 2868 1845 2923 vincas
1879 2883 2000 2923 cum

2104 2891 2231 2927 νων.
2268 2866 2342 2926 Οῦ
2370 2871 2530 2943 χάριν
2574 2872 2665 2925 καὶ
2695 2872 2724 2922 ὁ
2755 2872 3023 2944 μακάριος
3051 2872 3220 2926 Δαῦὶδ
3253 2872 3350 2944 βοᾷ
3372 2888 3386 2901 ·
3440 2892 3457 2925 ι
3481 2873 3641 2933 Ὅπως

419 2969 687 3042 iudicaris
728 2975 780 3023 ιι.
819 2986 839 3020 ι
887 2963 1088 3021 Nostra
1124 2963 1273 3019 enim
1310 2961 1598 3032 iniquitas,
1616 2975 1742 3015 cum
1802 2959 2000 3016 divinis

2105 2964 2171 3019 ἂν
2198 2963 2495 3035 δικαιωθῇς
2528 2965 2584 3017 ἐν
2610 2966 2723 3027 τοῖς
2756 2963 2935 3033 λόγοις
2963 2981 3079 3027 σου,
3117 2966 3217 3019 καὶ
3249 2966 3472 3038 νικήσῃς
3502 2964 3553 3018 ἐν
3577 2959 3640 3034 τῷ

423 3034 705 3119 beneﬁciis
744 3058 964 3123 collata,
999 3055 1126 3127 jure
1171 3069 1273 3109 nos
1312 3052 1599 3124 suppliciis
1643 3049 1866 3122 subjicit
1897 3069 1911 3107 :
1946 3058 2000 3106 et

2108 3053 2386 3131 κρίνεσθαί
2590 3073 2609 3108 ι
2665 3053 3146 3127 παρεξεταζομένη
3203 3057 3313 3128 γὰρ
3354 3034 3651 3128 ήγήμετέρα

424 3154 542 3224 ipse
567 3153 754 3224 justus
790 3150 981 3222 judex,
1009 3147 1172 3202 etiam
1217 3144 1286 3199 ab
1326 3144 1395 3200 iis
1433 3143 1526 3214 qui
1567 3144 1893 3213 puniuntur,
1936 3149 1997 3196 ut

2102 3146 2414 3221 παρανομία
2463 3148 2583 3211 ταῖς
2647 3145 2824 3211 θείαις
2872 3147 3227 3220 εὐεργεσίαις
3267 3148 3481 3212 ἐνδίκως
3519 3147 3643 3219 ἠμῖς

422 3246 601 3299 victor
636 3242 833 3312 accipit
862 3238 1205 3309 suffragium,
1251 3243 1309 3287 ut
1344 3233 1439 3303 qui
1489 3233 1699 3288 nullum
1743 3230 1998 3286 humani-

2102 3240 2392 3297 ὑποϐάλλει
2423 3240 2543 3302 ταῖς
2580 3239 2870 3309 τιμωρίαις
2898 3256 2911 3268 '
2955 3239 3117 3303 αὐτὸς
3154 3240 3213 3294 δὲ
3248 3242 3277 3294 ὁ
3322 3239 3517 3301 δίκαιος
3540 3257 3641 3310 κρι-

425 3339 554 3392 tatis
598 3351 772 3407 genus
802 3334 1077 3395 omiserit,
1123 3345 1301 3400 neque
1349 3329 1517 3382 ullam
1556 3326 1849 3389 rationem,
1890 3338 1997 3393 qua

429 3438 615 3502 possm
635 3429 699 3483 de
727 3426 1042 3481 hominibus
1067 3421 1442 3479 benemereri.
1472 3419 1732 3472 intactam
1773 3426 1999 3487 praeter-

429 3523 659 3578 miserit.
705 3519 842 3573 lllud
891 3516 1095 3585 itaque,
1147 3531 1165 3564 ι
1224 3513 1271 3565 si
1327 3511 1464 3563 forte
1513 3510 1740 3563 audiant
1783 3516 1877 3561 aut
1926 3507 1999 3559 ti-

430 3622 634 3677 meant,
669 3633 687 3664 ι
726 3626 834 3665 non
860 3607 1135 3663 inscitiam
1170 3603 1262 3658 Dei
1299 3602 1592 3670 signiﬁcat,
1632 3599 1726 3655 sed
1757 3599 1865 3654 illis
1902 3600 2000 3652 tri-'

432 3709 547 3762 buit
577 3702 911 3775 paenitentiae
938 3699 1118 3753 locum
1156 3715 1169 3751 :
1207 3693 1655 3765 quandoquidem
1697 3690 2000 3745 Pharaonis

429 3800 591 3852 etiam
644 3779 1051 3848 contumaciam
1100 3802 1335 3842 noscens
1377 3785 1563 3839 Deus:
1604 3802 1622 3835 ι
1664 3781 1798 3837 Novi
1855 3785 1998 3837 enim

429 3903 549 3956 ego.
581 3884 780 3952 inquit,
812 3882 926 3937 fore
955 3887 1013 3935 ut
1050 3895 1160 3934 non
1204 3878 1444 3932 dimittat
1469 3892 1566 3931 vos
1610 3875 1848 3938 Pharao,
1895 3874 2000 3931 nisi

433 3993 596 4033 manu
629 3975 828 4039 valida,
869 3982 924 4027 et
964 3970 1195 4026 brachio
1234 3969 1454 4023 excelso
1502 3978 1574 4032 νς
1625 3986 1643 4019 ι
1682 3966 1865 4047 divina
1901 3981 2000 4020 sua

433 4068 655 4123 lenitate
682 4064 757 4118 uti
779 4063 1168 4135 perseveravit.
1197 4058 1327 4113 Nam
1358 4059 1403 4114 si
1423 4060 1692 4130 supplicia
1725 4045 2002 4115 intulisset

437 4158 696 4214 Dominus
722 4155 833 4225 jam
869 4153 998 4207 inde
1018 4167 1141 4206 cum
1174 4150 1445 4220 prtevidit,
1480 4166 1585 4219 qua
1613 4166 1677 4204 ex
1711 4165 1769 4204 re
1798 4164 2003 4220 cogno-

432 4251 510 4305 sci
536 4249 803 4318 potnisset
833 4244 1016 4298 divina
1046 4241 1216 4315 698
1257 4240 1471 4311 justitia
1504 4242 1573 4294 ab
1610 4241 1696 4302 iis,
1732 4241 1825 4310 qui
1860 4256 2001 4310 pne-

432 4339 759 4413 t-ognitionis
782 4337 925 4392 haud
956 4343 1246 4389 cernerent
1273 4334 1571 4387 eventum?
1594 4332 1807 4387 Idcirco
1840 4333 1999 4387 linem

2098 3335 2217 3406 τὴς,
2274 3331 2369 3386 καὶ
2424 3330 2553 3401 παρ’
2601 3329 2779 3384 αὐτῶν
2831 3330 2941 3384 τῶν
2975 3332 3355 3403 κολαζομένων
3390 3333 3434 3364 ⁷⁸
3458 3333 3642 3402 δέχεται

2097 3426 2196 3495 τὴν
2222 3421 2482 3484 νικῶσαν,
2515 3421 2589 3485 ώς
2615 3423 2720 3473 πᾶν
2759 3417 2898 3486 εἶδος
2927 3422 3344 3493 φιλανθρωπίας
3394 3422 3643 3493 παραστή-

2101 3533 2219 3579 σας,
2244 3516 2290 3547 τ’
2321 3516 2414 3567 καὶ
2442 3514 2643 3584 μηδένα
2667 3514 2831 3584 π-ἇρον
2862 3514 3119 3584 ἀκίνητον
3141 3515 3460 3588 εὐεργεσίας
3492 3531 3638 3569 κατα-

2102 3606 2292 3661 λιπών.
2323 3607 2396 3659 Τὸ
2433 3605 2633 3665 τοίνυν,
2666 3624 2684 3656 ι
2722 3604 2848 3658 Ἐὰν
2898 3606 3006 3677 ἄρα
3037 3605 3345 3660 ἀκούσωσιν
3369 3607 3401 3679 ἢ
3427 3604 3643 3675 πτοηθῶ-

2103 3714 2204 3763 σιν,
2232 3717 2251 3750 ι
2291 3697 2351 3750 οὐ
2376 3695 2511 3750 Θεοῦ
2540 3696 2585 3728 ⁸⁸
2619 3696 2872 3766 σημαίνει
2910 3696 3008 3766 τήν
3029 3697 3276 3764 ἄγνοιαν,
3304 3696 3416 3751 ἀλλ’
3453 3694 3645 3755 ἐκείνοις

2101 3788 2284 3861 χώραν
2332 3788 2514 3842 δίδωσι
2582 3787 2981 3857 μεταμελείας·
3029 3787 3151 3841 ἐπεὶ
3199 3788 3293 3841 καὶ
3338 3786 3428 3841 τοῦ
3478 3783 3645 3857 Φαραὼ

2099 3880 2196 3950 τὴν
2243 3879 2526 3932 ἀπείθειαν
2575 3876 2729 3939 εἰδὼς
2767 3877 2796 3929 ὁ
2839 3877 3006 3941 Θεὸς,
3068 3896 3087 3928 ι
3117 3874 3250 3931 Οἶδα
3299 3877 3426 3949 γὰρ,
3484 3876 3643 3947 φησιν,

2102 3971 2232 4041 ἐγὼ,
2278 3972 2359 4025 ὅτι
2411 3971 2472 4023 οὐ
2520 3970 2819 4041 προήσεται
2885 3970 3027 4040 ὑμᾶς
3054 3970 3259 4041 Φαραὼ
3284 3971 3352 4036 ⁸¹,
3391 3972 3437 4023 εί
3486 3968 3552 4040 μὴ
3593 3969 3638 4019 ἐν

2102 4062 2244 4132 χειρὶ
2285 4060 2540 4129 κραταιᾷ,
2571 4059 2665 4112 καὶ
2704 4060 2761 4111 ἐν
2799 4057 3043 4130 βραχίονι
3081 4058 3274 4131 ὑψηλῷ
3297 4100 3311 4124 ,
3352 4077 3370 4109 ι
3404 4054 3642 4129 μακροθυ-

2105 4157 2218 4228 μῶν
2246 4155 2562 4208 διετέλεσεν.
2596 4154 2656 4207 Εἰ
2678 4153 2787 4225 γάρ
2817 4154 2924 4209 ἀπὸ
2953 4155 3051 4224 τῆς
3081 4153 3444 4225 προγνώσεως
3470 4151 3557 4212 τὰς
3578 4165 3644 4201 τι-

2105 4248 2314 4317 μωρίας
2343 4247 2545 4316 ἐπῆγεν
2574 4246 2601 4297 ὁ
2642 4245 2939 4315 Δεσπότης,
2977 4244 3141 4299 πόθεν
3189 4244 3256 4300 ἀν
3301 4240 3535 4312 ἐγνώσθη
3565 4235 3639 4291 τοῦ

2102 4332 2236 4385 Θεοῦ
2269 4332 2330 4384 τὸ
2361 4331 2568 4384 δίκαιον
2610 4334 2721 4394 τοῖς
2755 4333 2854 4402 οὐχ
2880 4332 3047 4404 ὁρῶσι
3076 4333 3136 4385 τὸ
3166 4332 3269 4403 τῆς
3317 4330 3644 4404 προγνώσεως

430 4436 730 4502 exspectat,
760 4435 817 4483 et
860 4435 991 4480 tunc
1030 4422 1223 4495 inﬂigit
1278 4439 1489 4495 pmnas.
1542 4422 1607 4476 Et
1662 4439 1747 4477 me
1798 4425 2000 4494 itaque,

2106 4422 2293 4484 τέλοςς
2324 4422 2411 4476 διὰ
2442 4422 2597 4475 τοῦτο
2626 4422 2885 4493 ἀναμένει
2936 4424 2996 4476 τὸ
3044 4424 3220 4488 τέλος,
3258 4425 3350 4478 καὶ
3378 4419 3643 4493 τηνικαῦτα

431 4524 627 4594 inquit,
660 4535 692 4574 ο
722 4519 1009 4591 prepheta,
1041 4525 1095 4571 et
1120 4530 1241 4586 quas
1269 4528 1299 4569 a
1322 4529 1407 4569 me
1440 4514 1719 4577 dicuntur,
1758 4514 2005 4570 utinter—

431 4614 674 4671 nuntius.
714 4611 779 4665 ad
816 4622 941 4666 tuos
972 4617 1236 4679 cognatos
1260 4605 1463 4677 perfer,
1494 4617 1555 4660 ut
1584 4606 1718 4677 ipsis
1752 4606 2005 4662 utilitatis

433 4713 626 4760 auctor
665 4703 783 4765 fias,
814 4702 1140 4771 discantque
1173 4707 1227 4754 te
1253 4713 1373 4754 esse
1397 4697 1546 4752 inter
1577 4697 1727 4767 ipsos
1766 4697 2005 4767 praphe-

435 4806 566 4860 tam,
605 4792 914 4848 divinorum
951 4792 1241 4848 verborum
1273 4790 1613 4846 ministrum.

508 4970 674 5027 Vens.
707 4970 762 5024 6.
800 4969 865 5024 Et
909 4981 988 5037 tu,
1028 4971 1109 5040 ﬁli
1160 4970 1407 5033 hominis,
1438 4984 1501 5024 ne
1553 4968 1740 5023 timeas
1773 4985 1881 5033 eos,
1911 4985 2007 5023 ne-

440 5078 533 5134 que
562 5058 811 5130 formida
841 5074 873 5110 a
905 5058 1041 5125 {acie
1071 5062 1305 5127 ipsorum
1337 5072 1356 5111 :
1383 5057 1507 5125 quia
1539 5063 1695 5109 (ostro
1720 5054 2004 5124 percellen-

507 5237 534 5277 ιι
569 5223 709 5279 Psal.
749 5237 1011 5287 cxxxvnt,
1042 5221 1098 5284 2,
1120 5221 1174 5275 5.
1254 5231 1274 5259 τ
1303 5220 1435 5276 Luc.
1459 5220 1656 5283 xx,l5.
1734 5231 1756 5258 ε
1789 5219 1891 5276 lsa.
1926 5237 1981 5288 ν,
2019 5224 2073 5277 4.

2110 4516 2210 4584 τὴν
2241 4515 2510 4585 τιμωρίαν
2562 4516 2776 4583 ἐπάγει.
2812 4516 2970 4586 Κάμέ
3011 4516 3213 4581 τοίνυν,
3252 4516 3432 4585 φησὶν,
3462 4507 3502 4567 ὦ
3536 4527 3644 4581 προσ

2112 4605 2281 4674 φῆτα,
2313 4608 2406 4657 καὶ
2434 4603 2502 4658 τὰ
2530 4608 2658 4674 παρ’
2691 4605 2825 4676 ἐμοῦ
2861 4609 2976 4669 τοῖς
3003 4607 3268 4677 ὁμουρυέσι
3314 4603 3644 4674 διαπὸρθμευ·

2112 4712 2222 4757 σον,
2254 4695 2342 4749 ἵνα
2374 4695 2555 4759 αὐτοῖς
2614 4695 2745 4767 γένῃ
2780 4695 3033 4767 πρόξενος
3058 4695 3346 4765 ὠφελείας,
3374 4695 3461 4749 καὶ
3492 4691 3645 4763 μάθω-

2114 4804 2198 4841 σιν
2228 4789 2309 4842 ὅτι
2346 4789 2631 4858 προφήτης
2662 4784 2711 4841 εἷ
2756 4790 2821 4841 σὺ
2857 4790 2915 4840 ἐν
2949 4788 3099 4860 μέσῳ
3151 4788 3331 4842 αὐτῶν
3381 4786 3483 4840 τῶν
3513 4784 3644 4838 θείων

2112 4878 2284 4947 λόγων
2313 4879 2576 4942 διάκονος.

2186 4969 2259 5034 ς’.
2297 4970 2402 5024 Kal
2432 4969 2536 5033 σὺ,
2560 4968 2653 5023 vis
2677 4968 3011 5037 ἀνθρώπου,
3037 4968 3123 5039 μὴ
3147 4966 3408 5038 φοϐηθῇς
3435 4963 3643 5025 αὐτοὺς.

2107 5060 2262 5130 μηδὲ
2320 5060 2544 5130 έκστῇς
2602 5061 2722 5115 ἀπὸ
2769 5061 2816 5093 ⁸⁸
2865 5061 3191 5128 προσώπου
3247 5057 3461 5124 αὐτῶν,
3519 5052 3644 5108 διότι

2156 5225 2174 5261 ⁸
2215 5221 2382 5288 Osee,
2407 5239 2482 5288 vr,
2518 5214 2597 5278 5.‘
2650 5220 2843 5279 "Psal.
2866 5238 2919 5289 ι,
2959 5223 3015 5277 4.
3088 5233 3117 5262 '
3152 5222 3324 5277 Exod.
3354 5233 3435 5290 ιιι,
3468 5216 3544 5273 19.

1744 5388 1978 5447 VARUS
2014 5391 2418 5449 LECTIONES.

508 5509 559 5544 ⁷⁸
587 5499 1001 5575 ἀποστ.-ιντρ.
1029 5500 1177 5558 τοῦτ.
1211 5502 1384 5575 Aliter
1423 5503 1460 5558 l.
1490 5518 1540 5557 c.
1570 5504 1675 5574 leg.

442 5652 488 5682 ⁷⁸
521 5648 595 5701 Ex
634 5646 671 5698 Β
701 5644 882 5714 suppl.

445 5736 498 5788 p.
527 5717 648 5771 ηδ.

973 5644 1018 5676 ⁷⁹
1055 5641 1452 5715 παραστηρεε.
1484 5644 1538 5697 in
1574 5642 1632 5697 Β.

743 5711 787 5747 εί
812 5711 924 5768 ἀπὺ
951 5731 1109 5784 προσ.
1135 5711 1257 5769 αὐτ.
1297 5711 1458 5768 Hebr.
1491 5728 1521 5768 a
1556 5711 1736 5768 verbis
1770 5728 1983 5770 eorum.

1958 5985 1986 5996 σ

752 5499 1177 5586 ερήζντρλτοῦτ.
1211 5502 1384 5586 Aliter
1423 5503 1460 5586 1..
1490 5518 1540 5557 c.
1570 5504 1675 5574 leg.
1709 5574 1732 5586 _
1770 5504 1818 5536 "
1845 5522 1905 5586 π.
1937 5522 2061 5586 mg:-
2088 5524 2237 5586 μηχ.
2298 5484 2628 5586 Βετίοέ-ιὶεῑ
2662 5503 2811 5586 haec.
2832 5502 3330 5586 dieendinforntula
3370 5497 3501 5586 apud

443 5589 643 5639 strum,
675 5575 767 5644 qui
810 5573 1155 5628 alias‘dicere
1190 5574 1350 5635 solet,
1383 5575 1560 5627 πάντα
1594 5573 1761 5627 κινεῖν
1796 5573 2125 5646 πόρονΝἱιΙ.
2157 5573 2342 5647 supra,
2389 5592 2445 5646 p.
2478 5574 2606 5639 2l2,
2662 5575 2832 5630 schol.
2869 5575 2959 5629 20.

443 5652 488 5682 ⁷⁸
521 5648 595 5701 Ex
634 5646 671 5698 Β
701 5644 907 5716 supph
973 5644 1018 5676 ⁷⁹
1055 5641 1452 5716 παραστκρεε.
1484 5644 1538 5697 itt
1574 5642 1768 5716 B.__'°
1797 5645 1954 5699 θεοῦ.
1987 5646 2027 5700 Β
2061 5662 2248 5716 praem.
2280 5645 2396 5702 τοῦ.
2499 5646 2541 5677 ⁸¹
2591 5645 2729 5715 Φαρ.
2767 5676 2834 5686 --
2862 5645 2959 5714 et!»

3067 5576 3111 5606 ⁷⁷
3145 5575 3233 5627 ἐπ.
3276 5572 3317 5626 Β
3347 5561 3465 5625 add.
3494 5561 3637 5627 αὐτῷ.

2499 5646 2541 5677 ⁸⁸
2591 5645 2729 5715 Φαρ.
2767 5676 2834 5686 --
2862 5643 3069 5715 ὑψηλῷ.
3119 5643 3309 5704 Aliter,
3336 5652 3510 5709 supra,
3536 5642 3572 5687 t.
3600 5642 3639 5695 ιο
