3868 6204
204 335 297 397 857

1369 341 1454 403 IN
1485 341 1930 403 EZECHIELIS
1964 342 2119 401 CAP.
2151 341 2248 403 IV.

3334 338 3437 400 858

203 439 360 505 λείας,
390 439 460 494 τά
490 437 659 494 λοιπὰ
689 442 1098 514 τεσσαράκοντα
1141 444 1589 517 συμπληροῦνται
1623 445 1720 515 ἔτη
1743 463 1757 477 ·

1885 463 1974 501 nm
1998 462 2065 503 ex
2093 445 2387 502 annalibus
2419 443 2623 515 colligi,
2649 444 2744 500 sed
2769 443 2936 500 etiam
2955 458 3021 500 ex
3051 442 3253 500 divinis
3281 442 3437 500 Scri-

201 530 472 588 καὶτοῦτο
499 530 724 585 δυνατὸν
760 534 820 585 οὺ
857 534 1016 604 μόνον
1044 533 1151 588 ἀπὸ
1195 534 1306 587 τῶν
1338 537 1607 607 χρονικῶν
1639 554 1769 590 συν-

201 624 440 691 αγαγείν,
467 622 605 676 ἀλλὰ
638 623 732 676 καὶ
780 623 889 677 ἀπὸ
917 624 1027 677 τῶν
1057 624 1215 678 θείων
1263 627 1497 697 Γραφῶν
1528 645 1774 698 καταμα-

203 713 344 766 θεῖν·
379 713 477 766 καὶ
529 712 638 784 γὰρ
679 716 709 768 6
757 715 1023 785 μακάριος
1071 716 1337 787 Ἱερεμίας
1372 718 1402 769 6
1459 721 1765 789 προφήτης,

203 805 287 856 καὶ
319 805 350 873 ή
400 803 512 857 τῶν
567 804 1057 876 παραλειπομένων
1102 805 1280 876 βίϐλος
1308 808 1567 870 διδάσκει,
1608 809 1684 871 ὡς
1711 810 1771 861 ὲν

204 893 275 962 τῷ
328 895 640 965 τριακοστῷ
683 896 780 948 καὶ
825 896 1038 967 ἑϐδόμῳ
1081 897 1191 950 ἔτει
1241 897 1343 968 τῆς
1393 898 1771 968 αἰχμαλωσίας

205 985 481 1056 Ἰωακεὶμ,
501 985 597 1039 τοῦ
627 986 723 1040 καὶ
748 987 1016 1057 Ἰεχονίου,
1052 985 1238 1056 ὕψωσε
1271 987 1368 1058 τήν
1406 987 1642 1058 κεφαλὴν
1668 987 1769 1041 αὐ-

199 1078 289 1132 τοῦ
338 1077 828 1149 Εὑῖλαδμαρωδὰχ,
873 1078 967 1131 καῒ
1005 1077 1257 1142 ἐξέϐαλεν
1299 1078 1461 1131 αὑτὸν
1501 1078 1562 1143 ἐξ
1615 1078 1766 1132 οἴκου

204 1169 446 1238 φυλακῆς
471 1169 531 1219 ὲν
558 1167 638 1236 τῷ
667 1165 897 1236 ἐνιαυτῷ
924 1169 1022 1236 τῆς
1068 1167 1347 1237 βασιλείας
1393 1166 1560 1221 αὐτοῦ
1582 1183 1595 1198 ·
1632 1168 1769 1238 μετὰ

200 1260 252 1314 δὲ
291 1259 485 1313 τοῦτον
534 1260 850 1314 ἐϐασίλευσε
887 1260 1244 1314 Βαϐυλωνίων
1297 1262 1325 1314 6
1383 1261 1669 1331 Βαλτάσαρ
1704 1261 1766 1314 οὐ

205 1350 411 1420 μακρὸν
455 1349 646 1419 χρόνον
665 1365 680 1379 ·
711 1349 1052 1420 δυσσεϐήσας
1081 1350 1192 1420 γὰρ
1227 1349 1467 1422 ἀνῃρέθη
1493 1366 1508 1382 θ
1544 1351 1673 1421 περὶ
1709 1350 1768 1404 δὲ

201 1441 262 1495 τὰ
297 1440 428 1511 τρία
482 1441 785 1511 ἐκράτησεν
811 1440 902 1512 ετη
923 1457 937 1471 ·
964 1441 1058 1495 καὶ
1086 1440 1194 1512 γὰρ
1239 1444 1298 1495 ὲν
1345 1442 1424 1512 τῷ
1462 1442 1631 1513 τρίτῳ
1658 1442 1768 1496 ἔτει

200 1531 295 1600 τῆς
341 1529 621 1601 βασιλείας
664 1530 829 1585 αὑτοῦ
881 1531 982 1603 τήν
1033 1532 1161 1601 μίαν
1213 1532 1476 1585 ὀπτασίαν
1513 1534 1540 1586 6
1569 1533 1768 1603 Δανιὴλ

201 1624 462 1677 ἐθεάσατο
481 1639 497 1654 ο
539 1623 679 1694 μετὰ
706 1623 763 1676 δὲ
805 1622 994 1677 τοῦτον
1015 1612 1241 1695 Δαρείος
1268 1626 1298 1677 ὁ
1323 1626 1640 1695 Ἀσουήρου,
1661 1624 1771 1678 άπὸ

199 1715 292 1769 τοῦ
324 1717 644 1785 σπέρματος
689 1715 951 1786 ὑπάρχων
998 1714 1108 1768 τῶν
1149 1716 1351 1786 Μήδων
1376 1755 1390 1780 ,
1426 1715 1640 1781 ἐδέξατο
1669 1718 1770 1786 τὴν

204 1807 476 1877 βασιλείαν
499 1823 514 1838 ο
548 1807 726 1875 ὀλίγον
786 1806 845 1860 δὲ
900 1808 994 1860 καὶ
1045 1808 1208 1871 αὐτὸς
1262 1809 1503 1879 ήγήσατο
1559 1808 1771 1880 χρόνον.

203 1897 311 1950 Καὶ
336 1895 495 1949 τοῦτο
533 1898 684 1967 ἡμᾶς
726 1899 756 1951 6
802 1898 1069 1967 μακάριος
1114 1897 1354 1951 διδάσκει
1393 1897 1590 1967 Δανιὴλ
1619 1899 1773 1968 είρη-

204 1986 331 2052 κὼς,
354 1989 413 2040 ἐν
440 1987 523 2058 τῷ
551 1987 753 2059 πρώτῳ
780 1987 891 2041 ἔτει
916 1989 1142 2059 Δαρείου
1167 1988 1260 2042 τοῦ
1291 1989 1408 2042 υίοῦ
1455 1990 1772 2061 Ἀσουήρου.

211 2102 227 2134 ι
269 2082 356 2135 Ἐν
388 2082 502 2135 ἔτει
555 2084 636 2136 ένὶ
689 2082 792 2151 τῆς
839 2082 1113 2151 βασιλείας
1167 2081 1355 2149 αὑτοῦ,
1408 2082 1520 2148 ἐγὼ
1576 2082 1776 2154 Δανιὴλ

208 2178 415 2245 συνῆκα
456 2178 515 2227 ὲν
562 2177 682 2237 ταῖς
716 2174 918 2244 βίϐλοις
957 2175 1049 2230 τὸν
1099 2175 1331 2245 ἀριθμὸν
1376 2176 1485 2228 τῶν
1527 2174 1687 2240 ἐτῶν,
1716 2175 1778 2239 ὃς

211 2266 437 2337 ἐγενήθη
475 2265 632 2332 λόγος
660 2265 866 2335 Κυρίου
920 2265 1057 2332 πρὸς
1116 2266 1384 2336 Ἱερεμίαν
1419 2265 1511 2318 τὸν
1563 2266 1773 2336 προφήο

210 2375 329 2425 την,
366 2359 449 2420 είς
513 2357 912 2428 συμπλήρωσιν
946 2357 1280 2428 ἐρημώσεως
1339 2357 1690 2429 Ἰερουσαλὴμ
1720 2358 1766 2390 ⁵⁸

207 2449 575 2519 ἑϐδομήκοντα
610 2447 726 2516 ἔτη.
771 2466 790 2498 ι
822 2447 1031 2500 Οὐκοῦν
1056 2448 1114 2499 αἱ
1148 2448 1246 2517 μὲν
1283 2445 1361 2516 τῷ
1395 2445 1562 2517 Ἰούδᾳ
1587 2448 1778 2515 ἀφορι-

213 2539 417 2592 σθεῖσαι
444 2538 852 2608 τεσσαράκοντα
889 2539 1094 2609 ἡμέραι
1119 2538 1230 2592 τῶν
1274 2538 1612 2609 λειπομένων
1651 2557 1777 2592 τεσ-

212 2628 520 2695 σαράκοντα
550 2625 688 2679 ὲτῶν
729 2627 1054 2696 σημαίνουσι
1084 2628 1176 2679 τὸν
1201 2626 1452 2697 ἀριθμὸν,
1488 2631 1543 2681 ai
1576 2629 1633 2682 δὲ
1660 2631 1783 2683 έκαο

210 2722 296 2773 τὸν
332 2722 674 2791 πεντήκοντα
701 2718 779 2790 τῷ
796 2719 1036 2790 Ἰσραὴλ,
1066 2718 1260 2773 ἑκατὸν
1287 2721 1625 2790 πεντήκοντα
1644 2722 1781 2775 ἐτῶν

211 2812 458 2881 ἀριθμὸν,
479 2811 599 2880 μεθ’
617 2811 677 2864 δν
695 2812 730 2880 ἦ
757 2827 812 2863 τε
838 2811 989 2872 πόλις
1011 2810 1351 2882 ᾠκοδομήθη,
1372 2811 1468 2865 καὶ
1484 2812 1782 2883 οίκητόρων

212 2907 419 2977 πλήρης
472 2906 711 2973 ἐγένετο,
746 2904 1114 2974 τειχισθεῖσα,
1136 2904 1232 2957 καὶ
1275 2901 1626 2957 ἀπολαϐοῦσα
1657 2903 1783 2965 τοὺς

1873 540 2051 608 pturls
2085 537 2293 609 percipi
2329 543 2528 606 potest.
2559 534 2772 591 Etenim
2801 535 2991 590 beatus
3012 533 3278 590 Jeremias
3309 549 3442 605 pro-

1870 630 2051 698 pheta,
2088 637 2142 685 et
2176 628 2634 698 Paralipomenon
2660 631 2677 650 ‘
2714 627 2852 682 liber
2894 627 3114 692 docent,
3176 625 3441 696 quemad—

1870 706 2088 775 modum
2116 720 2399 775 tricesimo
2425 726 2480 774 et
2509 719 2744 789 septimo
2779 732 2925 772 anno
2953 717 3288 787 captivitatis
3307 715 3438 770 Joa-

1869 812 2020 873 cimi,
2055 811 2149 880 qui
2193 810 2357 865 etiam
2388 807 2687 864 Jecbonias
2734 807 2918 863 dictus
2965 816 3069 874 est,
3115 807 3441 862 exaltaverit

1869 911 2035 973 caput
2058 904 2204 958 illius
2240 901 2679 967 Evilmerodach,
2709 908 2762 955 et
2788 900 3041 955 eduxerit
3064 914 3189 954 eum
3220 913 3251 954 e
3276 897 3440 952 domo

1869 992 2137 1049 custodiae
2160 1001 2283 1064 post
2306 1008 2510 1046 annum
2545 992 2696 1062 regni
2728 991 2811 1047 sui
2839 994 2884 1047 8.
2922 990 3052 1045 Post
3086 990 3233 1044 hunc
3262 988 3440 1060 Bahy-

1869 1086 2137 1140 loniorum
2192 1099 2364 1153 regno
2398 1085 2583 1156 potius
2632 1091 2718 1139 est
2758 1082 3065 1149 Balthazar,
3118 1082 3262 1136 haud
3319 1081 3435 1145 diu,

1867 1178 1992 1247 quia
2022 1191 2146 1231 cum
2178 1193 2238 1233 se
2270 1177 2495 1247 impium
2526 1176 2867 1247 praebuisset,
2901 1175 3125 1230 occisus
3170 1172 3290 1228 fuit.
3326 1172 3437 1227 Re-

1867 1268 2053 1339 gnavit
2083 1277 2265 1323 autem
2299 1269 2529 1324 circiter
2557 1282 2736 1323 annos
2765 1275 2918 1321 tres:
2957 1281 3084 1319 nam
3116 1266 3277 1321 tertio
3316 1265 3437 1335 ejus

1867 1357 2023 1426 regni
2054 1370 2200 1412 anno
2220 1358 2485 1413 visionem
2509 1372 2672 1413 unam
2699 1357 2885 1413 Daniel
2910 1357 3068 1411 vidit.
3097 1356 3228 1411 Post
3257 1357 3436 1426 ipsum

1867 1447 2088 1517 Darius,
2143 1451 2286 1505 lilius
2337 1450 2588 1516 Assueri,
2630 1465 2660 1504 a
2696 1448 2868 1506 lledis
2898 1448 3188 1513 oriundus,
3226 1447 3437 1517 accepit

1867 1556 2121 1610 regnum.
2153 1550 2207 1595 et
2232 1541 2347 1610 ipse
2369 1556 2589 1611 quoque
2629 1541 2780 1595 brevi
2833 1548 3076 1610 temmire
3127 1539 3434 1608 imperavit.

1800 1656 1846 1715 Β
1874 1631 2047 1700 idque
2073 1646 2176 1686 nos
2199 1632 2362 1685 docet
2396 1631 2588 1686 beatus
2622 1629 2829 1694 Daniel,
2860 1644 2986 1683 cum
3017 1628 3182 1684 dicit:
3222 1646 3241 1679 ι
3278 1628 3439 1681 Anno

1876 1721 2051 1791 primo
2084 1718 2233 1774 Darii
2267 1720 2361 1774 lilii
2398 1720 2646 1782 Assueri,
2670 1733 2816 1773 anno
2851 1732 2961 1771 uno
2991 1717 3141 1787 regni
3167 1717 3308 1785 ejus,
3338 1731 3440 1784 ego

1876 1812 2065 1867 Daniel
2095 1811 2335 1867 intellexi
2371 1813 2425 1865 in
2458 1811 2611 1865 libris
2639 1823 2927 1864 numerum
2962 1808 3125 1877 713
3147 1821 3439 1869 annorum,

1873 1903 1941 1957 de
1976 1918 2085 1975 quo
2109 1902 2286 1957 factus
2309 1910 2393 1957 est
2422 1915 2602 1957 sermo
2632 1898 2853 1953 Domini
2881 1896 2948 1951 ad
2993 1895 3282 1951 Jeremiam
3314 1911 3441 1965 pro-

1875 1995 2117 2066 phetam.
2141 2001 2201 2047 ut
2221 1993 2632 2061 complerentur
2658 1987 3018 2045 desolationis
3050 1986 3441 2058 ilieroseiymie

1875 2085 2222 2155 septuaginta
2258 2083 2387 2137 anni
2410 2083 2461 2137 δ.
2507 2101 2526 2135 ι
2551 2080 2706 2136 ludat
2738 2080 2910 2151 igitur
2961 2078 3169 2133 deﬁniti
3203 2078 3442 2146 quadra-

1874 2181 2022 2249 ginta
2052 2177 2192 2241 dies.
2227 2189 2498 2231 annorum
2538 2172 2903 2244 quadraginta
2935 2172 3029 2241 qui
3081 2171 3308 2226 deerant
3339 2185 3442 2222 nu-

1877 2283 2087 2324 merum
2145 2266 2500 2338 signillcant:
2567 2272 2786 2320 centum
2853 2277 2985 2318 vero
3045 2261 3443 2332 quinquaginta

1878 2361 2062 2417 lsraeli
2097 2359 2374 2431 prmiiniti,
2408 2365 2630 2413 centum
2654 2355 3056 2426 quinquaginta
3088 2367 3266 2407 annos
3297 2350 3444 2406 indi-

1878 2462 2037 2516 cant,
2070 2458 2190 2522 post
2221 2436 2369 2520 quod
2419 2460 2635 2518 tempus
2667 2455 2721 2501 et
2773 2446 2905 2501 urbs
2953 2443 3220 2500 adiﬁcata
3249 2450 3354 2505 est,
3390 2448 3441 2494 et

1880 2544 2079 2598 incolis
2117 2541 2409 2611 completa,
2441 2552 2708 2607 muroque
2748 2536 2952 2599 cincta,
2982 2542 3040 2588 ct
3074 2533 3243 2601 septis
3286 2530 3449 2585 undi-

1880 2652 1986 2706 que
2014 2633 2348 2688 communita
2372 2650 2388 2697 ;
2413 2631 2639 2699 aliasque
2665 2629 2850 2689 urbes,
2870 2633 2925 2682 et
2958 2625 3174 2680 lsraelis
3200 2631 3255 2678 et
3275 2621 3449 2688 Judae,

1883 2730 2203 2783 instauratae
2239 2725 2392 2780 fuere
2420 2724 2612 2778 multis
2642 2720 2877 2790 receptis
2911 2717 3132 2773 incolis.
3182 2714 3297 2770 Hoc
3349 2728 3451 2767 au-

1882 2828 1994 2874 tem
2024 2817 2230 2872 factum
2273 2823 2359 2871 est
2404 2829 2549 2869 anno
2593 2813 2855 2869 vicesimo
2906 2809 3057 2880 regni
3107 2805 3452 2868 Artaxerxis,

1884 2911 1982 2965 lilii
2004 2908 2221 2972 Xerxis,
2250 2922 2358 2975 quo
2384 2913 2651 2977 regnante
2684 2902 2797 2958 Neb
2810 2902 3008 2964 emias,
3026 2899 3149 2969 ejus
3168 2898 3453 2969 pincerna,

212 2997 551 3067 περιϐόλους,
579 2998 674 3049 καὶ
703 2996 760 3050 αἱ
788 2995 946 3048 ἄλλαι
976 2994 1071 3047 τοῦ
1110 3011 1170 3047 τε
1222 2994 1439 3065 Ἰσραὴλ
1478 2994 1571 3047 καὶ
1612 2993 1781 3049 Ἰούδα

1888 3000 1994 3054 boc
2018 2999 2312 3069 impetrato
2335 3010 2363 3048 a
2395 3009 2522 3065 rege
2546 2992 2690 3063 quod
2716 2990 2949 3061 petierat
2974 2987 3259 3049 beneﬁcio,
3285 2984 3455 3038 multa

211 3090 397 3152 πόλεις
437 3086 869 3159 ἀνεῤῥώσθησαν
917 3086 1144 3149 πολλοὺς
1193 3087 1434 3150 ἐνοίκους
1466 3085 1781 3156 δεξάμεναι.

213 3185 383 3240 Τοῦτο
418 3186 477 3239 δὲ
512 3184 730 3253 ἐγένετο
776 3182 854 3253 τῷ
902 3181 1137 3252 εἰκοστῷ
1189 3181 1298 3234 έτει
1353 3181 1455 3253 τῆς
1513 3181 1789 3252 βασιλείας

226 3275 589 3347 Ἀρταξέρξου
636 3273 733 3328 τοῦ
785 3273 1010 3344 Ξέρξου,
1036 3274 1122 3341 ἐφ’
1154 3267 1215 3327 οὗ
1261 3272 1501 3343 Νεεμίας
1553 3271 1791 3343 οἰνοχόος

220 3370 368 3438 αὐτῷ
402 3368 665 3439 γεγονὼς,
693 3367 789 3420 καὶ
826 3367 987 3437 χάριν
1033 3367 1265 3437 αἰτήσας
1304 3366 1398 3419 τὸν
1428 3364 1671 3435 βασιλέα,
1694 3365 1791 3419 σὺν

219 3462 386 3533 πολλῇ
422 3459 702 3532 προθυμίᾳ
727 3458 826 3530 τὴν
848 3457 1106 3512 Ἰουδαίαν
1139 3456 1428 3521 κατέλαϐε,
1445 3456 1540 3509 καὶ
1567 3454 1636 3508 τὰ
1662 3471 1794 3526 προ-

219 3553 487 3627 ειρημένα
536 3553 716 3607 πάντα
762 3549 1049 3621 πεποίηκε.
1101 3548 1215 3602 Καὶ
1262 3547 1422 3601 τοῦτο
1478 3545 1667 3617 σαφῶς
1684 3546 1731 3579 ⁸⁸
1757 3548 1792 3618 ἡ

219 3645 311 3701 τοῦ
337 3644 546 3716 Ἕσδρα
603 3642 847 3697 διδάσκει
902 3640 1218 3712 συγγραφή.
1255 3639 1319 3692 El
1356 3637 1415 3692 δέ
1453 3654 1539 3702 τις
1587 3638 1680 3691 καὶ
1704 3637 1795 3691 τὸν

222 3737 452 3810 ἀριθμὸν
476 3736 587 3790 τῶν
622 3734 761 3789 ιτῶν
811 3732 1055 3803 ἀκριϐῶς
1088 3731 1279 3803 μαθεῖν
1311 3729 1580 3802 βούλεται,
1618 3731 1795 3803 ἀρχὴν

222 3829 312 3885 τοῦ
329 3826 565 3901 ἀριθμοῦ
590 3825 801 3879 λαϐέτω
825 3824 917 3878 τὸν
932 3824 978 3856 ⁸⁷
997 3823 1246 3894 πέμπτον
1278 3822 1382 3893 τῆς
1419 3822 1797 3893 αἰχμαλωσίας

236 3921 505 3993 Ἰεχονίου.
567 3920 659 3983 Ἐξ
709 3917 922 3971 ἐκείνου
952 3917 1064 3987 γὰρ
1111 3916 1208 3969 καὶ
1262 3914 1331 3968 τὰ
1387 3915 1799 3986 τεσσαράκοντα

227 4012 611 4084 ήριθμήσαμεν
632 4026 646 4040 ·
692 4010 946 4081 εὑρήσεις
973 4008 1083 4077 γὰρ
1110 4007 1519 4077 τεσσαράκοντα
1553 4007 1653 4076 μὲν
1694 4006 1800 4071 ἕως

230 4104 443 4174 πρώτου
477 4101 631 4165 ἔτους
660 4100 845 4171 Κύρου
892 4096 986 4153 τοῦ
1032 4098 1263 4165 Πέρσου,
1294 4098 1504 4151 ἐκεῖθεν
1535 4098 1801 4152 ὑπόλοιπα

234 4195 413 4266 Κύρου
442 4193 617 4247 εἰκοσι
647 4192 740 4244 καὶ
762 4183 1074 4253 ὲννέα,εἵτα
1099 4187 1400 4258 Καμϐύσου
1423 4188 1586 4253 ἑπτὰ,
1611 4188 1801 4242 ἔπειτα

236 4286 455 4357 Δαρείου
487 4284 583 4338 τοῦ
630 4281 938 4336 Ὑστάσπου
969 4279 1262 4350 τριάκοντα
1298 4278 1393 4331 καὶ
1443 4279 1631 4331 πέντε·
1666 4281 1803 4349 πρὸς

1887 3089 2176 3146 alacritate
2209 3086 2266 3141 in
2298 3084 2543 3140 Iudaeam
2574 3082 2746 3145 venit,
2770 3078 3070 3147 omniaque
3117 3076 3281 3146 paulo
3331 3082 3459 3129 ante

1888 3183 2035 3238 dicta
2089 3177 2365 3243 coniecit;
2425 3174 2571 3246 quod
2627 3180 2815 3242 aperte
2868 3185 2973 3226 nos
3011 3166 3198 3239 Esdrie
3226 3166 3460 3221 historia

1889 3273 2074 3329 docet.
2112 3267 2268 3336 Quod
2305 3266 2353 3322 si
2385 3265 2513 3336 quis
2541 3263 2708 3320 etiam
2732 3274 3002 3317 annorum
3018 3272 3305 3314 numerum
3332 3255 3462 3310 velit

1890 3368 2154 3418 accurate
2212 3345 2573 3428 perdiscere,
2625 3351 2963 3424 principium
3017 3346 3232 3403 numeri
3281 3344 3463 3415 capiat

1891 3470 2097 3512 annum
2159 3453 2415 3524 quintum
2473 3443 2812 3517 captivitatis
2863 3439 3187 3497 Jechonim:
3238 3436 3308 3492 ab
3365 3434 3462 3488 illo

1890 3549 2042 3605 enim
2078 3542 2447 3617 quadraginta
2488 3536 2924 3595 numeravimus.
2960 3529 3279 3601 Comperies
3316 3528 3462 3583 enim

1893 3639 2262 3712 quadraginta
2295 3649 2472 3705 usque
2501 3632 2569 3686 ad
2601 3629 2841 3701 primum
2869 3640 3072 3681 annum
3099 3622 3227 3694 Cyri
3258 3618 3463 3712 Persae,

1894 3711 2021 3788 inde
2051 3730 2293 3800 reliquos
2318 3726 2446 3798 Cyri
2491 3722 2689 3793 viginti
2732 3734 2950 3783 novem,
2999 3725 3113 3771 tum
3175 3711 3465 3782 Cambysis

1896 3832 2129 3895 septem.
2156 3819 2356 3876 deinde
2388 3816 2533 3871 Darii
2581 3811 2870 3885 Hystaspis
2925 3809 3150 3879 triginta
3180 3805 3464 3895 quinque;

1897 3892 2161 3987 praeterea
2178 3910 2378 3966 Xerxis
2406 3905 2621 3978 viginti,
2644 3912 2698 3959 et
2730 3900 3053 3968 Artaxerxis
3083 3892 3429 3987 undeviginti
3449 3910 3463 3946 ε

1898 3982 2045 4062 anno
2072 4004 2218 4060 enim
2257 4000 2528 4057 vicesimo
2573 3995 2730 4053 urbis
2770 4007 2960 4049 muros
2989 3986 3249 4060 praecepit
3293 3982 3468 4040 aedili-

1899 4096 2039 4153 cari.
2072 4093 2140 4149 Et
2171 4107 2334 4148 nemo
2357 4089 2507 4145 dicat
2542 4083 2760 4141 lsraelis
2813 4078 3231 4139 aediﬁcationem
3264 4072 3467 4129 Hiero-

1901 4187 2126 4257 solyma:
2154 4182 2294 4238 nihil
2322 4177 2662 4240 interfuisse,
2695 4188 2820 4229 cum
2848 4171 2961 4242 jam
3001 4165 3274 4257 pridema
3325 4160 3471 4257 tribu

1904 4249 2044 4332 Juda
2076 4274 2291 4329 divisus
2317 4279 2463 4325 esset
2489 4286 2502 4321 :
2536 4280 2660 4320 nam
2692 4270 2815 4333 post
2835 4261 3066 4315 reditum
3100 4253 3242 4307 haud
3272 4249 3472 4304 mansit

240 4378 440 4441 τούτοις
460 4377 663 4449 Ξέρξου
687 4376 881 4436 εἴκοσι,
897 4372 993 4426 καὶ
1021 4369 1375 4441 Ἀρταξέρξου
1396 4371 1780 4424 ἐννεακαίδεκα

1911 4371 2004 4426 illa
2037 4366 2261 4426 divisio,
2284 4371 2338 4417 et
2359 4358 2661 4417 coni-ordes
2687 4360 2845 4409 erant
2874 4363 3090 4411 omnes,
3116 4347 3208 4415 qni
3238 4342 3472 4397 reditum

242 4472 313 4541 τῷ
338 4434 445 4542 γὰρ
476 4434 708 4539 εἰκοστῷ
734 4466 842 4520 ἔτει
865 4434 1196 4535 προσέταξεν
1222 4434 1707 4531 άνδικοδομηθῆναι
1738 4480 1781 4515 τι

1914 4458 2196 4518 consecuti
2238 4456 2484 4518 fuerant,
2516 4446 2950 4516 Hierosolymam
2985 4434 3331 4506 metropolim
3385 4434 3472 4485 in-

243 4566 386 4635 τείχη
420 4565 519 4633 τῆς
549 4561 777 4625 πόλεως.
798 4559 906 4611 Καὶ
932 4556 1119 4628 μηδεὶς
1147 4554 1368 4624 λεγέτω,
1384 4556 1464 4607 ὅτι
1488 4554 1565 4623 τῷ
1592 4555 1808 4626 Ἰσραὴλ
1915 4556 2180 4610 colentes.

247 4613 834 4727 ήῄζήςνίὶερουσαλὴμ
887 4613 1170 4717 οἰκοδομία
1219 4613 1472 4714 οὐδαμῶς
1523 4613 1774 4718 διέφερεν
1829 4649 1998 4702 πάλαι
2048 4639 2374 4713 διαιρεθέντι
2423 4635 2523 4705 τῆς
2564 4630 2732 4686 Ἰούδα
2769 4625 2996 4727 ⁸φυλῆς·
3041 4620 3180 4693 μετὰ
3226 4613 3476 4727 γὰριτῆν

250 4706 626 4800 inﬁmas:
671 4706 885 4810 ἔμεινεν
915 4740 950 4808 ή
981 4706 1245 4807 διαίρεσις
1267 4777 1278 4797 ,
1308 4706 1420 4787 ἀλλ’
1454 4706 1883 4807 ὁμοφρονοῦντες
1906 4706 2183 4790 διετέλουν
2237 4733 2476 4791 ἅπαντες
2513 4726 2561 4778 οἱ
2620 4723 2720 4790 τῆς
2766 4717 3025 4773 ἐπανόδου
3092 4706 3474 4781 τετυχηκότες,

248 4844 340 4913 τήν
362 4836 718 4913 Ἰερουσαλὴμ
747 4834 1078 4907 μητρόπολιν
1110 4833 1344 4903 ἔχοντες.

312 4932 376 4996 ζ’.
423 4929 536 4984 Καὶ
581 4929 669 4993 εἰς
722 4924 831 4978 τὸν
892 4920 1306 4989 συγώεισμόν
1373 4920 1769 4990 Ἰερουσαλὴμ
1798 4964 1813 4987 ,

1996 4912 2165 4966 Vens.
2187 4911 2240 4964 '7.
2264 4911 2331 4962 Et
2356 4903 2424 4959 ad
2445 4900 2835 4957 conclusionem
2859 4890 3262 4960 Hierosolymis,
3278 4888 3475 4956 inquit,

251 4978 405 5094 φησίν
423 4978 815 5085 ζ-ἓτοίμξὶσεις
873 5014 940 5066 τὸ
984 4978 1323 5079 ’πρόσωπόν
1367 4978 1484 5063 σοῖν
1510 5051 1523 5071 ,
1561 5011 1658 5064 καὶ

1914 5004 2111 5070 dirige:
2140 4997 2300 5069 713
2329 4995 2519 5064 [aciem
2564 5000 2732 5050 mam,
2768 4995 2815 5039 et
2849 4980 3121 5036 brachium
3166 4988 3310 5031 tuum
3341 4980 3356 4996 '
3385 4978 3478 5045 ﬁr-

2367 5088 2377 5094 -
2486 5084 2528 5094 --
2871 5093 2876 5094 ν
2998 5071 3232 5094 n:__-.:..
3269 5070 3422 5094 4-,-“
3458 5087 3474 5094 ,

247 5110 539 5183 ,βραχίονά
557 5124 675 5162 σου
698 5104 1047 5173 στερεώσεις
1062 5103 1131 5164 ⁵⁸,
1148 5102 1242 5156 καί
1267 5103 1701 5169 προφητεύσεις
1723 5103 1816 5160 ἐπ’

1920 5094 2113 5156 vitabis,
2145 5101 2194 5146 et
2222 5084 2559 5157 prophetabis
2587 5095 2742 5148 super
2767 5093 2903 5132 eam.
2940 5093 2957 5131 ι
2998 5071 3236 5126 Directio
3269 5070 3424 5123 faciei
3458 5087 3476 5119 ι

253 5160 473 5183 εντ’-Ιο-ν-
501 5160 534 5165 "
565 5160 577 5162 '
612 5160 621 5161 ί
802 5160 818 5173 ⁸
1026 5160 1039 5169 ”
1120 5160 1128 5164 ’
1305 5160 1323 5169 '
1381 5160 1397 5169 '
1449 5160 1458 5169 ‘
1677 5160 1694 5168 '

253 5206 455 5272 αὐτήν.
491 5225 510 5257 ι
560 5197 866 5271 Προσιὶιπου
914 5195 1198 5263 ὲτοιμασία
1235 5212 1254 5244 ι
1305 5193 1402 5261 τὴν
1444 5194 1781 5263 ἀγανάκτησι

1919 5184 2353 5255 indignationem
2386 5174 2680 5247 significat,
2736 5189 2753 5222 ι
2801 5165 3014 5223 brachii
3063 5160 3410 5219 conﬁrmatio
3455 5176 3477 5210 ι

256 5297 517 5366 σημαίνει,
542 5311 561 5343 ι
595 5290 876 5362 βραχίονος
901 5287 956 5338 δὲ
983 5285 1273 5355 στερέωσις
1305 5303 1320 5332 ι
1349 5284 1447 5353 τὴν
1476 5286 1781 5353 ἐπαγομένη

1919 5277 2331 5348 castigationem
2358 5284 2481 5341 qua:
2509 5266 2819 5321 adhibetur.

259 5387 492 5440 παιδείαν

330 5489 441 5551 ειν
475 5497 610 5570 Reg.
644 5510 773 5559 xxv,
807 5492 900 5559 9.7;
929 5489 1038 5545 Jcr.
1078 5503 1177 5554 ιιι,
1207 5488 1294 5542 3i.
1373 5484 1398 5522 ἰ
1438 5486 1566 5538 Dan.
1625 5503 1679 5556 x,
1719 5486 1768 5537 l.

1855 5481 1873 5520 ἲ
1912 5481 1929 5535 l
1969 5480 2126 5535 Esdr.
2166 5493 2223 5543 ιι,
2250 5477 2436 5545 2scqq

1552 5594 1782 5650 VARIAS
1826 5590 2225 5648 LECTIONES.

333 5700 376 5738 "
422 5698 549 5772 Ἱερ.
589 5701 666 5755 Ex
695 5696 736 5753 Β
766 5695 947 5771 suppl.
1022 5693 1068 5727 "
1110 5709 1235 5761 σαφ.
1266 5690 1450 5749 Badd.
1483 5689 1645 5758 ἡμᾶς.
1720 5688 1763 5719 ιτ
1805 5684 1903 5740 Ed.
1931 5685 2081 5755 prior
2113 5681 2234 5736 hab.
2262 5679 2341 5733 τό.
2417 5672 2461 5708 ιε
2504 5669 2760 5742 στερεῶς.
2803 5664 2959 5719 Hebr.
2990 5658 3271 5715 nudatum.
