3868 6204
424 291 532 356 887

1454 289 1947 351 THEODORETI
1976 288 2315 351 EPISCOPI
2341 292 2707 352 CYRENSIS
3564 295 3654 362 888

426 408 628 478 pietate
657 405 1025 485 desciscerent
1064 425 1076 458 :
1111 404 1211 475 ipsi
1248 419 1375 458 vero
1416 419 1524 457 non
1562 404 1724 458 modo
1752 420 1876 458 cum
1903 418 2009 458 cae-

2119 390 2209 458 xat
2231 408 2358 470 τοὺς
2389 405 2582 469 ἄλλους
2614 406 2701 458 διὰ
2734 404 2939 458 eos”th
2972 402 3279 474 ἀποστῆσαι
3306 403 3400 474 τῆς
3430 406 3654 476 ἀτεϐείας

427 500 562 555 teris
622 500 912 553 utilitatem
963 512 1070 550 non
1120 496 1638 558 communicarent,
1689 495 1786 550 sed
1841 496 2005 549 etiam

426 593 599 662 magis
627 590 792 659 impia
839 588 957 643 ausi
999 597 1127 643 sunt
1157 599 1377 657 patrare
1421 585 1690 651 facinora,
1735 594 1795 640 ut
1826 585 2006 642 omnis

426 683 636 753 reliqua
666 688 813 735 terra
862 679 1152 750 iniquitate
1182 678 1575 750 compleretur.
1619 677 2006 749 Propagarunt

423 776 567 830 enim
614 788 800 828 ramos
862 773 1193 843 impietatis,
1251 765 1393 827 meo
1430 770 1664 826 consilio
1724 769 2006 824 contraria

427 865 858 922 committentes.
881 864 1091 920 Idcirco
1119 866 1195 919 ait
1229 885 1240 918 :

496 954 664 1010 Vens.
710 956 796 1010 18.
844 954 913 1008 Et
944 972 1035 1027 ego
1065 973 1220 1026 agant
1244 974 1365 1011 cum
1394 958 1522 1027 ipsis
1558 957 1611 1009 in
1645 954 1823 1024 furore
1850 969 1868 1006 :
1902 968 2005 1007 non

419 1057 597 1116 parcet
632 1048 816 1102 oculus
864 1064 1043 1112 meus,
1090 1058 1141 1103 et
1191 1066 1297 1104 non
1348 1048 1667 1112 miserebor,
1711 1055 1759 1101 et
1801 1047 2006 1099 clama-

422 1139 574 1208 bunt,
605 1155 685 1194 me
728 1140 995 1206 audiente,
1046 1156 1165 1195 voce
1214 1157 1440 1210 magna,
1495 1149 1543 1193 et
1586 1154 1687 1192 non
1718 1136 2006 1195 exaudiam

421 1247 528 1285 eos.
579 1230 1054 1298 Quemadmodum
1100 1232 1245 1287 enim
1304 1232 1408 1302 ipsi
1461 1246 1572 1285 non
1620 1227 1862 1299 pietatis,
1909 1224 2005 1282 sed

422 1324 723 1394 impietatis
755 1340 941 1381 ramos
984 1331 1379 1396 propagarunt,
1418 1333 1473 1379 et
1518 1322 1873 1376 ﬁnitimorum
1909 1334 2006 1373 auo

423 1425 626 1472 xerunt
654 1416 853 1473 damna
887 1436 898 1470 :
944 1418 1020 1472 ita
1068 1432 1170 1488 ego
1204 1419 1427 1473 minime
1471 1429 1708 1487 parcens
1737 1410 2005 1466 medicam

422 1507 561 1578 ipsis
612 1508 913 1565 sectionem
968 1509 1262 1576 adhibebo,
1315 1524 1492 1580 neque
1541 1522 1638 1563 eos
1688 1507 2007 1561 invocantes

424 1600 731 1665 sustinens,
758 1616 932 1670 neque
958 1602 1269 1658 clamantes
1297 1600 1621 1657 exaudiens.
1650 1598 1837 1668 Neque
1860 1596 2005 1650 enim

425 1691 803 1746 misericordia
837 1700 919 1747 est
960 1692 1096 1760 ipsis
1132 1708 1380 1763 parcere.
1417 1690 1697 1761 Siquidem
1728 1687 2004 1743 medicum

427 1781 604 1848 decet,
647 1781 796 1838 illius
827 1783 920 1853 qui
954 1790 1195 1849 secetur,
1229 1800 1407 1854 neque
1457 1784 1730 1853 lacrymas
1757 1794 1858 1835 nec
1880 1794 2002 1834 ver-

427 1872 496 1929 ba
527 1874 829 1940 attendere,
863 1875 957 1930 sed
1000 1877 1136 1935 artis
1172 1877 1343 1947 legem
1379 1876 1691 1932 observare.

1027 2093 1253 2149 CAPUT
1307 2093 1398 2147 ΙΧ.

496 2201 664 2259 Vens.
704 2203 754 2256 ‘l.
802 2199 868 2254 Et
897 2203 1169 2267 clamavit,
1210 2219 1292 2255 me
1329 2201 1592 2264 audiente,
1633 2217 1747 2254 voce
1787 2215 2000 2268 magna,

2113 498 2437 570 βουλόμενος
2456 515 2469 528 ·
2512 497 2665 551 αὐτοὶ
2694 497 2751 551 δὲ
2791 496 2851 549 οὐ
2890 497 3048 566 μόνον
3078 495 3337 565 ὠφελείας
3364 497 3422 550 οὐ
3453 500 3654 568 μετέδω-

2111 608 2215 644 καν
2231 590 2299 657 ³⁸,
2334 591 2471 645 ἀλλὰ
2520 590 2614 645 καὶ
2659 589 3058 660 δυσσεϐέστερα
3100 588 3501 659 τετολμήκασιν,
3534 590 3654 646 ὥστε

2110 685 2292 738 πᾶσαν
2341 684 2526 736 λοιπὸν
2577 684 2676 755 τὴν
2731 683 2837 753 γῆν
2886 681 3119 753 ἀνομίας
3170 680 3353 752 πλήρη
3395 682 3652 749 γενέσθαι⁶

2110 774 2379 838 ἐξέτειναν
2416 772 2524 844 γὰρ
2564 775 2665 843 τῆς
2693 772 2947 837 ἀσεϐείας
2971 771 3039 826 τά
3069 772 3342 843 κλήματα,
3370 773 3565 828 ἐναντία
3588 776 3654 847 τῷ

2110 861 2227 933 ἐμῷ
2257 862 2489 933 δρῶντες
2519 860 2725 930 σκοπῷ.
2759 860 2851 914 Διό
2880 877 3014 932 φησι
3039 878 3054 892 ·

2181 960 2272 1025 ιη’.
2310 954 2417 1008 Καὶ
2469 952 2584 1022 ἐγὼ
2630 954 2863 1019 ποιήσω
2910 953 3117 1019 αὐτοῖς
3157 954 3306 1023 μετὰ
3346 955 3552 1024 θυμοῦ’
3592 961 3652 1014 οὐ

2109 1048 2381 1117 φείσεται
2428 1049 2461 1099 ὀ
2499 1046 2808 1117 ὀφθαλμός
2843 1063 2999 1114 μου,
3047 1045 3146 1100 καὶ
3199 1046 3272 1100 οὐ
3294 1045 3377 1116 μὴ
3405 1047 3612 1115 ἐλεήσω
3636 1069 3648 1082 ·

2110 1138 2502 1208 κεκράξονται
2522 1138 2565 1170 ³⁸
2593 1141 2680 1205 εις
2717 1136 2788 1192 τὰ
2810 1133 2937 1193 ὦτά
2968 1155 3088 1208 μου
3118 1139 3291 1209 φωνῇ
3308 1139 3543 1210 μεγάλῃ,
3572 1144 3651 1197 καί

2109 1235 2181 1287 οὐ
2229 1231 2315 1302 μὴ
2371 1231 2713 1286 εἱσακούσω
2776 1228 2997 1285 αὐτῶν.
3046 1230 3317 1301 Καθάπερ
3359 1230 3463 1300 γὰρ
3526 1233 3652 1287 αὐτοὶ

2109 1325 2170 1377 οὐ
2206 1324 2272 1378 τὰ
2303 1324 2405 1394 τῆς
2434 1323 2740 1388 εὐσεϐείας,
2774 1321 2910 1376 ἀλλά
2937 1324 3036 1393 τῆς
3058 1321 3104 1354 ³⁸
3135 1322 3389 1386 ἀσεϐείας
3418 1322 3652 1387 ἐξέτειναν

2110 1417 2362 1487 κλήματα
2388 1456 2401 1479 ,
2456 1417 2553 1469 καὶ
2609 1415 2710 1486 τὴν
2758 1413 2868 1467 τῶν
2935 1413 3353 1482 γειτονευόντων
3410 1414 3652 1472 ἐπέτεινον

2112 1508 2316 1580 βλάϐην
2341 1525 2352 1539 ’
2390 1507 2564 1573 οὕτως
2616 1507 2855 1577 ἀφειδῶς
2907 1505 3018 1574 ἐγὼ
3066 1506 3166 1577 τὴν
3228 1507 3468 1577 ἰατρικὴν
3504 1506 3653 1571 αὐτοῖς

2110 1600 2298 1666 ἐπάξω
2333 1600 2526 1672 τομὴν,
2574 1600 2677 1653 οὐκ
2727 1599 3053 1671 ἀνεχόμενος
3105 1597 3287 1653 αὐτῶν
3318 1596 3652 1670 παρακαλούν-

2110 1711 2241 1761 των,
2270 1693 2393 1746 οὐδὲ
2423 1692 2641 1747 ἀκούων
2677 1690 2929 1762 βοώντων
2964 1708 2976 1721 ·
3018 1693 3122 1745 οὐκ
3173 1690 3290 1744 ἔστι
3328 1690 3432 1760 γάρ
3457 1691 3586 1756 ἔλεος
3622 1690 3652 1763 ἡ

2112 1785 2242 1854 περὶ
2261 1784 2387 1846 τοὺς
2412 1782 2690 1846 τοιούτους
2715 1781 2882 1852 φειδώ
2902 1799 2916 1813 ο
2952 1782 3224 1854 προσήκει
3254 1781 3363 1852 γάρ
3392 1781 3476 1835 τὸν
3500 1780 3651 1853 ίατρδν

2113 1880 2188 1951 μὴ
2210 1882 2324 1942 τοῖς
2355 1878 2449 1933 τοῦ
2487 1879 2825 1949 τεμνομένου
2872 1876 3130 1949 δακρύοις
3160 1876 3260 1928 καὶ
3303 1872 3475 1943 λόγοις
3514 1889 3651 1945 προσ.

2109 1973 2277 2042 ἐχειν,
2310 1971 2446 2025 ἀλλὰ
2474 1970 2551 2042 τῷ
2581 1971 2729 2042 νόμῳ
2750 1972 2848 2041 τῆς
2884 1971 3100 2041 τέχνης.

2142 2104 2201 2112 ’⁸
2730 2099 2982 2154 ΚΕΦΛΛ.
3013 2099 3091 2153 Θ¹.

2182 2215 2250 2263 α’.
2289 2210 2399 2264 Καὶ
2426 2208 2836 2277 ἀνακέκραγεν
2858 2207 2901 2239 ³⁷
2949 2209 3036 2267 εις
3088 2206 3161 2260 τὰ
3202 2200 3323 2259 ὦτά
3357 2220 3469 2271 μου
3512 2194 3652 2269 φωνῇ

429 2295 608 2349 dicens
649 2311 667 2349 :
707 2294 1158 2364 Appropinqnuuit
1192 2296 1323 2349 ultio
1361 2293 1533 2357 urbis,
1572 2302 1621 2347 et
1652 2293 2004 2361 unusquisque

2119 2301 2363 2370 μεγάλῃ,
2379 2301 2590 2370 λέγων’
2620 2301 2894 2370 Ἤγγικεν
2918 2299 2957 2366 ἡ
2975 2297 3294 2364 ἐκδίκησις
3313 2292 3418 2362 τῆς
3433 2294 3650 2355 πόλεως,

425 2385 588 2456 737
641 2386 806 2438 tenuit
862 2401 988 2439 vasa
1043 2385 1505 2439 exterminatiouis
1561 2385 1615 2437 in
1665 2400 1824 2436 ntanu
1881 2398 1999 2435 sua.

425 2476 632 2543 Deinde
660 2477 824 2531 docet
855 2476 1037 2545 qualia
1071 2476 1278 2531 fuerint
1307 2493 1460 2532 vasa.

498 2566 666 2623 Vens.
725 2570 781 2621 2.
849 2566 918 2620 Et
961 2584 1076 2622 ecce
1131 2584 1224 2622 sea:
1283 2569 1383 2622 viri
1439 2567 1710 2622 veniebant
1769 2585 1799 2620 α
1850 2575 2005 2636 porta

424 2661 634 2715 excelsa
670 2662 977 2729 respiciente
1022 2659 1090 2714 ad
1134 2660 1472 2730 aquilonem,
1506 2668 1554 2713 et
1598 2658 1881 2728 unicuique
1919 2673 2002 2711 se-

425 2750 569 2804 curis
619 2751 675 2803 in
722 2765 882 2803 manu
943 2749 1079 2819 ejus.
1132 2748 1268 2803 Cum
1323 2748 1470 2803 enim
1533 2748 1601 2802 ab
1656 2748 1915 2817 aquilone
1952 2754 2007 2802 et

425 2842 635 2896 idolum
683 2841 926 2912 positum
970 2848 1139 2904 esset,
1187 2846 1244 2894 et
1275 2839 1537 2895 mulieres
1566 2838 1869 2892 Thammuz
1919 2838 2007 2892 lu-

427 2942 643 3003 gerent,
683 2930 1080 2986 convenienter
1127 2930 1254 2985 inde
1285 2929 1495 2983 aditum
1543 2932 1747 2999 reperit
1794 2928 2007 2997 suppli-

428 3026 601 3078 cium.
643 3024 711 3079 Et
759 3023 1082 3079 meminisse
1134 3030 1352 3093 oportet
1411 3037 1602 3077 eorum
1674 3037 1794 3091 qua:
1839 3034 2004 3090 supra

428 3115 578 3170 dicta
625 3124 775 3177 sunt,
825 3115 972 3186 quod
1024 3115 1238 3169 scilicet
1288 3114 1491 3168 dixerit
1544 3121 1799 3182 quartam
1859 3100 2080 3166 urbisC

430 3214 643 3276 partem
699 3214 878 3260 morte
929 3215 1320 3275 consumptum
1381 3205 1472 3259 iri.
1514 3202 1650 3259 Vide
1701 3204 1868 3273 igitur
1915 3216 2013 3257 eas

431 3305 733 3366 potestates
790 3298 996 3368 quibus
1061 3295 1323 3366 puniendi
1386 3311 1590 3350 munus
1654 3296 2010 3350 commissum

430 3395 572 3454 erat,
609 3387 676 3442 ad
716 3389 1079 3444 constitutum
1116 3388 1452 3458 supplicium
1496 3394 1746 3457 paratas.
1780 3385 1847 3439 Et
1882 3401 2011 3457 pro-

433 3478 583 3533 fecto
611 3479 967 3551 Assyriorum
1014 3481 1188 3535 multa
1237 3480 1409 3534 millia
1457 3494 1599 3535 unus
1648 3480 1877 3551 angelus
1929 3480 2015 3548 ja-

436 3570 578 3625 culis
606 3570 866 3637 confecit,
906 3580 959 3625 et
1009 3570 1392 3641 Egyptian-um
1425 3574 1441 3591 ‘
1479 3569 1874 3639 primogenitos
1917 3583 2015 3621 an-

436 3662 593 3733 gelus
623 3677 768 3717 unus
797 3661 990 3731 jussus
1018 3671 1105 3716 est
1132 3661 1465 3717 interﬁcere.
1496 3660 1597 3715 Hic
1629 3675 1761 3716 vero
1792 3668 2016 3729 propter

437 3755 735 3823 impietatis
783 3754 1257 3824 exsuperantiam,
1307 3768 1402 3808 sex
1435 3752 1649 3823 angelis
1697 3751 2013 3807 Judteerum

435 3840 845 3910 puniendorum
889 3857 1089 3896 munus
1118 3849 1202 3896 cst
1244 3842 1584 3910 impositum.
1626 3859 1645 3890 ι
1683 3842 1748 3895 Ει
1780 3842 1888 3908 vir,
1930 3841 2017 3895 in-

439 3935 582 4003 quit,
610 3949 754 3989 unus
800 3935 856 3988 in
889 3934 1070 3988 medio
1101 3935 1349 4003 ipsorum
1379 3932 1606 3988 indutus
1637 3940 1790 3988 veste
1831 3935 2012 3999 talari,

439 4033 496 4081 et
561 4039 697 4079 zona
757 4025 1006 4097 sapphiri
1059 4040 1226 4095 super
1279 4024 1480 4080 lumbis
1536 4025 1677 4095 ejus.
1717 4044 1736 4077 ι
1787 4024 2015 4096 Septimi

439 4115 664 4171 habitus
711 4124 832 4171 erat
877 4117 1242 4172 sacerdotalis
1281 4135 1293 4170 :
1330 4131 1440 4171 non
1489 4118 1632 4172 enim
1682 4133 1748 4173 ex
1794 4118 1863 4175 iis
1899 4127 2018 4174 erat

436 4207 534 4278 qui
589 4208 872 4279 punirent,
910 4207 1005 4263 sed
1062 4208 1129 4264 ex
1176 4208 1245 4263 iis
1294 4208 1391 4279 qui
1442 4209 1781 4265 redimerem
1838 4212 2018 4266 salute

438 4300 659 4372 dignos
693 4299 830 4354 Nam
866 4301 995 4371 quia
1047 4300 1343 4370 septimum
1398 4301 1544 4355 diem
1580 4302 1688 4357 coli
1739 4305 2015 4373 praecepit,

439 4393 831 4462 convenienter
861 4393 1155 4463 septimum
1192 4393 1430 4447 maxime
1458 4393 1797 4467 honoratum
1831 4403 2016 4449 osten-

437 4486 537 4539 dit.
580 4503 598 4537 ι
641 4485 705 4538 Et
734 4485 973 4555 ingressi
1023 4493 1174 4551 sunt,
1206 4494 1259 4540 et
1300 4491 1575 4540 steterunt
1628 4501 1799 4557 prope
1840 4487 2017 4542 altare

437 4590 674 4631 aeneum.
716 4595 734 4627 ι
767 4575 885 4633 Hoc
932 4585 1116 4633 autem
1167 4578 1223 4631 in
1272 4578 1397 4632 aula
1443 4579 1684 4648 positum
1738 4586 1857 4633 erat
1891 4586 2018 4634 ante

440 4669 629 4738 templi
656 4669 943 4725 vestibula.

514 4756 679 4812 Vens.
712 4758 766 4811 5.
801 4757 867 4811 Et
902 4759 1080 4829 gloria
1115 4758 1211 4813 Dei
1246 4758 1466 4813 Israelis
1497 4759 1733 4814 ascendit
1758 4778 1791 4813 a
1817 4759 2017 4814 Cheru-

444 4848 573 4913 bim,
596 4863 712 4917 qua:
751 4858 864 4901 erat
905 4866 1061 4919 super
1103 4851 1236 4919 ipsis
1274 4852 1330 4904 in
1365 4851 1596 4905 subdiali
1636 4850 1844 4905 domus.
1880 4852 2018 4906 Cum

444 4940 593 4996 enim
640 4949 829 4996 contra
872 4943 1149 4997 civitatem
1204 4944 1537 4998 sententiam
1595 4944 1807 5000 laturus
1851 4951 2019 5007 esset,

445 5037 600 5087 extra
632 5040 820 5087 sancta
856 5033 1020 5104 738
1060 5035 1183 5089 loca
1214 5035 1268 5089 id
1303 5035 1455 5102 facit,
1485 5050 1606 5106 quae
1650 5051 1760 5091 non
1811 5036 2019 5106 suppli-

443 5124 553 5189 cia,
587 5123 683 5179 sed
719 5122 951 5178 salutem
983 5126 1353 5195 suppeditant.

2111 2393 2210 2446 καὶ
2240 2392 2499 2456 ἕκαστος
2518 2387 2643 2461 εἶχε
2670 2392 2740 2444 τὰ
2762 2392 2955 2457 σκεύη
2984 2388 3094 2459 τῆς
3121 2385 3576 2454 ἐξο.ιοθρεύσεως
3596 2380 3653 2435 ἐγ

2112 2478 2186 2546 τῇ
2210 2478 2361 2548 χειρὶ
2401 2480 2607 2535 αὑτοῦ.
2641 2473 2769 2531 Εἶτα
2808 2478 3049 2532 διδάσκει
3083 2478 3184 2531 καὶ
3217 2471 3304 2530 οἷα
3329 2475 3395 2528 τά
3448 2472 3613 2541 σκεύη.

2186 2572 2251 2641 β’.
2310 2572 2420 2626 Καὶ
2446 2570 2577 2625 ἰδοὺ
2606 2569 2674 2635 ἐξ
2706 2569 2918 2638 ἄνδρες
2957 2570 3222 2639 ἤρχοντο
3241 2567 3356 2621 ἀπὸ
3379 2565 3481 2632 τῆς
3504 2563 3543 2595 ⁸⁸
3560 2561 3652 2615 πύ-

2112 2668 2229 2733 λης
2266 2662 2377 2733 τῆς
2403 2661 2674 2731 ὑψηλῆς,
2710 2660 2820 2730 τῆς
2844 2662 3213 2727 βλεπούσης
3259 2661 3403 2726 πρός
3431 2653 3647 2723 βορῤἆνι

2113 2755 2212 2808 καὶ
2245 2752 2480 2820 ἑκάστῳ
2510 2751 2703 2817 πέλυξ
2729 2751 2799 2805 ἐν
2824 2750 2900 2819 τῇ
2929 2751 3078 2820 χειρὶ
3103 2749 3315 2805 αὑτοῦ.
3347 2746 3543 2816 Ἐπειδὴ
3563 2744 3654 2814 γὰρ

2114 2845 2223 2899 ἀπὸ
2256 2842 2427 2915 βορρᾶ
2460 2843 2555 2897 καὶ
2602 2842 2665 2896 τὺ
2719 2842 2935 2896 εἴδωλον
2986 2842 3194 2912 ἵδρυτο,
3225 2841 3320 2893 καὶ
3355 2839 3409 2892 αἱ
3435 2839 3649 2906 γυναῖκες

2114 2936 2503 3005 τδνυαμμοίδξ
2556 2934 2842 3005 ἐθρήνουν,
2891 2934 3213 3003 ἀναγκαίως
3267 2932 3465 2987 ἐκεῖθεν
3513 2929 3647 2996 καὶὴ

2116 3027 2356 3097 τιμωρία
2407 3025 2674 3095 λαμϐάνει
2739 3024 2837 3097 τὴν
2889 3026 3120 3080 είσοδον”
3188 3023 3571 3096 ἀναμνησθῆναι
3605 3019 3652 3073 δὲ

2116 3120 2385 3189 προσήκει
2412 3117 2520 3170 τῶν
2569 3118 2680 3171 ἄνω
2735 3118 3061 3188 εἰρημένων,
3094 3119 3176 3171 ὅτι
3209 3118 3269 3171 τὸ
3310 3117 3546 3187 τέταρτον
3567 3111 3651 3179 τῆς

2116 3211 2321 3271 πόλεως
2339 3210 2443 3280 ἔφη
2464 3210 2681 3281 θανάτῳ
2719 3211 3197 3282 παραδοθήσεσθαι
3219 3226 3233 3240 ο
3261 3212 3360 3280 ὅρα
3393 3209 3554 3262 τοίνυν
3571 3205 3650 3267 τὰς

2114 3303 2493 3373 τιμωρητικάς
2522 3301 2781 3372 δυνάμεις
2810 3304 2889 3366 εἰς
2908 3303 3007 3372 τὴν
3036 3302 3379 3374 τεταγμένην
3403 3300 3445 3333 ³⁹
3469 3297 3653 3353 κόλασιν

2115 3395 2403 3464 εὐτρεπεῖς
2426 3411 2437 3425 ’
2475 3394 2653 3447 καίτοι
2711 3393 2820 3447 τῶν
2867 3394 3168 3465 Ἀσσυρίων
3236 3392 3331 3456 τὰς
3361 3390 3542 3450 πολλὰς
3568 3405 3652 3458 μυ·-

2119 3486 2305 3556 ριάδπις
2337 3481 2416 3548 εἷς
2443 3484 2671 3554 ἄγγελος
2706 3486 3087 3555 κατηκόντισε,
3118 3485 3218 3539 καὶ
3252 3484 3357 3538 τῶν
3383 3480 3652 3551 Αἰγυπτίων

2114 3576 2185 3632 τά
2218 3576 2542 3648 πρωτότοκα
2572 3573 2655 3641 εἷς
2684 3578 2895 3631 ἀνελεῖν
2944 3577 3295 3650 προσετάχθη
3320 3591 3333 3607 °
3373 3573 3580 3631 ἐνταῦθα
3605 3571 3651 3625 δὲ

2117 3668 2176 3733 ἓξ
2198 3668 2305 3722 τῶν
2349 3668 2623 3722 Ἰουδαίων
2679 3668 3125 3740 ὲνεχειρίσθησαν
3162 3668 3265 3738 τὴν
3290 3666 3560 3737 τιμωρίαν,
3581 3661 3652 3714 διὰ

2116 3759 2214 3831 τὴν
2246 3760 2342 3829 τῆς
2362 3759 2617 3823 ἀσεϐείας
2651 3759 2977 3831 ὑπερϐολήν.
3016 3778 3032 3811 ι
3065 3759 3174 3812 Καὶ
3206 3758 3362 3829 ἀνὴρ,
3399 3757 3563 3827 φησιν,
3587 3747 3653 3814 εἷς

2117 3854 2177 3907 ὲν
2236 3852 2386 3923 μέσῳ
2437 3852 2619 3906 αὐτῶν
2668 3850 2963 3915 ἐνδεδυκὼς
3010 3852 3229 3923 ποδήρη
3256 3851 3321 3916 ⁸⁸,
3349 3849 3440 3904 καὶ
3464 3847 3590 3916 ζώνη
3614 3844 3648 3876 ⁸⁸

2120 3943 2422 4015 σαπφείρου
2460 3943 2553 3996 ἐπὶ
2579 3941 2681 4013 τῆς
2727 3941 2928 4013 ὀσφύος
2968 3940 3156 3996 αὐτοῦ.
3191 3961 3210 3994 ι
3241 3940 3347 3995 Τοῦ
3377 3938 3578 4008 ἑϐδόμου
3602 3933 3651 3988 τδ

2121 4035 2308 4106 σχῆμα
2333 4033 2605 4106 ἱερατικὸν
2626 4052 2638 4066 ·
2698 4034 2760 4088 οὐ
2785 4033 2893 4109 γὰρ
2924 4028 2993 4105 ἧν
3035 4034 3142 4088 τῶν
3170 4034 3516 4098 κολαζόντων,
3540 4026 3652 4083 ἀλλά

2116 4130 2226 4182 τῶν
2245 4128 2625 4199 λυτρουμένων
2662 4128 2788 4191 τοὺς
2816 4127 3091 4198 σωτηρίας
3125 4127 3308 4192 ἀξίους
3328 4145 3341 4159 ο
3370 4124 3537 4194 ἐπειδὴ
3562 4120 3650 4191 γὰρ

2119 4221 2354 4290 ἑϐδόμην
2381 4219 2426 4252 ⁸³
2452 4219 2668 4291 ἡμέραν
2703 4218 2967 4289 τιμᾶσθαι
2992 4218 3364 4290 διηγόρευσεν,
3381 4213 3651 4284 ἀναγκαίως

2118 4312 2208 4365 τὸν
2235 4308 2461 4380 ἕϐδομον
2486 4310 2839 4379 ἐντιμότατον
2863 4308 3124 4363 δείκνυσι.
3167 4326 3184 4360 ι
3217 4310 3327 4362 Καὶ
3356 4305 3576 4378 εἰσῆλθον
3594 4303 3648 4366 ⁸³,

2050 4435 2093 4490 D
2123 4404 2217 4457 καὶ
2252 4401 2557 4470 ἐστάθησαν
2577 4401 2825 4471 ἐχόμενοι
2855 4400 2950 4454 τοῦ
2993 4401 3377 4472 θυσιαστηρίου
3427 4397 3650 4490 τοῦ-χαλς

2123 4493 2240 4547 κοῦ.
2274 4512 2291 4543 ›
2333 4490 2502 4545 Τοῦτο
2523 4491 2579 4544 δὲ
2616 4491 2673 4543 ὲν
2720 4495 2787 4561 τῇ
2838 4490 2971 4563 αὐλῇ
3001 4491 3183 4563 ἵδρυτο
3207 4491 3311 4561 πρὸ
3341 4490 3441 4544 τῶν
3459 4487 3542 4542 τοῦ
3567 4484 3651 4540 νεὼ

2124 4579 2496 4654 πρόπυλαίων.

2196 4769 2261 4831 γ’.
2291 4762 2396 4815 Καὶ
2428 4760 2463 4826 ἡ
2498 4759 2646 4824 δόξα
2710 4760 2815 4813 τοῦ
2856 4760 3003 4815 Θεοῦ
3055 4760 3300 4829 Ἰσραὴλ
3351 4759 3518 4822 ἀνέϐη
3554 4752 3649 4808 ἀπὸ

2127 4855 2243 4909 τῶν
2278 4850 2587 4921 Χερουϐὶμ,
2613 4852 2652 4918 ἡ
2684 4847 2844 4905 οὖσα
2864 4852 2956 4904 ἐπ’
2988 4852 3203 4915 αὐτῶν,
3231 4855 3318 4918 εἰς
3340 4853 3437 4905 τόν
3458 4849 3650 4915 αιθριστ

2122 4945 2231 5000 τοῦ
2257 4945 2446 5001 οἴκου,
2465 4941 2686 5012 Ἐπειδὴ
2704 4941 2814 5015 γάρ
2846 4942 3029 5015 μέλλει
3060 4944 3155 5016 τὴν
3187 4946 3325 4999 κατά
3353 4945 3447 5014 τῆς
3476 4940 3647 4999 πόλεως

2123 5037 2302 5108 Ψῆφον
2323 5032 2601 5102 ἐκφέρειν,
2632 5031 2735 5095 ἔξω
2762 5033 2871 5085 τῶν
2921 5034 3094 5099 ἁγίων
3120 5034 3298 5089 τόπων
3322 5031 3471 5088 τοῦτο
3502 5026 3647 5082 ποιεῖ’

2127 5122 2399 5194 σωτηρίας
2458 5120 2588 5192 γὰρ,
2642 5120 2762 5173 ἀλλ’
2817 5123 2879 5176 οὐ
2942 5124 3209 5197 τιμωρίας
3298 5124 3479 5179 ἐκεῖνοι
3541 5129 3649 5184 παρ·

2126 5219 2351 5274 εκτικοί.

1728 5381 1962 5436 νΛῐὶΙΑΞ
2003 5379 2404 5437 LECTIONES.

515 5498 561 5531 σε

515 5498 561 5531 ³⁸
593 5497 635 5552 Β
667 5498 978 5568 μετέδοσαν.
1071 5501 1115 5532 ³⁸
1150 5517 1305 5571 κεκρη.
1337 5530 1402 5541 -
1436 5503 1557 5556 αὐτ.
1588 5534 1600 5556 ι

444 5569 491 5602 ⁸⁸
515 5569 638 5637 τῆς.
665 5569 826 5642 Apud
891 5569 1054 5642 LXX,
1104 5586 1300 5642 praem.
1334 5572 1436 5642 τῆς
1458 5573 1600 5627 ὁδοῦ.

667 5498 978 5568 μετέδοσαν.
1071 5501 1115 5532 ³⁸
1150 5517 1305 5571 κεκρη.
1337 5530 1402 5541 -—
1436 5503 1557 5556 αὐτ.
1588 5503 1767 5557 Aliter
1807 5504 1856 5555 oi
1888 5501 2050 5555 LXX.
2142 5500 2189 5531 ³⁸
2217 5501 2275 5554 si

673 5569 826 5624 Apud
891 5569 1054 5624 LXX.
1104 5586 1293 5624 praem.
1334 5572 1436 5624 τῆς
1458 5573 1600 5624 ὁδοῦ.
1702 5570 1747 5603 ³⁸
1804 5571 1845 5624 Β
1888 5570 2275 5624 ποοστεταγιιέ

1888 5587 2396 5641 προστεταγμενην.

2142 5500 2189 5531 ³⁸
2217 5501 2335 5569 τῆς.
2394 5499 2432 5553 Β
2461 5515 2646 5569 praem.
2678 5499 2807 5569 ca't.__
2852 5500 2898 5569 f"
2934 5496 3063 5549 Rec.
3084 5494 3217 5569 _l_erl.
3251 5502 3335 5569 est
3364 5484 3643 5569 ἀνέκρξγεν.

2498 5547 3202 5622 i6"&ebs."'tlebr.aestibus
3250 5558 3439 5614 linteis.
3491 5547 3501 5553 '
3536 5552 3580 5622 ιζ
3600 5547 3640 5607 ξ.

448 5616 637 5712 “se;
659 5616 826 5712 erat
851 5616 1645 5712 esset":statarius};
1676 5616 2569 5712 Τιιεξόοίῗῖἇέτυγᾚαμματέως,
2593 5616 2739 5706 iith
2760 5616 2920 5708 ‘03,;
2961 5616 3345 5704 rastra..."
3383 5640 3470 5697 ρετ
3504 5616 3641 5674 ua.

450 5707 648 5770 μάριον
740 5710 914 5763 "165.
953 5710 992 5763 Β
1049 5725 1240 5782 praem.
1269 5714 1393 5783 τήν.
1472 5707 1517 5747 ⁵³
1547 5712 1682 5769 Rec.
1745 5713 1901 5778 lect.,
1952 5707 2420 5781 είσὴλθοσανκαὶ
2447 5711 2697 5775 ἔστησαν.
