  <div class='ocr_page' id='page_1' title='image "/cluster/home/n/w/nwhite01/storage/ocr_20150623/81/mdp.39015078384339/460.png"; bbox 0 0 3868 6204; ppageno 0'>
   <div class='ocr_carea' id='block_1_1' title="bbox 239 337 325 404">
    <p class='ocr_par' dir='ltr' id='par_1_1' title="bbox 239 337 325 404">
     <span class='ocr_line' id='line_1_1' title="bbox 239 337 325 404; baseline 0 0"><span class='ocrx_word' id='word_1_1' title='bbox 239 337 325 404; x_wconf 83' lang='lat'><strong><em>889</em></strong></span> 
     </span>
    </p>
   </div>
   <div class='ocr_carea' id='block_1_2' title="bbox 1409 339 2279 406">
    <p class='ocr_par' dir='ltr' id='par_1_2' title="bbox 1409 339 2279 406">
     <span class='ocr_line' id='line_1_2' title="bbox 1409 339 2279 406; baseline 0.009 -8"><span class='ocrx_word' id='word_1_2' title='bbox 1409 339 1491 401; x_wconf 90' lang='lat' dir='ltr'><strong>IN</strong></span> <span class='ocrx_word' id='word_1_3' title='bbox 1515 340 1961 403; x_wconf 88' lang='lat' dir='ltr'><strong><em>EZECHIELIS</em></strong></span> <span class='ocrx_word' id='word_1_4' title='bbox 1992 343 2150 405; x_wconf 86' lang='lat' dir='ltr'><strong><em>CAP.</em></strong></span> <span class='ocrx_word' id='word_1_5' title='bbox 2178 344 2279 406; x_wconf 82' lang='lat' dir='ltr'><strong><em>IX.</em></strong></span> 
     </span>
    </p>
   </div>
   <div class='ocr_carea' id='block_1_3' title="bbox 3335 342 3440 405">
    <p class='ocr_par' dir='ltr' id='par_1_3' title="bbox 3335 342 3440 405">
     <span class='ocr_line' id='line_1_3' title="bbox 3335 342 3440 405; baseline 0 0"><span class='ocrx_word' id='word_1_6' title='bbox 3335 342 3440 405; x_wconf 73' lang='lat'><strong><em>890</em></strong></span> 
     </span>
    </p>
   </div>
   <div class='ocr_carea' id='block_1_4' title="bbox 295 426 1767 522">
    <p class='ocr_par' dir='ltr' id='par_1_4' title="bbox 295 426 1767 522">
     <span class='ocr_line' id='line_1_4' title="bbox 295 426 1767 522; baseline 0.003 -20"><span class='ocrx_word' id='word_1_7' title='bbox 295 446 386 503; x_wconf 77' lang='lat' dir='ltr'><strong><em>Kal</em></strong></span> <span class='ocrx_word' id='word_1_8' title='bbox 438 444 685 501; x_wconf 70' lang='grc' dir='ltr'>ἐκάλεσε</span> <span class='ocrx_word' id='word_1_9' title='bbox 736 444 843 499; x_wconf 78' lang='grc' dir='ltr'><strong><em>τὸν</em></strong></span> <span class='ocrx_word' id='word_1_10' title='bbox 898 444 1088 515; x_wconf 76' lang='grc' dir='ltr'>ἄνδρα</span> <span class='ocrx_word' id='word_1_11' title='bbox 1135 446 1242 503; x_wconf 77' lang='grc' dir='ltr'>τόν</span> <span class='ocrx_word' id='word_1_12' title='bbox 1285 426 1690 522; x_wconf 73' lang='grc' dir='ltr'>ἐνδεδυμένον</span> <span class='ocrx_word' id='word_1_13' title='bbox 1729 452 1767 485; x_wconf 67' lang='grc'><strong><em>⁸⁸</em></strong></span> 
     </span>
    </p>
   </div>
   <div class='ocr_carea' id='block_1_5' title="bbox 1874 426 3441 522">
    <p class='ocr_par' dir='ltr' id='par_1_5' title="bbox 1947 450 3441 521">
     <span class='ocr_line' id='line_1_5' title="bbox 1947 450 3441 521; baseline -0.001 -14"><span class='ocrx_word' id='word_1_14' title='bbox 1947 455 2016 507; x_wconf 86' lang='lat' dir='ltr'><strong><em>Et</em></strong></span> <span class='ocrx_word' id='word_1_15' title='bbox 2043 456 2245 509; x_wconf 76' lang='lat' dir='ltr'><strong><em>vocarit</em></strong></span> <span class='ocrx_word' id='word_1_16' title='bbox 2271 455 2440 509; x_wconf 78' lang='lat' dir='ltr'><strong><em>uirum</em></strong></span> <span class='ocrx_word' id='word_1_17' title='bbox 2484 453 2650 509; x_wconf 82' lang='lat' dir='ltr'><strong><em>talari</em></strong></span> <span class='ocrx_word' id='word_1_18' title='bbox 2683 462 2823 509; x_wconf 81' lang='lat' dir='ltr'><strong><em>veste</em></strong></span> <span class='ocrx_word' id='word_1_19' title='bbox 2860 451 3130 516; x_wconf 82' lang='lat' dir='ltr'><strong><em>indutum,</em></strong></span> <span class='ocrx_word' id='word_1_20' title='bbox 3161 450 3251 521; x_wconf 86' lang='lat' dir='ltr'><strong><em>qui</em></strong></span> <span class='ocrx_word' id='word_1_21' title='bbox 3279 451 3441 506; x_wconf 72' lang='lat' dir='ltr'><strong><em>liabe-</em></strong></span> 
     </span>
    </p>
   </div>
   <div class='ocr_carea' id='block_1_6' title="bbox 234 533 1772 611">
    <p class='ocr_par' dir='ltr' id='par_1_6' title="bbox 234 533 1772 611">
     <span class='ocr_line' id='line_1_6' title="bbox 234 533 1772 611; baseline 0.002 -17"><span class='ocrx_word' id='word_1_22' title='bbox 234 541 328 594; x_wconf 77' lang='grc' dir='ltr'>τὸν</span> <span class='ocrx_word' id='word_1_23' title='bbox 351 536 586 606; x_wconf 75' lang='grc' dir='ltr'>ποδήρη,</span> <span class='ocrx_word' id='word_1_24' title='bbox 608 536 676 603; x_wconf 80' lang='grc' dir='ltr'>ὃς</span> <span class='ocrx_word' id='word_1_25' title='bbox 702 533 866 606; x_wconf 77' lang='grc' dir='ltr'>εἶχεν</span> <span class='ocrx_word' id='word_1_26' title='bbox 891 538 990 592; x_wconf 75' lang='grc' dir='ltr'><strong><em>ἐπὶ</em></strong></span> <span class='ocrx_word' id='word_1_27' title='bbox 1024 538 1132 608; x_wconf 80' lang='grc' dir='ltr'>τῆς</span> <span class='ocrx_word' id='word_1_28' title='bbox 1173 540 1405 609; x_wconf 75' lang='grc' dir='ltr'>ὀσφύος</span> <span class='ocrx_word' id='word_1_29' title='bbox 1431 544 1619 599; x_wconf 84' lang='grc' dir='ltr'>αὐτοῦ</span> <span class='ocrx_word' id='word_1_30' title='bbox 1656 543 1772 611; x_wconf 77' lang='grc' dir='ltr'><strong><em>τὴν</em></strong></span> 
     </span>
    </p>
   </div>
   <div class='ocr_carea' id='block_1_7' title="bbox 236 625 1770 701">
    <p class='ocr_par' dir='ltr' id='par_1_7' title="bbox 236 625 1770 701">
     <span class='ocr_line' id='line_1_7' title="bbox 236 625 1770 701; baseline 0.006 -21"><span class='ocrx_word' id='word_1_31' title='bbox 236 629 415 696; x_wconf 71' lang='grc' dir='ltr'>ζώνην.</span> <span class='ocrx_word' id='word_1_32' title='bbox 444 629 547 699; x_wconf 86' lang='grc' dir='ltr'><strong>(δ’.)</strong></span> <span class='ocrx_word' id='word_1_33' title='bbox 573 629 684 682; x_wconf 81' lang='lat' dir='ltr'><strong><em>Kal</em></strong></span> <span class='ocrx_word' id='word_1_34' title='bbox 714 625 846 684; x_wconf 79' lang='grc' dir='ltr'>εἷπε</span> <span class='ocrx_word' id='word_1_35' title='bbox 874 630 1088 698; x_wconf 82' lang='grc' dir='ltr'>Κύριος</span> <span class='ocrx_word' id='word_1_36' title='bbox 1137 632 1287 701; x_wconf 81' lang='grc' dir='ltr'>πρὸς</span> <span class='ocrx_word' id='word_1_37' title='bbox 1313 635 1499 688; x_wconf 81' lang='grc' dir='ltr'>αὐτόν</span> <span class='ocrx_word' id='word_1_38' title='bbox 1518 650 1534 667; x_wconf 79' lang='grc' dir='ltr'><strong>ο</strong></span> <span class='ocrx_word' id='word_1_39' title='bbox 1564 636 1770 689; x_wconf 76' lang='grc' dir='ltr'>Δίελθε</span> 
     </span>
    </p>
   </div>
   <div class='ocr_carea' id='block_1_8' title="bbox 230 717 1767 792">
    <p class='ocr_par' dir='ltr' id='par_1_8' title="bbox 230 717 1767 792">
     <span class='ocr_line' id='line_1_8' title="bbox 230 717 1767 792; baseline 0.002 -17"><span class='ocrx_word' id='word_1_40' title='bbox 230 720 404 790; x_wconf 77' lang='grc' dir='ltr'>μέσην</span> <span class='ocrx_word' id='word_1_41' title='bbox 436 717 547 786; x_wconf 79' lang='grc' dir='ltr'>τὴν</span> <span class='ocrx_word' id='word_1_42' title='bbox 585 719 788 786; x_wconf 73' lang='grc' dir='ltr'>πόλιν,</span> <span class='ocrx_word' id='word_1_43' title='bbox 843 720 1045 790; x_wconf 84' lang='grc' dir='ltr'><strong><em>μέσην</em></strong></span> <span class='ocrx_word' id='word_1_44' title='bbox 1072 720 1186 789; x_wconf 82' lang='grc' dir='ltr'>τὴν</span> <span class='ocrx_word' id='word_1_45' title='bbox 1219 721 1636 792; x_wconf 77' lang='grc' dir='ltr'>Ἰερουσαλὴμ,</span> <span class='ocrx_word' id='word_1_46' title='bbox 1666 725 1767 779; x_wconf 80' lang='grc' dir='ltr'>καὶ</span> 
     </span>
    </p>
   </div>
   <div class='ocr_carea' id='block_1_9' title="bbox 233 810 1771 881">
    <p class='ocr_par' dir='ltr' id='par_1_9' title="bbox 233 810 1771 881">
     <span class='ocr_line' id='line_1_9' title="bbox 233 810 1771 881; baseline 0 -14"><span class='ocrx_word' id='word_1_47' title='bbox 233 812 321 879; x_wconf 81' lang='grc' dir='ltr'>δὸς</span> <span class='ocrx_word' id='word_1_48' title='bbox 346 811 404 865; x_wconf 78' lang='grc' dir='ltr'>τὸ</span> <span class='ocrx_word' id='word_1_49' title='bbox 424 810 672 880; x_wconf 76' lang='grc' dir='ltr'>σημεῖον</span> <span class='ocrx_word' id='word_1_50' title='bbox 706 810 804 864; x_wconf 75' lang='grc' dir='ltr'><strong><em>ἐπὶ</em></strong></span> <span class='ocrx_word' id='word_1_51' title='bbox 830 811 904 865; x_wconf 76' lang='grc' dir='ltr'>τὰ</span> <span class='ocrx_word' id='word_1_52' title='bbox 928 812 1174 881; x_wconf 75' lang='grc' dir='ltr'>μέτωπα</span> <span class='ocrx_word' id='word_1_53' title='bbox 1213 811 1334 866; x_wconf 78' lang='grc' dir='ltr'>τῶν</span> <span class='ocrx_word' id='word_1_54' title='bbox 1363 811 1604 881; x_wconf 74' lang='grc' dir='ltr'>ἀνδρῶν</span> <span class='ocrx_word' id='word_1_55' title='bbox 1649 812 1771 867; x_wconf 79' lang='grc' dir='ltr'>τῶν</span> 
     </span>
    </p>
   </div>
   <div class='ocr_carea' id='block_1_10' title="bbox 233 901 1767 972">
    <p class='ocr_par' dir='ltr' id='par_1_10' title="bbox 233 901 1767 972">
     <span class='ocr_line' id='line_1_10' title="bbox 233 901 1767 972; baseline 0.001 -14"><span class='ocrx_word' id='word_1_56' title='bbox 233 902 772 968; x_wconf 75' lang='grc' dir='ltr'>καταστεναζόντων,</span> <span class='ocrx_word' id='word_1_57' title='bbox 827 902 928 956; x_wconf 76' lang='grc' dir='ltr'>καὶ</span> <span class='ocrx_word' id='word_1_58' title='bbox 977 901 1098 957; x_wconf 80' lang='grc' dir='ltr'>τῶν</span> <span class='ocrx_word' id='word_1_59' title='bbox 1124 902 1626 972; x_wconf 79' lang='grc' dir='ltr'>κατοδυνωμένων</span> <span class='ocrx_word' id='word_1_60' title='bbox 1667 905 1767 959; x_wconf 76' lang='grc' dir='ltr'><strong><em>ἐπὶ</em></strong></span> 
     </span>
    </p>
   </div>
   <div class='ocr_carea' id='block_1_11' title="bbox 231 991 1769 1063">
    <p class='ocr_par' dir='ltr' id='par_1_11' title="bbox 231 991 1769 1063">
     <span class='ocr_line' id='line_1_11' title="bbox 231 991 1769 1063; baseline 0.001 -16"><span class='ocrx_word' id='word_1_61' title='bbox 231 992 423 1057; x_wconf 69' lang='grc' dir='ltr'>πείσαις</span> <span class='ocrx_word' id='word_1_62' title='bbox 448 991 575 1058; x_wconf 84' lang='grc' dir='ltr'>ταῖς</span> <span class='ocrx_word' id='word_1_63' title='bbox 600 993 876 1062; x_wconf 79' lang='grc' dir='ltr'>ἀνομίαις</span> <span class='ocrx_word' id='word_1_64' title='bbox 928 993 1264 1063; x_wconf 77' lang='grc' dir='ltr'><strong><em>γινομέναις</em></strong></span> <span class='ocrx_word' id='word_1_65' title='bbox 1291 993 1338 1026; x_wconf 70' lang='grc'><strong><em>⁸⁸</em></strong></span> <span class='ocrx_word' id='word_1_66' title='bbox 1357 993 1429 1047; x_wconf 75' lang='grc' dir='ltr'>ἐν</span> <span class='ocrx_word' id='word_1_67' title='bbox 1470 993 1639 1063; x_wconf 83' lang='grc' dir='ltr'><strong><em>μέσῳ</em></strong></span> <span class='ocrx_word' id='word_1_68' title='bbox 1662 995 1769 1049; x_wconf 83' lang='grc' dir='ltr'><strong><em>αὐ-</em></strong></span> 
     </span>
    </p>
   </div>
   <div class='ocr_carea' id='block_1_12' title="bbox 230 1082 1769 1157">
    <p class='ocr_par' dir='ltr' id='par_1_12' title="bbox 230 1082 1769 1157">
     <span class='ocr_line' id='line_1_12' title="bbox 230 1082 1769 1157; baseline 0 -17"><span class='ocrx_word' id='word_1_69' title='bbox 230 1083 345 1140; x_wconf 79' lang='grc' dir='ltr'>τῶν.</span> <span class='ocrx_word' id='word_1_70' title='bbox 376 1083 598 1152; x_wconf 78' lang='grc' dir='ltr'>Ἀγαθὸν</span> <span class='ocrx_word' id='word_1_71' title='bbox 620 1082 842 1156; x_wconf 77' lang='grc' dir='ltr'>μὲνγὰρ</span> <span class='ocrx_word' id='word_1_72' title='bbox 868 1084 929 1137; x_wconf 84' lang='grc' dir='ltr'>τὸ</span> <span class='ocrx_word' id='word_1_73' title='bbox 949 1086 1235 1156; x_wconf 72' lang='grc' dir='ltr'>παραινεῖν</span> <span class='ocrx_word' id='word_1_74' title='bbox 1261 1086 1355 1140; x_wconf 70' lang='grc' dir='ltr'>καὶ.</span> <span class='ocrx_word' id='word_1_75' title='bbox 1378 1084 1769 1157; x_wconf 77' lang='grc' dir='ltr'>συμϐουλεύειν</span> 
     </span>
    </p>
   </div>
   <div class='ocr_carea' id='block_1_13' title="bbox 228 1175 1767 1249">
    <p class='ocr_par' dir='ltr' id='par_1_13' title="bbox 228 1175 1767 1249">
     <span class='ocr_line' id='line_1_13' title="bbox 228 1175 1767 1249; baseline 0.002 -20"><span class='ocrx_word' id='word_1_76' title='bbox 228 1179 322 1239; x_wconf 76' lang='grc' dir='ltr'>τοῖς</span> <span class='ocrx_word' id='word_1_77' title='bbox 346 1175 771 1247; x_wconf 63' lang='grc' dir='ltr'><strong><em>ἁμαρτάνουσιν</em></strong></span> <span class='ocrx_word' id='word_1_78' title='bbox 800 1177 926 1230; x_wconf 74' lang='grc' dir='ltr'>ὅταν</span> <span class='ocrx_word' id='word_1_79' title='bbox 958 1177 1016 1231; x_wconf 84' lang='grc' dir='ltr'>δὲ</span> <span class='ocrx_word' id='word_1_80' title='bbox 1048 1178 1389 1247; x_wconf 79' lang='grc' dir='ltr'>ἀντιλέγωσι,</span> <span class='ocrx_word' id='word_1_81' title='bbox 1415 1179 1509 1232; x_wconf 75' lang='grc' dir='ltr'><strong><em>καὶ</em></strong></span> <span class='ocrx_word' id='word_1_82' title='bbox 1542 1178 1617 1249; x_wconf 80' lang='grc' dir='ltr'>μὴ</span> <span class='ocrx_word' id='word_1_83' title='bbox 1646 1177 1767 1231; x_wconf 79' lang='grc' dir='ltr'>πεί-</span> 
     </span>
    </p>
   </div>
   <div class='ocr_carea' id='block_1_14' title="bbox 229 1269 1766 1342">
    <p class='ocr_par' dir='ltr' id='par_1_14' title="bbox 229 1269 1766 1342">
     <span class='ocr_line' id='line_1_14' title="bbox 229 1269 1766 1342; baseline 0.001 -19"><span class='ocrx_word' id='word_1_84' title='bbox 229 1269 418 1333; x_wconf 81' lang='grc' dir='ltr'>θωνται,</span> <span class='ocrx_word' id='word_1_85' title='bbox 441 1269 736 1337; x_wconf 82' lang='grc' dir='ltr'>ἀναγκαῖος</span> <span class='ocrx_word' id='word_1_86' title='bbox 754 1272 784 1324; x_wconf 82' lang='grc' dir='ltr'><strong>ὁ</strong></span> <span class='ocrx_word' id='word_1_87' title='bbox 810 1269 1006 1341; x_wconf 81' lang='grc' dir='ltr'>θρῆνος</span> <span class='ocrx_word' id='word_1_88' title='bbox 1046 1270 1143 1324; x_wconf 77' lang='grc' dir='ltr'>καὶ</span> <span class='ocrx_word' id='word_1_89' title='bbox 1186 1271 1475 1342; x_wconf 82' lang='grc' dir='ltr'>χρήσιμος.</span> <span class='ocrx_word' id='word_1_90' title='bbox 1500 1269 1591 1324; x_wconf 88' lang='grc' dir='ltr'><strong>Διό</strong></span> <span class='ocrx_word' id='word_1_91' title='bbox 1618 1270 1712 1324; x_wconf 75' lang='grc' dir='ltr'>καὶ</span> <span class='ocrx_word' id='word_1_92' title='bbox 1737 1273 1766 1324; x_wconf 84' lang='grc' dir='ltr'><strong><em>δ</em></strong></span> 
     </span>
    </p>
   </div>
   <div class='ocr_carea' id='block_1_15' title="bbox 231 1359 1764 1430">
    <p class='ocr_par' dir='ltr' id='par_1_15' title="bbox 231 1359 1764 1430">
     <span class='ocr_line' id='line_1_15' title="bbox 231 1359 1764 1430; baseline 0.003 -18"><span class='ocrx_word' id='word_1_93' title='bbox 231 1360 464 1430; x_wconf 77' lang='grc' dir='ltr'>μακάριος</span> <span class='ocrx_word' id='word_1_94' title='bbox 511 1360 669 1429; x_wconf 73' lang='grc' dir='ltr'>ἔλεγε</span> <span class='ocrx_word' id='word_1_95' title='bbox 721 1359 952 1424; x_wconf 82' lang='grc' dir='ltr'><strong><em>Παῦλος·</em></strong></span> <span class='ocrx_word' id='word_1_96' title='bbox 985 1378 1005 1414; x_wconf 83' lang='grc' dir='ltr'><strong><em>ι</em></strong></span> <span class='ocrx_word' id='word_1_97' title='bbox 1044 1361 1140 1425; x_wconf 89' lang='grc' dir='ltr'>Τίς</span> <span class='ocrx_word' id='word_1_98' title='bbox 1209 1361 1457 1427; x_wconf 79' lang='grc' dir='ltr'>ἀσθενεῖ,</span> <span class='ocrx_word' id='word_1_99' title='bbox 1506 1362 1599 1415; x_wconf 76' lang='grc' dir='ltr'>καὶ</span> <span class='ocrx_word' id='word_1_100' title='bbox 1664 1362 1764 1416; x_wconf 73' lang='grc' dir='ltr'>οὐκ</span> 
     </span>
    </p>
   </div>
   <div class='ocr_carea' id='block_1_16' title="bbox 225 1451 1757 1525">
    <p class='ocr_par' dir='ltr' id='par_1_16' title="bbox 225 1451 1757 1525">
     <span class='ocr_line' id='line_1_16' title="bbox 225 1451 1757 1525; baseline -0.001 -18"><span class='ocrx_word' id='word_1_101' title='bbox 225 1452 431 1517; x_wconf 67' lang='lat' dir='ltr'><strong><em>dolitvri);</em></strong></span> <span class='ocrx_word' id='word_1_102' title='bbox 459 1451 546 1518; x_wconf 88' lang='grc' dir='ltr'><strong><em>τίς</em></strong></span> <span class='ocrx_word' id='word_1_103' title='bbox 572 1452 1002 1517; x_wconf 76' lang='grc' dir='ltr'><strong><em>σκανδαλίζεται,</em></strong></span> <span class='ocrx_word' id='word_1_104' title='bbox 1031 1453 1127 1506; x_wconf 79' lang='grc' dir='ltr'>καὶ</span> <span class='ocrx_word' id='word_1_105' title='bbox 1150 1452 1251 1506; x_wconf 82' lang='grc' dir='ltr'>οὑκ</span> <span class='ocrx_word' id='word_1_106' title='bbox 1267 1455 1379 1522; x_wconf 76' lang='grc' dir='ltr'><strong><em>ἐγὼ</em></strong></span> <span class='ocrx_word' id='word_1_107' title='bbox 1397 1452 1680 1525; x_wconf 80' lang='grc' dir='ltr'>πυροῦμαι</span> <span class='ocrx_word' id='word_1_108' title='bbox 1701 1470 1716 1515; x_wconf 86' lang='lat'><strong><em>;</em></strong></span> <span class='ocrx_word' id='word_1_109' title='bbox 1738 1472 1757 1506; x_wconf 80' lang='grc' dir='ltr'><strong><em>ι</em></strong></span> 
     </span>
    </p>
   </div>
   <div class='ocr_carea' id='block_1_17' title="bbox 224 1542 1763 1616">
    <p class='ocr_par' dir='ltr' id='par_1_17' title="bbox 224 1542 1763 1616">
     <span class='ocr_line' id='line_1_17' title="bbox 224 1542 1763 1616; baseline 0.001 -20"><span class='ocrx_word' id='word_1_110' title='bbox 224 1542 314 1596; x_wconf 76' lang='grc' dir='ltr'><strong><em>Καὶ</em></strong></span> <span class='ocrx_word' id='word_1_111' title='bbox 331 1542 497 1598; x_wconf 68' lang='grc' dir='ltr'>πάλιν*</span> <span class='ocrx_word' id='word_1_112' title='bbox 535 1561 556 1596; x_wconf 81' lang='grc' dir='ltr'><strong><em>ι</em></strong></span> <span class='ocrx_word' id='word_1_113' title='bbox 600 1544 815 1615; x_wconf 82' lang='grc' dir='ltr'>Μήπως</span> <span class='ocrx_word' id='word_1_114' title='bbox 846 1543 895 1576; x_wconf 75' lang='grc'><strong><em>’⁵⁸</em></strong></span> <span class='ocrx_word' id='word_1_115' title='bbox 925 1543 1147 1598; x_wconf 73' lang='grc' dir='ltr'>ἐλθόντα</span> <span class='ocrx_word' id='word_1_116' title='bbox 1177 1560 1244 1616; x_wconf 84' lang='grc' dir='ltr'><strong><em>με</em></strong></span> <span class='ocrx_word' id='word_1_117' title='bbox 1271 1544 1408 1614; x_wconf 84' lang='grc' dir='ltr'>πρὸς</span> <span class='ocrx_word' id='word_1_118' title='bbox 1431 1544 1577 1615; x_wconf 81' lang='grc' dir='ltr'>ὑμᾶς</span> <span class='ocrx_word' id='word_1_119' title='bbox 1590 1544 1633 1576; x_wconf 71' lang='grc'>⁸⁷</span> <span class='ocrx_word' id='word_1_120' title='bbox 1664 1561 1763 1597; x_wconf 82' lang='grc' dir='ltr'>τα-</span> 
     </span>
    </p>
   </div>
   <div class='ocr_carea' id='block_1_18' title="bbox 223 1633 1763 1707">
    <p class='ocr_par' dir='ltr' id='par_1_18' title="bbox 223 1633 1763 1707">
     <span class='ocr_line' id='line_1_18' title="bbox 223 1633 1763 1707; baseline -0.001 -18"><span class='ocrx_word' id='word_1_121' title='bbox 223 1633 428 1707; x_wconf 74' lang='grc' dir='ltr'>πεινώσῃ</span> <span class='ocrx_word' id='word_1_122' title='bbox 480 1635 510 1689; x_wconf 83' lang='grc' dir='ltr'>ὁ</span> <span class='ocrx_word' id='word_1_123' title='bbox 572 1633 705 1699; x_wconf 83' lang='grc' dir='ltr'>Θεός</span> <span class='ocrx_word' id='word_1_124' title='bbox 754 1651 879 1706; x_wconf 85' lang='grc' dir='ltr'>μου,</span> <span class='ocrx_word' id='word_1_125' title='bbox 934 1636 1031 1690; x_wconf 72' lang='grc' dir='ltr'>καὶ</span> <span class='ocrx_word' id='word_1_126' title='bbox 1084 1634 1344 1706; x_wconf 77' lang='grc' dir='ltr'>πενθήσω</span> <span class='ocrx_word' id='word_1_127' title='bbox 1382 1634 1612 1698; x_wconf 79' lang='grc' dir='ltr'>πολλοὺς</span> <span class='ocrx_word' id='word_1_128' title='bbox 1652 1633 1763 1688; x_wconf 86' lang='grc' dir='ltr'><strong><em>τῶν</em></strong></span> 
     </span>
    </p>
   </div>
   <div class='ocr_carea' id='block_1_19' title="bbox 223 1725 1760 1798">
    <p class='ocr_par' dir='ltr' id='par_1_19' title="bbox 223 1725 1760 1798">
     <span class='ocr_line' id='line_1_19' title="bbox 223 1725 1760 1798; baseline 0.001 -19"><span class='ocrx_word' id='word_1_129' title='bbox 223 1725 694 1798; x_wconf 79' lang='grc' dir='ltr'><strong><em>προημαρτηκότων</em></strong></span> <span class='ocrx_word' id='word_1_130' title='bbox 744 1726 840 1781; x_wconf 63' lang='grc' dir='ltr'><strong><em>καλ⁵</em></strong></span> <span class='ocrx_word' id='word_1_131' title='bbox 892 1726 967 1798; x_wconf 79' lang='grc' dir='ltr'>μὴ</span> <span class='ocrx_word' id='word_1_132' title='bbox 1010 1726 1482 1798; x_wconf 78' lang='grc' dir='ltr'>μετανοησάντων.</span> <span class='ocrx_word' id='word_1_133' title='bbox 1533 1745 1554 1779; x_wconf 71' lang='grc' dir='ltr'><strong><em>ι</em></strong></span> <span class='ocrx_word' id='word_1_134' title='bbox 1586 1728 1760 1781; x_wconf 82' lang='grc' dir='ltr'>Εὐσε-</span> 
     </span>
    </p>
   </div>
   <div class='ocr_carea' id='block_1_20' title="bbox 1873 540 3443 617">
    <p class='ocr_par' dir='ltr' id='par_1_20' title="bbox 1873 540 3443 617">
     <span class='ocr_line' id='line_1_20' title="bbox 1873 540 3443 617; baseline -0.003 -17"><span class='ocrx_word' id='word_1_135' title='bbox 1873 546 1962 601; x_wconf 87' lang='lat' dir='ltr'><strong><em>bat</em></strong></span> <span class='ocrx_word' id='word_1_136' title='bbox 2012 562 2166 616; x_wconf 90' lang='lat' dir='ltr'><strong><em>super</em></strong></span> <span class='ocrx_word' id='word_1_137' title='bbox 2208 547 2398 602; x_wconf 85' lang='lat' dir='ltr'><strong><em>lumbis</em></strong></span> <span class='ocrx_word' id='word_1_138' title='bbox 2456 549 2567 601; x_wconf 89' lang='lat' dir='ltr'><strong><em>suis</em></strong></span> <span class='ocrx_word' id='word_1_139' title='bbox 2592 562 2805 601; x_wconf 81' lang='lat' dir='ltr'><strong><em>zonam.</em></strong></span> <span class='ocrx_word' id='word_1_140' title='bbox 2834 544 3027 617; x_wconf 75' lang='lat' dir='ltr'><strong><em>(Vsus.</em></strong></span> <span class='ocrx_word' id='word_1_141' title='bbox 3070 542 3152 613; x_wconf 76' lang='grc'><strong><em>4.)</em></strong></span> <span class='ocrx_word' id='word_1_142' title='bbox 3184 540 3255 595; x_wconf 83' lang='grc' dir='ltr'>Ει</span> <span class='ocrx_word' id='word_1_143' title='bbox 3303 541 3443 595; x_wconf 72' lang='lat' dir='ltr'><strong><em>dixit</em></strong></span> 
     </span>
    </p>
   </div>
   <div class='ocr_carea' id='block_1_21' title="bbox 1872 636 3442 708">
    <p class='ocr_par' dir='ltr' id='par_1_21' title="bbox 1872 636 3442 708">
     <span class='ocr_line' id='line_1_21' title="bbox 1872 636 3442 708; baseline -0.004 -15"><span class='ocrx_word' id='word_1_144' title='bbox 1872 639 2132 693; x_wconf 76' lang='lat' dir='ltr'><strong><em>Dominus</em></strong></span> <span class='ocrx_word' id='word_1_145' title='bbox 2165 639 2234 692; x_wconf 85' lang='lat' dir='ltr'><strong><em>ad</em></strong></span> <span class='ocrx_word' id='word_1_146' title='bbox 2261 655 2414 693; x_wconf 87' lang='lat' dir='ltr'><strong><em>eum:</em></strong></span> <span class='ocrx_word' id='word_1_147' title='bbox 2435 638 2628 693; x_wconf 78' lang='lat' dir='ltr'><strong><em>Transi</em></strong></span> <span class='ocrx_word' id='word_1_148' title='bbox 2656 654 2750 708; x_wconf 87' lang='lat' dir='ltr'><strong><em>per</em></strong></span> <span class='ocrx_word' id='word_1_149' title='bbox 2778 637 3008 692; x_wconf 86' lang='lat' dir='ltr'><strong><em>mediam</em></strong></span> <span class='ocrx_word' id='word_1_150' title='bbox 3036 636 3321 699; x_wconf 81' lang='lat' dir='ltr'><strong><em>ciuitatem,</em></strong></span> <span class='ocrx_word' id='word_1_151' title='bbox 3347 648 3442 704; x_wconf 87' lang='lat' dir='ltr'><strong><em>per</em></strong></span> 
     </span>
    </p>
   </div>
   <div class='ocr_carea' id='block_1_22' title="bbox 1869 726 3440 799">
    <p class='ocr_par' dir='ltr' id='par_1_22' title="bbox 1869 726 3440 799">
     <span class='ocr_line' id='line_1_22' title="bbox 1869 726 3440 799; baseline -0.003 -14"><span class='ocrx_word' id='word_1_152' title='bbox 1869 731 2098 785; x_wconf 83' lang='lat' dir='ltr'><strong><em>mediam</em></strong></span> <span class='ocrx_word' id='word_1_153' title='bbox 2135 730 2582 799; x_wconf 71' lang='lat' dir='ltr'><strong><em>Hierosolymam,</em></strong></span> <span class='ocrx_word' id='word_1_154' title='bbox 2617 740 2666 785; x_wconf 89' lang='lat' dir='ltr'><strong><em>et</em></strong></span> <span class='ocrx_word' id='word_1_155' title='bbox 2703 730 2776 784; x_wconf 86' lang='lat' dir='ltr'><strong><em>da</em></strong></span> <span class='ocrx_word' id='word_1_156' title='bbox 2809 730 3018 799; x_wconf 87' lang='lat' dir='ltr'><strong><em>signum</em></strong></span> <span class='ocrx_word' id='word_1_157' title='bbox 3045 742 3201 796; x_wconf 84' lang='lat' dir='ltr'><strong><em>super</em></strong></span> <span class='ocrx_word' id='word_1_158' title='bbox 3239 726 3440 795; x_wconf 78' lang='lat' dir='ltr'><strong><em>frontes</em></strong></span> 
     </span>
    </p>
   </div>
   <div class='ocr_carea' id='block_1_23' title="bbox 1869 817 3440 890">
    <p class='ocr_par' dir='ltr' id='par_1_23' title="bbox 1869 817 3440 890">
     <span class='ocr_line' id='line_1_23' title="bbox 1869 817 3440 890; baseline -0.003 -15"><span class='ocrx_word' id='word_1_159' title='bbox 1869 822 2101 875; x_wconf 83' lang='lat' dir='ltr'><strong><em>uirorum</em></strong></span> <span class='ocrx_word' id='word_1_160' title='bbox 2156 822 2467 890; x_wconf 74' lang='lat' dir='ltr'><strong><em>gementium</em></strong></span> <span class='ocrx_word' id='word_1_161' title='bbox 2525 829 2575 875; x_wconf 91' lang='lat' dir='ltr'><strong><em>et</em></strong></span> <span class='ocrx_word' id='word_1_162' title='bbox 2627 820 2919 876; x_wconf 82' lang='lat' dir='ltr'><strong><em>dolentium</em></strong></span> <span class='ocrx_word' id='word_1_163' title='bbox 2994 834 3150 888; x_wconf 81' lang='lat' dir='ltr'><strong><em>super</em></strong></span> <span class='ocrx_word' id='word_1_164' title='bbox 3196 817 3440 872; x_wconf 86' lang='lat' dir='ltr'><strong><em>omnibus</em></strong></span> 
     </span>
    </p>
   </div>
   <div class='ocr_carea' id='block_1_24' title="bbox 1867 905 3441 979">
    <p class='ocr_par' dir='ltr' id='par_1_24' title="bbox 1867 905 3441 979">
     <span class='ocr_line' id='line_1_24' title="bbox 1867 905 3441 979; baseline -0.002 -16"><span class='ocrx_word' id='word_1_165' title='bbox 1867 909 2236 979; x_wconf 73' lang='lat' dir='ltr'><strong><em>iniquitatibus</em></strong></span> <span class='ocrx_word' id='word_1_166' title='bbox 2262 924 2379 979; x_wconf 72' lang='lat' dir='ltr'><strong><em>qua:</em></strong></span> <span class='ocrx_word' id='word_1_167' title='bbox 2432 910 2569 979; x_wconf 79' lang='lat' dir='ltr'><strong><em>ﬁunt</em></strong></span> <span class='ocrx_word' id='word_1_168' title='bbox 2620 911 2676 963; x_wconf 90' lang='lat' dir='ltr'><strong><em>in</em></strong></span> <span class='ocrx_word' id='word_1_169' title='bbox 2722 908 2892 964; x_wconf 80' lang='lat' dir='ltr'><strong><em>medio</em></strong></span> <span class='ocrx_word' id='word_1_170' title='bbox 2937 924 3138 964; x_wconf 87' lang='lat' dir='ltr'><strong><em>eorum.</em></strong></span> <span class='ocrx_word' id='word_1_171' title='bbox 3183 905 3441 961; x_wconf 74' lang='lat' dir='ltr'><strong><em>Profecto</em></strong></span> 
     </span>
    </p>
   </div>
   <div class='ocr_carea' id='block_1_25' title="bbox 1867 999 3439 1070">
    <p class='ocr_par' dir='ltr' id='par_1_25' title="bbox 1867 999 3439 1070">
     <span class='ocr_line' id='line_1_25' title="bbox 1867 999 3439 1070; baseline -0.003 -15"><span class='ocrx_word' id='word_1_172' title='bbox 1867 999 2013 1055; x_wconf 86' lang='lat' dir='ltr'><strong><em>enim</em></strong></span> <span class='ocrx_word' id='word_1_173' title='bbox 2065 1000 2423 1070; x_wconf 75' lang='lat' dir='ltr'><strong><em>peccantibus</em></strong></span> <span class='ocrx_word' id='word_1_174' title='bbox 2461 999 2733 1055; x_wconf 80' lang='lat' dir='ltr'><strong><em>conducit.</em></strong></span> <span class='ocrx_word' id='word_1_175' title='bbox 2773 999 3073 1070; x_wconf 72' lang='lat' dir='ltr'><strong><em>praecipere</em></strong></span> <span class='ocrx_word' id='word_1_176' title='bbox 3123 1007 3179 1053; x_wconf 86' lang='lat' dir='ltr'><strong><em>et</em></strong></span> <span class='ocrx_word' id='word_1_177' title='bbox 3227 1011 3439 1067; x_wconf 82' lang='lat' dir='ltr'><strong><em>cpnsu-</em></strong></span> 
     </span>
    </p>
   </div>
   <div class='ocr_carea' id='block_1_26' title="bbox 1867 1088 3442 1162">
    <p class='ocr_par' dir='ltr' id='par_1_26' title="bbox 1867 1088 3442 1162">
     <span class='ocr_line' id='line_1_26' title="bbox 1867 1088 3442 1162; baseline -0.002 -16"><span class='ocrx_word' id='word_1_178' title='bbox 1867 1091 1980 1148; x_wconf 88' lang='lat' dir='ltr'><strong><em>lere</em></strong></span> <span class='ocrx_word' id='word_1_179' title='bbox 2022 1091 2161 1148; x_wconf 87' lang='lat' dir='ltr'><strong><em>:sed</em></strong></span> <span class='ocrx_word' id='word_1_180' title='bbox 2212 1107 2336 1149; x_wconf 90' lang='lat' dir='ltr'><strong><em>cum</em></strong></span> <span class='ocrx_word' id='word_1_181' title='bbox 2388 1098 2721 1162; x_wconf 73' lang='lat' dir='ltr'><strong><em>repugnant,</em></strong></span> <span class='ocrx_word' id='word_1_182' title='bbox 2748 1105 2927 1161; x_wconf 73' lang='lat' dir='ltr'><strong><em>neque</em></strong></span> <span class='ocrx_word' id='word_1_183' title='bbox 2978 1088 3241 1146; x_wconf 86' lang='lat' dir='ltr'><strong><em>obediunt</em></strong></span> <span class='ocrx_word' id='word_1_184' title='bbox 3305 1102 3442 1143; x_wconf 87' lang='lat' dir='ltr'><strong><em>con-</em></strong></span> 
     </span>
    </p>
   </div>
   <div class='ocr_carea' id='block_1_27' title="bbox 1867 1178 3440 1238">
    <p class='ocr_par' dir='ltr' id='par_1_27' title="bbox 1867 1178 3440 1238">
     <span class='ocr_line' id='line_1_27' title="bbox 1867 1178 3440 1238; baseline 0.001 -4"><span class='ocrx_word' id='word_1_185' title='bbox 1867 1183 2118 1237; x_wconf 81' lang='lat' dir='ltr'><strong><em>veniens</em></strong></span> <span class='ocrx_word' id='word_1_186' title='bbox 2148 1190 2234 1237; x_wconf 87' lang='lat' dir='ltr'><strong><em>est</em></strong></span> <span class='ocrx_word' id='word_1_187' title='bbox 2282 1188 2339 1238; x_wconf 88' lang='lat' dir='ltr'><strong><em>et</em></strong></span> <span class='ocrx_word' id='word_1_188' title='bbox 2388 1181 2543 1238; x_wconf 89' lang='lat' dir='ltr'><strong><em>utilis</em></strong></span> <span class='ocrx_word' id='word_1_189' title='bbox 2586 1180 2935 1236; x_wconf 84' lang='lat' dir='ltr'><strong><em>lamentatio.</em></strong></span> <span class='ocrx_word' id='word_1_190' title='bbox 2984 1178 3197 1235; x_wconf 75' lang='lat' dir='ltr'><strong><em>idcirco</em></strong></span> <span class='ocrx_word' id='word_1_191' title='bbox 3246 1178 3440 1235; x_wconf 87' lang='lat' dir='ltr'><strong><em>beatus</em></strong></span> 
     </span>
    </p>
   </div>
   <div class='ocr_carea' id='block_1_28' title="bbox 1865 1269 3440 1344">
    <p class='ocr_par' dir='ltr' id='par_1_28' title="bbox 1865 1269 3440 1344">
     <span class='ocr_line' id='line_1_28' title="bbox 1865 1269 3440 1344; baseline -0.001 -18"><span class='ocrx_word' id='word_1_192' title='bbox 1865 1288 2087 1344; x_wconf 89' lang='lat' dir='ltr'><strong><em>quoque</em></strong></span> <span class='ocrx_word' id='word_1_193' title='bbox 2120 1271 2327 1327; x_wconf 84' lang='lat' dir='ltr'><strong><em>Paulus</em></strong></span> <span class='ocrx_word' id='word_1_194' title='bbox 2355 1272 2577 1328; x_wconf 85' lang='lat' dir='ltr'><strong><em>dicebat</em></strong></span> <span class='ocrx_word' id='word_1_195' title='bbox 2605 1289 2619 1327; x_wconf 93' lang='lat'><strong>:</strong></span> <span class='ocrx_word' id='word_1_196' title='bbox 2653 1291 2671 1323; x_wconf 84' lang='grc' dir='ltr'><strong><em>ι</em></strong></span> <span class='ocrx_word' id='word_1_197' title='bbox 2711 1269 2847 1338; x_wconf 85' lang='lat' dir='ltr'><strong><em>Quis</em></strong></span> <span class='ocrx_word' id='word_1_198' title='bbox 2887 1269 3220 1334; x_wconf 77' lang='lat' dir='ltr'><strong><em>inﬁrmatur,</em></strong></span> <span class='ocrx_word' id='word_1_199' title='bbox 3254 1276 3307 1324; x_wconf 92' lang='lat' dir='ltr'><strong><em>et</em></strong></span> <span class='ocrx_word' id='word_1_200' title='bbox 3338 1284 3440 1338; x_wconf 79' lang='lat' dir='ltr'><strong><em>ego</em></strong></span> 
     </span>
    </p>
   </div>
   <div class='ocr_carea' id='block_1_29' title="bbox 1865 1363 3437 1435">
    <p class='ocr_par' dir='ltr' id='par_1_29' title="bbox 1865 1363 3437 1435">
     <span class='ocr_line' id='line_1_29' title="bbox 1865 1363 3437 1435; baseline -0.003 -16"><span class='ocrx_word' id='word_1_201' title='bbox 1865 1380 1975 1420; x_wconf 87' lang='lat' dir='ltr'><strong><em>non</em></strong></span> <span class='ocrx_word' id='word_1_202' title='bbox 2031 1364 2317 1420; x_wconf 79' lang='lat' dir='ltr'><strong><em>inﬁrmor?</em></strong></span> <span class='ocrx_word' id='word_1_203' title='bbox 2366 1364 2494 1435; x_wconf 85' lang='lat' dir='ltr'><strong><em>quis</em></strong></span> <span class='ocrx_word' id='word_1_204' title='bbox 2550 1363 2996 1427; x_wconf 86' lang='lat' dir='ltr'><strong><em>scandalizatur,</em></strong></span> <span class='ocrx_word' id='word_1_205' title='bbox 3053 1374 3110 1417; x_wconf 88' lang='lat' dir='ltr'><strong><em>et</em></strong></span> <span class='ocrx_word' id='word_1_206' title='bbox 3163 1376 3265 1432; x_wconf 84' lang='lat' dir='ltr'><strong><em>ego</em></strong></span> <span class='ocrx_word' id='word_1_207' title='bbox 3328 1376 3437 1416; x_wconf 90' lang='lat' dir='ltr'><strong><em>non</em></strong></span> 
     </span>
    </p>
   </div>
   <div class='ocr_carea' id='block_1_30' title="bbox 1865 1452 3435 1522">
    <p class='ocr_par' dir='ltr' id='par_1_30' title="bbox 1865 1452 3435 1522">
     <span class='ocr_line' id='line_1_30' title="bbox 1865 1452 3435 1522; baseline -0.003 -10"><span class='ocrx_word' id='word_1_208' title='bbox 1865 1456 2084 1512; x_wconf 70' lang='lat' dir='ltr'><strong><em>uror&quot;!</em></strong></span> <span class='ocrx_word' id='word_1_209' title='bbox 2121 1476 2142 1510; x_wconf 71' lang='grc' dir='ltr'><strong><em>ι</em></strong></span> <span class='ocrx_word' id='word_1_210' title='bbox 2193 1457 2262 1511; x_wconf 88' lang='lat' dir='ltr'><strong><em>Et</em></strong></span> <span class='ocrx_word' id='word_1_211' title='bbox 2295 1471 2494 1513; x_wconf 85' lang='lat' dir='ltr'><strong><em>rursus</em></strong></span> <span class='ocrx_word' id='word_1_212' title='bbox 2528 1472 2543 1512; x_wconf 93' lang='lat'><strong>:</strong></span> <span class='ocrx_word' id='word_1_213' title='bbox 2581 1473 2601 1508; x_wconf 84' lang='grc' dir='ltr'><strong><em>ι</em></strong></span> <span class='ocrx_word' id='word_1_214' title='bbox 2643 1454 2744 1522; x_wconf 83' lang='lat' dir='ltr'><strong><em>Ne,</em></strong></span> <span class='ocrx_word' id='word_1_215' title='bbox 2792 1468 2920 1509; x_wconf 89' lang='lat' dir='ltr'><strong><em>cum</em></strong></span> <span class='ocrx_word' id='word_1_216' title='bbox 2958 1467 3165 1509; x_wconf 81' lang='lat' dir='ltr'><strong><em>venero</em></strong></span> <span class='ocrx_word' id='word_1_217' title='bbox 3215 1452 3282 1506; x_wconf 85' lang='lat' dir='ltr'><strong><em>ad</em></strong></span> <span class='ocrx_word' id='word_1_218' title='bbox 3314 1465 3435 1517; x_wconf 85' lang='lat' dir='ltr'><strong><em>vos,</em></strong></span> 
     </span>
    </p>
   </div>
   <div class='ocr_carea' id='block_1_31' title="bbox 1867 1543 3437 1617">
    <p class='ocr_par' dir='ltr' id='par_1_31' title="bbox 1867 1543 3437 1617">
     <span class='ocr_line' id='line_1_31' title="bbox 1867 1543 3437 1617; baseline -0.001 -16"><span class='ocrx_word' id='word_1_219' title='bbox 1867 1547 2118 1602; x_wconf 88' lang='lat' dir='ltr'><strong><em>humiliet</em></strong></span> <span class='ocrx_word' id='word_1_220' title='bbox 2144 1562 2231 1602; x_wconf 91' lang='lat' dir='ltr'><strong><em>me</em></strong></span> <span class='ocrx_word' id='word_1_221' title='bbox 2260 1545 2409 1602; x_wconf 86' lang='lat' dir='ltr'><strong><em>Deus</em></strong></span> <span class='ocrx_word' id='word_1_222' title='bbox 2454 1561 2632 1613; x_wconf 90' lang='lat' dir='ltr'><strong><em>meus,</em></strong></span> <span class='ocrx_word' id='word_1_223' title='bbox 2667 1553 2722 1602; x_wconf 89' lang='lat' dir='ltr'><strong><em>et</em></strong></span> <span class='ocrx_word' id='word_1_224' title='bbox 2754 1546 2970 1617; x_wconf 84' lang='lat' dir='ltr'><strong><em>lugeam</em></strong></span> <span class='ocrx_word' id='word_1_225' title='bbox 3004 1544 3211 1599; x_wconf 90' lang='lat' dir='ltr'><strong><em>multos</em></strong></span> <span class='ocrx_word' id='word_1_226' title='bbox 3241 1559 3307 1599; x_wconf 79' lang='lat' dir='ltr'><strong><em>ex</em></strong></span> <span class='ocrx_word' id='word_1_227' title='bbox 3366 1543 3437 1599; x_wconf 86' lang='lat' dir='ltr'><strong><em>iis</em></strong></span> 
     </span>
    </p>
   </div>
   <div class='ocr_carea' id='block_1_32' title="bbox 1863 1633 3439 1709">
    <p class='ocr_par' dir='ltr' id='par_1_32' title="bbox 1863 1633 3439 1709">
     <span class='ocr_line' id='line_1_32' title="bbox 1863 1633 3439 1709; baseline -0.003 -16"><span class='ocrx_word' id='word_1_228' title='bbox 1863 1640 1955 1709; x_wconf 87' lang='lat' dir='ltr'><strong><em>qui</em></strong></span> <span class='ocrx_word' id='word_1_229' title='bbox 1992 1645 2122 1692; x_wconf 85' lang='lat' dir='ltr'><strong><em>ante</em></strong></span> <span class='ocrx_word' id='word_1_230' title='bbox 2185 1647 2575 1708; x_wconf 87' lang='lat' dir='ltr'><strong><em>peccaverunt,</em></strong></span> <span class='ocrx_word' id='word_1_231' title='bbox 2607 1645 2662 1694; x_wconf 90' lang='lat' dir='ltr'><strong><em>et</em></strong></span> <span class='ocrx_word' id='word_1_232' title='bbox 2713 1652 2826 1693; x_wconf 89' lang='lat' dir='ltr'><strong><em>non</em></strong></span> <span class='ocrx_word' id='word_1_233' title='bbox 2885 1642 3118 1708; x_wconf 86' lang='lat' dir='ltr'><strong><em>egerunt</em></strong></span> <span class='ocrx_word' id='word_1_234' title='bbox 3165 1633 3439 1705; x_wconf 79' lang='lat' dir='ltr'><strong><em>pteniten~</em></strong></span> 
     </span>
    </p>
   </div>
   <div class='ocr_carea' id='block_1_33' title="bbox 1864 1726 3439 1801">
    <p class='ocr_par' dir='ltr' id='par_1_33' title="bbox 1864 1726 3439 1801">
     <span class='ocr_line' id='line_1_33' title="bbox 1864 1726 3439 1801; baseline -0.001 -18"><span class='ocrx_word' id='word_1_235' title='bbox 1864 1730 1993 1783; x_wconf 88' lang='lat' dir='ltr'><strong><em>tiam</em></strong></span> <span class='ocrx_word' id='word_1_236' title='bbox 2022 1741 2069 1783; x_wconf 80' lang='grc' dir='ltr'><strong><em>ι.</em></strong></span> <span class='ocrx_word' id='word_1_237' title='bbox 2108 1746 2128 1780; x_wconf 71' lang='grc' dir='ltr'><strong><em>ι</em></strong></span> <span class='ocrx_word' id='word_1_238' title='bbox 2156 1729 2235 1783; x_wconf 86' lang='lat' dir='ltr'><strong><em>Pii</em></strong></span> <span class='ocrx_word' id='word_1_239' title='bbox 2268 1729 2436 1800; x_wconf 82' lang='lat' dir='ltr'><strong><em>igitur</em></strong></span> <span class='ocrx_word' id='word_1_240' title='bbox 2481 1739 2641 1786; x_wconf 88' lang='lat' dir='ltr'><strong><em>erant</em></strong></span> <span class='ocrx_word' id='word_1_241' title='bbox 2672 1729 2839 1785; x_wconf 87' lang='lat' dir='ltr'><strong><em>etiam</em></strong></span> <span class='ocrx_word' id='word_1_242' title='bbox 2872 1728 2929 1783; x_wconf 88' lang='lat' dir='ltr'><strong><em>hi</em></strong></span> <span class='ocrx_word' id='word_1_243' title='bbox 2949 1727 3043 1800; x_wconf 91' lang='lat' dir='ltr'><strong><em>qui</em></strong></span> <span class='ocrx_word' id='word_1_244' title='bbox 3076 1726 3359 1801; x_wconf 86' lang='lat' dir='ltr'><strong><em>lugebant,</em></strong></span> <span class='ocrx_word' id='word_1_245' title='bbox 3381 1733 3439 1782; x_wconf 87' lang='lat' dir='ltr'><strong><em>et</em></strong></span> 
     </span>
    </p>
   </div>
   <div class='ocr_carea' id='block_1_34' title="bbox 223 1793 1767 1894">
    <p class='ocr_par' dir='ltr' id='par_1_34' title="bbox 223 1793 1762 1891">
     <span class='ocr_line' id='line_1_34' title="bbox 223 1793 1762 1891; baseline 0 -18"><span class='ocrx_word' id='word_1_246' title='bbox 223 1793 512 1883; x_wconf 25' lang='lat' dir='ltr'><strong><em>Gekvsoi&#39;wv‘</em></strong></span> <span class='ocrx_word' id='word_1_247' title='bbox 552 1819 802 1891; x_wconf 77' lang='grc' dir='ltr'>ὑπῆρχον</span> <span class='ocrx_word' id='word_1_248' title='bbox 862 1793 966 1873; x_wconf 36' lang='grc' dir='ltr'>καὶ.</span> <span class='ocrx_word' id='word_1_249' title='bbox 999 1793 1148 1873; x_wconf 71' lang='grc' dir='ltr'>οὗτοι</span> <span class='ocrx_word' id='word_1_250' title='bbox 1190 1793 1598 1889; x_wconf 78' lang='grc' dir='ltr'>ὀλοφυρόμενοι,</span> <span class='ocrx_word' id='word_1_251' title='bbox 1668 1819 1762 1873; x_wconf 77' lang='grc' dir='ltr'>καὶ</span> 
     </span>
    </p>
   </div>
   <div class='ocr_carea' id='block_1_35' title="bbox 1874 1793 3437 1894">
    <p class='ocr_par' dir='ltr' id='par_1_35' title="bbox 1874 1793 3437 1894">
     <span class='ocr_line' id='line_1_35' title="bbox 1874 1793 3437 1894; baseline -0.001 -17"><span class='ocrx_word' id='word_1_252' title='bbox 1874 1820 2225 1892; x_wconf 74' lang='lat' dir='ltr'><strong><em>deplorabant</em></strong></span> <span class='ocrx_word' id='word_1_253' title='bbox 2249 1793 2434 1893; x_wconf 74' lang='lat' dir='ltr'><strong><em>populi</em></strong></span> <span class='ocrx_word' id='word_1_254' title='bbox 2463 1823 2698 1879; x_wconf 87' lang='lat' dir='ltr'><strong><em>scelera.</em></strong></span> <span class='ocrx_word' id='word_1_255' title='bbox 2725 1821 2937 1878; x_wconf 86' lang='lat' dir='ltr'><strong>Idcirco</strong></span> <span class='ocrx_word' id='word_1_256' title='bbox 2965 1793 3127 1894; x_wconf 78' lang='lat' dir='ltr'><strong><em>signo</em></strong></span> <span class='ocrx_word' id='word_1_257' title='bbox 3138 1793 3437 1890; x_wconf 61' lang='lat' dir='ltr'><strong><em>conspicui</em></strong></span> 
     </span>
    </p>
   </div>
   <div class='ocr_carea' id='block_1_36' title="bbox 227 1909 1762 1983">
    <p class='ocr_par' dir='ltr' id='par_1_36' title="bbox 227 1909 1762 1983">
     <span class='ocr_line' id='line_1_36' title="bbox 227 1909 1762 1983; baseline 0 -18"><span class='ocrx_word' id='word_1_258' title='bbox 227 1913 460 1975; x_wconf 79' lang='grc' dir='ltr'>στένοντες</span> <span class='ocrx_word' id='word_1_259' title='bbox 488 1912 593 1983; x_wconf 80' lang='grc' dir='ltr'><strong><em>τὴν</em></strong></span> <span class='ocrx_word' id='word_1_260' title='bbox 643 1910 738 1965; x_wconf 90' lang='grc' dir='ltr'><strong><em>τοῦ</em></strong></span> <span class='ocrx_word' id='word_1_261' title='bbox 788 1909 919 1965; x_wconf 86' lang='grc' dir='ltr'>λαοῦ</span> <span class='ocrx_word' id='word_1_262' title='bbox 962 1910 1343 1983; x_wconf 77' lang='grc' dir='ltr'>παρανομίαν·</span> <span class='ocrx_word' id='word_1_263' title='bbox 1375 1910 1457 1964; x_wconf 81' lang='grc' dir='ltr'>διὸ</span> <span class='ocrx_word' id='word_1_264' title='bbox 1502 1909 1762 1981; x_wconf 71' lang='grc' dir='ltr'>ἐπίσημοι</span> 
     </span>
    </p>
   </div>
   <div class='ocr_carea' id='block_1_37' title="bbox 223 2001 1761 2077">
    <p class='ocr_par' dir='ltr' id='par_1_37' title="bbox 223 2001 1761 2077">
     <span class='ocr_line' id='line_1_37' title="bbox 223 2001 1761 2077; baseline 0.001 -22"><span class='ocrx_word' id='word_1_265' title='bbox 223 2003 445 2070; x_wconf 82' lang='grc' dir='ltr'>γίνονται,</span> <span class='ocrx_word' id='word_1_266' title='bbox 488 2002 579 2057; x_wconf 72' lang='grc' dir='ltr'>ἵνα</span> <span class='ocrx_word' id='word_1_267' title='bbox 607 2004 683 2077; x_wconf 87' lang='grc' dir='ltr'>μὴ</span> <span class='ocrx_word' id='word_1_268' title='bbox 729 2004 1100 2076; x_wconf 84' lang='grc' dir='ltr'>κοινωνήσωσι</span> <span class='ocrx_word' id='word_1_269' title='bbox 1134 2004 1233 2073; x_wconf 84' lang='grc' dir='ltr'>τῆς</span> <span class='ocrx_word' id='word_1_270' title='bbox 1263 2002 1550 2073; x_wconf 78' lang='grc' dir='ltr'>τιμωρίας.</span> <span class='ocrx_word' id='word_1_271' title='bbox 1582 2001 1761 2069; x_wconf 78' lang='grc' dir='ltr'>Οὕτω,</span> 
     </span>
    </p>
   </div>
   <div class='ocr_carea' id='block_1_38' title="bbox 225 2092 1765 2167">
    <p class='ocr_par' dir='ltr' id='par_1_38' title="bbox 225 2092 1765 2167">
     <span class='ocr_line' id='line_1_38' title="bbox 225 2092 1765 2167; baseline 0.001 -21"><span class='ocrx_word' id='word_1_272' title='bbox 225 2095 379 2163; x_wconf 80' lang='grc' dir='ltr'>φησὶν,</span> <span class='ocrx_word' id='word_1_273' title='bbox 407 2094 603 2166; x_wconf 78' lang='grc' dir='ltr'>ἐκείνῳ</span> <span class='ocrx_word' id='word_1_274' title='bbox 634 2095 808 2150; x_wconf 87' lang='grc' dir='ltr'>ταῦτα</span> <span class='ocrx_word' id='word_1_275' title='bbox 855 2095 1267 2167; x_wconf 76' lang='grc' dir='ltr'>ἐντειλάμενος,</span> <span class='ocrx_word' id='word_1_276' title='bbox 1327 2092 1765 2164; x_wconf 81' lang='grc' dir='ltr'>παρακελεύεται</span> 
     </span>
    </p>
   </div>
   <div class='ocr_carea' id='block_1_39' title="bbox 222 2186 553 2247">
    <p class='ocr_par' dir='ltr' id='par_1_39' title="bbox 222 2186 553 2247">
     <span class='ocr_line' id='line_1_39' title="bbox 222 2186 553 2247; baseline 0.003 -10"><span class='ocrx_word' id='word_1_277' title='bbox 222 2188 314 2247; x_wconf 81' lang='grc' dir='ltr'>τοῖς</span> <span class='ocrx_word' id='word_1_278' title='bbox 336 2186 553 2246; x_wconf 75' lang='grc' dir='ltr'>λοιποῖς.</span> 
     </span>
    </p>
   </div>
   <div class='ocr_carea' id='block_1_40' title="bbox 280 2272 1762 2341">
    <p class='ocr_par' dir='ltr' id='par_1_40' title="bbox 280 2272 1762 2341">
     <span class='ocr_line' id='line_1_40' title="bbox 280 2272 1762 2341; baseline 0.003 -17"><span class='ocrx_word' id='word_1_279' title='bbox 280 2278 334 2338; x_wconf 85' lang='grc' dir='ltr'>ε’,</span> <span class='ocrx_word' id='word_1_280' title='bbox 361 2278 429 2337; x_wconf 85' lang='grc' dir='ltr'><strong><em>ς’.</em></strong></span> <span class='ocrx_word' id='word_1_281' title='bbox 449 2272 786 2341; x_wconf 85' lang='grc' dir='ltr'>Πορεύεσθε</span> <span class='ocrx_word' id='word_1_282' title='bbox 838 2274 925 2340; x_wconf 81' lang='grc' dir='ltr'>εις</span> <span class='ocrx_word' id='word_1_283' title='bbox 969 2273 1085 2340; x_wconf 73' lang='grc' dir='ltr'>τὴν</span> <span class='ocrx_word' id='word_1_284' title='bbox 1122 2272 1304 2329; x_wconf 77' lang='grc' dir='ltr'>πόλιν</span> <span class='ocrx_word' id='word_1_285' title='bbox 1344 2274 1537 2330; x_wconf 81' lang='grc' dir='ltr'>ὀπίσω</span> <span class='ocrx_word' id='word_1_286' title='bbox 1555 2273 1762 2338; x_wconf 86' lang='grc' dir='ltr'>αὐτοῦ,</span> 
     </span>
    </p>
   </div>
   <div class='ocr_carea' id='block_1_41' title="bbox 226 2362 1767 2435">
    <p class='ocr_par' dir='ltr' id='par_1_41' title="bbox 226 2362 1767 2435">
     <span class='ocr_line' id='line_1_41' title="bbox 226 2362 1767 2435; baseline 0.001 -19"><span class='ocrx_word' id='word_1_287' title='bbox 226 2362 306 2417; x_wconf 72' lang='grc' dir='ltr'>καὶ</span> <span class='ocrx_word' id='word_1_288' title='bbox 333 2365 590 2426; x_wconf 77' lang='grc' dir='ltr'>κόπτε-τε,</span> <span class='ocrx_word' id='word_1_289' title='bbox 649 2364 756 2417; x_wconf 71' lang='grc' dir='ltr'>καὶ</span> <span class='ocrx_word' id='word_1_290' title='bbox 791 2363 878 2432; x_wconf 82' lang='grc' dir='ltr'>μὴ</span> <span class='ocrx_word' id='word_1_291' title='bbox 941 2363 1222 2434; x_wconf 75' lang='grc' dir='ltr'>φείδεσθε</span> <span class='ocrx_word' id='word_1_292' title='bbox 1277 2364 1403 2430; x_wconf 83' lang='grc' dir='ltr'>τοῖς</span> <span class='ocrx_word' id='word_1_293' title='bbox 1435 2366 1767 2435; x_wconf 73' lang='grc' dir='ltr'>ὀφθαλμοῖς</span> 
     </span>
    </p>
   </div>
   <div class='ocr_carea' id='block_1_42' title="bbox 224 2453 1761 2525">
    <p class='ocr_par' dir='ltr' id='par_1_42' title="bbox 224 2453 1761 2525">
     <span class='ocr_line' id='line_1_42' title="bbox 224 2453 1761 2525; baseline -0.001 -15"><span class='ocrx_word' id='word_1_294' title='bbox 224 2453 380 2523; x_wconf 76' lang='grc' dir='ltr'>ὑμῶν,</span> <span class='ocrx_word' id='word_1_295' title='bbox 407 2454 609 2525; x_wconf 78' lang='grc' dir='ltr'>καὶμὴ</span> <span class='ocrx_word' id='word_1_296' title='bbox 658 2454 979 2523; x_wconf 75' lang='grc' dir='ltr'>ἐλεήσητε.</span> <span class='ocrx_word' id='word_1_297' title='bbox 1022 2454 1456 2523; x_wconf 79' lang='grc' dir='ltr'>Πρεσϐύτερον,</span> <span class='ocrx_word' id='word_1_298' title='bbox 1500 2456 1599 2509; x_wconf 80' lang='grc' dir='ltr'>καὶ</span> <span class='ocrx_word' id='word_1_299' title='bbox 1626 2472 1761 2510; x_wconf 78' lang='grc' dir='ltr'>νεα-</span> 
     </span>
    </p>
   </div>
   <div class='ocr_carea' id='block_1_43' title="bbox 224 2545 1767 2616">
    <p class='ocr_par' dir='ltr' id='par_1_43' title="bbox 224 2545 1767 2616">
     <span class='ocr_line' id='line_1_43' title="bbox 224 2545 1767 2616; baseline 0.003 -21"><span class='ocrx_word' id='word_1_300' title='bbox 224 2547 427 2611; x_wconf 72' lang='grc' dir='ltr'>νίσκον,</span> <span class='ocrx_word' id='word_1_301' title='bbox 459 2546 561 2601; x_wconf 78' lang='grc' dir='ltr'>καὶ</span> <span class='ocrx_word' id='word_1_302' title='bbox 614 2546 937 2616; x_wconf 76' lang='grc' dir='ltr'>παρθένον,</span> <span class='ocrx_word' id='word_1_303' title='bbox 971 2546 1071 2599; x_wconf 79' lang='grc' dir='ltr'><strong><em>καί</em></strong></span> <span class='ocrx_word' id='word_1_304' title='bbox 1112 2545 1319 2612; x_wconf 70' lang='grc' dir='ltr'>νήπια,</span> <span class='ocrx_word' id='word_1_305' title='bbox 1350 2545 1451 2600; x_wconf 77' lang='grc' dir='ltr'><strong><em>καί</em></strong></span> <span class='ocrx_word' id='word_1_306' title='bbox 1476 2547 1767 2614; x_wconf 76' lang='grc' dir='ltr'>γυναῖκας</span> 
     </span>
    </p>
   </div>
   <div class='ocr_carea' id='block_1_44' title="bbox 225 2636 1766 2707">
    <p class='ocr_par' dir='ltr' id='par_1_44' title="bbox 225 2636 1766 2707">
     <span class='ocr_line' id='line_1_44' title="bbox 225 2636 1766 2707; baseline -0.001 -16"><span class='ocrx_word' id='word_1_307' title='bbox 225 2638 583 2692; x_wconf 77' lang='grc' dir='ltr'>ἀποκτείνατε</span> <span class='ocrx_word' id='word_1_308' title='bbox 636 2640 724 2703; x_wconf 80' lang='grc' dir='ltr'>εὶς</span> <span class='ocrx_word' id='word_1_309' title='bbox 774 2636 1122 2706; x_wconf 71' lang='grc' dir='ltr'>ἑξάλειψινο</span> <span class='ocrx_word' id='word_1_310' title='bbox 1173 2637 1273 2691; x_wconf 78' lang='grc' dir='ltr'><strong><em>ἐπὶ</em></strong></span> <span class='ocrx_word' id='word_1_311' title='bbox 1324 2637 1393 2691; x_wconf 86' lang='grc' dir='ltr'>δὲ</span> <span class='ocrx_word' id='word_1_312' title='bbox 1423 2636 1652 2703; x_wconf 79' lang='grc' dir='ltr'>πάντας</span> <span class='ocrx_word' id='word_1_313' title='bbox 1673 2638 1766 2707; x_wconf 72' lang='grc' dir='ltr'><strong><em>ἐφ’</em></strong></span> 
     </span>
    </p>
   </div>
   <div class='ocr_carea' id='block_1_45' title="bbox 225 2729 1768 2802">
    <p class='ocr_par' dir='ltr' id='par_1_45' title="bbox 225 2729 1768 2802">
     <span class='ocr_line' id='line_1_45' title="bbox 225 2729 1768 2802; baseline 0.001 -19"><span class='ocrx_word' id='word_1_314' title='bbox 225 2731 312 2797; x_wconf 80' lang='grc' dir='ltr'>οὓς</span> <span class='ocrx_word' id='word_1_315' title='bbox 335 2732 457 2786; x_wconf 83' lang='grc' dir='ltr'>ἐστι</span> <span class='ocrx_word' id='word_1_316' title='bbox 486 2732 555 2785; x_wconf 83' lang='grc' dir='ltr'>τὸ</span> <span class='ocrx_word' id='word_1_317' title='bbox 612 2732 864 2800; x_wconf 80' lang='grc' dir='ltr'>σημεῖον</span> <span class='ocrx_word' id='word_1_318' title='bbox 911 2732 997 2800; x_wconf 80' lang='grc' dir='ltr'>μὴ</span> <span class='ocrx_word' id='word_1_319' title='bbox 1050 2732 1349 2802; x_wconf 59' lang='lat' dir='ltr'><strong><em>Arrianus,</em></strong></span> <span class='ocrx_word' id='word_1_320' title='bbox 1380 2732 1479 2785; x_wconf 80' lang='grc' dir='ltr'>καὶ</span> <span class='ocrx_word' id='word_1_321' title='bbox 1506 2732 1625 2786; x_wconf 78' lang='grc' dir='ltr'><strong><em>ἀπὸ</em></strong></span> <span class='ocrx_word' id='word_1_322' title='bbox 1649 2729 1768 2785; x_wconf 75' lang='grc' dir='ltr'>τῶν</span> 
     </span>
    </p>
   </div>
   <div class='ocr_carea' id='block_1_46' title="bbox 224 2821 1768 2893">
    <p class='ocr_par' dir='ltr' id='par_1_46' title="bbox 224 2821 1768 2893">
     <span class='ocr_line' id='line_1_46' title="bbox 224 2821 1768 2893; baseline 0.001 -19"><span class='ocrx_word' id='word_1_323' title='bbox 224 2822 380 2891; x_wconf 74' lang='grc' dir='ltr'>ἁγίων</span> <span class='ocrx_word' id='word_1_324' title='bbox 391 2840 510 2891; x_wconf 83' lang='grc' dir='ltr'><strong><em>μου</em></strong></span> <span class='ocrx_word' id='word_1_325' title='bbox 537 2821 821 2890; x_wconf 78' lang='grc' dir='ltr'>ἇρξασθε.</span> <span class='ocrx_word' id='word_1_326' title='bbox 852 2822 1019 2877; x_wconf 87' lang='grc' dir='ltr'>Πάλιν</span> <span class='ocrx_word' id='word_1_327' title='bbox 1052 2822 1226 2891; x_wconf 77' lang='grc' dir='ltr'>λέγωο</span> <span class='ocrx_word' id='word_1_328' title='bbox 1262 2841 1279 2874; x_wconf 89' lang='grc' dir='ltr'><strong><em>ι</em></strong></span> <span class='ocrx_word' id='word_1_329' title='bbox 1320 2822 1555 2893; x_wconf 76' lang='grc' dir='ltr'>Φοὸερὸν</span> <span class='ocrx_word' id='word_1_330' title='bbox 1581 2822 1642 2874; x_wconf 84' lang='grc' dir='ltr'>τὸ</span> <span class='ocrx_word' id='word_1_331' title='bbox 1669 2824 1768 2892; x_wconf 79' lang='grc' dir='ltr'><strong><em>ἐμ-</em></strong></span> 
     </span>
    </p>
   </div>
   <div class='ocr_carea' id='block_1_47' title="bbox 223 2913 1769 2986">
    <p class='ocr_par' dir='ltr' id='par_1_47' title="bbox 223 2913 1769 2986">
     <span class='ocr_line' id='line_1_47' title="bbox 223 2913 1769 2986; baseline 0.001 -21"><span class='ocrx_word' id='word_1_332' title='bbox 223 2915 379 2966; x_wconf 79' lang='grc' dir='ltr'>πεσεῖν</span> <span class='ocrx_word' id='word_1_333' title='bbox 407 2915 488 2977; x_wconf 82' lang='grc' dir='ltr'><strong><em>εἱς</em></strong></span> <span class='ocrx_word' id='word_1_334' title='bbox 516 2916 705 2986; x_wconf 82' lang='grc' dir='ltr'>χεῖρας</span> <span class='ocrx_word' id='word_1_335' title='bbox 732 2913 867 2967; x_wconf 83' lang='grc' dir='ltr'>Θεοῦ</span> <span class='ocrx_word' id='word_1_336' title='bbox 892 2913 1114 2980; x_wconf 77' lang='grc' dir='ltr'>ζῶντος,</span> <span class='ocrx_word' id='word_1_337' title='bbox 1141 2933 1159 2965; x_wconf 75' lang='grc' dir='ltr'><strong><em>ι</em></strong></span> <span class='ocrx_word' id='word_1_338' title='bbox 1193 2913 1338 2969; x_wconf 85' lang='grc' dir='ltr'><strong><em>κατὰ</em></strong></span> <span class='ocrx_word' id='word_1_339' title='bbox 1356 2914 1453 2983; x_wconf 76' lang='grc' dir='ltr'>τὴν</span> <span class='ocrx_word' id='word_1_340' title='bbox 1477 2913 1569 2966; x_wconf 87' lang='grc' dir='ltr'><strong><em>τοῦ</em></strong></span> <span class='ocrx_word' id='word_1_341' title='bbox 1588 2931 1769 2982; x_wconf 81' lang='grc' dir='ltr'>μακα-</span> 
     </span>
    </p>
   </div>
   <div class='ocr_carea' id='block_1_48' title="bbox 224 3001 1767 3077">
    <p class='ocr_par' dir='ltr' id='par_1_48' title="bbox 224 3001 1767 3077">
     <span class='ocr_line' id='line_1_48' title="bbox 224 3001 1767 3077; baseline 0.001 -23"><span class='ocrx_word' id='word_1_342' title='bbox 224 3003 322 3075; x_wconf 81' lang='grc' dir='ltr'>ρίου</span> <span class='ocrx_word' id='word_1_343' title='bbox 368 3004 581 3058; x_wconf 85' lang='grc' dir='ltr'>Παύλου</span> <span class='ocrx_word' id='word_1_344' title='bbox 645 3007 866 3076; x_wconf 74' lang='grc' dir='ltr'>φωνήν·</span> <span class='ocrx_word' id='word_1_345' title='bbox 920 3006 1257 3077; x_wconf 80' lang='grc' dir='ltr'>προστίθημι</span> <span class='ocrx_word' id='word_1_346' title='bbox 1302 3005 1359 3058; x_wconf 77' lang='grc' dir='ltr'>δὲ</span> <span class='ocrx_word' id='word_1_347' title='bbox 1405 3005 1502 3058; x_wconf 72' lang='grc' dir='ltr'>καὶ</span> <span class='ocrx_word' id='word_1_348' title='bbox 1543 3004 1643 3075; x_wconf 85' lang='grc' dir='ltr'>τὴν</span> <span class='ocrx_word' id='word_1_349' title='bbox 1675 3001 1767 3057; x_wconf 87' lang='grc' dir='ltr'><strong><em>τοῦ</em></strong></span> 
     </span>
    </p>
   </div>
   <div class='ocr_carea' id='block_1_49' title="bbox 1865 1906 3433 1983">
    <p class='ocr_par' dir='ltr' id='par_1_49' title="bbox 1865 1906 3433 1983">
     <span class='ocr_line' id='line_1_49' title="bbox 1865 1906 3433 1983; baseline -0.004 -17"><span class='ocrx_word' id='word_1_350' title='bbox 1865 1913 2022 1977; x_wconf 80' lang='lat' dir='ltr'><strong><em>ﬁunt,</em></strong></span> <span class='ocrx_word' id='word_1_351' title='bbox 2054 1926 2126 1967; x_wconf 86' lang='lat' dir='ltr'><strong><em>ne</em></strong></span> <span class='ocrx_word' id='word_1_352' title='bbox 2172 1926 2456 1982; x_wconf 66' lang='lat' dir='ltr'><strong><em>pinnarum</em></strong></span> <span class='ocrx_word' id='word_1_353' title='bbox 2511 1911 2814 1983; x_wconf 85' lang='lat' dir='ltr'><strong><em>participes</em></strong></span> <span class='ocrx_word' id='word_1_354' title='bbox 2872 1909 3025 1965; x_wconf 80' lang='lat' dir='ltr'><strong><em>ﬁant.</em></strong></span> <span class='ocrx_word' id='word_1_355' title='bbox 3064 1907 3181 1976; x_wconf 86' lang='lat' dir='ltr'><strong><em>Sic,</em></strong></span> <span class='ocrx_word' id='word_1_356' title='bbox 3232 1906 3433 1978; x_wconf 83' lang='lat' dir='ltr'><strong><em>inquit,</em></strong></span> 
     </span>
    </p>
   </div>
   <div class='ocr_carea' id='block_1_50' title="bbox 1861 2000 3120 2075">
    <p class='ocr_par' dir='ltr' id='par_1_50' title="bbox 1861 2000 3120 2075">
     <span class='ocr_line' id='line_1_50' title="bbox 1861 2000 3120 2075; baseline -0.004 -15"><span class='ocrx_word' id='word_1_357' title='bbox 1861 2004 1958 2075; x_wconf 88' lang='lat' dir='ltr'><strong><em>qui</em></strong></span> <span class='ocrx_word' id='word_1_358' title='bbox 1991 2004 2070 2059; x_wconf 86' lang='lat' dir='ltr'><strong><em>illi</em></strong></span> <span class='ocrx_word' id='word_1_359' title='bbox 2108 2004 2226 2060; x_wconf 82' lang='lat' dir='ltr'><strong><em>haec</em></strong></span> <span class='ocrx_word' id='word_1_360' title='bbox 2259 2002 2574 2070; x_wconf 79' lang='lat' dir='ltr'><strong><em>mandavit,</em></strong></span> <span class='ocrx_word' id='word_1_361' title='bbox 2602 2002 2816 2059; x_wconf 67' lang='lat' dir='ltr'><strong><em>caeteris</em></strong></span> <span class='ocrx_word' id='word_1_362' title='bbox 2849 2000 3120 2073; x_wconf 64' lang='lat' dir='ltr'><strong><em>praecipit.</em></strong></span> 
     </span>
    </p>
   </div>
   <div class='ocr_carea' id='block_1_51' title="bbox 1937 2266 3442 2335">
    <p class='ocr_par' dir='ltr' id='par_1_51' title="bbox 1937 2266 3442 2335">
     <span class='ocr_line' id='line_1_51' title="bbox 1937 2266 3442 2335; baseline -0.007 -10"><span class='ocrx_word' id='word_1_363' title='bbox 1937 2267 2107 2325; x_wconf 75' lang='lat' dir='ltr'><strong><em>Vens.</em></strong></span> <span class='ocrx_word' id='word_1_364' title='bbox 2139 2268 2193 2335; x_wconf 86' lang='lat'><strong><em>5,</em></strong></span> <span class='ocrx_word' id='word_1_365' title='bbox 2223 2267 2276 2322; x_wconf 85' lang='lat'><strong><em>6.</em></strong></span> <span class='ocrx_word' id='word_1_366' title='bbox 2309 2266 2395 2322; x_wconf 78' lang='lat' dir='ltr'><strong><em>Ite</em></strong></span> <span class='ocrx_word' id='word_1_367' title='bbox 2424 2268 2480 2321; x_wconf 87' lang='lat' dir='ltr'><strong><em>in</em></strong></span> <span class='ocrx_word' id='word_1_368' title='bbox 2528 2266 2797 2321; x_wconf 84' lang='lat' dir='ltr'><strong><em>ciuitatem</em></strong></span> <span class='ocrx_word' id='word_1_369' title='bbox 2841 2274 2959 2334; x_wconf 86' lang='lat' dir='ltr'><strong><em>post</em></strong></span> <span class='ocrx_word' id='word_1_370' title='bbox 2999 2279 3141 2327; x_wconf 88' lang='lat' dir='ltr'><strong><em>eum,</em></strong></span> <span class='ocrx_word' id='word_1_371' title='bbox 3167 2273 3215 2318; x_wconf 89' lang='lat' dir='ltr'><strong><em>et</em></strong></span> <span class='ocrx_word' id='word_1_372' title='bbox 3252 2277 3442 2331; x_wconf 82' lang='lat' dir='ltr'><strong><em>percu-</em></strong></span> 
     </span>
    </p>
   </div>
   <div class='ocr_carea' id='block_1_52' title="bbox 1869 2354 3438 2434">
    <p class='ocr_par' dir='ltr' id='par_1_52' title="bbox 1869 2354 3438 2434">
     <span class='ocr_line' id='line_1_52' title="bbox 1869 2354 3438 2434; baseline -0.008 -15"><span class='ocrx_word' id='word_1_373' title='bbox 1869 2366 1983 2430; x_wconf 86' lang='lat' dir='ltr'><strong><em>tite,</em></strong></span> <span class='ocrx_word' id='word_1_374' title='bbox 2012 2380 2173 2434; x_wconf 88' lang='lat' dir='ltr'><strong><em>neque</em></strong></span> <span class='ocrx_word' id='word_1_375' title='bbox 2200 2364 2402 2433; x_wconf 79' lang='lat' dir='ltr'><strong><em>parcite</em></strong></span> <span class='ocrx_word' id='word_1_376' title='bbox 2440 2361 2610 2415; x_wconf 88' lang='lat' dir='ltr'><strong><em>oculis</em></strong></span> <span class='ocrx_word' id='word_1_377' title='bbox 2641 2361 2853 2427; x_wconf 81' lang='lat' dir='ltr'><strong><em>uestris,</em></strong></span> <span class='ocrx_word' id='word_1_378' title='bbox 2877 2374 3040 2430; x_wconf 87' lang='lat' dir='ltr'><strong><em>neque</em></strong></span> <span class='ocrx_word' id='word_1_379' title='bbox 3065 2354 3438 2412; x_wconf 87' lang='lat' dir='ltr'><strong><em>misereamini.</em></strong></span> 
     </span>
    </p>
   </div>
   <div class='ocr_carea' id='block_1_53' title="bbox 1869 2451 3443 2524">
    <p class='ocr_par' dir='ltr' id='par_1_53' title="bbox 1869 2451 3443 2524">
     <span class='ocr_line' id='line_1_53' title="bbox 1869 2451 3443 2524; baseline -0.006 -14"><span class='ocrx_word' id='word_1_380' title='bbox 1869 2454 2074 2520; x_wconf 86' lang='lat' dir='ltr'><strong><em>Senem,</em></strong></span> <span class='ocrx_word' id='word_1_381' title='bbox 2107 2465 2158 2509; x_wconf 89' lang='lat' dir='ltr'><strong><em>et</em></strong></span> <span class='ocrx_word' id='word_1_382' title='bbox 2176 2454 2441 2524; x_wconf 81' lang='lat' dir='ltr'><strong><em>juvenem,</em></strong></span> <span class='ocrx_word' id='word_1_383' title='bbox 2461 2462 2509 2507; x_wconf 88' lang='lat' dir='ltr'><strong><em>et</em></strong></span> <span class='ocrx_word' id='word_1_384' title='bbox 2537 2453 2809 2524; x_wconf 82' lang='lat' dir='ltr'><strong><em>uirginem,</em></strong></span> <span class='ocrx_word' id='word_1_385' title='bbox 2835 2460 2884 2506; x_wconf 90' lang='lat' dir='ltr'><strong><em>et</em></strong></span> <span class='ocrx_word' id='word_1_386' title='bbox 2907 2451 3163 2521; x_wconf 79' lang='lat' dir='ltr'><strong><em>infantes,</em></strong></span> <span class='ocrx_word' id='word_1_387' title='bbox 3181 2457 3230 2503; x_wconf 89' lang='lat' dir='ltr'><strong><em>et</em></strong></span> <span class='ocrx_word' id='word_1_388' title='bbox 3252 2462 3443 2502; x_wconf 71' lang='lat' dir='ltr'><strong><em>uxores</em></strong></span> 
     </span>
    </p>
   </div>
   <div class='ocr_carea' id='block_1_54' title="bbox 1867 2543 3445 2617">
    <p class='ocr_par' dir='ltr' id='par_1_54' title="bbox 1867 2543 3445 2617">
     <span class='ocr_line' id='line_1_54' title="bbox 1867 2543 3445 2617; baseline -0.006 -15"><span class='ocrx_word' id='word_1_389' title='bbox 1867 2548 2153 2617; x_wconf 82' lang='lat' dir='ltr'><strong><em>interﬁcite</em></strong></span> <span class='ocrx_word' id='word_1_390' title='bbox 2178 2546 2248 2600; x_wconf 84' lang='lat' dir='ltr'><strong><em>ad</em></strong></span> <span class='ocrx_word' id='word_1_391' title='bbox 2283 2545 2725 2600; x_wconf 82' lang='lat' dir='ltr'><strong><em>internecionem:</em></strong></span> <span class='ocrx_word' id='word_1_392' title='bbox 2751 2543 2821 2597; x_wconf 82' lang='lat' dir='ltr'><strong><em>ad</em></strong></span> <span class='ocrx_word' id='word_1_393' title='bbox 2849 2559 3025 2598; x_wconf 89' lang='lat' dir='ltr'><strong><em>omnes</em></strong></span> <span class='ocrx_word' id='word_1_394' title='bbox 3062 2549 3241 2596; x_wconf 87' lang='lat' dir='ltr'><strong><em>autem</em></strong></span> <span class='ocrx_word' id='word_1_395' title='bbox 3288 2554 3445 2609; x_wconf 83' lang='lat' dir='ltr'><strong><em>super</em></strong></span> 
     </span>
    </p>
   </div>
   <div class='ocr_carea' id='block_1_55' title="bbox 1868 2628 3445 2710">
    <p class='ocr_par' dir='ltr' id='par_1_55' title="bbox 1868 2628 3445 2710">
     <span class='ocr_line' id='line_1_55' title="bbox 1868 2628 3445 2710; baseline -0.008 -16"><span class='ocrx_word' id='word_1_396' title='bbox 1868 2657 1998 2710; x_wconf 83' lang='lat' dir='ltr'><strong><em>quos</em></strong></span> <span class='ocrx_word' id='word_1_397' title='bbox 2047 2648 2126 2693; x_wconf 89' lang='lat' dir='ltr'><strong><em>est</em></strong></span> <span class='ocrx_word' id='word_1_398' title='bbox 2184 2638 2392 2709; x_wconf 83' lang='lat' dir='ltr'><strong><em>signum</em></strong></span> <span class='ocrx_word' id='word_1_399' title='bbox 2445 2652 2507 2690; x_wconf 87' lang='lat' dir='ltr'><strong><em>ne</em></strong></span> <span class='ocrx_word' id='word_1_400' title='bbox 2558 2635 2846 2700; x_wconf 85' lang='lat' dir='ltr'><strong><em>accedatis,</em></strong></span> <span class='ocrx_word' id='word_1_401' title='bbox 2885 2642 2936 2689; x_wconf 91' lang='lat' dir='ltr'><strong><em>et</em></strong></span> <span class='ocrx_word' id='word_1_402' title='bbox 2977 2649 3011 2686; x_wconf 90' lang='lat' dir='ltr'><strong><em>a</em></strong></span> <span class='ocrx_word' id='word_1_403' title='bbox 3067 2630 3268 2687; x_wconf 86' lang='lat' dir='ltr'><strong><em>sanctis</em></strong></span> <span class='ocrx_word' id='word_1_404' title='bbox 3318 2628 3445 2682; x_wconf 80' lang='lat' dir='ltr'><strong><em>meis</em></strong></span> 
     </span>
    </p>
   </div>
   <div class='ocr_carea' id='block_1_56' title="bbox 1869 2718 3447 2796">
    <p class='ocr_par' dir='ltr' id='par_1_56' title="bbox 1869 2718 3447 2796">
     <span class='ocr_line' id='line_1_56' title="bbox 1869 2718 3447 2796; baseline -0.008 -12"><span class='ocrx_word' id='word_1_405' title='bbox 1869 2731 2102 2796; x_wconf 85' lang='lat' dir='ltr'><strong><em>incipite.</em></strong></span> <span class='ocrx_word' id='word_1_406' title='bbox 2138 2728 2351 2785; x_wconf 75' lang='lat' dir='ltr'><strong><em>Rursus</em></strong></span> <span class='ocrx_word' id='word_1_407' title='bbox 2410 2727 2540 2783; x_wconf 88' lang='lat' dir='ltr'><strong>dico</strong></span> <span class='ocrx_word' id='word_1_408' title='bbox 2573 2743 2587 2780; x_wconf 86' lang='lat'>:</span> <span class='ocrx_word' id='word_1_409' title='bbox 2628 2745 2647 2779; x_wconf 80' lang='grc' dir='ltr'><strong><em>ι</em></strong></span> <span class='ocrx_word' id='word_1_410' title='bbox 2688 2724 3037 2781; x_wconf 84' lang='lat' dir='ltr'><strong><em>Horrendum</em></strong></span> <span class='ocrx_word' id='word_1_411' title='bbox 3084 2729 3171 2779; x_wconf 88' lang='lat' dir='ltr'><strong><em>est</em></strong></span> <span class='ocrx_word' id='word_1_412' title='bbox 3200 2718 3447 2777; x_wconf 82' lang='lat' dir='ltr'><strong><em>incidere</em></strong></span> 
     </span>
    </p>
   </div>
   <div class='ocr_carea' id='block_1_57' title="bbox 1872 2811 3447 2885">
    <p class='ocr_par' dir='ltr' id='par_1_57' title="bbox 1872 2811 3447 2885">
     <span class='ocr_line' id='line_1_57' title="bbox 1872 2811 3447 2885; baseline -0.01 -8"><span class='ocrx_word' id='word_1_413' title='bbox 1872 2824 1925 2877; x_wconf 91' lang='lat' dir='ltr'><strong><em>in</em></strong></span> <span class='ocrx_word' id='word_1_414' title='bbox 1959 2838 2154 2875; x_wconf 84' lang='lat' dir='ltr'><strong><em>manus</em></strong></span> <span class='ocrx_word' id='word_1_415' title='bbox 2188 2821 2280 2875; x_wconf 88' lang='lat' dir='ltr'><strong><em>Dei</em></strong></span> <span class='ocrx_word' id='word_1_416' title='bbox 2308 2820 2571 2883; x_wconf 85' lang='lat' dir='ltr'><strong><em>viventis.</em></strong></span> <span class='ocrx_word' id='word_1_417' title='bbox 2592 2838 2611 2871; x_wconf 78' lang='grc' dir='ltr'><strong><em>ι</em></strong></span> <span class='ocrx_word' id='word_1_418' title='bbox 2636 2818 2945 2875; x_wconf 88' lang='lat' dir='ltr'><strong><em>secundum</em></strong></span> <span class='ocrx_word' id='word_1_419' title='bbox 2969 2815 3024 2871; x_wconf 88' lang='lat' dir='ltr'><strong><em>id</em></strong></span> <span class='ocrx_word' id='word_1_420' title='bbox 3055 2815 3200 2885; x_wconf 88' lang='lat' dir='ltr'><strong><em>quod</em></strong></span> <span class='ocrx_word' id='word_1_421' title='bbox 3234 2811 3447 2866; x_wconf 86' lang='lat' dir='ltr'><strong><em>abeato</em></strong></span> 
     </span>
    </p>
   </div>
   <div class='ocr_carea' id='block_1_58' title="bbox 1870 2900 3447 2977">
    <p class='ocr_par' dir='ltr' id='par_1_58' title="bbox 1870 2900 3447 2977">
     <span class='ocr_line' id='line_1_58' title="bbox 1870 2900 3447 2977; baseline -0.01 -9"><span class='ocrx_word' id='word_1_422' title='bbox 1870 2914 2042 2968; x_wconf 80' lang='lat' dir='ltr'><strong><em>Paulo</em></strong></span> <span class='ocrx_word' id='word_1_423' title='bbox 2071 2914 2274 2967; x_wconf 87' lang='lat' dir='ltr'><strong><em>dicitur</em></strong></span> <span class='ocrx_word' id='word_1_424' title='bbox 2299 2912 2349 2966; x_wconf 70' lang='grc' dir='ltr'><strong><em>ιι.</em></strong></span> <span class='ocrx_word' id='word_1_425' title='bbox 2385 2910 2540 2967; x_wconf 82' lang='lat' dir='ltr'><strong><em>Addo</em></strong></span> <span class='ocrx_word' id='word_1_426' title='bbox 2572 2910 2710 2965; x_wconf 85' lang='lat' dir='ltr'><strong><em>illud</em></strong></span> <span class='ocrx_word' id='word_1_427' title='bbox 2758 2909 2952 2972; x_wconf 88' lang='lat' dir='ltr'><strong><em>etiam,</em></strong></span> <span class='ocrx_word' id='word_1_428' title='bbox 2987 2905 3133 2977; x_wconf 88' lang='lat' dir='ltr'><strong><em>quod</em></strong></span> <span class='ocrx_word' id='word_1_429' title='bbox 3177 2902 3317 2959; x_wconf 82' lang='lat' dir='ltr'><strong><em>dixit</em></strong></span> <span class='ocrx_word' id='word_1_430' title='bbox 3362 2900 3447 2955; x_wconf 84' lang='lat' dir='ltr'><strong><em>di-</em></strong></span> 
     </span>
    </p>
   </div>
   <div class='ocr_carea' id='block_1_59' title="bbox 1871 2995 3447 3070">
    <p class='ocr_par' dir='ltr' id='par_1_59' title="bbox 1871 2995 3447 3070">
     <span class='ocr_line' id='line_1_59' title="bbox 1871 2995 3447 3070; baseline -0.006 -15"><span class='ocrx_word' id='word_1_431' title='bbox 1871 3005 2037 3058; x_wconf 91' lang='lat' dir='ltr'><strong><em>vinus</em></strong></span> <span class='ocrx_word' id='word_1_432' title='bbox 2067 3002 2237 3055; x_wconf 81' lang='lat' dir='ltr'><strong><em>David</em></strong></span> <span class='ocrx_word' id='word_1_433' title='bbox 2273 3017 2287 3053; x_wconf 91' lang='lat'><strong>:</strong></span> <span class='ocrx_word' id='word_1_434' title='bbox 2328 3020 2346 3052; x_wconf 80' lang='grc' dir='ltr'><strong><em>ι</em></strong></span> <span class='ocrx_word' id='word_1_435' title='bbox 2385 2999 2535 3056; x_wconf 82' lang='lat' dir='ltr'><strong><em>Beati</em></strong></span> <span class='ocrx_word' id='word_1_436' title='bbox 2567 3001 2660 3070; x_wconf 87' lang='lat' dir='ltr'><strong><em>qui</em></strong></span> <span class='ocrx_word' id='word_1_437' title='bbox 2698 2999 3018 3055; x_wconf 86' lang='lat' dir='ltr'><strong><em>custodiunt</em></strong></span> <span class='ocrx_word' id='word_1_438' title='bbox 3052 2995 3349 3068; x_wconf 82' lang='lat' dir='ltr'><strong><em>judicium.</em></strong></span> <span class='ocrx_word' id='word_1_439' title='bbox 3390 2998 3447 3048; x_wconf 88' lang='lat' dir='ltr'><strong><em>et</em></strong></span> 
     </span>
    </p>
   </div>
   <div class='ocr_carea' id='block_1_60' title="bbox 223 3083 1767 3174">
    <p class='ocr_par' dir='ltr' id='par_1_60' title="bbox 223 3092 1765 3168">
     <span class='ocr_line' id='line_1_60' title="bbox 223 3092 1765 3168; baseline -0.001 -21"><span class='ocrx_word' id='word_1_440' title='bbox 223 3092 479 3147; x_wconf 80' lang='grc' dir='ltr'>θεσπεσίου</span> <span class='ocrx_word' id='word_1_441' title='bbox 505 3095 701 3149; x_wconf 72' lang='grc' dir='ltr'>Δαϐίδσ</span> <span class='ocrx_word' id='word_1_442' title='bbox 742 3115 761 3149; x_wconf 82' lang='grc' dir='ltr'><strong><em>ι</em></strong></span> <span class='ocrx_word' id='word_1_443' title='bbox 789 3097 1060 3167; x_wconf 80' lang='grc' dir='ltr'>Μακάριοι</span> <span class='ocrx_word' id='word_1_444' title='bbox 1091 3099 1141 3150; x_wconf 80' lang='grc' dir='ltr'>οἱ</span> <span class='ocrx_word' id='word_1_445' title='bbox 1168 3097 1535 3166; x_wconf 80' lang='grc' dir='ltr'>φυλάσσοντες</span> <span class='ocrx_word' id='word_1_446' title='bbox 1566 3096 1765 3168; x_wconf 86' lang='grc' dir='ltr'>κρίσιν,</span> 
     </span>
    </p>
   </div>
   <div class='ocr_carea' id='block_1_61' title="bbox 1874 3083 3442 3174">
    <p class='ocr_par' dir='ltr' id='par_1_61' title="bbox 1874 3083 3442 3164">
     <span class='ocr_line' id='line_1_61' title="bbox 1874 3083 3442 3164; baseline -0.01 -13"><span class='ocrx_word' id='word_1_447' title='bbox 1874 3096 2085 3152; x_wconf 84' lang='lat' dir='ltr'><strong><em>l‘aciunt</em></strong></span> <span class='ocrx_word' id='word_1_448' title='bbox 2114 3093 2383 3164; x_wconf 83' lang='lat' dir='ltr'><strong><em>justitiam</em></strong></span> <span class='ocrx_word' id='word_1_449' title='bbox 2403 3092 2566 3163; x_wconf 78' lang='lat'><strong><em>739</em></strong></span> <span class='ocrx_word' id='word_1_450' title='bbox 2582 3093 2636 3147; x_wconf 90' lang='lat' dir='ltr'><strong><em>in</em></strong></span> <span class='ocrx_word' id='word_1_451' title='bbox 2662 3092 2814 3147; x_wconf 88' lang='lat' dir='ltr'><strong><em>omni</em></strong></span> <span class='ocrx_word' id='word_1_452' title='bbox 2835 3098 3086 3161; x_wconf 88' lang='lat' dir='ltr'><strong><em>tempore</em></strong></span> <span class='ocrx_word' id='word_1_453' title='bbox 3104 3099 3153 3156; x_wconf 67' lang='lat' dir='ltr'><strong><em>c;</em></strong></span> <span class='ocrx_word' id='word_1_454' title='bbox 3182 3087 3272 3143; x_wconf 89' lang='lat' dir='ltr'><strong><em>die</em></strong></span> <span class='ocrx_word' id='word_1_455' title='bbox 3293 3083 3442 3141; x_wconf 89' lang='lat' dir='ltr'><strong><em>enim</em></strong></span> 
     </span>
    </p>
   </div>
   <div class='ocr_carea' id='block_1_62' title="bbox 221 3185 1771 3259">
    <p class='ocr_par' dir='ltr' id='par_1_62' title="bbox 221 3185 1771 3259">
     <span class='ocr_line' id='line_1_62' title="bbox 221 3185 1771 3259; baseline 0.002 -21"><span class='ocrx_word' id='word_1_456' title='bbox 221 3185 297 3239; x_wconf 81' lang='grc' dir='ltr'>καὶ</span> <span class='ocrx_word' id='word_1_457' title='bbox 321 3185 595 3250; x_wconf 82' lang='grc' dir='ltr'>ποιοῦντες</span> <span class='ocrx_word' id='word_1_458' title='bbox 626 3188 974 3259; x_wconf 83' lang='grc' dir='ltr'>δικαιοσύνην</span> <span class='ocrx_word' id='word_1_459' title='bbox 998 3189 1056 3241; x_wconf 82' lang='grc' dir='ltr'>ὲν</span> <span class='ocrx_word' id='word_1_460' title='bbox 1081 3189 1237 3242; x_wconf 74' lang='grc' dir='ltr'>παντὶ</span> <span class='ocrx_word' id='word_1_461' title='bbox 1262 3188 1465 3259; x_wconf 74' lang='grc' dir='ltr'><strong><em>καιρῷ⁹</em></strong></span> <span class='ocrx_word' id='word_1_462' title='bbox 1494 3189 1553 3242; x_wconf 84' lang='grc' dir='ltr'>ὲν</span> <span class='ocrx_word' id='word_1_463' title='bbox 1587 3190 1771 3258; x_wconf 70' lang='grc' dir='ltr'>ἡμέρᾳ</span> 
     </span>
    </p>
   </div>
   <div class='ocr_carea' id='block_1_63' title="bbox 221 3277 1772 3352">
    <p class='ocr_par' dir='ltr' id='par_1_63' title="bbox 221 3277 1772 3352">
     <span class='ocr_line' id='line_1_63' title="bbox 221 3277 1772 3352; baseline 0.003 -22"><span class='ocrx_word' id='word_1_464' title='bbox 221 3277 312 3347; x_wconf 71' lang='grc' dir='ltr'><strong><em>γὰρ</em></strong></span> <span class='ocrx_word' id='word_1_465' title='bbox 334 3281 538 3350; x_wconf 79' lang='grc' dir='ltr'>πονηρᾷ</span> <span class='ocrx_word' id='word_1_466' title='bbox 566 3278 790 3351; x_wconf 80' lang='grc' dir='ltr'>ῥύσεται</span> <span class='ocrx_word' id='word_1_467' title='bbox 809 3281 1005 3344; x_wconf 77' lang='grc' dir='ltr'>αὐτοὺς</span> <span class='ocrx_word' id='word_1_468' title='bbox 1034 3280 1079 3313; x_wconf 70' lang='grc'><strong><em>’⁸⁸</em></strong></span> <span class='ocrx_word' id='word_1_469' title='bbox 1108 3282 1136 3334; x_wconf 84' lang='grc' dir='ltr'>ὁ</span> <span class='ocrx_word' id='word_1_470' title='bbox 1163 3280 1419 3352; x_wconf 75' lang='grc' dir='ltr'>Κύριος.)</span> <span class='ocrx_word' id='word_1_471' title='bbox 1461 3280 1772 3350; x_wconf 86' lang='grc' dir='ltr'>Ἀμφότερα</span> 
     </span>
    </p>
   </div>
   <div class='ocr_carea' id='block_1_64' title="bbox 220 3368 1772 3445">
    <p class='ocr_par' dir='ltr' id='par_1_64' title="bbox 220 3368 1772 3445">
     <span class='ocr_line' id='line_1_64' title="bbox 220 3368 1772 3445; baseline 0.002 -24"><span class='ocrx_word' id='word_1_472' title='bbox 220 3369 310 3440; x_wconf 83' lang='grc' dir='ltr'><strong><em>γὰρ</em></strong></span> <span class='ocrx_word' id='word_1_473' title='bbox 322 3368 486 3424; x_wconf 85' lang='grc' dir='ltr'>ταῦτα</span> <span class='ocrx_word' id='word_1_474' title='bbox 504 3372 560 3424; x_wconf 77' lang='grc' dir='ltr'>ὲν</span> <span class='ocrx_word' id='word_1_475' title='bbox 587 3374 703 3435; x_wconf 79' lang='grc' dir='ltr'>τοῖς</span> <span class='ocrx_word' id='word_1_476' title='bbox 733 3372 933 3443; x_wconf 74' lang='grc' dir='ltr'>ἀρτίως</span> <span class='ocrx_word' id='word_1_477' title='bbox 955 3372 1263 3445; x_wconf 74' lang='grc' dir='ltr'>εἰρημένοις</span> <span class='ocrx_word' id='word_1_478' title='bbox 1283 3372 1772 3442; x_wconf 82' lang='grc' dir='ltr'>εὑρίσκομεν,τοὺς</span> 
     </span>
    </p>
   </div>
   <div class='ocr_carea' id='block_1_65' title="bbox 224 3460 1773 3533">
    <p class='ocr_par' dir='ltr' id='par_1_65' title="bbox 224 3460 1773 3533">
     <span class='ocr_line' id='line_1_65' title="bbox 224 3460 1773 3533; baseline 0.002 -20"><span class='ocrx_word' id='word_1_479' title='bbox 224 3460 307 3530; x_wconf 78' lang='grc' dir='ltr'>μὲν</span> <span class='ocrx_word' id='word_1_480' title='bbox 336 3462 562 3530; x_wconf 77' lang='grc' dir='ltr'>ἀφειδῶς</span> <span class='ocrx_word' id='word_1_481' title='bbox 596 3465 849 3533; x_wconf 77' lang='grc' dir='ltr'>παγγενῆ</span> <span class='ocrx_word' id='word_1_482' title='bbox 883 3464 1270 3533; x_wconf 80' lang='grc' dir='ltr'>κοπτομένους,</span> <span class='ocrx_word' id='word_1_483' title='bbox 1300 3464 1396 3517; x_wconf 77' lang='grc' dir='ltr'>καὶ</span> <span class='ocrx_word' id='word_1_484' title='bbox 1427 3462 1569 3517; x_wconf 87' lang='grc' dir='ltr'><strong><em>κατὰ</em></strong></span> <span class='ocrx_word' id='word_1_485' title='bbox 1592 3464 1773 3532; x_wconf 72' lang='grc' dir='ltr'>πάσης</span> 
     </span>
    </p>
   </div>
   <div class='ocr_carea' id='block_1_66' title="bbox 223 3551 1771 3626">
    <p class='ocr_par' dir='ltr' id='par_1_66' title="bbox 223 3551 1771 3626">
     <span class='ocr_line' id='line_1_66' title="bbox 223 3551 1771 3626; baseline 0.001 -22"><span class='ocrx_word' id='word_1_486' title='bbox 223 3551 413 3621; x_wconf 71' lang='grc' dir='ltr'>ἡλικίας</span> <span class='ocrx_word' id='word_1_487' title='bbox 434 3555 715 3624; x_wconf 82' lang='grc' dir='ltr'>χωροῦσαν</span> <span class='ocrx_word' id='word_1_488' title='bbox 744 3555 843 3626; x_wconf 84' lang='grc' dir='ltr'>τὴν</span> <span class='ocrx_word' id='word_1_489' title='bbox 866 3556 1154 3626; x_wconf 70' lang='grc' dir='ltr'><strong><em>’τιμωρίαν⁸</em></strong></span> <span class='ocrx_word' id='word_1_490' title='bbox 1181 3556 1308 3618; x_wconf 85' lang='grc' dir='ltr'>τοὺς</span> <span class='ocrx_word' id='word_1_491' title='bbox 1334 3556 1390 3609; x_wconf 79' lang='grc' dir='ltr'>δὲ</span> <span class='ocrx_word' id='word_1_492' title='bbox 1417 3555 1641 3617; x_wconf 86' lang='grc' dir='ltr'>δικαίως</span> <span class='ocrx_word' id='word_1_493' title='bbox 1664 3571 1771 3607; x_wconf 86' lang='grc' dir='ltr'>σω-</span> 
     </span>
    </p>
   </div>
   <div class='ocr_carea' id='block_1_67' title="bbox 222 3641 1772 3718">
    <p class='ocr_par' dir='ltr' id='par_1_67' title="bbox 222 3641 1772 3718">
     <span class='ocr_line' id='line_1_67' title="bbox 222 3641 1772 3718; baseline 0.001 -22"><span class='ocrx_word' id='word_1_494' title='bbox 222 3641 475 3713; x_wconf 74' lang='grc' dir='ltr'>ζομίνους,</span> <span class='ocrx_word' id='word_1_495' title='bbox 492 3646 701 3717; x_wconf 74' lang='grc' dir='ltr'>καὶτῆς</span> <span class='ocrx_word' id='word_1_496' title='bbox 728 3646 953 3701; x_wconf 77' lang='grc' dir='ltr'>ἐκείνων</span> <span class='ocrx_word' id='word_1_497' title='bbox 969 3646 1254 3710; x_wconf 85' lang='grc' dir='ltr'>κοινωνίας</span> <span class='ocrx_word' id='word_1_498' title='bbox 1285 3646 1542 3718; x_wconf 77' lang='grc' dir='ltr'>μένοντας</span> <span class='ocrx_word' id='word_1_499' title='bbox 1564 3644 1772 3698; x_wconf 75' lang='grc' dir='ltr'>ἐλευθέο</span> 
     </span>
    </p>
   </div>
   <div class='ocr_carea' id='block_1_68' title="bbox 226 3734 1773 3807">
    <p class='ocr_par' dir='ltr' id='par_1_68' title="bbox 226 3734 1773 3807">
     <span class='ocr_line' id='line_1_68' title="bbox 226 3734 1773 3807; baseline 0.002 -21"><span class='ocrx_word' id='word_1_500' title='bbox 226 3750 348 3804; x_wconf 80' lang='grc' dir='ltr'>ρους.</span> <span class='ocrx_word' id='word_1_501' title='bbox 361 3734 579 3789; x_wconf 81' lang='grc' dir='ltr'>Κελεύει</span> <span class='ocrx_word' id='word_1_502' title='bbox 593 3736 649 3789; x_wconf 82' lang='grc' dir='ltr'>δὲ</span> <span class='ocrx_word' id='word_1_503' title='bbox 664 3735 775 3791; x_wconf 78' lang='grc' dir='ltr'><strong><em>ἀπὸ</em></strong></span> <span class='ocrx_word' id='word_1_504' title='bbox 797 3736 902 3790; x_wconf 83' lang='grc' dir='ltr'><strong><em>τῶν</em></strong></span> <span class='ocrx_word' id='word_1_505' title='bbox 916 3736 1087 3806; x_wconf 81' lang='grc' dir='ltr'>ἁγίων</span> <span class='ocrx_word' id='word_1_506' title='bbox 1103 3736 1269 3791; x_wconf 83' lang='grc' dir='ltr'>αὐτοῦ</span> <span class='ocrx_word' id='word_1_507' title='bbox 1286 3737 1383 3798; x_wconf 78' lang='grc' dir='ltr'><strong><em>τὰς</em></strong></span> <span class='ocrx_word' id='word_1_508' title='bbox 1398 3754 1451 3788; x_wconf 87' lang='grc' dir='ltr'><strong><em>τι</em></strong></span> <span class='ocrx_word' id='word_1_509' title='bbox 1459 3734 1773 3807; x_wconf 81' lang='grc' dir='ltr'>μωρητικὰς</span> 
     </span>
    </p>
   </div>
   <div class='ocr_carea' id='block_1_69' title="bbox 224 3822 1770 3897">
    <p class='ocr_par' dir='ltr' id='par_1_69' title="bbox 224 3822 1770 3897">
     <span class='ocr_line' id='line_1_69' title="bbox 224 3822 1770 3897; baseline 0 -21"><span class='ocrx_word' id='word_1_510' title='bbox 224 3822 469 3894; x_wconf 77' lang='grc' dir='ltr'>ἄρξασθαι</span> <span class='ocrx_word' id='word_1_511' title='bbox 496 3825 774 3896; x_wconf 85' lang='grc' dir='ltr'>δυνάμεις,</span> <span class='ocrx_word' id='word_1_512' title='bbox 798 3826 898 3879; x_wconf 81' lang='grc' dir='ltr'>οὐκ</span> <span class='ocrx_word' id='word_1_513' title='bbox 910 3824 1124 3897; x_wconf 80' lang='grc' dir='ltr'>ἀληθῶς</span> <span class='ocrx_word' id='word_1_514' title='bbox 1140 3826 1329 3893; x_wconf 84' lang='grc' dir='ltr'>ἁγίους</span> <span class='ocrx_word' id='word_1_515' title='bbox 1357 3826 1550 3888; x_wconf 77' lang='grc' dir='ltr'>αὐτοὺς</span> <span class='ocrx_word' id='word_1_516' title='bbox 1570 3823 1770 3894; x_wconf 86' lang='grc' dir='ltr'>ὀνομά-</span> 
     </span>
    </p>
   </div>
   <div class='ocr_carea' id='block_1_70' title="bbox 225 3910 1773 3987">
    <p class='ocr_par' dir='ltr' id='par_1_70' title="bbox 225 3910 1773 3987">
     <span class='ocr_line' id='line_1_70' title="bbox 225 3910 1773 3987; baseline 0.002 -22"><span class='ocrx_word' id='word_1_517' title='bbox 225 3910 334 3978; x_wconf 80' lang='grc' dir='ltr'>ζων,</span> <span class='ocrx_word' id='word_1_518' title='bbox 355 3914 463 3968; x_wconf 85' lang='grc' dir='ltr'>ἁλλ’</span> <span class='ocrx_word' id='word_1_519' title='bbox 474 3916 659 3986; x_wconf 65' lang='grc' dir='ltr'>ἐπειδὴ</span> <span class='ocrx_word' id='word_1_520' title='bbox 670 3916 826 3970; x_wconf 86' lang='grc' dir='ltr'>τοῦτο</span> <span class='ocrx_word' id='word_1_521' title='bbox 842 3913 978 3970; x_wconf 75' lang='grc' dir='ltr'>εἶναι</span> <span class='ocrx_word' id='word_1_522' title='bbox 998 3917 1172 3970; x_wconf 84' lang='grc' dir='ltr'>ύπελα</span> <span class='ocrx_word' id='word_1_523' title='bbox 1180 3916 1463 3987; x_wconf 76' lang='grc' dir='ltr'>μϐάνοντο,</span> <span class='ocrx_word' id='word_1_524' title='bbox 1482 3917 1555 3980; x_wconf 83' lang='grc' dir='ltr'>ὡς</span> <span class='ocrx_word' id='word_1_525' title='bbox 1583 3917 1661 3979; x_wconf 85' lang='grc' dir='ltr'><strong><em>είς</em></strong></span> <span class='ocrx_word' id='word_1_526' title='bbox 1674 3916 1773 3985; x_wconf 82' lang='grc' dir='ltr'>τὴν</span> 
     </span>
    </p>
   </div>
   <div class='ocr_carea' id='block_1_71' title="bbox 226 4002 1774 4081">
    <p class='ocr_par' dir='ltr' id='par_1_71' title="bbox 226 4002 1774 4081">
     <span class='ocr_line' id='line_1_71' title="bbox 226 4002 1774 4081; baseline 0.005 -26"><span class='ocrx_word' id='word_1_527' title='bbox 226 4002 354 4058; x_wconf 80' lang='grc' dir='ltr'>θείαν</span> <span class='ocrx_word' id='word_1_528' title='bbox 366 4005 651 4078; x_wconf 84' lang='grc' dir='ltr'>θεραπείαν</span> <span class='ocrx_word' id='word_1_529' title='bbox 665 4008 1057 4080; x_wconf 71' lang='grc' dir='ltr'>ἁφωρισμένοι.</span> <span class='ocrx_word' id='word_1_530' title='bbox 1081 4011 1154 4063; x_wconf 82' lang='grc' dir='ltr'><strong><em>Οὐ</em></strong></span> <span class='ocrx_word' id='word_1_531' title='bbox 1168 4010 1294 4081; x_wconf 82' lang='grc' dir='ltr'>γὰρ,</span> <span class='ocrx_word' id='word_1_532' title='bbox 1314 4009 1390 4074; x_wconf 82' lang='grc' dir='ltr'>ὥς</span> <span class='ocrx_word' id='word_1_533' title='bbox 1414 4026 1556 4071; x_wconf 87' lang='grc' dir='ltr'>τινες</span> <span class='ocrx_word' id='word_1_534' title='bbox 1574 4008 1774 4062; x_wconf 85' lang='grc' dir='ltr'>ὑπέλα-</span> 
     </span>
    </p>
   </div>
   <div class='ocr_carea' id='block_1_72' title="bbox 227 4092 1774 4172">
    <p class='ocr_par' dir='ltr' id='par_1_72' title="bbox 227 4092 1774 4172">
     <span class='ocr_line' id='line_1_72' title="bbox 227 4092 1774 4172; baseline -0.004 -17"><span class='ocrx_word' id='word_1_535' title='bbox 227 4092 304 4147; x_wconf 75' lang='grc' dir='ltr'>6ον</span> <span class='ocrx_word' id='word_1_536' title='bbox 323 4098 440 4168; x_wconf 71' lang='grc' dir='ltr'>περὶ</span> <span class='ocrx_word' id='word_1_537' title='bbox 452 4098 556 4154; x_wconf 83' lang='grc' dir='ltr'><strong><em>τῶν</em></strong></span> <span class='ocrx_word' id='word_1_538' title='bbox 566 4099 739 4168; x_wconf 80' lang='grc' dir='ltr'>ἁγίων</span> <span class='ocrx_word' id='word_1_539' title='bbox 760 4099 940 4154; x_wconf 86' lang='grc' dir='ltr'>τόπων</span> <span class='ocrx_word' id='word_1_540' title='bbox 950 4098 1109 4153; x_wconf 85' lang='grc' dir='ltr'>τοῦτο</span> <span class='ocrx_word' id='word_1_541' title='bbox 1127 4099 1347 4172; x_wconf 67' lang='grc' dir='ltr'>ἐρρέθη,</span> <span class='ocrx_word' id='word_1_542' title='bbox 1366 4099 1503 4153; x_wconf 76' lang='grc' dir='ltr'>ἀλλὰ</span> <span class='ocrx_word' id='word_1_543' title='bbox 1525 4115 1588 4152; x_wconf 87' lang='grc' dir='ltr'><strong><em>πε</em></strong></span> <span class='ocrx_word' id='word_1_544' title='bbox 1597 4099 1652 4169; x_wconf 75' lang='lat' dir='ltr'><strong><em>pl.</em></strong></span> <span class='ocrx_word' id='word_1_545' title='bbox 1667 4098 1774 4150; x_wconf 87' lang='grc' dir='ltr'>τῶν</span> 
     </span>
    </p>
   </div>
   <div class='ocr_carea' id='block_1_73' title="bbox 226 4186 1769 4261">
    <p class='ocr_par' dir='ltr' id='par_1_73' title="bbox 226 4186 1769 4261">
     <span class='ocr_line' id='line_1_73' title="bbox 226 4186 1769 4261; baseline -0.003 -21"><span class='ocrx_word' id='word_1_546' title='bbox 226 4186 589 4258; x_wconf 78' lang='grc' dir='ltr'>ἀφωρισμένων</span> <span class='ocrx_word' id='word_1_547' title='bbox 618 4192 699 4254; x_wconf 87' lang='grc' dir='ltr'><strong><em>εἰς</em></strong></span> <span class='ocrx_word' id='word_1_548' title='bbox 720 4190 818 4261; x_wconf 82' lang='grc' dir='ltr'>τὴν</span> <span class='ocrx_word' id='word_1_549' title='bbox 841 4192 936 4243; x_wconf 88' lang='grc' dir='ltr'><strong><em>τοῦ</em></strong></span> <span class='ocrx_word' id='word_1_550' title='bbox 967 4191 1102 4243; x_wconf 87' lang='grc' dir='ltr'>Θεοῦ</span> <span class='ocrx_word' id='word_1_551' title='bbox 1123 4189 1418 4261; x_wconf 84' lang='grc' dir='ltr'>θεραπείαν</span> <span class='ocrx_word' id='word_1_552' title='bbox 1445 4187 1769 4255; x_wconf 58' lang='grc' dir='ltr'>ἀνθρώπων</span> 
     </span>
    </p>
   </div>
   <div class='ocr_carea' id='block_1_74' title="bbox 229 4277 1773 4355">
    <p class='ocr_par' dir='ltr' id='par_1_74' title="bbox 229 4277 1773 4355">
     <span class='ocr_line' id='line_1_74' title="bbox 229 4277 1773 4355; baseline 0.001 -24"><span class='ocrx_word' id='word_1_553' title='bbox 229 4277 472 4333; x_wconf 73' lang='grc' dir='ltr'>καὶτοῦτο</span> <span class='ocrx_word' id='word_1_554' title='bbox 502 4281 663 4348; x_wconf 76' lang='grc' dir='ltr'>δῆλον</span> <span class='ocrx_word' id='word_1_555' title='bbox 683 4282 750 4335; x_wconf 74' lang='grc' dir='ltr'>τὶι</span> <span class='ocrx_word' id='word_1_556' title='bbox 777 4282 905 4354; x_wconf 78' lang='grc' dir='ltr'><strong><em>ἑξῆς</em></strong></span> <span class='ocrx_word' id='word_1_557' title='bbox 930 4283 1027 4352; x_wconf 78' lang='grc' dir='ltr'>τῆς</span> <span class='ocrx_word' id='word_1_558' title='bbox 1053 4282 1386 4355; x_wconf 76' lang='grc' dir='ltr'>προφητείας</span> <span class='ocrx_word' id='word_1_559' title='bbox 1409 4282 1575 4335; x_wconf 79' lang='grc' dir='ltr'>ποιεῖ.</span> <span class='ocrx_word' id='word_1_560' title='bbox 1599 4279 1773 4342; x_wconf 76' lang='grc' dir='ltr'>Εὐθὺς</span> 
     </span>
    </p>
   </div>
   <div class='ocr_carea' id='block_1_75' title="bbox 228 4368 1772 4445">
    <p class='ocr_par' dir='ltr' id='par_1_75' title="bbox 228 4368 1772 4445">
     <span class='ocr_line' id='line_1_75' title="bbox 228 4368 1772 4445; baseline -0.007 -11"><span class='ocrx_word' id='word_1_561' title='bbox 228 4368 321 4437; x_wconf 77' lang='grc' dir='ltr'>τάρ</span> <span class='ocrx_word' id='word_1_562' title='bbox 339 4370 518 4439; x_wconf 75' lang='grc' dir='ltr'>ἐπάγει</span> <span class='ocrx_word' id='word_1_563' title='bbox 538 4390 551 4404; x_wconf 79' lang='grc' dir='ltr'><strong>ο</strong></span> <span class='ocrx_word' id='word_1_564' title='bbox 592 4391 611 4424; x_wconf 81' lang='grc' dir='ltr'><strong><em>ι</em></strong></span> <span class='ocrx_word' id='word_1_565' title='bbox 641 4374 755 4427; x_wconf 78' lang='grc' dir='ltr'><strong><em>Καὶ</em></strong></span> <span class='ocrx_word' id='word_1_566' title='bbox 815 4374 1020 4445; x_wconf 71' lang='grc' dir='ltr'>ἤρξατο</span> <span class='ocrx_word' id='word_1_567' title='bbox 1057 4373 1101 4405; x_wconf 75' lang='grc'><strong><em>’⁸³</em></strong></span> <span class='ocrx_word' id='word_1_568' title='bbox 1149 4372 1258 4425; x_wconf 76' lang='grc' dir='ltr'><strong><em>ἀπὸ</em></strong></span> <span class='ocrx_word' id='word_1_569' title='bbox 1289 4372 1397 4426; x_wconf 85' lang='grc' dir='ltr'><strong><em>τῶν</em></strong></span> <span class='ocrx_word' id='word_1_570' title='bbox 1427 4370 1634 4442; x_wconf 85' lang='grc' dir='ltr'>ἀνδρῶν</span> <span class='ocrx_word' id='word_1_571' title='bbox 1663 4370 1772 4423; x_wconf 85' lang='grc' dir='ltr'>τῶν</span> 
     </span>
    </p>
   </div>
   <div class='ocr_carea' id='block_1_76' title="bbox 1875 3176 3448 3252">
    <p class='ocr_par' dir='ltr' id='par_1_76' title="bbox 1875 3176 3448 3252">
     <span class='ocr_line' id='line_1_76' title="bbox 1875 3176 3448 3252; baseline -0.008 -10"><span class='ocrx_word' id='word_1_572' title='bbox 1875 3187 2019 3242; x_wconf 75' lang='grc' dir='ltr'>ιιιιιιο</span> <span class='ocrx_word' id='word_1_573' title='bbox 2050 3184 2307 3243; x_wconf 86' lang='lat' dir='ltr'><strong><em>liberabit</em></strong></span> <span class='ocrx_word' id='word_1_574' title='bbox 2337 3199 2432 3239; x_wconf 88' lang='lat' dir='ltr'><strong><em>eos</em></strong></span> <span class='ocrx_word' id='word_1_575' title='bbox 2468 3182 2732 3239; x_wconf 86' lang='lat' dir='ltr'><strong><em>Dominus</em></strong></span> <span class='ocrx_word' id='word_1_576' title='bbox 2748 3182 2798 3235; x_wconf 75' lang='grc' dir='ltr'><strong><em>ά.</em></strong></span> <span class='ocrx_word' id='word_1_577' title='bbox 2830 3201 2850 3235; x_wconf 75' lang='grc' dir='ltr'><strong><em>ι</em></strong></span> <span class='ocrx_word' id='word_1_578' title='bbox 2879 3180 3124 3252; x_wconf 87' lang='lat' dir='ltr'><strong><em>Utraque</em></strong></span> <span class='ocrx_word' id='word_1_579' title='bbox 3153 3178 3301 3235; x_wconf 87' lang='lat' dir='ltr'><strong><em>enim</em></strong></span> <span class='ocrx_word' id='word_1_580' title='bbox 3331 3176 3448 3231; x_wconf 63' lang='lat' dir='ltr'><strong><em>hac</em></strong></span> 
     </span>
    </p>
   </div>
   <div class='ocr_carea' id='block_1_77' title="bbox 1873 3268 3447 3349">
    <p class='ocr_par' dir='ltr' id='par_1_77' title="bbox 1873 3268 3447 3349">
     <span class='ocr_line' id='line_1_77' title="bbox 1873 3268 3447 3349; baseline -0.006 -17"><span class='ocrx_word' id='word_1_581' title='bbox 1873 3279 1929 3333; x_wconf 91' lang='lat' dir='ltr'><strong><em>in</em></strong></span> <span class='ocrx_word' id='word_1_582' title='bbox 1979 3279 2047 3333; x_wconf 86' lang='lat' dir='ltr'><strong><em>iis</em></strong></span> <span class='ocrx_word' id='word_1_583' title='bbox 2100 3293 2221 3349; x_wconf 64' lang='lat' dir='ltr'><strong><em>qua:</em></strong></span> <span class='ocrx_word' id='word_1_584' title='bbox 2271 3276 2435 3331; x_wconf 86' lang='lat' dir='ltr'><strong><em>modo</em></strong></span> <span class='ocrx_word' id='word_1_585' title='bbox 2472 3275 2619 3331; x_wconf 89' lang='lat' dir='ltr'><strong><em>dicta</em></strong></span> <span class='ocrx_word' id='word_1_586' title='bbox 2648 3279 2673 3311; x_wconf 80' lang='grc'><strong><em>⁶-</em></strong></span> <span class='ocrx_word' id='word_1_587' title='bbox 2722 3282 2853 3331; x_wconf 89' lang='lat' dir='ltr'><strong><em>sunt</em></strong></span> <span class='ocrx_word' id='word_1_588' title='bbox 2886 3272 3292 3344; x_wconf 87' lang='lat' dir='ltr'><strong><em>comperimus:</em></strong></span> <span class='ocrx_word' id='word_1_589' title='bbox 3342 3268 3447 3324; x_wconf 87' lang='lat' dir='ltr'><strong><em>bos</em></strong></span> 
     </span>
    </p>
   </div>
   <div class='ocr_carea' id='block_1_78' title="bbox 1873 3361 3442 3440">
    <p class='ocr_par' dir='ltr' id='par_1_78' title="bbox 1873 3361 3442 3440">
     <span class='ocr_line' id='line_1_78' title="bbox 1873 3361 3442 3440; baseline -0.006 -15"><span class='ocrx_word' id='word_1_590' title='bbox 1873 3370 2093 3440; x_wconf 84' lang='lat' dir='ltr'><strong><em>quidem</em></strong></span> <span class='ocrx_word' id='word_1_591' title='bbox 2126 3385 2251 3424; x_wconf 89' lang='lat' dir='ltr'><strong><em>cum</em></strong></span> <span class='ocrx_word' id='word_1_592' title='bbox 2286 3376 2402 3423; x_wconf 90' lang='lat' dir='ltr'><strong><em>toto</em></strong></span> <span class='ocrx_word' id='word_1_593' title='bbox 2434 3383 2635 3439; x_wconf 84' lang='lat' dir='ltr'><strong><em>genere</em></strong></span> <span class='ocrx_word' id='word_1_594' title='bbox 2678 3368 2815 3424; x_wconf 66' lang='lat' dir='ltr'><strong><em>caedi</em></strong></span> <span class='ocrx_word' id='word_1_595' title='bbox 2848 3367 3060 3437; x_wconf 84' lang='lat' dir='ltr'><strong><em>absque</em></strong></span> <span class='ocrx_word' id='word_1_596' title='bbox 3110 3365 3220 3420; x_wconf 84' lang='lat' dir='ltr'><strong><em>ulla</em></strong></span> <span class='ocrx_word' id='word_1_597' title='bbox 3256 3361 3442 3427; x_wconf 87' lang='lat' dir='ltr'><strong><em>venia,</em></strong></span> 
     </span>
    </p>
   </div>
   <div class='ocr_carea' id='block_1_79' title="bbox 1873 3455 3449 3531">
    <p class='ocr_par' dir='ltr' id='par_1_79' title="bbox 1873 3455 3449 3531">
     <span class='ocr_line' id='line_1_79' title="bbox 1873 3455 3449 3531; baseline -0.004 -13"><span class='ocrx_word' id='word_1_598' title='bbox 1873 3471 1927 3519; x_wconf 88' lang='lat' dir='ltr'><strong><em>et</em></strong></span> <span class='ocrx_word' id='word_1_599' title='bbox 1962 3463 2029 3517; x_wconf 87' lang='lat' dir='ltr'><strong><em>ad</em></strong></span> <span class='ocrx_word' id='word_1_600' title='bbox 2062 3478 2277 3517; x_wconf 86' lang='lat' dir='ltr'><strong><em>omnem</em></strong></span> <span class='ocrx_word' id='word_1_601' title='bbox 2309 3469 2525 3516; x_wconf 67' lang='lat' dir='ltr'><strong><em>aetatem</em></strong></span> <span class='ocrx_word' id='word_1_602' title='bbox 2582 3461 2885 3531; x_wconf 86' lang='lat' dir='ltr'><strong><em>pervadere</em></strong></span> <span class='ocrx_word' id='word_1_603' title='bbox 2919 3457 3288 3529; x_wconf 87' lang='lat' dir='ltr'><strong><em>supplicium;</em></strong></span> <span class='ocrx_word' id='word_1_604' title='bbox 3323 3455 3449 3511; x_wconf 82' lang='lat' dir='ltr'><strong><em>illos</em></strong></span> 
     </span>
    </p>
   </div>
   <div class='ocr_carea' id='block_1_80' title="bbox 1876 3546 3451 3621">
    <p class='ocr_par' dir='ltr' id='par_1_80' title="bbox 1876 3546 3451 3621">
     <span class='ocr_line' id='line_1_80' title="bbox 1876 3546 3451 3621; baseline -0.003 -16"><span class='ocrx_word' id='word_1_605' title='bbox 1876 3567 2004 3607; x_wconf 84' lang='lat' dir='ltr'><strong><em>vero</em></strong></span> <span class='ocrx_word' id='word_1_606' title='bbox 2056 3549 2204 3621; x_wconf 89' lang='lat' dir='ltr'><strong><em>juste</em></strong></span> <span class='ocrx_word' id='word_1_607' title='bbox 2255 3552 2486 3615; x_wconf 84' lang='lat' dir='ltr'><strong><em>servari,</em></strong></span> <span class='ocrx_word' id='word_1_608' title='bbox 2518 3561 2572 3606; x_wconf 90' lang='lat' dir='ltr'><strong><em>et</em></strong></span> <span class='ocrx_word' id='word_1_609' title='bbox 2624 3553 2693 3606; x_wconf 80' lang='lat' dir='ltr'><strong><em>al)</em></strong></span> <span class='ocrx_word' id='word_1_610' title='bbox 2725 3566 2915 3607; x_wconf 90' lang='lat' dir='ltr'><strong><em>eorum</em></strong></span> <span class='ocrx_word' id='word_1_611' title='bbox 2961 3549 3353 3605; x_wconf 86' lang='lat' dir='ltr'><strong><em>communione</em></strong></span> <span class='ocrx_word' id='word_1_612' title='bbox 3380 3546 3451 3602; x_wconf 82' lang='lat' dir='ltr'><strong><em>li-</em></strong></span> 
     </span>
    </p>
   </div>
   <div class='ocr_carea' id='block_1_81' title="bbox 1876 3637 3448 3713">
    <p class='ocr_par' dir='ltr' id='par_1_81' title="bbox 1876 3637 3448 3713">
     <span class='ocr_line' id='line_1_81' title="bbox 1876 3637 3448 3713; baseline -0.003 -15"><span class='ocrx_word' id='word_1_613' title='bbox 1876 3643 2040 3699; x_wconf 89' lang='lat' dir='ltr'><strong><em>beros</em></strong></span> <span class='ocrx_word' id='word_1_614' title='bbox 2093 3658 2437 3713; x_wconf 74' lang='lat' dir='ltr'><strong><em>permanere.</em></strong></span> <span class='ocrx_word' id='word_1_615' title='bbox 2492 3641 2657 3698; x_wconf 83' lang='lat' dir='ltr'><strong><em>Jubet</em></strong></span> <span class='ocrx_word' id='word_1_616' title='bbox 2703 3657 2834 3697; x_wconf 87' lang='lat' dir='ltr'><strong><em>vero</em></strong></span> <span class='ocrx_word' id='word_1_617' title='bbox 2881 3650 2941 3697; x_wconf 92' lang='lat' dir='ltr'><strong><em>ut</em></strong></span> <span class='ocrx_word' id='word_1_618' title='bbox 2981 3656 3012 3696; x_wconf 91' lang='lat' dir='ltr'><strong><em>a</em></strong></span> <span class='ocrx_word' id='word_1_619' title='bbox 3059 3640 3271 3697; x_wconf 88' lang='lat' dir='ltr'><strong><em>sanctis</em></strong></span> <span class='ocrx_word' id='word_1_620' title='bbox 3324 3637 3448 3708; x_wconf 87' lang='lat' dir='ltr'><strong><em>ejus</em></strong></span> 
     </span>
    </p>
   </div>
   <div class='ocr_carea' id='block_1_82' title="bbox 1875 3734 3448 3806">
    <p class='ocr_par' dir='ltr' id='par_1_82' title="bbox 1875 3734 3448 3806">
     <span class='ocr_line' id='line_1_82' title="bbox 1875 3734 3448 3806; baseline -0.006 -14"><span class='ocrx_word' id='word_1_621' title='bbox 1875 3738 2105 3792; x_wconf 82' lang='lat' dir='ltr'><strong><em>ultrices</em></strong></span> <span class='ocrx_word' id='word_1_622' title='bbox 2157 3743 2465 3806; x_wconf 84' lang='lat' dir='ltr'><strong><em>potestates</em></strong></span> <span class='ocrx_word' id='word_1_623' title='bbox 2523 3735 2745 3789; x_wconf 89' lang='lat' dir='ltr'><strong><em>initium</em></strong></span> <span class='ocrx_word' id='word_1_624' title='bbox 2804 3734 3043 3798; x_wconf 78' lang='lat' dir='ltr'><strong><em>faciant,</em></strong></span> <span class='ocrx_word' id='word_1_625' title='bbox 3089 3747 3197 3787; x_wconf 87' lang='lat' dir='ltr'><strong><em>non</em></strong></span> <span class='ocrx_word' id='word_1_626' title='bbox 3257 3744 3448 3784; x_wconf 84' lang='lat' dir='ltr'><strong><em>revera</em></strong></span> 
     </span>
    </p>
   </div>
   <div class='ocr_carea' id='block_1_83' title="bbox 1875 3819 3450 3897">
    <p class='ocr_par' dir='ltr' id='par_1_83' title="bbox 1875 3819 3450 3897">
     <span class='ocr_line' id='line_1_83' title="bbox 1875 3819 3450 3897; baseline -0.007 -11"><span class='ocrx_word' id='word_1_627' title='bbox 1875 3836 2100 3886; x_wconf 88' lang='lat' dir='ltr'><strong><em>sanctos</em></strong></span> <span class='ocrx_word' id='word_1_628' title='bbox 2132 3844 2228 3884; x_wconf 89' lang='lat' dir='ltr'><strong><em>cos</em></strong></span> <span class='ocrx_word' id='word_1_629' title='bbox 2264 3842 2619 3897; x_wconf 87' lang='lat' dir='ltr'><strong><em>uuncupans,</em></strong></span> <span class='ocrx_word' id='word_1_630' title='bbox 2651 3826 2746 3882; x_wconf 82' lang='lat' dir='ltr'><strong><em>sed</em></strong></span> <span class='ocrx_word' id='word_1_631' title='bbox 2782 3826 2913 3896; x_wconf 88' lang='lat' dir='ltr'><strong><em>quia</em></strong></span> <span class='ocrx_word' id='word_1_632' title='bbox 2958 3825 3063 3879; x_wconf 84' lang='lat' dir='ltr'><strong><em>hoc</em></strong></span> <span class='ocrx_word' id='word_1_633' title='bbox 3100 3837 3225 3880; x_wconf 89' lang='lat' dir='ltr'><strong><em>esse</em></strong></span> <span class='ocrx_word' id='word_1_634' title='bbox 3252 3819 3450 3877; x_wconf 67' lang='lat' dir='ltr'><strong><em>exiui-</em></strong></span> 
     </span>
    </p>
   </div>
   <div class='ocr_carea' id='block_1_84' title="bbox 1877 3913 3453 3991">
    <p class='ocr_par' dir='ltr' id='par_1_84' title="bbox 1877 3913 3453 3991">
     <span class='ocr_line' id='line_1_84' title="bbox 1877 3913 3453 3991; baseline -0.004 -16"><span class='ocrx_word' id='word_1_635' title='bbox 1877 3923 2198 3985; x_wconf 87' lang='lat' dir='ltr'><strong><em>mabantur,</em></strong></span> <span class='ocrx_word' id='word_1_636' title='bbox 2224 3921 2383 3991; x_wconf 84' lang='lat' dir='ltr'><strong><em>quasi</em></strong></span> <span class='ocrx_word' id='word_1_637' title='bbox 2415 3922 2481 3976; x_wconf 84' lang='lat' dir='ltr'><strong><em>ad</em></strong></span> <span class='ocrx_word' id='word_1_638' title='bbox 2510 3921 2756 3975; x_wconf 82' lang='lat' dir='ltr'><strong><em>divinum</em></strong></span> <span class='ocrx_word' id='word_1_639' title='bbox 2786 3919 2995 3973; x_wconf 87' lang='lat' dir='ltr'><strong><em>cultum</em></strong></span> <span class='ocrx_word' id='word_1_640' title='bbox 3027 3915 3237 3973; x_wconf 83' lang='lat' dir='ltr'><strong><em>selecti.</em></strong></span> <span class='ocrx_word' id='word_1_641' title='bbox 3264 3913 3453 3984; x_wconf 79' lang='lat' dir='ltr'><strong><em>Neque</em></strong></span> 
     </span>
    </p>
   </div>
   <div class='ocr_carea' id='block_1_85' title="bbox 1877 4004 3452 4083">
    <p class='ocr_par' dir='ltr' id='par_1_85' title="bbox 1877 4004 3452 4083">
     <span class='ocr_line' id='line_1_85' title="bbox 1877 4004 3452 4083; baseline -0.008 -14"><span class='ocrx_word' id='word_1_642' title='bbox 1877 4013 2049 4077; x_wconf 90' lang='lat' dir='ltr'><strong><em>enim,</em></strong></span> <span class='ocrx_word' id='word_1_643' title='bbox 2080 4021 2139 4066; x_wconf 93' lang='lat' dir='ltr'><strong><em>ut</em></strong></span> <span class='ocrx_word' id='word_1_644' title='bbox 2167 4012 2389 4083; x_wconf 85' lang='lat' dir='ltr'><strong><em>quidam</em></strong></span> <span class='ocrx_word' id='word_1_645' title='bbox 2414 4011 2625 4082; x_wconf 90' lang='lat' dir='ltr'><strong><em>opinati</em></strong></span> <span class='ocrx_word' id='word_1_646' title='bbox 2656 4018 2810 4075; x_wconf 89' lang='lat' dir='ltr'><strong><em>sunt,</em></strong></span> <span class='ocrx_word' id='word_1_647' title='bbox 2839 4010 2906 4066; x_wconf 87' lang='lat' dir='ltr'><strong><em>de</em></strong></span> <span class='ocrx_word' id='word_1_648' title='bbox 2936 4008 3145 4065; x_wconf 88' lang='lat' dir='ltr'><strong><em>sanctis</em></strong></span> <span class='ocrx_word' id='word_1_649' title='bbox 3177 4006 3313 4062; x_wconf 87' lang='lat' dir='ltr'><strong><em>locis</em></strong></span> <span class='ocrx_word' id='word_1_650' title='bbox 3349 4004 3452 4057; x_wconf 92' lang='lat' dir='ltr'><strong><em>hoc</em></strong></span> 
     </span>
    </p>
   </div>
   <div class='ocr_carea' id='block_1_86' title="bbox 1876 4098 3448 4167">
    <p class='ocr_par' dir='ltr' id='par_1_86' title="bbox 1876 4098 3448 4167">
     <span class='ocr_line' id='line_1_86' title="bbox 1876 4098 3448 4167; baseline -0.007 -7"><span class='ocrx_word' id='word_1_651' title='bbox 1876 4104 2087 4160; x_wconf 89' lang='lat' dir='ltr'><strong><em>dictum</em></strong></span> <span class='ocrx_word' id='word_1_652' title='bbox 2121 4112 2226 4167; x_wconf 89' lang='lat' dir='ltr'><strong><em>est,</em></strong></span> <span class='ocrx_word' id='word_1_653' title='bbox 2273 4102 2369 4159; x_wconf 85' lang='lat' dir='ltr'><strong><em>sed</em></strong></span> <span class='ocrx_word' id='word_1_654' title='bbox 2401 4103 2469 4159; x_wconf 90' lang='lat' dir='ltr'><strong><em>de</em></strong></span> <span class='ocrx_word' id='word_1_655' title='bbox 2512 4102 2833 4157; x_wconf 85' lang='lat' dir='ltr'><strong><em>hominibus</em></strong></span> <span class='ocrx_word' id='word_1_656' title='bbox 2877 4100 2946 4156; x_wconf 87' lang='lat' dir='ltr'><strong><em>ad</em></strong></span> <span class='ocrx_word' id='word_1_657' title='bbox 2983 4098 3077 4154; x_wconf 88' lang='lat' dir='ltr'><strong><em>Dei</em></strong></span> <span class='ocrx_word' id='word_1_658' title='bbox 3105 4098 3312 4153; x_wconf 91' lang='lat' dir='ltr'><strong><em>cultum</em></strong></span> <span class='ocrx_word' id='word_1_659' title='bbox 3363 4111 3448 4150; x_wconf 86' lang='lat' dir='ltr'><strong><em>se-</em></strong></span> 
     </span>
    </p>
   </div>
   <div class='ocr_carea' id='block_1_87' title="bbox 1875 4187 3448 4267">
    <p class='ocr_par' dir='ltr' id='par_1_87' title="bbox 1875 4187 3448 4267">
     <span class='ocr_line' id='line_1_87' title="bbox 1875 4187 3448 4267; baseline -0.006 -19"><span class='ocrx_word' id='word_1_660' title='bbox 1875 4195 2118 4267; x_wconf 80' lang='lat' dir='ltr'><strong><em>gregatis</em></strong></span> <span class='ocrx_word' id='word_1_661' title='bbox 2151 4210 2165 4249; x_wconf 90' lang='lat'><strong>:</strong></span> <span class='ocrx_word' id='word_1_662' title='bbox 2200 4195 2345 4264; x_wconf 89' lang='lat' dir='ltr'><strong><em>quod</em></strong></span> <span class='ocrx_word' id='word_1_663' title='bbox 2378 4193 2733 4264; x_wconf 88' lang='lat' dir='ltr'><strong><em>perspicuum</em></strong></span> <span class='ocrx_word' id='word_1_664' title='bbox 2777 4191 2991 4246; x_wconf 85' lang='lat' dir='ltr'><strong><em>faciunt</em></strong></span> <span class='ocrx_word' id='word_1_665' title='bbox 3025 4187 3327 4259; x_wconf 67' lang='lat' dir='ltr'><strong><em>prOphetim</em></strong></span> <span class='ocrx_word' id='word_1_666' title='bbox 3360 4199 3448 4238; x_wconf 78' lang='lat' dir='ltr'><strong><em>so-</em></strong></span> 
     </span>
    </p>
   </div>
   <div class='ocr_carea' id='block_1_88' title="bbox 1876 4277 3450 4359">
    <p class='ocr_par' dir='ltr' id='par_1_88' title="bbox 1876 4277 3450 4359">
     <span class='ocr_line' id='line_1_88' title="bbox 1876 4277 3450 4359; baseline -0.013 -13"><span class='ocrx_word' id='word_1_667' title='bbox 1876 4290 2126 4359; x_wconf 89' lang='lat' dir='ltr'><strong><em>quentia.</em></strong></span> <span class='ocrx_word' id='word_1_668' title='bbox 2189 4286 2388 4343; x_wconf 88' lang='lat' dir='ltr'><strong><em>Statim</em></strong></span> <span class='ocrx_word' id='word_1_669' title='bbox 2452 4286 2598 4339; x_wconf 87' lang='lat' dir='ltr'><strong><em>enim</em></strong></span> <span class='ocrx_word' id='word_1_670' title='bbox 2649 4283 2873 4351; x_wconf 77' lang='lat' dir='ltr'><strong><em>subiicit</em></strong></span> <span class='ocrx_word' id='word_1_671' title='bbox 2919 4299 2932 4336; x_wconf 89' lang='lat'><strong>:</strong></span> <span class='ocrx_word' id='word_1_672' title='bbox 2992 4297 3010 4331; x_wconf 83' lang='grc' dir='ltr'><strong><em>ι</em></strong></span> <span class='ocrx_word' id='word_1_673' title='bbox 3050 4279 3118 4333; x_wconf 84' lang='grc' dir='ltr'>Ει</span> <span class='ocrx_word' id='word_1_674' title='bbox 3172 4277 3375 4345; x_wconf 80' lang='lat' dir='ltr'><strong><em>incepit</em></strong></span> <span class='ocrx_word' id='word_1_675' title='bbox 3418 4288 3450 4327; x_wconf 86' lang='lat' dir='ltr'><strong><em>a</em></strong></span> 
     </span>
    </p>
   </div>
   <div class='ocr_carea' id='block_1_89' title="bbox 1876 4364 3449 4445">
    <p class='ocr_par' dir='ltr' id='par_1_89' title="bbox 1876 4364 3449 4445">
     <span class='ocr_line' id='line_1_89' title="bbox 1876 4364 3449 4445; baseline -0.01 -11"><span class='ocrx_word' id='word_1_676' title='bbox 1876 4380 2012 4435; x_wconf 88' lang='lat' dir='ltr'><strong><em>viris</em></strong></span> <span class='ocrx_word' id='word_1_677' title='bbox 2057 4379 2392 4440; x_wconf 88' lang='lat' dir='ltr'><strong><em>senioribus,</em></strong></span> <span class='ocrx_word' id='word_1_678' title='bbox 2424 4376 2517 4445; x_wconf 86' lang='lat' dir='ltr'><strong><em>qui</em></strong></span> <span class='ocrx_word' id='word_1_679' title='bbox 2546 4383 2705 4429; x_wconf 87' lang='lat' dir='ltr'><strong><em>erant</em></strong></span> <span class='ocrx_word' id='word_1_680' title='bbox 2733 4373 2884 4427; x_wconf 89' lang='lat' dir='ltr'><strong><em>intus</em></strong></span> <span class='ocrx_word' id='word_1_681' title='bbox 2933 4371 2987 4424; x_wconf 92' lang='lat' dir='ltr'><strong><em>in</em></strong></span> <span class='ocrx_word' id='word_1_682' title='bbox 3017 4367 3202 4423; x_wconf 90' lang='lat' dir='ltr'><strong><em>domo.</em></strong></span> <span class='ocrx_word' id='word_1_683' title='bbox 3239 4385 3257 4418; x_wconf 72' lang='grc' dir='ltr'><strong><em>ι</em></strong></span> <span class='ocrx_word' id='word_1_684' title='bbox 3298 4364 3449 4430; x_wconf 85' lang='lat' dir='ltr'><strong><em>Quos</em></strong></span> 
     </span>
    </p>
   </div>
   <div class='ocr_carea' id='block_1_90' title="bbox 228 4448 1767 4542">
    <p class='ocr_par' dir='ltr' id='par_1_90' title="bbox 228 4460 1767 4535">
     <span class='ocr_line' id='line_1_90' title="bbox 228 4460 1767 4535; baseline 0.004 -26"><span class='ocrx_word' id='word_1_685' title='bbox 228 4460 602 4535; x_wconf 76' lang='grc' dir='ltr'>πρεσϐυτέρων,</span> <span class='ocrx_word' id='word_1_686' title='bbox 661 4465 712 4518; x_wconf 79' lang='grc' dir='ltr'>οἳ</span> <span class='ocrx_word' id='word_1_687' title='bbox 766 4461 904 4535; x_wconf 81' lang='grc' dir='ltr'>ἦσαν</span> <span class='ocrx_word' id='word_1_688' title='bbox 963 4465 1071 4518; x_wconf 79' lang='grc' dir='ltr'>ἔσω</span> <span class='ocrx_word' id='word_1_689' title='bbox 1120 4466 1176 4517; x_wconf 76' lang='grc' dir='ltr'>ἐν</span> <span class='ocrx_word' id='word_1_690' title='bbox 1229 4463 1307 4534; x_wconf 81' lang='grc' dir='ltr'><strong><em>τῷ</em></strong></span> <span class='ocrx_word' id='word_1_691' title='bbox 1337 4463 1489 4534; x_wconf 80' lang='grc' dir='ltr'>οἴκῳ.</span> <span class='ocrx_word' id='word_1_692' title='bbox 1522 4482 1540 4514; x_wconf 74' lang='grc' dir='ltr'><strong><em>ι</em></strong></span> <span class='ocrx_word' id='word_1_693' title='bbox 1579 4462 1689 4526; x_wconf 80' lang='grc' dir='ltr'><strong><em>Οὓς</em></strong></span> <span class='ocrx_word' id='word_1_694' title='bbox 1719 4463 1767 4494; x_wconf 79' lang='grc'>⁰⁰</span> 
     </span>
    </p>
   </div>
   <div class='ocr_carea' id='block_1_91' title="bbox 1874 4448 3448 4542">
    <p class='ocr_par' dir='ltr' id='par_1_91' title="bbox 1876 4452 3448 4542">
     <span class='ocr_line' id='line_1_91' title="bbox 1876 4452 3448 4542; baseline -0.013 -15"><span class='ocrx_word' id='word_1_695' title='bbox 1876 4471 2123 4542; x_wconf 62' lang='lat' dir='ltr'><strong><em>praecipit</em></strong></span> <span class='ocrx_word' id='word_1_696' title='bbox 2152 4472 2305 4525; x_wconf 89' lang='lat' dir='ltr'><strong><em>intus</em></strong></span> <span class='ocrx_word' id='word_1_697' title='bbox 2338 4466 2593 4522; x_wconf 79' lang='lat' dir='ltr'><strong><em>interﬁci.</em></strong></span> <span class='ocrx_word' id='word_1_698' title='bbox 2624 4464 2844 4520; x_wconf 87' lang='lat' dir='ltr'><strong><em>Justum</em></strong></span> <span class='ocrx_word' id='word_1_699' title='bbox 2880 4462 3028 4517; x_wconf 89' lang='lat' dir='ltr'><strong><em>enim</em></strong></span> <span class='ocrx_word' id='word_1_700' title='bbox 3057 4465 3177 4513; x_wconf 90' lang='lat' dir='ltr'><strong><em>erat</em></strong></span> <span class='ocrx_word' id='word_1_701' title='bbox 3226 4471 3321 4511; x_wconf 87' lang='lat' dir='ltr'><strong><em>eos</em></strong></span> <span class='ocrx_word' id='word_1_702' title='bbox 3352 4452 3448 4525; x_wconf 86' lang='lat' dir='ltr'><strong><em>qui</em></strong></span> 
     </span>
    </p>
   </div>
   <div class='ocr_carea' id='block_1_92' title="bbox 228 4552 1769 4625">
    <p class='ocr_par' dir='ltr' id='par_1_92' title="bbox 228 4552 1769 4625">
     <span class='ocr_line' id='line_1_92' title="bbox 228 4552 1769 4625; baseline 0.003 -23"><span class='ocrx_word' id='word_1_703' title='bbox 228 4553 485 4623; x_wconf 78' lang='grc' dir='ltr'>παρεγγυᾷ</span> <span class='ocrx_word' id='word_1_704' title='bbox 508 4552 654 4607; x_wconf 77' lang='grc' dir='ltr'>ἔνδον</span> <span class='ocrx_word' id='word_1_705' title='bbox 683 4554 1038 4625; x_wconf 79' lang='grc' dir='ltr'>ἀναιρεθῆναι</span> <span class='ocrx_word' id='word_1_706' title='bbox 1065 4570 1078 4583; x_wconf 83' lang='grc'><em>’</em></span> <span class='ocrx_word' id='word_1_707' title='bbox 1113 4554 1320 4608; x_wconf 68' lang='grc' dir='ltr'>δίκαιον</span> <span class='ocrx_word' id='word_1_708' title='bbox 1352 4555 1463 4624; x_wconf 79' lang='grc' dir='ltr'><strong><em>γὰρ</em></strong></span> <span class='ocrx_word' id='word_1_709' title='bbox 1497 4554 1622 4616; x_wconf 76' lang='grc' dir='ltr'>τοὺς</span> <span class='ocrx_word' id='word_1_710' title='bbox 1650 4555 1769 4607; x_wconf 78' lang='grc' dir='ltr'>ἐκεῖ</span> 
     </span>
    </p>
   </div>
   <div class='ocr_carea' id='block_1_93' title="bbox 229 4643 1321 4713">
    <p class='ocr_par' dir='ltr' id='par_1_93' title="bbox 229 4643 1321 4713">
     <span class='ocr_line' id='line_1_93' title="bbox 229 4643 1321 4713; baseline 0.007 -20"><span class='ocrx_word' id='word_1_711' title='bbox 229 4643 644 4713; x_wconf 70' lang='grc' dir='ltr'>παρανομοῦντας</span> <span class='ocrx_word' id='word_1_712' title='bbox 669 4647 786 4699; x_wconf 82' lang='grc' dir='ltr'>ἐκεῖ</span> <span class='ocrx_word' id='word_1_713' title='bbox 813 4646 992 4700; x_wconf 78' lang='grc' dir='ltr'>δοῦναι</span> <span class='ocrx_word' id='word_1_714' title='bbox 1019 4647 1117 4712; x_wconf 78' lang='grc' dir='ltr'><strong><em>τὰς</em></strong></span> <span class='ocrx_word' id='word_1_715' title='bbox 1146 4647 1321 4711; x_wconf 83' lang='grc' dir='ltr'>δίκας.</span> 
     </span>
    </p>
   </div>
   <div class='ocr_carea' id='block_1_94' title="bbox 288 4821 1769 4899">
    <p class='ocr_par' dir='ltr' id='par_1_94' title="bbox 288 4821 1769 4899">
     <span class='ocr_line' id='line_1_94' title="bbox 288 4821 1769 4899; baseline 0.001 -16"><span class='ocrx_word' id='word_1_716' title='bbox 288 4821 346 4883; x_wconf 75' lang='grc' dir='ltr'><strong><em>ζ’.</em></strong></span> <span class='ocrx_word' id='word_1_717' title='bbox 368 4821 503 4881; x_wconf 57' lang='lat' dir='ltr'><strong><em>Eius</em></strong></span> <span class='ocrx_word' id='word_1_718' title='bbox 528 4829 660 4898; x_wconf 72' lang='grc' dir='ltr'>γὰρ,</span> <span class='ocrx_word' id='word_1_719' title='bbox 687 4831 842 4899; x_wconf 67' lang='grc' dir='ltr'>φησὶ,</span> <span class='ocrx_word' id='word_1_720' title='bbox 874 4831 1021 4897; x_wconf 82' lang='grc' dir='ltr'>πρὸς</span> <span class='ocrx_word' id='word_1_721' title='bbox 1076 4834 1295 4898; x_wconf 82' lang='grc' dir='ltr'>αὐτούς</span> <span class='ocrx_word' id='word_1_722' title='bbox 1318 4849 1329 4860; x_wconf 83' lang='grc'><em>’</em></span> <span class='ocrx_word' id='word_1_723' title='bbox 1369 4834 1626 4888; x_wconf 77' lang='grc' dir='ltr'>Μιίίντιτε</span> <span class='ocrx_word' id='word_1_724' title='bbox 1665 4833 1769 4886; x_wconf 74' lang='grc' dir='ltr'><strong><em>τὸν</em></strong></span> 
     </span>
    </p>
   </div>
   <div class='ocr_carea' id='block_1_95' title="bbox 226 4910 1765 4993">
    <p class='ocr_par' dir='ltr' id='par_1_95' title="bbox 226 4910 1765 4993">
     <span class='ocr_line' id='line_1_95' title="bbox 226 4910 1765 4993; baseline 0.008 -30"><span class='ocrx_word' id='word_1_725' title='bbox 226 4910 387 4981; x_wconf 75' lang='grc' dir='ltr'>οἷκον,</span> <span class='ocrx_word' id='word_1_726' title='bbox 417 4918 509 4971; x_wconf 70' lang='grc' dir='ltr'>καὶ</span> <span class='ocrx_word' id='word_1_727' title='bbox 538 4918 816 4986; x_wconf 62' lang='lat' dir='ltr'><strong><em>subiacere</em></strong></span> <span class='ocrx_word' id='word_1_728' title='bbox 871 4922 976 4987; x_wconf 80' lang='grc' dir='ltr'>τὰς</span> <span class='ocrx_word' id='word_1_729' title='bbox 1001 4923 1044 4953; x_wconf 81' lang='grc'><strong><em>⁵¹</em></strong></span> <span class='ocrx_word' id='word_1_730' title='bbox 1079 4923 1257 4989; x_wconf 56' lang='lat' dir='ltr'><strong><em>(dote</em></strong></span> <span class='ocrx_word' id='word_1_731' title='bbox 1288 4925 1516 4993; x_wconf 68' lang='grc' dir='ltr'>νεκρῶν</span> <span class='ocrx_word' id='word_1_732' title='bbox 1541 4943 1553 4958; x_wconf 88' lang='grc'><strong>·</strong></span> <span class='ocrx_word' id='word_1_733' title='bbox 1587 4927 1765 4978; x_wconf 47' lang='grc' dir='ltr'>ἐνέποι</span> 
     </span>
    </p>
   </div>
   <div class='ocr_carea' id='block_1_96' title="bbox 164 5004 1764 5087">
    <p class='ocr_par' dir='ltr' id='par_1_96' title="bbox 164 5004 1764 5087">
     <span class='ocr_line' id='line_1_96' title="bbox 164 5004 1764 5087; baseline 0.009 -34"><span class='ocrx_word' id='word_1_734' title='bbox 164 5077 166 5079; x_wconf 4' lang='grc' dir='ltr'><strong><em>γ</em></strong></span> <span class='ocrx_word' id='word_1_735' title='bbox 222 5004 437 5066; x_wconf 77' lang='grc' dir='ltr'>ρεύεσθε</span> <span class='ocrx_word' id='word_1_736' title='bbox 456 5010 500 5041; x_wconf 80' lang='grc'><strong><em>⁵³</em></strong></span> <span class='ocrx_word' id='word_1_737' title='bbox 551 5012 652 5063; x_wconf 81' lang='grc' dir='ltr'>καὶ</span> <span class='ocrx_word' id='word_1_738' title='bbox 715 5013 984 5067; x_wconf 54' lang='lat' dir='ltr'><strong><em>adurere.</em></strong></span> <span class='ocrx_word' id='word_1_739' title='bbox 1041 5015 1256 5085; x_wconf 79' lang='grc' dir='ltr'>Ἐπειδὴ</span> <span class='ocrx_word' id='word_1_740' title='bbox 1284 5018 1390 5085; x_wconf 70' lang='grc' dir='ltr'>γὰρ</span> <span class='ocrx_word' id='word_1_741' title='bbox 1430 5016 1764 5087; x_wconf 54' lang='grc' dir='ltr'><strong><em>αὐτοιείξώ-</em></strong></span> 
     </span>
    </p>
   </div>
   <div class='ocr_carea' id='block_1_97' title="bbox 174 5210 1794 5284">
    <p class='ocr_par' dir='ltr' id='par_1_97' title="bbox 174 5210 1794 5284">
     <span class='ocr_line' id='line_1_97' title="bbox 174 5210 1794 5284; baseline 0.002 -17"><span class='ocrx_word' id='word_1_742' title='bbox 174 5230 182 5267; x_wconf 85' lang='lat'><strong>:</strong></span> <span class='ocrx_word' id='word_1_743' title='bbox 291 5217 312 5244; x_wconf 85' lang='grc'><strong>²</strong></span> <span class='ocrx_word' id='word_1_744' title='bbox 336 5210 369 5266; x_wconf 91' lang='lat' dir='ltr'><strong><em>ll</em></strong></span> <span class='ocrx_word' id='word_1_745' title='bbox 388 5215 505 5273; x_wconf 87' lang='lat' dir='ltr'><strong><em>Cor.</em></strong></span> <span class='ocrx_word' id='word_1_746' title='bbox 532 5236 608 5284; x_wconf 72' lang='grc' dir='ltr'>χι,</span> <span class='ocrx_word' id='word_1_747' title='bbox 639 5220 730 5274; x_wconf 69' lang='lat'><strong><em>29.</em></strong></span> <span class='ocrx_word' id='word_1_748' title='bbox 807 5234 829 5261; x_wconf 78' lang='grc' dir='ltr'><strong><em>ιι</em></strong></span> <span class='ocrx_word' id='word_1_749' title='bbox 857 5221 1039 5276; x_wconf 82' lang='lat' dir='ltr'><strong><em>IlCor.</em></strong></span> <span class='ocrx_word' id='word_1_750' title='bbox 1075 5237 1173 5284; x_wconf 80' lang='lat' dir='ltr'><strong><em>xu,</em></strong></span> <span class='ocrx_word' id='word_1_751' title='bbox 1204 5222 1291 5274; x_wconf 68' lang='lat'><strong><em>2|.</em></strong></span> <span class='ocrx_word' id='word_1_752' title='bbox 1372 5222 1397 5259; x_wconf 66' lang='grc' dir='ltr'><strong><em>ι)</em></strong></span> <span class='ocrx_word' id='word_1_753' title='bbox 1425 5219 1585 5274; x_wconf 75' lang='lat' dir='ltr'><strong><em>Hebr.</em></strong></span> <span class='ocrx_word' id='word_1_754' title='bbox 1623 5237 1675 5283; x_wconf 66' lang='grc' dir='ltr'>κ,</span> <span class='ocrx_word' id='word_1_755' title='bbox 1706 5221 1794 5271; x_wconf 77' lang='lat' dir='ltr'><strong><em>5i.</em></strong></span> 
     </span>
    </p>
   </div>
   <div class='ocr_carea' id='block_1_98' title="bbox 1871 4548 3307 4629">
    <p class='ocr_par' dir='ltr' id='par_1_98' title="bbox 1871 4548 3307 4629">
     <span class='ocr_line' id='line_1_98' title="bbox 1871 4548 3307 4629; baseline -0.009 -16"><span class='ocrx_word' id='word_1_756' title='bbox 1871 4556 1946 4613; x_wconf 84' lang='lat' dir='ltr'><strong><em>ibi</em></strong></span> <span class='ocrx_word' id='word_1_757' title='bbox 1988 4560 2161 4629; x_wconf 81' lang='lat' dir='ltr'><strong><em>legem</em></strong></span> <span class='ocrx_word' id='word_1_758' title='bbox 2202 4558 2495 4621; x_wconf 75' lang='lat' dir='ltr'><strong><em>violarunt,</em></strong></span> <span class='ocrx_word' id='word_1_759' title='bbox 2533 4554 2609 4609; x_wconf 90' lang='lat' dir='ltr'><strong><em>ibi</em></strong></span> <span class='ocrx_word' id='word_1_760' title='bbox 2650 4566 2876 4623; x_wconf 89' lang='lat' dir='ltr'><strong><em>quoquc</em></strong></span> <span class='ocrx_word' id='word_1_761' title='bbox 2925 4564 3121 4621; x_wconf 70' lang='lat' dir='ltr'><strong><em>poenas</em></strong></span> <span class='ocrx_word' id='word_1_762' title='bbox 3154 4548 3307 4603; x_wconf 86' lang='lat' dir='ltr'><strong><em>dare.</em></strong></span> 
     </span>
    </p>
   </div>
   <div class='ocr_carea' id='block_1_99' title="bbox 1952 4828 3452 4898">
    <p class='ocr_par' dir='ltr' id='par_1_99' title="bbox 1952 4828 3452 4898">
     <span class='ocr_line' id='line_1_99' title="bbox 1952 4828 3452 4898; baseline -0.003 -14"><span class='ocrx_word' id='word_1_763' title='bbox 1952 4832 2110 4888; x_wconf 69' lang='lat' dir='ltr'><strong><em>Vsus.</em></strong></span> <span class='ocrx_word' id='word_1_764' title='bbox 2157 4832 2206 4886; x_wconf 88' lang='lat'><strong><em>7.</em></strong></span> <span class='ocrx_word' id='word_1_765' title='bbox 2274 4832 2422 4886; x_wconf 64' lang='lat' dir='ltr'><strong><em>Dixit</em></strong></span> <span class='ocrx_word' id='word_1_766' title='bbox 2467 4833 2604 4886; x_wconf 84' lang='lat' dir='ltr'><strong><em>enim</em></strong></span> <span class='ocrx_word' id='word_1_767' title='bbox 2652 4830 2720 4884; x_wconf 84' lang='lat' dir='ltr'><strong><em>ad</em></strong></span> <span class='ocrx_word' id='word_1_768' title='bbox 2776 4832 2937 4897; x_wconf 88' lang='lat' dir='ltr'><strong><em>ipsos,</em></strong></span> <span class='ocrx_word' id='word_1_769' title='bbox 2972 4828 3452 4898; x_wconf 80' lang='lat' dir='ltr'><strong><em>inquitzPolluite</em></strong></span> 
     </span>
    </p>
   </div>
   <div class='ocr_carea' id='block_1_100' title="bbox 1877 4920 3449 4992">
    <p class='ocr_par' dir='ltr' id='par_1_100' title="bbox 1877 4920 3449 4992">
     <span class='ocr_line' id='line_1_100' title="bbox 1877 4920 3449 4992; baseline -0.003 -16"><span class='ocrx_word' id='word_1_770' title='bbox 1877 4928 2111 4985; x_wconf 79' lang='lat' dir='ltr'><strong><em>domum,</em></strong></span> <span class='ocrx_word' id='word_1_771' title='bbox 2147 4935 2194 4979; x_wconf 87' lang='lat' dir='ltr'><strong><em>et</em></strong></span> <span class='ocrx_word' id='word_1_772' title='bbox 2232 4926 2482 4992; x_wconf 86' lang='lat' dir='ltr'><strong><em>complete</em></strong></span> <span class='ocrx_word' id='word_1_773' title='bbox 2512 4926 2620 4978; x_wconf 73' lang='lat' dir='ltr'><strong><em>t&#39;ias</em></strong></span> <span class='ocrx_word' id='word_1_774' title='bbox 2669 4923 3036 4985; x_wconf 78' lang='lat' dir='ltr'><strong><em>cadaveribus,</em></strong></span> <span class='ocrx_word' id='word_1_775' title='bbox 3064 4920 3373 4991; x_wconf 78' lang='lat' dir='ltr'><strong><em>egredimini</em></strong></span> <span class='ocrx_word' id='word_1_776' title='bbox 3398 4928 3449 4973; x_wconf 88' lang='lat' dir='ltr'><strong><em>et</em></strong></span> 
     </span>
    </p>
   </div>
   <div class='ocr_carea' id='block_1_101' title="bbox 1877 5015 3443 5087">
    <p class='ocr_par' dir='ltr' id='par_1_101' title="bbox 1877 5015 3443 5087">
     <span class='ocr_line' id='line_1_101' title="bbox 1877 5015 3443 5087; baseline -0.002 -19"><span class='ocrx_word' id='word_1_777' title='bbox 1877 5020 2151 5085; x_wconf 58' lang='lat' dir='ltr'><strong><em>pt&#39;t&#39;cutite.</em></strong></span> <span class='ocrx_word' id='word_1_778' title='bbox 2183 5018 2476 5087; x_wconf 77' lang='lat' dir='ltr'><strong><em>Propterea</em></strong></span> <span class='ocrx_word' id='word_1_779' title='bbox 2510 5018 2653 5073; x_wconf 82' lang='lat' dir='ltr'><strong><em>enim</em></strong></span> <span class='ocrx_word' id='word_1_780' title='bbox 2688 5017 2831 5087; x_wconf 85' lang='lat' dir='ltr'><strong><em>quod</em></strong></span> <span class='ocrx_word' id='word_1_781' title='bbox 2874 5017 2977 5086; x_wconf 87' lang='lat' dir='ltr'><strong><em>ipsi</em></strong></span> <span class='ocrx_word' id='word_1_782' title='bbox 3016 5016 3177 5071; x_wconf 81' lang='lat' dir='ltr'><strong><em>idolis</em></strong></span> <span class='ocrx_word' id='word_1_783' title='bbox 3220 5015 3443 5068; x_wconf 85' lang='lat' dir='ltr'><strong><em>domum</em></strong></span> 
     </span>
    </p>
   </div>
   <div class='ocr_carea' id='block_1_102' title="bbox 1879 5218 2733 5283">
    <p class='ocr_par' dir='ltr' id='par_1_102' title="bbox 1879 5218 2733 5283">
     <span class='ocr_line' id='line_1_102' title="bbox 1879 5218 2733 5283; baseline 0.006 -13"><span class='ocrx_word' id='word_1_784' title='bbox 1879 5231 1899 5257; x_wconf 73' lang='grc' dir='ltr'><strong>ο</strong></span> <span class='ocrx_word' id='word_1_785' title='bbox 1929 5218 2070 5273; x_wconf 79' lang='lat' dir='ltr'><strong><em>Psal.</em></strong></span> <span class='ocrx_word' id='word_1_786' title='bbox 2110 5236 2193 5283; x_wconf 74' lang='lat' dir='ltr'><strong><em>ev,</em></strong></span> <span class='ocrx_word' id='word_1_787' title='bbox 2221 5222 2252 5275; x_wconf 77' lang='grc'>5</span> <span class='ocrx_word' id='word_1_788' title='bbox 2349 5220 2371 5257; x_wconf 74' lang='grc' dir='ltr'><em>δ</em></span> <span class='ocrx_word' id='word_1_789' title='bbox 2400 5221 2539 5275; x_wconf 78' lang='lat' dir='ltr'><strong><em>I’sal.</em></strong></span> <span class='ocrx_word' id='word_1_790' title='bbox 2572 5236 2655 5276; x_wconf 67' lang='grc' dir='ltr'><strong><em>ιι..</em></strong></span> <span class='ocrx_word' id='word_1_791' title='bbox 2688 5222 2733 5275; x_wconf 86' lang='lat' dir='ltr'><strong><em>l.</em></strong></span> 
     </span>
    </p>
   </div>
   <div class='ocr_carea' id='block_1_103' title="bbox 1475 5423 2158 5479">
    <p class='ocr_par' dir='ltr' id='par_1_103' title="bbox 1475 5423 2158 5479">
     <span class='ocr_line' id='line_1_103' title="bbox 1475 5423 2158 5479; baseline 0.004 -4"><span class='ocrx_word' id='word_1_792' title='bbox 1475 5423 1709 5478; x_wconf 66' lang='lat' dir='ltr'><strong><em>VARUS</em></strong></span> <span class='ocrx_word' id='word_1_793' title='bbox 1751 5423 2158 5479; x_wconf 67' lang='lat' dir='ltr'><strong><em>LECTIONES.</em></strong></span> 
     </span>
    </p>
   </div>
   <div class='ocr_carea' id='block_1_104' title="bbox 296 5569 1128 5633">
    <p class='ocr_par' dir='ltr' id='par_1_104' title="bbox 296 5569 1128 5633">
     <span class='ocr_line' id='line_1_104' title="bbox 296 5569 1128 5633; baseline 0.001 -5"><span class='ocrx_word' id='word_1_794' title='bbox 296 5569 335 5602; x_wconf 77' lang='lat'><strong>“</strong></span> <span class='ocrx_word' id='word_1_795' title='bbox 368 5575 481 5633; x_wconf 75' lang='lat' dir='ltr'><strong><em>Hec.</em></strong></span> <span class='ocrx_word' id='word_1_796' title='bbox 520 5579 646 5633; x_wconf 85' lang='lat' dir='ltr'><strong><em>lect.</em></strong></span> <span class='ocrx_word' id='word_1_797' title='bbox 688 5586 768 5631; x_wconf 86' lang='lat' dir='ltr'><strong><em>est</em></strong></span> <span class='ocrx_word' id='word_1_798' title='bbox 798 5576 1128 5630; x_wconf 74' lang='grc' dir='ltr'>ἐνδεδυκότα.</span> 
     </span>
    </p>
   </div>
   <div class='ocr_carea' id='block_1_105' title="bbox 233 5705 900 5788">
    <p class='ocr_par' dir='ltr' id='par_1_105' title="bbox 233 5705 900 5788">
     <span class='ocr_line' id='line_1_105' title="bbox 233 5705 900 5788; baseline 0.012 -28"><span class='ocrx_word' id='word_1_799' title='bbox 233 5705 304 5761; x_wconf 69' lang='lat' dir='ltr'><strong><em>lla</em></strong></span> <span class='ocrx_word' id='word_1_800' title='bbox 327 5712 360 5764; x_wconf 85' lang='grc' dir='ltr'>Β</span> <span class='ocrx_word' id='word_1_801' title='bbox 388 5719 539 5773; x_wconf 76' lang='lat' dir='ltr'><strong><em>editio</em></strong></span> <span class='ocrx_word' id='word_1_802' title='bbox 568 5705 739 5788; x_wconf 59' lang='lat' dir='ltr'><strong><em>prior,</em></strong></span> <span class='ocrx_word' id='word_1_803' title='bbox 774 5719 900 5770; x_wconf 74' lang='grc' dir='ltr'><strong><em>Καὶ.</em></strong></span> 
     </span>
    </p>
   </div>
   <div class='ocr_carea' id='block_1_106' title="bbox 1233 5575 2035 5644">
    <p class='ocr_par' dir='ltr' id='par_1_106' title="bbox 1233 5575 2035 5644">
     <span class='ocr_line' id='line_1_106' title="bbox 1233 5575 2035 5644; baseline 0.001 -16"><span class='ocrx_word' id='word_1_804' title='bbox 1233 5577 1277 5607; x_wconf 76' lang='grc'><strong><em>⁸⁵</em></strong></span> <span class='ocrx_word' id='word_1_805' title='bbox 1311 5592 1407 5642; x_wconf 74' lang='grc' dir='ltr'>γιν.</span> <span class='ocrx_word' id='word_1_806' title='bbox 1448 5575 1487 5627; x_wconf 85' lang='grc' dir='ltr'>Β</span> <span class='ocrx_word' id='word_1_807' title='bbox 1545 5591 1730 5644; x_wconf 77' lang='lat' dir='ltr'><strong><em>prann.</em></strong></span> <span class='ocrx_word' id='word_1_808' title='bbox 1772 5579 1910 5639; x_wconf 79' lang='grc' dir='ltr'>ταῖς.</span> <span class='ocrx_word' id='word_1_809' title='bbox 1990 5576 2035 5607; x_wconf 72' lang='grc'><strong><em>⁵⁸</em></strong></span> 
     </span>
    </p>
   </div>
   <div class='ocr_carea' id='block_1_107' title="bbox 234 5636 2161 5716">
    <p class='ocr_par' dir='ltr' id='par_1_107' title="bbox 234 5636 2161 5716">
     <span class='ocr_line' id='line_1_107' title="bbox 234 5636 2161 5716; baseline -0.001 -17"><span class='ocrx_word' id='word_1_810' title='bbox 234 5636 370 5716; x_wconf 52' lang='grc' dir='ltr'><strong><em>ἑμᾶε.</em></strong></span> <span class='ocrx_word' id='word_1_811' title='bbox 396 5648 526 5703; x_wconf 82' lang='lat' dir='ltr'><strong>Loco</strong></span> <span class='ocrx_word' id='word_1_812' title='bbox 551 5649 646 5701; x_wconf 88' lang='lat' dir='ltr'><strong><em>cit.</em></strong></span> <span class='ocrx_word' id='word_1_813' title='bbox 675 5648 893 5716; x_wconf 82' lang='lat' dir='ltr'><strong><em>ponitur</em></strong></span> <span class='ocrx_word' id='word_1_814' title='bbox 928 5658 1047 5716; x_wconf 80' lang='lat' dir='ltr'><strong><em>post</em></strong></span> <span class='ocrx_word' id='word_1_815' title='bbox 1077 5650 1104 5699; x_wconf 82' lang='grc' dir='ltr'>ὁ</span> <span class='ocrx_word' id='word_1_816' title='bbox 1133 5646 1261 5707; x_wconf 73' lang='grc' dir='ltr'><strong><em>Θεὸς</em></strong></span> <span class='ocrx_word' id='word_1_817' title='bbox 1298 5636 1418 5713; x_wconf 54' lang='grc' dir='ltr'>μου.</span> <span class='ocrx_word' id='word_1_818' title='bbox 1498 5636 1715 5699; x_wconf 67' lang='grc' dir='ltr'><strong><em>⁸⁸ἰουο</em></strong></span> <span class='ocrx_word' id='word_1_819' title='bbox 1741 5648 1833 5698; x_wconf 74' lang='grc' dir='ltr'>(ιὶι.</span> <span class='ocrx_word' id='word_1_820' title='bbox 1869 5636 1952 5701; x_wconf 68' lang='lat' dir='ltr'><strong><em>est</em></strong></span> <span class='ocrx_word' id='word_1_821' title='bbox 1979 5636 2161 5698; x_wconf 68' lang='grc' dir='ltr'>αὐτόν.</span> 
     </span>
    </p>
   </div>
   <div class='ocr_carea' id='block_1_108' title="bbox 1001 5716 2555 5785">
    <p class='ocr_par' dir='ltr' id='par_1_108' title="bbox 1001 5716 2555 5785">
     <span class='ocr_line' id='line_1_108' title="bbox 1001 5716 2555 5785; baseline -0.002 -17"><span class='ocrx_word' id='word_1_822' title='bbox 1001 5718 1039 5748; x_wconf 79' lang='grc'><strong><em>⁵⁸</em></strong></span> <span class='ocrx_word' id='word_1_823' title='bbox 1072 5733 1097 5768; x_wconf 81' lang='grc' dir='ltr'><strong><em>τ</em></strong></span> <span class='ocrx_word' id='word_1_824' title='bbox 1152 5716 1224 5769; x_wconf 74' lang='grc' dir='ltr'><strong><em>ὁὸ.</em></strong></span> <span class='ocrx_word' id='word_1_825' title='bbox 1266 5717 1426 5769; x_wconf 73' lang='lat' dir='ltr'><strong><em>Hebr.</em></strong></span> <span class='ocrx_word' id='word_1_826' title='bbox 1464 5717 1621 5769; x_wconf 79' lang='lat' dir='ltr'><strong><em>atria.</em></strong></span> <span class='ocrx_word' id='word_1_827' title='bbox 1701 5719 1743 5749; x_wconf 70' lang='grc'><strong><em>’⁵³</em></strong></span> <span class='ocrx_word' id='word_1_828' title='bbox 1786 5716 1914 5771; x_wconf 72' lang='lat' dir='ltr'><strong><em>llcc.</em></strong></span> <span class='ocrx_word' id='word_1_829' title='bbox 1951 5718 2073 5771; x_wconf 81' lang='lat' dir='ltr'><strong><em>lect.</em></strong></span> <span class='ocrx_word' id='word_1_830' title='bbox 2115 5716 2555 5785; x_wconf 73' lang='grc' dir='ltr'>ἐκπορευόμενοι.</span> 
     </span>
    </p>
   </div>
   <div class='ocr_carea' id='block_1_109' title="bbox 2074 5569 3484 5646">
    <p class='ocr_par' dir='ltr' id='par_1_109' title="bbox 2074 5569 3484 5646">
     <span class='ocr_line' id='line_1_109' title="bbox 2074 5569 3484 5646; baseline -0.002 -20"><span class='ocrx_word' id='word_1_831' title='bbox 2074 5578 2288 5646; x_wconf 77' lang='grc' dir='ltr'>μήπως.</span> <span class='ocrx_word' id='word_1_832' title='bbox 2346 5575 2491 5646; x_wconf 74' lang='lat' dir='ltr'><strong>Loco</strong></span> <span class='ocrx_word' id='word_1_833' title='bbox 2517 5576 2619 5646; x_wconf 57' lang='lat' dir='ltr'><strong><em>rit.</em></strong></span> <span class='ocrx_word' id='word_1_834' title='bbox 2666 5585 2747 5629; x_wconf 72' lang='lat' dir='ltr'><strong><em>est</em></strong></span> <span class='ocrx_word' id='word_1_835' title='bbox 2782 5577 2871 5643; x_wconf 73' lang='grc' dir='ltr'><strong>Μὴ</strong></span> <span class='ocrx_word' id='word_1_836' title='bbox 2914 5573 3085 5646; x_wconf 56' lang='grc' dir='ltr'>πάλιν.</span> <span class='ocrx_word' id='word_1_837' title='bbox 3221 5570 3276 5646; x_wconf 53' lang='lat'><strong><em>‘1</em></strong></span> <span class='ocrx_word' id='word_1_838' title='bbox 3302 5569 3439 5646; x_wconf 49' lang='grc' dir='ltr'>*δρὸς</span> <span class='ocrx_word' id='word_1_839' title='bbox 3480 5636 3484 5643; x_wconf 25' lang='grc' dir='ltr'>υ</span> 
     </span>
    </p>
   </div>
   <div class='ocr_carea' id='block_1_110' title="bbox 2272 5637 3434 5713">
    <p class='ocr_par' dir='ltr' id='par_1_110' title="bbox 2272 5637 3434 5713">
     <span class='ocr_line' id='line_1_110' title="bbox 2272 5637 3434 5713; baseline -0.003 -16"><span class='ocrx_word' id='word_1_840' title='bbox 2272 5646 2313 5677; x_wconf 62' lang='grc' dir='ltr'>⁸ο</span> <span class='ocrx_word' id='word_1_841' title='bbox 2350 5645 2387 5697; x_wconf 72' lang='lat' dir='ltr'><strong><em>li</em></strong></span> <span class='ocrx_word' id='word_1_842' title='bbox 2432 5644 2690 5712; x_wconf 67' lang='grc' dir='ltr'>ἤρξαντο,</span> <span class='ocrx_word' id='word_1_843' title='bbox 2719 5637 2871 5713; x_wconf 73' lang='lat' dir='ltr'><strong><em>juxta</em></strong></span> <span class='ocrx_word' id='word_1_844' title='bbox 2902 5660 3008 5698; x_wconf 75' lang='lat' dir='ltr'><strong><em>rec.</em></strong></span> <span class='ocrx_word' id='word_1_845' title='bbox 3032 5643 3154 5695; x_wconf 66' lang='lat' dir='ltr'><strong><em>lect.</em></strong></span> <span class='ocrx_word' id='word_1_846' title='bbox 3230 5637 3276 5669; x_wconf 79' lang='grc'><strong><em>⁸⁸</em></strong></span> <span class='ocrx_word' id='word_1_847' title='bbox 3304 5637 3434 5701; x_wconf 77' lang='grc' dir='ltr'><strong>Οὓς.</strong></span> 
     </span>
    </p>
   </div>
  </div>
