3868 6204
338 383 459 449 εστ

1316 353 1806 422 THEODORETI
1836 350 2174 412 EPISCOPI
2206 350 2290 411 CY
2303 348 2574 408 RENSIS

3523 333 3628 398 918

359 482 793 562 quieturus-egi
840 475 1016 549 ipsius
1054 469 1468 540 Hierosolyma,
1521 473 1637 519 tum
1682 459 1940 516 omnibus

2076 477 2150 514 ων
2179 459 2562 531 προφητεύων,
2607 455 2698 508 καὶ
2729 454 2784 505 ὲν
2816 449 3038 522 ἐμαυτῷ
3071 445 3444 520 σκιογραφῶν,
3477 447 3547 502 τά
3571 463 3628 501 τι

2083 551 2108 562 ιο
2168 551 2192 562 Α
2292 551 2308 562 ι
2353 553 2374 562 .-
2437 549 2462 561 ~
2537 549 2574 562 σε
2782 543 2841 562 \l
2880 561 2885 562 γ
2958 543 3043 562 .μμὶ
3098 541 3222 562 -2--
3262 542 3372 562 --ὯΑ
3411 539 3625 562 l-_-__.__

337 629 341 634 .
360 579 704 654 principibus
737 577 999 629 eventura
1035 565 1169 621 sint.

433 755 601 814 Vens.
642 751 723 807 l2.
759 746 1010 814 Princeps
1035 743 1174 797 enim
1203 741 1441 810 ipsorum
1471 738 1526 791 in
1559 735 1730 790 medio
1757 749 1942 788 eorum

365 857 383 878 '
411 863 570 920 super
595 846 838 899 humeros
867 835 1176 900 extolletur,
1208 841 1258 888 et
1287 829 1488 886 occulte
1512 827 1674 884 exibit
1705 841 1796 895 per
1828 841 1942 878 mu-

365 958 483 998 rum
502 982 516 1004 ,
543 933 828 1004 eteﬂ‘odiet
850 971 863 994 ,
891 937 948 983 ut
977 936 1128 982 exeat
1155 940 1247 995 per
1270 939 1390 978 eum
1413 939 1430 976 :
1461 921 1658 990 facient
1685 934 1839 974 suam
1865 933 1944 970 co-

366 1033 598 1103 operiet,
634 1044 698 1082 ne
729 1022 1090 1091 conspiciatur
1131 1018 1328 1080 oculis,
1364 1024 1414 1069 et
1452 1014 1565 1083 ipse
1604 1021 1802 1067 terram
1842 1026 1946 1062 non

365 1101 576 1179 uidebit.
609 1117 1001 1173 Verumtamen
1035 1110 1223 1181 fugam
1255 1107 1338 1163 sic
1364 1117 1584 1176 quoque
1612 1101 1826 1156 faciens
1847 1141 1862 1165 ,
1895 1108 1949 1154 ct

365 1218 441 1270 ita
468 1213 818 1270 machinatus
846 1217 907 1262 ut
937 1206 1172 1268 lateret,
1199 1202 1269 1257 ab
1299 1199 1557 1254 hostibus
1585 1194 1950 1265 comprehen-

360 1311 545 1366 detur.

443 1492 609 1545 Vens.
645 1487 731 1541 15.
763 1487 832 1538 Et
862 1489 1177 1542 extenaam,
1206 1477 1388 1545 inquit
1409 1511 1423 1536 ,
1456 1480 1564 1526 rete
1592 1483 1765 1522 meum
1799 1479 1953 1532 super

367 1590 542 1656 ipsum
565 1622 578 1647 ,
607 1589 658 1636 et
691 1573 1156 1648 comprehendetur
1182 1571 1238 1624 in
1272 1567 1565 1622 munitione
1592 1578 1708 1616 mea
1729 1602 1741 1624 ,
1772 1569 1820 1614 et
1850 1559 1951 1610 du-

369 1655 487 1733 cam
515 1689 634 1729 eum
663 1674 715 1726 in
748 1669 1072 1739 Babylonem
1113 1666 1168 1719 in
1214 1671 1408 1717 terram
1451 1655 1862 1716 Cltaldtzorum,
1903 1659 1954 1704 et

371 1775 541 1840 ipsam
577 1781 681 1821 non
715 1761 905 1818 uidebit
930 1801 944 1827 ,
979 1768 1030 1815 et
1059 1757 1132 1813 ibi
1167 1756 1442 1812 morietur.
1482 1751 1588 1806 Per
1620 1747 1806 1804 omnia
1841 1745 1956 1799 hiec

369 1878 495 1933 quae
517 1860 664 1916 dicta
695 1861 859 1920 sunt,
886 1851 1076 1908 docuit
1119 1849 1234 1906 fore
1261 1854 1345 1914 ut,
1375 1841 1764 1899 instrumentis
1791 1849 1953 1892 utcus

377 1927 652 2014 hostibus,
678 1959 876 2017 poenas
902 1948 1119 2012 repetat
1143 1935 1446 2008 impietatis
1475 1949 1505 1987 a
1532 1946 1659 2002 rege
1681 1970 1695 1996 ,
1726 1937 1780 1984 et
1808 1927 1956 1997 prin-

372 2041 596 2114 cipibus
617 2079 630 2104 ,
667 2036 931 2107 omnique
959 2033 1073 2089 illis
1105 2031 1361 2100 subjecto
1388 2026 1609 2098 populo.
1651 2021 1775 2075 Rete
1808 2021 1954 2074 enim

372 2113 533 2191 suum
564 2131 783 2187 vocavit
809 2129 1005 2184 hostes
1025 2168 1040 2193 ,
1070 2132 1126 2182 et
1151 2123 1498 2178 munitionem
1523 2133 1682 2175 suam
1712 2113 1958 2171 obsidio-

377 2241 522 2285 nem.
561 2222 688 2278 Haec
715 2223 884 2277 etiam
923 2225 1158 2290 quartus
1191 2215 1512 2285 Regnorum
1549 2211 1708 2274 liber,
1741 2215 1795 2263 et
1829 2207 1955 2260 hea-

379 2328 471 2373 tus
517 2315 790 2371 Jeremias
855 2318 1047 2383 aperte
1087 2310 1286 2365 docent
1335 2314 1405 2359 δ’.
1446 2301 1959 2360 Nabuchodonosor

377 2410 548 2475 enim,
569 2408 742 2462 misso
758 2405 1004 2476 equestri
1023 2401 1268 2459 exercitu
1282 2402 1338 2454 in
1359 2397 1716 2455 solitudinem
1735 2406 1857 2463 quae
1876 2397 1960 2446 est

377 2515 550 2572 prope
580 2497 958 2554 Jericbuntem
981 2535 996 2562 ,
1034 2494 1319 2551 Sedociam
1360 2498 1526 2560 atque
1555 2504 1652 2544 eos
1695 2487 1790 2557 qui
1831 2499 1959 2538 cum

379 2605 448 2645 eo
477 2587 739 2659 fugerant
762 2627 777 2654 ,
805 2595 1096 2656 correptos
1123 2582 1350 2639 deduxit
1381 2578 1703 2634 Deblatham
1727 2615 1741 2640 ,
1778 2573 1962 2642 ibique

379 2679 624 2736 Sedeciae
663 2677 790 2734 ﬁliis
833 2677 986 2748 prius
1021 2674 1364 2739 interfectis,
1393 2681 1448 2726 et
1484 2669 1628 2724 facto
1661 2667 1782 2738 ipso
1815 2665 1958 2718 ﬁlio-

385 2783 504 2822 rum
531 2765 695 2821 caedis
725 2772 1042 2834 spectatore
1064 2802 1079 2828 ,
1108 2761 1308 2818 deinde
1333 2761 1484 2816 illius
1512 2759 1705 2814 oculos
1735 2754 1928 2811 elfodit
1947 2793 1960 2816 ,

382 2856 869 2926 circumjectisquc
897 2855 1136 2910 vinculis
1173 2869 1240 2909 ex
1280 2867 1388 2907 aere
1427 2849 1698 2906 confectis
1736 2861 1862 2902 eum
1903 2845 1962 2899 in

383 2949 718 3020 Babylonem
750 2947 1015 3014 abduxit,
1047 2954 1212 3018 atque
1239 2946 1296 3000 in
1326 2944 1564 3017 pistrino
1595 2940 1775 3011 coegit
1804 2936 1964 2992 habi-

385 3055 525 3099 tare.
585 3039 751 3112 ’154
799 3039 1012 3096 Idcirco
1063 3041 1141 3096 ait
1191 3037 1530 3111 prophetia:
1567 3054 1586 3088 ι
1622 3033 1962 3105 Babylonem

383 3134 639 3200 ducetur,
670 3138 725 3186 et
759 3129 933 3202 ipsam
967 3145 1079 3188 non
1110 3131 1340 3188 videbit.
1373 3147 1393 3183 ι

458 3405 628 3463 Vsus.
664 3407 766 3470 Η,
809 3403 898 3459 l5.
931 3401 1000 3457 Et
1026 3415 1242 3466 omnes,
1275 3399 1490 3471 inquit,
1522 3398 1578 3452 in
1605 3395 1830 3450 circuitu
1853 3393 1966 3463 ejus

375 3498 740 3554 auxiliatores
770 3495 882 3564 ejus
905 3537 918 3563 ,
943 3503 993 3549 et
1018 3509 1198 3548 omnes
1226 3507 1372 3562 opem
1399 3490 1626 3559 ferentes
1655 3489 1703 3542 ei
1723 3529 1738 3552 ,
1763 3487 1969 3555 disper-

377 3606 509 3662 gam
550 3591 605 3644 in
643 3603 848 3644 omnem
888 3594 1096 3640 ventum
1152 3593 1202 3639 et
1260 3583 1500 3654 gladium
1538 3580 1812 3649 eﬁ'undam
1850 3583 1968 3645 post

386 3697 498 3734 eos.
533 3678 599 3732 Et
643 3685 951 3748 cognoscent
999 3691 1080 3729 tne
1124 3689 1234 3729 esse
1275 3673 1592 3734 Dominum,
1637 3685 1756 3723 cum
1803 3668 1970 3721 dissi-

384 3785 579 3837 pauero
607 3785 700 3839 ego
730 3785 816 3822 eos
843 3768 898 3822 in
927 3766 1165 3837 gentibus
1186 3805 1202 3830 ,
1233 3773 1283 3820 et
1309 3762 1664 3819 disseminabo
1694 3778 1780 3815 eos
1806 3761 1861 3814 in
1885 3775 1970 3814 re-

392 3859 651 3930 gionibus.
688 3858 1228 3929 Quicunque-autem
1278 3858 1336 3912 in
1384 3855 1572 3927 praelio
1603 3855 1805 3910 caulem
1835 3853 1972 3908 υσυ-

379 3950 610 4020 ._geriut,
641 3949 880 4005 cilicium
918 3958 977 4004 ut
1012 3949 1216 4021 captivi
1250 3942 1620 4014 abducantd‘r,
1654 3953 1710 4000 et
1744 3945 1969 4001 exsules

388 4039 596 4094 faciam
630 4049 684 4096 et
718 4042 980 4112 profugos
1006 4079 1022 4106 ,
1058 4048 1120 4095 ut
1157 4041 1291 4111 ipsis
1324 4039 1491 4094 rebus
1553 4037 1769 4092 discant
1817 4043 1971 4090 muta

391 4145 521 4187 esse
549 4131 701 4186 idola
748 4139 803 4187 et
837 4147 1068 4203 prorsus
1118 4131 1318 4186 inertia
1342 4173 1358 4197 ,
1393 4144 1481 4185 me
1511 4143 1642 4185 vero
1676 4126 1970 4183 Dominum

382 4233 567 4295 .atque
596 4222 830 4280 Herum.

431 4410 634 4468 ἀνω.
676 4407 765 4462 16.
807 4405 878 4460 Et
927 4403 1220 4474 relinquam
1266 4417 1330 4456 ea:
1363 4401 1490 4471 ipsis
1525 4401 1666 4455 viros
1707 4415 1927 4455 numero
1953 4441 1969 4466 ,

2039 551 2119 621 τῷ
2166 551 2374 620 βασιλεῖ
2404 549 2503 620 τῆς
2537 543 2916 620 Ἰερουσαλὴμ,
2955 543 3050 596 καὶ
3094 541 3227 594 πᾶσι
3259 542 3372 603 τοῖς
3405 539 3631 610 ἄρχουσι

2046 661 2110 697 συ
2119 644 2229 714 μϐη
2238 643 2464 712 σόμενα.

2115 733 2202 804 ιβ’.
2243 733 2352 789 Kal
2373 736 2405 786 ὀ
2426 733 2626 802 ἅρχων
2653 729 2764 799 γὰρ
2790 725 2991 783 αὐτῶν
3025 726 3096 780 ἐν
3116 725 3286 794 μέσῳ
3312 722 3518 777 αὐτῶν
3544 723 3636 777 ἐπ’

2043 827 2216 896 ὤμων
2257 824 2599 894 ἀρθήσεται,
2653 820 2754 875 καὶ
2791 817 3212 887 κεκρυμμένως
3249 815 3635 880 ἐξελεύσεται

2045 917 2143 971 διὰ
2173 917 2279 972 τοῦ
2317 915 2543 985 τοίχου,
2579 913 2677 967 real
2707 911 2970 980 διορύξει
3008 908 3113 963 τοῦ
3153 906 3427 972 ἐξελθεῖν
3449 906 3640 959 αὑτὸν

2047 1012 2122 1066 δι’
2145 1011 2333 1066 αὑτοῦ
2357 1026 2370 1041 ·
2404 1008 2471 1062 τὸ
2493 1008 2818 1078 πρόσωπον
2836 1005 3022 1061 αὑτοῦ
3043 1002 3452 1072 συγκαλύψει,
3478 999 3640 1064 ὅπως

2044 1103 2130 1174 μὴ
2179 1100 2366 1171 ὀραθῇ
2408 1098 2739 1169 ὀφθαλμοῖς
2755 1099 2822 1159 ⁸⁸,
2868 1096 2967 1150 καὶ
2999 1094 3184 1160 αὐτὸς
3217 1093 3333 1160 τὴν
3375 1093 3496 1162 γῆν
3529 1097 3638 1147 οὐκ

2051 1197 2280 1265 ὄψεται.
2323 1194 2462 1247 Ἀλλ’
2486 1195 2635 1264 ὅμως
2666 1191 2760 1245 καὶ
2779 1189 2922 1243 οὕτω
2951 1187 3276 1258 ποιούμενος
3304 1186 3405 1256 τὴν
3437 1186 3639 1256 φυγὴν,

2052 1290 2146 1344 καὶ
2173 1291 2348 1343 πάντα
2382 1286 2775 1358 μηχανώμενος
2797 1285 2937 1339 ὥστε
2959 1283 3168 1344 λαϐεῖν,
3200 1278 3645 1350 συλληφθήσεται

2052 1381 2204 1451 παρὰ
2239 1379 2351 1433 τῶν
2381 1379 2678 1448 πολεμίων.

2127 1480 2214 1540 ιγ’.
2264 1471 2375 1525 Kal
2411 1467 2744 1531 ἐκπετάσω,
2797 1466 2968 1536 φησὶ,
3003 1464 3071 1519 τὸ
3113 1462 3362 1516 δίκτυόν
3400 1478 3523 1529 μου
3555 1459 3650 1512 ἐπ’

2053 1564 2260 1630 αὑτὸν,
2297 1563 2391 1617 καὶ
2422 1559 2927 1630 συλληφθήσεται
2954 1557 3025 1610 ἐν
3056 1555 3132 1624 τῇ
3165 1553 3418 1623 περιοχῇ
3439 1571 3562 1623 μου
3579 1553 3649 1617 ³⁸,

2057 1656 2156 1710 καὶ
2183 1656 2304 1720 ἄξω
2339 1654 2526 1708 αὐτὸν
2551 1655 2638 1718 εὶς
2672 1648 3002 1705 Βαϐυλῶνα
3037 1649 3124 1714 είς
3158 1646 3275 1717 γῆν
3308 1645 3650 1709 Χαλδαίων,

2058 1748 2156 1803 καί
2188 1747 2383 1815 αὐτὴν
2410 1748 2520 1800 οὐκ
2564 1745 2796 1813 ὄψεται,
2829 1741 2928 1795 real
2974 1739 3103 1794 ἐκεῖ
3135 1737 3513 1804 τελευτήσει.
3553 1739 3655 1792 Διὰ

2063 1843 2280 1896 πάντων
2311 1838 2514 1902 ἐδίδαξε
2543 1836 2650 1891 τῶν
2690 1835 3021 1908 εἰρημένων,
3055 1832 3131 1897 ὡς
3160 1831 3416 1903 ὀργάνοις
3451 1845 3656 1902 κεχρηο

2067 1933 2226 2002 μένος
2251 1932 2362 1993 τοῖς
2392 1926 2693 1997 πολεμίοις,
2723 1926 2878 1988 δίκας
2909 1924 3206 1995 ἀπαιτήσει
3237 1921 3338 1991 τῆς
3370 1920 3653 1982 ἀσεϐείας,

2065 2025 2157 2077 καὶ
2200 2023 2292 2076 τὸν
2344 2019 2588 2092 βασιλέα,
2641 2021 2737 2072 καὶ
2785 2018 2913 2082 τοὺς
2941 2018 3229 2089 ἄρχοντας,
3277 2016 3374 2068 καὶ
3405 2014 3554 2068 ἅπαν
3595 2011 3658 2065 τὸ

2065 2115 2326 2184 ὑπήκοον.
2418 2114 2676 2166 Δίκτυον
2739 2109 2849 2182 γὰρ
2913 2109 3099 2166 αὐτοῦ
3159 2109 3287 2171 τοὺς
3359 2104 3659 2177 πολεμίους

2066 2206 2311 2272 ἐκάλεσε,
2338 2205 2431 2258 καὶ
2462 2202 2753 2273 περιοχὴν
2770 2202 2958 2258 αὐτοῦ
2979 2202 3078 2272 τὴν
3103 2200 3445 2272 πολιορκίαν.
3473 2195 3663 2250 Ταῦτα

2065 2301 2120 2355 δὲ
2168 2300 2261 2354 καὶ
2307 2300 2341 2368 ἡ
2397 2299 2633 2368 τετάρτη
2681 2294 2788 2348 τῶν
2815 2293 3131 2358 Βασιλειῶν,
3180 2293 3274 2345 καὶ
3311 2293 3341 2344 6
3383 2289 3660 2360 μακάρια,-

2080 2391 2350 2463 Ἱερεμίας
2381 2389 2569 2457 σαφῶς
2611 2387 2875 2441 διδάσκει.
2923 2385 3168 2440 Ἱππικὸν
3213 2385 3324 2456 γὰρ
3362 2383 3662 2452 σύνταγμα

2069 2483 2291 2554 πέμψας
2321 2485 2348 2536 ὁ
2376 2480 2845 2551 Ναϐουχοδονόσορ
2885 2480 2965 2542 είς
3003 2478 3100 2549 τὴν
3125 2476 3246 2530 καθ’
3283 2474 3504 2546 Ἱεριχὼ
3537 2474 3664 2543 ἐρηο

2071 2593 2192 2648 μον,
2223 2575 2318 2629 καὶ
2351 2575 2441 2627 τὸν
2467 2573 2722 2626 Σεδεκίαν
2751 2572 2846 2627 καὶ
2872 2571 2999 2634 τοὺς
3036 2571 3130 2624 σὺν
3173 2568 3319 2640 αὐτῷ
3353 2564 3664 2638 δραπετεὺ-

2071 2685 2268 2730 σαντας
2317 2665 2616 2726 συλλαϐὼν,
2658 2665 2866 2736 ἢγαγεν
2919 2664 2996 2726 είς
3041 2660 3306 2728 Δεϐλα-θὰ,
3354 2662 3528 2714 κάκεῖ
3568 2658 3664 2712 τοῦ

2070 2758 2318 2812 Σεδεκίου
2351 2759 2474 2820 τοὺς
2510 2756 2708 2818 παῖδας
2743 2753 3009 2825 πρότερον
3054 2751 3281 2815 ἀνελὼν,
3331 2752 3430 2806 καὶ
3462 2751 3664 2820 θεατὴν

2069 2849 2229 2904 αὐτὸν
2277 2849 2511 2919 ποιήσας
2535 2847 2580 2879 ³¹
2627 2846 2727 2915 τῆς
2779 2843 2887 2898 τῶν
2928 2844 3133 2896 παίδων
3182 2842 3441 2913 σφαγῆς,
3483 2841 3668 2905 οὕτως

2070 2940 2236 2995 αὑτοῦ
2266 2940 2392 3005 τοὺς
2437 2937 2748 3008 ὀφθαλμοὺς
2784 2933 3039 3007 ἐξώρυξε,
3075 2935 3172 2988 καὶ
3197 2935 3374 3006 δεσμὰ
3411 2933 3666 3005 περιθεὶς

2073 3036 2137 3087 ὲκ
2165 3031 2369 3104 χαλκοῦ
2413 3028 2778 3101 πεποιημένα,
2819 3029 2896 3091 εἰς
2924 3028 3022 3097 τὴν
3055 3025 3350 3080 Βαϐυλῶνα
3374 3027 3664 3097 ἀπήγαγε,

1991 3161 2034 3216 C
2075 3127 2293 3200 μύλωνα
2313 3127 2480 3179 οἰκεῖν
2502 3123 2834 3192 ἀναγκάσας.
2858 3121 2950 3174 Διὸ
2968 3121 3064 3174 καὶ
3086 3121 3118 3190 ἡ
3141 3120 3453 3189 προφητεία
3470 3120 3666 3189 φησιν,

2067 3221 2148 3274 ὅτι
2225 3239 2244 3272 t
2277 3220 2372 3282 Εἰς
2421 3216 2714 3271 Βαϐυλῶνα
2785 3215 3124 3287 ἀχθήσεται,
3187 3217 3285 3266 καὶ
3335 3212 3514 3281 αὐτὴν
3568 3212 3670 3265 οὐκ

2068 3311 2278 3382 ὄψεται.
2304 3331 2322 3362 ι

2139 3403 2220 3468 ιδ’,
2253 3409 2333 3456 ιε’.
2399 3401 2506 3455 Kal
2555 3399 2809 3463 πάντας,
2852 3397 3006 3466 φησὶ,
3047 3395 3192 3462 τοὺς
3221 3395 3432 3458 κύκλῳ
3472 3391 3670 3448 αὑτοῦ

2068 3495 2211 3560 τοὺς
2242 3493 2514 3563 ,ϐοηθοὺς
2545 3490 2752 3553 αὑτοῦ,
2790 3489 2890 3542 real
2921 3487 3154 3553 πάντας
3182 3485 3328 3552 τοὺς
3367 3485 3671 3553 artatqu-

2062 3584 2435 3654 θεινομένους
2462 3581 2672 3644 αὐτοῦ,
2708 3576 3012 3647 διασπερῶ
3047 3579 3136 3642 είς
3173 3576 3370 3630 πάντα
3410 3575 3669 3644 ἄνεμον,

2070 3678 2165 3732 καὶ
2179 3676 2486 3746 ῥομφαίαν
2505 3670 2697 3743 ἐκχεῶ
2713 3672 2756 3704 ³⁸
2785 3672 2980 3724 ὀπίσω
3003 3668 3218 3724 αὐτῶν.
3254 3668 3361 3722 Kal
3387 3667 3669 3736 γνώσον-

2067 3787 2164 3824 ται
2185 3770 2279 3823 ὅτι
2311 3768 2424 3838 ἐγώ
2455 3769 2570 3838 είμι
2588 3765 2633 3798 ³⁸
2663 3765 2897 3834 Κύριος,
2922 3764 2994 3818 ἐν
3023 3763 3103 3829 τῷ
3130 3761 3574 3829 διασκορπίσαι
3595 3776 3671 3830 με

2069 3860 2291 3926 αὐτοὺς
2318 3860 2388 3914 ἐν
2428 3859 2550 3924 τοῖς
2583 3857 2807 3922 ἔθνεσι,
2847 3855 2945 3910 καὶ
2986 3851 3289 3923 διασπερῶ
3325 3853 3562 3918 αὐτοὺς
3601 3853 3672 3906 ἐν

2070 3953 2198 4019 ταῖς
2227 3952 2464 4021 χώραις.
2491 3952 2650 4006 Ὅσοι
2673 3951 2718 4005 δ’
2746 3950 2811 4005 ἂν
2839 3947 3146 4018 διαφύγωσι
3175 3946 3274 4016 τὴν
3306 3947 3364 3999 ἐν
3391 3945 3474 4016 τῷ
3499 3946 3668 3999 πολέ-

2075 4059 2160 4113 μῳ
2189 4042 2421 4113 σφαγὴν,
2471 4040 2850 4113 αἰχμαλώτους
2876 4039 3188 4110 ἀπαχθῆναι
3226 4039 3666 4108 παρασκευάσω,

2073 4137 2166 4188 καὶ
2195 4135 2478 4205 μετοίκους
2509 4134 2776 4204 ἀποφανῶ
2819 4133 2914 4186 καὶ
2945 4131 3240 4202 σποράδας,
3277 4131 3363 4182 ἵνα
3385 4129 3455 4183 δι’
3479 4131 3668 4184 αὐτῶν

2077 4225 2293 4296 μάθωσι
2318 4227 2426 4279 τῶν
2454 4226 2815 4296 πραγμάτων,
2834 4224 2909 4287 ὡς
2940 4222 3099 4291 κωφά
3120 4223 3218 4292 μὲν
3230 4221 3300 4273 τὰ
3315 4221 3537 4283 εἴδωλα,
3574 4222 3671 4274 καὶ

2007 4351 2021 4366 ο
2073 4316 2359 4380 παντελῶς
2379 4316 2478 4386 μὲν
2489 4315 2538 4346 ³⁸
2555 4315 2783 4386 ἀδρανῆ,
2811 4311 2920 4381 ἐγὼ
2939 4311 2996 4365 δὲ
3020 4312 3222 4382 Κύριος
3244 4309 3337 4362 καὶ
3356 4310 3667 4378 Δεσπότης.

2148 4417 2243 4474 ις’.
2286 4407 2394 4462 Kal
2425 4405 2818 4474 ὐπολήψομαι
2845 4403 2913 4468 ἐξ
2943 4402 3147 4457 αὐτῶν
3176 4400 3402 4469 ἄνδρας
3435 4398 3670 4469 ἀριθμῷ

382 4519 462 4561 επ
481 4503 662 4575 gladio
683 4541 698 4567 ,
725 4508 776 4555 et
803 4513 869 4554 ex
899 4496 1040 4567 fame
1059 4536 1074 4562 ,
1104 4504 1154 4550 et
1177 4510 1242 4548 ea:
1267 4503 1434 4548 morte
1456 4533 1468 4555 .
1499 4502 1556 4547 ut
1579 4500 1828 4548 euarrent
1859 4509 1960 4546 om-

2075 4503 2142 4556 ἐκ
2179 4500 2504 4570 ῥομφαίας,
2555 4497 2654 4551 καί
2701 4497 2768 4550 ἐκ
2807 4491 3007 4564 λιμοῦ,
3047 4493 3144 4547 καί
3188 4494 3257 4546 ἐκ
3311 4491 3668 4558 θανάτου⁸⁸,

395 4613 486 4652 nes
515 4596 820 4665 iniquitates
848 4606 974 4645 suas
1007 4589 1062 4642 in
1093 4586 1333 4659 gentibus
1352 4628 1366 4653 ,
1396 4601 1497 4657 quo
1537 4587 1758 4656 ingressi
1806 4595 1970 4649 sunt,

397 4695 448 4742 et
477 4693 792 4756 cognoscant
832 4699 913 4738 me
947 4697 1062 4737 esse
1114 4679 1424 4734 Dominum.
1472 4675 1539 4732 Hi
1589 4687 1772 4732 autem
1825 4677 1970 4748 ipsi,

401 4775 612 4846 inquit,
634 4777 729 4845 qui
755 4775 998 4846 reliquiae
1027 4781 1188 4829 erunt.
1216 4770 1406 4834 famis,
1434 4779 1488 4825 et
1517 4771 1740 4834 mortis,
1773 4777 1828 4824 et
1859 4769 1974 4824 bel-

401 4867 519 4922 lica
545 4869 742 4932 caedis,
776 4875 1138 4923 accusatores
1171 4863 1409 4935 propriae
1445 4863 1748 4934 impietatis
1781 4870 1837 4917 et
1865 4862 1972 4916 ini-

400 4958 628 5027 quitatis
657 4966 854 5026 erunt,
887 4959 1155 5015 docentes
1185 4971 1281 5012 eas
1310 4965 1501 5026 gentes
1522 4995 1537 5023 ,
1571 4954 1624 5008 in
1652 4955 1854 5024 quibus
1880 4969 1974 5010 ca-

401 5045 538 5115 ptivi
567 5044 798 5116 degent,
836 5063 896 5104 se
925 5062 1120 5118 poenas
1161 5060 1354 5102 eorum
1389 5043 1558 5110 dare,
1606 5059 1728 5115 quae
1780 5045 1835 5099 in
1887 5061 1974 5101 me

389 5135 768 5207 deliquerunt.

2078 4592 2236 4656 ὅπως
2266 4589 2342 4642 ἂν
2366 4585 2750 4656 ἐκδιητῶνται
2785 4585 2990 4650 πάσας
3026 4583 3134 4649 τὰς
3177 4583 3431 4651 ἀνομίας
3462 4581 3672 4635 αὐτῶν

2077 4683 2147 4736 ἐν
2185 4680 2309 4745 τοῖς
2342 4681 2602 4745 ἔθνεσιν,
2645 4674 2716 4734 οὗ
2745 4677 3036 4746 εἰσῆλθον
3076 4675 3221 4737 ἐκεῖ,
3265 4674 3365 4728 καὶ
3393 4673 3670 4744 γνώσον-

2078 4788 2172 4825 ται
2208 4771 2291 4825 ὅτι
2335 4769 2450 4839 ἐγὼ
2481 4769 2715 4837 Κύριος.
2750 4769 2915 4821 Αὐτοὶ
2953 4767 3010 4820 δὲ
3039 4762 3206 4828 οὗτοι,
3243 4766 3431 4836 φησιν,
3463 4765 3513 4818 οἶ
3553 4765 3669 4818 λεί-

2078 4859 2246 4930 ψανον
2291 4858 2507 4912 ἔσονται
2537 4856 2630 4909 τοῦ
2675 4855 2859 4926 λιμοῦ,
2903 4856 2998 4909 καὶ
3034 4853 3127 4908 τοῦ
3158 4855 3410 4917 θανάτου,
3439 4853 3538 4907 καὶ
3567 4851 3668 4921 τῆς
3744 4903 3754 4915 ,

2082 4951 2382 5021 πολεμικῆς
2401 4948 2637 5019 σφαγῆς,
2662 4950 2960 5018 κατήγοροι
2985 4949 3086 5018 τῆς
3111 4947 3316 5008 οἰκείας
3341 4943 3670 5005 δυσσεϐείας

2082 5043 2175 5098 καὶ
2217 5045 2315 5112 τῆς
2337 5043 2384 5075 ³⁸
2423 5040 2771 5113 παρανομίας
2817 5041 3168 5110 γενήσονται,
3215 5037 3566 5097 διδάσκοντες
3595 5034 3666 5087 τὰ

2079 5135 2206 5205 ἔθνη
2239 5129 2312 5188 ὧν
2337 5136 2445 5186 εἰσι
2477 5133 2740 5204 μέτοικοι,
2780 5130 2856 5196 ὡς
2893 5129 3049 5194 δίκας
3083 5128 3321 5183 τίνουσιν
3349 5121 3426 5182 ὧν
3450 5127 3530 5190 είς
3563 5126 3667 5196 bitt

2083 5249 2150 5285 πε
2157 5231 2260 5302 πλη
2269 5247 2307 5300 μ
2313 5228 2524 5300 μελήκα
2531 5243 2601 5281 σι.

475 5342 524 5380 6°
550 5335 615 5392 ιν
633 5337 767 5409 Reg.
794 5353 922 5406 xxv,
954 5339 985 5393 ι
1010 5353 1161 5410 seqq.
1186 5357 1202 5406 ;
1231 5338 1431 5395 Jerem.
1459 5356 1650 5410 xxxix,
1679 5342 1714 5397 4
1741 5358 1910 5414 seqq;
1946 5362 1960 5399 ι

2071 5346 2099 5399 ι
2139 5361 2294 5417 seqq.

1718 5461 1952 5517 VARUE
1990 5462 2394 5519 LECTIONES.

471 5591 606 5664 '18.
644 5591 928 5664 ὀφθαλμῷ,
967 5593 1118 5662 juxta
1161 5609 1272 5651 rec.
1315 5597 1443 5652 lect.

413 5660 612 5714 παίδων

755 5599 928 5678 unum,
967 5599 1118 5678 juxta
1161 5609 1272 5678 rec.
1315 5599 1443 5652 lect.
1547 5599 1594 5631 ³⁸
1623 5601 1680 5678 εν
1707 5617 1756 5654 τ.
1799 5618 1925 5678 περ.
1966 5620 2087 5672 μου.
2127 5604 2289 5678 Hebr.
2331 5606 2409 5678 in!
2443 5619 2644 5673 sagena
2689 5617 2831 5678 mea.

648 5664 908 5740 positum.
987 5664 1298 5740 ”__énx._ita_
1355 5681 1576 5740 quoque
1621 5673 1661 5740 ᾼ
1699 5678 1752 5740 et
1794 5664 2045 5740 iB'juita
2089 5677 2279 5736 Alex.,
2318 5676 2411 5731 scd

404 5729 454 5813 if
473 5729 604 5796 εἰμί.
635 5729 756 5786 Des.
788 5733 842 5786 in
881 5735 923 5786 Δ
950 5744 1003 5789 et
1026 5733 1088 5788 Β.
1127 5729 1210 5768 ’³⁵
1232 5729 1516 5807 μέν.ἰ)σὲ.
1544 5739 1599 5792 in
1628 5736 1687 5792 Β.
1714 5738 1758 5771 ³⁸
1784 5729 1910 5798 Θανῖ
1949 5742 2110 5797 Hebr.
2161 5729 2332 5814 peste.

2850 5673 2861 5685 .
2940 5603 2981 5634 "
3013 5600 3053 5686 εξ
3084 5601 3489 5686 πειηετάμενοςθ
3521 5607 3661 5686 Post

2497 5671 2680 5729 r‘aestat
2737 5673 2901 5727 lectio
2948 5673 3070 5728 cod.
3121 5671 3308 5728 Vatic.‘
3342 5671 3657 5725 ἐκκενώσω.

2432 5741 2477 5777 ³⁸
2500 5744 2620 5814 τῆς.
2661 5744 2784 5800 Des.
2810 5744 2865 5797 in
2894 5741 2952 5799 Β.
