3868 6204
237 299 337 360 917

1405 306 1484 362 .lN
1515 305 1964 365 EZECIIIELIS
2001 306 2158 368 CAP.
2194 307 2360 370 XIII.

3371 311 3475 376 918

235 408 550 476 ὑωγκὼνια
582 411 687 464 ὑπὸ
712 411 887 465 πάντα
919 413 1138 481 ἀγκῶνα
1168 417 1367 485 χειρὶς,
1395 417 1490 470 καὶ
1517 419 1795 479 ποιούσαις

1904 421 2108 476 tionem
2151 425 2430 478 molliores
2473 439 2535 478 ac
2576 426 2825 481 mitiores
2870 426 3029 482 hisce
3069 427 3253 482 verbis
3285 427 3474 482 innuit

233 497 531 567 ὑπαυχένια
584 499 718 570 πρὸς
757 500 996 570 κεφαλῆς
1041 503 1218 572 πάσης
1253 505 1465 573 ἡλικίας
1492 507 1572 568 εἰς
1603 507 1665 560 τὸ
1700 506 1797 577 θηο

234 590 406 657 ρεύειν
434 589 639 659 ψυχας.
672 609 688 641 ι
728 591 1014 662 Τροπικῶς
1053 595 1109 647 δὲ
1138 595 1226 648 διὰ
1255 595 1460 650 τούτων
1486 599 1612 660 τοὺς
1648 599 1794 651 ἀπα-

230 678 494 748 λωτέρους
539 681 632 733 καὶ
676 684 1067 754 χρηστοτέρους
1102 683 1321 755 ᾐνίξατο
1353 688 1542 755 λόγους
1573 705 1587 718 ·
1639 691 1708 742 τά
1737 706 1796 742 τε

229 771 334 840 γὰρ
371 772 671 840 ὑπαυχένια
704 777 795 826 καὶ
830 774 898 827 τὰ
943 777 1264 844 ὑπαγκώνια
1306 779 1624 850 ᾁνάπαυλάν
1675 799 1795 834 τινα

228 861 318 913 καὶ
342 861 636 931 θεραπείαν
662 865 961 936 προσφέρει
997 869 1104 929 τοῖς
1139 867 1376 936 μέλεσιν,
1404 866 1484 934 οἷς
1509 871 1792 925 ὑποτίθενο

224 967 343 1004 ται·
377 954 472 1004 καὶ
507 955 555 1005 oi
607 955 960 1024 χρηστὸτεροι
1011 957 1181 1025 λόγοι,
1220 961 1313 1012 καὶ
1360 961 1575 1028 ψευδεῖς
1621 963 1795 1029 ὄντες,

226 1043 357 1114 πρὸς
393 1045 585 1116 καιρὸν
624 1046 726 1116 μὲν
752 1048 849 1118 τὴν
882 1049 1054 1118 ἀκοὴν
1093 1051 1505 1122 γαργαλίζουσι,
1543 1054 1793 1125 διαστρο-

222 1133 323 1200 φάς
350 1133 408 1184 δὲ
443 1136 790 1200 παντοδαπὰς
821 1137 1187 1210 προσφέρουσι
1232 1144 1354 1206 ταῖς
1383 1142 1600 1214 ψυχαῖς.
1634 1146 1796 1200 Οὕτω

227 1225 315 1276 καὶ
338 1227 395 1277 αἱ
433 1225 928 1299 ψευδοπροφήτιδες
955 1230 1033 1302 τῷ
1065 1232 1165 1302 μὲν
1193 1232 1306 1304 λαῷ
1331 1235 1429 1304 τὴν
1452 1236 1590 1289 κατά
1617 1236 1793 1308 ψυχὴν

221 1311 447 1383 βλὰὅην,
494 1317 712 1380 ἑαυταῖς
761 1318 817 1372 δὲ
850 1322 1188 1390 χρηματικὸν
1223 1324 1633 1393 περιεποιοῦντο
1663 1328 1794 1399 κέρ-

217 1403 320 1466 δος,
359 1405 430 1456 τὰ
457 1405 717 1460 δοκοῦντα
743 1410 954 1479 χρηστά
987 1413 1448 1482 προφητεύουσαι.
1487 1416 1657 1471 Τοῦτο
1686 1419 1794 1490 γάρ

217 1492 438 1563 ᾐνίξατο
465 1497 703 1567 είρηκώς
724 1515 738 1528 ο
763 1519 780 1550 ι
809 1500 918 1562 Τὰς
943 1499 1119 1570 ψυχὰς
1147 1503 1242 1555 τοῦ
1270 1503 1399 1556 λαοῦ
1428 1521 1527 1574 μου
1558 1506 1798 1580 διέττρε-

1896 526 2202 566 sermones.
2232 511 2538 570 Cervicalia
2565 519 2712 572 enim
2743 525 2798 572 et
2831 517 3136 588 pulvinaria
3175 518 3476 588 requietem

1894 602 2188 670 quamdam
2233 611 2290 659 et
2331 607 2595 662 solatium
2653 607 2893 664 alierum
2940 609 3222 674 membris,-
3272 609 3478 678 quibus

1895 702 2289 764 supponuntur
2323 714 2336 748 :
2383 705 2438 750 et
2481 700 2734 754 molliora
2773 701 2962 765 verba,
3001 715 3126 755 cum
3157 699 3295 754 falsa
3322 699 3472 776 sint.

1892 789 1958 841 ad
2015 795 2233 859 tempus
2289 791 2512 860 quidem
2565 806 2728 847 aures
2793 793 3066 857 titillant,
3133 791 3242 848 sed.
3294 793 3474 848 ornnis

1900 877 2118 950 generis
2145 881 2462 959 eversiones
2489 881 2690 942 animis
2725 882 2983 940 aderunt.
3018 881 3096 936 Ita
3130 883 3292 938 etiam
3324 881 3475 937 falsa:

1900 976 2055 1023 vates
2093 969 2295 1039 populo
2332 971 2530 1026 animae
2567 973 2796 1029 exitium
2825 1013 2842 1040 ,
2881 974 2988 1028 sibi
3025 973 3161 1044 ipsis
3207 973 3472 1044 pecunia-

1901 1076 2024 1114 rum
2059 1062 2269 1117 lucrum
2302 1065 2737 1133 comparabant,
2779 1081 2844 1120 ea
2899 1065 3294 1136 prophetantes
3352 1079 3474 1132 qua

1900 1149 2156 1206 videntur
2183 1151 2360 1206 utilia.
2391 1151 2507 1208 Iioc
2536 1155 2680 1208 enim
2715 1155 2894 1209 innuit
2922 1169 3046 1209 cum
3079 1153 3257 1209 dixit:
3297 1171 3316 1205 ι
3349 1154 3490 1207 Ληὶσς

1902 1256 2020 1294 mas
2060 1243 2245 1312 populi
2297 1244 2400 1298 mei
2457 1244 2876 1313 pervertebant,
2932 1251 2986 1300 et
3031 1245 3247 1298 animas
3290 1259 3482 1298 serva-

1904 1333 2058 1388 bant.
2094 1351 2112 1379 δ
2170 1333 2554 1390 Pervertentes
2613 1336 2758 1389 enim
2809 1337 3071 1405 populum
3105 1377 3120 1400 ,
3176 1342 3230 1389 et
3279 1351 3309 1387 a
3363 1334 3482 1389 Dco'

1903 1423 2222 1479 recedentes
2247 1465 2261 1486 ,
2293 1425 2453 1496 762
2497 1427 2551 1480 id
2593 1425 2920 1490 eliiciebant,
2955 1435 3013 1481 ut
3044 1427 3160 1482 suis
3191 1425 3358 1481 dictis
3391 1427 3471 1478 illi

1904 1515 2274 1570 attenderem.
2306 1515 2569 1586 Sequitur
2601 1519 2739 1572 lucri
2775 1519 2976 1572 vilitas.

218 1600 329 1650 φον,
363 1586 460 1638 καὶ
489 1588 668 1657 ψυχὰς
697 1592 1121 1659 περιεποιοῦντο.
1157 1613 1178 1646 ι
1213 1596 1640 1668 Διαστρέφοντες
1671 1605 1777 1677 γὰρ
1817 1609 1910 1662 τὸν
1964 1607 2115 1672 λαὸν,
2161 1608 2252 1662 καὶ
2283 1609 2378 1662 τοῦ
2427 1609 2562 1663 Θεοῦ
2620 1609 2978 1679 ἀφιστῶντες,
3029 1609 3224 1671 αὑταῖς
3298 1622 3475 1678 προσ-

214 1677 356 1747 ἔχειν
388 1683 824 1750 παρεσκεύαζον.
852 1681 984 1738 Εἶτα
1007 1687 1232 1758 κέρδους
1264 1691 1324 1744 τὸ
1352 1693 1590 1758 εὐτελές.

281 1768 370 1823 ιθ’.
415 1770 524 1824 Καὶ
551 1772 882 1838 ἐόεὸιῖλουν
899 1795 977 1846 με
995 1780 1145 1846 πρὸς
1183 1781 1288 1834 τὸν
1311 1786 1467 1838 λαόν
1485 1805 1627 1855 μου,
1661 1788 1789 1842 ἓνε-

1965 1787 2129 1843 Vens.
2157 1787 2244 1841 19.
2269 1787 2337 1842 Et
2357 1789 2712 1857 profanabant
2741 1809 2821 1846 me
2843 1791 2984 1860 apud
3008 1792 3256 1860 pupulum
3275 1809 3469 1858 meum,

214 1877 314 1914 κεν
338 1860 568 1930 δρακὸς
585 1865 824 1933 κριθῶν,
842 1871 940 1922 καὶ
958 1871 1166 1926 ἕνεκεν
1195 1876 1562 1946 κλασμάτων
1589 1860 1793 1948 ἄρτου.

217 1953 276 2005 Τί
309 1954 424 2025 γὰρ
471 1956 682 2032 τούτων
733 1960 1153 2033 εὑτελέστερον;
1189 1966 1253 2018 Τί
1302 1968 1360 2020 δὲ
1413 1969 1796 2043 χαλεπώτερον

213 2045 308 2114 τῆς
334 2047 591 2102 ἐντεῦθεν
628 2052 971 2122 ἐπειγομένης
999 2054 1178 2126 λὼὄης
1203 2076 1218 2124 ;
1255 2077 1272 2109 ι
1296 2060 1400 2112 Τοῦ
1431 2062 1749 2116 ἀποκτεῖναι
1780 2102 1796 2126 ,

214 2138 365 2207 φησι,
399 2139 602 2210 ψυχὰς,
651 2140 718 2205 ἃς
766 2145 866 2196 οὑκ
901 2145 1010 2198 ἔδει
1045 2147 1360 2215 ἀποθανεῖν,
1397 2153 1489 2206 καὶ
1519 2153 1612 2206 τοῦ
1642 2172 1796 2226 περι-

216 2230 546 2300 ποιήσασθαι
572 2234 772 2304 ψυχὰς,
818 2235 884 2299 ἃς
921 2237 1020 2291 οὑκ
1049 2238 1155 2292 ἔδει
1180 2240 1364 2312 ζῆσαι,
1397 2244 1517 2297 sv"
1547 2244 1624 2315 τῷ
1651 2247 1788 2300 ἀπο-

214 2321 550 2389 φθέγγεσθαι
587 2325 730 2394 ὑμᾶς
758 2325 872 2394 λαῷ
911 2328 1248 2384 είσακοὺοντι
1293 2335 1503 2403 μάταια
1548 2336 1792 2406 ἀποφθί-

215 2416 491 2482 γματα⁷¹.
528 2434 545 2466 ι
592 2417 834 2487 Σμικροῦ
870 2419 979 2490 γὰρ
1029 2421 1215 2476 ἕνεκεν
1250 2425 1496 2497 κέρδους,
1544 2429 1667 2491 τοὺς
1701 2431 1798 2500 μὲν

214 2507 469 2578 ἐπῃνεῖτε
508 2511 688 2579 μάτην
714 2512 807 2562 ἐπὶ
853 2512 946 2565 τοῦ
977 2512 1128 2579 λαοῦ,
1164 2518 1290 2580 τοὺς
1318 2518 1374 2572 δὲ
1419 2521 1688 2593 τιμωρίας
1715 2521 1794 2574 εἶ-

213 2614 294 2650 ναι
323 2597 513 2661 ἀξίους
559 2599 797 2668 ἐλέγετε,
823 2604 886 2673 τῇ
923 2602 1015 2655 τοῦ
1055 2604 1184 2658 λαοῦ
1233 2608 1526 2681 κουφότητι
1557 2613 1653 2666 καὶ
1697 2613 1788 2666 εὑ-

215 2688 368 2759 κολὶᾳ
402 2690 588 2753 κακῶς
635 2693 1103 2764 ἀποκεχρημέναι.
1163 2698 1484 2770 Πειθόμενοι
1535 2703 1644 2775 γὰρ
1686 2709 1798 2768 τοῖς

214 2778 300 2847 ὑφ’
349 2780 514 2849 ὑμῶν
559 2781 894 2853 λεγομένοις,
946 2788 1070 2850 τοὺς
1120 2787 1218 2858 μὲν
1261 2790 1462 2854 ἀδίκως
1503 2792 1796 2859 διέσωζον,

212 2870 332 2933 τοὺς
356 2869 416 2922 δὲ
443 2872 626 2941 μάτην
649 2875 1039 2944 κατέσφαττον.
1068 2877 1225 2931 Οὑτω
1249 2879 1346 2948 τὴν
1373 2880 1628 2935 ἀσέϐειαν
1651 2883 1798 2953 ὲλέγ-

214 2961 326 3026 ξας,
357 2963 582 3016 ἀπειλεῖ
610 2967 900 3036 τιμωρίαν.

275 3061 347 3118 κ’,
378 3062 488 3109 κα’.
524 3057 628 3109 Διά
663 3055 840 3111 τοῦτο
885 3059 1027 3113 τάδε
1058 3060 1223 3129 λέγει
1269 3063 1511 3119 Ἀδωναῒ
1540 3067 1755 3134 Κύριος
1779 3083 1792 3096 ·

222 3147 369 3200 Ἰδοὺ
427 3148 547 3217 ἐγὼ
592 3149 690 3201 ἐπὶ
745 3152 816 3204 τὰ
865 3153 1323 3222 προσκεφάλαια
1371 3155 1557 3226 ὑμῶν,
1611 3159 1702 3227 ἐφ’
1751 3160 1786 3214 ἅ
1819 3154 1861 3210 C
1897 3157 2065 3208 minus
2105 3171 2122 3208 ἔ

210 3240 379 3308 ὑμεῖς
406 3240 783 3310 συστρέφετε
819 3245 865 3274 ⁷⁸
910 3245 1035 3298 ἐκεῖ
1085 3247 1312 3315 ψυχὰς,
1361 3249 1459 3301 καὶ
1501 3249 1800 3318 διαρῤήξω

208 3333 360 3386 αὐτὰ
389 3333 551 3384 exi"
577 3333 692 3386 τῶν
708 3336 1054 3403 ,ϐραχιόνων
1079 3337 1264 3407 ὑμῶν,
1288 3339 1385 3392 καὶ
1414 3341 1801 3404 ἐξαποστελῶ

209 3424 312 3489 τὰς
353 3423 588 3492 ψυχὰς,
633 3425 706 3490 ἀς
749 3426 918 3493 ὑμεῖς
971 3427 1396 3498 ἐξεστρέψατε,
1445 3435 1551 3497 τὰς
1596 3435 1800 3502 ψυχὰς

209 3514 413 3570 αὐτῶν
457 3517 550 3581 εις
591 3515 1158 3588 διασκορπισμόντδ.
1194 3521 1307 3575 Καὶ
1347 3522 1517 3590 ῥήξω
1566 3523 1636 3578 τὰ
1669 3524 1797 3576 ἐπι-

209 3608 494 3663 εόλαιατδ
530 3607 715 3677 ὑμῶν,
758 3610 857 3663 καὶ
901 3612 1161 3681 ῥύσομαι
1209 3614 1316 3666 τὸν
1357 3615 1510 3668 λαόν
1559 3633 1680 3684 μου
1729 3617 1798 3668 ἐκ

207 3698 410 3766 χειρὸς
466 3699 674 3768 ὑμῶν,
727 3701 824 3756 καὶ
869 3704 980 3756 οὐκ
1032 3702 1121 3758 ἔτι
1166 3703 1412 3759 ἔσονται
1465 3706 1531 3760 ἐν
1587 3708 1801 3775 χερσὶν

207 3787 378 3856 ὑμῶν
411 3793 506 3855 εὶς
537 3792 898 3861 συστροφὴν
922 3795 967 3824 ⁷⁸
999 3836 1014 3860 ,
1051 3795 1149 3850 καὶ
1201 3796 1609 3866 ἐπιγνώσεσθε
1637 3799 1724 3852 ὅτι
1745 3801 1794 3831 ⁷⁷

207 3881 322 3949 ἐγὼ
341 3883 593 3950 Κύριος,
626 3884 875 3952 Ἐλέγξω,
909 3887 1063 3956 φησι,
1091 3887 1217 3950 τοὺς
1256 3889 1552 3959 ὑμετέρους
1585 3890 1796 3958 λόγους,

209 3974 304 4027 καὶ
347 3974 522 4041 δείξω
548 3975 787 4044 ψευδεῖς,
829 3979 925 4030 καὶ
970 3979 1092 4031 ἀντὶ
1124 3980 1231 4032 τῶν
1277 3982 1530 4052 χρηστῶν
1576 3983 1800 4036 ἐκείνων

207 4064 590 4134 ἐπαγγελιῶν,
633 4067 688 4120 αἳ
735 4067 974 4121 ἐοίκασιν
1011 4069 1355 4139 ὑπαυχενίοις
1398 4072 1662 4141 μαλακοῖς
1706 4075 1801 4126 καὶ

209 4155 607 4221 ὑπαγκωνίοις,
638 4156 824 4223 ἐπάξω
854 4157 924 4212 τὰ
971 4158 1192 4227 ἀλγεινά
1221 4159 1298 4230 τῷ
1344 4162 1622 4216 πεισθέντι
1671 4164 1799 4233 ὑμῖν

209 4247 349 4317 λαῷ,
392 4247 491 4301 καὶ
520 4247 857 4319 διασκορπιῶ
904 4251 1122 4314 αὐτοὺς,
1158 4254 1222 4322 τῇ
1257 4254 1420 4322 πείρα
1446 4254 1712 4308 διδάσκων
1741 4256 1802 4307 τὸ

210 4341 484 4411 ὑμέτερον
507 4340 720 4409 ψεῦδος.
755 4341 1135 4414 Ἐλευθερὼσω
1160 4345 1216 4396 δὲ
1250 4346 1446 4409 αὑτοὺς
1496 4348 1646 4415 ὅμως
1695 4348 1802 4402 ἀπὸ

209 4431 306 4499 τῆς
345 4431 624 4501 ὑμετέρας
670 4431 1041 4500 ψευδολογίας,
1097 4435 1298 4489 πείθων
1355 4437 1577 4503 αὑτοὺς,
1624 4439 1692 4492 δι’
1718 4435 1794 4493 ὧν

1897 1895 1994 1946 pro
2021 1879 2221 1947 pugillo
2241 1880 2577 1944 ltordeorum,
2601 1892 2648 1934 et
2678 1898 2772 1948 pro
2798 1882 3110 1952 fragmentis
3132 1884 3307 1951 panis.
3331 1882 3469 1950 Quid

1899 1971 2043 2024 enim
2092 1970 2179 2024 bis
2217 1971 2429 2026 vilius?
2476 1971 2541 2024 Et
2581 1973 2710 2041 quid
2747 1975 3067 2040 molestius,
3099 1975 3302 2030 damno
3343 1977 3473 2032 hinc

1900 2061 2197 2130 profecto?
2237 2081 2255 2112 ι
2293 2063 2366 2118 Ut
2396 2063 2793 2131 interﬁcerent,
2831 2067 3030 2136 inquit,
3065 2067 3301 2133 animas,
3332 2085 3476 2139 quas

1899 2167 2006 2206 non
2038 2155 2328 2222 oportebat
2360 2155 2497 2208 mori
2519 2195 2534 2216 .
2566 2164 2618 2209 et
2649 2163 2706 2210 ut
2732 2166 3018 2211 servarent
3052 2158 3299 2223 animas,
3333 2174 3476 2229 quas

1901 2262 2008 2300 non
2045 2247 2340 2316 Oportebat
2365 2248 2566 2314 vivere,
2597 2263 2722 2304 cum
2748 2249 3109 2320 loqueremini
3144 2266 3242 2305 vos
3272 2253 3475 2320 populo

1900 2351 2038 2391 vana
2072 2353 2337 2408 responsa
2367 2339 2704 2394 exaudienti.
2733 2360 2753 2393 ι
2783 2340 2941 2395 Parvi
2969 2344 3114 2396 enim
3141 2343 3278 2397 lucri
3304 2358 3472 2398 causa

1899 2428 2038 2482 alios
2095 2427 2302 2482 frustra
2359 2428 2669 2484 laudabatis
2731 2429 2785 2482 in
2841 2432 3043 2500 populo
3076 2471 3091 2495 ,
3151 2432 3291 2488 alios
3351 2447 3476 2487 esse

1898 2519 2171 2587 supplicio
2201 2519 2397 2589 dignos
2427 2521 2665 2575 aiebatis
2686 2561 2700 2584 ,
2742 2522 2932 2590 populi
2978 2522 3199 2577 levitate
3234 2521 3473 2576 facilitas-

1897 2617 2062 2677 teque
2113 2609 2427 2665 abutentes.
2475 2610 2557 2664 Illi
2606 2611 2751 2665 enim
2790 2611 2987 2667 vestris
3028 2613 3196 2668 dictis
3227 2615 3468 2675 addicti.

1899 2703 2038 2756 alios
2069 2717 2193 2755 esse
2216 2703 2402 2758 salvos
2430 2703 2640 2772 injuste
2663 2702 2955 2772 iubebant,
2989 2704 3128 2759 alios
3160 2706 3280 2760 sine
3307 2720 3470 2760 causa

1897 2789 2246 2844 occidebant.
2295 2791 2384 2845 Sic
2437 2791 2730 2862 redarguta
2778 2792 3094 2862 impietate,
3140 2795 3476 2863 supplicium

1899 2880 2141 2934 minatur
2184 2900 2194 2934 :

1974 3061 2135 3117 Vens.
2174 3063 2242 3115 ‘20
2274 3103 2288 3125 ,
2324 3064 2409 3118 2|.
2457 3064 2740 3132 Propterea
2793 3066 2904 3121 hac
2941 3065 3069 3120 dicit
3106 3063 3316 3119 Adonai
3364 3064 3470 3120 Do-

2189 3154 2325 3208 Ecce
2401 3173 2491 3226 ego
2541 3172 2697 3224 super
2741 3156 3040 3224 pulvinaria
3090 3165 3261 3211 vestra
3320 3173 3476 3225 super

1899 3263 2016 3312 qua:
2049 3263 2137 3301 vos
2171 3248 2420 3317 colligitis
2443 3249 2516 3302 ibi
2556 3251 2766 3304 ainmas
2788 3289 2802 3313 ,
2845 3259 2893 3304 et
2929 3249 3232 3318 dirumpam
3269 3265 3330 3302 ea
3377 3248 3472 3303 sub

1901 3340 2129 3394 brachiis
2187 3341 2374 3394 vestris
2423 3356 2440 3392 :
2491 3349 2540 3394 et
2602 3341 2839 3394 emittam
2896 3341 3144 3403 animas,
3200 3357 3331 3408 quas
3385 3357 3472 3393 vos

1899 3431 2222 3496 pervenistis
2258 3470 2272 3495 ,
2319 3431 2530 3484 animas
2562 3431 2798 3498 ipsorum
2842 3431 2896 3483 in
2940 3430 3357 3498 dissipationem.
3403 3428 3471 3484 Et

1902 3507 2142 3590 rumpam
2179 3523 2438 3576 t'elamina
2474 3531 2645 3576 vestra
2668 3565 2682 3588 ,
2719 3532 2767 3575 et
2797 3539 2978 3576 eruam
3015 3524 3266 3592 populant
3301 3539 3471 3575 meum

1899 3616 1963 3666 de
1989 3629 2149 3666 manu
2180 3621 2350 3666 vestra
2373 3654 2387 3678 ,
2424 3622 2472 3664 et
2513 3629 2617 3665 non
2653 3611 2880 3681 amplius
2919 3621 3070 3665 erunt
3118 3613 3172 3664 in
3220 3613 3469 3665 manibus

1902 3704 2088 3757 vestris
2133 3703 2184 3755 in
2238 3704 2689 3772 congregationem
2721 3742 2734 3764 ,
2781 3712 2831 3755 et
2881 3702 3197 3772 cognoscetis
3240 3718 3320 3755 me
3362 3717 3474 3757 esse

1903 3793 2207 3846 Dominum.
2239 3791 2584 3859 Redarguam
2609 3833 2624 3857 ,
2676 3793 2854 3862 inquit
2886 3833 2900 3855 ,
2955 3793 3120 3845 verba
3157 3800 3337 3846 vestra
3366 3833 3380 3855 ,
3419 3800 3473 3845 et

1903 3885 2043 3940 falsa
2071 3901 2192 3940 esse
2222 3884 2532 3949 ostendam,
2566 3891 2620 3936 et
2653 3900 2748 3954 pro
2779 3884 2940 3938 bonis
2976 3884 3090 3938 illis
3121 3884 3475 3952 pollicitatio-

1903 3979 2102 4043 nibus,
2131 3994 2251 4049 quae
2281 3979 2490 4034 similes
2527 3987 2656 4034 sunt
2709 3979 2964 4032 mollibus
3017 3978 3381 4033 cervicalibus
3420 3987 3474 4033 et

1904 4073 2150 4142 pulvinis
2173 4112 2190 4138 ,
2251 4072 2490 4143 inﬂigunt
2531 4075 2548 4094 ⁶
2594 4072 2941 4126 calamitates
2972 4071 3172 4141 popqu
3199 4072 3293 4142 qui
3322 4071 3474 4136 vobis

1903 4163 2242 4227 crediderit,
2285 4171 2339 4218 et
2369 4164 2684 4232 dispergam
2724 4177 2848 4224 eos,
2888 4163 3230 4231 experientia
3269 4162 3474 4217 docens

1905 4254 2192 4308 mendacia
2211 4261 2411 4307 vestra.
2445 4252 2604 4322 763
2636 4251 2902 4306 Liberabo
2921 4263 3100 4306 tamen
3124 4266 3220 4304 eos
3242 4265 3270 4303 a
3292 4259 3472 4304 vestro

1906 4345 2214 4408 mendacio,
2252 4344 2590 4412 persuadens
2631 4343 2768 4413 ipsis
2803 4358 2900 4411 per
2940 4343 3102 4405 mala,
3143 4358 3264 4411 quae
3302 4342 3474 4394 susti-

1906 4438 2114 4492 nebunt
2140 4477 2154 4502 ,
2211 4435 2357 4488 haud
2411 4435 2642 4503 amplius
2697 4433 2882 4487 verbis
2916 4434 3114 4488 vestris
3148 4448 3271 4486 esse
3297 4440 3471 4484 atten-

213 4500 581 4594 ὑπομένουσι,
636 4525 834 4594 μηκέτι
872 4529 984 4589 τοῖς
1030 4527 1316 4597 ὑμετέροις
1369 4500 1658 4600 προσέγξειν
1701 4531 1787 4584 λό-

1904 4527 2278 4592 dendum,sed
2325 4542 2410 4581 me
2463 4541 2587 4581 esse
2641 4524 3073 4596 agnoscendum,
3112 4539 3209 4593 pro
3237 4523 3469 4577 Domino

208 4632 353 4680 γοις,
407 4615 525 4669 ἀλλ’
579 4615 678 4686 ἐμὲ
728 4617 930 4688 Κύριον
985 4619 1384 4690 ἐπιγράφεσθαι
1437 4621 1530 4673 καὶ
1585 4623 1793 4675 Δεσπόο

211 4723 335 4760 την.

265 4739 394 4865 λκβᾌ
427 4803 533 4863 κγ’.
577 4797 719 4850 Ἆνθ’
748 4793 836 4852 ὧν
857 4799 1231 4869 διεστρέφετο
1276 4801 1526 4868 καρδίαν
1563 4804 1795 4859 δικαίου

1913 4629 2078 4689 atque
2113 4616 2280 4672 Hero.

1977 4800 2142 4857 Vsus.
2166 4801 2258 4865 22,
2275 4801 2366 4856 23.
2383 4799 2671 4868 Propterea
2685 4797 2822 4868 quod
2838 4796 3208 4866 pervertcbatis
3235 4798 3472 4865 corjusti

209 4887 459 4951 ἀδίκως,
505 4887 605 4940 καὶ
632 4889 746 4957 ἐγὼ
792 4893 864 4944 οὐ
905 4891 1259 4963 διέστρεφον
1293 4895 1495 4959 αὑτὸν,
1549 4895 1646 4948 καὶ
1685 4897 1793 4950 τοῦ

1904 4893 2114 4962 injuste,
2135 4900 2183 4945 et
2199 4907 2290 4961 ego
2318 4908 2419 4944 non
2435 4888 2786 4959 pervertebam
2811 4905 2924 4942 eum
2944 4899 3025 4942 :et
3049 4903 3262 4956 prorsus
3297 4903 3470 4942 corro-

213 4977 581 5044 κατισχύσαι
617 4979 819 5046 χεζρας
857 4981 1085 5051 ἀνόμου
1123 4983 1187 5037 τὸ
1233 4986 1515 5051 καθόλου,
1565 4987 1672 5040 τοῦ
1705 4987 1794 5055 μὴ

212 5069 600 5138 ἀποστρέψαι
633 5070 822 5124 αὑτὸν
847 5073 966 5127 ἀπὸ
1005 5073 1114 5142 τῆς
1152 5075 1297 5129 ὀδοῦ
1341 5077 1527 5130 αὐτοῦ
1558 5077 1665 5145 τῆς
1691 5094 1796 5132 πο-

215 5159 446 5228 νηρᾶς,
478 5161 574 5214 καὶ
609 5159 784 5230 ζῆσαι
813 5166 1020 5220 αὐτόν.
1045 5167 1146 5220 Διά
1175 5166 1346 5219 τοῦτο
1381 5168 1577 5234 ψευδῆ
1605 5170 1675 5221 οὐ
1706 5168 1792 5236 μὴ

219 5251 410 5316 ἴδητε,
440 5252 538 5304 καὶ
567 5253 857 5320 μαντείας
881 5257 952 5309 οὐ
979 5247 1071 5317 μὴ
1085 5257 1510 5324 μαντεύσησθε
1540 5257 1626 5310 ἔτι
1648 5275 1660 5288 ·
1697 5257 1796 5309 καὶ

1905 4985 2133 5039 borastis
2169 4999 2354 5036 manus
2386 4983 2556 5050 impii,
2587 4996 2646 5034 ne
2675 4989 3059 5034 converteretur
3080 4981 3187 5049 ipse
3207 4997 3240 5034 α
3262 4982 3344 5034 via
3374 4998 3471 5034 sua

1905 5075 2132 5137 mala,et
2149 5077 2195 5128 vi
2203 5084 2335 5128 verct
2354 5075 2481 5140 ipse.
2502 5073 2780 5140 Propterea
2800 5071 3069 5125 mendacia
3088 5088 3188 5126 non
3208 5071 3466 5132 videbitis,

1904 5175 1952 5219 et
1977 5165 2326 5219 divinationes
2376 5181 2476 5217 non
2517 5163 2827 5216 divinabitis
2867 5163 3114 5228 amplius,
3153 5175 3201 5217 et
3231 5163 3468 5216 liberabo

1903 5257 2154 5325 populum
2211 5272 2380 5308 meum
2409 5271 2435 5308 e
2490 5270 2648 5306 manu
2696 5263 2883 5319 vestra,
2923 5263 2970 5308 et
3013 5253 3334 5324 cognoscetis
3390 5268 3468 5302 me

1530 5430 1762 5486 νΛΙῖΙίΕ
1805 5430 2206 5486 LECTIONES.

295 5545 344 5576 "°
383 5545 680 5616 ὲν-ὑμᾶς,
725 5543 881 5597 Hebr.
907 5545 1033 5617 dum
1063 5547 1385 5600 mentimini.
1466 5548 1505 5577 ⁷¹
1554 5547 1678 5617 ματ.
1709 5545 2016 5614 ἅποφθέγμ.
2061 5544 2217 5598 Hebr.
2253 5543 2614 5617 mendacium.
2693 5545 2738 5574 ⁷³
2782 5539 3148 5617 quaepim-1:.
3170 5538 3465 5617 yenatnini.

224 5613 274 5645 "
315 5615 422 5668 ἐπί.
471 5613 604 5670 Rec.
654 5614 815 5666 lectio
847 5615 971 5668 ἀπό.

230 5684 391 5744 calia.
464 5687 512 5720 "
574 5699 766 5754 συστρ.
826 5687 981 5738 Hebr.
1047 5688 1296 5753 praedam.
1385 5689 1428 5718 ττ
1471 5684 1696 5741 nam.

1082 5617 1124 5645 7"
1163 5619 1241 5678 εἰς
1275 5616 1561 5686 διασκορπ.
1616 5616 1774 5671 llrbr.
1838 5627 1893 5670 ut
1930 5617 2190 5680 ﬂoreant,
2237 5633 2283 5670 ε.
2333 5616 2512 5671 felices
2559 5616 2687 5669 sint.

2800 5615 2841 5643 ⁷⁵
2882 5607 3024 5675 ἐέτιὸπ.
3083 5607 3242 5660 Hebr.
3297 5610 3473 5659 cervi-
