3868 6204
394 283 500 351 919

1349 269 2202 358 'I‘HEODORETEMEPISCOPI
2227 301 2597 362 CYRENSIS

3559 299 3661 364 9‘20

393 389 506 452 isse
535 395 838 454 Dominum.
883 399 1020 466 Quia
1068 401 1215 455 enim
1259 400 1469 470 justos,
1499 403 1704 474 inquit,
1746 413 1966 476 pertur-

2073 410 2328 482 ῥύσομαι
2369 413 2477 468 τὸν
2502 415 2660 468 λαόν
2673 430 2793 483 μου
2834 413 2900 467 ἐκ
2927 411 3127 482 χειρὸς
3160 410 3352 482 ὑμῶν,
3382 413 3485 466 καὶ
3522 413 3662 482 γνώ-

395 488 637 554 babatis,
673 505 738 545 ac
769 491 935 545 veluti
985 489 1187 548 lluctus
1233 493 1598 562 exagitabatis
1657 497 1759 564 (ita
1819 497 1968 550 enim

394 581 590 651 Aquila
620 581 1018 650 interpretatus
1040 583 1174 656 est),
1203 585 1549 642 calamitates
1584 587 1722 657 ipsis
1770 588 1970 658 praedi-

395 678 606 738 centes,
639 679 696 727 et
719 673 1052 730 audaciores
1104 677 1388 747 improbos
1443 679 1786 746 reddebatis,
1825 681 1971 735 bona

396 763 478 819 eis
526 764 923 830 vaticinantes,
979 775 1035 821 et
1076 775 1311 839 utraque
1365 771 1484 826 base
1534 779 1736 842 praeter
1788 787 1969 828 meum

395 855 690 910 consilium
740 855 1082 915 faciebatis:
1138 860 1265 916 ideo
1313 863 1572 919 omnibus
1623 866 1812 920 exitiis
1871 880 1968 924 vos

393 948 644 1018 perdam,
680 957 735 1005 et
771 951 914 1008 falso
941 955 1207 1010 vaticinio
1251 966 1434 1014 vestro
1463 959 1626 1013 linem
1667 958 1970 1030 imponam,

393 1040 532 1094 etab
554 1040 802 1106 interitu,
830 1061 941 1113 quo
975 1052 1162 1102 vestra
1197 1063 1364 1119 opera
1391 1050 1677 1116 interibat,
1702 1051 1969 1122 populum

394 1147 576 1188 meum
608 1134 926 1192 vindicabo.
958 1138 1037 1193 lta
1073 1140 1141 1195 de
1167 1141 1293 1198 istis
1327 1142 1662 1197 vaticinatus
1707 1143 1772 1198 ad
1819 1142 1970 1197 aliud

394 1223 660 1280 transfert
685 1230 1018 1285 orationem.

966 1412 1198 1468 CAPUT
1262 1413 1403 1467 XIV.

469 1503 635 1557 Vens.
669 1500 779 1556 1-3.
810 1501 878 1556 Ει
908 1515 1180 1569 uenerunt,
1211 1507 1415 1578 inquit,
1451 1511 1520 1562 ad
1559 1527 1640 1565 me
1671 1513 1774 1566 viri
1799 1509 1862 1566 de
1890 1528 1971 1566 se-

394 1587 635 1644 nioribus
667 1588 906 1659 Israelis,
933 1603 981 1648 et
1011 1595 1256 1649 sederunt
1303 1607 1425 1651 ante
1461 1599 1652 1668 faciem
1683 1617 1874 1655 meam.
1902 1600 1972 1655 Et

2073 508 2258 558 σεσθε
2300 506 2388 559 ὅτι
2437 507 2554 576 ἐγὼ
2598 506 2831 574 Κύριος.
2886 504 3105 576 Ἐπειδὴ
3150 505 3280 576 γὰρ,
3332 505 3489 576 φησι,
3541 505 3662 570 τοὺς

2077 597 2174 668 μὲν
2205 598 2448 662 δικαίους
2473 598 2852 671 διεταράττετε
2888 597 2982 651 καὶ
3011 597 3330 668 ὲχειμάξετε
3360 595 3527 667 (οὕτω
3558 597 3664 668 γὰρ

2071 691 2100 743 6
2145 689 2378 753 Ἀκύλας
2406 689 2779 761 ἡρμήνευσε),
2799 689 3021 762 λυπηρὰ
3063 689 3247 754 αὐτοῖς
3277 689 3660 759 προλέγοντες,

2073 781 2441 852 θρασυτέρους
2467 781 2523 834 δὲ
2557 783 2685 843 τοὺς
2727 783 3083 852 παρανόμους
3106 780 3447 844 ἀπετελεῑτε,
3481 777 3664 847 ἀγαθά

2074 871 2556 943 προθεσπίζοντες,
2583 874 2676 926 καὶ
2705 873 2944 944 ἑκάτερα
2971 872 3123 944 παρὰ
3144 873 3238 926 τόν
3262 873 3396 944 ἐμὸν
3425 874 3662 927 ἐποιεῖτε

2075 964 2308 1016 σκοπόν*
2355 963 2546 1018 τούτου
2595 964 2757 1035 χάριν
2785 1003 2799 1028 ,
2843 964 3098 1018 παντελεῖ
3143 965 3290 1035 ὑμᾶς
3349 963 3664 1034 παραδώσω

2072 1051 2282 1124 ὀλέθρῳ
2303 1093 2317 1117 ,
2350 1055 2444 1108 καὶ
2478 1053 2576 1126 τὴν
2602 1055 2772 1126 ψευδῆ
2811 1055 3070 1126 μαντείαν
3100 1055 3255 1126 ὑμῶν
3295 1055 3661 1122 καταπαύσω,

2073 1144 2169 1198 καὶ
2211 1145 2310 1214 τῆς
2343 1145 2411 1198 δι’
2471 1145 2626 1214 ὑμῶν
2680 1145 2956 1209 ἀπωλείας
2989 1145 3082 1198 τὸν
3120 1145 3252 1215 ἐμὸν
3306 1144 3664 1216 ἐλευθερώσω

2071 1233 2219 1288 λαόν.
2255 1232 2412 1288 Οὕτω
2436 1234 2506 1288 τὰ
2531 1237 2660 1307 περὶ
2687 1236 2893 1290 τούτων
2935 1237 3332 1308 προθεσπίσας,
3361 1239 3451 1306 ἐφ’
3477 1237 3664 1309 ἕτερον

2075 1326 2373 1396 μεταφέρει
2402 1325 2494 1379 τὸν
2522 1326 2700 1396 λόγον.
3191 1385 3198 1396 ,

2594 1420 2990 1474 ΚΕΦΛΛΑῙΟΝ
3039 1422 3136 1474 1Δ’.

2142 1509 2288 1580 tif-1'.
2320 1511 2430 1565 Καὶ
2466 1506 2678 1580 ἦλθον,
2709 1512 2863 1583 φησι,
2893 1513 3043 1581 πρός
3070 1529 3148 1582 με
3191 1510 3413 1580 ἄνδρες
3453 1510 3524 1563 ἐκ
3548 1509 3667 1563 τῶν

2071 1601 2491 1672 πρεσϐυτέρων
2544 1603 2649 1657 τοῦ
2701 1602 2951 1672 Ἰσραὴλ
2975 1645 2991 1670 ,
3039 1605 3140 1657 καὶ
3195 1601 3494 1656 ἐκάθισαν
3550 1601 3666 1669 πρὸ

394 1681 597 1751 factum
626 1693 702 1738 est
732 1684 942 1741 verbum
983 1688 1200 1744 Domini
1244 1691 1314 1744 ad
1337 1709 1437 1757 me,
1477 1693 1655 1750 dicens
1677 1712 1696 1750 :
1730 1695 1840 1750 Fili
1872 1695 1966 1749 ho-

2075 1693 2400 1763 προσώπου
2426 1711 2565 1762 μου.
2599 1693 2710 1747 Καὶ
2747 1692 2986 1763 ἐγένετο
3023 1695 3207 1761 ⁸λόγος
3245 1691 3474 1759 Κυρίου
3517 1691 3665 1758 πρός

396 1773 576 1839 minis,
603 1775 702 1828 uiri
727 1776 818 1830 isti
861 1790 1148 1846 posuerunt
1172 1778 1530 1853 cogitationes
1554 1802 1679 1840 suas
1715 1788 1768 1840 in
1792 1785 1970 1840 cordi-

395 1863 491 1917 bus
514 1865 649 1929 suis,
686 1876 736 1920 et
773 1884 984 1937 pmnam
1026 1870 1367 1941 iniquitatum
1410 1890 1629 1928 suarum
1683 1886 1968 1944 posuerunt

394 1964 516 2008 ante
543 1955 736 2017 faciem
763 1975 938 2014 suam.
957 1960 1101 2015 Num
1123 1963 1440 2030 respondens
1466 1965 1784 2033 respondebo
1804 1968 1972 2035 ipsis?

392 2045 651 2115 Apertius
685 2050 789 2104 hoc
833 2051 1034 2121 Aquila
1071 2053 1469 2125 interpretatus
1502 2067 1589 2112 est
1624 2077 1637 2113 :
1667 2077 1684 2110 ι
1719 2057 1836 2113 Viri
1876 2061 1969 2117 isti

393 2134 727 2191 dedicarunt
760 2138 923 2209 764
951 2139 1100 2194 idola
1134 2140 1191 2194 in
1216 2142 1388 2196 corde
1415 2157 1539 2208 suo,
1561 2153 1614 2198 et
1641 2145 1968 2200 scandalum

395 2221 709 2293 iniquitatis
741 2241 856 2282 suae
897 2235 1206 2296 posuerunt
1245 2241 1442 2286 contra
1484 2233 1680 2288 laciem
1726 2251 1909 2290 suam.
1946 2255 1964 2288 ι

393 2312 526 2378 Quae
567 2315 738 2381 enim,
797 2317 1001 2383 inquit,
1048 2321 1191 2376 male
1242 2323 1655 2393 excogitarunt,
1689 2339 1755 2380 ea
1811 2327 1970 2395 perli-

393 2405 572 2471 ciunt,
607 2416 660 2462 et
697 2407 1054 2479 impudenter
1082 2413 1330 2483 neglecta
1365 2416 1626 2486 supplicii
1660 2419 1968 2474 commina-

395 2497 577 2564 tione...
597 2514 765 2569 quam
805 2501 1047 2558 minatus
1085 2519 1207 2559 sum
1245 2511 1632 2577 peccantibus,
1666 2510 1735 2566 ad
1783 2520 1835 2568 te
1879 2529 1971 2568 ve-

395 2597 600 2644 nerunt
633 2597 947 2657 percontari
973 2595 1184 2666 aliquid
1215 2599 1526 2666 studentes,
1577 2609 1630 2657 et
1673 2613 1968 2674 sperantes

394 2697 454 2737 se
487 2681 770 2754 dignatum
807 2685 876 2740 iri
909 2703 1196 2759 responso.

467 2963 628 3021 Vsus.
671 2969 793 3034 4,5.
826 2969 1036 3026 Idcirco
1071 2971 1304 3043 loquaris
1332 2990 1449 3027 cum
1471 2976 1622 3044 ipsis,
1656 2988 1705 3031 et
1732 2978 1879 3034 dicas
1898 2980 1966 3032 ad

2068 1803 2167 1855 με,
2192 1785 2386 1854 λέγων
2409 1802 2422 1816 ι
2446 1784 2542 1838 Υίὲ
2560 1785 2896 1855 ἀνθρώπου,
2927 1787 2984 1839 οὶ
3021 1783 3234 1853 ἄνδρες
3257 1778 3428 1839 οὗτοι
3456 1782 3665 1836 ἔθεντο

2071 1878 2145 1932 τὰ
2179 1876 2552 1947 διανοήματα
2583 1877 2782 1932 αὐτῶν
2799 1879 2846 1911 ⁷⁸
2875 1877 2974 1930 ἐπὶ
3003 1877 3113 1942 τὰς
3140 1875 3393 1944 καρδίας
3436 1871 3661 1935 αὐτῶν,

2072 1969 2175 2024 καὶ
2202 1968 2316 2038 τὴν
2359 1970 2681 2024 κόλασιν⁷⁹
2727 1968 2848 2022 τῶν
2891 1967 3138 2023 ἀδικιῶν
3183 1965 3386 2022 αὐτῶν
3432 1965 3666 2032 ἔθηκαν

2071 2059 2186 2127 πρὸ
2233 2058 2557 2127 προσώπου
2607 2057 2838 2113 αὐτῶν·
2894 2059 2947 2111 εί
3000 2055 3477 2124 ἀποκρινόμενος
3520 2053 3665 2107 ἀπο·

2071 2149 2248 2219 κριθῶ
2273 2149 2478 2215 αὐτοῖς
2491 2149 2537 2180 ⁸⁸
2558 2166 2577 2214 ;
2603 2149 2944 2218 Σαφέστερον
2970 2146 3130 2200 τοῦτο
3154 2147 3183 2199 6
3209 2143 3445 2207 Ἀκύλας
3480 2141 3664 2214 ἡρμή-

2071 2257 2298 2294 νευσεν·
2358 2259 2376 2292 ι
2423 2243 2487 2294 Ol
2532 2241 2722 2314 ἄνδρες
2772 2233 2918 2294 οὗτοι
2978 2239 3283 2310 ἀνήνεγκαν
3341 2236 3415 2289 τὰ
3464 2232 3663 2286 εἴδωλα

2058 2333 2252 2386 αὐτῶν
2291 2333 2384 2385 ἐπὶ
2417 2332 2644 2404 καρδίας
2678 2331 2856 2386 αὐτῶν
2877 2370 2890 2394 ,
2941 2330 3036 2383 καὶ
3093 2328 3394 2383 σκάνδαλον
3428 2324 3664 2395 ἀνομίας

2071 2425 2250 2480 αὐτῶν
2300 2425 2504 2478 ἔδωκαν
2557 2424 2817 2478 ἀπέναντι
2881 2422 2976 2475 τοῦ
3031 2419 3326 2494 προσώπου
3384 2417 3597 2473 αὐτῶν.
3639 2435 3658 2468 ι

2077 2516 2143 2570 *Α
2175 2516 2283 2586 γὰρ
2315 2515 2524 2579 κακῶς,
2561 2515 2717 2584 φησὶ,
2762 2512 3136 2585 διανοηθέντες
3185 2510 3526 2574 ἐπιτελοῦσι,
3572 2508 3665 2560 καὶ

2070 2605 2501 2678 ήπειλημένης³¹
2535 2608 2648 2666 τοῖς
2680 2603 2886 2668 ἀδίκοις
2924 2604 3198 2666 κολάσεως
3223 2600 3454 2670 ἀναίδην
3484 2615 3661 2653 κατα-

2071 2700 2441 2770 φρονήσαντες
2469 2739 2483 2761 ,
2539 2694 2912 2766 παρεγένοντο
2968 2694 3106 2766 πρὸς
3137 2694 3227 2757 σὲ,
3278 2689 3558 2745 πυθέσθαι
3610 2705 3664 2740 τι

2072 2791 2420 2862 βουλόμενοι,
2496 2790 2592 2842 καὶ
2677 2786 3024 2857 ἀποκρίσεως
3105 2783 3403 2855 ἀξιωθῆναι
3489 2796 3664 2851 προσ-

2067 2883 2297 2936 δοκῶντε
2307 2899 2350 2942 ς.

2139 2970 2202 3035 δ’,
2243 2977 2302 3022 ε’.
2360 2969 2463 3022 Διά
2517 2968 2696 3024 τοῦτο
2757 2967 3038 3036 λὰλησον
3072 2964 3314 3030 αὐτοῖς,
3359 2961 3464 3015 καί
3505 2959 3665 3029 ἐρεῖς

389 3073 476 3111 eos
505 3074 524 3112 :
559 3059 686 3114 Htec
737 3061 866 3116 dicit
907 3036 1419 3120 Adonai'Dominus
1443 3081 1461 3118 :
1490 3036 1666 3121 ⁷ιιοιιιο
1698 3069 1764 3124 de
1807 3071 1965 3128 domo

2073 3061 2220 3129 πρὸς
2244 3063 2467 3125 αὐτούς
2495 3079 2507 3092 ·
2567 3059 2713 3114 Τάδε
2764 3059 2926 3130 λέγει
2965 3057 3215 3114 Ἀδωναῒ
3251 3055 3488 3122 Κύριος·
3522 3054 3665 3104 Ἀν-

392 3146 636 3216 Israelis,
667 3153 757 3221 qui
793 3156 1026 3221 posuerit
1061 3157 1405 3226 cogitationes
1437 3175 1563 3213 suas
1589 3162 1642 3213 in
1665 3161 1820 3216 corde
1844 3181 1960 3230 sua,

387 3250 436 3291 et
462 3255 669 3307 poenam
697 3243 996 3313 iniquitatis
1022 3264 1136 3302 sua:
1161 3250 1397 3317 posuerit
1415 3259 1535 3304 ante
1566 3252 1755 3320 faciem
1788 3271 1961 3320 suam,

387 3339 438 3382 et
467 3335 657 3386 venerit
697 3334 765 3387 ad
793 3337 1125 3406 prophetam,
1158 3356 1248 3410 ego
1274 3325 1531 3398 Dominus
1561 3347 1878 3415 respondebo
1917 3349 1966 3402 ei

389 3422 443 3474 in
483 3424 549 3477 iis
592 3425 648 3477 in
671 3425 860 3494 quibus
882 3437 1086 3483 tenetur
1114 3448 1256 3486 mens
1276 3433 1411 3502 ejus,
1441 3445 1498 3487 ut
1520 3446 1722 3491 avertat
1751 3437 1964 3492 domum

389 3513 611 3570 Israelis
647 3518 963 3573 secundum‘
995 3523 1158 3576 corda
1189 3539 1373 3577 eorum
1407 3527 1712 3600 abalienata
1735 3546 1766 3582 ιι
1804 3546 1884 3583 me
1910 3533 1963 3583 in

387 3609 799 3677 cogitationibus
828 3613 1316 3679 eoruni.Qnoniam
1341 3618 1621 3688 prOphetis
1645 3628 1698 3674 et
1725 3619 1962 3690 pseudo-

386 3699 672 3769 pr0phetis
728 3705 848 3770 pari
902 3705 1119 3758 ratione
1171 3706 1254 3760 usi
1304 3719 1463 3764 erant
1501 3712 1798 3782 impietatis
1843 3729 1963 3769 scc-

387 3784 504 3839 lere
565 3787 844 3852 obstricti,
897 3801 950 3845 et
1003 3795 1497 3863 percontabantur,
1554 3815 1663 3854 non
1704 3809 1762 3855 ut
1794 3803 1964 3859 aDeo

392 3875 658 3945 imperata
691 3879 802 3933 ullo
831 3881 991 3937 modo
1027 3885 1380 3954 perlicerent,
1417 3890 1512 3945 sed
1542 3907 1666 3947 eum
1706 3894 1762 3948 in
1797 3895 1959 3951 finem

389 3973 449 4018 ut
473 3967 870 4037 intelligerent,
906 3964 972 4028 an
1008 3976 1400 4046 praedictiones
1437 3983 1555 4039 suis
1611 3999 1962 4055 reSponsurae

387 4063 574 4124 essent
623 4059 1078 4129 cogitationibus,
1129 4069 1232 4120 hac
1281 4067 1348 4122 de
1386 4084 1556 4126 causa
1601 4081 1796 4128 auctor
1844 4091 1962 4130 om-

388 4145 538 4201 nium
572 4163 755 4205 rerum
790 4151 932 4210 Deus
959 4171 1056 4225 per
1095 4159 1416 4230 prophetam
1457 4163 1535 4216 ait
1563 4183 1575 4217 :
1603 4163 1870 4237 Quisquis
1892 4169 1960 4224 de

385 4237 548 4294 domo
583 4241 801 4300 lsraelis
835 4246 1036 4304 divinae
1057 4267 1370 4322 repugnans
1401 4255 1684 4324 doctrinae,
1715 4261 1961 4332 solisque

2069 3152 2358 3220 θρωπος⁶²
2409 3154 2478 3206 ἐκ
2527 3152 2634 3206 τοῦ
2685 3152 2859 3205 οἴκου
2897 3149 3177 3218 Ἰσραὴλ,
3235 3147 3303 3213 ὃς
3330 3145 3441 3199 ἐὰν
3469 3141 3556 3211 θῇ
3593 3141 3665 3195 τὰ

2068 3242 2496 3312 διιινοήματιιει³
2526 3243 2711 3297 αὑτοῦ
2734 3242 2833 3296 ἐπὶ
2858 3240 3162 3310 καρδίαςεδ
3181 3237 3389 3298 αὐτοῦ,
3419 3233 3524 3287 καὶ
3551 3231 3665 3299 τὴν

2070 3338 2388 3393 κόλασιν⁸³
2443 3337 2554 3406 τῆς
2601 3336 2840 3401 ἀδικίας
2890 3333 3077 3388 αὐτοῦ
3107 3331 3260 3398 τάξῃ
3300 3327 3414 3396 πρύ
3466 3337 3663 3393 προσ-

2067 3431 2232 3485 ώπου
2266 3430 2504 3492 ἑαυτοῦ,
2545 3428 2641 3482 καὶ
2676 3427 2824 3497 ἔλθῃ
2853 3425 3002 3496 πρὸς
3039 3425 3149 3477 τὸν
3175 3419 3518 3490 προφήτην,
3548 3415 3664 3484 ἐγὼ

2070 3525 2282 3592 Κύριος
2324 3521 2802 3590 ἀποκριθήσομαι
2848 3517 3010 3583 αὐτῷ
3037 3517 3108 3571 ἐν
3135 3517 3399 3579 τούτοις,
3451 3511 3529 3564 ἐν
3573 3503 3662 3572 οἷς

2065 3617 2332 3687 ἐνέχεται
2364 3615 2403 3682 ἡ
2453 3613 2689 3668 διάνοια
2729 3611 3007 3674 αὑτοῦθθ,
3051 3610 3212 3674 ὅπως
3264 3600 3659 3702 πνίαβάίξῃ.⁸⁷

2066 3708 2174 3761 τὸν
2203 3703 2372 3762 οἷκον
2407 3707 2515 3762 τοῦ
2559 3705 2808 3774 Ἰσραὴλ⁹
2841 3703 2990 3758 κατὰ
3022 3704 3129 3766 τὰς
3168 3698 3420 3767 καρδίας
3453 3695 3661 3748 αὐτῶν

2064 3803 2172 3869 τὰς
2213 3800 2782 3871 άπηλλοτριωμένας
2827 3797 2927 3853 ἀπ’
2953 3795 3100 3865 ἐμοῦ
3131 3793 3218 3894 ἐν.
3241 3790 3367 3855 τοῖς

2059 3909 2249 3962 μασιν
2279 3891 2477 3945 αὐτῶν
2497 3891 2563 3945 ⁸⁸.
2604 3888 2825 3960 Ἐπειδὴ
2877 3889 2990 3950 τοῖς
3044 3884 3354 3956 προφήταις
3385 3884 3486 3932 καὶ
3545 3884 3660 3936 τοῖς

2062 3983 2536 4055 ψευδοπροφήταις
2579 3981 2781 4052 ὁμοίως
2829 3977 3127 4048 ἐκέχρηντο
3177 3975 3226 4025 ot
3289 3972 3355 4040 τῇ
3420 3966 3659 4035 ἀσεόείᾳ

2063 4075 2434 4138 δουλεύοντες,
2475 4074 2570 4126 καὶ
2618 4071 2999 4134 ἐπυνθάνοντο,
3034 4067 3133 4136 οὐχ
3187 4064 3277 4118 ἵνα
3318 4062 3547 4123 πάντως
3587 4060 3656 4110 τὰ

2065 4165 2168 4218 ὑπὸ
2211 4162 2303 4218 τοῦ
2339 4161 2475 4216 θεοῦ
2521 4161 2851 4230 κελευόμενα
2900 4158 3231 4228 περὰνωσιν,
3273 4150 3413 4205 ἀλλὰ
3461 4147 3653 4220 βουλό-

2067 4272 2215 4326 μενοι
2270 4253 2560 4325 μανθάνειν
2609 4253 2656 4304 εἰ
2714 4248 3070 4320 συμϐαίνουσι
3114 4247 3228 4308 τοῖς
3278 4241 3568 4311 λογισμοῖς
3597 4238 3655 4289 αι

385 4331 506 4386 suis
549 4333 980 4404 cogitationibus
1033 4341 1373 4411 obsequens,
1403 4355 1457 4398 et
1491 4361 1610 4401 eam
1644 4347 1959 4418 despiciens

2073 4348 2400 4420 προρρήσεις
2426 4363 2441 4378 ο
2472 4344 2663 4398 τούτου
2689 4342 2870 4413 χάριν,
2899 4343 2928 4395 6
2949 4340 3056 4394 τῶν
3079 4334 3387 4436 ὅλωνΑΘεδς
3408 4331 3653 4436 ,διὰντοῦ

384 4424 892 4494 comminationem,
920 4446 1085 4501 quam
1111 4432 1376 4504 improbis
1416 4436 1657 4493 minatus
1695 4454 1838 4503 sum,
1870 4440 1938 4494 ad

2073 4443 2342 4510 προφήτου
2396 4439 2581 4508 φησὶν,
2613 4437 2694 4490 ὅτι
2722 4436 2838 4497 Πᾶς
2891 4432 3176 4503 ἄνθρωπος
3226 4430 3292 4482 ἐκ
3340 4425 3439 4480 τοῦ
3492 4425 3653 4476 οἴκου

383 4513 919 4587 pseudOprOphetam
951 4520 1265 4578 abieritsua
1294 4526 1526 4580 consilia
1554 4528 1820 4598 perlicere
1837 4537 1956 4584 stu-

2075 4531 2288 4601 Ἰσραὴλ
2312 4569 2328 4595 ,
2377 4533 2496 4594 ταῖς
2568 4529 2666 4599 μὲν
2700 4527 2873 4589 θείαις
2925 4523 3220 4591 ἀντιλέγων
3248 4516 3650 4579 διδασκαλίαις,

382 4604 541 4673 deus,
569 4618 625 4664 et
661 4612 965 4679 periculum
996 4615 1155 4686 765
1193 4615 1400 4675 faciens
1437 4634 1506 4673 an
1536 4635 1657 4689 quae
1699 4623 1957 4690 praedicta

2073 4624 2248 4694 μόνοις
2291 4623 2348 4677 δὲ
2390 4625 2501 4685 τοῖς
2557 4621 2780 4684 οίκείοις
2819 4619 3139 4687 πειθόμενος
3193 4613 3496 4713 λογισμοῖς,
3551 4610 3651 4663 καὶ

383 4707 515 4753 sunt
547 4709 746 4756 eventu
787 4704 902 4759 suis
933 4701 1310 4777 respondeant
1331 4710 1798 4781 cogitationibus;
1833 4729 1955 4784 ego,

2073 4716 2160 4786 τῆς
2203 4715 2577 4786 ὴπειλημένης
2621 4714 2736 4776 τοῖς
2773 4709 3111 4782 παρανόμοις
3159 4701 3522 4774 καταφρονῶν
3567 4717 3650 4753 τι-

383 4793 583 4864 inquit,
619 4799 966 4867 respondebo
993 4803 1064 4856 ei.
1103 4802 1240 4869 Quia
1263 4819 1373 4858 non
1413 4814 1560 4859 recta
1597 4815 1779 4863 mente
1821 4822 1956 4863 usus

2073 4808 2280 4878 μωρίας
2302 4848 2316 4870 ,
2349 4806 2453 4860 κᾶν
2487 4806 2623 4877 πρὸς
2655 4803 3106 4874 ψευδοπροφήτην
3136 4796 3350 4869 ἀπέλθῃ
3372 4838 3386 4860 ,
3438 4794 3504 4848 τὰ
3545 4793 3648 4864 μὲν

381 4891 486 4949 est,
529 4891 830 4945 concedam
887 4897 1406 4968 pseudOpi-ophette,
1461 4907 1520 4954 ut
1559 4899 1678 4968 ejus
1721 4901 1956 4956 consilia

2073 4899 2236 4950 ιίκεῖα
2287 4896 2605 4967 βουλήματα
2647 4893 2952 4965 ,πληρῶσαι
2999 4891 3193 4954 θέλων,
3227 4889 3539 4994 ρπόπειραν
3586 4884 3646 4994 δὲ

382 4974 672 5032 conﬁrmet
706 4999 719 5034 :
755 4985 926 5039 exitio
966 4987 1111 5041 enim
1149 4989 1347 5059 dignus
1396 4999 1481 5046 est
1511 5001 1565 5045 et
1589 4993 1834 5046 interitu.
1868 4993 1956 5047 ld-

2073 4989 2402 5060 ιτοιούμενος,
2452 4990 2500 5041 εί
2533 4985 2891 5058 συμϐαίνουσι
2943 4985 3056 5044 τοῖς
3105 4980 3328 5042 οἰκείοις
3359 4975 3646 5045 λογισμοῖς

381 5061 554 5130 circo,
597 5067 797 5140 inquit,
841 5093 859 5125 ι
901 5083 959 5129 ut
996 5085 1206 5132 avertat
1239 5078 1462 5134 domum
1496 5079 1722 5136 lsraelis
1760 5097 1958 5138 secun-

389 5157 512 5212 dum
553 5163 721 5216 corda
753 5179 941 5219 eorum
975 5169 1288 5224 abalienata
1335 5185 1364 5223 a
1393 5185 1479 5226 me
1515 5172 1568 5225 in
1609 5172 1959 5243 cogitationi-

2060 5082 2117 5133 αἱ
2143 5081 2476 5151 προρρήσεις
2496 5119 2511 5144 ,
2544 5077 2654 5147 ἐγὼ
2675 5118 2689 5144 ,
2736 5077 2902 5147 φησὶν
2927 5115 2941 5140 ,
2980 5070 3429 5144 ἁποκριθήσομαι
3463 5063 3639 5135 αὐτῷ.

2074 5172 2290 5244 Ἐπειδὴ
2333 5174 2434 5225 οὐκ
2470 5170 2655 5242 εὐθείᾳ
2707 5168 2975 5240 κέχρηται
3023 5163 3258 5235 διανοίᾳ,
3296 5155 3643 5230 συγχωρήσω

1660 5307 1898 5362 ἾΑΒΙᾸοΞ
1939 5306 2348 5365 LECTIONES.

489 5430 534 5460 ⁷⁸
562 5429 638 5515 ,τὰ
666 5432 1173 5515 διανκαιῖιτκῌξίῃνζ
1194 5437 1331 5515 idola
1361 5452 1480 5515 sua.
1553 5440 1620 5515 "’_
1637 5440 1735 5515 rip:
1766 5441 1879 5515 κόλ.
1910 5440 2071 5515 Hebr.
2151 5442 2556 5515 oﬂ'endiculum.
2578 5511 2607 5515 ι
2631 5444 2678 5475 ⁸ο
2717 5443 2766 5515 εί
2795 5471 2862 5482 —
2895 5441 3098 5515 αὐτοζῇ
3123 5436 3467 5515 Εςὸνο,ειυ¹ξι
3488 5448 3640 5515 Ξτ⁰¹¹⁴

385 5498 902 5595 sulent'l'oLcons'ul‘ar
932 5506 1000 5560 ab
1027 5505 1289 5595 ιιιιξιιηει
1329 5508 1422 5595 xei":
1452 5510 1626 5595 ήπ.
1656 5498 1754 5595 τῇς
1795 5511 2183 5595 ὑπειλημένῃς.
2242 5513 2306 5595 ,ξ’
2349 5513 2537 5595 itii/0p.
2575 5511 2859 5595 Repetitur
2901 5498 3236 5595 apud'LX}.
3284 5503 3634 5595 ,ςέιτὰἒξιᾳξιζ

382 5567 875 5660 αύτ.1μεόν..ἰᾳοιιι
897 5589 1028 5657 βυτ.
1185 5567 1494 5660 ρικαρὲανί
1568 5577 1616 5660 δξ
1646 5567 2179 5660 ¹τῆν-ι.ιιόλοιςςξίίιιίίιῖ,
2202 5567 2629 5660 (ξίῖειιιίἱιςιιιῖιιιιι.⁸
2659 5567 2728 5660 ἐξ
2767 5583 2827 5660 ἐν
2845 5567 3084 5660 -ξδιιᾲν
3112 5579 3240 5632 αὐτ.
3275 5575 3635 5660 Hebrz‘inheia

382 5640 517 5730 {si-gl
537 5639 611 5694 lla
632 5642 860 5730 ‘QUi't'le‘m
891 5644 1044 5730 iusta
1072 5647 1294 5730 thlbh‘.
1314 5639 1468 5730 )Z'Pro
1505 5639 1853 5730 multitudine
1884 5651 2149 5730 idolorum
2175 5653 2322 5730 _e_ju_s.
2398 5652 2442 5706 A
2573 5653 2779 5730 αύτοίς,
2812 5653 2868 5704 ἐν
2898 5644 2978 5730 οἷς
3013 5650 3216 5730 ξχεται,
3247 5657 3306 5702 ιιι
3335 5652 3388 5703 in
3415 5641 3610 5713 Compl

385 5704 429 5738 δ’
466 5708 556 5765 ὄπ.
592 5704 679 5767 πλζ
719 5704 972 5772 Πείιν.ἰιι
996 5719 1226 5790 capiam.
1254 5719 1297 5774 A
1319 5704 1473 5782 ’ὅπως
1499 5717 1565 5774 ἂν
1604 5720 1677 5788 μὴ
1709 5704 2110 5790 πλαγιὰιωσινζ
2174 5704 2313 5775 sit)
2345 5704 2779 5778 -ῖαιτξιιειὲῐ
2812 5737 2902 5795 per
2930 5704 3072 5775 idola
3102 5704 3224 5775 sua.
