3868 6204
271 249 373 326 get

1449 254 1529 315 IN
1562 249 2008 314 EZECHIELIS
2045 252 2204 314 CAP.
2231 256 2386 316 XIV.

3449 238 3552 304 922

273 367 358 439 τῷ
389 367 814 441 ψευδοπροφήτῃ
845 368 968 431 τοὺς
996 368 1289 439 λογισμοὺς
1321 367 1486 421 αὐτοῦ
1530 365 1826 437 βεϐαιῶσαι
1845 379 1858 391 ·

1972 363 2068 419 bus
2101 381 2314 421 eorum.
2359 370 2378 419 ι
2424 365 2586 430 Nam,
2633 364 2765 436 quia
2808 361 2914 433 ipsi
2948 375 2978 414 a
3023 372 3141 413 mea
3182 369 3314 411 cura
3356 351 3550 424 procul

277 460 509 531 ὀλέθρου
540 461 653 532 γάρ
703 464 817 514 ἐστι
856 461 949 514 καὶ
994 459 1271 524 ἀπωλείας
1310 445 1479 524 ἄξιος.
1533 457 1633 511 Διά
1678 457 1862 522 τοῦτο,

281 556 475 622 φησιν,
517 572 536 605 ι
586 553 776 616 Ὅπως
829 553 1106 625 πλαγιάσῃ
1162 554 1252 606 τὸν
1303 549 1448 606 οἷκον
1499 553 1594 606 τοῦ
1652 549 1868 622 Ἰσραὴλ

280 645 430 698 κατὰ
457 644 558 708 τὰς
592 644 820 716 καρδίας
859 645 1036 698 αὐτῶν
1080 644 1177 708 τὰς
1213 643 1732 715 ἁπηλλοτριωμένας
1771 642 1865 696 ἀπ’

281 736 422 807 ἐμοῦ
472 738 530 789 ἐν
584 739 698 800 τοῖς
742 736 1117 808 ἐνθυμήμασιν
1169 736 1368 790 αὑτῶν-
1410 755 1429 788 ι
1478 734 1701 806 Ἐπειδὴ
1759 735 1866 806 γὰρ

282 829 482 913 πόρρω
511 829 610 898 τῆς
636 830 777 899 ἐμῆς
801 829 1128 898 κηδεμονίας
1164 831 1304 897 σφᾶς
1327 828 1524 892 αὐτοὺς
1553 826 1864 891 καθιστᾶσι,

279 921 384 972 καὶ
443 923 511 990 τῇ
569 919 682 972 τῶν
735 919 1202 990 ψευδοπροφητῶν
1260 920 1539 990 χαίρουσιν
1596 916 1865 989 ἐξαπάτῃ,

283 1010 636 1080 συγχωρήσω
672 1010 858 1072 αὐτοῖς
897 1010 1006 1062 τῶν
1061 1010 1277 1063 οἰκείων
1337 1009 1516 1064 πόνων
1568 1007 1868 1080 δρέψασθαι

278 1100 412 1162 τοὺς
449 1099 720 1170 καρπούς.
753 1099 924 1154 Τοῦτο
949 1101 1165 1158 καὶέπὶ
1203 1099 1298 1154 τοῦ
1340 1099 1544 1170 ’Δχειὰϐ
1568 1098 1870 1169 γεγενημέο

278 1209 375 1245 νον
404 1190 555 1245 ἐστιν
572 1193 774 1263 εὑρεῖν.
807 1193 1060 1257 Σεδεκίας
1089 1193 1196 1265 γὰρ
1224 1194 1253 1246 ὁ
1276 1193 1748 1263 ψευδοπροφήτης,
1779 1185 1870 1245 κέὲ

281 1300 428 1354 ρατα
455 1284 574 1354 σιδη
586 1287 654 1356 pi
683 1285 860 1356 ἐαυτῷ
885 1287 1136 1356 ποιήσας,
1157 1285 1310 1354 ἔλεγε
1339 1283 1416 1355 τῷ
1444 1284 1648 1354 Ἀχαάό
1674 1301 1686 1314 ·
1725 1300 1744 1334 ι
1780 1284 1868 1336 Ἐν

280 1373 496 1438 τούτοις
527 1379 800 1446 κερατιεῖς
827 1376 924 1448 τὴν
965 1377 1186 1448 Συρίαν.
1225 1395 1244 1427 ι
1284 1375 1390 1429 Τοῦ
1420 1376 1475 1429 δὲ
1513 1376 1778 1445 Ἰωσαφὰτ
1805 1376 1866 1428 οὐ

281 1463 578 1534 δεχομένου
611 1463 680 1518 τὰ
736 1465 887 1536 παρὰ
934 1465 1044 1520 τῶν
1069 1466 1529 1538 ψευδοπροφητῶν
1577 1467 1865 1537 λεγόμενα,

282 1549 418 1601 ἀλλὰ
469 1549 632 1603 θεῖον·
683 1551 1064 1623 ἐπιζητοῦντος
1123 1556 1452 1626 προφήτην,
1503 1557 1864 1629 μετεπέμφθη

286 1639 385 1709 μὲν
409 1643 439 1694 ὁ
461 1641 709 1712 Μιχαίας
735 1660 748 1673 °
779 1644 994 1698 ἐναντία
1023 1645 1080 1699 δέ
1105 1645 1183 1715 τῷ
1209 1646 1432 1718 Σεδεκία
1454 1649 1864 1718 προφητεύσας,

282 1731 382 1786 οὐκ
430 1731 620 1788 ἔπεισε
669 1734 762 1789 τὸν
811 1737 1036 1807 Ἀχαά6.
1091 1737 1229 1791 Οὔτε
1279 1739 1388 1811 γὰρ
1428 1741 1613 1795 ἐκεῖνα
1640 1744 1868 1814 ,ποιῆσαι

283 1825 630 1897 βουλόμενος,
662 1828 698 1882 ἅ
723 1828 752 1880 ὁ
787 1829 920 1892 Θεὸς
957 1831 1334 1901 προηγόρευσε
1360 1830 1430 1897 ⁸⁸,
1457 1832 1550 1886 τὸν
1581 1839 1870 1910 προφήτην

1971 472 2030 511 se
2061 457 2392 522 abalienarit,
2431 457 2786 528 gaudentque
2821 449 3433 524 pseudoproplietarum
3457 445 3552 500 de-

1969 551 2244 620 ceptione,
2278 551 2594 620 permittam
2623 559 2680 602 ut
2704 549 2809 618 ipsi
2857 557 3089 600 suorum
3140 540 3390 594 laborum
3425 551 3552 605 per-

1969 642 2176 711 cipiant
2201 641 2437 696 fructus.
2474 639 2590 694 Hoc
2635 639 2805 694 etiam
2840 633 3100 690 Achaabo
3155 627 3409 684 evenisse
3466 627 3550 679 in-

1969 737 2240 789 venimus.
2277 733 2540 789 Sedecias
2574 733 2722 788 enim
2755 724 3261 801 pseudOpmphcta,
3284 718 3553 776 confectis

1969 827 2076 881 sibi
2099 827 2360 890 cornibus
2394 825 2614 890 ferreis,
2645 822 2865 877 dicebat
2905 818 3009 889 ipsi
3039 813 3298 870 Achaabo
3333 830 3346 863 ε
3388 829 3407 862 ι
3451 807 3554 864 llis

1968 919 2232 973 cornibus
2258 918 2472 989 Syriam
2505 915 2806 970 ventilabis
2833 910 2886 962 ιι.
2927 929 2944 962 ι
2977 909 3226 976 Cumque
3265 901 3553 971 .losaphat,

1969 1027 2091 1082 quae
2143 1027 2174 1064 a
2214 1009 2724 1081 pseudoprOpbetis
2784 1005 3149 1064 dicerentur,
3207 1009 3555 1066 nequaquam

1969 1103 2287 1165 admittens,
2323 1101 2575 1156 divinum
2636 1097 2960 1169 praphetam
2993 1090 3326 1162 inquireret,
3368 1101 3556 1140 accer-

1970 1197 2117 1253 situs
2148 1195 2253 1250 fuit
2283 1193 2565 1256 Michaeas.
2599 1191 2695 1262 qui
2731 1186 3013 1244 contraria
3065 1181 3312 1238 Sedecia:
3360 1178 3554 1233 vatici-

1970 1295 2158 1353 natus,
2186 1301 2296 1340 non
2350 1283 2627 1355 persuasit
2675 1281 2781 1351 ipsi
2831 1276 3111 1332 Achaabo.
3169 1270 3358 1342 Neque
3409 1269 3554 1323 enim

1969 1383 2163 1438 volens
2189 1394 2252 1435 ea
2286 1378 2470 1433 facere
2512 1391 2638 1447 quas
2674 1374 2822 1429 Deus
2850 1371 3194 1442 praediceret,
3230 1363 3555 1435 preplietam

1969 1473 2362 1543 interrogabat,
2417 1470 2514 1526 sed
2564 1468 2827 1523 omnibus
2879 1463 3058 1518 modis
3105 1458 3255 1531 quod
3309 1457 3414 1512 sibi
3471 1454 3554 1509 fa-

1969 1566 2226 1622 ciendum
2261 1568 2652 1634 proposuerat,
2691 1559 2745 1614 id
2771 1564 2952 1612 ratum
3003 1553 3118 1608 ﬁeri
3152 1549 3426 1607 studebat.
3466 1545 3555 1600 ld-

1973 1660 2125 1714 circo
2154 1656 2246 1710 Dei
2292 1654 2569 1725 permissu
2625 1649 3003 1722 praedixerunt
3061 1639 3558 1715 pseudoprophetis!

1976 1749 2153 1806 falsa:
2190 1746 2392 1817 quibus
2431 1744 2522 1799 ille
2552 1741 2782 1797 creditis
2823 1737 2960 1794 exiit
3006 1736 3062 1789 in
3118 1729 3554 1802 expeditionem,

1977 1850 2032 1896 et
2062 1838 2368 1910 impietatis
2393 1849 2587 1906 poenas
2606 1832 2777 1887 dedit.

279 1913 492 1987 ἠρώτα,
525 1917 643 1970 ἀλλ’
677 1918 742 1972 ἐκ
776 1919 978 1984 παντὸς
1024 1920 1230 1992 τρόπου
1279 1920 1372 1974 τδν
1412 1921 1543 1976 ἴδιον
1577 1907 2028 2003 ῆθελεκυρῶσαι
2091 1907 2311 1982 σκοπόν.
2373 1925 2464 1979 Διὸ
2520 1923 2614 1978 τοῦ
2656 1920 2794 1975 Θεοῦ
2843 1918 3334 1988 συγχωρήσαντος,
3385 1907 3552 1980 προῖν

279 2009 438 2079 λεγον
467 2011 570 2083 μὲν
615 2014 666 2066 oi
709 2013 1157 2087 ψευδοπροφῆται
1195 2016 1265 2071 τὰ
1301 2017 1516 2087 ψευδῆ’
1588 2023 1910 2096 πειθόμενος
1965 2028 2023 2082 δέ
2099 2028 2308 2088 ἐκεῖνος
2379 2020 2528 2093 ἐξῄει
2553 2061 2570 2089 ,
2643 2018 2739 2073 καὶ
2788 2015 2886 2079 τὰς
2909 2015 2954 2046 ⁹⁰
3011 2014 3168 2076 δίκας
3234 2007 3402 2061 ἐδίδου
3457 2003 3556 2073 τῆς

280 2104 557 2169 ἀσεϐείας.

350 2205 424 2264 ς’.
457 2199 561 2253 Διὰ
600 2199 780 2255 τοῦτο
811 2201 1002 2256 sine"
1060 2203 1212 2271 πρὸς
1243 2204 1350 2259 τὸν
1391 2203 1562 2262 οἷκον
1599 2211 1706 2266 τοῦ
1748 2213 1856 2269 ἰσ-

272 2291 433 2359 ραήλ
457 2309 470 2323 ο
510 2292 658 2346 Τάδε
705 2292 868 2363 λέγει
936 2295 1186 2350 Ἀδωνατ
1241 2298 1488 2366 Κύριος-ο
1539 2301 1860 2372 Ἐπιστρά-

278 2401 425 2453 ρητε
440 2385 508 2447 ⁹²,
536 2385 636 2438 καὶ
655 2384 1078 2454 ἀποστρέψατε
1098 2385 1216 2441 ἀπὸ
1238 2386 1358 2440 τῶν
1375 2391 1863 2462 ἐπιτηδευμάτων

278 2475 444 2546 ὑμῶν
465 2477 513 2510 ³³
543 2477 644 2530 καὶ
668 2478 790 2532 ἀπὸ
830 2478 1043 2532 πασῶν
1066 2477 1184 2533 τῶν
1215 2481 1503 2536 ἀσεϐειῶν
1532 2485 1718 2554 ὑμῶν,
1763 2488 1860 2542 καὶ

277 2567 682 2637 ἐπιστρέψατε
709 2568 782 2622 τὰ
807 2570 1099 2638 πρόσωπα
1122 2569 1310 2639 ὑμῶν.
1339 2573 1666 2644 Παραίνεσιν
1693 2593 1865 2647 προσ-

285 2661 431 2730 φέρει
471 2659 735 2731 πρόξενον
766 2662 1072 2732 σωτηρίας,
1121 2663 1215 2717 καὶ
1257 2664 1317 2718 τὺ
1351 2666 1458 2719 ἀπὸ
1499 2667 1707 2739 ταύτης
1747 2669 1867 2723 ἐσό-

281 2768 440 2819 μενον
468 2751 824 2806 ἀποδείκνυσι
851 2753 1062 2824 κέρδος.

343 2843 411 2909 ς’.
474 2845 633 2898 Διότι
667 2843 1004 2913 ἄνθρωπος,
1049 2845 1357 2915 ἄνθρωπος
1409 2849 1478 2904 ἐκ
1525 2851 1634 2906 τοῦ
1693 2853 1866 2907 οἴκου

286 2935 554 3004 Ἰσραὴλ,
583 2937 678 2991 καὶ
711 2937 778 2991 ἐκ
821 2937 943 2991 τῶν
970 2941 1370 3006 προσηλύτων
1395 2941 1514 2995 τῶν
1551 2947 1862 3011 προσηλυ-

269 3030 580 3082 τενόντων
597 3030 645 3062 ’δ
690 3030 760 3083 ἐν
813 3029 893 3095 τῷ
921 3030 1064 3095 οἴκῳ
1082 3031 1128 3063 ’⁸
1170 3032 1444 3100 Ἰσραὴλ,
1489 3033 1557 3100 ὃς
1593 3028 1932 3106 amulo-ﬂ

266 3119 496 3190 τριωθῇ
526 3121 630 3201 ἀπ’
652 3122 818 3191 ἐμοῦ,
859 3123 958 3176 καὶ
982 3121 1058 3189 θῇ
1089 3125 1160 3178 τὰ
1193 3124 1580 3194 ἐνθυμήματα
1609 3128 1796 3183 αὐτοῦ
1819 3127 1865 3161 ³⁸

263 3208 367 3262 ἐπὶ
408 3209 531 3276 τὴν
564 3210 839 3264 διάνοιαν
891 3210 1102 3276 αὑτοῦ,
1159 3212 1257 3265 καὶ
1306 3213 1422 3281 τὴν
1451 3215 1714 3268 κόλασιν
1756 3215 1866 3284 τῆς

261 3301 510 3368 ἀδικίας
557 3301 744 3356 αὑτοῦ
782 3301 931 3371 τάξῃ
971 3302 1087 3372 πρὸ
1120 3303 1448 3372 προσώπου
1481 3306 1735 3371 ἑαυτοῦ,
1767 3309 1864 3360 καὶ

261 3391 422 3460 ἔλθῃ
466 3391 620 3459 πρὸς
642 3392 750 3446 τὸν
785 3393 1104 3463 προφήτην
1148 3395 1254 3449 τοῦ
1281 3395 1652 3464 ἐπερωτῆσαι
1677 3398 1866 3451 αὐτὸν

260 3485 334 3539 ἐν
368 3484 533 3554 ἐμοὶ,
564 3483 679 3552 ἐγὼ
718 3486 933 3552 Κύριος
963 3487 1444 3556 ἀποκριθήσομαι
1484 3489 1646 3554 αὐτῷ
1671 3489 1740 3542 ἐν
1775 3484 1867 3553 οἷς

261 3577 550 3645 ἐνέχεται
571 3577 617 3610 ³⁷
665 3577 733 3630 ἐν
791 3577 1016 3643 αὐτοῖς.
1073 3577 1258 3631 Ταῦτα
1320 3579 1484 3632 πάλιν
1553 3579 1864 3651 σαφέστερα

265 3665 453 3734 εἶπεν,
481 3671 566 3722 δτι
589 3670 707 3733 Πᾶς
734 3671 762 3722 ὁ
788 3670 1070 3739 ἀλλότριον
1099 3671 1292 3724 ἑαυτὸν
1314 3671 1576 3737 καθιστὰς
1598 3673 1698 3742 τῆς
1726 3674 1865 3744 ἐμῆς

265 3765 607 3837 κηδεμονίας
629 3802 644 3826 ,
676 3763 771 3815 καὶ
803 3765 1036 3835 ήγεμόνι
1069 3763 1147 3835 τῷ
1177 3763 1332 3834 κακῷ
1380 3763 1662 3836 χρώμενος
1713 3765 1863 3834 λογι-

270 3856 432 3927 σμῷ,
469 3857 569 3909 καὶ
613 3854 769 3918 είδὼς
807 3856 906 3926 μὲν
948 3855 1046 3926 τὴν
1093 3856 1467 3928 ἠπειλημένην
1505 3859 1620 3920 τοῖς
1675 3859 1865 3921 κακοῖς

270 3949 524 4012 κόλασιν,
563 3947 920 4017 καταφρονῶν
947 3947 1003 4001 δὲ
1041 3947 1246 4017 ταύτης
1273 3947 1540 4018 ἀφίκηται
1578 3948 1716 4018 πρός
1744 3965 1864 4002 τινα

270 4043 386 4095 τῶν
417 4040 906 4112 ψευδοπροφητῶν,
937 4041 1012 4106 ὡς
1044 4039 1206 4108 δῆθεν
1238 4039 1370 4109 παρ’
1414 4039 1547 4108 ἐμοῦ
1580 4039 1772 4108 μαθεῖν
1803 4041 1865 4093 τὸ

274 4131 556 4206 πρακτέον
614 4131 972 4202 βουλόμενος,
1018 4128 1159 4198 ἐγὼ,
1203 4129 1375 4199 φησὶ,
1421 4129 1719 4200 ποιήσομαι
1765 4131 1864 4201 τὴν

275 4223 576 4292 ἀπόκρισιν
596 4261 610 4287 ,
644 4221 737 4274 καὶ
778 4219 1120 4290 συγχωρήσω
1142 4218 1221 4288 τῷ
1249 4218 1569 4289 καλουμένῳ
1598 4221 1857 4291 προφήτῃ

278 4312 550 4369 ἀκόλουθα
606 4315 719 4375 τοῖς
761 4312 1042 4382 λογισμοῖς
1072 4309 1528 4380 Ῐάποκρίνασθαι.
1584 4306 1717 4364 Εἶτα
1764 4311 1862 4382 τὴν

275 4407 434 4473 ἀξίαν
458 4405 678 4460 ἀπειλεῖ
706 4403 976 4474 τιμωρίαν
995 4419 1010 4434 ⁸

345 4499 418 4570 η’.
461 4497 575 4552 Καὶ
602 4493 826 4564 στηριῶ
869 4493 937 4548 τὸ
969 4494 1295 4561 πρόσωπόν
1324 4510 1444 4561 μου
1483 4490 1584 4545 ἐπὶ
1617 4490 1726 4544 τὸν
1752 4491 1850 4545 ἄν·

282 4593 517 4658 θρωπον
571 4587 839 4652 ἐκεῖνον,
897 4585 995 4639 καὶ
1050 4585 1308 4654 θήσομαι
1367 4588 1556 4639 αὐτὸν
1597 4588 1683 4651 εὶς
1726 4586 1860 4653 ἕρη-

277 4698 416 4752 μον,
467 4679 566 4733 καὶ
595 4681 682 4744 είς
717 4676 1142 4745 ἀφανισμὸνπ,
1197 4678 1294 4730 καὶ
1339 4676 1533 4745 ἑξαρῶ
1567 4677 1754 4730 αὑτὸν
1793 4677 1861 4729 ἐκ

278 4773 469 4840 μέσου
501 4769 608 4822 τοῦ
636 4767 791 4821 λαοῦ
823 4785 965 4836 μου,
1012 4766 1110 4820 καὶ
1165 4767 1572 4836 ἐπιγνώσεσθε
1615 4768 1703 4820 ὅτι
1748 4767 1860 4836 ἐγὼ

282 4865 507 4932 Κύριος.
551 4862 661 4915 Καὶ
700 4861 915 4924 δεικνὺς
959 4860 1032 4923 ὡς
1082 4862 1141 4912 οὺ
1177 4862 1307 4932 περὶ
1349 4861 1456 4913 τῶν
1487 4860 1646 4914 θείων
1684 4860 1856 4913 ταῦτα

281 4955 424 5023 λέγει
467 4951 766 5026 προφητῶν
789 4993 804 5017 ,
861 4953 997 5006 ἀλλὰ
1057 4952 1186 5023 περὶ
1245 4953 1354 5006 τῶν
1407 4953 1468 5006 τὸ
1532 4953 1630 5023 μὲν
1688 4953 1858 5023 ὄνομα

285 5047 542 5116 ἐχόντων,
596 5043 692 5096 τοῦ
741 5042 798 5095 δὲ
851 5042 1177 5115 πράγματος
1241 5043 1411 5097 ὄντων
1453 5045 1680 5116 ἐρήμων
1701 5085 1716 5110 ,
1755 5045 1858 5097 ἐπ-

284 5139 480 5208 ἤγαγε·

367 5245 396 5284 δ
429 5245 470 5301 11
503 5246 690 5302 Paral.
727 5263 884 5326 svnt,
917 5246 1002 5300 10.

2043 2212 2203 2266 Vens.
2235 2210 2288 2265 6.
2326 2208 2619 2277 Propterea
2647 2204 2736 2260 die
2766 2203 2837 2259 ad
2860 2205 3078 2256 domum
3110 2194 3338 2250 lsraetis
3364 2211 3384 2248 :
3420 2189 3550 2244 Ha'c

1964 2303 2095 2358 dicit
2126 2302 2336 2358 Adonai
2374 2298 2636 2353 Dominus
2666 2312 2687 2350 .'
2718 2291 3124 2352 Couvertimini,
3153 2297 3203 2340 et
3240 2283 3465 2338 recedite
3490 2280 3554 2332 ab

1965 2394 2231 2449 institutis
2265 2391 2457 2448 uestris
2488 2400 2537 2444 et
2573 2389 2639 2443 ab
2667 2386 2913 2443 omnibus
2945 2375 3309 2450 impietatibus
3344 2372 3553 2434 uestris,

1964 2498 2012 2542 et
2035 2487 2319 2541 convertite
2354 2485 2520 2554 facies
2579 2492 2804 2537 vestras.
2853 2475 3063 2532 Salutis
3111 2466 3552 2526 conciliatriccm

1971 2579 2140 2634 tradit
2170 2577 2636 2640 admonitionem,
2668 2581 2724 2630 et
2755 2571 2888 2644 quid
2929 2567 3060 2624 inde
3108 2562 3250 2618 lucri
3307 2558 3554 2614 futurum

1972 2671 2136 2742 766
2164 2671 2262 2734 sit,
2297 2667 2560 2724 ostendit.

2038 2853 2204 2908 Vens.
2248 2853 2302 2906 7.
2336 2852 2475 2918 Quia
2502 2849 2680 2911 homo,
2712 2847 2868 2900 homo
2899 2843 2962 2896 de
3015 2839 3174 2893 domo
3214 2834 3468 2902 Israelis,
3504 2839 3555 2886 et

1967 2944 2032 2998 de
2049 2943 2333 3013 proselytis
2386 2941 2475 3010 qui
2524 2939 2934 3008 peregrinantur
2989 2934 3042 2985 iu
3087 2931 3245 2985 domo
3305 2923 3552 2987 lsraelis,

1965 3044 2053 3107 qui
2081 3036 2414 3090 abalienatus
2439 3033 2600 3101 fuerit
2634 3048 2666 3084 a
2699 3045 2799 3094 me,
2829 3039 2878 3082 et
2912 3025 3147 3095 posuerit
3208 3019 3554 3090 cogitationes
3627 3031 3632 3036 ‘

1967 3144 2096 3182 suas
2133 3128 2189 3179 in
2223 3133 2395 3179 mente
2425 3126 2581 3188 sna,‘
2610 3129 2659 3175 et
2700 3133 2906 3190 poenam
2958 3112 3256 3184 iniquitatis
3304 3123 3416 3162 sua:
3454 3122 3552 3175 po-

1967 3217 2134 3273 suerit
2163 3225 2286 3269 ante
2312 3214 2507 3283 faciem
2537 3227 2711 3273 suam,
2739 3219 2787 3263 et
2812 3206 3006 3261 venerit
3037 3203 3107 3256 ad
3133 3198 3468 3269 prophetam,
3497 3203 3555 3247 ut

1967 3311 2248 3378 interroget
2289 3323 2407 3361 eum
2439 3307 2493 3358 in
2527 3320 2628 3368 me,
2650 3317 2744 3371 ego
2777 3298 3034 3353 Dominus
3074 3289 3392 3361 respondebo
3423 3289 3470 3342 ei
3498 3288 3553 3341 in

1965 3407 2040 3459 eis
2063 3403 2250 3471 quibus
2299 3399 2586 3454 detinetur.
2647 3391 2775 3447 Haec
2835 3388 3085 3461 apertius
3131 3381 3379 3438 iteravit.
3431 3378 3555 3434 0m-

1967 3469 2083 3560 nis,
2105 3491 2309 3562 inquit,
2351 3489 2672 3558 quicunque
2707 3499 2768 3538 se
2794 3497 2824 3534 a
2853 3494 2972 3533 mea
3003 3491 3137 3530 cura
3191 3469 3549 3531 abalienarit,

1966 3594 2021 3641 et
2063 3584 2206 3639 duce
2248 3581 2391 3635 mala
2452 3576 2789 3648 cogitatione
2829 3587 2966 3628 usus
3021 3567 3212 3632 fuerit,
3262 3565 3554 3632 sciensque

1970 3691 2208 3749 pmnam,
2237 3689 2402 3745 quam
2424 3686 2526 3743 ego
2560 3668 2722 3724 malis
2749 3665 3122 3722 comminatus
3152 3673 3299 3724 sum,
3322 3672 3385 3712 ea
3414 3670 3550 3710 con-

1968 3779 2174 3840 tempta
2201 3767 2505 3823 accesserit
2536 3765 2604 3820 ad
2636 3765 2880 3834 aliquem
2912 3754 3483 3830 pseudoproplietam,
3519 3766 3552 3804 a

1968 3877 2057 3917 me
2091 3861 2346 3916 videlicet
2369 3860 2598 3930 cupiens
2620 3857 2753 3927 quid
2790 3855 2934 3909 facto
2959 3865 3102 3922 opus
3130 3849 3202 3903 sit
3223 3845 3549 3914 intelligere,

1965 3969 2089 4024 ego,
2125 3954 2326 4023 inquit,
2365 3949 2738 4022 respondebo,
2764 3954 2819 4001 et
2852 3943 3168 4015 permittam
3195 3948 3256 3993 ut
3284 3936 3550 4006 pr0plicta

1969 4053 2204 4098 vocatus
2232 4058 2296 4098 ea
2344 4041 2699 4110 respondeat,
2754 4051 2877 4104 quae
2932 4034 3078 4088 illius
3121 4025 3550 4100 cogitationibus

1967 4142 2338 4190 consentanea
2381 4133 2512 4188 sint.
2559 4129 2767 4185 Deinde
2803 4127 3032 4197 dignum
3076 4118 3410 4191 supplicium
3449 4115 3549 4168 mi-

1965 4229 2130 4278 natur
2160 4239 2174 4276 :

2033 4495 2198 4550 Vens.
2232 4495 2285 4550 8.
2315 4494 2383 4548 Et
2415 4494 2642 4564 ﬁrmabo
2688 4491 2884 4560 faciem
2913 4502 3080 4541 meam
3105 4500 3260 4552 super
3282 4481 3543 4535 hominem

1958 4588 2212 4651 illum,et
2241 4603 2438 4656 ponam
2487 4601 2607 4638 eum
2658 4586 2712 4636 in
2763 4579 3133 4643 solitudinem,
3185 4584 3234 4628 et
3282 4577 3337 4628 in
3381 4573 3543 4626 inter-

1963 4682 2119 4744 itum,
2153 4690 2202 4734 et
2248 4679 2491 4748 auferam
2523 4693 2643 4731 eum
2681 4675 2745 4729 de
2780 4675 2949 4728 medio
2979 4672 3160 4740 populi
3195 4671 3314 4734 mei,
3370 4677 3418 4721 et
3455 4683 3544 4720 co-

1962 4772 2223 4842 gnoscetis
2257 4787 2337 4825 me
2364 4787 2478 4825 esse
2518 4769 2821 4822 Dominum.
2884 4765 2947 4818 Et
3005 4762 3303 4817 ostendens
3334 4775 3442 4813 non
3475 4757 3543 4813 de

1962 4863 2165 4920 divinis
2199 4863 2482 4935 prophetis
2508 4862 2622 4916 luec
2648 4877 2677 4914 a
2707 4876 2767 4916 se
2795 4859 2925 4923 dici,
2967 4857 3063 4912 sed
3107 4856 3173 4910 de
3210 4855 3280 4910 iis
3337 4852 3542 4922 quibus

1964 4965 2047 5012 est
2079 4958 2254 5013 solum
2293 4957 2574 5028 propheta:
2607 4969 2830 5019 nomen,
2860 4961 2917 5008 et
2939 4952 3032 5023 qui
3053 4950 3142 5005 .ab
3173 4949 3296 5020 ipsa
3334 4962 3393 5001 re
3424 4959 3544 5000 om-

1967 5049 2098 5103 nino
2128 5048 2377 5104 destituti
2407 5054 2562 5113 suut,
2599 5043 2839 5115 subjecit
2867 5060 2881 5098 :

1578 5313 1808 5370 VARl/E
1845 5314 2248 5371 LECTIONES.

342 5412 384 5443 θ’
421 5410 463 5462 Β
489 5407 918 5480 προηγόρευενκ
963 5407 1008 5480 ’f’
1048 5405 1166 5480 τάς.
1202 5405 1423 5480 [ΜελίηΔ
1450 5403 1511 5457 Β.
1552 5407 1628 5480 _’_‘
1651 5400 1928 5480 _A__e".'1rov,
1952 5421 2066 5480 pro
2097 5407 2281 5480 είπόν,
2318 5415 2374 5480 ut
2404 5406 2638 5460 videtur.
2715 5407 2760 5438 ⁹²
2801 5407 2841 5458 Α
2877 5403 3239 5473 ἐπιστρέψατε
3287 5399 3536 5480 uetito-

424 5453 462 5462 ν
496 5453 529 5463 ..
571 5453 616 5462 ν.
654 5453 888 5474 ,-,.-----
1061 5453 1166 5468 -π,-
1205 5453 1322 5460 ηε.
1451 5453 1510 5457 _-
1671 5453 1713 5457 __
1748 5453 1789 5457 --
2007 5453 2061 5461 ,ν
2268 5453 2281 5468 ,
2415 5453 2638 5460 ...--,,.--
2801 5453 2841 5458 --

283 5453 569 5554 στράφητεῗ
623 5453 699 5554 1”
723 5477 832 5554 ἀπδ
851 5475 959 5529 τῶν
986 5478 1075 5554 ἐπ.
1113 5475 1286 5554 ὑμῶν.
1327 5475 1483 5554 ΙΙεΙξτ.
1516 5475 1770 5554 ali_idoli_s
1798 5453 2014 5554 vestris.
2093 5478 2138 5508 ”
2167 5477 2472 5554 προσηλ;-ᾼ
2505 5515 2518 5530 .
2557 5519 2568 5530 .
2603 5516 2615 5530 .
2652 5476 2937 5544 κειμένων,
2973 5453 3068 5543 pro
3099 5455 3530 5554 προσκειμένων,

281 5544 589 5607 ιη’νὶἁεὶιιν.
624 5550 708 5601 Ita
730 5547 875 5600 enim
902 5555 984 5600 est
1027 5548 1080 5600 in
1125 5544 1275 5600 Alex.
1317 5556 1369 5599 et
1412 5544 1622 5614 Compl.

1702 5546 1746 5616 9’?
1785 5548 1938 5614 οἴκῳ.
1975 5547 2097 5601 Des.
2137 5537 2276 5614 apud
2317 5537 2455 5602 LXX
2492 5556 2545 5601 et
2578 5547 2630 5600 in
2669 5537 2833 5600 He‘br.
2909 5537 3064 5596 π’τὰ
3095 5537 3364 5616 ἐνΟυ-μήμ.
3407 5537 3529 5590 αὐτ.

277 5623 423 5679 Hebr.
459 5621 609 5695 idola
639 5632 765 5695 sua.
794 5615 1219 5695 ICOIIT._V8|‘S.}.
1281 5617 1339 5695 _°’
1382 5619 1422 5668 A
1457 5609 1687 5695 ἔχεταιί-
1733 5615 1777 5644 ⁹⁸
1808 5609 2390 5695 emanat—agnum.
2433 5617 2591 5671 Hebr.
2625 5617 2885 5673 desolabo
2914 5629 3059 5678 cum,
3094 5619 3151 5664 ut
3183 5609 3252 5664 sit
3289 5609 3530 5679 signum,

275 5705 430 5767 utque
463 5694 517 5748 in
543 5687 901 5763 proverbium
936 5686 1109 5742 abeat.
1143 5687 1248 5743 Pro
1280 5685 1481 5757 ἔρημον
1510 5687 1560 5740 in
1593 5685 1709 5738 Ald.
1741 5693 1821 5740 cst
1863 5689 2106 5758 σημεῖον.
