3840 6202
349 263 455 327 9Ξ3

1349 279 1840 342 THEODORETI
1872 285 2208 349 EPISCOPI
2245 293 2611 356 CYRENSIS

3522 300 3624 363 924

423 380 588 439 Vens.
620 385 676 448 9,
713 385 800 440 10.
833 385 898 440 Et
940 387 1193 456 propheta
1225 390 1272 443 si
1301 395 1588 457 erraverit,
1634 405 1684 448 et
1717 396 1915 451 locutu:

2105 406 2168 463 θ’,
2205 410 2255 456 ι’.
2300 406 2408 458 Καὶ
2465 409 2566 460 d"
2624 410 2938 478 προφήτης
2985 411 3095 465 ἐὰν
3147 410 3470 479 πλανηθῇ,
3527 410 3625 465 καὶ

353 473 516 541 fuerit
549 493 863 541 sermonem.
890 495 982 548 ego
1013 479 1274 535 Dominus
1321 498 1504 538 errare
1539 484 1642 553 feci
1700 489 1915 555 protr/te-

2030 493 2278 562 λαλήσῃ
2302 500 2509 565 λόγον,
2528 499 2643 569 ἐγὼ
2663 473 2895 569 Κύριος·
2911 473 3276 569 πεπλάνηκα
3520 503 3626 556 τεν

351 575 459 618 tum
492 568 666 632 illum,
695 579 744 623 et
763 569 1044 623 extendam
1077 589 1290 626 manum
1328 591 1500 629 meam
1537 593 1694 644 super
1724 579 1921 647 ipsum,

347 667 398 710 et
425 657 603 713 delebo
654 661 824 728 ipsum
852 659 916 713 de
947 661 1116 716 medio
1163 664 1340 731 populi
1377 667 1480 719 mei
1539 665 1788 722 Israelis.
1853 669 1923 723 Et

347 752 547 816 capient
571 752 900 820 iniquitatem
950 753 1108 824 767
1148 756 1404 823 ipsorum.
1439 761 1507 811 At
1539 776 1649 815 non
1677 771 1762 816 est
1785 762 1921 828 justi

341 842 543 911 judicis
599 845 882 914 proprium
931 857 984 899 et
1035 851 1287 918 decipere
1355 854 1703 922 prophetam,
1753 865 1806 909 et
1864 856 1922 910 in

341 955 586 995 errorem
629 943 915 998 inductum
966 948 1187 1016 punire.
1242 947 1360 1002 Non
1418 951 1584 1020 igitur
1613 951 1922 1006 secundum

339 1029 637 1085 efﬁcaciam
675 1034 753 1087 ait
806 1049 866 1090 se
901 1038 1222 1106 prephetam
1278 1040 1332 1092 in
1361 1054 1608 1093 errorem
1651 1039 1920 1093 inductu-

338 1137 461 1176 rum
494 1139 635 1189 esse,
669 1126 766 1180 sed
807 1130 1112 1184 secundum
1164 1132 1612 1201 permissionem,
1663 1132 1770 1185 hoc
1809 1139 1916 1196 est,

342 1226 467 1266 cum
510 1216 719 1282 possim
757 1220 932 1287 ipsius
963 1223 1147 1274 statim
1180 1223 1526 1277 mendacium
1561 1223 1916 1292 redarguere,

336 1306 606 1372 sustineo,
641 1318 695 1362 et
733 1310 920 1366 divina
957 1314 1183 1369 leuitate
1212 1331 1350 1370 usus
1386 1318 1666 1385 permitto,
1703 1323 1761 1368 ut
1789 1316 1918 1370 dolo

337 1399 545 1456 utatur,
597 1411 762 1465 quem
816 1401 1120 1468 voluntate,
1177 1419 1286 1458 non
1341 1414 1524 1459 autem
1582 1406 1918 1462 necessitate

295 1488 297 1490 ’
333 1494 572 1540 exercet.
603 1487 814 1543 Idcirco
835 1495 997 1546 etiam
1028 1512 1125 1563 par
1154 1496 1488 1566 supplicium
1521 1500 1913 1563 cetmninatur,

333 1584 388 1630 et
422 1578 564 1632 male
589 1579 982 1653 interroganti,
1022 1595 1079 1642 et
1104 1589 1249 1643 male
1282 1589 1665 1658 respondenti.

405 1669 705 1726 Secundum
735 1677 1069 1745 iniquitatem
1093 1683 1254 1746 enim,
1281 1682 1481 1752 inquit,
1506 1683 1912 1752 interrogantis,

2027 587 2344 656 προφήτην
2379 591 2634 655 ἐκεῖνον,
2659 594 2756 646 καὶ
2791 595 3024 649 ἐκτενῶ
3057 595 3171 663 τὴν
3194 596 3362 664 χεῖρά
3380 614 3502 664 μου
3532 595 3621 648 ἐπ’

2024 681 2230 741 αὐτὸν,
2269 681 2365 734 καὶ
2395 682 2627 751 ἀφανιῶ
2661 687 2848 738 αὑτὸν
2870 687 2938 740 ἐκ
2960 687 3156 755 μέσου
3181 687 3289 742 τοῦ
3316 685 3476 741 λαοῦ
3501 705 3626 755 μου

2037 772 2294 840 Ἰσραήλ.
2355 775 2465 827 Καὶ
2528 775 2834 844 ,λήψονται
2869 779 2885 808 ¹
2947 778 3061 846 τὴν
3105 777 3356 832 ἀδικίαν
3397 774 3622 830 αὐτῶν.

2037 864 2174 916 Ἀλλ’
2205 867 2305 918 οὐκ
2325 866 2472 920 ἐστιν
2509 868 2638 922 ἴδιον
2664 870 2755 923 τοῦ
2787 871 2996 926 δικαίου
3024 870 3240 942 κριτοῦι
3269 871 3363 923 καὶ
3397 871 3630 940 πλανᾷν

2021 956 2111 1010 τὸν
2141 959 2424 1028 προφήτην
2445 999 2458 1023 ,
2498 962 2591 1014 καὶ
2639 961 2984 1032 πλανηθέντα
3017 962 3292 1025 κολάζειν.
3328 964 3406 1015 Οὐ
3436 964 3626 1015 τοίνυν

2021 1050 2142 1102 κατ’
2191 1051 2474 1120 ἐνέργειαν
2525 1053 2676 1122 λέγει
2729 1055 2822 1108 τὸν
2873 1058 3161 1127 προφήτην
3199 1056 3448 1126 πλανᾷν,
3483 1055 3625 1108 ἀλλὰ

2019 1143 2158 1195 κατὰ
2182 1144 2528 1215 συγχώρησιν
2547 1160 2562 1177 ο
2587 1147 2858 1212 τουτέστι,
2881 1148 3190 1219 Δυνάμενος
3213 1148 3381 1201 αὑτοῦ
3409 1163 3621 1218 παραυ-

2015 1235 2142 1289 τίκα
2163 1237 2406 1307 ἐλέγχειν
2427 1240 2446 1270 ⁸
2476 1239 2536 1291 τὸ
2556 1239 2773 1308 ψεῦδος,
2807 1241 3093 1310 ἀνέχομαι,
3122 1243 3216 1293 καὶ
3245 1239 3621 1311 μακροθυμῶ,

2019 1328 2112 1380 καὶ
2144 1329 2415 1400 συγχωρῶ
2439 1329 2459 1360 ³
2497 1329 2807 1400 κεχρῆσθαι
2837 1334 2903 1402 τῇ
2933 1333 3182 1402 ἐξαπάτῃ
3207 1347 3218 1359 ·
3249 1328 3450 1402 γνώμῃ
3484 1330 3618 1399 γὰρ,

2017 1421 2112 1473 καὶ
2159 1422 2258 1473 οὐκ
2313 1422 2529 1496 ἀνάγκῃ
2592 1423 2800 1492 ταύτην
2852 1421 3187 1493 ἐπιτηδεύει.
3231 1421 3324 1474 Διὸ
3377 1422 3474 1474 καὶ
3516 1421 3618 1490 τὴν

2019 1512 2140 1582 ἴσην
2171 1512 2444 1582 τιμωρίαν
2471 1513 2706 1579 ἀπειλεῖ,
2739 1513 2828 1568 καὶ
2855 1513 2936 1590 τῷ
2958 1514 3145 1577 κακῶς
3185 1513 3493 1583 ἐρωτῶντι,
3523 1513 3618 1566 καὶ

2013 1603 2091 1674 τῷ
2122 1605 2306 1668 κακῶς
2337 1606 2775 1676 ἀποκρινομένῳ.

2085 1697 2247 1750 Κατά
2285 1697 2350 1751 τό
2384 1698 2644 1766 ἀδίκημα
2671 1700 2799 1768 γὰρ,
2832 1699 2987 1771 φησι,
3024 1699 3132 1754 τοῦ
3167 1696 3612 1768 ἐπερωτῶντος,

332 1757 412 1810 sic
454 1762 614 1815 etiam
671 1765 926 1834 iniquitas
983 1771 1250 1838 propheta:
1300 1774 1420 1826 erit.
1453 1771 1645 1842 (Vsus.
1689 1774 1798 1843 ll.)
1832 1773 1914 1828 Ne

2030 1789 2303 1856 ὺσαύτως
2343 1791 2440 1843 καὶ
2493 1789 2560 1843 τὸ
2603 1790 2867 1860 ἀδίκημα
2897 1792 3006 1846 τοῦ
3053 1791 3371 1860 προφήτου
3413 1789 3614 1846 ἔσται.

330 1861 466 1905 erret
496 1857 725 1922 amplius
765 1857 953 1914 domus
987 1860 1206 1916 Israelis
1242 1881 1273 1916 a
1302 1881 1402 1928 me,
1423 1875 1474 1918 et
1514 1882 1576 1919 ne
1603 1867 1912 1933 polluantur

2016 1881 2154 1950 (ια’.)
2207 1881 2367 1947 ὅπως
2411 1881 2496 1950 μὴ
2539 1879 2885 1941 πλανῶνται
2919 1883 2938 1914 ⁸
2979 1885 3066 1937 ἔτι
3119 1880 3287 1949 οἶκος
3343 1881 3453 1934 τοῦ
3503 1881 3615 1934 ἰσ-

333 1945 561 2012 amplius
590 1948 641 2000 in
685 1951 925 2005 omnibus
955 1954 1166 2008 delictis
1207 1958 1361 2010 suis:
1396 1965 1444 2010 et
1476 1968 1632 2011 erunt
1681 1960 1811 2012 mihi
1857 1960 1911 2013 in

2030 1945 2167 2039 ᾇαὴλ
2193 1974 2230 2026 ἀ
2245 1973 2294 2025 τ’
2316 1945 2492 2043 ἐροῦ,
2523 1975 2619 2028 καὶ
2646 1976 2745 2028 ἵνα
2763 1976 2848 2044 μὴ
2868 1977 3221 2044 μιαίνωνται
3251 1945 3338 2030 ἐτι
3360 1975 3440 2027 ὲν
3462 1970 3616 2026 πᾶσι

324 2036 604 2103 populum,
630 2049 677 2092 et
703 2057 794 2111 ego
829 2059 919 2096 ero
947 2044 1021 2098 eis
1058 2046 1110 2097 in
1147 2045 1330 2106 Deum.
1369 2047 1496 2101 dicit
1554 2049 1759 2102 Adonai
1802 2049 1914 2103 Do-

326 2129 530 2182 minus.
573 2129 690 2184 Non
728 2134 850 2188 sine
891 2150 1080 2198 causa,
1138 2139 1339 2208 inquit,
1378 2141 1481 2194 hoc
1526 2141 1634 2195 illis
1673 2140 1910 2210 inﬂigam

323 2221 691 2290 Supplicium,
740 2226 834 2280 sed
873 2237 933 2282 ut
988 2230 1206 2284 illorum
1257 2234 1486 2287 interitu
1539 2235 1744 2304 populo
1793 2250 1912 2289 meo

326 2311 692 2379 ibcnefaciam,
717 2329 768 2372 et
791 2334 913 2372 eum
949 2322 1018 2376 ab
1053 2323 1270 2377 illorum
1297 2327 1582 2396 impietate
1607 2328 1910 2382 vindicem.

333 2401 470 2456 'Volo
502 2409 646 2460 enim
688 2409 864 2478 ipsum
914 2412 1114 2468 habere
1149 2431 1248 2484 pro
1275 2420 1502 2487 populo,
1537 2428 1592 2473 et
1620 2435 1745 2475 esse
1777 2421 1909 2473 illo-

327 2507 453 2548 rum
497 2495 660 2562 Deus,
687 2503 838 2556 omni
871 2518 968 2559 eos
999 2519 1134 2558 cura
1159 2521 1527 2578 prosequens.

398 2780 564 2840 Vens.
607 2786 790 2842 12-14.
829 2789 892 2842 Et
934 2790 1139 2858 factum
1187 2803 1264 2846 est
1317 2795 1528 2846 verbum
1582 2793 1793 2848 Domini
1845 2798 1912 2848 ad

327 2893 426 2938 me,
463 2877 640 2933 dicens
674 2897 691 2935 :
727 2879 836 2935 Fili
867 2883 1118 2947 hominis,
1159 2894 1301 2938 terra
1335 2887 1380 2938 si
1408 2890 1702 2952 peccaverit
1730 2898 1916 2942 contra

327 2987 426 3031 me,
465 2981 520 3024 ut
548 2973 822 3044 delinquat
861 2976 1077 3037 delicto,
1123 2979 1287 3032 etiam
1341 2979 1656 3032 extendam‘
1699 2997 1914 3033 manum

326 3080 496 3118 meam
535 3082 692 3133 super
720 3085 861 3132 eam,
892 3080 939 3123 et
976 3081 1242 3124 conteram
1302 3073 1468 3138 ipsius
1523 3072 1914 3141 ﬁrmamentum

325 3157 502 3221 panis,
542 3168 590 3210 et
624 3159 864 3212 emittam
895 3161 948 3214 in
985 3178 1100 3215 eam
1143 3163 1358 3232 famem,
1402 3173 1451 3217 et
1484 3163 1725 3232 auferam
1757 3164 1820 3217 de
1849 3181 1912 3217 ea

325 3247 586 3302 hominem
612 3260 660 3303 et
689 3250 1011 3320 jumentum,
1044 3263 1094 3308 et
1139 3255 1186 3308 si
1230 3255 1432 3323 fuerint
1469 3265 1573 3308 tres
1625 3256 1723 3309 viri
1759 3255 1812 3308 lii
1858 3257 1911 3310 in

331 3351 378 3386 in
414 3336 503 3390 dio
527 3338 666 3406 ejus,
702 3338 978 3402 Noachus,
1005 3353 1053 3396 et
1083 3343 1278 3405 Jobus,
1307 3356 1354 3397 et
1385 3344 1595 3409 Daniel,
1633 3347 1734 3414 ipsi
1758 3349 1810 3398 in
1829 3347 1916 3413 ju-

329 3429 479 3481 stitia
521 3446 620 3483 sua
659 3432 1036 3495 solvebantur,
1086 3434 1214 3487 dicit
1252 3436 1463 3489 Adonai
1514 3436 1796 3491 Dominus.
1854 3437 1912 3492 Si

328 3519 609 3573 nationem
643 3537 764 3588 qua:
799 3525 1065 3590 peccarit,
1099 3525 1297 3593 inquit,
1335 3527 1533 3595 punire
1569 3528 1820 3592 voluero,
1859 3536 1914 3581 et

328 3605 473 3663 fame
497 3626 722 3671 necare,
756 3621 810 3666 et
844 3613 880 3665 ii
914 3615 1008 3683 qui
1042 3617 1344 3684 punientur
1377 3619 1662 3671 noluerint
1693 3620 1760 3672 ad
1801 3633 1915 3688 pae-

331 3700 624 3754 nitentiam
673 3703 898 3766 adduci,
964 3708 1173 3759 nullam
1233 3708 1399 3778 768
1447 3711 1667 3762 veniam
1715 3723 1913 3764 conse-

329 3801 588 3857 quentur,
622 3810 688 3848 ne
717 3795 760 3848 si
788 3793 1048 3851 Noachus
1077 3793 1326 3866 quidem,
1349 3810 1401 3854 et
1418 3799 1616 3862 Jobus,
1646 3810 1702 3854 ct
1724 3800 1914 3856 Daniel

331 3883 387 3936 in
423 3883 560 3953 ipsis
607 3885 815 3939 inventi
857 3887 1088 3944 fuerint.
1137 3888 1338 3943 Verum
1385 3891 1439 3946 hi
1476 3901 1627 3947 certe
1679 3893 1914 3962 iustitiae

332 3991 447 4029 suae
469 3977 731 4042 colligent
758 3978 996 4041 fructus,
1031 3989 1085 4034 et
1108 3981 1342 4035 salutem
1373 3982 1792 4052 adipiscentur;
1821 3985 1916 4040 sed

333 4068 459 4123 illos
510 4069 579 4122 ab
607 4069 763 4123 illato
816 4073 1092 4141 supplicio
1138 4073 1368 4130 minime
1421 4075 1763 4130 liberabunt.
1807 4077 1912 4131 llo-

332 4171 453 4211 rum
496 4166 681 4214 autem
735 4161 984 4216 virorum
1044 4166 1380 4220 mentionem
1429 4165 1581 4232 fecit,
1640 4169 1914 4238 siquidem

332 4252 418 4307 his
441 4269 565 4323 quae
597 4254 743 4308 dicta
779 4264 931 4320 sunt,
966 4260 1389 4314 consentiebant
1423 4276 1484 4314 ca
1541 4277 1665 4331 quae
1692 4263 1914 4316 illorum

330 4353 576 4415 tempore
607 4347 956 4402 acciderunt.
991 4347 1125 4403 Nam
1154 4361 1207 4405 et
1241 4349 1574 4406 Noachusin
1619 4355 1914 4422 impiorum

2013 2065 2139 2131 τοῖς
2163 2068 2640 2136 παραπτώμασιν
2661 2067 2863 2122 αὑτῶν
2884 2085 2898 2099 ο
2934 2069 3033 2122 καὶ
3076 2068 3329 2122 ἔσονταί
3371 2083 3482 2136 μοι
3529 2067 3618 2129 εἰς

2013 2159 2188 2219 λαὸν,
2233 2158 2329 2211 καὶ
2378 2157 2491 2228 ἐγὼ
2535 2158 2750 2227 ἔσομαι
2799 2160 3006 2225 αὐτοῖς
3064 2162 3153 2225 εἶς
3210 2159 3397 2221 Θεὸν,
3447 2154 3612 2224 λέγε,

2027 2249 2275 2303 Ἀδωνατ
2304 2254 2537 2317 Κύριος.
2567 2251 2641 2304 Οὐ
2683 2251 2858 2320 μάτην
2879 2291 2894 2310 .
2925 2252 3095 2322 φησὶ,
3140 2251 3348 2321 ταύτην
3379 2248 3614 2310 ἐκείνοις

2014 2341 2200 2405 ἐπάξω
2233 2343 2332 2412 τὴν
2363 2342 2659 2412 τιμωρίαν,
2693 2343 2830 2396 ἀλλὰ
2873 2343 2960 2395 διὰ
2990 2343 3082 2396 τοῦ
3115 2343 3344 2396 ἐκείνων
3383 2339 3616 2409 ὀλέθρου

2012 2435 2103 2486 τὸν
2140 2433 2270 2486 λαόν
2305 2451 2408 2502 μου
2446 2433 2778 2503 εὐεργετῶν,
2811 2436 2904 2487 καὶ
2941 2436 3039 2505 τῆς
3074 2437 3301 2487 ἐκείνων
3348 2428 3617 2493 ἀσεϐείας

2013 2523 2330 2592 ἐλευθερῶν,
2369 2524 2637 2593 Βούλομαι
2668 2524 2775 2594 γὰρ
2795 2525 2958 2578 αὑτὸν
2985 2525 3128 2595 ἔχειν
3155 2526 3303 2588 λαὸν,
3330 2525 3429 2577 καὶ
3457 2518 3604 2575 εἶναι

2015 2617 2195 2669 αὐτῶν
2230 2616 2372 2668 Θέλω
2417 2615 2574 2680 Θεὸς.
2615 2620 2794 2672 πᾶσαν
2834 2618 3012 2672 αὑτῶν
3047 2617 3376 2688 κηδεμονίαν
3423 2611 3616 2668 ποιού·

2019 2725 2196 2774 μενος.

2087 2798 2264 2868 ιβ’-ιδ’.
2307 2800 2415 2852 Kal
2476 2800 2714 2868 ἐγένετο
2781 2803 2965 2870 λόγος
3016 2801 3239 2867 Κυρίου
3290 2798 3446 2867 πρός
3494 2813 3612 2868 με.

2016 2888 2210 2956 λέγων
2233 2905 2246 2917 ·
2281 2888 2372 2940 Υἱὲ
2414 2888 2762 2956 ἀνθρώπου,
2801 2889 2876 2958 γῆ
2925 2890 3033 2943 ἐὰν
3061 2888 3296 2958 ἁμάρτῃ
3333 2906 3470 2958 μοι,
3507 2887 3619 2940 τοῦ

2018 2979 2394 3046 παραπεσεῖν
2427 2979 2876 3049 παραπτώματι,
2909 2980 3007 3032 καὶ
3043 2979 3262 3034 ἐκτενῶ
3298 2979 3415 3046 τὴν
3443 2975 3621 3047 χεῖρά

1943 3120 1983 3174 c
2013 3089 2131 3141 μου
2156 3072 2247 3124 ἐπ’
2281 3070 2509 3138 αὐτὴν,
2557 3070 2655 3125 καὶ
2704 3071 3022 3138 συντρίψω
3073 3070 3266 3136 αὐτῆς
3313 3069 3621 3174 στήριγμα

2016 3161 2233 3229 ἄρτου,
2290 3163 2387 3215 καὶ
2427 3160 2820 3225 ἐξαποστελῶ
2871 3162 2964 3214 ἐπ’
3007 3161 3203 3228 αὐτὴν
3246 3160 3468 3228 λιμὸν,
3516 3161 3617 3213 καὶ

2015 3253 2204 3322 ἒξαρῶ
2227 3253 2294 3317 ἐξ
2321 3252 2513 3321 αὐτῆς
2541 3253 2863 3321 ἄνθρωπον
2900 3253 2998 3307 καὶ
3038 3251 3296 3320 κτῆνος⁵
3319 3268 3332 3282 ’
3369 3251 3471 3304 καὶ
3509 3249 3620 3304 ἐὰν

2015 3341 2170 3398 ὦσιν
2204 3349 2256 3398 ol
2284 3345 2440 3413 τρεῖς
2476 3344 2693 3413 ἄνδρες
2720 3342 2886 3400 οὗτοι
2918 3345 2987 3398 ὲν
3011 3345 3180 3414 μέσῳ
3207 3342 3424 3410 αὐτῆς,
3460 3341 3617 3406 Νῶε,

2018 3437 2114 3490 καὶ
2157 3436 2304 3498 Ἰὼϐ,
2356 3437 2454 3488 καὶ
2499 3436 2762 3503 Δανιὴλ,
2804 3436 2972 3489 αὐτοὶ
3015 3436 3084 3488 ἐν
3133 3433 3206 3501 τῇ
3251 3434 3617 3501 δικαιοσύνῃ

2015 3529 2212 3582 αὐτῶν
2241 3527 2643 3595 σωθήσονται,
2695 3527 2858 3596 λέγει
2903 3527 3153 3581 Ἀδωναῖ
3185 3529 3421 3594 Κύριος.
3461 3526 3616 3586 Ἐὰν,

2020 3621 2205 3690 φησιν,
2234 3619 2564 3690 ἁμαρτῆσαν
2612 3618 2765 3681 ἔθνος
2795 3618 3023 3670 κολάσαι
3049 3618 3318 3688 βουληθῶ,
3345 3617 3445 3669 καὶ
3467 3615 3620 3685 λιμῷ

2019 3712 2354 3783 παραδοῦναι
2379 3753 2391 3769 .
2425 3711 2684 3781 μετανοίᾳ.
2713 3712 2770 3764 δέ
2802 3711 3114 3781 χρήσασθαι
3149 3710 3224 3780 μὴ
3261 3709 3608 3779 βουληθῶσιν

2021 3806 2072 3857 οἱ
2099 3804 2476 3872 κολαζόμενοι,
2505 3803 2767 3872 οὐδεμιᾶς
2793 3803 3078 3868 τεύξονται
3105 3800 3462 3870 συγγνώμης,
3496 3800 3618 3854 οὐδὲ

2017 3899 2067 3949 εἰ
2108 3897 2231 3949 Νῶε
2254 3937 2267 3959 ,
2305 3895 2402 3948 καὶ
2443 3893 2563 3947 ’1ὼὸ
2589 3935 2602 3957 ,
2644 3896 2738 3948 καὶ
2777 3894 2978 3965 Δανιὴλ
3013 3893 3288 3963 εὑρεθεῖεν
3316 3895 3373 3946 ἐν
3405 3895 3614 3956 αὐτοῖς.

2031 3990 2171 4042 Ἀλλ’
2193 3982 2342 4042 οὗτοι
2391 3989 2488 4058 μὲν
2517 3987 2618 4056 τῆς
2647 3988 2855 4050 οἰκείας
2892 3986 3258 4055 δικαιοσύνηᾷ
3275 3986 3617 4055 τρυγήσωσι

2018 4079 2143 4140 τοὺς
2195 4076 2483 4147 καρποὺς,
2547 4075 2640 4127 καὶ
2688 4077 2786 4143 τῆς
2850 4075 3128 4142 σωτηρίας
3182 4073 3611 4138 ἀπολαύσονται,

2021 4167 2264 4230 ἐκείνους
2291 4165 2346 4218 δέ
2374 4165 2470 4234 τῆς
2510 4165 2858 4234 ἐπαγομένης
2891 4165 2990 4216 οὐκ
3021 4163 3398 4227 ἀπαλλάξουσι
3434 4182 3611 4234 τιμω-

2022 4260 2163 4329 ρίας.
2205 4258 2424 4310 Τούτων
2455 4258 2512 4310 δὲ
2546 4257 2656 4310 τῶν
2691 4255 2903 4329 ἀνδρῶν
2933 4257 3365 4327 ἐμνημόνευσεν,
3396 4257 3472 4318 ῶς
3503 4260 3615 4319 τοῖς

2020 4347 2332 4419 εἰρημένοις
2359 4344 2468 4398 τῶν
2506 4344 2648 4398 κατὰ
2675 4345 2802 4408 τοὺς
2829 4345 3058 4414 χρόνους
3097 4343 3288 4424 αὐτῶν,
3308 4344 3613 4410 γεγονότων

328 4437 688 4505 generatione
740 4438 1003 4492 inventus
1066 4440 1493 4510 haudquaquam
1546 4444 1726 4513 potuit
1760 4459 1914 4498 eosa

2030 4442 2141 4492 λίαν
2187 4438 2616 4508 συμϐαινόντων.
2669 4437 2737 4488 Ὅ
2782 4453 2844 4489 τε
2879 4436 2990 4506 γὰρ
3019 4435 3142 4489 Νῶε
3179 4438 3236 4490 ἐν
3277 4435 3493 4488 ἀσεϐῶν
3527 4437 3614 4489 εὖ·

329 4527 522 4581 diluvii
556 4529 726 4582 exitio
758 4529 1017 4596 liberare,
1052 4533 1144 4602 qui
1197 4533 1495 4589 noluerunt
1531 4537 1597 4589 ad
1636 4537 1914 4606 pmniten-

327 4620 463 4673 tiam
503 4621 726 4676 adduci.
766 4623 830 4676 Et
853 4623 1043 4678 Daniel
1075 4625 1358 4692 similiter,
1406 4643 1530 4681 cum
1577 4629 1918 4698 captivitatis

329 4721 576 4780 tempore
599 4716 834 4784 vigeret,
869 4717 1010 4771 alios
1063 4725 1290 4788 prepter
1343 4719 1620 4790 ingentem
1668 4720 1918 4790 ipsorum

329 4805 674 4874 impietatem
709 4808 778 4860 ab
811 4809 978 4864 illatis
1019 4811 1178 4866 malis
1221 4809 1369 4866 haud
1418 4812 1721 4866 vindicavit
1755 4831 1766 4866 :
1801 4812 1921 4882 ipse

333 4904 516 4948 tamen
553 4897 698 4950 bello
731 4907 928 4967 captus
988 4901 1246 4957 hostibus
1301 4903 1558 4972 superior
1607 4903 1808 4967 evasit,
1865 4908 1922 4957 et

330 4997 507 5048 eos,a
538 4987 742 5054 quibus
786 4989 840 5042 in
894 4992 1218 5046 servitutem
1272 4993 1542 5051 abductus
1609 5003 1746 5058 crat,
1812 4994 1920 5051 sibi

334 5077 618 5146 subjectos
659 5080 876 5134 habuit.
906 5081 1097 5151 Neque
1125 5083 1254 5138 ﬁliis
1280 5082 1404 5138 Johi
1433 5088 1678 5156 parentis
1701 5088 1916 5156 justiti‘t

339 5166 549 5237 profuit
579 5188 592 5223 :
621 5170 717 5224 sed
747 5171 865 5240 ipse
889 5173 1042 5228 solus
1075 5175 1380 5229 adversarii
1439 5181 1723 5248 superavit
1776 5181 1915 5234 insi-

337 5256 486 5312 dias.
525 5256 764 5329 [ιε-ια]
813 5259 1028 5315 Rursus
1076 5270 1258 5317 autem
1314 5265 1440 5321 aliis
1493 5267 1747 5336 pluribus
1800 5270 1916 5323 haec

2019 4529 2196 4602 ρεθεὶς
2221 4530 2408 4598 γενεᾷ,
2440 4528 2542 4582 οὐκ
2567 4529 2752 4599 ἴσχυσε
2781 4527 2879 4596 τῆς
2909 4527 3003 4580 τοῦ
3055 4527 3449 4598 κατακλυσμοῦ
3481 4544 3609 4579 παν-

2015 4620 2282 4692 ωλεθρίας
2331 4619 2640 4686 ἀπαλλάξαι
2700 4620 2826 4682 τοὺς
2859 4620 3122 4689 μετανοίᾳ⁸
3167 4621 3478 4690 χρήσασθαι
3538 4618 3609 4689 μὴ

2019 4714 2372 4784 θελήσαντας.
2409 4713 2521 4765 Καὶ
2565 4714 2594 4765 ό
2635 4711 2833 4782 Δανιὴλ
2873 4709 3171 4777 ὡσαύτως,
3223 4713 3370 4766 κατὰ
3396 4712 3486 4764 τὸν
3513 4713 3609 4783 τῆς

2020 4804 2402 4875 αἰχμαλωσίας
2436 4803 2728 4874 γενόμενος
2761 4804 2976 4873 καιρὸν,
3010 4805 3139 4866 τοὺς
3171 4805 3271 4874 μὲν
3304 4805 3498 4867 ἄλλους
3524 4804 3608 4858 διὰ

2019 4896 2351 4968 τὴνβολλὴν
2379 4895 2636 4950 ἀσέϐειαν
2661 4896 2762 4948 οὐκ
2788 4895 3131 4966 ἠλευθέρωσε
3158 4895 3270 4948 τῶν
3297 4897 3606 4967 ἐπενεχθένι

2025 5006 2136 5042 των
2175 4986 2362 5041 κακῶν
2389 5004 2402 5016 ·
2447 4985 2609 5049 αὐτὸς
2660 4985 2719 5038 δὲ
2743 5025 2758 5049 ,
2804 4986 2901 5038 καὶ
2928 4984 3268 5056 δορυάλωτος
3299 4987 3604 5055 γενόμενος,

2023 5080 2133 5134 τῶν
2164 5077 2436 5149 πολεμίων
2468 5077 2776 5150 ἐκράτησε,
2825 5081 2920 5130 καὶ
2957 5078 3085 5140 τοὺς
3112 5079 3604 5149 ἀνδραποδίσαντας

2024 5173 2214 5226 ἐλαϐεν
2243 5171 2537 5242 ὑπηκόους.
2575 5169 2711 5222 Οὐδὲ
2754 5171 2803 5222 oi
2854 5169 2950 5222 τοῦ
2995 5169 3113 5222 Ἰὼϐ
3160 5170 3218 5222 δὲ
3275 5172 3465 5234 παῖδες
3512 5170 3604 5238 τῆς

2022 5261 2117 5314 τοῦ
2148 5259 2354 5330 πατρὸς
2400 5256 2749 5327 δικαιοσύνης
2779 5255 3088 5323 ἀπῶναντο,
3138 5258 3302 5328 μόνος
3344 5259 3402 5312 δέ
3430 5260 3603 5330 κρείτ-

1598 5407 1828 5463 VARle
1869 5403 2270 5464 LECTIONES.

412 5506 459 5539 ”
501 5506 684 5591 Καὶό,
717 5524 776 5591 κζ
809 5525 860 5560 τ.
889 5507 938 5591 λε
982 5508 1184 5591 Eodem
1220 5515 1384 5591 modo
1418 5516 1470 5591 in
1494 5518 1710 5591 ‘Compl.
1747 5519 1852 5590 leg.
1893 5535 2037 5576 vers.
2067 5521 2123 5575 9.
2201 5515 2559 5591 (Md/.Hebr.
2599 5513 2828 5591 ferent._
2873 5519 2894 5549 ²
2927 5517 2975 5591 ,Β
2995 5515 3310 5591 διελέγχειν.
3392 5515 3598 5591 ’,καὶ-

349 5578 703 5660 συγχωρηιιει
734 5577 798 5660 β,
841 5578 932 5633 sed
968 5580 1133 5635 editio
1169 5585 1318 5653 prior
1353 5586 1586 5642 habebat
1617 5577 1711 5642 καὶ
1741 5577 1897 5659 συγχ.
1939 5608 1993 5644 κ.
2031 5589 2260 5660 μακροθ.

348 5643 510 5701 lectio
537 5643 620 5701 est
653 5649 824 5719 κτήνη

2374 5590 2396 5622 ⁸
2435 5589 2591 5641 πλαν.
2633 5584 2764 5642 Ιὶεε.
2816 5587 2976 5643 lectio
3015 5587 3305 5642 πλανᾶται.
3424 5590 3446 5621 ⁸
3478 5586 3595 5640 κω.
