3840 6202
437 253 540 316 927

1431 251 1632 310 THEO
1642 249 1921 310 DORETI
1961 248 2298 308 EPISCOPI
2332 249 2698 354 CYRE‘NSIS
2907 261 2920 272 ‘
3549 257 3632 322 923

437 368 634 424 silum?
674 368 757 420 An
789 369 994 436 capient
1019 381 1084 421 ex
1118 381 1178 420 ea
1235 365 1456 435 lignum,
1491 375 1546 416 ut
1592 364 1800 432 faciant
1841 377 1907 416 ea:
1956 378 2006 415 ea

2123 358 2436 428 κλημάτων
2467 401 2481 424 ,
2515 359 2634 413 τῶν
2663 359 2853 411 ὄντων
2904 359 2974 411 ἐν
3019 358 3139 424 τοῖς
3183 358 3374 425 ξύλοις
3404 361 3495 415 τοῦ
3523 365 3636 432 δρυ-

439 463 611 530 opus?
644 477 711 514 an
747 461 952 528 capient
984 474 1048 512 ex
1079 475 1141 512 ea
1172 457 1432 525 paxillum
1463 467 1518 508 ut
1558 455 1880 523 suspendant
1922 470 2013 508 su-

435 565 529 618 per
564 569 682 606 eum
713 567 865 604 omne
891 565 979 603 vas
1007 551 1031 604 7
1071 547 1276 602 Praeter
1303 547 1358 600 id
1409 547 1546 617 quod
1592 548 1705 616 igni
1753 546 2013 600 traditum

436 656 516 699 cst
560 648 610 699 in
647 643 1132 710 consumptionem,
1182 657 1414 694 annuam
1472 642 1833 711 purgationem
1897 639 2013 708 ejus

437 737 695 789 consumit
752 734 922 803 ignis,
981 741 1031 787 et
1093 731 1273 801 deﬁcit
1325 733 1555 800 penitus.
1603 733 1739 787 Cum
1797 746 2015 802 semper

438 828 690 883 lsraelem
742 827 946 880 vincam
996 841 1092 896 per
1141 829 1437 896 prophetas
1490 825 1859 894 nuncuparit;
1916 839 2016 894 per

434 920 692 975 Davidem
717 921 884 981 enim,
921 937 940 970 ι
973 918 1226 985 Vineam,
1251 921 1449 990 inquit,
1474 919 1540 975 de
1562 919 1798 991 Egypto
1831 928 2015 974 trans-

433 1010 701 1076 tulistti;
761 1029 779 1062 ι
834 1009 1008 1065 Isaias
1071 1018 1294 1066 autem:
1359 1030 1379 1062 ι
1437 1010 1608 1067 Vinea
1659 1011 1762 1065 fuit
1810 1011 2014 1066 dilecto

431 1117 576 1166 meo,
607 1102 722 1167 ait;
778 1121 796 1153 ι
834 1109 889 1157 et
935 1100 1244 1160 Jeremiasi
1290 1121 1305 1158 :
1351 1121 1370 1156 ι
1408 1103 1698 1169 Quomodo
1746 1119 2013 1160 conversa

432 1211 492 1251 es
521 1195 653 1250 mihi
689 1196 744 1250 in
774 1196 1219 1262 amaritudinem,
1253 1197 1383 1252 vltis
1405 1213 1534 1252 vera
1558 1198 1585 1237 ιι
1608 1198 1632 1251 ?
1659 1216 1678 1250 ι
1705 1195 1810 1252 Per
1833 1207 2014 1252 trans-

432 1286 693 1352 lationem
729 1302 758 1340 a
813 1289 1110 1343 sarmentis
1167 1289 1295 1344 vitis
1335 1288 1704 1358 desumptam,
1769 1288 2012 1344 ostendit

434 1378 787 1434 inutilitatem
831 1381 1067 1434 lsraclis.
1093 1380 1566 1446 Quemadmodum
1603 1382 1774 1446 enim,
1809 1381 2008 1450 inquit,

435 1480 635 1541 prater
673 1474 856 1526 omnia
901 1475 1043 1543 ligna
1076 1475 1141 1527 ad
1179 1489 1317 1543 opus
1367 1473 1593 1528 minime
1624 1473 1880 1527 idoneum
1928 1481 2013 1530 est

433 1563 642 1630 lignum
681 1565 848 1630 vitis;
888 1581 1063 1635 neque
1091 1567 1238 1620 enim
1286 1566 1548 1636 paxillum
1599 1567 1758 1636 771
1801 1566 1888 1622 vel
1932 1573 2008 1622 te-

433 1653 760 1707 nuissimum
815 1671 878 1708 ex
914 1670 976 1709 ea
1035 1659 1236 1724 poterit
1300 1659 1499 1726 aliquis
1528 1660 1546 1681 ⁶
1583 1658 1874 1722 coniicere,
1913 1657 2007 1714 sed

430 1751 646 1796 tantum
679 1743 820 1815 ignis
858 1745 914 1798 tit
938 1747 1284 1814 alimentum,
1312 1760 1367 1802 et
1390 1764 1572 1802 annua
1606 1750 1779 1817 ipsius
1810 1765 2010 1819 expur-

433 1834 582 1903 gatio
608 1836 660 1888 in
694 1836 874 1904 ignem
903 1839 1192 1906 projicitur
1221 1862 1233 1894 :
1267 1841 1340 1894 ita
1378 1842 1612 1910 populus
1636 1843 1739 1897 iste
1770 1843 1834 1896 ad
1860 1844 2009 1900 aliud

433 1925 569 1981 nihil
606 1927 858 1992 idoneus,
891 1945 1056 1999 quam
1095 1931 1161 1985 ad
1193 1932 1470 1987 interitum
1501 1949 1566 1988 ac
1590 1935 1943 2004 supplicium.

504 2195 772 2258 Annuam,
806 2196 1007 2264 inquit,
1052 2197 1219 2263 ipsius
1261 2201 1694 2268 expurgationem
1744 2205 2008 2257 consumit

433 2287 591 2356 ignis,
618 2298 666 2342 et
702 2287 879 2356 deﬁcit
912 2271 967 2342 in
995 2299 1323 2358 perpetuum.
1363 2289 1620 2362 Nunquid
1657 2294 1784 2348 utile
1814 2296 1913 2348 erit
1940 2295 2009 2348 ad

431 2381 611 2443 opus?
643 2377 832 2446 (Vnus.
870 2379 947 2444 5.)
977 2381 1155 2448 Neque
1184 2381 1346 2433 etiam
1376 2382 1502 2434 dum
1551 2381 1723 2436 adhuc
1753 2392 1831 2437 est
1872 2385 2008 2438 inte-

430 2485 584 2539 grum
617 2471 714 2523 erit
741 2470 810 2523 ad
835 2486 984 2537 opus.
1025 2469 1190 2536 Num,
1241 2475 1450 2542 quando
1492 2475 1653 2528 etiam
1700 2475 1836 2529 illud
1873 2477 2008 2546 ignis

430 2563 636 2630 penitus
670 2565 1079 2634 consumpserit,
1129 2564 1302 2618 adhuc
1342 2567 1473 2620 utile
1499 2569 1597 2620 crit
1639 2568 1708 2620 ad
1740 2572 1917 2636 opus?
1953 2569 2007 2622 Si

431 2658 601 2722 enim,
652 2665 947 2727 antequam
988 2659 1040 2712 in
1090 2659 1270 2728 ignem
1302 2660 1653 2729 conjiciatur,
1703 2662 1767 2715 ad
1799 2663 2008 2715 nullum

430 2764 572 2817 opus
607 2761 691 2804 est
727 2751 1008 2814 idoneum,
1054 2753 1208 2805 nullo
1242 2760 1402 2821 pacto
1452 2755 1586 2807 utile
1634 2768 1758 2808 esse
1787 2758 2006 2824 poterit,

433 2841 523 2894 ubi
557 2840 726 2895 fuerit
767 2844 833 2897 ab
865 2845 986 2913 igne
1019 2853 1430 2914 consumptum.
1463 2845 1555 2900 Sic
1588 2845 1839 2901 instituta
1866 2864 2010 2902 com-

432 2931 722 3001 paratione
751 2949 870 2988 eam
910 2935 1323 3006 interpretatur.

505 3106 671 3163 Vens.
705 3109 758 3171 6,
792 3111 842 3166 7.
890 3110 1100 3167 Idcirco
1141 3113 1270 3167 dic:
1299 3112 1428 3168 Ha'c
1465 3114 1594 3168 dicit
1645 3116 1858 3169 Adonai
1898 3116 2008 3170 Do-

431 3201 642 3255 minus:
667 3203 1124 3268 Quemadmodum
1151 3207 1347 3275 lignum
1374 3209 1496 3261 vitis
1515 3210 1653 3262 inter
1672 3209 1816 3279 ligna
1839 3210 2006 3274 silvw,

428 3293 569 3361 quod
599 3294 722 3348 dedi
754 3297 862 3365 igni
887 3298 941 3350 in
982 3301 1440 3367 consumptionem
1466 3314 1484 3353 :
1514 3302 1590 3354 ila
1618 3300 1739 3354 dedi
1762 3302 2009 3356 habitan-

431 3393 505 3436 tes
539 3383 943 3454 Hicrosolymaz.
977 3389 1044 3441 Et
1070 3390 1209 3443 dabo
1241 3390 1434 3459 faciem
1480 3409 1651 3446 meam
1692 3410 1851 3463 super
1890 3411 2002 3448 eos.

431 3475 547 3531 lloc
581 3495 676 3548 per
705 3481 1118 3539 translationem
1153 3485 1294 3538 dixit
1324 3486 1393 3541 ab
1429 3486 1495 3542 iis
1523 3488 1866 3557 desumptam
1906 3490 2003 3559 qui

432 3569 642 3624 vultum
699 3572 1026 3628 iracundum
1069 3575 1482 3646 terribilemque
1528 3593 1637 3647 prae
1689 3594 1748 3633 se
1807 3579 2008 3635 ferunt.

436 3679 456 3711 ι
499 3661 574 3715 De
620 3663 747 3731 igne
795 3665 1170 3734 egredientur,
1209 3667 1430 3736 inquit,
1482 3676 1537 3724 et
1590 3670 1732 3739 ignis
1765 3672 2011 3727 comedet

430 3767 545 3807 eos.
583 3771 601 3804 ι
640 3753 855 3822 Quippe
894 3754 1113 3810 liberati
1145 3771 1174 3810 a
1211 3757 1378 3824 fame,
1418 3760 1698 3816 occisione
1733 3764 2007 3831 peribunt,

430 3853 485 3900 et
519 3846 724 3915 captivi
759 3846 1124 3906 abducentur.

503 4017 572 4071 Et
614 4030 924 4089 cognoscent
979 4039 1059 4076 me
1087 4040 1198 4078 esse
1231 4025 1536 4090 Dominum,
1570 4045 1688 4081 cum
1726 4029 2008 4098 ﬁrmavero

429 4110 622 4180 facient
670 4129 841 4165 meam
871 4131 1026 4183 super
1056 4133 1166 4170 eos.
1205 4116 1393 4187 (Vens.
1427 4118 1506 4188 8.)
1537 4119 1606 4172 Et
1643 4119 1780 4174 dabo
1812 4131 2009 4177 terram

428 4204 481 4256 in
507 4202 908 4269 desolationem,
933 4223 1028 4274 pro
1043 4225 1102 4261 eo
1119 4211 1258 4277 quod
1281 4210 1619 4280 deliquerunt
1644 4213 1858 4279 delicto,
1877 4215 2008 4268 dicit

426 4293 642 4348 Δάοιιαὶ
661 4293 943 4350 Dominus.
975 4298 1129 4368 Ipsos
1153 4301 1372 4370 quidem
1401 4303 1454 4356 in
1492 4305 1806 4360 servitutem
1833 4307 2004 4377 redigi

426 4386 766 4452 permittam,
820 4394 876 4441 et
899 4389 1178 4443 occisione
1205 4393 1496 4447 consumi:
1529 4403 1730 4448 terram
1769 4411 1900 4450 vero
1940 4396 2008 4448 ab

426 4476 562 4546 ipsis
588 4479 824 4547 cultam,
889 4481 1164 4536 desertam
1235 4485 1457 4539 reddam
1505 4499 1558 4541 et
1613 4503 1642 4541 a
1697 4488 2006 4542 cultoribus

425 4583 676 4626 vacuam.
697 4573 874 4642 Atque
901 4575 1012 4628 baac
1052 4577 1213 4646 772
1249 4579 1548 4648 patientur,
1595 4596 1786 4650 pmnas
1812 4596 2003 4636 eorum

423 4675 545 4728 qua:
588 4661 644 4716 in
684 4679 772 4718 me
817 4666 1170 4735 deliquerunt
1210 4673 1602 4739 persolventes.
1636 4672 1772 4728 Cum
1838 4673 2006 4744 igitur

425 4767 765 4824 quaecunque
796 4767 922 4812 ante
951 4759 1155 4828 scripta
1188 4773 1316 4816 sunt
1341 4762 1407 4817 ad
1437 4771 1680 4818 nostram
1709 4763 2004 4818 utilitatem

426 4845 631 4913 scripta
670 4849 801 4911 sint,
851 4858 910 4902 ut
959 4866 1056 4919 per
1106 4854 1424 4918 patientiam
1479 4865 1530 4910 et
1565 4858 2003 4913 consolationem

427 4931 832 5004 Scripturarum
855 4954 1004 5009 spem
1032 4941 1416 5009 babeamusk',
1441 4961 1508 5000 ne
1537 4945 1733 5004 ﬁamus
1754 4947 1994 5019 ligua,et

2085 450 2229 520 ,μοῦ
2259 452 2338 514 ²⁰;
2375 453 2501 505 El“
2559 451 2863 519 λήψονται
2907 449 2975 514 ἐξ
3030 449 3215 516 αὐτῆς
3238 452 3281 480 ¹¹
3315 451 3504 519 ξύλον,
3550 457 3635 513 τοῦ

2115 540 2364 608 ποιῆσαι
2395 542 2483 606 εἰς
2516 540 2808 610 ἐργασίαν
2831 540 2910 601 ²³;
2967 540 3018 592 sl
3071 537 3359 606 λήψονται
3397 541 3457 605 ἐξ
3481 545 3637 613 αὐτῆς

2113 633 2463 696 πάσσαλον,
2497 631 2602 685 τοῦ
2634 630 2928 701 κρεμάσαι
2965 629 3056 682 ἐπ’
3089 630 3397 684 αὺτὸνπᾶν
3420 633 3637 700 σκεῦοςς

2114 724 2309 793 Πάρεξ
2340 723 2436 777 ὃ’¹’
2483 723 2625 792 πυρὶ
2657 723 2892 777 δέδοται
2941 723 3029 786 εὶς·
3068 722 3382 783 ἀνάλωσιν,
3413 723 3512 791 τὴν
3535 707 3636 780 κατ’

2112 815 2391 870 ἐνιαυτὸν
2439 816 2630 885 αὐτῆς
2679 815 2976 883 κάθαρσιν
2999 815 3042 845 ’⁵
3087 814 3392 868 ἀναλίσκει
3438 815 3496 868 τὸ
3524 818 3637 886 πῦρ,

2115 909 2214 962 καὶ
2247 908 2512 962 ἐκλείπει
2539 911 2626 973 είς
2656 902 2832 972 τέλος
2851 907 2918 962 ³⁸.
2975 905 3197 976 Ἐπειδὴ
3227 906 3454 976 ἄμπελον
3479 909 3552 960 ἀεὶ
3571 909 3640 964 διὰ

2113 998 2224 1051 τῶν
2253 999 2548 1070 προφητῶν
2594 999 2685 1051 τὸν
2731 996 2946 1067 Ἰσραὴλ
2991 997 3274 1066 ὡνόμασε²
3329 996 3411 1049 διὰ
3443 998 3527 1067 μὲν
3551 1001 3639 1071 γὰρ

2113 1089 2209 1144 τοῦ
2222 1089 2404 1153 Δαϐὶδ,
2433 1085 2620 1160 φησὶν,
2650 1109 2669 1140 ι
2684 1088 2962 1160 Ἀμπελον
2983 1088 3042 1153 ἐξ
3061 1087 3334 1156 Αἰγύπτου
3367 1088 3599 1158 μετῆρας·
3620 1110 3635 1141 ι

2114 1182 2142 1234 ὁ
2159 1180 2215 1234 δὲ
2245 1179 2501 1244 Ἠσαῖαςο
2537 1199 2556 1232 ι
2606 1179 2898 1250 Ἀμπελὼν
2921 1178 3154 1252 ἐγενήθη
3179 1178 3253 1248 τῷ
3280 1182 3636 1252 ἠγαπημένῳ-ι

2114 1274 2142 1327 ὁ
2170 1273 2228 1327 δὲ
2269 1274 2564 1345 Ἰερεμίαςο
2615 1292 2634 1324 ι
2672 1275 2797 1338 Πῶς
2827 1276 3107 1345 ὲστράφης
3153 1291 3244 1342 μοι
3274 1276 3349 1336 είς
3379 1275 3639 1343 πικρίαν,ή

2113 1367 2359 1438 ἄμπελος
2383 1368 2416 1438 ἡ
2445 1367 2673 1439 ἀληθινή
2688 1368 2731 1399 ’⁷
2754 1386 2767 1433 ;
2792 1387 2811 1420 ι
2847 1367 3125 1436 τροπικῶς
3147 1366 3253 1420 ἀπὸ
3271 1365 3376 1419 τῶν
3401 1367 3642 1437 κλημάτων

2114 1459 2214 1530 τῆς
2272 1458 2518 1528 ἀμπέλου
2572 1459 2816 1513 δείκνυσι
2843 1459 2936 1513 τοῦ
2994 1458 3214 1530 Ἰσραὴλ
3285 1457 3344 1510 τὸ
3394 1457 3637 1528 ἄχρηστον.

2115 1549 2384 1622 Καθάπερ
2417 1550 2546 1621 γὰρ,
2577 1551 2766 1621 φησὶν,
2813 1551 2956 1622 ὑπὲρ
2993 1549 3213 1604 ᾶπαντα
3244 1548 3311 1602 τὰ
3339 1547 3457 1612 ξύλα
3481 1550 3550 1611 είς
3574 1549 3644 1618 ἐρ·

2113 1641 2313 1709 γασίαν
2363 1641 2736 1712 ἀνεπιτήδειον
2789 1641 2890 1713 τῆς
2935 1640 3184 1712 ἀμπέλου
3235 1638 3297 1692 τὸ
3343 1637 3510 1702 ξύλον·
3546 1637 3644 1691 οὗτε

2115 1730 2219 1802 γὰρ
2247 1729 2526 1784 πάσσαλόν
2553 1748 2636 1794 τις
2663 1731 2754 1784 τὸν
2785 1730 3166 1784 εὐτελέστατον
3196 1728 3256 1793 ἐξ
3283 1727 3482 1797 ἐκείνης
3507 1742 3644 1780 κατα-

2115 1821 2379 1875 σκευάσαι
2417 1819 2640 1874 δύναται
2664 1860 2679 1885 ,
2721 1819 2858 1891 ἁλλᾲ
2899 1820 3059 1890 μόνον
3112 1819 3209 1873 τοῦ
3255 1817 3418 1888 πυρὸς
3450 1815 3644 1887 ὑπάρχει

2111 1914 2310 1985 τροφὴ,
2353 1913 2449 1967 καὶ
2486 1915 2518 1984 ή
2562 1913 2685 1966 κατ’
2731 1913 2980 1967 ἐνιαυτὸν
3019 1913 3077 1966 δὲ
3115 1911 3286 1981 αὐτῆς
3317 1908 3553 1980 κάθαρσις
3585 1908 3645 1977 τῷ

2112 2006 2246 2076 πυρὶ
2279 2004 2676 2076 παραδίδοται·
2720 2004 2895 2069 οὕτως
2945 1999 3101 2068 οὗτος
3154 2005 3182 2058 δ
3219 2002 3344 2066 λαὸς
3387 2001 3460 2062 είς
3495 2000 3644 2069 ἕτερον

2110 2097 2263 2151 οὐδὲν
2303 2097 2627 2168 ἐπιτήδειος,
2664 2097 2696 2168 ἦ
2728 2099 2806 2161 είς
2835 2096 3056 2167 ὄλεθρον
3094 2095 3190 2150 καὶ
3229 2092 3500 2163 τιμωρίαν.

2188 2189 2308 2256 Τὴν
2363 2189 2491 2242 κατ’
2545 2189 2828 2243 ἐνιαυτὸν
2883 2187 3076 2256 αὐτῆς
3133 2186 3441 2254 κάθαρσιν,
3493 2183 3642 2255 φησὶν,

2111 2285 2432 2340 ἀναλίσκει
2477 2283 2544 2336 τὸ
2597 2283 2751 2351 πῦρ,
2799 2281 2899 2336 καὶ
2951 2281 3223 2336 ἐκλείπει
3277 2281 3362 2346 είς
3400 2278 3645 2343 τέλος.Εί

2111 2377 2504 2446 ποιηθήσετιιι
2525 2376 2569 2408 ⁸⁸
2593 2379 2676 2442 είς
2702 2375 3033 2445 tim-adlata;
3069 2374 3178 2445 (ε’.)
3214 2371 3362 2427 Οὐδὲ
3389 2371 3470 2426 ἔτι
3496 2369 3646 2424 αὐτοῦ

2111 2471 2286 2535 ὄντος
2314 2467 2658 2536 ὁλοκλήρου
2697 2471 2808 2522 οὐκ
2841 2468 3014 2522 ἔσται
3057 2469 3148 2534 είς
3183 2465 3460 2536 ἐργασίαν
3476 2465 3534 2516 ²⁹.
3575 2459 3644 2528 Μὴ

2111 2561 2197 2614 ὅτι
2220 2559 2330 2614 ἐὰν
2376 2561 2477 2614 καί
2509 2562 2629 2629 πῦρ
2661 2559 2808 2614 αὐτὸ
2858 2559 3152 2628 ἀναλώσῃ
3186 2561 3273 2624 είς
3298 2557 3480 2622 τέλος,
3513 2557 3557 2608 εί
3579 2554 3645 2608 ἔτι

2110 2651 2342 2706 ἕσταιδο
2385 2654 2472 2718 είς
2521 2653 2810 2722 ἐργασίαν
2833 2667 2853 2715 ;
2892 2651 2956 2705 El
3011 2650 3145 2721 γὰρ,
3201 2648 3392 2719 πρὶνῆ
3430 2647 3498 2716 τῷ
3539 2645 3646 2714 πυρὶ

2111 2743 2480 2815 παραδοθῆναι
2504 2787 2518 2809 ,
2567 2745 2648 2807 είς
2695 2742 2954 2813 οὐδεμίαν
2999 2742 3153 2795 ἐστὶν
3193 2740 3478 2812 ἐπιτήδειον
3511 2739 3644 2807 ὲργαο

2111 2840 2254 2904 σίαν,
2297 2839 2460 2910 σχολῇ
2509 2853 2572 2906 γε
2612 2839 2678 2892 ἂν
2717 2837 2987 2908 χρήσιμον
3025 2836 3186 2890 ἔσται
3235 2833 3371 2906 μετὰ
3412 2833 3467 2887 τὸ
3508 2830 3645 2901 πυρὸς

2109 2930 2368 3001 γενέσθαι.
2419 2930 2699 3000 δαπάνην·
2744 2929 2889 2982 οὕτω
2937 2928 3038 2999 τὴν
3080 2926 3394 2998 παραϐολὴν
3429 2921 3645 2996 εἰρηκὼς,

2112 3025 2303 3092 ὲπάγει
2336 3023 2432 3094 τὴν
2463 3024 2486 3075 έ
2494 3042 2524 3094 ρ
2532 3023 2782 3093 μηνείαν.

2183 3113 2258 3178 ς’,
2299 3115 2363 3176 ζ’.
2407 3117 2511 3166 Διὰ
2568 3112 2745 3166 τοῦτο
2797 3109 2965 3175 εἰπέ,
3026 3109 3181 3163 Τάδε
3233 3107 3392 3177 λέγει
3452 3102 3649 3159 Ἀδωνία

2116 3207 2361 3272 Κύριος·
2399 3207 2508 3256 Ὃν
2537 3206 2762 3272 τρόπον
2807 3204 2873 3256 τὸ
2927 3204 3121 3266 ξύλον
3161 3201 3272 3269 τῆς
3317 3200 3564 3269 ἀμπέλου
3595 3196 3649 3249 ἐν

2113 3296 2238 3362 τοῖς
2269 3296 2475 3362 ξύλοις
2500 3296 2606 3350 τοῦ
2651 3293 2903 3364 δρυμοῦ,
2939 3293 2971 3347 δ
3005 3293 3239 3346 δέδωκα
3276 3289 3417 3344 αὐτὸ
3442 3286 3512 3352 τῷ
3535 3285 3648 3353 πυρί

2113 3390 2199 3453 είς
2232 3386 2578 3451 ἀνάλωσιν,
2633 3386 2786 3440 οὕτω
2819 3384 3050 3439 δέδωκα
3091 3383 3236 3450 τοὺς
3273 3379 3650 3441 κατοικοῦντας

2123 3479 2537 3548 Ἰερουσαλήμ.
2583 3478 2695 3533 Kal
2741 3478 2913 3532 δώσω
2959 3477 3026 3531 τὸ
3066 3475 3403 3546 πρὼσωπόν
3423 3490 3531 3542 μου
3576 3471 3650 3522 ἐπ’

2112 3572 2352 3636 αὐτούς.
2393 3572 2564 3624 Τοῦτο
2593 3571 2648 3624 δὲ
2684 3571 2748 3624 ὲκ
2791 3571 3104 3640 μεταφορᾶς
3143 3569 3334 3640 εἴρηκε
3384 3564 3484 3618 τῶν
3532 3561 3650 3632 ὀργί-

2111 3663 2201 3714 λον
2225 3661 2664 3716 ὑποδεικνύντων
2693 3663 2788 3715 καὶ
2818 3661 3079 3732 βλοσυρὸν
3107 3659 3171 3713 τὸ
3201 3659 3498 3730 πρόσωπον.
3526 3677 3543 3705 ι
3577 3652 3649 3704 Ἐκ

2111 3755 2206 3808 τοῦ
2237 3754 2409 3827 πυρὸς
2438 3752 2834 3818 ἐξελεύσονται,
2873 3755 3028 3824 φησὶ,
3054 3753 3150 3806 καὶ
3181 3752 3291 3821 πῦρ
3315 3747 3649 3819 καταφάγεται

2113 3847 2333 3911 αὐτούς.
2385 3867 2403 3900 ι
2455 3846 2894 3915 Ἀπαλλαγέντες
2927 3845 3035 3918 γὰρ
3093 3846 3188 3899 τοῦ
3226 3843 3382 3916 λιμοῦ
3406 3885 3420 3910 ,
3457 3839 3649 3911 παραδο·

2113 3941 2368 4011 θήσονται
2407 3943 2472 4010 τῇ
2501 3942 2682 4010 σφαγῇ
2713 3939 2808 3993 καὶ
2840 3942 2905 4011 τῇ
2931 3937 3305 4010 αἰχμαλωσίᾳ.

2181 4034 2291 4088 Kal
2331 4033 2721 4103 γνώσονται³¹
2758 4033 2848 4084 ὅτι
2884 4031 2999 4101 ἐγὼ
3050 4032 3298 4098 Κύριος,
3330 4029 3398 4082 ἐν
3425 4025 3499 4092 τῷ
3533 4040 3645 4088 arn—

2101 4127 2273 4193 ρίσαι
2296 4125 2340 4156 ³³
2370 4124 2437 4177 τὸ
2472 4126 2802 4191 πρόσωπόν
2833 4140 2952 4194 μου
2993 4122 3088 4177 ἐπ’
3121 4122 3369 4188 αὐτούς.
3417 4119 3524 4190 (η’.)
3564 4114 3650 4169 Kal

2108 4216 2280 4269 δώσω
2304 4215 2420 4283 τὴν
2442 4216 2560 4287 γῆν
2584 4220 2672 4282 είς
2697 4214 3062 4284 ἀφανισμὸν,
3091 4215 3223 4270 ἀνθ’
3243 4208 3332 4268 ὧν
3349 4213 3649 4280 παρέπεσον

2108 4309 2552 4378 παραπτώματι,
2580 4310 2746 4379 λέγει
2783 4308 3035 4363 Ἄδων-αϊ
3071 4310 3309 4376 Κύριος.
3349 4306 3540 4368 Αὐτοὺς
3573 4303 3650 4371 μὲν

2107 4401 2216 4471 γὰρ
2249 4401 2600 4472 αἰχμαλωσίᾳ
2629 4402 2723 4454 καὶ
2755 4402 2938 4472 σφαγῇ
2983 4398 3320 4469 παραδώσω,
3368 4398 3460 4468 τὴν
3495 4397 3546 4449 δὲ
3578 4393 3650 4446 ὑπ’

2108 4492 2284 4545 αὐτῶν
2331 4493 2758 4564 γεωργουμένην
2808 4493 2911 4563 γῆν
2949 4493 3156 4562 ἔρημον
3208 4488 3523 4559 καταστήσω
3566 4485 3650 4538 τῶν

2107 4585 2500 4657 γεωργούντων
2526 4587 2626 4639 οὐκ
2663 4585 2855 4641 ὄντων.
2891 4586 3078 4639 Ταῦτα
3105 4585 3162 4637 δὲ
3196 4585 3490 4646 πείσονται,
3525 4579 3648 4638 δίκας

2108 4671 2184 4730 ὧν
2250 4677 2682 4747 ἐπλημμέλησαν
2740 4677 2998 4740 τίνοντες.
3062 4676 3286 4748 Ἐπειδὴ
3341 4674 3510 4728 τοίνυν
3571 4671 3649 4723 ὃσα

2109 4771 2455 4842 προεγράφη,
2482 4771 2563 4833 είς
2592 4770 2868 4840 ἡμετέραν
2907 4768 3175 4838 ὠφέλειαν
3220 4767 3547 4840 προεγράφη,
3583 4762 3649 4813 ἵνα

2106 4861 2194 4913 διὰ
2223 4863 2320 4932 τῆς
2349 4862 2629 4933 ὑπομονῆς
2651 4862 2746 4915 καὶ
2771 4861 2871 4930 τῆς
2901 4861 3302 4932 παρακλήσεως
3329 4859 3432 4914 τῶν
3455 4852 3648 4928 Γραφῶν

2109 4953 2207 5024 τὴν
2239 4952 2427 5007 ἐλπίδα
2457 4953 2690 5024 ἔχωμεν,
2742 4951 2818 5025 μὴ
2846 4952 3134 5024 γενώμεθα
3161 4953 3318 5020 ξύλα,
3351 4952 3440 5006 καὶ
3467 4949 3648 5021 χόρτος,

484 5072 500 5112 ί
537 5070 683 5128 Psal.
717 5089 902 5143 Lxxu,
941 5078 994 5132 9.
1074 5078 1088 5129 ἱ
1125 5082 1228 5138 lsa.
1263 5100 1314 5148 v,
1348 5085 1399 5138 l.
1478 5083 1503 5122 ¹ί
1527 5085 1728 5143 Jcrem.
1758 5105 1817 5151 ιι,
1846 5091 1935 5144 2i.

2115 5091 2256 5146 .lom.
2291 5091 2464 5157 xv,‘~i.

1711 5206 1942 5262 VARUE
1979 5207 2383 5264 LECTIONES.

496 5309 689 5398 1:1???
714 5309 976 5398 ff‘Pf’l‘;
1014 5311 1179 5398 ζῖεδνι
1224 5316 1545 5398 (Ίιιίάηηθι)
1587 5323 1816 5398 ρειῐιη-εξε,
1845 5329 1936 5396 qui
1976 5336 2062 5385 est
2097 5329 2242 5384 inter
2293 5329 2436 5398 ligna
2493 5329 2676 5384 silvai?
2782 5332 2825 5362 ¹¹
2865 5331 2913 5382 εί
2945 5361 3016 5371 ~—

1386 5391 1429 5461 ’ἦ
1469 5391 1667 5461 πάρεξ.
1714 5391 1875 5453 Heer
1928 5400 2085 5454 Ecce.

423 5377 468 5410 “
509 5379 686 5432 Editio
746 5379 895 5448 prior
920 5377 929 5380 ⁷
958 5381 1084 5437 hab.
1121 5377 1308 5442 αὐτού.

3121 5330 3338 5397 γασίαν.
3373 5327 3487 5380 Des.
3523 5323 3567 5397 in
3597 5321 3646 5374 Β.

2163 5401 2207 5431 ’⁵
2247 5400 2296 5452 ὅ.
2329 5392 2451 5453 Des.
2483 5399 2536 5453 in
2572 5400 2632 5452 Β.
2711 5399 2757 5430 ’⁸
2796 5402 2894 5470 τὴν
2934 5433 2993 5441 -
3028 5392 3329 5470 κάθαρσιν,
3355 5397 3503 5470 Hebr.
3531 5392 3646 5470 quas

425 5450 799 5503 amemuanes
832 5449 971 5540 ms.
1049 5453 1226 5540 ’1qu
1256 5489 1326 5496 _
1354 5449 1722 5540 enixus...
1754 5449 2085 5540 primum;
2145 5449 2712 5540 ρίιιξοξάέίιέίίιέέει.
2791 5449 3668 5540 a'v"a,e."'grnr,isaepe,va.-

426 5534 590 5602 supra
613 5534 782 5602 Ξ,ρειες
828 5520 953 5602 416.

1238 5530 1504 5616 ῨποιηίλιιΒ
1552 5534 1628 5616 μὴ
1667 5537 1934 5616 χρήσιμον
1985 5525 2371 5616 ἔσται’,ἶίιιιιιι
2405 5554 2513 5616 rec.
2548 5539 2676 5616 lcet.

2755 5542 2798 5571 ’τ’
2836 5535 3044 5593 ούδέ-
3074 5542 3170 5593 οὐκ
3215 5539 3364 5592 ἔσται
3405 5535 3478 5598 εἰς
3508 5535 3647 5653 ἔρχα-

2755 5610 2907 5666 ιύδέν.
2986 5611 3031 5642 ³ο
3071 5611 3146 5664 ἔτι
3182 5608 3354 5663 ἔσται.
3387 5608 3425 5659 Β
3448 5620 3562 5668 ποιη
3596 5598 3640 5668 ή-

433 5588 579 5678 ξξσξγχ
612 5588 816 5678 "argi"
852 5590 898 5676 [ἢ
927 5603 1206 5678 Ροιξξιιμιιῐ
1235 5588 1370 5668 post.
1396 5601 1502 5678 illa_
1521 5588 1596 5675 μῑὴ
1616 5588 2706 5678 gramen”?nga';iia".si-;o¥rauim
2734 5588 2954 5666 οῡδέᾁῗ
2986 5611 3031 5642 ³ο
3071 5588 3361 5664 regias;
3387 5608 3425 5659 Β
3448 5588 3562 5673 ποιῇ

429 5673 604 5712 σεται.

714 5661 756 5692 ³⁸
801 5660 967 5730 γνὼσ.
999 5665 1164 5723 Hebr.
1191 5660 1556 5740 cognoscetis.
1585 5660 1596 5675 ’
1634 5675 1676 5706 ³³
1719 5660 1873 5746 στήρ.
1908 5660 2252 5748 ApurlLXX,
2283 5660 2436 5749 gequ.
2473 5660 2559 5749 pé.
