3840 6202
393 340 491 406 931

1391 333 1881 397 THEODORETI
1922 329 2263 392 EPISCOPI
2291 284 2660 390 'CYRENSIS
3543 332 3637 394 932

391 437 597 510 nemini
633 448 957 505 servivimus
979 459 1223 516 unquam
1244 453 1286 500 °.
1331 457 1360 497 ι
1401 443 1552 498 Hanc
1594 442 1969 514 arrogantiam

2078 440 2268 509 ἐσμεν,
2301 439 2397 492 καὶ
2421 439 2601 491 οὐδενὶ
2635 434 3068 508 δεδουλεύκαμεν
3108 435 3348 491 πώποτε.
3382 455 3400 490 ι
3441 437 3637 512 Ταύτην

393 546 589 601 beatus
632 555 850 612 quoque
889 537 1128 594 Joannes
1181 537 1428 608 Baptista
1467 535 1800 606 comprimit,
1851 548 1976 589 cum

394 637 554 693 dicit:
594 653 612 686 ι
664 630 954 687 Genimina
1015 629 1503 700 viperarum,quis
1536 627 1778 682 ostendit
1819 626 1978 681 vobis

401 731 518 783 fore
548 738 602 779 ut
633 723 904 794 effugiatis
929 729 1215 776 venturam
1247 722 1431 775 iram?
1463 720 1650 775 Facile
1692 733 1824 791 ergo
1863 718 1978 772 fru-

398 830 519 874 ctus
547 815 1134 885 dignos-paenitentia
1179 823 1232 868 et
1264 829 1332 869 ne
1379 815 1562 868 velitis
1594 813 1781 868 dicere
1835 810 1976 880 apud

395 925 492 964 vos
515 928 527 962 :
551 907 765 960 Patrem
801 907 1074 959 habemus
1096 907 1467 960 Ahrahamum
1491 924 1506 972 ;
1535 921 1662 960 vere
1684 905 1829 958 enim
1857 903 1979 958 dico

392 1002 548 1056 vobis
603 1017 616 1052 :
663 998 847 1054 Potest
909 999 1054 1053 Deus
1095 1000 1162 1054 de
1212 1000 1490 1068 lapidibus
1537 1000 1658 1054 istis
1708 1000 1980 1054 suscitare

399 1097 538 1150 filios
567 1094 887 1148 Abrahamo
910 1103 957 1146 P.
999 1113 1018 1146 ι
1053 1094 1528 1158 Quemadmodum
1573 1093 1740 1164 igitur
1764 1092 1980 1147 divinus

394 1189 483 1241 hic
524 1188 608 1240 vir
640 1202 758 1251 eos,
797 1187 889 1255 qui
925 1185 1083 1240 ferini
1117 1194 1274 1239 erant
1305 1195 1358 1240 et
1395 1187 1448 1239 in
1503 1186 1853 1260 improbitate
1882 1184 1979 1238 de-

391 1283 617 1352 gebant,
643 1279 926 1334 venenatis
949 1279 1082 1334 feris
1114 1282 1457 1350 comparat-it
1482 1298 1494 1332 :
1529 1281 1603 1333 ita
1633 1281 1736 1334 hoc
1759 1295 1979 1350 quoque

392 1373 516 1429 loco
551 1371 818 1427 Dominus
868 1371 1031 1442 775
1063 1371 1206 1426 Deus
1240 1389 1335 1441 per
1372 1373 1731 1442 prophetam,
1766 1373 1981 1427 Chana-

353 1453 355 1456 l
393 1479 564 1519 nteam
591 1464 839 1533 ipsorum
871 1464 1094 1532 stirpem
1123 1473 1305 1526 vocat,
1334 1473 1545 1532 patrem
1570 1463 1976 1527 Amorrhaznm,

391 1565 447 1610 et
482 1563 712 1609 matrem
750 1553 1077 1618 Chettmam,
1128 1562 1183 1610 et
1258 1556 1524 1609 omnino‘
1569 1555 1976 1624 generationem

392 1646 780 1715 alienigenam.
815 1645 1057 1710 Quorum
1090 1647 1235 1700 enim
1273 1646 1512 1701 annulati
1545 1646 1761 1700 fuerant
1791 1647 1980 1717 impie-

390 1747 598 1800 tatem,
641 1753 831 1792 eorum
885 1739 1084 1792 merito
1121 1739 1505 1808 cognationem
1545 1746 1973 1792 contraxerant:

391 1843 443 1886 et
494 1837 715 1899 propter
771 1844 953 1884 mores
1007 1829 1174 1883 simul
1225 1845 1349 1883 cum
1386 1831 1494 1884 isto
1548 1845 1746 1901 genere
1798 1831 1976 1884 sortiti

391 1928 521 1974 sunt
575 1920 970 1974 hereditatem.
1022 1918 1140 1973 Hoc
1175 1927 1358 1974 autem
1407 1919 1547 1978 satis
1601 1929 1719 1973 erat
1774 1920 1838 1974 ad
1883 1935 1977 1974 eos

391 2012 684 2066 admodum
709 2011 1122 2080 perterrendos,
1145 2027 1253 2065 non
1292 2011 1471 2065 solum
1500 2021 1722 2080 propter
1745 2012 1977 2066 istarum

390 2103 634 2172 gentium
683 2116 810 2170 qua:
858 2109 987 2155 tunc
1032 2102 1294 2170 vigebant
1346 2102 1578 2165 scelera,
1666 2103 1759 2157 sed
1815 2103 1977 2157 etiam

391 2201 615 2261 propter
664 2192 1093 2261 ignobilitatem,
1141 2207 1308 2261 quam
1355 2193 1661 2262 majoribus
1695 2200 1975 2262 acceptam

389 2281 726 2336 referebant.
765 2282 1051 2352 Siquidem
1078 2283 1345 2337 Chanaan
1377 2285 1854 2338 exsecrationibus
1881 2284 1976 2338 ob-

392 2377 591 2428 noxius
625 2374 804 2429 factus
842 2374 965 2437 fuit,
996 2382 1049 2430 et
1081 2377 1151 2429 ab
1173 2390 1275 2429 avo
1303 2375 1525 2429 Noacho
1556 2374 1621 2428 ad
1655 2375 1973 2430 servitutem

391 2473 476 2518 est
510 2467 827 2520 damnatus.
860 2466 942 2519 Ab
975 2467 1099 2532 hoc,
1124 2466 1319 2535 inquit,
1345 2481 1404 2521 es
1430 2465 1724 2531 oriundus,
1751 2476 1804 2520 et
1827 2465 1975 2520 nulla

391 2570 452 2610 es
477 2571 603 2609 cum
639 2557 952 2611 Abrahamo
983 2566 1038 2612 et
1061 2556 1224 2612 Semo
1253 2557 1588 2627 cognatione
1617 2557 1972 2626 eonjunctus.

391 2647 634 2713 Quorum
679 2648 824 2702 enim
877 2647 1138 2716 pietatem
1201 2648 1530 2717 repudiasti,
1587 2663 1775 2703 eorum
1808 2649 1971 2704 etiam

388 2739 773 2810 cognationem
830 2740 1088 2805 amisisti,
1140 2747 1194 2794 et
1255 2739 1344 2793 illa
1400 2741 1688 2795 nobilitate
1743 2756 1974 2810 prorsus

389 2831 659 2899 spoliatus
689 2846 768 2885 es.
807 2829 886 2883 Ita
942 2831 1083 2898 ipsis
1129 2829 1451 2886 Chanaanis
1492 2831 1838 2902 ignobilitate
1881 2831 1975 2885 de-

387 2921 630 2986 territis,
669 2920 951 2990 sigillatim
1000 2928 1056 2975 et
1108 2934 1300 2975 eorum
1336 2922 1548 2977 scelera
1597 2932 1650 2977 et
1683 2921 1971 2992 proprium

385 3020 578 3065 narrat
605 3011 948 3067 beneficium.

2081 532 2182 604 τὴν
2209 532 2526 597 ἀλαζονείαν
2555 535 2650 585 καὶ
2707 534 2751 584 ὁ·
2773 532 3044 603 μακάριος
3097 531 3352 602 Ἰωάννης
3391 533 3420 585 ὁ
3459 533 3638 588 Βαπτι-

2083 625 2217 695 στὴς
2264 624 2543 688 καταλύει,
2602 624 2806 692 λέγων’
2837 642 2854 674 ι
2901 624 3226 694 Γεννήματα
3286 624 3526 694 ἐχιδνῶν,
3566 626 3640 692 τίς

2083 715 2360 780 ὑπέδειξεν
2391 717 2520 786 ὑμῖν
2579 719 2771 786 φυγεῖν
2835 715 2942 770 ἀπὸ
2978 717 3078 787 τῆς
3115 715 3418 787 μελλούσης
3455 718 3638 787 ὀργῆςς

2083 809 2352 878 Ποιήσατε
2384 803 2477 860 οὖν
2511 809 2758 878 καρποὺς
2793 808 2978 874 ἀξίους
3005 809 3104 877 τῆς
3130 806 3438 878 μετανοίας,
3464 810 3548 862 καί
3575 809 3640 882 μὴ

2081 895 2268 964 δόξητε
2288 895 2464 963 λέγειν
2484 897 2541 947 ὲν
2555 897 2767 959 ἑαυτοῖς
2789 913 2801 925 ο
2823 898 3042 969 Πατέρα
3058 897 3256 967 ἔχομεν
3274 896 3362 950 τὸν
3391 899 3638 970 ’Λόραάεν

2083 987 2229 1057 ἀμὴν
2252 987 2295 1017 ³⁸
2322 986 2429 1057 γὰρ
2454 987 2600 1054 λέγω
2631 987 2758 1057 ὑμῖν
2776 1004 2788 1018 ο
2817 987 3048 1041 Δύναται
3070 989 3096 1040 ὁ
3117 987 3251 1049 Θεὸς
3285 987 3349 1038 ἐκ
3371 985 3474 1039 τῶν
3492 987 3636 1040 λίθων

2083 1079 2286 1132 τούτων
2321 1081 2533 1151 ἐγεῖραι
2565 1081 2732 1132 τέκνα
2759 1079 2836 1149 τῷ
2875 1078 3148 1150 Ἀϐραάμ.
3182 1097 3201 1130 ι
3239 1078 3450 1149 Ὠσπερ
3478 1079 3639 1132 τοίνυν

2082 1174 2110 1224 ὁ
2147 1173 2430 1236 θεσπέσιος
2455 1165 2609 1234 οὗτος
2641 1173 2802 1243 ἀνὴρ,
2840 1171 3129 1244 Θηριώδεις
3158 1170 3322 1233 ὄντας
3350 1171 3534 1233 αὐτοὺς
3561 1172 3638 1224 καὶ

2083 1267 2318 1336 πονηρίᾳ
2354 1265 2655 1330 συζῶντας,
2693 1268 2806 1328 τοῖς
2836 1265 3062 1328 ἰοϐὁλοις
3094 1263 3310 1333 Θηρίοις
3345 1262 3637 1330 ἀπείκασεν,

2081 1358 2224 1411 οὕτω
2253 1358 2532 1415 κάνταῦθα
2561 1359 2589 1409 ὁ
2640 1357 2918 1426 Δεσπότης
2949 1356 3081 1420 Θεὸς
3125 1355 3217 1408 διὰ
3253 1352 3348 1408 τοῦ
3389 1356 3638 1426 προφήτου

2082 1448 2396 1502 Χαναναίαν
2458 1448 2639 1501 αὐτῶν
2671 1449 2770 1518 τὴν
2831 1447 2987 1517 ῥίζαν
3038 1445 3220 1509 καλεῖ,
3258 1445 3352 1498 τὸν
3375 1444 3430 1497 δὲ
3453 1446 3640 1515 πατέρα

2095 1541 2442 1614 Ἀμορραῖον,
2478 1541 2573 1593 καὶ
2602 1540 2702 1610 τὴν
2747 1538 2958 1610 μητέρα
3010 1537 3310 1601 Χετταίαν,
3357 1537 3446 1589 καί
3486 1536 3638 1601 ἁπαξ-

2082 1634 2269 1696 απλῶς
2285 1632 2382 1704 τὴν
2407 1633 2621 1701 γένεσιν
2651 1631 2948 1700 ἀλλόφυλον
2967 1648 2980 1662 θ
3016 1624 3092 1684 ὧν
3118 1631 3232 1701 γάρ
3269 1627 3540 1700 ἐζήλωσαν
3557 1629 3638 1699 τὴν

2082 1723 2360 1787 ἀσέϐειαν,
2393 1722 2596 1774 τούτων
2627 1722 2857 1784 εἰκότως
2909 1719 3163 1785 ἐδέξαντο
3193 1721 3294 1790 τὴν
3327 1719 3637 1786 συγγένειαν,

2007 1800 2051 1854 Β
2081 1815 2189 1869 ἀπὸ
2231 1815 2326 1868 τοῦ
2363 1815 2568 1884 τρόπου
2623 1813 2700 1885 τῷ
2745 1813 2893 1881 γένει
2928 1812 3101 1882 τούτῳ
3159 1810 3635 1881 συγκληρωθέντες.

2092 1907 2294 1962 Ἱκανὸν
2317 1908 2372 1959 δὲ
2401 1902 2469 1976 ἦν
2496 1905 2616 1958 λίαν
2669 1906 2869 1968 αὐτοὺς
2925 1905 3144 1976 πλῆξαι,
3182 1904 3244 1957 οὐ
3283 1904 3439 1974 μόνον
3461 1902 3538 1956 διὰ
3558 1905 3638 1972 τὴν

2079 1999 2385 2071 τηνικαῦτα
2430 1997 2777 2071 παρανομίαν
2819 1996 3026 2051 τούτων
3069 1996 3258 2050 αὐτῶν
3314 1994 3422 2049 τῶν
3471 1993 3635 2061 ἐθνῶν,

2079 2093 2214 2147 ἀλλά
2245 2092 2341 2145 καὶ
2371 2091 2460 2146 διὰ
2488 2092 2587 2161 τὴν
2643 2090 2849 2145 ἀνωθεν
2896 2090 3239 2159 δυσγένειαν.
3286 2089 3467 2159 ’Ᾱραῖς
3496 2087 3638 2158 γὰρὸ

2078 2182 2302 2237 Χαναὰν
2332 2182 2637 2253 ὐπεϐλήθη,
2671 2183 2764 2236 καὶ
2788 2182 3039 2236 δουλείαν
3065 2181 3176 2235 ὐπὸ
3200 2179 3294 2235 τοῦ
3328 2179 3636 2252 προπάτορος

2077 2276 2201 2330 Νῶε
2230 2276 2616 2346 κατεδικάσθη.
2647 2275 2873 2340 Τούτου,
2913 2277 3100 2348 φησὶν,
3146 2274 3420 2346 ὑπάρχεις
3463 2273 3636 2340 ἀπόγο-

2077 2385 2188 2433 νος,
2217 2368 2312 2422 καὶ
2335 2367 2590 2438 οὐδεμίαν
2637 2367 2783 2438 ἔχεις
2827 2368 2964 2437 πρὸς
3014 2368 3105 2420 τὸν
3144 2367 3401 2440 Ἀϐραὰμ
3453 2363 3634 2419 καὶτὸν

2079 2459 2199 2529 Σὴμ
2226 2460 2576 2528 συγγένειαν·
2600 2453 2676 2514 ὧν
2700 2460 2809 2532 γὰρ
2829 2458 3075 2530 ἠρνήθης
3099 2458 3205 2528 τὴν
3225 2458 3514 2519 εὐσέϐειαν,
3532 2453 3635 2510 τού-

2076 2567 2185 2602 των
2211 2549 2501 2614 ἀπώλεσας
2551 2552 2646 2605 καὶ
2695 2551 2865 2622 αὐτὴν
2895 2551 2994 2620 τὴν
3054 2549 3403 2617 συγγένειαν,
3439 2545 3633 2614 καὶτῆς

2077 2641 2356 2709 εὐγενείας
2407 2642 2622 2712 ἐκείνης
2653 2641 2930 2706 παντελῶς
2967 2639 3319 2712 ὲγυμνώθης.
3348 2637 3492 2692 Οὕτω
3516 2637 3632 2706 πλή-

2077 2734 2174 2799 ξας
2197 2735 2394 2798 αὐτοὺς
2419 2738 2485 2806 τῇ
2541 2735 2634 2788 τοῦ
2679 2735 2899 2790 Χαναὰν
2957 2734 3279 2804 δυσγενείᾳ,
3327 2730 3462 2785 κατά
3495 2728 3632 2799 μέρος

2075 2827 2172 2880 καί
2204 2829 2302 2898 τὴν
2331 2828 2512 2882 αὐτῶν
2538 2828 2906 2900 παρανομίαν,
2933 2827 3027 2882 καὶ
3060 2826 3155 2880 τ’ἰιν
3183 2825 3389 2880 οἰκείαν
3402 2823 3635 2893 διηγεῖται

2075 2921 2397 2990 εὐεργεσίαν
2433 2920 2500 2974 ⁸⁸.

458 3099 630 3158 Vens.
655 3103 710 3157 4.
738 3103 862 3157 Non
883 3112 960 3158 est
982 3105 1261 3173 praecisus,
1287 3105 1487 3176 inquit,
1510 3105 1796 3161 umbilicus
1827 3117 1969 3162 tuus.

2144 3103 2208 3156 δ’.
2247 3105 2366 3156 Οὐκ
2418 3101 2662 3173 ἐτμήθη,
2723 3101 2912 3173 φησὶν,
2959 3104 2995 3156 ὁ
3057 3102 3338 3171 ὀμφαλός
3367 3102 3410 3135 ⁸ο
3438 3116 3544 3156 σου
3575 3101 3629 3160 δ’.

348 3210 351 3212 ·
391 3191 506 3248 Hoc
534 3202 638 3258 est,
663 3194 843 3248 adhuc
872 3195 1264 3266 Egyptiacum
1303 3197 1495 3254 hauris
1525 3198 1871 3253 alimentum.
1906 3198 1973 3252 Et

2078 3195 2367 3249 Τουτέστιν
2383 3193 2451 3260 ⁸⁸,
2502 3196 2622 3248 Ἔτι
2658 3193 2757 3265 τὴν
2795 3194 3177 3264 Αἰγυπτιακὴν
3228 3193 3407 3258 ἕλκεις
3432 3194 3628 3264 τροφήν.

392 3302 412 3335 ι
449 3285 858 3353 generationem
894 3285 1069 3354 ipsius
1109 3306 1128 3339 ι
1165 3293 1328 3341 vocat
1367 3287 1574 3342 exitum
1619 3304 1686 3344 ex
1716 3288 1970 3360 Aigypto.

385 3373 659 3428 Asserunt
688 3383 872 3430 autem
913 3378 1112 3432 medici
1171 3378 1339 3432 fetum
1373 3379 1426 3433 in
1451 3389 1609 3434 utero
1640 3382 1832 3436 matris
1864 3382 1977 3435 vel-

389 3459 469 3516 uti
530 3465 823 3532 quamdam
895 3467 1136 3522 radicem
1197 3468 1402 3524 habere
1466 3471 1830 3536 umbilicum,
1877 3487 1975 3542 per

383 3570 545 3623 quem
578 3558 734 3610 aiunt
763 3573 888 3612 eum
938 3561 1138 3614 nutriri
1167 3569 1224 3615 et
1264 3562 1474 3632 augeri.
1515 3563 1651 3617 Cum
1684 3563 1850 3635 igitur
1878 3567 1976 3622 ob-

385 3649 644 3704 stetrices
703 3659 915 3717 partem
955 3651 1100 3704 illam
1159 3652 1442 3719 mnbilici,
1501 3670 1625 3724 quae
1672 3657 1973 3725 propendet

385 3741 528 3810 apud
561 3740 828 3795 infantem
851 3781 866 3803 .
906 3742 1150 3797 incidere
1194 3746 1608 3810 consueverint,
1657 3747 1888 3818 figurate
1917 3759 1973 3803 et

384 3844 487 3901 per
515 3832 938 3886 translationem
973 3834 1087 3888 ait:
1130 3853 1147 3885 ι
1201 3835 1507 3892 Umhilicus
1553 3845 1682 3894 tuus
1727 3855 1836 3893 non
1888 3847 1972 3895 est

385 3921 674 3989 praecisus,
719 3939 736 3969 ι
775 3922 880 3976 hoc
925 3929 1030 3987 est,
1077 3923 1239 3979 hodie
1280 3940 1500 3996 quoque
1547 3929 1617 3982 ab
1661 3937 1818 3984 utero
1853 3945 1970 3982 ma-

385 4018 571 4074 terno,
604 4011 654 4065 id
685 4020 795 4074 est,
829 4012 1088 4085 Egypto,
1124 4017 1427 4087 impietatis
1465 4020 1704 4075 attrahis
1739 4021 1970 4075 alimen-

385 4107 525 4156 tum.
565 4121 584 4152 ι
611 4102 674 4155 Ει
704 4119 844 4173 aqua
869 4121 981 4158 non
1007 4122 1068 4160 es
1094 4108 1202 4161 lota
1235 4108 1288 4162 in
1315 4110 1570 4166 salutem.
1601 4132 1619 4165 ι
1655 4113 1818 4183 775
1855 4110 1968 4168 Hoc

383 4192 570 4248 itidem
604 4196 810 4271 dictum
845 4206 927 4251 est
963 4213 1060 4267 per
1101 4199 1516 4256 translationem
1553 4205 1622 4258 ab
1661 4204 1966 4260 infantibus

383 4285 633 4354 petitam,
667 4288 756 4355 qttl
796 4296 920 4356 post
952 4299 1168 4358 partum
1203 4293 1525 4358 abluuntur,
1555 4303 1608 4351 et
1639 4297 1968 4367 abstergun-

383 4383 493 4440 tur,
533 4388 586 4431 et
615 4392 645 4430 a
691 4381 963 4448 sanguine
1001 4396 1064 4437 ex
1109 4389 1265 4438 utero
1303 4394 1594 4442 contracto
1635 4388 1959 4444 liberantur.

2083 3307 2100 3341 ι
2129 3288 2386 3358 Γέννησιν
2419 3287 2477 3340 δὲ
2505 3287 2678 3356 αὐτῆς
2705 3305 2724 3339 ι
2760 3287 2916 3340 καλεῖ
2938 3288 3037 3356 τὴν
3060 3284 3121 3349 ἐξ
3143 3285 3425 3354 Αἰγύπτου
3457 3285 3626 3351 ἔξοδον.

2073 3379 2211 3431 Φασὶ
2241 3378 2297 3430 δὲ
2328 3375 2526 3447 ἰατρῶν
2551 3376 2738 3439 παῖδες
2761 3375 2821 3429 τὸ
2864 3374 3102 3446 ἔμϐρυον
3141 3377 3204 3430 ἐν
3233 3379 3302 3448 τῇ
3347 3378 3518 3446 μήτρᾳ
3539 3367 3630 3425 οἷόν

2075 3487 2195 3524 τινα
2224 3470 2378 3540 ῥίζαν
2401 3468 2544 3539 ἔχειν
2601 3467 2692 3522 τὸν
2741 3467 3008 3536 ὀμφαλὸν,
3061 3468 3155 3522 καὶ
3183 3469 3262 3522 δι’
3303 3469 3503 3522 ἐκείνου
3523 3466 3629 3538 τρέ-

2077 3559 2360 3630 φεσθαίτε
2417 3558 2511 3630 καὶ
2557 3557 2923 3623 αὐξάνεσθαι’
2973 3556 3163 3626 ἐπειδὴ
3211 3557 3389 3610 τοίνυν
3416 3557 3469 3611 αἰ
3497 3558 3630 3622 μαῖαι

2075 3653 2296 3706 κόπτειν
2319 3651 2543 3705 εἰώθασι
2571 3651 2664 3704 τοῦ
2722 3650 2956 3721 βρέφους
2993 3651 3054 3703 τὸ
3088 3651 3406 3721 προκῦπτον
3432 3649 3516 3702 τοῦ
3545 3649 3628 3718 ὀμ·

2075 3742 2266 3812 φαλοῦ,
2289 3741 2565 3814 τροπικῶς
2585 3743 2650 3794 ἐκ
2673 3742 2988 3812 μεταφορᾶς
3035 3758 3235 3810 φησιν’
3269 3760 3287 3792 ι
3337 3741 3392 3794 '0
3413 3738 3627 3810 ὀμφαλός

2076 3852 2169 3888 σου
2198 3835 2260 3888 οὐ
2284 3833 2629 3904 περιετμήθη
2651 3849 2663 3862 ·
2685 3851 2706 3884 ι
2740 3833 2861 3886 ἀντὶ
2882 3832 3000 3897 τοῦ,
3036 3833 3156 3886 Ἔτι
3187 3833 3286 3886 καὶ
3317 3834 3538 3903 σήμερον
3551 3828 3625 3882 ἕλ-

2073 3941 2190 3988 κεις
2215 3925 2325 3978 ἀπὸ
2348 3927 2447 3995 τῆς
2497 3924 2758 3995 μητρῴας
2820 3925 3052 3994 μήτρας,
3082 3924 3331 3978 τουτέστι
3366 3924 3460 3994 τῆς
3484 3919 3624 3989 Αἰγύ-

2072 4033 2228 4082 πτου,
2257 4016 2357 4087 τὴν
2394 4017 2494 4086 τῆς
2528 4015 2781 4080 ἀσεϐείας
2815 4018 3042 4088 τροφήν.
3078 4035 3094 4068 ι
3133 4018 3246 4072 Καὶ
3289 4019 3346 4069 ὲν
3383 4015 3523 4068 ὕδατι
3539 4013 3622 4064 οὐκ

2071 4105 2332 4176 ὲλούσθης
2361 4108 2442 4167 εἰς
2476 4105 2752 4175 σωτηρίαν
2781 4105 2847 4160 ⁸³.
2881 4125 2898 4158 ι
2936 4106 3044 4160 Καὶ
3067 4104 3229 4158 τοῦτο
3261 4105 3389 4168 ἴσως
3418 4103 3478 4164 “,
3501 4103 3539 4133 ⁸⁵
3568 4101 3621 4152 ὲκ

2073 4199 2388 4269 μεταφορᾶς
2416 4197 2526 4250 τῶν
2579 4196 2818 4267 βρεφῶν,
2875 4196 2984 4250 τῶν
3014 4196 3154 4267 μετά
3199 4196 3291 4249 τὸν
3321 4194 3470 4248 τόκον
3494 4193 3620 4244 λουο-

2073 4290 2269 4360 μένων,
2297 4289 2393 4341 καὶ
2447 4288 2977 4360 ἀπορρυπτομένων,
3011 4287 3106 4340 καὶ
3157 4287 3252 4341 τοῦ
3285 4284 3523 4358 μητρῴου
3551 4281 3620 4334 ατ·

2073 4398 2245 4453 ματος
2277 4380 2794 4451 ἀπαλλαττομένων.
2864 4381 2936 4435 Σὺ
2969 4377 3084 4445 οὖν,
3119 4383 3278 4451 φησὶ,
3318 4379 3510 4434 τούτων
3535 4376 3618 4428 οὐκ

383 4465 463 4521 Τιι
497 4469 684 4538 igitur,
711 4471 909 4542 inquit,
944 4473 1012 4527 ab
1039 4473 1124 4528 his
1142 4489 1256 4529 non
1293 4491 1352 4530 es
1378 4476 1627 4542 liberata,
1656 4477 1752 4534 sed
1785 4479 1966 4533 adhuc

2078 4473 2410 4544 ἀπηλλάγης,
2463 4473 2578 4527 ἀλλ’
2619 4473 2701 4525 ἐτι
2755 4474 2847 4526 καί
2903 4475 3145 4546 σήμερον
3198 4475 3383 4545 φέρεις
3414 4472 3505 4540 τῆς
3525 4484 3614 4541 μη·

383 4558 543 4615 hodie
572 4577 792 4631 quoque
837 4565 1070 4618 materni
1112 4569 1253 4621 uteri
1290 4567 1446 4638 signa
1483 4571 1652 4639 geris.
1705 4590 1724 4622 ι
1777 4569 1965 4639 Neque

2078 4566 2250 4637 τρῴας
2277 4565 2470 4634 νηδύος
2530 4566 2600 4620 τὰ
2662 4569 2884 4636 σημεῖα.
2930 4585 2948 4618 ι
2981 4567 3112 4620 Οὐδὲ
3158 4567 3248 4621 ἁλὶ
3281 4563 3512 4636 ήλίσθης,
3539 4559 3616 4612 καί

382 4651 496 4705 sale
531 4654 691 4707 salita
719 4670 801 4720 es,
847 4665 902 4710 et
945 4655 1137 4714 fasciis
1187 4675 1298 4714 non
1347 4676 1408 4715 es
1449 4663 1718 4716 involuta.
1776 4682 1795 4716 ι
1845 4661 1962 4717 Νοη

2078 4657 2406 4729 σπαργάνοις
2443 4657 2490 4688 ⁸⁸
2576 4659 2678 4711 οὐκ
2733 4656 3192 4728 ὲσπαργανώθης.
3228 4676 3248 4710 ι
3283 4657 3397 4711 Οὐκ
3441 4650 3610 4714 ἐδέξω.

385 4745 668 4811 accepisti,
709 4747 911 4815 inquit,
945 4749 1209 4804 doctrinae
1239 4753 1407 4815 sales,
1435 4768 1612 4823 neque
1642 4755 1838 4807 allatas
1865 4753 1963 4807 tibi

2078 4752 2221 4821 φησὶ.
2263 4750 2363 4818 τῆς
2421 4750 2770 4813 διδασκαλίας
2817 4751 2945 4814 τοὺς
3015 4750 3170 4814 ἃλας,
3206 4749 3268 4802 οὐ
3288 4746 3356 4801 τὰ
3388 4755 3614 4814 προσενε-

385 4845 481 4899 per
521 4833 657 4903 legis
697 4837 1045 4908 disciplinam
1080 4841 1301 4909 fascias,
1340 4857 1462 4914 qua:
1510 4845 1841 4900 adhibentur
1873 4845 1956 4898 in-

2078 4843 2260 4913 (Θέντα
2295 4859 2377 4896 σοι
2402 4843 2491 4896 διὰ
2515 4841 2610 4895 τοῦ
2657 4843 2825 4912 νόμου
2867 4841 3178 4912 σπάργανα,
3207 4840 3244 4895 ἃ
3269 4842 3378 4903 τοῖς
3414 4835 3610 4908 βρέφεσι

452 4988 649 5047 ‘Joan.
683 5009 806 5060 vtu,
839 4997 930 5052 55.
1007 5000 1192 5056 PLuc.
1237 5017 1321 5066 tu,
1365 5002 1418 5067 7,
1449 5001 1524 5068 8;
1563 5003 1694 5057 coll.
1726 5000 1921 5055 Matth.
1956 5015 2042 5062 nt,
2073 4999 2190 5054 7-9.

1644 5155 1876 5211 VARle
1917 5153 2322 5210 LECTIONES.

497 5275 543 5307 ³⁸
582 5277 747 5346 ἀμήν.
782 5273 1171 5346 Des._utroque
1209 5273 1330 5346 l_oc0
1371 5273 1466 5346 cit.
1509 5273 1590 5346 _"_
1629 5269 1761 5346 Qure
1799 5271 1858 5346 [ι.
1892 5272 1929 5324 l.
1963 5271 2161 5326 desunt
2185 5309 2200 5333 .
2233 5285 2443 5346 supra,_
2481 5285 2602 5338 pag.
2641 5270 2694 5334 7,
2739 5269 2795 5346 in
2828 5268 3290 5346 Prmf._ad_Cant.
3316 5266 3508 5346 cantio.
3541 5260 3604 5346 ita

384 5346 484 5417 leg.
514 5363 529 5400 :
561 5331 727 5418 Κάἰ’ἡ
753 5344 963 5418 γένεσίς
1010 5331 1101 5418 σού
1127 5346 1182 5397 ὲν
1279 5343 1463 5418 ᾑμέρᾳ
1505 5331 1752 5418 ἐτέχδης.
1799 5340 2076 5418 Postrema
2109 5331 2349 5418 exstant
2375 5331 2702 5418 etiam-tom.
2739 5338 2790 5403 1,
2836 5357 2956 5418 pag.
2997 5340 3152 5395 1093.
3185 5339 3271 5418 __‘°
3310 5331 3603 5418 omnem}

382 5403 518 5485 ὀιῖφ.
566 5433 679 5468 σου.
715 5403 791 5470 ita
837 5403 1047 5482 Compl.
1083 5403 1245 5481 jttxta'
1288 5403 1629 5485 Πρίὶιίεηςοδ
1662 5403 1774 5485 ree.
1827 5411 1988 5466 lertio
2030 5419 2116 5485 est
2149 5411 2250 5464 οὐκ
2295 5411 2490 5485 ἔδησας
2534 5410 2660 5472 τοὺς
2709 5403 2947 5485 potero-5';
2993 5409 3224 5485 “Multi
3266 5403 3596 5485 090,.Su'pra,

385 5476 504 5555 pag.
544 5487 604 5548 7,
637 5487 755 5541 loco
784 5476 1176 5555 cit.,§equi'tur
1216 5485 1309 5555 καὶ
1339 5483 1438 5535 οὐκ
1469 5481 1665 5551 ἔδησαν
1699 5480 2102 5555 τοὺςᾼμασ-ςούς
2130 5476 2403 5555 σουζ-ᾳιιαξ
2439 5479 2555 5534 des.
2603 5476 2740 5555 tum.
2779 5478 3087 5555 l‘|_0co_cit.
3124 5479 3255 5555 [luic
3295 5476 3493 5555 lectioni
3522 5476 3596 5555 in:

385 5549 550 5609 haeret
595 5555 787 5612 Noster
820 5549 1074 5611 in’Pra'f.
1110 5553 1174 5607 ad
1203 5552 1358 5607 Cant.
1391 5549 1588 5606 cantio.
1632 5566 1754 5620 pag.
1798 5549 1875 5606 10'
1900 5561 1954 5605 et
1984 5550 2071 5603 Η.
2147 5550 2194 5581 ⁸⁸
2232 5550 2514 5620 Τουτέστ-ι,
2550 5565 2604 5601 κ.
2647 5565 2698 5601 τ.
2727 5549 3078 5620 ληνΕιιιηόειιι
3131 5549 3592 5620 interpretationem

383 5627 504 5676 vide
539 5643 725 5694 supra,
757 5644 878 5697 pag.
916 5627 973 5680 ll
1017 5636 1069 5680 et
1104 5625 1188 5697 1‘2,
1218 5639 1428 5697 necnon
1461 5631 1591 5697 tom.
1627 5618 1669 5682 l,
1697 5618 1929 5697 loeo_eit.
2005 5620 2052 5651 ⁸³
2075 5621 2155 5681 εἰς
2186 5636 2316 5697 σωτ.
2345 5618 2419 5672 Ita
2450 5618 2660 5697 compl.
2689 5631 2742 5675 et
2771 5619 2961 5686 Grab.,
2986 5620 3080 5676 sed
3119 5620 3173 5675 in
3196 5618 3354 5675 Hebr.
3389 5621 3466 5670 est
3496 5627 3512 5667 :
3543 5619 3590 5658 In

384 5689 781 5760 aspectu'meo'.
829 5689 974 5739 ’ν’-⁵⁸
1016 5697 1087 5749 fa.
1113 5695 1235 5751 Des.
1259 5696 1311 5749 in
1351 5693 1408 5746 Β.
1487 5693 1531 5725 ⁸⁸
1572 5709 1772 5762 σπαργ.
1809 5691 2006 5759 Supra,
2032 5703 2153 5759 pag.
2187 5689 2241 5754 8,
2273 5704 2459 5758 praem.
2495 5693 2573 5742 ἐν.
