3840 6202
317 329 425 394 935

1269 295 1762 388 THEODORETI
1797 328 2137 391 EPISCOPI
2181 325 2541 389 PYRENSIS

3473 319 3580 387 936

397 442 561 498 Vens.
601 442 654 497 8.
686 439 752 494 Et
786 437 1006 492 transiri
1036 454 1197 508 prope
1234 447 1303 504 te,
1351 449 1401 494 et
1434 442 1540 495 ridi
1581 451 1652 507 te,
1699 454 1747 496 et
1789 459 1905 497 ecce

2075 442 2148 513 η’.
2174 442 2282 498 Kal
2301 441 2552 510 διῆλθον
2568 439 2666 494 διὰ
2693 438 2834 504 σοῦ,
2867 439 2964 494 καὶ
2991 432 3157 493 εἶδόν
3193 453 3266 492 σε
3291 455 3307 471 ο
3335 439 3433 494 καί
3455 439 3585 496 ιδοὺ

323 548 525 607 tempus
563 545 710 588 tuum
737 541 870 596 erat,
904 531 1066 601 777
1095 541 1145 585 et
1189 541 1390 601 tempus
1423 532 1816 598 divertentium,
1847 547 1898 590 et

321 629 550 698 (πριιιιόί
597 627 709 680 alas
742 642 880 678 meas
918 640 1075 694 super
1113 634 1182 689 te,
1232 633 1281 678 et
1328 626 1509 692 operui
1556 627 1900 697 ignominiam

325 731 488 782 tuam,
530 727 578 771 et
598 716 778 785 juravi
807 715 923 777 tibi,
955 723 1004 768 et
1030 714 1124 768 inii
1155 715 1329 784 foedus
1363 725 1558 782 tecum,
1589 718 1720 771 dicit
1757 719 1900 772 Ado-

323 812 415 866 ιιαὶ
445 809 716 862 Dominus.
745 805 881 859 Cum
906 804 1051 859 enim
1067 806 1479 874 conspexissem
1514 815 1566 862 te
1589 809 1656 864 de
1689 809 1902 878 reliquo

324 903 593 963 idoneam,
635 913 758 968 quae
806 912 1020 950 mecum
1076 913 1173 966 per
1211 897 1385 968 legem
1436 899 1757 954 societatem
1817 900 1901 954 in-

322 1000 453 1059 ires,
487 991 718 1062 expandi
757 990 914 1061 quasi
946 989 1218 1060 quasdam
1262 991 1382 1046 alas
1409 991 1732 1046 salutarium
1765 1007 1904 1061 prae-

323 1097 608 1160 ceptorum
639 1083 967 1148 doctrinam,
997 1089 1052 1136 et
1094 1086 1356 1152 cooperul
1403 1083 1710 1152 iniquitatis
1743 1083 1905 1136 nudi-

325 1192 510 1238 tatem.
547 1178 614 1232 Et
637 1177 742 1232 hoc
774 1174 1111 1230 connubium
1146 1175 1312 1228 etiam
1343 1174 1545 1228 dotalis
1575 1174 1793 1228 libellus
1822 1181 1906 1229 est

328 1278 345 1298 '
365 1279 610 1330 secutus.
642 1289 660 1321 ι
685 1268 783 1323 lnii
804 1267 970 1331 enim,
994 1265 1194 1337 inquit,
1211 1273 1391 1320 tecum
1413 1264 1613 1322 lmdus.
1644 1284 1662 1316 ›
1687 1264 1752 1318 Et
1777 1267 1908 1336 quia

325 1379 466 1436 opus
497 1372 615 1417 eral.
661 1368 722 1413 ιιι
771 1358 960 1413 libello
995 1357 1354 1412 adhiberetur
1383 1356 1801 1426 jusjurandum,
1839 1372 1908 1412 ne

325 1457 430 1511 hoc
459 1451 676 1524 quidem
706 1449 888 1504 facere
915 1446 1168 1502 recusavi
1197 1466 1210 1500 :
1248 1447 1343 1501 sed
1390 1447 1643 1517 quamvis
1684 1448 1790 1503 lide
1820 1448 1909 1502 di-

325 1563 468 1618 gnus
510 1557 686 1599 essem
720 1540 802 1594 vel
835 1538 1009 1594 verbo
1053 1545 1266 1591 tantum
1318 1538 1668 1606 promittens,
1725 1546 1908 1592 tamen

323 1634 712 1708 jusjurandum
738 1645 957 1701 quoque
993 1630 1159 1683 verbo
1183 1628 1432 1682 adhibui.
1465 1627 1578 1684 Hoc
1610 1639 1790 1684 autem
1825 1629 1911 1682 in-

330 1731 572 1799 telligere
603 1726 763 1780 facile
787 1731 872 1780 est
904 1720 1110 1776 volenti
1150 1721 1286 1789 legis
1325 1720 1644 1791 Scripturas
1674 1737 1910 1792 percur-

2002 540 2036 591 ό
2059 538 2264 605 καιρός
2327 549 2466 600 σου,
2517 532 2616 588 καί
2659 531 2862 600 καιρὸς
2911 530 3339 585 καταλυόντων
3369 530 3448 564 ⁸⁸⁸
3486 532 3587 587 καὶ

2001 627 2325 681 διεπέτασα
2357 625 2463 691 τὰς
2486 622 2782 693 πτέρυγάς
2808 639 2928 691 μου
2961 621 3058 675 ἐπὶ
3099 619 3176 676 σὲ
3213 621 3282 688 ⁸³,
3318 620 3418 674 καί
3458 621 3591 675 ὲκὰρ

2001 721 2176 786 λυψα
2205 717 2320 785 τὴν
2349 715 2796 786 ἀσχημοσύνην
2813 728 2953 778 σου,
2987 713 3086 766 καὶ
3125 712 3334 783 ὤμοσὰ
3355 714 3591 775 σωριιὰ

2002 809 2294 877 εἰσῆλθον
2305 808 2375 861 ἐν
2395 805 2651 878 διαθήκῃ
2672 805 2822 874 μετὰ
2842 804 2981 871 σοῦ,
3009 806 3174 874 λέγει
3209 805 3465 860 ’Δδωναῒ
3481 805 3594 858 Κύ-

1996 919 2148 969 ριος.
2187 899 2534 970 Θεασάμενος
2581 899 2688 970 γάρ
2740 915 2800 951 σε
2844 897 3156 970 ἐπιτηδείαν
3198 896 3386 953 λοιπὸν
3417 899 3500 957 είς
3533 897 3594 950 τὸ

2004 992 2261 1059 δέξασθαι
2287 993 2385 1063 τὴν
2411 991 2496 1044 διὰ
2532 990 2625 1044 τοῦ
2667 991 2834 1061 νόμου
2875 990 3011 1061 πρὸς
3050 989 3149 1060 ἐμὲ
3171 989 3484 1054 κοινωνίαν,
3517 987 3596 1055 ὲξέ

2006 1083 2186 1137 έτεινα
2221 1084 2319 1154 μὲν
2344 1078 2454 1136 οἶόν
2483 1100 2634 1146 τινας
2671 1082 2949 1153 πτέρυγας
2986 1081 3094 1142 ¹τῶν
3125 1080 3412 1150 σωτηρίων
3440 1081 3593 1132 tuto-

2006 1175 2115 1228 λῶν
2139 1175 2238 1245 τὴν
2268 1173 2640 1240 διδασκαλίαν,
2695 1175 2788 1227 καὶ
2836 1172 3189 1242 συνεκάλυψα
3219 1172 3320 1241 τὴν
3343 1170 3448 1240 τῆς
3472 1171 3597 1222 dvo-

2011 1266 2142 1335 μίας
2163 1266 2476 1336 γυμνότητα
2502 1282 2516 1296 ο
2543 1263 2621 1336 τῷ
2677 1265 2733 1318 δὲ
2789 1263 3116 1333 συνοικεσίῳ
3177 1264 3272 1320 καὶ
3317 1262 3598 1332 προικῷον

2010 1355 2878 1428 παρηκολούθησεγραμματεῖον.
2903 1372 2922 1404 ι
2949 1351 3210 1423 Είσῆλθον
3239 1351 3372 1424 γὰρ,
3408 1351 3596 1421 φησὶν,

2011 1451 2067 1502 ὲν
2081 1447 2312 1518 διαθήκῃ
2335 1447 2471 1518 μετὰ
2503 1445 2618 1502 σοῦ.
2636 1466 2654 1497 ι
2675 1445 2896 1516 Ἐπειδὴ
2936 1445 2991 1498 δὲ
3018 1444 3125 1497 ἔδει
3148 1445 3239 1498 καὶ
3261 1445 3430 1514 ὅρκον
3454 1445 3602 1496 ὲντε-

2012 1539 2171 1609 θῆναι
2199 1539 2276 1608 τῷ
2319 1537 2704 1610 γραμματείῳ,
2742 1537 2865 1591 οὐδὲ
2899 1535 3058 1590 τοῦτο
3094 1536 3314 1606 ποιῆσαι
3349 1552 3602 1606 παρῃτη-

2014 1631 2197 1700 σάμην
2215 1647 2230 1660 ·
2266 1628 2380 1682 ἀλλ’
2403 1629 2702 1698 ἀξιόχρεως
2731 1626 2807 1680 ὢν
2829 1626 2924 1679 καὶ
2945 1625 3090 1696 λόγῳ
3115 1625 3275 1695 μόνον
3299 1623 3601 1693 ὑπισχνού-

2017 1737 2198 1792 μενος,
2228 1720 2324 1772 καὶ
2352 1720 2515 1790 ὅρκον
2571 1719 2649 1790 τῷ
2674 1719 2819 1787 λόγῳ
2865 1718 3248 1789 προστέθεικα.
3297 1714 3516 1787 Ῥᾴδιον
3548 1713 3606 1769 δὲ

329 1841 471 1878 rere.
521 1819 769 1876 Inveniet
807 1817 951 1872 enim
987 1816 1040 1868 in
1076 1814 1220 1869 beati
1263 1813 1431 1870 Mosis
1462 1815 1680 1870 cantico
1725 1815 1904 1885 ipsum

2017 1810 2166 1865 τοῦτο
2187 1812 2526 1882 καταμαθεῖν
2540 1809 2617 1881 τῷ
2637 1809 2946 1880 βουλομένῳ
2966 1811 3076 1872 τοῖς
3101 1807 3196 1861 τοῦ
3226 1808 3397 1878 νόμου
3416 1803 3601 1875 γράμο

329 1917 576 1972 omninm
644 1925 826 1966 rerum
879 1917 1161 1962 auctorem
1225 1906 1394 1962 Deum
1454 1907 1528 1960 ita
1582 1907 1907 1962 dicentem:

337 2030 354 2062 ι
401 2006 619 2062 Levabo
645 2017 842 2058 versus
875 2000 1075 2054 caelum
1118 2013 1342 2052 manum
1374 2013 1575 2064 meam,
1620 2005 1675 2053 et
1711 1997 1912 2068 jnrabo

330 2105 553 2160 dextera
587 2114 728 2161 mea,
763 2104 818 2151 et
847 2095 1028 2149 dicam
1071 2111 1084 2146 :
1120 2091 1256 2145 Vivo
1291 2105 1392 2160 ego
1428 2090 1484 2143 in
1513 2090 1776 2144 saeculum
1809 2100 1858 2144 (ι.
1888 2107 1908 2142 ι

329 2226 400 2236 -
433 2213 450 2246 ι
488 2193 552 2246 Ει
581 2192 724 2246 facta
756 2205 816 2244 es
852 2185 1010 2250 mibi,
1048 2205 1066 2238 ι
1103 2184 1303 2254 inquit.
1339 2183 1457 2238 Hoc
1485 2189 1591 2248 est,
1619 2182 1914 2254 conjuncta

331 2302 394 2342 cs
425 2284 581 2348 mibi,
617 2289 672 2338 et
700 2280 907 2350 nuptiae
931 2284 1169 2348 peractae
1197 2282 1348 2331 sunt.
1847 2269 1864 2282 '

407 2464 572 2518 Vens.
631 2460 699 2524 9,
740 2459 825 2513 l0.
886 2455 954 2509 Et
1001 2455 1106 2509 lavi
1141 2461 1188 2508 te
1216 2469 1376 2523 aqua,
1417 2461 1466 2505 et
1515 2451 1661 2506 ablui
1706 2450 1920 2522 sangui-

334 2573 448 2611 nem
475 2565 642 2613 tuum,
668 2559 717 2604 et
743 2549 872 2602 ιιιιαί
907 2558 953 2601 te
981 2546 1110 2600 oleo.
1146 2543 1210 2597 Et
1253 2543 1402 2597 indui
1446 2551 1494 2596 te
1525 2543 1696 2607 varia,
1723 2551 1774 2596 et
1801 2541 1917 2596 cal-

335 2647 476 2702 ceavi
508 2656 554 2697 te
585 2639 890 2713 hyacintho,
933 2647 981 2691 et
1024 2637 1168 2690 cinxi
1209 2647 1256 2689 te
1289 2635 1465 2704 bysso,
1515 2643 1565 2688 et
1601 2632 1920 2687 circumdedi

338 2750 387 2793 te
427 2733 709 2791 subtilibus
759 2745 823 2784 ea:
873 2727 1106 2782 crinibus
1159 2727 1434 2781 contextis.
1479 2724 1770 2794 Sigillatim
1819 2739 1920 2778 sua

336 2819 923 2883 enarravitbcnelicia.
958 2816 1206 2870 Primum
1223 2816 1369 2871 enim
1397 2831 1558 2885 aqua,
1589 2814 1790 2884 inquit,
1823 2813 1923 2868 do-

338 2920 533 2975 ctrina:
561 2916 665 2968 lavi
695 2924 766 2977 te,
785 2921 840 2967 et
868 2911 1251 2970 lustrationes,
1277 2916 1332 2963 et
1346 2907 1642 2978 aspergilla
1671 2906 1919 2969 adhibui.

338 3009 548 3066 Deinde
578 3026 596 3057 ι
637 3005 769 3059 unxi
803 3012 858 3059 te
883 3004 1024 3058 oleo.
1068 3021 1086 3053 ι
1124 3000 1431 3056 Saccrdotii
1465 2999 1671 3055 formas
1700 2999 1790 3054 bic
1833 3013 1923 3054 re-

339 3111 549 3157 censet.
601 3097 930 3154 Sacerdotes
962 3095 1128 3166 778
1161 3093 1306 3148 enim
1337 3093 1460 3147 oleo
1506 3100 1702 3147 sancto
1747 3106 1917 3162 unge-

339 3195 560 3257 bantur,
609 3190 824 3260 ipsique
866 3188 1096 3257 byssina
1145 3184 1546 3248 induebantur,
1600 3192 1654 3240 et
1692 3183 1920 3254 byacin-
1950 3181 1992 3203 “

342 3286 496 3340 tbina
529 3291 700 3338 veste.
751 3280 934 3336 Inuuit
963 3280 1128 3335 etiam
1165 3277 1409 3341 divitias,
1445 3291 1568 3346 qua:
1609 3275 1756 3330 illius
1795 3289 1923 3345 pro-

340 3375 581 3431 videntia
604 3379 962 3428 accesserunt
990 3369 1092 3440 ipsi
1125 3369 1349 3439 populo,
1386 3377 1497 3421 tam
1530 3377 1779 3436 respectu
1811 3365 1924 3435 spi-

343 3468 482 3520 ritus
509 3480 669 3534 quam
699 3461 965 3532 corporis.
1006 3479 1023 3509 ι
1045 3461 1115 3514 Ει
1129 3457 1464 3512 circumdedi
1487 3465 1542 3511 te
1573 3457 1870 3526 tricbapto.
1898 3473 1916 3506 ι

344 3553 460 3608 lloc
498 3564 617 3608 erat
647 3559 761 3606 rete
782 3566 814 3605 e
836 3549 1052 3620 capillis
1082 3547 1423 3610 conlectum,
1453 3546 1600 3616 quod
1627 3546 1922 3600 mulierum

343 3644 619 3714 capitibus
651 3639 1194 3708 circumponebatur.
1240 3636 1344 3691 Per
1369 3636 1785 3690 translationem
1817 3633 1921 3705 igi-

347 3747 454 3800 tur,
496 3736 748 3789 decorem
782 3731 919 3802 ipsis
951 3746 1052 3786 sua
1095 3728 1394 3783 multifaria
1430 3743 1564 3781 cura
1601 3727 1920 3798 impositum

345 3827 668 3882 declaravit.
701 3824 886 3876 lnnuit
920 3831 1126 3884 autem,
1155 3828 1215 3874 ut
1242 3835 1343 3890 ego
1385 3820 1643 3884 arbitror,
1673 3820 1924 3874 taberna-

347 3918 536 3972 culum
575 3932 641 3970 ex
677 3915 916 3986 pellibus
943 3912 1178 3967 cilicinis
1205 3910 1515 3966 conlectum
1542 3921 1562 3948 τ
1590 3929 1604 3980 ;
1647 3911 1700 3965 in
1731 3927 1840 3981 quo
1869 3918 1924 3966 et

349 4004 622 4061 sacrillcia
651 4019 749 4074 pro
781 4010 1006 4071 peccato
1035 4011 1088 4055 et
1115 4015 1214 4070 pro
1248 3999 1585 4070 perfectione
1616 3999 1920 4056 oll‘ereban.

350 4108 462 4162 tur,
489 4106 543 4151 ct
566 4095 931 4150 revelationes
955 4092 1156 4146 divina:
1185 4107 1251 4146 ex
1283 4091 1666 4161 propitiatorio
1696 4091 1920 4161 ﬁebant,

347 4189 460 4246 Deo
495 4203 618 4242 cum
659 4186 906 4252 principe
935 4181 1280 4238 sacerdotum
1313 4180 1684 4250 colloquente.

2014 1919 2180 1974 μασιν
2212 1906 2452 1973 ἐντυχεῖν
2472 1918 2485 1932 ·
2520 1903 2864 1974 εὑρήσειγὰρ
2897 1902 2990 1956 καὶ
3014 1903 3072 1954 ὲν
3104 1903 3168 1972 τῇ
3201 1899 3297 1954 τοῦ
3323 1898 3607 1970 μακαρίου

2013 1996 2256 2058 Μωσέως
2287 1997 2331 2028 ⁸⁸
2359 1995 2469 2066 ᾠδῇ
2519 1995 2682 2047 αὑτὸν
2704 1995 2794 2047 τὸν
2837 1993 2946 2047 τῶν
2985 1993 3122 2046 ὅλων
3147 1991 3279 2046 Θεὸν
3329 1991 3604 2058 λέγονταο

2019 2105 2039 2140 ι
2087 2087 2232 2156 Ἀρῶ
2266 2089 2347 2149 είς
2369 2086 2460 2139 τὸν
2486 2085 2714 2156 οὐρανὸν
2739 2085 2838 2156 τὴν
2861 2084 3019 2157 χεῖρά
3051 2099 3174 2155 μου,
3219 2083 3313 2136 καὶ
3355 2080 3609 2152 ὀμοῦμαι

2013 2183 2080 2252 τῇ
2107 2179 2258 2251 δεξιᾷ
2311 2197 2434 2249 μου,
2470 2181 2565 2233 καὶ
2591 2177 2732 2250 ὲρῶο
2782 2178 2869 2233 Ζῶ
2923 2177 3035 2247 ἐγὼ
3089 2179 3169 2242 είς
3207 2177 3296 2231 τὸν
3335 2176 3541 2229 αἰῶνα.
3583 2194 3601 2227 ι

2022 2288 2043 2324 t
2081 2271 2192 2326 Καὶ
2226 2270 2413 2337 ἐγένου
2463 2289 2574 2341 μοι,
2609 2289 2626 2323 ι
2649 2271 2806 2342 φησί.
2835 2270 3116 2337 Τουτέστι,
3158 2267 3452 2340 Συνήφθης
3489 2285 3606 2338 μοι,

2018 2363 2114 2416 καὶ
2140 2364 2168 2416 ὁ
2195 2363 2369 2433 γάμος
2399 2361 2759 2433 ἀπετελέσθη.

2091 2454 2155 2522 θ’,
2191 2464 2240 2508 ι’.
2271 2456 2382 2509 Kal
2411 2454 2642 2509 ἐλουσά
2661 2472 2734 2509 σε
2756 2455 2824 2510 ἐν
2852 2456 2895 2488 ⁸⁷
2925 2455 3116 2520 ὕδατι,
3151 2455 3246 2508 καί
3292 2453 3546 2508 ἕπλυνα
3566 2451 3610 2484 ⁸⁸

2019 2547 2086 2601 τὸ
2121 2543 2263 2616 αἷμά
2294 2562 2434 2612 σου,
2477 2546 2576 2600 καὶ
2619 2546 2836 2616 ἐχρισὰ
2893 2562 2968 2600 σε
2997 2547 3066 2599 ἐν
3097 2546 3299 2610 ἐλαίῳ.
3352 2544 3472 2598 Kal
3511 2544 3610 2596 ἐν·

2019 2636 2213 2691 ἐδυσὰ
2244 2652 2318 2690 σε
2357 2636 2634 2701 ποικίλα,
2666 2636 2764 2689 καί
2790 2634 3073 2691 ὐπέδυσά
3111 2635 3154 2667 ⁶⁹
3190 2650 3262 2688 σε
3289 2632 3612 2697 ὑάκινθον,

2020 2729 2119 2786 καὶ
2146 2726 2336 2788 ἕζωσά
2393 2743 2468 2781 σε
2508 2727 2753 2792 βύσσῳ,
2799 2729 2898 2780 καὶ
2937 2726 3296 2794 περιέϐαλον
3332 2742 3410 2780 σε
3448 2741 3617 2793 epiz-

2022 2818 2190 2886 ἁπτῳ
2218 2819 2287 2873 "°.
2334 2817 2491 2872 Κατὰ
2541 2819 2706 2888 μέρος
2765 2817 2863 2881 τὰς
2917 2819 3120 2882 οἰκείας
3151 2818 3364 2888 διῆλθεν
3388 2817 3617 2887 εὐεργεο

2025 2909 2176 2973 σίας·
2210 2907 2425 2982 πρῶτον
2481 2907 2579 2978 μὲν
2631 2907 2761 2979 γὰρ,
2797 2907 2952 2976 φησὶ,
2990 2906 3070 2978 τῷ
3113 2908 3212 2978 τῆς
3255 2906 3618 2968 διδασκαλίας

2025 3001 2349 3057 ἀπέπλιννα
2374 2999 2544 3054 ὕδατι
2571 3000 2614 3032 ⁷²
2644 2999 2738 3053 καὶ
2767 3000 3065 3070 ἁγνισμοὺς
3103 2999 3158 3053 δὲ
3187 3001 3282 3054 καὶ
3313 3003 3619 3072 περιρραν-

2024 3094 2191 3165 τήρια
2212 3093 2606 3164 προσενήνοχα.
2637 3092 2867 3144 Ἔπειτα
2899 3110 2917 3142 ι
2945 3092 3138 3164 ἔχρισά
3168 3109 3227 3146 σε
3249 3093 3440 3163 ἐλαίῳ.
3472 3111 3493 3142 ι
3536 3092 3620 3143 T1

2024 3186 2123 3257 τῆς
2148 3185 2443 3257 ἱερωσύνης
2466 3184 2652 3237 λοιπὸν
2673 3183 2909 3238 ἐνταῦθα
2929 3184 3263 3254 διεξέρχεται
3286 3183 3428 3254 εἴδη.
3447 3186 3520 3237 Οἱ
3546 3186 3619 3236 ἱε-

2028 3279 2138 3349 ρεῖς
2157 3277 2265 3347 γὰρ
2284 3277 2360 3347 τῷ
2382 3277 2546 3347 ἐλαίῳ
2567 3275 2645 3347 τῷ
2669 3276 2809 3347 ἁγίῳ
2833 3277 3076 3346 ἐχρίοντο
3094 3293 3108 3308 ·
3145 3277 3301 3330 αὐτοὶ
3311 3276 3367 3330 δὲ
3401 3278 3504 3330 καὶ
3517 3277 3619 3348 τὴν

2025 3368 2285 3439 βυσσίνην
2312 3370 2404 3422 καὶ
2417 3367 2514 3439 τὴν
2539 3368 2853 3438 ὑακινθίνην
2872 3368 3076 3438 ἐσθῆτα
3092 3385 3157 3420 πε
3166 3368 3507 3439 ριεσάλοντο.
3523 3370 3621 3422 Ai—

2026 3461 2261 3515 νίττεται
2275 3461 2330 3514 δὲ
2348 3461 2440 3514 καὶ
2460 3460 2550 3514 τὸν
2565 3461 2712 3532 αὑτῷ
2727 3461 2806 3531 τῷ
2822 3461 3235 3532 λαῷγενόμενον
3248 3460 3506 3525 πλοῦτον,
3527 3463 3621 3516 καὶ
3646 3444 3648 3447 ’

2029 3553 2366 3623 σωματικὸν,
2398 3552 2494 3606 καὶ
2523 3553 2916 3624 πνευματικὸν,
2939 3551 3027 3606 διὰ
3047 3553 3148 3623 τῆς
3176 3553 3342 3606 αὐτοῦ
3374 3552 3617 3624 κηδεμο·

2025 3643 2162 3706 νίας.
2201 3661 2218 3694 ι
2242 3645 2354 3696 Καὶ
2384 3643 2706 3715 περιέϐαλον
2737 3660 2795 3696 σε
2822 3643 3401 3715 τριχάπτῳ.›Πλέγμα
3423 3646 3474 3676 ⁷⁸
3497 3644 3621 3698 ἐστὶ

2023 3734 2180 3788 τοῦτο
2205 3736 2314 3789 ἀπὸ
2343 3736 2546 3806 τριχῶν
2567 3738 3100 3808 κατεσκευασμένον,
3142 3740 3262 3802 ταῖς
3289 3737 3397 3790 τῶν
3421 3755 3619 3805 γυναιο

2025 3827 2139 3880 κῶν
2175 3827 2590 3900 περιτιθέμενον
2642 3830 2927 3900 κεφαλαῖς.
2971 3829 3262 3899 Τροπικῶς
3308 3828 3499 3882 τοίνυν
3518 3829 3620 3900 τὴν

2025 3918 2368 3973 ὲπιτεθεῖσαν
2397 3920 2581 3984 αὐτοῖς
2639 3921 2973 3993 εὐπρέπειαν
3017 3920 3105 3974 διὰ
3131 3921 3229 3990 τῆς
3255 3921 3618 3990 παντοδαπῆς

2027 4009 2409 4080 παρεδήλωσεν
2462 4013 2798 4082 ἐπιμελείας.
2853 4013 3159 4066 Λίνίττεται
3197 4012 3276 4076 δὲ,
3311 4013 3386 4076 ὡς
3430 4008 3614 4082 οἶμαι,

2028 4099 2125 4152 καὶ
2153 4101 2252 4171 τὴν
2277 4101 2481 4174 σκηνὴν
2507 4103 2616 4156 ἀπὸ
2639 4104 2876 4176 δέρῤεων
2892 4104 3142 4176 τριχίνων
3171 4105 3620 4174 κατεσκευασμέ-

2030 4205 2150 4257 νην,
2179 4191 2237 4242 ὲν
2322 4192 2416 4243 καὶ
2441 4192 2497 4243 αἱ
2525 4193 2656 4264 περὶ
2683 4192 2955 4264 ἁμαρτίας
2982 4191 3381 4262 προσεφέροντο
3403 4189 3613 4252 θυσίαι,

343 4279 439 4332 καὶ
472 4277 527 4330 αἱ
559 4275 686 4345 περὶ
737 4270 1090 4348 τελειώσεως,
1123 4269 1495 4340 ἀποκαλύψεις
1544 4287 1604 4324 τε
1631 4269 1776 4325 θεῖαι
1805 4271 2044 4340 ἐγίνοντο
2067 4281 2131 4333 ἐκ
2160 4281 2254 4334 τοῦ
2295 4282 2632 4354 ἱλαστηρίου,
2689 4282 2768 4354 τῷ
2821 4284 3070 4354 ἀρχιερεῖ
3106 4281 3200 4334 τοῦ
3245 4280 3383 4335 Θεοῦ
3440 4296 3615 4351 ’προσ⁴

346 4370 756 4440 διαλεγομένου.

423 4459 586 4514 Veus.
628 4460 731 4522 Η,
798 4457 884 4512 12.
926 4455 992 4512 Et
1026 4456 1208 4510 ornavi
1252 4465 1299 4510 te
1334 4465 1668 4522 ornamento,
1704 4465 1754 4511 et
1802 4454 1912 4509 ded:

2101 4454 2189 4522 ια’,
2237 4457 2322 4528 ιβ’.
2353 4457 2464 4512 Kal
2485 4458 2800 4529 ἐκόσμησά
2831 4475 2907 4512 σε
2928 4459 3153 4528 κόσμῳ,
3168 4456 3264 4511 καί
3289 4457 3616 4526 περιέθηκα

348 4551 593 4604 armillas
639 4549 781 4602 circa
812 4564 998 4602 manus
1059 4557 1200 4610 tuas,
1237 4555 1288 4600 et
1330 4546 1521 4600 monile
1551 4547 1692 4600 circa
1723 4546 1912 4600 collum

2027 4550 2252 4617 ψέλλια
2274 4548 2404 4617 περὶ
2423 4549 2528 4616 τὰς
2555 4549 2759 4618 χεῖράς
2775 4567 2914 4612 σου.
2935 4551 3034 4606 καί
3051 4550 3277 4618 κάθεμα
3298 4551 3399 4602 ἐπὶ
3413 4550 3613 4618 τ’τρά-

349 4653 516 4695 tuum.
551 4640 617 4694 Et
641 4641 760 4694 dedi
786 4641 1025 4692 inaurem
1047 4641 1188 4692 circa
1215 4654 1407 4693 nasum
1437 4647 1608 4703 tuum,
1632 4649 1680 4692 et
1716 4637 1912 4692 rotula:

2026 4643 2223 4710 χηλόν
2251 4657 2388 4698 σου.
2412 4641 2520 4696 Kal
2545 4641 2738 4696 ἔδωκα
2772 4640 3018 4694 ἐνώτιον
3053 4640 3151 4694 ἐπὶ
3184 4641 3290 4694 τὸν
3331 4642 3614 4711 μυκτῆρα

347 4735 492 4788 circa
526 4749 678 4786 aures
711 4744 851 4797 tuas,
882 4739 932 4784 et
973 4747 1222 4784 coronam
1250 4731 1588 4799 gloriationis
1628 4745 1785 4799 super
1823 4746 1912 4783 ca-

2027 4749 2164 4799 σου,
2194 4733 2292 4786 καί
2316 4735 2675 4803 τροχίσκους
2695 4733 2793 4786 ἐπὶ
2814 4733 2886 4787 τὰ
2915 4733 3057 4786 ὠτία
3090 4733 3138 4764 ⁷⁸
3165 4746 3304 4797 σου,
3341 4735 3444 4788 καὶ
3480 4733 3614 4788 στέ-

350 4833 444 4892 put
491 4834 655 4877 tuum.
695 4823 759 4876 Et
797 4823 1225 4894 unumquodque
1265 4823 1460 4878 borum
1504 4823 1718 4893 tropice
1764 4821 1912 4876 decet

2029 4842 2226 4894 φανον
2250 4825 2604 4894 καυχήσεως
2630 4825 2724 4878 ἐπὶ
2764 4824 2875 4894 τῆς
2900 4824 3171 4895 κεφαλῆς
3191 4826 3238 4857 τ’
3263 4841 3404 4879 σου.
3444 4825 3613 4878 Ἐκα-

353 4913 676 4980 intelligere.
724 4930 742 4964 ι
773 4913 1032 4968 Armillas
1088 4913 1346 4967 manibus
1395 4913 1706 4982 impositas,
1741 4932 1760 4964 ι
1799 4926 1912 4966 eam

2032 4917 2218 4970 στον⁷⁶
2243 4917 2298 4968 δὲ
2332 4916 2536 4969 τούτων
2560 4916 2844 4986 τροπικῶς
2872 4919 3143 4989 προσήκει
3168 4919 3334 4972 νοεῖν.
3363 4936 3383 4968 ι
3404 4915 3611 4970 Ψέλλια

357 5019 379 5055 ι
392 5002 630 5066 irtutem,
649 5018 770 5072 qua:
787 5002 852 5056 ad
868 5004 1140 5074 agendum
1157 5019 1257 5058 nos
1279 5004 1506 5070 excitat;
1533 5023 1550 5055 ι
1565 5004 1766 5060 monile
1783 5004 1912 5058 collc

2035 5002 2134 5075 μὲν
2154 5007 2273 5068 ταῖς
2295 5005 2449 5074 χερσὶ
2467 5022 2531 5058 πε
2540 5005 2880 5077 ριτιθέμενα,
2894 5026 2912 5058 ι
2929 5004 3026 5078 τὴν
3053 5007 3365 5078 πρακτικὴν
3382 5006 3606 5080 ἀρετήν·

424 5189 454 5230 ς
488 5175 644 5232 Deut.
680 5191 850 5243 xxxii,
883 5176 972 5232 40.
1050 5188 1073 5216 τ
1109 5178 1282 5234 Exod.
1317 5194 1465 5247 mn,
1497 5179 1550 5245 7,
1603 5182 1690 5236 l7.

1635 5329 1862 5388 VARUE
1898 5331 2300 5391 LECTIONES.

425 5447 685 5526 Quam-1.
710 5447 886 5526 __ll_ebr.
923 5462 1190 5526 amorum.
1269 5451 1312 5483 “
1341 5450 1422 5526 σέ.
1454 5450 1650 5526 Supra,
1687 5467 1740 5522 p.
1781 5451 1841 5526 _8_.
1867 5451 1994 5526 “sol.
2059 5453 2118 5526 f‘
2159 5451 2220 5507 Β.
2262 5453 2563 5526 Μωῦσὲῳς.
2631 5452 2956 5526 _“'é_v._Des.
2983 5469 3168 5524 supra,
3193 5455 3324 5526 p.8.
3405 5455 3453 5488 ⁸⁸
3475 5454 3605 5508 Rec.

356 5518 480 5599 lect:
514 5526 599 5572 est
628 5518 948 5599 ané_1:).uva_._
1008 5518 1277 5599 f’_Supra,
1303 5538 1354 5592 p.
1378 5522 1432 5586 8,
1453 5518 1736 5599 ενέδησαῖη
1780 5523 1825 5553 "°
1865 5520 1996 5599 Hec.
2030 5522 2184 5599 _lect.
2220 5522 2538 5599 cptxgnriit.
2631 5523 2673 5556 τί
2711 5523 2751 5599 _B
2799 5518 3098 5599 επέπλυνᾶ,
3144 5518 3381 5599 ascripta
3423 5534 3603 5578 tamen

357 5588 828 5671 lectione_nostra.
904 5590 948 5620 ⁷¹
979 5588 1196 5671 πλέγμα
1211 5588 1607 5671 -τκεεραλαῃῖςξ
1655 5592 1830 5644 Aliter
1858 5593 1924 5644 ab
1950 5589 2102 5671 _Orig_.
2137 5600 2192 5645 et
2225 5588 2574 5671 in"_Scl.io'liis
2612 5594 2856 5671 antiquis
2889 5595 2957 5650 ad
2995 5596 3049 5671 li.
3086 5596 3121 5649 Ι.
3161 5588 3602 5671 explicaturvox

359 5657 482 5738 ista:
558 5657 739 5738 ⁷³ὲπί.
779 5658 975 5738 Supra.
1022 5657 1144 5738 I.
1179 5657 1442 5738 περιτόν.
1512 5662 1606 5716 Sic
1673 5676 1892 5738 quoque
1927 5657 2129 5738 deinde
2184 5670 2309 5729 post
2341 5661 2584 5738 ἐνῶτιον.
2666 5662 2712 5696 ⁷⁸
2735 5657 2936 5735 Supra,
2995 5665 3032 5718 l.
3089 5680 3140 5720 c.
3187 5657 3286 5738 τῆν
3332 5664 3598 5734 κεφαλήν.

367 5726 412 5756 ⁷⁸
437 5724 634 5794 Supra,
670 5729 705 5782 l.
739 5743 788 5781 c.
812 5724 908 5799 τῆν
941 5729 1200 5800 κεφαλήν.
1253 5724 1322 5766 ’⁷⁸
1349 5733 1580 5787 ἕκαστον
1605 5724 1862 5783 -ἧιοείν.
1927 5727 2053 5784 Vid.
2092 5724 2284 5800 supra,
2316 5746 2374 5800 p.
2423 5731 2512 5788 14.
