3840 6202
419 271 527 336 955

1405 265 1896 329 THEODORETI
1928 264 2269 326 EPISCOPI
2295 261 2665 329 CYRENSIS

3531 278 3623 342 956

415 389 512 439 sed
550 397 645 452 per
674 381 952 451 apostolos
993 399 1007 435 :
1037 379 1172 436 illud
1199 378 1344 436 enim
1377 379 1444 433 ad
1474 388 1692 449 tempus
1723 378 1979 441 durabat,

2103 377 2178 432 τοῦ
2203 379 2249 411 ⁵⁵
2279 380 2546 445 Μωσέως,
2603 379 2742 435 ἀλλὰ
2798 382 2900 453 τήν
2947 381 3038 436 διὰ
3098 382 3204 437 τῶν
3240 382 3528 442 ἀποστόλων
3549 393 3620 463 σή

415 473 520 527 iioc
560 481 644 528 est
674 469 1098 532 aeternumJioc
1135 470 1262 524 item
1296 486 1393 540 per
1424 469 1717 524 Jeremiam
1752 471 1988 540 praphe-

413 575 524 618 tam
577 578 638 618 se
681 562 950 616 facturum
986 561 1264 632 pollicitus
1291 569 1398 616 est.
1449 578 1468 612 ι
1511 560 1805 629 Disponam
1839 563 1986 616 enim

413 657 601 712 domui
635 656 870 717 lsraelis,
897 655 1097 723 inquit,
1127 664 1182 708 et
1203 653 1392 709 domui
1415 653 1571 710 Judae
1601 661 1985 708 testamentum

413 759 644 803 novum.
683 759 790 798 non
829 745 1136 798 secundum
1173 752 1587 807 testamentum,
1619 745 1766 813 quod
1799 744 1987 812 dispo-

411 840 495 892 sui
520 835 767 906 patribus
791 837 1110 903 eorum,die
1134 853 1244 906 quo
1269 836 1605 906 apprehendi
1636 852 1737 907 ego
1761 851 1984 890 manum

410 941 598 981 eorum
620 963 637 990 ,
667 934 727 980 ut
744 927 1037 982 educerem
1059 943 1156 984 eos
1179 928 1247 982 de
1269 936 1414 982 terra
1431 927 1654 1000 ΕΒΗ)ιί
1679 945 1695 996 ;
1729 928 1858 997 quia
1886 927 1986 997 ipsi

409 1031 518 1071 non
552 1027 876 1071 manserunt
907 1017 960 1070 in
996 1026 1327 1073 testamento
1367 1034 1487 1074 meo
1513 1058 1529 1082 ,
1571 1027 1620 1074 et
1666 1034 1769 1091 ego
1813 1019 1988 1090 repuli

409 1121 557 1163 eos:
613 1107 710 1164 sed
765 1106 1053 1177 disponam
1115 1110 1252 1179 ipsis
1299 1118 1695 1170 testamentum
1747 1127 1985 1177 novum,

409 1196 549 1252 dans
589 1197 736 1268 leges
770 1213 920 1252 meas
973 1199 1028 1252 in
1069 1206 1306 1254 mentem
1352 1215 1543 1256 eorum
1568 1242 1583 1268 ,
1625 1210 1680 1256 et
1723 1202 1778 1257 in
1821 1204 1990 1260 corde

409 1303 600 1342 eorum
649 1291 888 1344 scribam
943 1306 1038 1346 eas

410 1394 632 1449 quoque
661 1381 977 1451 pollicetur.

1077 1303 1124 1346 ιι.
1167 1312 1185 1344 ι
1248 1293 1396 1348 Idem
1451 1303 1846 1354 testamentum
1902 1299 1992 1355 hic

481 1563 648 1622 Vsus.
698 1566 787 1621 6|.
841 1566 910 1623 Et
955 1569 1348 1634 recordaberis,
1383 1571 1597 1642 inquit,
1640 1575 1843 1628 viarum
1875 1584 1994 1629 tua-

409 1675 551 1723 rum,
583 1668 632 1711 et
662 1658 951 1728 ignominia
975 1663 1239 1731 a/ﬁcieris,
1267 1681 1384 1716 cum
1417 1667 1670 1734 receperis
1698 1676 1756 1719 tu
1778 1683 1987 1722 sorores

2094 469 2192 538 μὲν
2255 469 2363 540 γὰρ
2411 470 2524 540 ἔχει
2591 469 2656 524 τὸ
2716 471 3075 544 πρόσκαιρον,
3120 474 3155 546 ή
3189 473 3246 528 δέ
3293 475 3351 528 τὸ
3411 481 3622 539 αἰώνιον.

2090 557 2260 611 Τοῦτο
2292 558 2347 611 δὲ
2381 560 2474 612 καὶ
2507 559 2596 614 διὰ
2654 561 2918 632 Ἱερεμίου
2971 562 3068 617 τοῦ
3109 565 3380 637 προφήτου
3411 572 3622 641 ποιήσειν

2091 649 2384 720 ὑπέσχετο.
2415 651 2756 725 Διαθήσομαι
2774 655 2823 686 ⁵⁸
2850 654 2982 726 γὰρ,
3014 655 3168 726 φησί,
3193 655 3271 726 τῷ
3291 658 3418 728 οἴκῳ
3433 658 3623 732 Ἰσραήλ

2088 741 2183 794 καὶ
2222 741 2392 795 Ἰούδα
2429 742 2694 814 διαθήκην
2718 745 2932 818 καινὴν,
2977 746 3039 800 οὐ
3070 747 3211 802 κατὰ
3234 747 3330 819 τὴν
3357 749 3617 823 διαθήκην,

2089 833 2156 903 ἣν
2181 833 2436 906 διεθέμην
2483 838 2596 898 τοῖς
2622 836 2896 907 πατράσιν
2924 837 3129 909 αὐτῶν,
3161 840 3216 891 ἐν
3261 838 3435 911 ήμέρᾳ
3459 841 3624 897 ἐπιλαθ-

2091 925 2321 995 ϐομένου
2360 943 2464 996 μου
2507 928 2608 998 τῆς
2653 926 2837 999 χειρὸς
2895 928 3077 982 αὐτῶν
3127 926 3408 996 ἐξαγαγεῖν
3455 933 3625 999 αὐτοὺς

2089 1016 2153 1068 ἐκ
2183 1015 2286 1084 γῆς
2312 1015 2613 1084 Αἰγύπτου,
2641 1016 2722 1069 ὅτι
2751 1016 2906 1069 αὐτοὶ
2934 1017 3034 1070 οὐκ
3060 1016 3342 1088 ἐνέμειναν
3366 1020 3420 1072 ἐν
3441 1023 3500 1090 τῇ
3527 1020 3624 1075 διαι

2091 1105 2232 1178 θήκῃ
2259 1123 2381 1178 μου,
2419 1108 2513 1160 καὶ
2563 1105 2676 1176 ἐγὼ
2719 1108 3037 1180 ἀπωσάμην
3074 1109 3271 1172 αὐτούς
3297 1127 3310 1140 ·
3361 1110 3487 1164 ἀλλὰ
3527 1113 3622 1168 δια-

2091 1198 2325 1270 θήσομαι
2362 1201 2546 1264 αύτοῖς
2577 1199 2846 1273 διαθήκην
2873 1199 3089 1274 καινήν,
3121 1202 3297 1265 διδοὺς
3326 1203 3510 1274 νόμους
3539 1223 3623 1276 μου

2091 1290 2169 1351 εἰς
2214 1290 2453 1345 διάνοιαν
2503 1292 2702 1358 αὐτῶν,
2758 1292 2854 1346 καὶ
2910 1291 3003 1345 ἐπὶ
3052 1291 3152 1355 τὰς
3207 1293 3426 1364 καρδίας
3478 1295 3626 1348 αὐτῶν

2090 1381 2287 1451 γράψω
2309 1381 2528 1446 αὐτούς.
2558 1402 2576 1434 ι
2614 1381 2834 1452 Ταύτην
2865 1382 3152 1438 κάνταῦθα
3180 1384 3510 1454 ὑπισχνεῖται
3548 1386 3630 1457 τήν

2087 1473 2370 1544 διαθήκην.

2166 1565 2249 1629 ea.
2285 1565 2392 1620 Καὶ
2433 1565 2804 1636 μνησθήσῃ,
2853 1567 3026 1639 φησὶ,
3070 1563 3192 1620 τῶν
3251 1563 3403 1619 ὁδῶν
3419 1565 3459 1595 ⁸⁷
3499 1581 3629 1631 σου,

2095 1658 2194 1711 καὶ
2241 1658 2658 1728 ἐξατιμωθήσῃ
2707 1659 2776 1712 ἐν
2827 1657 2908 1724 τῷ
2951 1656 3396 1726 ἀναλαμϐάνειν
3432 1672 3498 1710 σε
3545 1657 3630 1723 τὰς

412 1761 532 1804 tuas
560 1751 788 1805 seniores
814 1759 861 1805 te
889 1768 1006 1806 cum
1035 1754 1340 1820 junioribus
1370 1765 1435 1810 te.
1469 1757 1508 1809 E
1535 1759 1812 1827 supplicio
1843 1759 1988 1812 enim

2103 1748 2362 1817 ἀδελφάς
2393 1765 2510 1804 σου
2541 1791 2556 1817 ,
2589 1752 2698 1816 τὰς
2733 1749 3150 1819 πρεσϐυτέρας
3181 1764 3299 1802 σου
3329 1788 3344 1813 ,
3397 1747 3506 1800 σὺν
3527 1748 3630 1814 ταῖς

405 1854 636 1896 sensum
665 1842 877 1895 viarum
910 1851 1132 1897 tuarum
1150 1847 1488 1916 percipiens,
1523 1848 1999 1919 ignominiamque

409 1930 510 1985 tibi
543 1932 958 2002 circumjectam
997 1939 1318 2006 conspicata
1345 1978 1359 2002 ,
1411 1942 1696 2010 proprium
1725 1958 1996 2012 agnosces

411 2019 704 2076 Dominum
750 2041 762 2076 :
810 2024 1138 2096 videbisque
1178 2029 1340 2100 795
1380 2031 1548 2085 etiam
1597 2032 1734 2087 istas
1771 2049 1996 2088 sorores

415 2125 541 2170 tuas
586 2115 782 2170 eodem
816 2124 1001 2171 tecum
1033 2119 1242 2176 foedere
1289 2122 1572 2191 fruentes,
1615 2125 1726 2179 imo
1759 2126 1993 2197 teipsam

412 2221 523 2260 una
557 2223 682 2268 cum
734 2210 844 2273 illis
895 2213 1038 2268 idem
1089 2215 1363 2286 adeptam.
1425 2236 1444 2269 ι
1490 2218 1641 2273 Dabo
1692 2221 1839 2274 enim
1893 2222 1995 2276 tibi

413 2298 598 2368 ipsas,
637 2299 848 2368 inquit,
898 2303 952 2356 in
996 2304 1443 2374 aedificationem,
1487 2319 1542 2364 et
1569 2325 1680 2367 non
1713 2328 1781 2368 ex
1820 2321 1994 2369 testa-

413 2399 600 2446 mento
636 2400 751 2448 tuo.
794 2415 812 2447 ι
847 2394 966 2452 Non
999 2398 1146 2453 enim
1180 2400 1284 2456 illze
1324 2417 1420 2472 per
1453 2413 1533 2469 te,
1563 2403 1658 2459 sed
1691 2412 1750 2458 tu
1783 2421 1849 2460 ex
1881 2407 1992 2462 illis

412 2481 685 2551 percipies
721 2485 1013 2542 utilitatem
1037 2527 1052 2551 ,
1087 2504 1196 2544 non
1223 2490 1330 2546 isto
1357 2493 1375 2511 '
1408 2500 1764 2562 testamento,
1797 2509 1992 2550 secun-

413 2573 544 2627 dum
595 2577 740 2644 quod
789 2593 938 2632 nunc
994 2581 1118 2635 vita:
1170 2582 1442 2636 rationem
1505 2585 1795 2650 instituis,
1850 2585 1994 2641 hanc

414 2667 737 2722 societatem
769 2672 1101 2728 conciliante
1128 2710 1142 2736 ,
1180 2673 1276 2728 sed
1314 2675 1654 2744 sempiterno
1682 2676 1775 2730 illo
1797 2716 1810 2739 ,
1845 2677 1992 2746 quod

414 2759 514 2812 tibi
543 2769 732 2828 postea
767 2762 1036 2818 tradetur.
1080 2763 1264 2820 lnnuit
1304 2781 1398 2835 per
1431 2765 1671 2822 Sodoma
1711 2776 1766 2822 et
1799 2767 1994 2822 Sama-

415 2847 577 2913 riam,
596 2851 843 2904 omnium
858 2853 1103 2922 gentium
1121 2864 1175 2911 et
1189 2855 1503 2911 Judaeorum
1525 2859 1733 2928 pariter
1748 2856 1991 2912 futuram

418 2937 675 3008 pietatem
699 2982 714 3007 ,
757 2953 814 2996 et
847 2943 904 2996 in
952 2942 1120 2998 Deum
1161 2961 1332 3000 unum
1362 2947 1526 3003 fidem
1548 2989 1562 3016 ,
1591 2964 1715 3020 quae
1745 2965 1812 3004 ex
1839 2948 1994 3005 Novo

415 3023 768 3086 Testamento
795 3032 1254 3104 suppeditabitur.

487 3295 655 3356 Vsus.
691 3300 782 3360 63.
825 3301 894 3358 Et
926 3305 1227 3372 suscitabo,
1262 3305 1462 3378 inquit,
1481 3325 1574 3377 ego
1621 3320 1996 3369 testamentum

419 3404 592 3444 meum
615 3401 784 3450 tecum
811 3435 827 3459 ,
855 3405 904 3450 et
933 3412 1210 3467 cognosces
1256 3414 1337 3452 me
1385 3416 1498 3455 esse
1535 3400 1838 3458 Dominum.
1873 3403 1995 3460 Pri-

418 3494 573 3534 mum
623 3486 768 3538 enim
813 3484 1021 3544 Judaiis
1067 3491 1426 3558 praedicatum
1471 3501 1558 3548 est
1582 3493 1996 3566 ,Erangelium,

418 3570 618 3628 deinde
645 3576 906 3633 omnibus
930 3579 1191 3647 gentibus
1221 3599 1236 3637 :
1277 3581 1373 3636 sed
1404 3583 1568 3636 etiam
1607 3599 1706 3653 per
1733 3600 1995 3656 magnum

419 3663 596 3718 Eliam
621 3680 818 3721 rursus
847 3670 1242 3738 praedicabitur
1266 3681 1394 3728 ante
1424 3675 1615 3730 mundi
1642 3691 1991 3735 consumma-

421 3755 652 3811 tionem.
706 3759 825 3830 Ego
860 3760 1057 3830 igitur,
1089 3764 1310 3834 inquit,
1348 3767 1537 3821 omnia
1574 3767 1773 3822 faciam
1797 3807 1814 3833 ,
1845 3777 1996 3825 tuam

422 3847 718 3904 utilitatem
744 3866 1072 3922 procurans.
1101 3856 1182 3910 Ex
1215 3857 1301 3912 his
1329 3858 1478 3913 enim
1509 3874 1834 3930 cognosces,
1861 3879 1998 3932 qua-

423 3937 497 3992 lia
525 3938 728 3995 fuerint
755 3957 858 4006 ea,
901 3958 1025 4014 qua:
1053 3962 1084 4000 a
1123 3955 1180 4002 te
1212 3948 1268 4002 in
1311 3963 1398 4004 me
1450 3949 1695 4019 profecta
1736 3961 1902 4020 sunt,
1945 3963 2000 4012 et

423 4028 611 4102 qualia
639 4031 751 4092 sint
781 4047 846 4092 ea
891 4034 1034 4092 bona
1062 4075 1078 4101 ,
1105 4051 1228 4106 quae
1267 4052 1332 4092 ex
1381 4053 1470 4094 me
1515 4039 1617 4096 tibi
1650 4041 1996 4103 acciderunt.

423 4119 636 4183 Idcirco
665 4123 901 4193 subjecit
926 4144 940 4181 :
1457 4121 1460 4124 ⁴

497 4209 663 4268 Vnus.
687 4214 776 4269 63.
811 4213 880 4269 Ut
911 4217 1226 4284 recorderis,
1248 4229 1296 4274 et
1318 4220 1517 4289 pudore
1539 4224 1880 4292 perfundaris
1903 4267 1917 4292 ,
1949 4235 2000 4281 et

423 4320 528 4364 non
557 4305 628 4358 sit
658 4304 754 4359 tibi
777 4309 1008 4376 amplius
1039 4314 1244 4379 aperire
1279 4329 1338 4366 os
1371 4323 1522 4367 tuum
1549 4333 1580 4368 α
1609 4315 1746 4384 facie
1773 4318 2001 4386 ignomio

2097 1840 2411 1911 νεωτέραις
2449 1857 2588 1896 σου.
2625 1842 2724 1894 Διὰ
2752 1841 2863 1912 γὰρ
2904 1841 3006 1912 τῆς
3045 1840 3321 1912 τιμωρίας
3363 1840 3436 1902 εἰς
3471 1838 3630 1908 αἰσθη-

2100 1951 2184 1986 σιν
2223 1933 2490 2004 ἐρχομένη
2521 1933 2629 1988 τῶν
2657 1933 2874 1986 οἰκείων
2911 1932 3066 1997 ὁδῶν,
3095 1932 3195 1985 καὶ
3225 1930 3324 2001 τὴν
3353 1929 3631 2000 περικειμέ-

2097 2041 2194 2093 νην
2226 2041 2307 2076 σοι
2347 2024 2573 2094 ἀτιμίαν
2615 2023 2832 2094 ὁρῶσα,
2867 2022 2960 2076 τὸν
3009 2023 3214 2074 οἰκεῖον
3264 2018 3525 2090 ἐπιγνώσῃ
3557 2021 3628 2069 Δια

2099 2115 2305 2184 σπότην
2329 2129 2343 2145 ⁸
2378 2113 2484 2185 ὄψῃ
2529 2113 2585 2166 δὲ
2627 2114 2740 2182 καί.⁶
2759 2113 2962 2175 ταύτας
3000 2111 3097 2174 τὰς
3143 2109 3378 2178 ἀδελφάς
3422 2125 3528 2172 σου,
3553 2109 3630 2160 σὺν

2098 2207 2182 2260 σοὶ
2225 2205 2432 2276 ταύτης
2464 2203 2848 2268 ἀπολαυούσας
2898 2205 2997 2274 τῆς
3036 2201 3327 2272 διαθήκης,
3367 2199 3546 2271 μᾶλλον
3585 2199 3631 2252 δὲ

2097 2301 2302 2371 σαυτὴν
2339 2299 2454 2370 μετ’
2490 2298 2716 2352 ἐκείνων
2735 2300 3130 2370 τυγχάνουσαν.
3172 2315 3191 2348 ι
3218 2295 3381 2350 Δώσω
3405 2294 3522 2366 γὰρ,
3549 2311 3632 2365 φη-

2097 2392 2202 2456 σὶν,
2231 2392 2402 2455 αὑτάς
2437 2408 2522 2444 σοι
2564 2391 2646 2454 εἰς
2704 2390 2998 2462 οἰκοδομὴν
3022 2389 3088 2455 ⁵⁸,
3119 2388 3219 2442 καὶ
3247 2388 3344 2441 οὐκ
3379 2388 3440 2441 ἐκ
3467 2385 3626 2454 διαθή-

2095 2472 2212 2556 κης
2240 2502 2357 2538 σου.
2410 2503 2429 2536 ι
2482 2483 2557 2536 Οὐ
2618 2482 2728 2553 γὰρ
2782 2484 2992 2536 ἐκεῖναι
3032 2481 3122 2535 διὰ
3168 2480 3284 2545 σοῦ,
3325 2478 3452 2533 ἀλλὰ
3489 2481 3544 2532 σὺ
3582 2475 3632 2541 ἐξ

2093 2577 2272 2633 αὐτῶν
2319 2573 2589 2647 καρπώσῃ
2633 2574 2732 2644 τὴν
2765 2571 3054 2642 ὠφέλειαν,
3089 2571 3155 2624 οὐ
3206 2569 3405 2638 ταύτης
3427 2569 3512 2638 τῆς
3538 2567 3631 2623 διαο

2095 2674 2302 2744 θήκης,
2343 2669 2465 2724 καθ’
2505 2670 2572 2740 ῆν
2606 2666 2702 2722 νῦν
2744 2665 3025 2740 πολιτεύῃ,
3059 2666 3162 2738 τὴν
3206 2664 3478 2719 κοινωνίαν
3525 2662 3630 2717 ταύ-

2091 2783 2192 2834 την
2233 2762 2632 2834 ἐργαζομένης,
2660 2760 2795 2815 ἀλλὰ
2835 2761 2934 2830 τῆς
2959 2759 3184 2814 αἰωνίου
3207 2759 3308 2830 τῆς
3340 2755 3544 2826 ὕστερον
3561 2755 3631 2809 δο-

2095 2856 2434 2927 θησομένης·
2473 2853 2772 2908 αἰνίττεται
2815 2851 2904 2906 διὰ
2943 2851 3053 2904 τῶν
3093 2849 3375 2921 Σοδόμων,
3421 2850 3506 2903 καὶ
3551 2847 3632 2915 τῆς

2095 2947 2432 3019 Σαμαρείας,
2463 2945 2562 3017 τὴν
2591 2944 2702 2998 τῶν
2735 2943 2908 2998 ἐθνῶν
2935 2943 3201 2998 ἁπάντων
3241 2944 3335 2996 καὶ
3372 2940 3472 2997 τῶν
3523 2942 3635 2995 ἰου-

2022 3074 2066 3135 c
2096 3039 2262 3092 δαίων
2303 3036 2446 3091 κατὰ
2499 3034 2696 3090 ταυτδν
2753 3034 3022 3104 ἐσομένην
3076 3034 3386 3097 εὐσέϐειαν,
3422 3034 3507 3089 καὶ
3540 3033 3634 3135 ,τήν

2103 3131 2182 3192 εἰς
2209 3128 2308 3182 Eva
2347 3127 2480 3181 Θεὸν
2524 3126 2708 3180 πίστιν
2754 3127 2820 3179 ἐκ
2848 3123 2949 3195 τῆς
2995 3124 3144 3189 Νέας
3196 3123 3635 3197 πρυτανευομὲνην

2103 3217 2398 3290 Διαθήκης.

2173 3308 2273 3379 ξβ’.
2312 3306 2424 3361 Καὶ
2473 3303 2823 3370 ἀναστήσω,
2858 3304 3044 3375 φησὶν,
3084 3303 3204 3374 ἐγὼ
3241 3303 3354 3372 τὴν
3389 3301 3638 3370 διαθήκην

2097 3417 2218 3470 μου
2242 3398 2398 3468 μετὰ
2431 3396 2582 3462 σοῦ,
2626 3395 2727 3452 καὶ
2771 3395 3077 3466 ἐπιτνώσῃ
3099 3435 3115 3460 ,
3149 3395 3243 3450 ὅτι
3281 3393 3394 3464 ἐγὼ
3435 3395 3635 3461 Κύριος.

2101 3489 2326 3561 Πρῶτον
2381 3489 2481 3561 μὲν
2523 3487 2634 3560 γὰρ
2675 3486 2952 3551 Ἰουδαίοις
2995 3486 3280 3559 ἐκηρύχθη
3330 3487 3390 3540 τὸ
3429 3483 3638 3553 Εὑαγγέ·

2102 3583 2236 3648 λιον,
2274 3579 2394 3636 εἶτα
2433 3582 2567 3634 πᾶσι
2609 3583 2721 3644 τοῖς
2755 3580 2995 3634 ἔθνεσιν·
3032 3579 3171 3634 ἀλλὰ
3211 3580 3306 3634 καὶ
3330 3575 3474 3641 αὖθις
3502 3592 3640 3646 κηρυ·

2103 3673 2365 3746 χθήσεται
2394 3670 2484 3725 διὰ
2503 3668 2598 3724 τοῦ
2627 3669 2865 3742 μεγάλου
2906 3669 3061 3725 Ἠλία
3091 3671 3203 3741 πρὸ
3234 3671 3330 3739 τῆς
3361 3667 3448 3721 τοῦ
3468 3666 3636 3735 κόσμον

2105 3760 2436 3822 συντελείας.
2479 3757 2620 3826 Ἐγὼ
2651 3754 2769 3822 οὖν,
2803 3757 2958 3829 φησὶ,
3000 3757 3181 3816 πάντα
3210 3761 3416 3828 ποιήσω
3443 3755 3529 3826 τὴν
3562 3751 3638 3820 σήν

2104 3849 2626 3924 πραγματευόμενος
2659 3847 2930 3916 ὠφέλειαν
2951 3867 2965 3880 ο
3001 3847 3190 3920 γνώσῃ
3226 3847 3335 3917 γὰρ
3361 3849 3422 3899 ἐκ
3450 3844 3637 3902 τούτων,

2105 3939 2192 4001 οἷα
2221 3942 2320 4014 μέν
2345 3943 2415 3997 τὰ
2449 3941 2602 4012 παρὰ
2645 3939 2739 3994 σοῦ
2769 3941 2850 4002 εἰς
2884 3939 2990 4010 ἐμὲ
3034 3937 3376 4008 γεγενημένα
3396 3976 3410 4002 ,
3437 3936 3575 3988 ὁποῖα
3595 3929 3640 3983 δί

2104 4038 2175 4094 τὰ
2197 4037 2329 4108 παρ’
2359 4033 2495 4106 ἐμοῦ
2535 4031 2882 4104 ὑπαρχθέντα
2914 4047 2998 4088 σοι
3025 4029 3230 4097 ἀγαθά.
3266 4028 3362 4084 Διὰ
3405 4026 3545 4082 τοῦτο
3568 4025 3640 4077 ἐτι-

2106 4133 2310 4202 ήγαγεν
2335 4143 2348 4158 ·

2182 4197 2284 4289 ξγ’.
2322 4221 2516 4284 Ὅπως
2541 4214 2850 4288 μνησθῇς,
2885 4214 2985 4268 καὶ
3013 4209 3374 4283 αἰσχυνθῇς,
3404 4206 3582 4276 καὶμὴ
3607 4197 3639 4274 ᾖ

2108 4332 2208 4370 σοι
2232 4314 2319 4366 ἔτι
2340 4309 2578 4375 ἀνοῖξαι
2601 4309 2796 4378 στόμα
2827 4306 2944 4361 ἀπὸ
2968 4303 3295 4374 προσώπου
3319 4301 3424 4370 τῆς
3442 4299 3640 4368 ἀτιμίας

424 4398 529 4459 uite
576 4408 715 4465 ture,
764 4416 884 4456 cum
931 4411 991 4454 tu
1036 4405 1330 4470 placauaris
1372 4423 1452 4460 me
1489 4408 1778 4462 secundum
1822 4413 1994 4466 omnia

2110 4423 2249 4470 σου,
2281 4403 2350 4457 ἐν
2396 4400 2480 4467 τῷ
2514 4397 2946 4466 ἐξιλάσκεσθαι
2970 4411 3044 4450 σε
3058 4398 3104 4428 ⁵³
3141 4395 3296 4454 κατὰ
3341 4386 3640 4488 narra-dea

423 4505 748 4568 quacunque
771 4492 966 4560 fecisti,
991 4493 1121 4548 dicit
1146 4496 1356 4552 Adonei
1385 4497 1662 4554 Dominus.
1692 4501 1788 4556 liis
1815 4503 1994 4560 verbis

2105 4495 2405 4562 ἐποίησας
2427 4533 2443 4557 ,
2487 4491 2650 4560 λέγει
2694 4487 2944 4544 Ἀδωναῒ
2989 4489 3226 4556 Κύριος.
3266 4484 3478 4546 Τούτοις
3516 4483 3564 4539 ἐν
3588 4479 3639 4548 τῇ

426 4589 541 4638 tres
573 4583 729 4653 pueri
767 4599 988 4654 quoque
1025 4586 1077 4640 in
1109 4585 1334 4644 fornace
1366 4590 1452 4645 usi
1495 4599 1646 4648 sunt.
1684 4592 1824 4646 Cum
1852 4595 2000 4649 enim

428 4675 535 4734 sibi
561 4678 744 4746 p0puli
771 4679 983 4735 scelera
1005 4681 1412 4749 attribuissent,
1447 4686 1824 4754 supplicantes
1853 4687 2005 4744 dice-

430 4764 560 4826 bant
587 4786 601 4820 :
640 4787 659 4819 ¢
682 4767 748 4822 Et
771 4786 916 4825 nunc
936 4786 1046 4826 non
1071 4773 1202 4828 licet
1226 4775 1386 4830 nobis
1406 4777 1623 4845 aperire
1642 4791 1726 4842 os,
1751 4777 2004 4834 confusio

430 4863 485 4910 et
515 4859 872 4926 opprobrium
907 4861 1037 4917 facti
1079 4879 1272 4920 sumus
1306 4866 1479 4922 servis
1511 4867 1658 4934 tuis,
1684 4875 1741 4923 et
1770 4868 2008 4923 colenti-

433 4947 537 5006 bus
563 4955 619 5000 te
647 4956 694 5010 ν,
735 4967 752 5000 ι
796 4949 864 5004 Et
891 4952 1113 5009 divinus
1141 4954 1332 5010 Daniel
1361 4956 1549 5012 itidem
1593 4958 1650 5012 in
1687 4958 2010 5028 captivitate

436 5037 753 5107 supplicans
783 5043 1053 5108 exclamat

2109 4587 2326 4658 καμίνῳ
2357 4587 2450 4639 καὶ
2484 4585 2534 4637 οἰ
2565 4584 2714 4655 τρεῖς
2753 4581 2940 4644 παῖδες
2981 4581 3094 4644 τοῖς
3135 4578 3316 4647 λόγοις
3337 4574 3638 4646 ἐχρήσαντο.

2109 4677 2485 4749 Οἰκειούμενοι
2515 4675 2624 4746 γὰρ
2667 4673 2766 4736 τὰς
2798 4671 2893 4729 τοῦ
2943 4670 3075 4724 λαοῦ
3126 4669 3462 4740 παρανομίας
3490 4664 3640 4727 ελεγον

2111 4770 2562 4843 προσευχόμενον
2610 4785 2629 4818 ι
2667 4765 2778 4821 Καὶ
2810 4763 2906 4816 νῦν
2957 4763 3058 4816 οὐκ
3097 4761 3247 4816 ἐστιν
3301 4761 3430 4830 ήμῖν
3467 4751 3640 4856 ανοξξω

2113 4841 2317 4932 στόμα’
2349 4857 2582 4931 αἰσχύνη
2620 4856 2715 4910 καὶ
2746 4854 2945 4916 ὄνειδος
2977 4851 3315 4922 ἐγενήθημεν
3341 4849 3448 4908 τοῖς
3470 4841 3641 4900 δούλοις

2114 4971 2243 5020 σου,
2299 4953 2394 5006 καὶ
2445 4953 2557 5013 τοῖς
2616 4946 2932 5017 σεϐομένοις
2982 4960 3063 4997 σε.
3105 4963 3124 4994 ι
3161 4941 3273 4995 Καὶ
3320 4941 3350 4992 ό
3399 4933 3641 5020 θεσπέσιος

1103 5065 1117 5101 :
1177 5047 1340 5120 796
1374 5066 1394 5099 ι
1433 5048 1577 5113 Tibi,
1624 5019 1876 5117 Domine,
1911 5052 1994 5120 ﬁes!

2115 5044 2314 5115 Δανιὴλ
2343 5041 2604 5102 ὡσαύτως
2638 5040 2694 5091 ἐν
2741 5040 2806 5108 τῇ
2839 5035 3187 5106 αἰχμαλωσίᾳ
3230 5033 3359 5086 ἐϐόα
3386 5019 3638 5101 προσευχό-

506 5213 1472 5293 ‘1.lerem._xxxi,__5t:55;veljuxta
1499 5221 1662 5287 LXX,
1726 5239 1849 5293 cap.
1903 5237 2132 5278 xxxvi".
2208 5230 2236 5259 ν
2270 5219 2406 5272 Dan.
2445 5232 2527 5282 ιιι,
2587 5215 2680 5279 35,
2739 5210 2884 5284 apud
2925 5209 3207 5275 Nostrum,
3252 5206 3344 5277 qui
3375 5211 3490 5276 post
3518 5212 3640 5254 vers-

437 5284 528 5351 23,
555 5299 679 5356 cap.
725 5287 820 5342 cit.
857 5289 1005 5344 addit
1036 5284 1333 5348 Canticum
1349 5295 1513 5348 trium
1541 5284 1806 5350 virorum:

1706 5447 1942 5508 VARIE
1983 5444 2392 5510 LECTIONES.

516 5584 561 5616 ⁵⁸
588 5584 633 5638 Β
661 5583 958 5648 Μωῦσέως.

1043 5584 1089 5618 ⁸⁸
1117 5584 1335 5638 διαθ.·-

1432 5586 1553 5655 eam
1585 5587 1802 5656 αὐτούς.
1840 5586 1962 5642 Vid.
1996 5601 2182 5654 supra.
2218 5601 2270 5656 ιι.
2302 5584 2406 5642 548
2433 5600 2518 5654 sq.
2592 5582 2638 5616 "
2661 5600 2712 5638 τ.
2745 5579 2908 5639 ὁδ.1ιε
2937 5579 2978 5635 Β
3006 5587 3059 5636 et
3084 5575 3294 5647 Compl.
3331 5571 3473 5644 juxta
3497 5561 3632 5621 Hebr.

454 5602 561 5676 υσυ
591 5602 633 5638 ιι
661 5602 958 5648 ινιωυσεως.
1043 5602 1089 5618 ’-
1117 5602 1335 5638 οιαο.-
1359 5602 1553 5688 “aqua
1585 5602 1802 5649 αυτους.
1849 5602 1962 5642 για.
1996 5602 2227 5670 ευρηιηι

526 5656 632 5714 οἰκ.
665 5653 709 5711 Α
744 5655 995 5729 δοκιμήν,
1054 5665 1112 5712 ιιι
1159 5656 1311 5713 Alex.
1463 5673 1540 5710 σε.
1591 5655 1721 5712 Res.
1753 5659 1875 5712 lect.
1908 5663 1993 5713 est
2031 5673 2098 5730 με
2123 5672 2227 5714 σοι.
