3840 6202
346 440 452 505 075

1383 422 1872 490 THEODORETI
1912 422 2252 486 EPISCOPI
2280 422 2644 486 CYRENSIS

3496 418 3599 486 976

424 555 589 611 Vens.
619 553 683 608 Π
737 548 853 604 Non
898 545 1153 600 morietur
1200 541 1303 608 hic,
1330 540 1529 611 inquit,
1573 537 1627 592 in
1666 537 1924 606 iniquita-

2102 533 2187 600 ιζ’.
2227 537 2309 589 οὐ
2347 534 2695 604 τελευτήσει
2731 528 2931 601 οὗτος,
2973 533 3161 605 φησιν,
3206 533 3276 588 ὲν
3305 533 3434 599 ταῖς
3479 534 3599 588 ἀδι-

353 647 491 700 tibus
519 641 688 713 patris
719 640 823 705 sui,
856 635 947 692 sed
985 634 1093 689 vita
1121 632 1271 686 vivet.
1311 628 1499 699 Neque
1523 627 1668 683 enim
1713 626 1921 697 justum

349 743 435 792 est
462 734 530 789 ab
558 733 663 787 hoc
695 742 796 800 pro
818 725 1119 783 sceleribus
1150 722 1301 777 illius
1333 720 1476 791 exigi
1504 733 1720 791 pinnas.

425 913 701 978 VsnsJS,
732 911 819 968 19.
853 909 1016 965 Pater
1045 915 1220 961 autem
1248 902 1418 967 illius,
1439 900 1638 971 inquit.
1672 896 1922 969 quoniam

356 1008 699 1068 tribulatione
743 1002 1041 1066 tribulavit,
1070 1008 1118 1054 et
1171 998 1418 1065 rapinam
1472 992 1669 1062 rapuit,
1708 1000 1756 1044 et
1798 1006 1923 1041 con-

352 1105 522 1159 traria
553 1098 676 1169 fecit
710 1098 762 1150 in
794 1093 965 1148 medio
1013 1088 1214 1159 populi,
1255 1097 1303 1141 et
1338 1094 1580 1138 mortuus
1614 1091 1690 1136 est
1727 1082 1780 1134 in
1817 1080 1923 1133 ini-

351 1195 551 1265 quitate
573 1205 692 1243 sua.
725 1185 793 1239 Et
823 1182 1040 1237 dixistis
1081 1195 1098 1233 :
1130 1178 1241 1233 Cur
1268 1193 1372 1231 non
1407 1176 1526 1228 tulit
1555 1173 1702 1244 ﬁlius
1731 1170 1925 1237 iniqui-

355 1259 513 1337 tatem
560 1279 731 1348 patris
775 1274 897 1330 sui?
934 1270 1045 1326 Vos
1089 1278 1270 1323 autem
1320 1265 1545 1336 injuste,
1593 1261 1790 1333 inquit,
1838 1259 1927 1328 ju-

353 1374 602 1429 dicantes
635 1368 803 1422 vultis
833 1364 1003 1419 ﬁlium
1042 1360 1195 1429 impii
1240 1373 1341 1428 pro
1394 1364 1620 1427 parente
1657 1349 1927 1421 supplicia

357 1466 563 1529 subire,
606 1468 661 1518 et
712 1476 813 1515 vos
848 1457 1084 1512 invicem
1121 1447 1540 1524 percontamini,
1567 1447 1678 1501 Cur
1711 1445 1778 1499 de
1808 1457 1926 1497 sce-

356 1556 566 1612 leribus
592 1551 766 1623 patris
796 1545 943 1603 haud
972 1544 1135 1601 solvit
1163 1537 1527 1612 pmnaSYEgo
1560 1543 1743 1590 autem
1772 1532 1930 1587 vobis

356 1651 480 1705 dico
511 1665 525 1703 :
561 1665 579 1699 ι
611 1644 753 1712 Quia
786 1638 1236 1712 ﬁliUsjutlicium,
1267 1642 1320 1689 et
1344 1632 1639 1703 justitiam,
1669 1636 1725 1683 et
1763 1627 1931 1681 mise-

358 1740 649 1813 ricordiam
687 1735 838 1798 fecit,
869 1732 1051 1789 omnia
1088 1728 1330 1800 legitima
1365 1738 1484 1779 mea
1517 1720 1844 1783 custodivit,
1876 1723 1932 1773 et

359 1810 488 1891 iecit
525 1847 609 1898 ea,
642 1829 755 1885 vita
787 1827 955 1881 vivet.
1001 1844 1019 1877 ι
1054 1821 1329 1888 Quoniam
1359 1831 1469 1872 non
1503 1812 1750 1869 eamdem
1788 1810 1930 1864 viam

357 1940 522 1999 quam
554 1929 707 1995 pater
741 1925 966 1976 secutus
984 1922 1091 1978 est,
1115 1911 1210 1968 sed
1243 1923 1418 1965 meam
1450 1907 1593 1961 viam
1631 1905 1732 1959 viae
1758 1902 1933 1973 patris
1964 1880 2006 1936 Β

358 1995 699 2084 anteposuit,
722 2007 947 2079 dignum
982 2001 1185 2071 reperit
1211 1998 1311 2052 viae
1346 1995 1579 2052 exitum.

429 2193 599 2248 Vens.
630 2189 722 2244 ΞΟ.
773 2187 970 2241 Anima
1006 2192 1179 2237 autem
1225 2195 1446 2249 peccans
1498 2178 1618 2247 ipsa
1660 2174 1932 2237 morietur,

362 2283 509 2353 ﬁlius
560 2296 662 2334 non
713 2278 844 2349 feret
908 2274 1242 2345 iniquitatem
1295 2270 1465 2339 patris
1518 2268 1623 2334 sui,
1675 2274 1724 2321 et
1786 2274 1938 2334 pater

363 2389 468 2427 non
503 2370 734 2442 portabit
798 2366 1134 2438 iniquitatem
1200 2362 1302 2432 ﬁlii
1340 2361 1447 2418 sui.
1488 2357 1689 2414 Eadem
1742 2373 1936 2413 rursus

366 2462 609 2534 apertius
662 2458 1013 2527 breviterque
1068 2452 1368 2509 declaravit
1406 2466 1420 2504 :
1453 2468 1471 2502 ι
1522 2447 1749 2503 iustitia
1802 2445 1938 2517 justi

367 2566 533 2623 super
566 2563 690 2604 eum
740 2546 870 2613 erit,
911 2552 967 2601 et
1001 2541 1268 2614 iniquitas
1327 2538 1502 2609 iniqui
1543 2551 1711 2605 super
1756 2535 1939 2605 ipsum

366 2645 493 2700 erit.
535 2661 554 2695 ι
591 2639 745 2711 Saepe
772 2637 961 2695 eadem
988 2633 1209 2705 repetit,
1230 2646 1356 2686 cum
1387 2630 1520 2686 velit
1553 2628 1608 2682 in
1640 2628 1808 2699 812
1842 2641 1940 2681 au-

366 2733 646 2791 dientibus
675 2743 863 2786 eorum
898 2724 1136 2783 stabiliri
1170 2720 1511 2777 memoriam.

438 2916 608 2971 Vens.
656 2913 747 2977 Ἦ,
774 2910 865 2964 τε.
911 2907 979 2961 Et
1022 2905 1256 2976 iniquus,
1288 2902 1335 2957 si
1383 2904 1649 2954 reversus
1673 2896 1831 2966 fuerit
1866 2893 1933 2948 ab

368 3005 609 3062 omnibus
640 2997 1007 3071 iniquitatibus
1035 2995 1144 3048 suis
1181 3007 1312 3062 quas
1344 2986 1492 3059 fecit,
1518 2996 1569 3041 et
1597 2984 1941 3040 custodiverit

369 3097 547 3155 omnia
592 3092 849 3147 mandata
899 3095 1112 3147 mea.et
1148 3083 1329 3152 fecerit
1375 3078 1640 3149 judicium
1687 3086 1736 3131 et
1768 3076 1939 3142 justi-

2023 629 2177 694 κίαις
2210 625 2316 682 τοῦ
2343 626 2566 695 πατρὸς
2594 627 2801 690 αὐτοῦ,
2830 626 2990 681 ἀλλὰ
3020 624 3132 695 ζωῇ
3168 624 3433 693 ζήσεται.
3468 625 3600 678 Οὔτε

2022 719 2133 789 γάρ
2175 717 2404 781 δίκαιον,
2453 716 2645 771 τοῦτον
2684 717 2824 790 ὑπὲρ
2858 717 2957 789 τῆς
2999 718 3208 772 ἐκείνου
3257 710 3603 788 παρανομίας

2023 809 2445 882 εἰσπράττεσθαι
2472 810 2647 875 δίκας.

2100 908 2188 973 ιη’,
2225 901 2309 957 ιο⁹.
2355 903 2410 955 Ὁ
2432 903 2475 936 ³⁸
2504 902 2572 955 δὲ
2591 900 2786 969 πατὴρ
2809 901 3015 968 αὐτοῦ,
3038 901 3223 972 φησὶν,
3244 899 3454 969 ἐπειδὴ
3482 900 3607 954 θλί-

2025 1000 2126 1065 ψει
2161 997 2394 1063 ἕθλιψε,
2424 994 2520 1047 καὶ
2576 994 2858 1062 ἅρπαγμα
2914 994 3181 1061 ἥρπασε,
3221 992 3319 1046 καὶ
3364 993 3609 1045 ἐναντία

2025 1088 2317 1154 ἐποίησεν
2364 1087 2431 1140 ἐν
2478 1086 2650 1155 μέσῳ
2701 1084 2808 1139 τοῦ
2846 1085 3020 1149 λαοῦ,
3074 1085 3171 1138 καὶ
3210 1082 3518 1138 ἀπέθανεν
3547 1082 3610 1135 ἐν

2026 1178 2102 1247 τῇ
2131 1178 2330 1244 ἀδικίᾳ
2360 1177 2566 1232 αὐτοῦ.
2604 1177 2713 1230 Καὶ
2749 1176 2974 1241 elacata,
3016 1177 3078 1230 τί
3108 1177 3220 1230 οὐκ
3245 1175 3465 1229 ἐλαϐεν
3515 1174 3610 1228 d“

2028 1269 2158 1335 υίὸς
2205 1268 2320 1336 τὴν
2364 1269 2603 1323 ἀδικίαν
2635 1268 2741 1323 τοῦ
2786 1268 3007 1337 πατρὸς
3054 1266 3275 1329 α·ὑτοῦ;
3326 1267 3526 1336 Ὑμεῖς
3559 1265 3611 1319 δέ

2030 1378 2194 1430 φησιν
2223 1360 2423 1422 ἀδίκως
2450 1361 2727 1429 κρίνοντες
2757 1359 3010 1429 βούλεσθε
3040 1356 3133 1412 τοῦ
3174 1357 3503 1428 παρανόμου
3529 1357 3613 1410 τδν

2030 1452 2144 1504 υἱὸν
2180 1452 2450 1523 τιμωρίαν
2482 1453 2621 1523 ὑπὲρ
2656 1451 2751 1506 τοῦ
2800 1451 3002 1522 πατρὸς
3047 1434 3360 1522 ὑπομεῖναι,
3398 1450 3502 1504 καὶ⁵
3530 1449 3612 1502 ἀλ-

2029 1545 2206 1617 λήλων
2235 1545 2592 1611 πυνθάνεσθε,
2618 1546 2684 1601 Τί
2723 1546 2923 1615 δήποτε
2951 1542 3049 1606 τὰς
3075 1542 3170 1596 τοῦ
3203 1542 3410 1614 πατρὸς
3440 1559 3614 1615 παρα-

2030 1634 2225 1706 νομίας
2250 1636 2349 1688 οὐκ
2382 1635 2558 1688 ἔτισεν
2585 1651 2599 1700 ;
2635 1634 2776 1703 Ἐγὼ
2804 1634 2859 1687 δὲ
2896 1634 3022 1704 ὑμῖν
3050 1650 3213 1704 φημι,
3238 1650 3257 1684 ι
3292 1633 3465 1687 ὐτιὸ
3507 1632 3615 1696 υἱὸς

2032 1729 2209 1802 κρίμα
2230 1729 2296 1795 ⁵³,
2344 1730 2437 1782 καὶ
2460 1727 2827 1800 δικαιοσύνην,
2857 1726 2951 1780 xui.
2982 1725 3130 1780 ἔλεον
3158 1724 3404 1796 ἐποίησε,
3436 1721 3613 1778 πάντα

2032 1822 2101 1877 τὰ
2135 1820 2343 1893 νόμιμά
2374 1838 2475 1890 μου
2508 1821 2863 1891 συνετήρησε,
2890 1818 2987 1872 καὶ
3025 1816 3280 1886 ἐποίησεν
3305 1815 3471 1881 αὐτὰ,
3506 1814 3613 1886 ζωῇ

2036 1913 2285 1984 ζήσεται.
2314 1931 2332 1964 ι
2379 1911 2598 1983 Ἐπειδὴ
2641 1912 2704 1965 οὐ
2735 1902 2834 1981 τὴν
2862 1909 3028 1981 αὐτὴν
3067 1907 3269 1961 ὥδευσε
3297 1905 3379 1978 τῷ
3424 1905 3614 1977 πατρὶ,

2035 2003 2171 2059 ἀλλὰ
2220 2005 2322 2076 τὴν
2371 2003 2510 2074 ἐμὴν
2554 2002 2671 2056 ὁδὸν
2712 2001 2812 2073 τῆς
2850 2002 2944 2055 τοῦ
2990 1997 3193 2071 πατρὸς
3222 1997 3613 2069 προετίμησεν,

2036 2096 2186 2162 ἄξιον
2211 2094 2412 2166 εὕρατο
2442 2092 2541 2163 τῆς
2568 2092 2688 2146 ὀδοῦ
2715 2092 2774 2145 τὸ
2802 2092 2976 2155 τέλος.

2107 2193 2176 2241 κ’.
2218 2186 2281 2241 Ἡ
2316 2185 2385 2239 δὲ
2411 2183 2582 2254 ψυχὴ
2615 2183 2653 2251 ἡ
2685 2183 3113 2253 ἁμαρτάνουσα
3139 2182 3292 2250 αὕτη
3317 2181 3362 2213 δ’
3393 2180 3616 2236 (laoda-

2036 2279 2243 2341 νεῖται.
2277 2281 2311 2333 ὁ
2346 2277 2476 2344 υίὸς
2509 2278 2583 2330 οὐ
2621 2275 2883 2344 λήψεται
2927 2275 3043 2343 τὴν
3084 2275 3324 2331 ἀδικίαν
3354 2274 3466 2328 τοῦ
3511 2291 3615 2330 πα-

2038 2370 2177 2438 τρὸς
2205 2368 2415 2431 αὑτοῦ,
2461 2365 2604 2421 οὐδέ
2635 2369 2668 2420 ὀ
2714 2365 2909 2436 πατὴρ
2936 2364 3198 2435 λήψεται
3236 2363 3352 2434 τὴν
3376 2362 3618 2419 ἀδικίαν

2039 2461 2146 2515 τοῦ
2176 2459 2312 2515 υίοῦ
2359 2458 2565 2513 αὑτοῦ.
2616 2458 2697 2511 Τὰ.
2745 2458 2885 2512 αὐτὰ
2932 2457 3098 2511 πάλιν
3146 2457 3493 2530 σαφέστερον
3527 2455 3616 2509 καὶ

2042 2552 2322 2622 συντόμως
2356 2549 2727 2620 παρεδήλωσε·
2768 2568 2784 2600 ι
2820 2547 3146 2618 Δικαιοσύνη
3171 2545 3382 2600 δικαίου
3418 2546 3515 2600 ἐπ’
3538 2546 3626 2599 αύ-

2039 2643 2130 2695 τδν
2173 2640 2344 2704 ἔσται,
2383 2640 2478 2694 καὶ
2527 2639 2726 2709 ἀνομία
2777 2639 2980 2708 ἀνόμου
3034 2636 3122 2691 ἐπ’
3165 2637 3329 2692 αὐτὸν
3375 2636 3555 2691 ἔσται.
3595 2654 3613 2687 ι

2039 2731 2307 2795 Πολλάκις
2337 2730 2404 2783 τὰ
2433 2728 2575 2782 αύτά
2600 2728 2769 2796 λέγει,
2799 2727 3024 2799 βεϐαίαν
3058 2727 3237 2782 αὐτῶν
3265 2727 3364 2799 τὴν
3400 2729 3619 2800 μνήμην

2042 2827 2101 2879 ὲν
2132 2826 2242 2887 τοῖς
2270 2822 2532 2877 ἀκούουσι
2561 2820 2814 2890 γενέσθαι
2851 2820 3192 2891 βουλόμενος.

2111 2922 2219 2975 κη’,
2255 2912 2356 2984 κβ¹.
2387 2912 2496 2966 Kal
2530 2915 2562 2965 ό
2590 2910 2811 2979 ἄνομος
2839 2910 2947 2963 ἐὰν
2976 2908 3312 2978 ἐπιστρέψῃ
3335 2910 3381 2942 ⁸³
3411 2909 3484 2963 ἐκ
3518 2925 3620 2961 πα-

2042 2999 2173 3054 σῶν
2200 2999 2322 3053 τῶν
2345 2998 2607 3069 ἀνομιῶν
2647 2999 2832 3053 αὐτοῦ
2870 2993 2957 3052 ὧν
2993 2999 3262 3065 ἐποίησε,
3300 2999 3399 3053 καὶ
3431 2998 3617 3068 φυλά-

2046 3090 2222 3159 ξηται
2242 3092 2445 3156 πάσας
2482 3089 2587 3155 τὰς
2622 3088 2878 3154 ἐντολάς
2917 3106 3057 3158 μου,
3100 3089 3198 3143 καὶ
3228 3090 3461 3158 ποιήσῃ
3503 3090 3620 3158 xpl-

372 3192 523 3253 tiam,
555 3194 603 3240 et
634 3179 1077 3238 misericordiam,
1114 3175 1223 3229 vita
1272 3172 1403 3226 vivet
1433 3179 1484 3225 et
1516 3186 1620 3223 non
1663 3167 1935 3221 morietur.

2044 3197 2145 3250 μα,
2174 3180 2271 3233 καὶ
2298 3179 2715 3244 δικαιοσύνην,
2740 3178 2839 3231 καὶ
2870 3178 3064 3243 ἔλεον,
3096 3176 3209 3247 ζωῇ
3232 3179 3497 3247 ζήσεται,
3531 3177 3619 3231 καί

373 3277 569 3336 Omnia
612 3284 788 3326 autem
841 3268 1035 3322 delicta
1080 3264 1216 3333 ejus,
1247 3275 1574 3331 quiscunque
1633 3258 1790 3327 fecit,
1839 3271 1944 3308 non

372 3362 924 3422 commemorabuntur
957 3358 1005 3412 ei
1037 3371 1055 3409 :
1083 3357 1137 3408 in
1178 3352 1401 3423 justitia
1438 3365 1560 3413 sua,
1599 3363 1755 3419 quam
1797 3346 1945 3415 fecit,

372 3461 522 3513 uiuet.
573 3455 807 3508 Tantum
857 3450 1032 3513 abest,
1081 3444 1279 3516 inquit,
1314 3448 1374 3497 ut
1431 3440 1501 3495 ab
1556 3440 1664 3494 alio
1698 3452 1798 3508 pro
1838 3436 1947 3490 alio

375 3564 567 3621 poenas
594 3556 901 3616 reposcam,
932 3548 990 3595 ut
1022 3539 1187 3593 etiam
1221 3536 1398 3605 ipsum
1428 3532 1566 3602 legis
1595 3532 1944 3595 violatorem,

375 3638 629 3712 quamvis
679 3629 892 3690 inllnita
957 3630 1202 3685 facinora
1247 3625 1500 3697 patrarit,
1547 3624 1595 3681 si
1637 3631 1822 3678 tamen
1859 3622 1950 3677 ille

377 3731 654 3801 paenitens
687 3723 979 3794 resipiscat
1006 3726 1061 3774 et
1087 3717 1317 3788 iustitiae
1347 3715 1464 3771 vias
1514 3714 1769 3786 persequi
1799 3712 1953 3767 insti-

382 3829 523 3887 tuat,
549 3828 605 3874 et
629 3815 896 3886 accipiam
928 3821 982 3867 et
1008 3811 1122 3866 vita
1179 3807 1407 3878 dignum
1437 3820 1714 3862 censeam.
1746 3802 1953 3859 Deinde

380 3908 659 3982 propriam
687 3903 986 3960 bonitatem
1019 3898 1286 3953 declarat.

2047 3273 2119 3325 οὐ
2142 3271 2229 3340 μὴ
2263 3269 2559 3338 ἀποθάνῃ.
2606 3269 2808 3324 Πάντα
2850 3269 2918 3323 δὲ
2960 3271 3401 3339 παραπτώματα
3445 3268 3622 3323 αὑτοῦ

2048 3362 2165 3417 ὅσα
2218 3362 2527 3428 ἐποίησεν,
2580 3364 2652 3415 οὺ
2699 3361 3115 3430 μνησθήσεται
3158 3361 3319 3425 αὐτῷ
3341 3360 3390 3392 ⁸⁵
3438 3363 3509 3415 ἐν
3554 3359 3624 3429 τῇ

2048 3453 2403 3520 δικαιοσύνῃ
2437 3450 2644 3518 αὐτοῦ,
2686 3450 2724 3519 ᾗ
2756 3453 3026 3517 ἐποίησε,
3065 3451 3325 3521 ζήσεται.
3362 3451 3622 3507 Τοσοῦτον

2049 3544 2124 3609 δὲ,
2155 3544 2341 3615 φησὶν,
2373 3542 2562 3613 ἀπέχω
2594 3541 2687 3596 τοῦ
2710 3542 2865 3607 δίκας
2896 3543 3080 3615 ἕτερον
3118 3544 3260 3614 ὑπὲρ
3302 3544 3388 3599 ἑτέ
3399 3560 3492 3611 pou
3520 3544 3623 3596 ela—

2051 3635 2280 3708 πρᾶξαι,
2315 3635 2397 3688 δτι
2425 3635 2517 3688 καὶ
2544 3634 2709 3688 αὑτὸν
2730 3635 2820 3688 τὸν
2850 3634 3173 3706 παραϐάτην
3195 3633 3290 3688 τοῦ
3316 3636 3503 3706 νόμου,
3527 3633 3622 3687 κᾶν

2054 3728 2257 3800 μυρίας
2283 3726 2627 3797 παρανομίας
2663 3727 2985 3799 ἐργάσηται,
3017 3726 3508 3797 μεταϐαλλόμενον,
3538 3726 3624 3780 καὶ

2056 3816 2392 3889 μεταμελείᾳ
2424 3814 2725 3887 χρώμενον,
2757 3816 2851 3869 καὶ
2877 3823 2977 3883 τὴν
3004 3815 3105 3885 τῆς
3135 3814 3483 3884 δικαιοσύνης
3510 3812 3619 3867 ὁδὸν

2054 3904 2506 3978 προαιρούμενον,
2547 3906 2641 3958 καὶ
2666 3905 2908 3976 δέξομαι,
2941 3907 3036 3959 καὶ
3064 3903 3210 3976 ζωῆς
3238 3904 3487 3970 ἀξιώσωο
3510 3900 3621 3957 εἶτα

2053 3996 2154 4066 τὴν
2185 3995 2394 4048 οἰκείαν
2425 3993 2741 4066 ἀγαθότητα
2772 3995 3096 4065 παραδηλοῖ.
3620 4060 3623 4061 ν

454 4092 619 4147 Vatis.
643 4090 732 4143 25.
760 4084 1010 4156 Nunquid
1042 4083 1310 4138 voluntate
1341 4079 1492 4134 velim
1524 4089 1740 4133 mortem
1764 4079 1932 4150 iniqui

2126 4094 2231 4156 κγ’.
2275 4088 2359 4142 Οὐ
2384 4087 2430 4120 ⁸⁸
2459 4086 2545 4157 μὴ
2573 4087 2819 4156 θελήσει
2844 4088 3082 4154 θελήσω
3106 4088 3215 4142 τὸν
3238 4088 3498 4143 θάνατον
3522 4087 3620 4139 τοῦ

381 4187 513 4240 dicit
554 4181 762 4238 Adonai
810 4177 1095 4242 Dominus,
1132 4176 1269 4230 sicut
1333 4173 1560 4226 converti
1590 4173 1764 4241 ipsum
1801 4188 1832 4225 ιι
1871 4173 1935 4227 vi:

2056 4178 2283 4248 ἀνόμου
2305 4179 2370 4246 ⁸⁸,
2417 4179 2579 4249 λέγει
2620 4178 2857 4234 Ἀδωνατ
2889 4181 3119 4247 Κύριος,
3150 4180 3230 4246 ὠς
3271 4181 3337 4234 τὸ
3374 4178 3621 4245 ἐπιστρέ-

381 4295 481 4335 sua
527 4275 693 4338 mala,
730 4282 777 4328 et
811 4272 981 4340 ipsum
1032 4268 1240 4324 vivere?
1288 4263 1408 4319 Non
1448 4273 1679 4318 mortem
1702 4306 1716 4332 ,
1754 4263 1930 4333 inquit

2057 4271 2169 4336 ψαι
2220 4269 2410 4323 αὐτὸν
2444 4270 2511 4324 ἐκ
2550 4270 2594 4303 ⁸⁷
2638 4268 2749 4338 τῆς
2782 4269 2923 4324 ὁδοῦ
2970 4271 3158 4326 αὐτοῦ
3193 4270 3306 4340 τῆς
3347 4268 3618 4340 πονηρᾶς.

386 4366 582 4436 iniqui,
632 4362 727 4421 sed
764 4358 1140 4432 pcenitenliam
1201 4355 1367 4426 cupio
1405 4371 1419 4408 :
1453 4368 1633 4423 neque
1695 4352 1842 4409 enim
1899 4369 1930 4407 u

2060 4360 2159 4414 καὶ
2192 4358 2364 4427 ζῆσαι
2405 4361 2624 4423 αὐτόν;
2659 4362 2732 4413 Οὐ
2767 4361 2858 4414 τὸν
2894 4361 3146 4428 θάνατον,
3195 4362 3354 4433 φησὶ,
3389 4363 3476 4414 τοῦ
3509 4361 3621 4414 ἀνό-

386 4460 637 4532 punirem
684 4453 967 4509 hominum
1011 4458 1267 4503 naturam
1314 4446 1523 4508 creavi,
1574 4444 1673 4500 sed
1718 4451 1778 4499 ut
1829 4459 1935 4498 cun

2065 4466 2164 4520 μου
2191 4448 2326 4503 ἀλλὰ
2352 4448 2448 4520 τὴν
2482 4450 2773 4520 μετάνοιαν
2799 4450 2947 4504 ποθῶ
2963 4467 2976 4482 ·
3002 4451 3254 4521 οὐδὲγὰρ
3281 4451 3367 4504 ἵνα
3396 4450 3620 4514 κολάσω,

384 4563 449 4603 ea
488 4547 657 4601 vitam
708 4538 1199 4597 communicarent).
1250 4533 1316 4587 Et
1376 4533 1541 4588 rebus
1590 4533 1757 4588 verba
1797 4533 1935 4588 testi!

2059 4542 2169 4596 τῶν
2214 4540 2516 4612 ἀνθρώπων
2554 4541 2653 4612 τὴν
2700 4541 2861 4611 φύσιν
2907 4541 3340 4612 ὲδημιούργησα,
3388 4541 3498 4595 ἀλλ’
3540 4541 3621 4594 ἵνα

386 4636 631 4692 monium
686 4631 826 4686 dant
878 4647 892 4684 :
935 4625 1212 4698 siquidem
1268 4637 1449 4694 neque
1499 4623 1797 4694 prophetas
1854 4636 1935 4679 ευι

2065 4626 2209 4699 ζωῆς
2232 4629 2445 4704 μεταδῶ
2463 4647 2475 4659 ·
2508 4632 2780 4701 μαρτυρεί
2800 4630 2857 4682 δὲ
2881 4633 2995 4692 τοῖς
3016 4630 3196 4700 λόγοις
3220 4631 3289 4684 τὰ
3312 4631 3620 4702 πράγματα’

387 4727 611 4782 numine
639 4721 898 4788 amasset,
922 4726 1018 4775 aut
1054 4717 1339 4790 apostolos
1367 4715 1629 4781 misisset,
1650 4723 1703 4771 et
1723 4715 1935 4784 scripta:

2064 4721 2126 4772 οὐ
2159 4721 2268 4791 γὰρ
2313 4718 2379 4773 ἂν
2430 4721 2735 4791 προφήταις
2785 4720 3107 4787 ἐνέπνευσε,
3161 4722 3259 4774 καὶ
3305 4719 3622 4783 ἀποστόλους

386 4821 535 4890 leges
566 4815 923 4879 tradidisset,
956 4813 1421 4884 pollicereturque
1462 4808 1626 4875 bona,
1657 4816 1711 4863 et
1754 4809 1933 4879 gehen

2067 4811 2375 4875 ἀπέστειλε,
2413 4810 2505 4864 καὶ
2530 4810 2841 4883 ὲγγράφρυς
2880 4810 3047 4864 ἔδωκε
3075 4809 3296 4880 νόμους,
3340 4811 3427 4864 καὶ
3454 4809 3624 4878 ἁγαθὰ

390 4926 516 4966 nam
545 4910 864 4973 minaretur,
891 4906 938 4962 si
969 4904 1167 4974 punire
1192 4907 1425 4973 cuperet
1451 4918 1464 4954 :
1488 4900 1585 4955 sed
1617 4899 1935 4970 permisisse

2069 4902 2432 4974 ὑπισχνεῖται,
2467 4903 2562 4956 καὶ⁸
2584 4902 2811 4971 γέενναν
2841 4901 3072 4965 ἀπειλεῖ,
3102 4901 3351 4966 κολάζειν
3378 4902 3418 4933 ⁵³
3450 4898 3627 4969 βουλό·

393 4999 644 5056 liomines
672 4995 1272 5065 eoferri,quocunque
1311 4991 1535 5047 vellent.
1569 4988 1728 5044 Nunc
1774 4997 1935 5044 auten

2071 5012 2230 5067 μενος
2248 5010 2263 5026 ⁸
2288 4993 2403 5048 ἀλλ’
2430 4994 2612 5048 εῐασεν
2636 4992 2702 5047 ἂν
2723 4994 2846 5056 τοὺς
2872 4991 3212 5064 ἀνθρώπους,
3238 4994 3313 5056 ὼς
3334 4992 3397 5045 ἂν
3415 4990 3624 5046 θέλωσι.

391 5088 578 5145 omnia
609 5086 724 5141 haec
755 5084 942 5139 facere
989 5089 1324 5153 perseverat,
1351 5089 1409 5136 ut
1453 5081 1521 5137 ab
1554 5081 1623 5137 iis
1671 5081 1928 5136 calamita

2070 5083 2360 5156 φέρεσθαι·
2396 5084 2493 5141 νῦν
2522 5084 2581 5138 δὲ
2624 5084 2796 5139 ταῦτα
2828 5083 3007 5137 πάντα
3043 5084 3282 5139 διατελεῖ
3317 5082 3502 5143 ποιῶν.
3547 5080 3628 5131 ἵνα

392 5180 562 5246 tibus,
594 5192 733 5249 quas
780 5175 1024 5230 minatus
1055 5184 1162 5238 est,
1197 5174 1411 5230 liberet.
1439 5175 1576 5231 Esse
1615 5182 1800 5230 autem
1843 5190 1935 5243 qua

2069 5173 2177 5226 τῶν
2236 5171 2616 5243 ὴπειλημένων
2668 5169 3008 5243 ἐλευθερώσῃ
3065 5172 3292 5226 δεινῶν·
3340 5174 3415 5226 ὅτι
3464 5168 3523 5221 δὲ
3570 5165 3627 5217 οὗ

395 5273 655 5327 dicuntur
706 5282 818 5323 non
872 5265 1051 5320 solum
1085 5265 1275 5327 verba,
1315 5265 1413 5320 sed
1454 5280 1566 5329 res,
1606 5281 1729 5335 quae
1762 5265 1935 5334 partin

2069 5264 2217 5333 λόγοι
2251 5264 2410 5334 μόνον
2440 5265 2509 5318 τὰ.
2535 5265 2822 5335 εἰρημένα,
2851 5263 2987 5318 ἀλλὰ
3020 5264 3087 5318 τὰ
3107 5266 3153 5296 δ’
3186 5265 3500 5337 πράγματα,
3540 5257 3628 5312 καὶ

1696 5423 1929 5478 νΑιιιΑς
1974 5422 2414 5508 ιιῑιῖτιοθιιξε.⁸

470 5549 515 5582 ³⁹
542 5546 711 5600 Aliter
761 5540 903 5611 apud
938 5538 1258 5611 ΙλῖίὶίηιεςΣ
1322 5553 1462 5611 vers.
1530 5541 1594 5593 18
1632 5549 1686 5592 et
1738 5541 1824 5611 ιι),
1900 5540 1935 5571 ’σε

2044 5572 2085 5611 έ-
2119 5541 2304 5593 αὑτοῦ.
2364 5543 2467 5611 ΙιξιΑ
2492 5554 2706 5611 quoque
2850 5547 2902 5593 et
3031 5609 3038 5611 _
3070 5538 3125 5611 *ξ
3150 5531 3451 5611 κρίμαὶιαί.
3504 5529 3623 5611 Pus.

419 5587 1724 5689 αριιιίνίξξὶίῖὲίῖίιιῗίίδί’ἷύτηξῖ-Ιῖέιὶςίιίοιίιξς
1843 5587 1996 5689 ;nscd
2028 5610 2065 5662 Β
2103 5587 2631 5689 “inira:
2934 5587 3067 5689 dial;
3228 5589 3273 5689 εξ
3325 5603 3444 5689 [ἷξε.
3470 5600 3623 5689 lect.

419 5624 560 5689 apud
600 5624 761 5677 Las,
795 5624 847 5666 et
891 5628 945 5665 In
977 5624 1040 5664 Α.
1118 5624 1162 5640 ἰ
1196 5624 1355 5677 αυτη.
1400 5624 1478 5661 ua
1507 5624 1724 5729 q‘tzoque
1757 5624 1856 5671 A.;
1902 5626 1935 5660 Si

402 5685 739 5761 ἀποστρέιινῃἔ
784 5680 873 5761 ,⁸⁵
901 5682 1021 5761 αρτ.
1077 5678 1200 5734 Des.
1242 5676 1551 5761 aptidhLX.
1585 5717 1599 5730 .
1674 5677 1719 5761 δέ
1748 5677 1820 5761 (ξύ
1862 5676 1934 5731 De

2044 5624 2065 5662 ι
2103 5624 2263 5678 αντη,
2321 5624 2399 5663 ut.
2457 5624 2618 5670 intra,
2656 5624 2710 5660 In
2745 5624 2906 5662 man.
2934 5624 3063 5661 ann.
3099 5624 3155 5660 Ζ.
3228 5624 3273 5637 ’-
3325 5624 3444 5656 nec.
3502 5624 3623 5651 mu.

2044 5679 2162 5761 lplld
2204 5678 2371 5761 bXX,
2411 5685 2467 5732 et
2517 5692 2705 5761 supra,
2744 5686 2784 5761 ιι.
2819 5677 2939 5761 lip.
2966 5677 3125 5761 715?.“
3166 5666 3623 5761 “arbuta-Al.

405 5737 832 5873 ξ-ἀμᾶρῖᾤλοῦ.
910 5753 954 5784 ⁸⁷
978 5737 1332 5818 ὲκ-πονηρ,
1389 5746 1509 5801 llcs.
1552 5760 1737 5813 supra,
1775 5747 1808 5796 l.
1848 5763 1894 5798 (ι,

453 5837 531 5873 es.
560 5837 612 5873 ιιι
703 5863 716 5873 .

2056 5737 2072 5748 ’
2095 5749 2195 5817 leg.
2234 5737 2449 5819 ἐπιστρ.
2497 5737 2658 5801 αὑτὸν
2688 5737 2779 5800 καὶ
2813 5737 2931 5817 ζῇν.
3009 5746 3052 5780 ⁸⁸
3083 5745 3126 5800 Β
3165 5744 3393 5800 κολάσαι.
3439 5737 3516 5776 ⁷η
3540 5737 3603 5789 τά

453 5837 531 5875 (.‘S.
560 5837 612 5873 lli
657 5837 716 5877 υ,
