3840 6202
254 289 346 355 981

1380 298 1459 361 IN
1496 297 1943 365 EZECHIELIS
1969 305 2126 368 CAP.
2150 307 2293 371 XIX

3405 316 3517 380 οδε
3564 299 3568 304 ’

253 404 330 457 Τὰ
358 402 772 474 συμϐησόμενα,
816 402 973 473 φησὶ,
1004 402 1083 473 τῷ
1115 403 1210 456 τοῦ
1244 405 1465 478 Ἰσραὴλ
1498 408 1729 478 βασιλεῖ,
1761 411 1830 464 δι’

1943 418 2045 471 na?
2071 415 2204 482 Quae
2239 424 2509 473 eventura
2561 416 2698 486 sint,
2747 420 2948 492 inquit,
2979 422 3094 493 regi
3145 420 3384 487 lsraelis,
3407 440 3507 493 per

252 488 321 546 ὧν
345 495 511 548 αὐτὸν
543 494 782 566 Θρηνεῖς,
809 495 1233 567 προαγόρευσον.
1264 499 1500 554 Βασιλέα
1520 500 1576 554 δὲ
1613 503 1829 573 Ἰσραὴλ

250 589 306 641 οὐ
339 588 432 640 τὸν
461 590 519 640 ἐν
564 587 848 658 Σαμαρείᾳ
898 589 1207 660 καθήμενον
1260 591 1447 660 λέγει’
1500 594 1669 648 πάλαι
1719 596 1828 668 γὰρ

251 680 429 749 ἐκείνη
463 679 732 750 κατελύθη
758 681 790 750 ἠ
822 680 1066 749 βασιλεία
1092 699 1105 712 ο
1154 684 1290 737 ἀλλὰ
1317 685 1409 738 τὸν
1439 687 1497 737 ἐν
1521 688 1586 757 τῇ
1633 686 1831 758 Ἰερου-

250 770 450 840 σαλήμ.
489 772 715 823 Πάντων
761 770 870 841 γὰρ
901 772 1011 825 τῶν
1045 774 1344 844 τηνικαῦτα
1391 777 1829 846 ὑπολειφθέντων

248 862 275 912 ὁ
302 859 400 913 τοῦ
437 860 609 913 Ἰούδα
647 861 894 930 βασιλεὺς
934 862 1216 917 ἐϐασίλευε
1241 882 1254 895 ο
1304 865 1585 919 καὶτοῦτο
1623 868 1829 939 ἡμᾶς-ἡ

248 954 483 1024 τετάρτη
515 953 754 1007 διδάσκει
792 955 901 1009 τῶν
930 956 1244 1022 Βασιλειῶν,
1278 959 1373 1012 καὶ
1420 960 1529 1011 τῶν
1563 960 1833 1030 Παραλει-

252 1047 502 1117 πομένων
527 1048 560 1117 ἡ
587 1047 840 1119 δευτέρα.
860 1049 1105 1117 Μητέρα
1137 1050 1195 1103 δὲ
1244 1052 1350 1104 τοῦ
1373 1052 1687 1118 βασιλέως
1734 1052 1831 1124 τὴν

260 1138 615 1210 Ἰερουσαλὴμ
642 1140 1086 1213 προσηγόρευσεν
1105 1164 1123 1178 ··
1155 1142 1363 1197 ἐκεῖθεν
1385 1145 1494 1213 γὰρ
1517 1147 1566 1198 ol
1594 1144 1834 1215 βασιλεῖς

250 1231 521 1301 ὡρμῶντο
547 1247 563 1262 θ
582 1232 834 1286 ,λέαιναν
855 1233 913 1287 δὲ
947 1234 1116 1305 αὐτὴν
1159 1235 1330 1297 καλεῖ,
1376 1238 1437 1289 ού
1477 1236 1564 1290 διὰ
1590 1237 1651 1290 τὸ
1681 1236 1834 1305 βασι-

248 1323 399 1376 λικὸν
431 1324 590 1393 μόνον
618 1324 718 1394 τῆς
742 1324 971 1389 πόλεως,
1006 1326 1144 1380 ἀλλὰ
1178 1327 1273 1381 καὶ
1307 1327 1396 1380 διὰ
1417 1329 1518 1399 τὴν
1546 1329 1645 1382 τοῦ
1666 1328 1832 1400 ἤθους

247 1415 591 1487 θρασύτητα.
647 1435 667 1468 ι
704 1416 794 1470 Ἐν
825 1417 976 1487 μέσῳ
1002 1417 1233 1470 λεόντων
1276 1419 1514 1491 ἐνεμήθη
1539 1420 1606 1473 ⁸⁸.
1645 1438 1663 1470 ι
1711 1419 1832 1473 Τῶν

248 1507 453 1579 κύκλῳ,
488 1508 643 1577 φησὶ,
690 1508 954 1578 βασιλέων
1001 1510 1239 1581 ἐζήλωσε
1276 1512 1367 1564 τὸν
1413 1512 1632 1581 τρόπον.
1689 1530 1708 1564 ι
1745 1513 1832 1565 Ἐν

250 1600 404 1671 μέσῳ
447 1600 680 1654 λεόντων
725 1601 993 1672 ἐπλήθυνε
1048 1605 1321 1674 σκύμνους
1368 1604 1535 1658 αὑτοῦ
1553 1606 1618 1658 ⁵³.
1652 1622 1670 1655 ι
1729 1605 1834 1675 Ση-

252 1689 435 1758 μαίνει
461 1689 517 1742 δὲ
544 1690 616 1744 τὰ
653 1689 789 1760 μετὰ
815 1690 907 1744 τὸν
947 1690 1159 1746 Ἰωσίαν
1193 1694 1479 1762 συμϐάντα
1504 1711 1517 1724 ’
1575 1695 1834 1767 τέτταρες

1932 521 2055 575 quae
2080 521 2204 561 eum
2250 508 2426 579 luges,
2459 509 2763 580 praedicito.
2798 510 3003 584 Regem
3044 522 3227 570 autem
3262 516 3506 577 lsraelis.

1932 613 2042 652 non
2070 614 2196 654 eum
2223 602 2316 670 qui
2343 603 2399 656 in
2438 602 2691 657 Samaria
2719 604 3016 669 residebat,
3046 605 3201 674 dicit,
3231 605 3507 677 siquidem

1932 705 2164 761 regnum
2199 692 2329 749 illud
2361 694 2573 765 pridem
2609 712 2865 752 eversum
2897 697 3103 761 fuerat,
3129 698 3224 755 sed
3252 714 3380 754 eum
3404 698 3510 767 .qui

1931 782 1989 836 in
2038 782 2435 857 Hierosolymis
2484 787 2610 857 jura
2657 787 2846 853 dabat,
2891 789 3147 859 intelligit
3192 808 3207 844 :
3253 790 3512 846 omnibus

1933 874 2079 928 enim
2108 876 2203 946 qui
2233 886 2365 933 tunc
2392 879 2592 949 reliqui
2615 879 2835 935 fuerant
2861 897 2955 937 rex
2987 880 3141 937 Iudae
3173 882 3511 952 imperabat;

1934 965 2083 1034 quod
2143 982 2245 1023 nos
2286 977 2341 1024 et
2385 978 2620 1041 quartus
2680 972 2843 1027 docet
2890 971 3207 1043 Regnorum
3256 973 3419 1037 liber,
3459 983 3515 1028 et

1934 1055 2396 1126 Paralipomenon
2421 1062 2726 1118 secundus.
2747 1061 2977 1119 Matrem
3002 1072 3187 1119 autem
3222 1065 3358 1134 regis
3388 1064 3519 1118 llic-

1935 1148 2271 1220 rosolymam
2316 1153 2682 1224 nuncupavit,
2735 1170 2861 1209 cum
2920 1156 3077 1212 illinc
3127 1172 3289 1227 reges
3349 1155 3516 1226 proti-

1935 1241 2296 1297 ciscerentur.
2342 1243 2409 1299 Et
2440 1245 2662 1301 leaenam
2720 1248 2899 1318 ipsam
2938 1256 3120 1313 vocat,
3169 1265 3279 1304 non
3335 1250 3514 1304 solum

1934 1337 2161 1401 propter
2192 1332 2349 1388 urbis
2395 1336 2605 1406 regiam
2637 1336 3134 1404 nobilitatem,-sed
3187 1336 3350 1392 etiam
3391 1351 3517 1406 pro-

1935 1433 2057 1492 pter
2086 1438 2304 1480 morum
2330 1427 2642 1483 audaciam.
2674 1447 2693 1479 ι
2732 1430 2790 1483 In
2818 1429 3000 1485 medio
3026 1430 3246 1484 leonum
3281 1429 3449 1498 pavit.
3492 1445 3510 1479 ι

1936 1514 2173 1585 Regum,
2206 1517 2410 1588 inquit,
2443 1519 2537 1590 qui
2572 1520 2628 1575 in
2667 1521 2905 1576 circuitu
2939 1530 3118 1585 erant,
3147 1536 3329 1576 mores
3355 1535 3517 1573 armu-

1936 1608 2048 1662 lata
2088 1616 2193 1665 cst.
2233 1628 2252 1661 ι
2288 1609 2347 1664 In
2382 1611 2565 1667 medio
2602 1613 2825 1668 leonum
2870 1613 3265 1683 multiplicavit
3302 1612 3515 1667 catulos

1939 1712 2093 1752 suos.
2140 1717 2159 1751 ι
2206 1699 2493 1770 Signiﬁcat
2534 1710 2716 1757 autem
2752 1719 2816 1758 ea
2850 1718 2973 1774 quas
3013 1710 3139 1775 post
3186 1702 3391 1758 Josiam
3423 1717 3516 1755 ac-

249 1778 363 1850 γὰρ
396 1778 637 1849 βασιλεῖς
662 1781 719 1835 ἐν
753 1780 917 1851 ὀλίγῳ
934 1780 981 1813 ⁸⁸
1016 1783 1117 1852 τῆς
1154 1784 1513 1858 Ἰερουσαλὴμ
1536 1787 1830 1859 ἡγήσαντο,

1943 1791 2211 1847 uiderunt.
2234 1794 2487 1861 Quatuor
2516 1797 2663 1851 enim
2686 1814 2847 1869 reges
2864 1798 3016 1853 brevi
3053 1805 3298 1867 tempore
3323 1795 3516 1851 Hiero-

260 1869 510 1939 Ἶωάχαζ,
548 1871 821 1942 Ἰωακεὶμ,
857 1873 1132 1942 Ἰεχονίας,
1170 1875 1461 1941 Σεδεκίας..

312 2051 389 2118 γ’,
417 2050 478 2103 δ’.
524 2053 633 2105 Kal
667 2055 1066 2125 ἀπεπήδησεν
1107 2052 1194 2123 εἷς
1239 2060 1359 2111 τῶν
1399 2061 1689 2129 σκύμνων
1730 2065 1837 2116 αὐ-

244 2140 359 2208 τῆς
379 2159 393 2172 ·
434 2145 596 2197 λέων
634 2144 889 2215 ἐγένετο,
934 2149 1033 2202 καὶ
1068 2148 1287 2218 ἔμαθεν
1327 2151 1608 2218 ἁρπάζειν
1643 2154 1836 2223 ἀρπά-

244 2250 462 2304 γματα,
512 2238 865 2307 ἀνθρώπους
909 2240 1153 2309 ἔφαγεν.
1209 2244 1321 2297 Kal
1363 2244 1597 2313 ἤκουσε
1639 2247 1834 2315 περὶ⁶⁵

243 2328 437 2382 αὐτοῦ
469 2330 638 2398 ἔθνη,
670 2334 766 2387 καί
796 2334 1153 2402 συνελήφθη
1193 2335 1263 2389 ἐν
1306 2335 1378 2405 τῇ
1408 2337 1705 2407 διαφθορᾷ
1730 2342 1833 2396 αὐ-

242 2418 356 2473 τοῦ
375 2421 438 2483 ⁸⁸,
480 2422 581 2475 καὶ
612 2422 842 2493 ἤγαγον
872 2425 1059 2478 αὐτὸν
1087 2427 1159 2479 ἐν
1187 2426 1355 2495 κημῷ
1393 2431 1482 2494 είς
1510 2429 1629 2498 γῆν
1658 2432 1834 2499 Αἰγύ-

247 2529 426 2566 πτου.
480 2513 589 2565 Τὸν
634 2515 864 2586 ’ῐωάχαζ
908 2515 1090 2582 λέγει,
1133 2517 1191 2580 ὃς
1233 2518 1441 2571 Ἰωσίαν
1492 2521 1584 2572 τὶν
1628 2522 1838 2593 πατέρα

245 2604 659 2676 διαδεξάμενος,
711 2608 806 2660 καὶ
844 2610 972 2678 περὶ
1003 2608 1062 2661 τὸ
1099 2608 1254 2661 Θεϊον
1284 2611 1506 2678 ἐγένετο
1549 2612 1834 2681 δυσσεϐὴς,

247 2695 349 2747 καὶ
402 2696 532 2763 περὶ
570 2699 696 2762 τοὺς
744 2698 1017 2768 ὑπηκόους
1060 2701 1377 2772 παράνομος
1404 2720 1416 2731 ·
1471 2703 1607 2757 ἀλλὰ
1650 2704 1839 2758 τοῦτον

242 2787 315 2837 Φα
328 2785 449 2856 ραὼ
472 2787 668 2858 Νεχαὼ
691 2789 800 2844 τῶν
822 2790 1136 2859 Αἰγυπτίων
1161 2794 1190 2844 ὁ
1221 2792 1473 2862 βασιλεὺς
1503 2794 1838 2863 δορυαλωτον

242 2877 452 2942 λαϐὼν,
502 2881 881 2952 πεπεδημένον
931 2886 1226 2955 εἰσήγαγεν
1270 2887 1351 2948 εἰς
1398 2885 1495 2955 τὴν
1540 2886 1835 2953 Αἴγυπτον,

245 2971 337 3022 καὶ
376 2973 503 3023 ἐκεῖ
542 2973 644 3043 τῆς
689 2976 1034 3045 παρανομίας
1085 2977 1184 3039 τὰς
1234 2977 1393 3039 δίκας
1437 2976 1641 3040 ἐξέτισε
1669 2993 1682 3006 ·
1747 2978 1841 3030 καὶ

1939 1881 2163 1953 solymae
2186 1882 2453 1941 dominati
2485 1894 2635 1954 sunt,
2653 1885 2916 1953 Joachaz,
2944 1885 3174 1953 Joacim,
3195 1885 3512 1951 Jechonias,

1940 1971 2222 2029 Sedecias.

2009 2063 2177 2117 Vens.
2219 2068 2271 2130 ὅ,
2316 2069 2368 2122 4.
2401 2069 2470 2122 Et
2504 2070 2705 2123 exsiliit
2752 2087 2887 2125 unus
2934 2070 2997 2125 de
3031 2070 3221 2123 catulis
3251 2070 3367 2138 ejus
3393 2085 3408 2121 :
3439 2068 3517 2121 lco

1939 2155 2112 2223 factus
2138 2164 2237 2217 est,
2268 2165 2317 2209 et
2359 2155 2549 2211 didicit
2584 2175 2768 2227 rapere
2798 2160 3045 2230 rapinas,
3077 2160 3310 2213 homines
3340 2173 3516 2213 come-

1939 2245 2037 2298 dit.
2073 2245 2238 2316 817
2271 2246 2340 2300 Et
2367 2249 2649 2304 audierunt
2685 2251 2748 2305 de
2785 2268 2845 2306 eo
2874 2261 3075 2322 gentes,
3100 2260 3148 2305 et
3180 2252 3518 2318 comprehen-

1940 2354 2031 2392 sus
2058 2347 2137 2392 est
2163 2340 2219 2392 in
2247 2343 2583 2409 corruptione
2619 2359 2741 2409 sua,
2772 2353 2822 2397 et
2853 2343 3189 2398 adduxerunt
3222 2332 3340 2396 eum
3367 2357 3520 2394 canto

1938 2428 1994 2482 in
2054 2437 2251 2482 terram
2319 2431 2564 2503 diggpti.
2624 2434 2701 2489 De
2754 2432 3025 2491 Joacliaso
3084 2435 3359 2504 loquitur,
3425 2433 3518 2503 qui

1941 2535 2066 2574 eum
2126 2520 2289 2576 iusin:
2330 2526 2547 2592 parenti
2582 2527 2965 2593 successisset,
3016 2536 3071 2581 et
3115 2526 3169 2579 in
3203 2525 3371 2580 Deum
3416 2524 3522 2577 im-

1941 2612 2087 2681 pius,
2120 2621 2175 2667 et
2206 2613 2263 2666 in
2310 2616 2420 2670 sibi
2450 2618 2731 2687 subjectos
2787 2620 3011 2689 iniquus
3049 2618 3150 2672 fuit
3192 2636 3203 2671 :
3240 2618 3335 2672 sed
3371 2618 3521 2670 hunc

1942 2700 2157 2758 Pharao
2193 2704 2414 2761 Nechao
2458 2707 2842 2780 {Egyptiorum
2878 2725 2981 2765 rex-
3026 2711 3168 2765 bello
3209 2719 3429 2779 captum
3465 2717 3521 2764 et

1942 2798 2305 2864 compedibus
2338 2799 2606 2866 vinctum,
2649 2802 2958 2857 introduxit
2984 2802 3037 2855 in
3072 2801 3393 2872 IEgyptum,
3426 2802 3518 2854 ubi

1941 2883 2036 2936 ille
2071 2888 2345 2942 scelerum
2378 2903 2573 2959 pmnas
2629 2892 2912 2961 persolvit.
2955 2890 3113 2957 Quod
3159 2891 3515 2961 signiﬁcavit,

1942 2988 2066 3025 cum
2108 2974 2248 3031 dixit
2292 2996 2304 3032 :
2353 2997 2371 3029 ι
2413 2977 2861 3049 Comprehensus
2915 2987 3002 3036 est
3054 2981 3108 3035 in
3158 2982 3519 3049 corruptione

246 3061 403 3114 τοῦτο
435 3064 717 3132 ἐσήμανεν
751 3067 1367 3137 είρηκὼς,ιΣυνελὴφθη
1390 3068 1449 3119 ἐν
1472 3070 1538 3136 τῇ
1569 3066 1834 3136 διαφθορᾷ

1944 3076 2065 3120 sua.
2106 3084 2124 3118 ι
2164 3067 2368 3124 Deinde
2401 3069 2630 3139 subjicit
2667 3089 2702 3123 :.

246 3153 436 3207 αὐτοῦ.
475 3174 494 3204 ι
542 3151 674 3207 Εἶτα
696 3158 915 3226 ἐπάγει·

314 3245 466 3306 ε’-ζἿ
511 3245 624 3300 Kal
657 3246 816 3299 εἶδεν
850 3247 939 3301 ὅτι
979 3247 1253 3303 ἀπῶσται
1294 3249 1463 3302 ἀπ’θτ
1486 3248 1699 3317 αὐτῆς,
1741 3248 1838 3302 καὶ

246 3339 528 3391 ἀπώλετο
570 3340 610 3407 ἡ
645 3342 978 3407 ὑπόστασις
1012 3341 1223 3407 αὐτῆς,
1270 3341 1369 3393 ναὶ
1404 3341 1619 3394 ἔλαϐεν
1646 3339 1842 3393 ἄλλον

244 3427 310 3480 ἐκ
337 3426 467 3481 τῶν
510 3431 801 3498 σκύμνων
833 3430 1024 3500 αὐτῆς
1048 3448 1060 3460 ·
1115 3430 1333 3483 λέοντα
1374 3430 1590 3493 ἔταξεν
1632 3429 1838 3483 αὐτόν.

246 3520 351 3573 Καὶ
375 3521 791 3588 ἀνεστρέφετο
807 3523 877 3576 ἐν
894 3523 1062 3592 μέσῳ
1081 3524 1345 3576 λεόντων
1367 3539 1381 3553 ·
1409 3523 1568 3574 λέων
1582 3520 1839 3589 ἐγένετο,

246 3610 343 3663 καὶ
365 3611 603 3679 ἔμαθεν
636 3612 915 3680 ἁρπάζειν
945 3613 1320 3682 ἁρπάγματα,
1361 3612 1457 3665 καὶ
1492 3610 1843 3679 ἀνθρώπους

487 3705 599 3758 Καὶ
629 3706 868 3774 ἐνέμετο
896 3707 966 3759 ἐν
986 3706 1066 3771 τῷ
1092 3705 1298 3773 θράσει
1328 3703 1583 3768 αὐτοῦ⁶⁸,
1614 3704 1844 3769 καὶτὰς

246 3798 466 3860 πόλεις
509 3794 712 3849 αὐτῶν
757 3796 1120 3866 ἐξερήμωσε,
1182 3798 1281 3849 καὶ
1310 3795 1571 3864 ἠφάνισε
1597 3795 1716 3864 γῆν
1746 3795 1845 3849 καὶ

245 3889 306 3939 τὸ
338 3888 650 3956 πλήρωμα
676 3888 863 3957 αὐτῆς
887 3889 1005 3944 ἀπὸ
1035 3887 1241 3957 φωνῆς
1266 3888 1615 3957 ὠρυώματος
1634 3888 1838 3942 αὐτοῦ.

245 3980 347 4031 Τὸν
399 3981 669 4050 Ἰεχονίαν
727 3981 812 4033 διὰ
859 3981 1062 4035 τούτων
1110 3980 1464 4051 παρεδήλωκε
1491 3980 1557 4044 ⁸⁸,
1609 3979 1699 4033 τὸν
1748 3978 1843 4031 τοῦ

256 4069 533 4137 Ίωακεὶμ
574 4070 688 4122 υἱόν
718 4088 732 4102 ο
778 4071 915 4141 περὶ·
934 4071 1044 4142 γὰρ
1072 4070 1179 4123 τῶν
1219 4069 1527 4139 γενομένων
1560 4068 1843 4140 αἰχμαλώ-

241 4172 370 4221 των,
428 4157 533 4209 καὶ
566 4157 625 4209 ὲν
663 4160 729 4228 τῇ
762 4157 889 4229 ξένῃ
917 4158 1229 4228 δεξαμένων
1261 4156 1355 4209 τοῦ
1388 4157 1504 4227 βίου
1553 4158 1615 4210 τὸ
1650 4156 1841 4239 πέρας,

243 4252 495 4302 ποιεῖται
526 4248 622 4301 τὸν
649 4250 804 4318 λόγον
823 4266 839 4280 ·
882 4250 962 4303 διὸ
985 4251 1077 4303 τοῦ
1115 4251 1367 4320 Ἰωακεὶμ
1398 4250 1491 4302 ἐπὶ
1520 4248 1612 4302 τοῦ
1642 4250 1843 4320 παρόν-

240 4357 332 4404 τος
368 4340 481 4411 τὴν
524 4341 746 4412 μνήμην
774 4341 1063 4395 κατέλιπεν
1090 4359 1104 4372 ι
1146 4344 1205 4395 ἐν
1237 4345 1313 4412 τῇ
1335 4341 1443 4412 γὰρ
1493 4340 1844 4410 Ἰερουσαλὴμ.

2013 3242 2178 3302 Vens.
2221 3246 2337 3302 5-7.
2379 3246 2451 3300 Et
2489 3249 2617 3301 vidit
2651 3263 2706 3302 se
2754 3249 3019 3315 repulsam
3069 3263 3181 3301 esse
3218 3246 3288 3299 ab
3337 3262 3434 3307 ea,
3472 3256 3523 3297 et

1942 3337 2160 3403 periisse
2183 3340 2617 3407 exspectationem
2647 3340 2759 3409 ejus
2783 3355 2801 3394 :
2825 3348 2873 3392 et
2895 3340 3026 3407 cepit
3053 3338 3219 3393 alium
3237 3335 3300 3391 de
3328 3337 3520 3391 catulis

1944 3430 2076 3495 suis,
2112 3430 2307 3484 leonem
2341 3432 2613 3485 constituit
2644 3448 2783 3485 eum.
2826 3430 2892 3483 Et
2928 3429 3239 3485 versabatur
3264 3430 3317 3482 in
3352 3428 3521 3483 medio

1947 3523 2177 3589 leonum,
2226 3522 2307 3576 leo
2337 3522 2514 3592 factus
2554 3530 2633 3578 est
2671 3534 2721 3577 et
2765 3524 2951 3577 didicit
2983 3538 3167 3592 rapere
3199 3523 3436 3588 rapinas.
3473 3529 3524 3573 et

1944 3613 2178 3668 homines
2222 3614 2468 3669 comedit.
2503 3614 2570 3668 Et
2613 3614 2926 3683 pascebatur
2967 3615 3021 3667 in
3067 3613 3297 3667 audacia
3320 3628 3439 3668 sua.
3473 3620 3535 3665 et

1947 3706 2181 3760 civitates
2219 3724 2402 3763 eorum
2432 3707 2667 3762 desertas
2701 3708 2848 3777 fecit,
2881 3714 2930 3761 et
2955 3706 3212 3761 desolavit
3254 3714 3453 3759 terram
3475 3713 3525 3756 et

1944 3798 2319 3865 plenitudinem
2347 3801 2462 3870 ejus
2491 3817 2523 3854 a
2558 3817 2677 3856 voce
2705 3801 2914 3870 rugitus
2947 3800 3051 3854 sui.
3078 3796 3176 3853 llis
3199 3795 3533 3853 Jeclioniam-

1946 3891 2177 3947 Joacimi
2204 3893 2377 3947 tilium
2400 3897 2419 3915 '
2445 3894 2748 3963 declaravit
2782 3912 2797 3949 :
2831 3893 2902 3948 de
2930 3893 2997 3948 iis
3022 3891 3168 3947 enim
3197 3890 3291 3962 qui
3323 3888 3524 3958 captivi

1949 3981 2191 4049 fuerunt,
2212 3986 2335 4041 etin
2360 3997 2585 4041 externa
2606 3988 2826 4056 regione
2854 3983 3031 4041 sortiti
3060 3990 3190 4038 sunt
3204 3982 3327 4037 vita:
3341 3980 3523 4043 tinem,

1948 4076 2113 4128 verba
2158 4072 2310 4130 facit.
2354 4074 2480 4132 Ideo
2516 4074 2748 4131 Joacimi
2790 4076 2842 4129 in
2890 4073 3142 4144 prazsenti
3186 4072 3521 4127 mentionem

1948 4165 2164 4232 omisit,
2213 4165 2343 4235 quia
2375 4165 2491 4237 ipse
2525 4166 2581 4221 in
2613 4165 2993 4235 Hierosolyma
3034 4163 3359 4218 interfectus
3397 4162 3538 4214 fuit..

1950 4255 2191 4312 Breviter
2221 4258 2388 4329 igitur
2409 4259 2688 4314 recensuit
2711 4257 2987 4312 JBChOﬂiEP,
3015 4256 3245 4319 scelera,
3275 4255 3364 4324 qui
3398 4268 3522 4307 cum

1950 4364 2045 4418 per
2079 4359 2448 4406 treS—menses
2483 4360 2536 4404 et
2564 4364 2770 4420 paucos
2795 4349 2910 4402 dies
2955 4353 3258 4415 regnasset,
3302 4342 3525 4411 injnslis

239 4427 399 4495 οὗτος
468 4431 696 4497 ἐδέξατο
755 4434 858 4502 τὴν
909 4433 1144 4503 σφαγήν.
1218 4433 1325 4485 Ἐν
1366 4431 1615 4501 συντόμῳ
1669 4430 1834 4482 τοίνυν

1951 4438 2195 4494 caedibus
2236 4441 2424 4494 urbem
2457 4439 2768 4507 complevit.
2803 4435 2899 4489 llis
2937 4442 3116 4488 autem
3157 4434 3225 4485 ab
3266 4447 3331 4486 co
3371 4431 3534 4483 innni.

239 4523 505 4594 διεξῆλθε
559 4524 659 4594 τὴν
712 4525 804 4578 τοῦ
858 4525 1106 4594 Ἰεχονίου
1158 4524 1538 4595 παρανομίαν,
1590 4522 1648 4585 ὃς
1694 4525 1841 4592 τρεῖς

244 4617 430 4685 μῆνας
492 4615 635 4687 προς
688 4616 895 4685 ὀλίγαις
954 4616 1274 4686 βασιλεύσας
1336 4615 1603 4685 ἡμέραις,
1667 4614 1842 4678 φόνων

1952 4548 2058 4584 non
2093 4530 2423 4595 Joacimum,
2457 4532 2550 4585 sed
2593 4529 2933 4589 Jechoniam,
2987 4525 3267 4594 sequentia
3316 4532 3526 4576 testan—

1951 4627 2056 4672 tur.
2092 4619 2261 4688 818
2292 4620 2379 4673 Ait
2410 4621 2552 4674 enim
2589 4637 2601 4672 :

240 4708 463 4762 ἀδίκων
496 4706 600 4777 τὴν
635 4708 789 4761 πόλιν
818 4700 1173 4779 ἐπλήρωσεν.“
1204 4707 1325 4759 Ὅτι
1376 4706 1431 4758 δὲ
1473 4705 1533 4757 οὐ
1570 4703 1659 4755 τὸν
1700 4704 1996 4772 Ὶωακεὶμη
2060 4710 2194 4763 ἀλλὰ
2230 4711 2321 4765 τὸν
2386 4710 2639 4781 Ἰεχονίαν
2699 4711 2788 4765 διὰ
2823 4713 3027 4766 τούτων
3082 4712 3394 4769 αἰνίττεται,
3458 4705 3526 4756 τὰ

241 4801 581 4869 ἐπαγόμενα
617 4803 899 4871 μαρτυρεῖ.
931 4801 1070 4870 Φησὶ
1099 4800 1206 4870 γάρ
1227 4817 1239 4830 ·
1271 4807 1279 4813 “

309 4892 388 4962 η’,
422 4892 500 4945 θ’.
542 4892 651 4946 Καὶ
681 4892 987 4946 ἐπέθετο⁷⁰
1018 4893 1108 4944 ἐπ’
1152 4891 1312 4955 αὐτῷ
1353 4890 1521 4957 ἔθνη-
1548 4891 1846 4944 κυκλόθεν

240 4984 312 5038 ἐκ
341 4984 477 5041 τῶν
517 4982 742 5050 χωρῶν,
792 4985 957 5038 xal“
1000 4984 1376 5047 ὲξεπέτασαν
1406 4982 1499 5034 ἐπ’
1540 4982 1726 5035 αὑτὸν
1759 4979 1848 5034 δί-

242 5093 405 5129 κτυα
451 5074 693 5134 αὐτῶν,
746 5076 844 5129 καὶ
892 5075 962 5129 ἐν
1012 5076 1084 5144 τῇ
1123 5073 1416 5144 διαφθορᾷ
1461 5071 1658 5128 αὐτῶν
1695 5088 1847 5125 συν-

242 5168 521 5237 αλήφθη.
545 5169 654 5222 Kal
673 5169 877 5223 ἔθεντο
898 5169 1083 5222 αὐτὸν
1105 5169 1174 5221 ἐν
1196 5166 1386 5237 κημῷ,
1415 5167 1510 5221 καὶ
1541 5167 1609 5220 ἑν
1631 5164 1845 5234 γαλεά-

1561 5347 1793 5402 ΥΛῐῖΙιΕ
1834 5346 2235 5402 LECTlONES.

2025 4885 2188 4941 Vens.
2224 4888 2281 4953 8,
2311 4887 2364 4942 9.
2417 4887 2487 4942 Et
2524 4888 2794 4943 irruerunt
2832 4905 2987 4959 super
3030 4907 3150 4945 eum
3196 4891 3422 4961 undique
3462 4907 3529 4944 ex

1952 4978 2250 5049 regionibus
2301 4988 2596 5048 gentes,“
2635 4981 2998 5049 expandcrunt
3037 4999 3193 5054 super
3235 4999 3353 5038 eum
3396 4984 3525 5036 retia

1948 5088 2067 5136 sua,
2101 5079 2152 5124 et
2192 5072 2246 5124 in
2292 5072 2625 5137 corruptione
2668 5087 2852 5126 earum
2898 5074 3295 5141 comprehensus
3326 5084 3422 5128 est.
3462 5073 3525 5125 Et

1950 5172 2236 5232 posuerunt
2273 5179 2391 5218 eum
2433 5163 2487 5216 in
2517 5180 2686 5231 camo,
2726 5174 2775 5219 et
2806 5166 2859 5220 in
2900 5183 3077 5234 cavea,
3111 5175 3159 5221 et
3191 5167 3526 5221 adduxerunt

306 5487 554 5555 ,δ’ἐνεμ.
616 5483 744 5538 Rec.
782 5485 907 5537 lect.
965 5485 1213 5554 ἐγενήθη.
1277 5485 1433 5537 Hebr.
1474 5486 1718 5537 recubat.
1796 5485 2367 5570 “Ill.'ab_rﬁ;,juxtn
2428 5500 2537 5537 rer.
2579 5483 2721 5570 ’,ὴ-ει.
2802 5484 2844 5511 ⁵³
2879 5481 2957 5532 ὁὶ..
3018 5476 3075 5530 Β.
3140 5476 3521 5570 gilcl.ﬂz§r3~/q:;

252 5546 301 5573 ⁸³
331 5546 510 5616 περί
559 5554 691 5606 nec.
728 5555 848 5605 lect.
896 5565 977 5607 est
1006 5546 1154 5607 κατ’.
1182 5546 1275 5623 ’ίθθ
1300 5557 1356 5604 ὲν
1388 5572 1436 5606 τ.
1473 5555 1651 5620 διαφθ.
1688 5556 1808 5606 αὐτ.
1853 5553 2012 5607 Hebr.
2046 5546 2120 5606 in'
2147 5546 2287 5605 fessa
2327 5569 2530 5607 carum.
2579 5554 2654 5606 ita
2691 5566 2907 5619 qunque
2967 5563 3105 5623 vers.

1168 5622 1324 5675 Hebr.
1362 5625 1426 5675 l‘lt
1470 5625 1724 5690 cogitavit
1773 5624 1848 5685 (li.
1897 5625 1931 5678 Ι.
1972 5624 2006 5676 i.
2056 5640 2109 5691 ιι,
2145 5625 2281 5675 male
2310 5624 2515 5693 lialmit)
2556 5623 2744 5676 viduas
2766 5634 2974 5676 eorum.

459 5695 510 5724 "
549 5693 971 5762 et..ltu(1mnpl.
1013 5695 1136 5747 live.
1184 5694 1307 5747 lcet.
1343 5693 1547 5747 ἔδωκαν
1697 5694 1875 5747 αὐτόν,
1953 5695 1995 5724 τ’
2029 5693 2137 5747 καί.
2175 5693 2296 5747 llcs.
2331 5695 2385 5746 in
2414 5694 2469 5747 ll.

251 5624 347 5680 ἐπ.
430 5625 481 5656 ⁸³
524 5626 628 5678 Καὶ
664 5653 746 5677 ———.
772 5624 929 5692 θρασ.
966 5624 1086 5675 αὐτ.

257 5714 353 5751 αεν
364 5738 375 5749 .

3269 5546 3309 5599 ‘1’
3346 5547 3441 5596 ἀπ.
3489 5549 3525 5597 Β

3051 5619 3103 5644 (θ’
3131 5614 3166 5664 Β
3211 5610 3527 5694 ῥιοεδὴλωε
