3840 6202
315 256 419 324 987

1325 262 1814 326 THEODORETI
1847 259 2187 323 EPISCOPI
2223 262 2588 329 CYRENSIS

3462 255 3571 324 983

315 386 658 441 recusantes,
708 374 997 430 Dominum
1053 376 1392 449 interrogare
1434 390 1734 445 tentarunt,
1777 395 1883 434 non

1999 378 2047 430 ὲν
2087 379 2359 448 οὐρανοῖς,
2407 373 2775 431 εἰσελεύσεται
2798 374 2845 407 ⁸⁷
2887 374 2967 437 είς
3011 371 3109 444 τὴν
3156 370 3433 442 βασιλείαν
3473 372 3571 426 τοῦ

318 472 378 518 ιιι
406 481 468 521 ea
500 469 725 522 omnino
758 466 996 521 facerent
1036 483 1155 537 quae
1191 471 1296 525 sibi
1339 472 1767 541 imperarentur,
1798 472 1893 527 sed

316 565 379 611 ut
405 557 701 622 discerent,
734 575 800 611 an
832 560 947 612 suis
982 561 1415 630 cogitationibus
1446 566 1632 619 divina
1671 566 1893 620 oracula

318 651 710 706 consentirent.
749 648 862 703 Hoc
902 651 1027 703 item
1055 651 1316 708 Sedecias
1342 656 1541 724 saepius
1579 656 1726 722 fecit,
1762 658 1893 711 ada-

316 751 513 810 ctoque
548 755 642 808 per
678 740 1067 809 jusjurandum
1104 742 1337 798 Jeremia
1374 756 1432 799 ut
1485 762 1605 816 qua:
1641 747 1750 802 Deo
1776 749 1892 804 visa

315 840 523 892 essent,
563 843 747 900 aperte
798 831 904 885 sibi
963 837 1377 903 prmnuntiaret,
1433 854 1555 891 cum
1608 840 1891 896 didicisset

314 937 436 991 qua:
457 921 611 991 jussa
640 921 879 986 fuerant,
913 924 980 980 iis
1014 928 1287 980 contraria
1318 931 1556 997 patravit
1585 949 1597 984 :
1638 940 1691 985 et
1717 933 1807 1002 qui
1837 935 1893 986 in

313 1010 607 1082 IEgyptum
652 1014 815 1083 822
858 1026 981 1084 post
1012 1018 1381 1086 captivitatem
1425 1037 1739 1090 pervenere,
1790 1024 1892 1077 hoc

312 1102 453 1157 idem
479 1105 598 1157 ausi
632 1114 781 1159 sunt.
816 1105 998 1171 Quare
1031 1119 1221 1162 auctor
1256 1112 1504 1163 outnium
1531 1128 1713 1166 rerum
1751 1114 1892 1169 Deus

312 1210 424 1249 non
457 1196 572 1249 vult
610 1196 697 1252 bis
736 1200 1073 1267 respondere
1110 1218 1122 1253 :
1177 1201 1294 1270 ipse
1323 1203 1466 1256 enim
1502 1205 1669 1268 novit,
1698 1221 1893 1259 secun-

311 1284 441 1340 dum
473 1301 756 1342 sacrorum
800 1288 1218 1360 Evangeliorum
1256 1293 1600 1361 doctrinam,
1651 1297 1781 1366 quid
1821 1298 1893 1351 sit

313 1376 368 1429 in
400 1376 644 1433 homine.
687 1378 896 1434 Idcirco
932 1382 1037 1450 ipsi
1068 1398 1290 1453 quoque
1325 1387 1601 1455 propheta:
1628 1390 1890 1459 praecipit,

312 1475 371 1519 ut
395 1482 488 1525 eos
524 1469 813 1538 despiciat,
846 1487 1024 1541 neque
1052 1474 1192 1530 ullas
1228 1489 1325 1545 pro
1353 1477 1488 1545 ipsis
1518 1494 1708 1547 preces
1734 1481 1891 1534 adhi-

311 1559 456 1613 beat.
489 1559 644 1625 Quod
672 1561 1018 1633 signilicavit,
1048 1580 1173 1619 cum
1208 1566 1385 1622 dixit:
1430 1587 1450 1620 ι
1499 1569 1557 1624 Si
1599 1572 1744 1627 ultus
1771 1572 1892 1626 l'uc-

312 1648 392 1703 ris
432 1664 527 1709 eos
564 1650 793 1716 ultione,
828 1652 904 1706 lili
940 1654 1203 1723 hominis,
1233 1658 1279 1712 si
1322 1659 1469 1715 ultus
1500 1659 1670 1717 lueris
1700 1679 1832 1731 eos;
1869 1685 1886 1715 ι

312 1740 415 1795 hoc
449 1750 552 1804 est,
592 1742 667 1797 Ne
701 1745 865 1800 ullam
916 1746 1117 1803 habeas
1158 1751 1407 1820 ipsorum
1461 1754 1756 1820 rationem,
1800 1772 1899 1813 ve-

315 1830 411 1884 luti
434 1841 658 1889 curator
692 1835 940 1907 ipsorum
979 1855 992 1892 :
1041 1854 1110 1894 ne
1136 1839 1396 1897 admittas
1424 1857 1615 1898 eorum
1658 1844 1895 1901 interro-

309 1924 606 1994 gationem.

382 2200 549 2259 Vens.
603 2203 656 2266 5,
698 2205 751 2258 6.
800 2204 1116 2276 Iniquitates
1163 2214 1378 2270 autem,
1436 2205 1633 2276 inquit,
1680 2216 1892 2275 patrum

311 2297 542 2364 ipsorum
572 2306 869 2351 contestare
900 2298 994 2351 eis.
1041 2296 1108 2350 Et
1141 2297 1283 2351 dices
1325 2296 1393 2350 ad
1431 2313 1517 2350 eos
1552 2311 1570 2348 :
1602 2295 1732 2350 Ilwc
1760 2296 1893 2350 dicit

308 2388 523 2442 Δάοηαί
549 2388 803 2444 Dominus
828 2405 846 2443 :
872 2388 1004 2444 Inde
1033 2406 1066 2443 a
1091 2391 1175 2444 die
1203 2406 1304 2459 quo
1326 2376 1454 2459 elegi
1477 2390 1689 2443 domum
1714 2389 1894 2444 Israe-

311 2478 397 2545 lis,
428 2487 477 2532 et
510 2481 747 2549 cognitus
776 2496 895 2534 sum
939 2481 1129 2534 semini
1167 2481 1357 2534 domus
1387 2479 1599 2544 Jacobi,
1633 2489 1683 2534 et
1713 2481 1893 2551 cogni-

313 2579 396 2622 tus
428 2569 508 2638 fui
531 2571 656 2637 ipsis
693 2571 751 2623 in
792 2578 936 2624 terra
957 2569 1177 2641 Egypti
1199 2612 1213 2637 ,
1245 2580 1295 2625 et
1326 2570 1644 2639 apprehendi
1675 2586 1891 2624 manum

312 2660 571 2729 ipsorum,
600 2659 780 2715 dicens
807 2677 824 2714 :
852 2661 965 2731 Ego
993 2661 1253 2716 Dominus
1287 2660 1432 2715 Deus
1458 2671 1641 2716 uester.
1677 2662 1773 2715 Die
1796 2661 1892 2715 illo

312 2751 626 2821 apprehendi
673 2768 760 2807 eos
807 2768 967 2806 manu
1015 2769 1155 2820 mea,
1214 2761 1273 2806 ut
1320 2751 1590 2806 educerem
1632 2769 1718 2806 eos
1750 2762 1893 2807 terra

312 2841 555 2912 Egypti,
592 2845 646 2896 in
678 2852 875 2897 terram
903 2860 1062 2913 quam
1086 2844 1278 2914 paravi
1307 2846 1403 2908 eis,
1433 2853 1629 2897 terram
1657 2842 1893 2914 difﬂuen-

313 2946 412 2988 tem
442 2935 577 2989 lacte
600 2944 648 2989 et
681 2936 852 3004 melle,
899 2937 1050 3006 favus
1095 2946 1175 2992 est
1216 2954 1381 3008 supra
1420 2953 1626 2992 omnem
1670 2949 1884 2991 terram.

1994 469 2149 522 Θεοῦ.
2199 488 2217 519 δ
2271 470 2381 522 Καὶ
2423 464 2566 524 οὗτοι
2599 467 2706 538 γάρ
2737 465 2973 539 πονηρίᾳ
3004 464 3292 528 συζῶντες,
3327 463 3421 515 καὶ
3460 464 3579 525 τοῖς

1993 560 2092 630 τῆς
2125 562 2485 631 μεταμελείας
2507 559 2818 631 φαρμάκοις
2848 557 3060 627 ἰαθῆναι
3095 560 3173 627 μὴ
3196 556 3576 626 βουληθέντες,

1995 651 2204 722 ἐρωτᾷν
2232 651 2601 724 ἐπειράθησαν
2629 651 2720 703 τὸν
2752 649 3049 719 Δεσπότην,
3094 650 3191 717 οὑχ
3221 648 3310 701 ἵνα
3355 648 3577 709 πάντως

1992 740 2063 792 τά
2109 742 2514 813 κεκελευσμένα
2560 743 2860 812 πράξωσιν,
2914 740 3032 792 ἀλλ’
3086 740 3172 793 ἴνα
3232 740 3477 808 μάθωσιν
3524 739 3575 790 εἰ

1996 831 2351 901 συμϐαίνουσι
2382 836 2494 896 τοῖς
2519 833 2741 895 οἰκείοις
2763 824 3042 901 λογισμοῖς
3070 833 3119 884 οἱ
3156 831 3286 884 θεῖοι
3314 829 3576 901 χρησμοί.

1994 924 2164 978 Τοῦτο
2185 926 2280 978 καὶ
2296 926 2324 977 ὁ
2347 924 2598 989 Σεδεκίας
2624 924 2880 991 πολλάκις
2903 924 3187 993 πεποίηκε,
3208 923 3302 975 καὶ
3325 921 3584 992 ὁρκώσας

1992 1015 2082 1067 τὸν
2117 1015 2387 1087 Ἱερεμίαν
2411 1017 2479 1071 τά
2502 1016 2579 1088 τῷ
2621 1017 2738 1087 Θεῷ
2763 1016 3024 1069 δοκοῦντα
3050 1015 3235 1085 σαφῶς
3263 1013 3414 1083 αὑτῷ
3442 1029 3582 1083 προ-

1997 1106 2232 1177 μηνύσαι
2255 1147 2269 1172 ,
2324 1106 2511 1178 μαθὼν
2551 1108 2619 1162 τὰ
2666 1106 3048 1171 κελευσθέντα,
3072 1105 3331 1159 τάναντία
3371 1103 3585 1156 τούτων

1994 1198 2286 1268 εἰργάσατο
2310 1215 2324 1228 ·
2375 1199 2470 1251 καὶ
2501 1200 2550 1251 οἰ
2581 1199 2660 1261 εἰς
2686 1198 2959 1265 Αἴγυπτον
2985 1197 3041 1250 δὲ
3077 1196 3214 1266 μετὰ
3243 1195 3343 1266 τὴν
3369 1196 3584 1263 αἰχμα-
3616 1238 3631 1249 .

1994 1288 2196 1343 λωσίαν
2222 1289 2555 1354 εἰσελθόντες
2582 1292 2748 1344 ταυτδ
2780 1290 2936 1343 τοῦτο
2959 1289 3344 1359 τετολμήκασι.
3374 1286 3584 1338 Τούτου

1992 1380 2152 1450 χάριν
2182 1380 2211 1431 ὁ
2236 1380 2344 1434 τῶν
2374 1381 2509 1434 ὅλων
2531 1380 2661 1443 Θεὸς
2703 1379 3101 1451 ἀποκρίνασθαι
3128 1380 3342 1441 τούτοις
3364 1378 3428 1430 οὑ
3462 1377 3585 1445 βού-

1992 1472 2145 1525 λεται
2168 1487 2183 1501 ·
2232 1471 2393 1535 αὐτὸς
2417 1470 2528 1542 γὰρ
2552 1467 2681 1536 οἶδε,
2701 1472 2841 1526 κατὰ
2864 1472 2965 1542 τὴν
2995 1472 3103 1525 τῶν
3137 1470 3300 1541 ἱερῶν
3326 1471 3584 1538 Εὑαγγε-

1993 1564 2123 1618 λίων
2149 1563 2516 1630 διδασκαλίαν,
2562 1563 2615 1617 τί
2661 1567 2810 1618 ἐστιν
2847 1565 2903 1617 ἐν
2929 1563 3005 1633 τῷ
3035 1562 3324 1635 ἀνθρώπῳ.
3362 1562 3459 1615 Διὸ
3492 1562 3591 1615 καῖ

1995 1659 2072 1729 τῷ
2125 1660 2381 1729 προφήτῃ
2433 1657 2866 1729 παρακελεύεται
2914 1658 3325 1728 καταφρονῆσαι
3377 1656 3585 1718 αὐτῶν,

1996 1751 2088 1802 καὶ
2140 1749 2411 1819 μηδεμίαν
2457 1749 2601 1820 ὑπὲρ
2645 1749 2825 1804 αὐτῶν
2885 1751 3270 1821 προσενεγκεῖν
3320 1747 3583 1801 ἱκετείαν.

1994 1840 2167 1894 Τοῦτο
2192 1840 2301 1912 γάρ
2323 1843 2597 1911 ἐσήμανεν
2621 1839 2857 1912 εἰρηκώς
2883 1858 2896 1870 ·
2936 1862 2953 1893 ι
2976 1842 3035 1892 Εἰ
3055 1841 3363 1911 ἐκδικήσεις
3386 1840 3588 1899 αὑτοὺς

1995 1932 2307 2003 ἐκδικήσει,
2354 1934 2439 1985 υἰέ
2472 1932 2795 2004 ἀνθρώπου,
2842 1935 2889 1986 εἰ
2922 1932 3230 2000 ἐκδικήσεις
3271 1930 3476 1993 αὑτούς
3505 1947 3517 1958 ·
3564 1950 3581 1978 ι

1994 2023 2115 2077 ἀντὶ
2142 2021 2257 2084 τοῦ,
2293 2021 2384 2093 Μὴ
2427 2024 2720 2094 φροντίσῃς
2748 2022 2948 2085 αὐτῶν,
2987 2016 3074 2075 οἷα
3104 2021 3170 2092 δὴ
3198 2021 3460 2091 κηδεμὼν
3487 2022 3589 2073 αὑ-

1993 2114 2101 2167 τῶν
2128 2113 2409 2185 ὑπάρχων,
2445 2115 2519 2185 μὴ
2548 2113 2673 2186 δέξῃ
2707 2112 2888 2166 αὑτῶν
2916 2115 3015 2183 τὴν
3045 2113 3339 2185 ἐρώτησιν.

2065 2213 2126 2267 ε’,
2153 2212 2226 2270 ς’.
2287 2204 2403 2270 Τὰς
2431 2204 2500 2258 δὲ
2522 2206 2794 2273 ἀνομίας,
2833 2205 2987 2275 φησὶ,
3021 2204 3139 2257 τῶν
3178 2204 3457 2273 πατέρων
3484 2206 3597 2257 αὺι

1992 2298 2112 2353 τῶν
2137 2296 2522 2367 διαμάρτυραι
2547 2295 2773 2361 αὐτοῖς.
2812 2295 2922 2349 Καὶ
2950 2295 3106 2364 ἐρεῖς
3134 2296 3284 2363 πρὸς
3315 2296 3547 2361 αὐτούς
3570 2312 3605 2325 "

2000 2388 2146 2443 Τάδε
2204 2388 2366 2457 λέγει
2431 2388 2670 2441 Ἀδωναῒ
2728 2389 2979 2455 Κύριος,
3052 2389 3177 2458 Ἀφ’
3227 2384 3305 2457 ἧς
3355 2388 3587 2454 ἡμέρας

1995 2478 2244 2548 ᾑρέτισα
2290 2478 2397 2532 τὸν
2440 2474 2610 2532 οἶκον
2656 2477 2920 2545 Ἰσραὴλ,
2966 2478 3063 2532 καί
3093 2477 3412 2547 ἐγνώσθην
3432 2478 3481 2508 ’³
3509 2476 3589 2540 τῷ

1994 2573 2288 2643 σπέρματι
2316 2574 2485 2627 οῖκου
2530 2572 2756 2636 Ἰακὼϐ,
2800 2573 2898 2627 καὶ
2931 2571 3243 2641 ἑγνώσθην
3272 2568 3487 2634 αὐτοῖς
3518 2569 3589 2619 ὲν
3620 2570 3623 2577 ’

1993 2662 2071 2731 γῇ
2093 2658 2413 2733 Αἰγύπτου,
2461 2663 2558 2717 καί
2586 2664 3003 2733 ἀντελαϐόμην
3035 2661 3144 2732 τῆς
3182 2662 3383 2731 χειρός
3402 2662 3450 2693 θ’
3478 2665 3585 2715 αὐ-

1993 2753 2133 2819 τῶν,
2166 2755 2378 2825 λέγων,
2433 2754 2581 2824 Ἐγὼ
2609 2756 2821 2822 Κύριος
2861 2758 2893 2808 ό
2943 2756 3087 2821 Θεὸς
3128 2753 3317 2824 ῠμῶνο
3378 2754 3482 2805 Ἐν
3510 2752 3605 2822 τῆ

1994 2843 2183 2912 ’ἡμέρᾳ
2211 2844 2417 2915 ἐκείνῃ
2451 2844 2868 2912 ἁντελαόόμην
2901 2842 3101 2897 αὐτῶν
3141 2842 3218 2911 τῇ
3261 2842 3416 2911 χειρί
3434 2860 3579 2911 μου,

1994 2937 2100 2991 τοῦ
2135 2936 2371 3005 ἐξάγειν
2397 2940 2414 2967 ³
2463 2936 2686 3001 αὐτοὺς
2730 2936 2799 2989 ἐκ
2848 2934 2958 3003 γῆς
2989 2936 3311 3006 Αἰγύπτου,
3342 2937 3432 3000 εἰς
3471 2933 3587 3000 τὴν

311 3023 457 3091 Istis,
507 3027 707 3096 inquit,
755 3042 789 3081 ο
826 3029 1116 3099 propheta,
1156 3030 1251 3099 qui
1286 3040 1337 3085 te
1379 3029 1638 3094 adierint,
1685 3036 1739 3084 et
1771 3044 1890 3084 mea

1999 3027 2132 3098 γῆν.
2161 3025 2241 3095 ’ἣν
2276 3027 2575 3096 ἡτοίμασα
2602 3026 2825 3093 αὐτοῖς,
2862 3026 2979 3096 γῆν
2996 3026 3269 3094 ῥέουσαν
3292 3025 3457 3095 γάλα
3484 3026 3585 3078 καί

312 3118 590 3173 aStendito
632 3119 922 3185 beneficia,
976 3128 1033 3177 et
1077 3128 1370 3192 parentum
1403 3121 1651 3191 ipsorum
1683 3121 1892 3176 scelera

1999 3121 2145 3191 μέλι,
2179 3121 2421 3189 κηρίον-³
2453 3119 2584 3173 ἐστὶ
2612 3119 2771 3187 παρὰ
2796 3118 3003 3173 πᾶσαν
3025 3117 3140 3186 τὴν
3163 3116 3296 3187 γῆν.
3333 3118 3585 3181 Τούτοις,

310 3221 616 3277 recensete,
682 3220 909 3268 narrato
951 3212 1082 3269 item
1147 3214 1607 3284 quemadmodum
1639 3213 1696 3268 in
1721 3212 1892 3284 Egy-

312 3314 408 3373 pto
435 3305 753 3373 parentibus
784 3305 1055 3375 ipsorum,
1092 3306 1274 3362 adhuc
1317 3306 1484 3377 impie
1507 3305 1819 3361 viventibus
1842 3313 1897 3360 et

313 3393 700 3466 Egyptiorum
731 3398 878 3453 idola
920 3399 1254 3462 colentibus,
1301 3414 1389 3453 me
1431 3399 1608 3467 ipsum
1636 3396 1890 3452 ostende-

311 3488 442 3551 rim,
472 3504 676 3559 eosque
698 3490 981 3547 docuerim
1040 3506 1125 3544 me
1148 3506 1273 3546 esse
1304 3489 1470 3544 Deum
1496 3503 1560 3543 ac
1582 3488 1899 3543 Dominum.

312 3576 527 3644 Quibus
558 3582 738 3636 verbis
770 3598 904 3638 usus
949 3597 1094 3646 sum,
1146 3595 1271 3635 cum
1321 3587 1377 3635 et
1414 3594 1510 3634 eos
1559 3595 1590 3633 a
1634 3579 1898 3635 servitute

312 3670 615 3736 vindicare,
644 3679 698 3725 et
727 3687 850 3741 quae
894 3671 1170 3741 pollicitus
1201 3686 1349 3726 eram
1384 3670 1647 3740 perﬁcere
1680 3670 1896 3736 vellem,

314 3770 625 3829 terramque
656 3762 820 3831 823
851 3762 960 3816 illis
980 3762 1335 3832 promissam,
1363 3759 1701 3814 inlinitorum
1728 3760 1897 3816 bono-

314 3862 437 3902 rum
473 3856 701 3904 matrem
736 3858 791 3904 et
841 3851 1021 3905 omnis
1061 3850 1280 3921 generis
1316 3848 1530 3905 fructus
1561 3851 1756 3907 incolis
1781 3853 1898 3908 suis

317 3938 601 4004 ferentem,
626 3939 867 4006 tradere,
921 3952 973 3997 et
1008 3957 1172 4011 quam
1197 3953 1358 3996 nemo
1385 3943 1606 4009 errarit,
1633 3945 1782 3999 omni
1810 3962 1899 4002 re-

316 4028 480 4099 gione
521 4031 952 4099 praestantiorem
991 4047 1282 4097 asserens,
1329 4047 1604 4102 apumque
1633 4048 1773 4105 Opus
1803 4051 1900 4106 ap-

315 4124 542 4191 pellans.
572 4124 685 4181 Hoc
714 4127 859 4181 enim
906 4128 1227 4193 declaravit,
1276 4141 1403 4182 cum
1456 4128 1630 4184 dixit:
1669 4148 1687 4181 ‹
1722 4129 1900 4188 Favus

314 4224 400 4272 est
445 4233 610 4289 supra
667 4234 885 4275 omnem
922 4229 1148 4277 terram.
1189 4240 1208 4273 ι
1249 4221 1328 4276 lta
1371 4225 1702 4296 nuncupavit
1747 4224 1903 4281 favos

315 4309 493 4366 mellis
525 4312 737 4381 plenos.
1404 4300 1411 4317 λ

1994 3212 2181 3282 φησὶν,
2208 3204 2254 3263 ὦ
2278 3210 2551 3280 προφῆτα,
2577 3209 2690 3272 τοῖς
2719 3207 2855 3279 πρὸς
2885 3208 2945 3261 σέ
2980 3207 3473 3278 παραγενομένοις,
3495 3210 3587 3260 καὶ

1994 3303 2093 3367 τὰς
2114 3302 2251 3372 ἐμὰς
2280 3299 2553 3364 ὑπόδειξον
2584 3299 2924 3370 εὐεργεσίας,
2955 3299 3049 3352 καὶ
3075 3297 3175 3361 τὰς
3194 3298 3304 3351 τῶν
3327 3299 3603 3369 πατέρων-

1996 3392 2174 3447 αὑτῶν
2201 3391 2585 3462 άπαρίθμησαι
2616 3389 2959 3459 παρανομίας
2984 3404 2996 3417 ⁸
3043 3388 3299 3459 διήγησαι
3325 3387 3405 3452 δὲ,
3437 3390 3589 3449 ὅπως

1996 3486 2274 3557 ἐπεφάνην
2297 3487 2353 3538 ἐν
2375 3482 2635 3552 Αἰγύπτῳ
2660 3483 2772 3545 τοῖς
2797 3480 3067 3551 πατράσιν
3090 3480 3271 3533 αὑτῶν
3290 3480 3607 3533 ἁσεὸοὖσιψ

1998 3579 2097 3645 ἔτι,
2136 3579 2231 3633 καὶ
2256 3577 2323 3631 τὰ
2350 3575 2460 3630 τῶν
2490 3575 2806 3644 Αἰγυπτίων
2835 3574 3030 3627 εἴδωλα
3070 3572 3459 3643 θεραπεύουσι,
3493 3574 3587 3626 καὶ

1999 3670 2212 3735 ἐδίδαξα
2234 3669 2450 3732 αὑτοὺς,
2474 3668 2557 3721 ὅτι
2579 3665 2690 3735 ἐγὼ
2716 3667 2813 3720 καὶ
2837 3665 2973 3729 Θεός
2994 3667 3128 3736 εἰμι,
3159 3666 3253 3719 καὶ
3272 3665 3553 3734 Δεσπότης
3569 3681 3582 3693 ·

1999 3764 2095 3819 καὶ
2131 3763 2340 3826 τούτοις
2373 3758 2632 3832 ἐχρώμην
2675 3763 2787 3823 τοῖς
2834 3759 3034 3827 λόγοις,
3089 3760 3368 3820 ἐκείνους³
3411 3758 3587 3811 ἀπα).-

1999 3856 2157 3924 λάξαι
2189 3856 2288 3926 τῆς
2334 3853 2576 3915 δουλείας
2609 3851 2959 3922 βουλόμενος,
3017 3852 3114 3914 τὰς
3160 3850 3217 3903 δέ
3261 3850 3588 3917 ὑποσχέσεις

2004 3948 2308 4021 πληρῶσαι,
2360 3944 2456 3999 καὶ
2497 3944 2595 4015 τὴν
2643 3941 3064 4013 ἐπηγγελμένην
3111 3939 3407 3994 ἀποδοῦναι
3459 3939 3601 4008 γῆν,

2004 4043 2215 4114 μυρίων
2271 4038 2491 4109 ἀγαθῶν
2548 4033 2716 4090 οὖσαν
2775 4037 3020 4107 μητέρα,
3073 4034 3166 4088 καὶ
3209 4032 3587 4093 παντοδαποὺς

2001 4133 2246 4206 καρποὺς
2274 4133 2384 4194 τοῖς
2414 4128 2682 4183 ἐνοικοῦσι
2729 4127 3017 4181 τίκτουσαν
3047 4145 3060 4159 ’
3112 4125 3245 4180 καὶδ
3269 4126 3370 4178 οὐκ
3415 4125 3480 4178 ἄν
3504 4140 3591 4185 τις

2001 4212 2249 4299 ἁμάρτοί
2273 4223 2454 4293 πάσης
2486 4222 2583 4292 μὲν
2631 4222 2730 4291 τῆς
2777 4223 2879 4291 γῆς
2928 4218 3244 4289 ἀποφαίνων
3277 4218 3582 4288 κρείττονα,

2008 4316 2274 4391 μελιττῶν
2301 4315 2361 4369 δὲ
2395 4312 2567 4385 αὑτὴν
2614 4313 2878 4384 ἐργασίαν
2911 4310 3201 4365 ἀποκαλῶν
3226 4326 3242 4341 ο
3294 4308 3452 4361 τοῦτο
3477 4307 3603 4375 γάρν

314 4403 581 4473 ἐδήλωσεν
604 4402 843 4475 εἰρηκώς
865 4420 877 4432 ·
931 4421 949 4456 t
981 4405 1188 4476 Κηρίον
1230 4407 1348 4461 ἐστὶ
1384 4408 1534 4481 παρὰ
1575 4412 1755 4464 πᾶσαν
1787 4412 1886 4483 τὴν
1923 4414 2042 4484 γῆν.
2076 4431 2101 4463 ν
2147 4407 2339 4464 Οὑτω⁸
2368 4405 2777 4478 προσηγόρευσε
2810 4406 2896 4477 ,τά
2937 4402 3031 4457 τοῦ
3096 4401 3312 4474 μέλιτος
3376 4399 3598 4468 πεπληι

319 4519 395 4574 ρω
402 4502 537 4570 μένα
567 4503 755 4575 κηρία.

388 4561 558 4653 illius.
590 4561 745 4653 Et
796 4599 958 4664 dixit,
994 4601 1195 4671 inquit,
1242 4602 1310 4655 ad
1363 4620 1491 4659 eos:
1526 4603 1894 4678 Unusquisque.

2070 4602 2134 4668 ζ’.
2166 4561 2289 4654 Καὶ.
2325 4593 2455 4651 εἷπε
2497 4594 2739 4665 ⁸,,φησί,
2779 4591 2929 4661 πρὸς
2971 4591 3195 4656 αὐτούς
3223 4604 3239 4618 ο
3285 4590 3584 4651 Ἕκαστος

317 4690 734 4746 abominationes
772 4693 837 4745 ab
878 4692 1045 4747 oculis
1098 4694 1209 4748 suis
1245 4694 1489 4765 abjiciat,
1526 4706 1576 4751 et
1633 4699 1897 4752 institutis

330 4784 541 4851 zEgypti
584 4800 645 4838 ne
686 4782 1026 4852 polluamini,
1079 4801 1172 4855 ego
1222 4785 1483 4842 Dominus
1518 4787 1659 4843 Deus
1710 4798 1900 4846 vester.

322 4873 603 4928 Admonui
635 4884 816 4930 autem
866 4876 1040 4946 ipsos,
1073 4878 1279 4948 inquit,
1332 4886 1394 4933 ut
1438 4879 1760 4935 societatem
1794 4882 1900 4934 im-

324 4963 549 5035 pietatis
597 4964 987 5037 IEgyptiorum
1032 4967 1359 5038 eﬂ'ugercnt,
1402 4986 1582 5026 meam
1623 4988 1753 5026 vero
1810 4971 1904 5026 do-

325 5052 681 5108 minationem
719 5063 1101 5124 agnoscerent,
1136 5072 1301 5126 quam
1353 5058 1504 5128 ipsos
1544 5068 1600 5114 et
1633 5061 1809 5127 signis
1849 5068 1901 5116 et

326 5145 612 5201 miraculis
639 5145 988 5203 edocueram.
1021 5147 1092 5202 At
1125 5148 1203 5204 illi
1235 5166 1580 5220 nequaquam
1603 5153 1738 5207 meis
1766 5168 1901 5223 prae-

1999 4694 2072 4750 τὰ
2113 4692 2504 4760 βδελύγματα
2560 4687 2680 4741 τῶν
2731 4683 3054 4754 ὀφθαλμῶν
3091 4680 3280 4736 αὐτοῦ
3343 4679 3586 4749 (inoppi—

2000 4789 2174 4856 ψατε,
2203 4782 2300 4837 καὶ
2332 4783 2401 4836 ἐν
2439 4780 2565 4846 τοῖς
2606 4777 3077 4845 ἐπιτηδεύμασιν
3097 4775 3117 4806 ⁷
3167 4773 3467 4842 Αἰγύπτου
3494 4772 3581 4840 μὴ

1996 4877 2334 4948 μιαίνεσθε,
2375 4873 2490 4943 ἐγὼ
2527 4872 2744 4939 Κύριος
2800 4870 2838 4921 ὁ
2881 4866 3025 4931 Θεὸς
3056 4863 3245 4934 ὑμῶν.
3300 4862 3584 4935 Παρῄ-ιεσα

2000 4969 2059 5023 δὲ
2104 4965 2302 5028 αὖτοὺς
2322 4982 2335 4994 '
2366 4962 2522 5032 φησὶ,
2561 4960 2661 5026 τῆς
2694 4959 2793 5030 μὲν
2840 4955 2947 5010 τῶν
2978 4954 3292 5023 Αἰγυπτίων
3334 4951 3597 5014 ἀσεϐείας.

2003 5059 2100 5130 τὴν
2139 5054 2421 5111 κοινωνίαν
2446 5052 2662 5122 φυγεῖν,
2692 5049 2791 5119 τὴν
2820 5047 2877 5101 δὲ
2903 5047 3041 5116 ἐμὴν
3062 5044 3359 5113 ἐπιγνῶναι
3390 5043 3577 5097 δεσπο-

2008 5150 2180 5215 τείαν,
2234 5146 2438 5216 ταύτην
2488 5143 2685 5206 αὑτοὺς
2719 5141 2807 5194 διὰ
2864 5137 3106 5210 σημείων
3155 5138 3252 5191 καὶ
3293 5133 3599 5206 θαυμάτων

1621 5332 1858 5388 νΑΒΙᾸΕ
1898 5330 2311 5388 LECTIONES.

401 5467 445 5500 ⁸⁷
479 5465 644 5521 εἰσελ.
671 5466 748 5529 εἰς
777 5483 827 5518 ιι.
863 5463 910 5535 β.
944 5482 994 5518 τ.
1022 5462 1084 5516 Θ.
1120 5460 1241 5517 Des.
1271 5462 1390 5519 loco
1413 5466 1504 5520 cit.
1537 5468 1660 5522 etin
1692 5467 1749 5521 Β.
1784 5469 1830 5500 ’⁸
1861 5467 1992 5522 Rec.
2025 5466 2151 5521 lect.
2188 5473 2272 5520 est
2300 5462 2657 5565 ἐγνωρίσθην.
2690 5459 2852 5514 Hebr.
2893 5454 3090 5510 sustuli
3135 5465 3352 5505 manum
3405 5459 3588 5499 meanr

404 5553 499 5565 νυ...
529 5539 729 5565 nni...“
762 5536 953 5565 Amm...
999 5532 1173 5565 I..m.l.:
1276 5534 1323 5565 se
1353 5552 1383 5565 ..
1432 5553 1552 5565 υ..-
1623 5536 1730 5565 0....
1761 5539 1856 5565 ιη..
1936 5540 2001 5565 -α
2041 5536 2182 5565 ..-ηδ
2242 5553 2339 5565 ..λη
2486 5534 2525 5565 ιι
2596 5530 2872 5565 cmmoda.
2972 5527 2992 5555 ί
3026 5540 3154 5565 vnn-
3201 5519 3357 5565 Hebr-
3406 5515 3573 5565 decus

334 5553 499 5606 super
528 5539 730 5608 prolem
762 5532 956 5608 domus
989 5532 1199 5608 Jacobi.
1276 5534 1323 5608 '_’
1353 5552 1410 5608 τ1
1432 5553 1571 5608 χειρ.

334 5554 499 5606 super
528 5554 730 5605 pretent
762 5554 956 5591 uolnus
989 5554 1199 5588 Jacout.
1277 5554 1321 5566 "
1353 5554 1402 5588 τ.
1469 5554 1535 5608 ειε

334 5618 469 5676 erat.
549 5606 569 5637 ³
611 5605 668 5659 Β.
708 5606 935 5670 ἐκείνοις
967 5604 1081 5676 μέν.
1162 5602 1331 5676 ξκαί.
1389 5554 1535 5676 Βᾷγν.

339 5671 487 5735 εἶπα.
560 5677 580 5705 "
612 5679 753 5732 ἐπιτ.
794 5671 1160 5733 ίΙεὺν.’ἰιΙ‹)Ιὶε.
1192 5673 1264 5729 lta
1289 5671 1503 5750 quoque
1539 5693 1681 5735 vers.
1712 5677 1765 5733 8.

1621 5536 1882 5609 Rcs-lscl-
1936 5540 2002 5608 τῇ
2041 5536 2182 5607 χειρί
2240 5553 2360 5609 μρυ-
2443 5536 2931 5609 ἰβ-,,ὲ,ξα·τοξγεῖγ-.
2972 5536 3155 5609 ἰηρ-
3191 5536 3545 5609 sane“:

1640 5588 1925 5671 {Boi—5rd);
1950 5588 2414 5680 πρόσαγορέύσας.
2495 5606 2515 5635 ⁸
2546 5588 2643 5656 Ed:
2670 5588 2818 5671 ptiar
2848 5597 2972 5652 hab.
3006 5588 3149 5647 εἰπέ..
3191 5591 3317 5645 Rcc.
3350 5588 3465 5640 lect.
3493 5594 3585 5636 est

2486 5534 2546 5588 Β.
2586 5515 2930 5599 ἐξαγαγεῖνη
2972 5527 2992 5555 ³
3026 5540 3155 5599 κηρ.
3191 5519 3363 5599 μή)νὶ
3406 5515 3573 5599 decus
