3840 6202
460 337 568 402 995
1437 322 1921 393 THEODORETI
1954 319 2293 392 EPISCOPI
2331 320 2696 390 CY‘RENSIS
3576 321 3665 392 995

457 447 762 520 impietatis
790 454 976 518 pmnas’
1007 461 1129 502 sese
1158 445 1375 517 exigere
1414 448 1652 504 voluisse
1672 488 1687 512 ,
1722 459 1776 503 et
1806 447 1943 502 alios
1963 447 2010 500 in

2121 448 2327 499 λωσαν
2348 446 2411 499 ³⁸.
2442 443 2575 499 Εἶτα
2612 443 2983 515 προστίθησιν,
3017 445 3097 498 ὅτι
3129 445 3222 496 καὶ
3277 442 3494 505 τούτους
3528 447 3667 499 πᾶλιν

463 541 779 594 servitutem
806 537 1029 601 abduci,
1074 530 1199 593 iﬂos
1233 537 1467 592 interﬁci
1509 540 1846 609 permittere.
1909 537 2010 592 Hm

2125 536 2280 599 δίκας
2332 535 2629 606 ἐϐουλήθην
2683 534 3079 600 εἰσπράξασθαι
3122 535 3223 604 τῆς
3274 534 3538 598 ἀσεϐείας,
3588 541 3666 590 καὶ

459 632 607 684 enim
634 629 987 700 signiﬁcavit,
1023 643 1145 683 cum
1174 629 1313 684 dixit
1339 649 1351 683 :

2124 627 2250 689 τοὺς
2291 628 2388 697 μὲν
2420 627 2784 698 αἰχμαλωσίᾳ,
2819 628 2944 689 τοὺς
2994 626 3048 679 δὲ
3098 630 3279 697 σφαγῇ
3340 627 3663 698 παραδοῦναι.

2125 717 2296 770 Τοῦτο
2322 718 2428 788 γὰρ
2459 720 2731 787 ἐσήμανεν
2762 717 2999 789 εἰρηκώς
3022 734 3038 748 ο

2194 815 2300 877 κγ’.
2324 810 2433 862 Καὶ
2462 808 2649 877 ἐξῆρα
2686 808 2801 875 τὴν
2836 807 3004 877 χεζηά
3029 826 3148 877 μου
3171 808 3264 861 ἐπ’
3287 808 3502 872 αὐτοὺς
3525 809 3586 861 ἑν
3606 809 3663 877 τῇ

2123 900 2341 969 ἐρήμῳ,
2371 900 2479 954 τοῦ
2509 902 2933 968 διασκορπίσαι
2961 901 3182 965 αὐτοὺς
3216 902 3288 953 ἐν
3320 900 3442 964 τοῖς
3466 901 3660 965 ἔθνεσι,

2125 989 2224 1041 καὶ
2258 984 2593 1056 διασπεῖραι
2615 990 2833 1055 αὐτοὺς
2860 990 2931 1043 ἐν
2962 989 3090 1055 ταῖς
3116 988 3357 1059 χώραις.
3384 989 3498 1041 Ἵνα
3526 990 3575 1042 δὲ
3604 993 3660 1061 μὴ

2122 1095 2206 1142 τις
2230 1079 2476 1131 ἐντεῦθεν
2506 1079 2676 1149 βλάϐη
2709 1082 2802 1134 καὶ
2826 1081 3145 1146 Αἰγυπτίοις
3173 1080 3424 1147 γένηται,
3465 1082 3551 1132 καὶ
3568 1083 3661 1134 Χα-

2121 1170 2376 1232 ναναίοις,
2414 1171 2567 1243 τοῦτο
2591 1172 2706 1240 μὲν,
2740 1171 2926 1239 φησὶν,
2952 1172 3051 1223 οὐκ
3072 1172 3328 1240 ἐποίησα,
3355 1171 3508 1243 ἀλλὰ..

2192 1265 2288 1309 κε’.
2325 1260 2427 1312 Καὶ
2466 1260 2506 1291 ³¹
2565 1259 2793 1312 δέδωκα
2830 1260 2874 1291 ³¹
2908 1259 3113 1324 αὐτοῖς
3159 1257 3574 1327 προστάγματα
3602 1264 3659 1313 οὐ

2119 1350 2296 1412 καλὰ,
2330 1351 2427 1403 καὶ
2455 1350 2811 1419 δικαιώματα
2858 1353 2929 1404 ἐν
2950 1346 3039 1416 οἷς
3067 1352 3139 1403 σὺ
3164 1349 3446 1415 ξήσονται
3476 1350 3539 1400 ἐν
3570 1352 3656 1402 αὺ-

2118 1441 2262 1505 τοῖς.
2291 1441 2445 1504 Τινὲς
2474 1438 2565 1494 οὖν
2595 1443 2640 1473 ³³
2672 1442 2841 1494 ταῦτα
2870 1444 2948 1505 είς
2971 1442 3069 1512 τὴν
3094 1441 3203 1494 τῶν
3232 1440 3467 1494 εἰδώλων
3498 1440 3657 1494 ἔλαϐον

537 804 704 861 Vsus.
731 804 822 858 25.
849 802 918 857 Et
948 804 1142 857 sustuli
1180 820 1395 857 manum
1425 820 1594 858 meum
1645 820 1802 872 super
1847 820 1934 859 eos
1968 805 2023 858 in

454 900 678 960 deserto,
704 905 760 948 ut
788 895 1138 965 dispergerem
1158 895 1277 949 illos
1298 896 1353 948 in
1375 895 1640 965 gentibus,
1691 906 1740 950 et
1784 896 2026 950 dissemi-

454 1006 635 1041 narem
667 1003 755 1040 eos
817 988 871 1039 in
915 986 1234 1055 regionibus.
1301 985 1380 1039 Ne
1443 1001 1576 1041 vero
1635 987 1843 1056 aliquid
1894 988 2023 1043 hinc

450 1078 769 1134 detrimenti
811 1087 865 1132 et
924 1078 1202 1149 IEgyptiis
1242 1087 1293 1133 ct
1340 1077 1666 1133 Chanana-is
1723 1080 2018 1145 accideret,

453 1170 589 1232 Hoc.
626 1170 821 1238 inquit,
854 1183 966 1223 non
1004 1168 1133 1232 feci,
1159 1168 1251 1223 sed
1284 1188 1298 1222 :

526 1260 797 1316 “535.25.
825 1259 956 1313 Dedi
985 1261 1146 1313 etiam
1182 1261 1256 1312 eis
1305 1268 1566 1328 praecepta
1622 1276 1726 1313 non
1775 1260 1930 1325 bona,
1971 1271 2019 1314 et

443 1353 876 1423 justiﬁcationss,
916 1352 970 1403 in
997 1349 1185 1420 quibus
1209 1366 1308 1403 non
1342 1351 1527 1406 vivent.
1571 1350 1804 1415 Quidam
1854 1354 2019 1422 igitur

453 1446 565 1498 haec
603 1444 670 1498 de
703 1443 977 1496 idolorum
1012 1436 1163 1495 cultu
1185 1442 1331 1495 dicta
1361 1451 1715 1521 acceperqnt,
1761 1443 1882 1495 dedi
1916 1459 2017 1511 pro

447 1537 667 1603 permisi
697 1544 979 1590 sumentes
1012 1553 1025 1588 :
1062 1533 1157 1588 sed
1183 1535 1537 1603 perspicuum
1560 1544 1663 1599 est,
1683 1550 1779 1589 eos
1813 1550 2016 1604 nequa-

448 1642 611 1698 quam
645 1640 834 1680 eorum
864 1639 986 1693 quae
1013 1624 1158 1678 dicta
1188 1631 1319 1676 sunt
1358 1638 1578 1677 sensum
1608 1624 1776 1694 829
1819 1639 2014 1693 perce-

449 1720 613 1786 pisse.
664 1714 890 1783 lmpiam
948 1715 1094 1767 enim
1157 1713 1426 1767 idolorum
1486 1714 1802 1784 religionem
1855 1730 2014 1769 nemo

2118 1530 2430 1601 θεραπείαν,
2470 1534 2529 1585 τὸ
2567 1533 2757 1587 ἔδωκα
2795 1535 2913 1586 ἀντὶ
2956 1533 3049 1586 τοῦ
3080 1532 3482 1601 συνεχώρησα
3503 1549 3655 1600 νενοη-

2117 1623 2273 1685 κότες
2303 1640 2316 1653 ·
2349 1623 2494 1693 δῆλοι
2536 1624 2589 1676 δέ
2622 1626 2756 1676 εἰσιν
2803 1624 3052 1695 οὐδαμῶς
3097 1623 3195 1695 τὴν
3231 1623 3345 1676 τῶν
3386 1623 3654 1694 εἰρημένων

2116 1714 2503 1781 κατειληφότες
2534 1714 2788 1768 διάνοιανε
2822 1714 2931 1784 Τὴν
2961 1715 3071 1785 γὰρ
3106 1712 3283 1783 ἀσεϐῆ
3315 1713 3422 1765 τῶν
3458 1714 3654 1767 εἰδώλων

448 1820 593 1861 recte
643 1806 890 1861 sentiens
925 1819 1032 1857 non
1083 1806 1282 1858 bonam
1315 1803 1535 1866 dixerit,
1571 1806 1665 1860 sed
1714 1807 2008 1860 admodum

2118 1802 2408 1872 θρησκείαν
2437 1806 2610 1870 οὐδεὶς
2640 1807 2706 1859 ἂν
2741 1802 2799 1858 εὖ
2826 1807 3038 1877 φρονῶν
3064 1806 3207 1861 εἴποι
3232 1809 3299 1861 οὐ
3336 1808 3517 1879 καλὴν,
3544 1809 3652 1865 ἀ).λᾶ

447 1901 666 1952 malam.
706 1896 824 1950 Non
858 1912 988 1964 ergo
1020 1897 1303 1966 sapientia:
1337 1896 1481 1962 fons,
1528 1897 1756 1966 pietatis
1787 1898 2010 1967 legisla-

409 1998 555 2056 ‘tor,
588 1989 881 2058 impietatis
943 1999 1256 2054 accusator,
1312 1997 1614 2043 extremam
1674 1989 2010 2058 impietatem

444 2080 754 2134 nonbonam
810 2079 1127 2148 appellavit,
1192 2094 1356 2148 quam
1419 2078 1640 2133 malitiae
1710 2081 2010 2133 terminum

443 2180 625 2227 vocat.
650 2172 770 2224 Alia
819 2170 983 2240 igitur
1027 2171 1143 2224 haec
1198 2171 1379 2222 innuit
1419 2170 1619 2224 oratio.
1676 2170 1812 2225 Cum
1864 2171 2009 2224 enim

442 2263 718 2325 dederim,
751 2264 952 2332 inquit,
976 2261 1413 2330 justiﬁcationes
1447 2260 1604 2329 ipsis,
1632 2279 1649 2311 ι
1677 2276 1815 2329 quas
1848 2261 2012 2316 faciet

449 2353 630 2418 homo,
655 2361 708 2406 et
731 2354 875 2407 vivet
904 2354 957 2406 in
987 2352 1067 2406 eis
1092 2371 1110 2402 ι
1160 2353 1235 2421 (et
1266 2366 1367 2421 per
1397 2350 1513 2405 haec
1539 2351 1792 2419 intelligit
1824 2353 2008 2406 decem

442 2444 603 2497 verba
633 2444 829 2513 legis),
865 2457 892 2496 a
922 2442 1122 2511 quibus
1183 2443 1497 2512 migrarunt
1552 2443 1682 2512 ipsi,
1735 2452 1900 2509 atque
1946 2460 2010 2498 ea

442 2534 562 2589 sine
584 2534 694 2588 ullo
724 2542 868 2588 metu
929 2534 1213 2602 sapernari
1241 2543 1696 2603 perseverarunt,
1725 2536 1850 2589 aliis
1873 2537 2012 2606 prai-

441 2627 616 2694 ceptis
641 2641 736 2681 cos
771 2626 1064 2689 obstrinxi,
1099 2640 1164 2679 ac
1201 2626 1369 2679 veluti
1417 2624 1582 2691 afﬁxi,
1638 2642 1758 2695 qua:
1788 2627 2009 2696 quidem

437 2716 605 2768 vitam
641 2716 845 2769 nullam
874 2716 1006 2782 ipsis
1028 2715 1343 2770 ministrare
1381 2725 1631 2786 possunt,
1686 2734 1874 2773 eorum
1926 2730 2010 2773 ta-

440 2822 562 2861 men
600 2806 986 2861 observatione
1011 2815 1064 2860 et
1095 2809 1148 2860 in
1183 2809 1324 2877 ipsis
1350 2808 1715 2877 occupatione
1748 2810 2011 2863 desinunt

438 2898 783 2952 necessarias
809 2898 952 2968 leges
984 2898 1106 2952 illas
1146 2900 1374 2953 violare.
1418 2898 1522 2953 Per
1550 2900 1665 2954 haec
1695 2910 1876 2956 autem
1926 2903 2011 2957 in-

438 2991 559 3043 nuit
591 2999 858 3058 praecepta
881 2991 946 3045 de
980 2990 1153 3059 lepra,
1207 2990 1273 3044 de
1300 2990 1523 3045 ossibus
1573 2992 1883 3058 cadaveris,
1942 2996 2010 3051 de

440 3080 750 3143 morticine,
782 3082 848 3135 de
870 3095 934 3135 eo
967 3081 1061 3148 qul
1115 3082 1346 3136 seminis
1388 3081 1536 3135 ﬂuxu
1604 3083 1913 3148 laborabat,
1955 3095 2009 3141 et

438 3169 506 3224 de
546 3172 666 3225 aliis
696 3172 1102 3241 hujuscemodi,
1124 3182 1181 3226 et
1205 3174 1427 3228 crebras
1448 3185 1672 3244 prepter
1697 3177 1809 3230 lucc
1831 3180 2011 3246 expia-

439 3263 639 3326 tiones,
672 3270 724 3316 et
746 3264 1013 3319 sacriﬁcia
1052 3282 1171 3334 quae
1201 3280 1303 3334 pro
1341 3267 1428 3319 his
1450 3264 1775 3321 olTeruntur.
1805 3266 1864 3321 In
1925 3271 2009 3325 his

439 3354 581 3406 enim
607 3354 965 3411 observandis
995 3356 1074 3409 illi
1111 3359 1388 3427 occupati,
1413 3372 1525 3411 non
1554 3359 1792 3429 amplius
1818 3376 2009 3415 neces-

441 3444 616 3499 sarias
644 3445 760 3500 illas
778 3454 833 3499 et
851 3448 1014 3503 utiles
1039 3449 1183 3517 leges
1199 3457 1453 3517 poterant
1475 3451 1778 3520 aspernari.
1804 3449 2009 3506 Idcirco

440 3550 547 3588 non
577 3535 731 3601 dixit,
769 3552 827 3590 se
869 3537 1087 3592 dedisse
1119 3539 1233 3593 illis
1287 3541 1429 3592 mala
1462 3550 1750 3609 praecepta,
1778 3539 1872 3595 sed
1906 3557 2010 3594 non

442 3619 596 3674 bona.
620 3619 808 3691 Neque
835 3624 979 3678 enim
1010 3626 1203 3680 vitium
1236 3628 1527 3691 docebant,
1550 3644 1729 3698 neque
1752 3630 2009 3684 virtutem

442 3710 560 3778 ipsa
584 3726 679 3780 per
705 3728 765 3767 se
790 3715 1164 3782 producebant
1187 3734 1199 3769 :
1220 3715 1314 3770 sed
1347 3718 1547 3772 crebro
1569 3720 1635 3772 ad
1666 3733 1884 3773 sacrum
1915 3720 2009 3776 Dei

442 3804 701 3870 templum
727 3805 1006 3870 accedere,
1033 3814 1087 3860 et
1135 3806 1243 3861 Deo
1281 3820 1484 3875 praesto
1534 3826 1659 3865 esse
1712 3813 2003 3880 cogebant.

442 3890 543 3956 Qui
572 3892 715 3945 enim
750 3910 807 3948 se
838 3896 1105 3963 pollutum
1133 3898 1416 3961 credebat,
1455 3899 1502 3952 is
1535 3900 1602 3953 ad
1639 3902 2007 3970 expiationem

443 3984 770 4037 occurrebat
804 3985 907 4039 :ad
930 4002 1091 4054 quam
1112 4004 1237 4042 cum
1264 3992 1630 4058 pervenisset,
1662 3993 1714 4045 in
1756 3992 1848 4046 Dei
1896 4010 2007 4049 mc-

442 4076 671 4127 ntoriam
712 4076 945 4139 redibat,
974 4087 1140 4146 atque
1171 4079 1284 4132 haec
1321 4079 1437 4148 ipsa
1482 4083 1744 4135 memoria
1784 4084 2006 4154 impiam

442 4174 681 4219 mentem
724 4167 1121 4231 exterminans,
1168 4167 1384 4223 divinas
1444 4170 1589 4239 leges
1633 4174 2008 4231 observandas

443 4242 826 4325 persuadebat.
867 4258 988 4325 ipsa
1017 4258 1183 4327 igitur
1206 4274 1300 4329 per
1340 4274 1398 4314 sc
1431 4277 1538 4314 nun
1581 4263 1744 4330 bona,
1777 4281 1897 4335 quae
1922 4267 2007 4321 di-

443 4345 570 4396 vino
597 4345 827 4399 consilio
850 4345 996 4399 haud
1023 4346 1470 4413 consentiebant,
1499 4351 1592 4403 sed
1623 4366 1813 4405 eorum
1836 4394 1849 4417 ,
1876 4354 2006 4423 qui-

2114 1889 2233 1945 λίαν
2263 1896 2456 1964 κακήν.
2491 1895 2565 1948 Οὐ
2595 1896 2770 1948 τοίνυν
2804 1898 2836 1966 ἡ
2879 1896 2979 1967 τῆς
3026 1898 3219 1967 σοφίας
3264 1897 3439 1968 πηγὴ,
3463 1898 3556 1967 τῆς
3580 1901 3652 1953 ei»

2115 1985 2330 2048 σεϐείας
2354 1988 2382 2038 ὀ
2411 1985 2726 2057 νομοθέτης,
2753 1989 2780 2040 ὁ
2802 1988 2902 2058 τῆς
2934 1987 3190 2052 ἀσεϐείας
3230 1989 3547 2060 κατήγορος,
3572 1991 3653 2060 τὴν

2113 2076 2346 2145 ἐσχάτην
2399 2076 2651 2129 ἀσέϐειαν
2681 2079 2754 2131 οὐ
2799 2078 3000 2147 καλὴν
3029 2079 3475 2149 προσηγόρευσεν
3502 2096 3514 2107 ·
3553 2081 3652 2150 ὅρον

2112 2165 2220 2235 γὰρ
2240 2166 2406 2236 αὐτὴν
2430 2167 2687 2236 ὀνομάζει
2718 2168 2937 2232 κακίας.
2964 2169 3134 2222 Ἀλλα
3167 2169 3458 2239 τοιγαροῦν
3478 2171 3504 2222 ὁ
3524 2169 3652 2237 λόγος

2112 2255 2428 2309 αἰνίττεται.
2450 2254 2664 2325 Ἐπειδὴ
2692 2257 2820 2327 γάρ,
2852 2258 3033 2326 φησὶν,
3059 2257 3233 2310 ἔδωκα
3268 2258 3451 2320 αὐτοῖς
3473 2259 3650 2312 δικαιώ-

2116 2361 2258 2415 ματα
2297 2364 2315 2396 ε
2358 2345 2393 2398 ἃ
2426 2347 2643 2417 ποιήσει
2691 2346 2832 2401 αὐτὰ
2885 2347 3190 2419 ἄνθρωπος,
3230 2349 3330 2402 καὶ
3375 2350 3580 2418 ζήσεται
3604 2352 3651 2401 ἐν

2112 2437 2296 2498 αὐτοῖς
2324 2452 2336 2464 ·
2377 2455 2395 2488 ι
2432 2436 2576 2504 λέγει
2613 2438 2670 2490 δὲ
2716 2439 2803 2492 διὰ
2832 2439 3035 2493 τούτων
3064 2441 3191 2503 τοὺς
3221 2439 3358 2493 δέκα
3379 2440 3553 2507 λόγους
3573 2441 3649 2493 τοῦ

2112 2525 2277 2593 νόμου
2306 2540 2319 2555 ⁸
2380 2526 2695 2597 παρέϐησαν
2726 2527 2782 2581 δὲ
2821 2529 3014 2593 ταῦτα,
3041 2530 3135 2581 καὶ
3178 2528 3473 2592 πατοῦντες
3509 2530 3650 2592 ἀδεῶς

2111 2612 2434 2677 διετέλεσαν,
2462 2617 2671 2687 ἑτέροις
2704 2618 2899 2681 αὐτοὺς
2932 2620 3323 2689 προστάγμασι
3379 2621 3648 2689 προσέδησε

2112 2706 2206 2758 καὶ
2247 2706 2596 2778 προσήλωσα,
2627 2708 2770 2778 ζωὴν
2807 2710 2904 2778 μὲν
2934 2710 3113 2772 αὐτοῖς
3142 2709 3403 2778 οὐδεμίαν
3451 2710 3648 2779 δυναμέ·

2111 2812 2222 2858 νοις
2258 2797 2537 2868 παρέχειν,
2572 2799 2714 2868 τῇδὲ
2750 2800 2875 2869 περὶ
2902 2800 3039 2852 αὐτὰ
3067 2799 3282 2870 φυλακῇ
3313 2817 3370 2852 τε
3399 2802 3486 2853 καὶ
3517 2802 3648 2870 ἀσχοδ

2111 2886 2200 2957 λίᾳ
2260 2888 2360 2958 τὴν
2392 2888 2498 2941 τῶν
2529 2890 2843 2954 ἀναγκαίων
2874 2892 3052 2960 νόμων
3102 2892 3331 2944 ἐκείνων
3376 2892 3647 2961 παράϐασιν

2112 2977 2395 3033 παύονται.
2422 2981 2723 3033 Λίνίττεται
2749 2982 2805 3033 δὲ
2834 2981 2921 3034 διὰ
2945 2984 3147 3034 τούτων
3178 2985 3278 3045 τὰς
3304 2984 3429 3049 περὶ
3452 2984 3645 3054 λέπρας,

2114 3073 2208 3125 καὶ
2247 3072 2432 3124 ὀστέου
2462 3073 2678 3145 νεκροῦ,
2710 3074 2801 3126 καὶ
2832 3074 3175 3145 θνησιμαίου,
3208 3077 3303 3129 καὶ
3334 3078 3644 3147 γονορρυοῦς,

2115 3165 2208 3217 καὶ
2240 3163 2349 3217 τῶν
2383 3164 2556 3218 ἄλλων
2595 3165 2702 3217 τῶν
2731 3168 2988 3218 τοιούτων
3023 3167 3264 3230 ἐντολὰς,
3296 3171 3389 3221 καὶ
3418 3171 3480 3222 τὰ
3505 3170 3645 3238 συχνὰ

2112 3252 2201 3305 διὰ
2244 3254 2417 3306 ταῦτα
2471 3256 2923 3326 περιρραντήρια,
2985 3259 3080 3310 καὶ
3135 3259 3234 3321 τὰς
3284 3260 3422 3328 ὑπὲρ
3473 3261 3642 3313 τούτων

2115 3347 2562 3417 προσφερομένας
2617 3346 2805 3409 θυσίας
2829 3363 2843 3376 ·
2903 3348 3030 3418 περὶ
3067 3348 3112 3380 ³³
3151 3348 3261 3419 γὰρ
3292 3351 3399 3401 τῶν
3429 3350 3644 3404 τοιούτων

2113 3436 2411 3505 εἱλούμενοι
2440 3438 2484 3469 ⁸⁸
2536 3436 2813 3507 φυλακὴν,
2841 3438 2941 3491 οὐκ
2973 3437 3048 3491 ἔθ’
3080 3441 3280 3510 ὁμοίως
3348 3442 3451 3494 τῶν
3503 3447 3643 3501 ἀναν·

2111 3527 2283 3579 καίων
2311 3527 2533 3579 ἐκείνων
2570 3528 2663 3581 καὶ
2692 3529 2981 3598 ὠφελίμων
3009 3535 3374 3602 καταφρονεῖν
3420 3533 3643 3603 ἠδύναντο

2112 3616 2290 3688 νόμων
2314 3634 2326 3646 ·
2349 3617 2433 3671 διά
2454 3618 2610 3671 τοῦτο
2638 3620 2736 3673 οὐκ
2760 3620 2862 3690 ἔφη
2905 3620 3192 3674 δεδωκέναι
3226 3625 3409 3686 αὐτοῖς
3440 3627 3643 3692 προστά-

2111 3724 2297 3777 γματα
2341 3709 2508 3776 κακά,
2534 3710 2646 3763 ἀλλ’
2669 3712 2729 3763 οὐ
2776 3711 2935 3764 καλά.
2974 3711 3109 3765 Οὔτε
3140 3712 3250 3783 γὰρ
3274 3715 3465 3767 κακίαν
3495 3716 3638 3768 tam.

2115 3812 2264 3861 σκεν,
2304 3796 2428 3850 οὗτε
2468 3800 2670 3869 ἀρετῆς
2712 3799 2852 3853 αὐτὰ
2905 3800 3026 3853 καθ’
3049 3801 3219 3855 ἐαυτά
3252 3805 3500 3871 ποιητικὰ
3539 3807 3639 3857 ὅντα

2111 3888 2427 3958 ἐτύγχανεν,
2472 3889 2608 3943 ἀλλά
2658 3892 2865 3961 συχνῶς
2902 3895 3090 3964 φοιτᾷν
3132 3895 3212 3957 είς
3239 3895 3325 3949 τὸν
3357 3894 3491 3949 θεῖον
3509 3895 3637 3962 νεὼν,

2111 3980 2205 4031 καὶ
2259 3979 2337 4049 τῷ
2387 3980 2505 4051 Θεῷ
2547 3983 2927 4052 προσεδρεύειν
2975 3986 3304 4053 ἠνάγκαζεν.
3345 3988 3401 4040 Ὀ
3431 3990 3528 4057 γὰρ
3564 4003 3636 4057 με·

2114 4071 2336 4139 μιὰνυαι
2392 4072 2661 4124 πιστεύων
2709 4074 2802 4126 ἐπὶ
2837 4076 2932 4142 τὴν
2984 4074 3250 4146 κάθαρσιν
3287 4078 3510 4147 ἔτρεχεν,
3553 4080 3635 4143 ἀφ·

2113 4161 2437 4230 ικνούμενος
2474 4162 2532 4213 δὲ
2564 4162 2779 4231 μνήμην
2810 4163 3081 4232 ἐλάμϐανε
3107 4165 3201 4217 τοῦ
3231 4166 3384 4219 Θεοῦ.
3433 4168 3560 4235 Αὕτη
3587 4167 3631 4217 δὲ

2111 4254 2143 4320 ἡ
2197 4256 2385 4323 μνήμη
2433 4252 2528 4322 τὴν
2583 4253 2819 4323 δυσσεϐῆ
2857 4254 3083 4325 γνώμην
3135 4256 3379 4328 ἐξώριζε,
3419 4259 3505 4311 καὶ
3537 4258 3633 4317 τοὺς

2110 4342 2289 4402 θείους
2341 4341 2537 4411 νόμους
2594 4342 2883 4409 φυλάττειν
2933 4343 3253 4396 ἀνέπειθεν⁸
3306 4345 3435 4399 αὐτά
3488 4346 3633 4397 τοίνυν

440 4433 544 4489 bus
594 4433 678 4489 lex
718 4434 1101 4504 imponebatur
1128 4475 1142 4498 ,
1179 4435 1545 4494 imbecillitati
1578 4445 1958 4511 congruebant
1987 4464 2000 4500 :

2118 4430 2228 4485 καθ’
2250 4431 2435 4491 ἐαυτὰ,
2464 4432 2522 4484 ού
2549 4431 2690 4485 καλά
2714 4449 2724 4460 ·
2753 4433 2812 4484 οὐ
2848 4433 2957 4505 γὰρ
2983 4433 3061 4503 τῷ
3091 4434 3221 4503 θείῳ
3248 4434 3508 4489 συνέϐαινε
3537 4450 3633 4485 σκο-

437 4524 604 4595 830
636 4541 741 4578 non
772 4532 951 4579 tamen
994 4526 1111 4595 ipsa
1151 4527 1404 4595 pulchra,
1446 4547 1626 4601 neqtte
1671 4536 2002 4602 necessaria,

442 4612 509 4665 ad
536 4614 674 4667 bona
699 4622 880 4669 autem
900 4622 955 4669 et
977 4618 1286 4671 necessaria
1305 4618 1601 4675 ducebant.
1624 4622 1720 4677 His
1742 4627 1999 4695 subjicit:

514 4779 675 4833 Vens.
711 4780 800 4833 26.
840 4780 902 4833 Et
924 4782 1163 4847 polluam
1198 4799 1285 4838 eos
1312 4785 1367 4837 in
1390 4786 1564 4850 donis,
1597 4805 1716 4842 cum
1748 4793 2007 4861 trajecero

442 4883 535 4937 ego
574 4883 721 4921 omne
758 4872 995 4937 aperiens
1041 4881 1248 4926 uterum
1309 4886 1638 4939 maternum.
1684 4892 1740 4934 ut
1798 4884 2000 4939 deleam

442 4971 552 5018 eos,
596 4965 653 5007 ut
686 4969 997 5025 cognoscant
1042 4978 1123 5014 me
1165 4980 1275 5015 esse
1307 4964 1614 5021 Dominum.
1658 4972 1774 5025 Hoc
1827 4976 2005 5032 simile

445 5053 529 5097 est
554 5044 630 5097 illi
665 5046 806 5111 quod
838 5063 935 5114 per
997 5050 1215 5103 beatum
1267 5051 1521 5108 Davidem
1559 5072 1588 5108 a
1640 5057 1749 5113 Deo
1798 5062 2002 5117 dictum

443 5144 562 5189 est:
611 5152 629 5182 ι
685 5132 750 5186 Et
778 5134 959 5189 dimisi
1006 5152 1100 5191 eos
1152 5142 1455 5195 secundum
1506 5144 1777 5203 desideria
1821 5156 2002 5208 cordis

2112 4522 2219 4592 πῷ,
2259 4523 2393 4575 ἀλλὰ
2424 4525 2488 4592 τῇ
2537 4522 2645 4575 τῶν
2697 4522 3169 4594 νομοθετουμένων
3212 4526 3473 4596 ἥρμοττεν
3502 4524 3629 4577 ἀσθεο

2113 4615 2231 4685 νείᾳ.
2256 4631 2267 4642 ·
2298 4614 2358 4666 οὐ
2384 4614 2519 4666 καλὰ
2544 4614 2603 4665 »δὲ
2633 4615 2783 4683 ὅμως
2811 4614 2970 4677 αὐτὰ,
2993 4615 3111 4667 οὐδὲ
3142 4615 3426 4683 ἀναγκαῖα,
3456 4614 3568 4684 ἦγεν
3587 4614 3630 4666 δὲ

2104 4704 2196 4756 ἐπὶ
2227 4705 2293 4757 τὰ
2313 4704 2451 4757 καλὰ
2473 4705 2566 4756 καὶ
2598 4705 2889 4772 ἀναγκαῖα.
2918 4704 3139 4769 Τούτοις
3165 4709 3356 4775 ἐπάγει
3382 4724 3396 4736 ·

2176 4801 2289 4857 κς·’.
2321 4794 2423 4847 Καὶ
2448 4793 2638 4861 guard:
2683 4794 2905 4859 αὐτοὺς
2934 4795 3003 4847 ἐν
3049 4796 3173 4862 τοῖς
3223 4797 3470 4867 δόμησθν
3495 4797 3550 4853 ³⁸,
3578 4794 3632 4845 ἐν

2109 4883 2188 4949 τῷ
2233 4885 2691 4949 διαπορεύεσθαι
2724 4901 2800 4952 με
2838 4886 2880 4915 ³⁷
2922 4882 3045 4937 πᾶν
3082 4886 3377 4956 διανοῖγον
3412 4887 3628 4955 μήτραν,

2110 4973 2265 5037 ὅπως
2292 4974 2565 5041 ἀφανίσω
2593 4974 2831 5038 αὐτοὺς,
2854 4975 2954 5026 ἵνα
2979 4974 3022 5006 ³⁸
3053 4975 3278 5044 ’γνῶσιν
3297 4978 3377 5030 ὄτι
3410 4975 3513 5044 ἐγὼ
3541 4974 3630 5027 Kai-

2109 5082 2258 5132 ριος.
2294 5064 2465 5116 Τοῦτο
2512 5064 2652 5117 ἔοικε
2696 5064 2774 5134 τῷ
2817 5066 2905 5119 διὰ
2932 5066 3024 5118 τοῦ
3057 5072 3323 5140 μακαρίου
3372 5068 3521 5120 Δαϐἶδ
3547 5064 3628 5117 ὑπὸ

2113 5153 2206 5205 τοῦ
2239 5152 2373 5205 Θεοῦ
2406 5154 2703 5223 εἰρημένων
2734 5173 2751 5203 ι
2783 5155 2894 5207 Καὶ
2921 5157 3275 5221 ἐξαπέστειλα
3306 5158 3485 5219 αὐτοὺς
3514 5153 3626 5207 κατὰ

1714 5325 1943 5380 VARUE
1989 5329 2389 5388 LECTIONES.

513 5455 556 5488 ³ο
576 5452 719 5506 ἐϐεε.
776 5453 848 5524 Ita
885 5451 1095 5524 (ἶοῐιηδιζ
1134 5450 1338 5505 Desunt
1367 5458 1570 5524 reliqua
1611 5477 1672 5514 ex
1743 5479 1881 5516 vers.
1913 5465 2001 5518 Ql.

441 5541 607 5581 xum
648 5535 702 5576 et
738 5523 802 5574 ad
838 5524 1014 5576 locum
1058 5521 1234 5574 Galat.
1275 5539 1353 5584 Ill,
1394 5521 1596 5584 2|,cst
1627 5531 1818 5582 ἔδωκα.

444 5596 713 5664 λούμενοι.
746 5591 868 5662 Leg.
895 5607 1047 5664 esse
1078 5592 1307 5664 videtur
1337 5594 1614 5660 εἰλόμενοι.

450 5662 489 5687 ³*
530 5661 614 5731 με.
653 5661 925 5718 Αὺοειίιιι)
953 5662 1118 5716 Hebr.
1209 5661 1251 5690 ³⁸
1288 5662 1319 5712 is

2076 5466 2119 5496 ³⁸
2156 5469 2285 5520 Καί.

1896 5535 1944 5605 δέ
1970 5532 2083 5586 οὖν.
2115 5534 2155 5587 Β
2181 5552 2362 5604 prtem.
2389 5537 2508 5605 μέν.

1511 5612 1656 5675 flat."
1709 5599 1752 5631 ³⁸
1778 5600 1896 5675 δομ.
1930 5604 2005 5656 lla
2051 5599 2264 5672 quoque
2292 5608 2338 5675 _A
2380 5599 2447 5675 et,
2470 5607 2508 5658 Β
2536 5608 2689 5675 juxta
2725 5599 2878 5665 Alei.
2925 5599 2973 5663 (δί
3014 5599 3189 5667 Ἠεὺὶκ
3244 5614 3350 5673 Alii,
3379 5609 3618 5675 δόγμα-τινα

1289 5665 1581 5720 {Va-"K139.
1618 5665 1737 5717 limo
1761 5665 1921 5721 etiam
1948 5665 2246 5737 ειπηόεοιιίιι
2277 5673 2317 5725 Λ
2345 5689 2397 5726 et
2432 5674 2468 5725 P
2500 5665 2648 5743 juxta
2670 5680 2822 5734 Alex.
2844 5690 2895 5735 et
2926 5681 3087 5736 llebr.

2342 5467 2465 5521 Des.
2517 5472 2569 5522 in
2632 5470 2688 5523 Β.
2768 5473 2811 5503 ³¹
2845 5473 2948 5524 δέό.
2995 5472 3158 5536 Infra,
3212 5475 3275 5528 ad
3332 5472 3473 5525 linem
3523 5480 3620 5536 (τινα

2606 5540 2650 5570 as
2682 5540 2902 5613 BﬁaPi
2937 5544 3045 5611 γάρ
3097 5535 3193 5613 τὴν
3236 5544 3439 5613 τούτων..
3495 5538 3532 5566 ³⁵
3563 5535 3618 5584 si-
