3840 6202
250 323 356 387 997

1374 329 1457 394 IN
1515 322 1967 390 EZECHIELIS
2001 320 2159 383 CAP.
2200 321 2329 383 XX.

3394 319 3499 382 998

248 460 308 510 τὰ
330 451 737 524 ἐπιτηδεύματα
765 450 870 502 τῶν
904 446 1140 518 καρδιῶν
1189 445 1369 498 αὐτῶν
1395 461 1407 475 ·
1456 439 1815 512 πορεύσονται

1949 448 2143 488 orum:
2174 434 2334 488 ibunt
2361 432 2418 487 in
2465 429 2735 486 institutis
2758 428 2874 485 suis
2895 430 2944 485 ιι.
2980 449 2997 481 ι
3033 427 3136 486 Ubi
3185 429 3332 485 enim
3386 433 3498 485 vidi

243 548 423 609 ἐντοῖς
450 541 876 615 ἐπιτηδεύμασιν
909 539 1110 593 αὐτῶν.
1140 557 1159 588 ι
1180 535 1399 604 Ἐπειδὴ
1416 533 1529 602 γὰρ
1554 525 1693 582 εἶδον
1722 525 1820 580 αύ-

242 638 361 699 τούς
410 633 668 704 οὐδεμίαν
707 630 978 698 ὠφέλειαν
1006 629 1070 681 ἐκ
1090 627 1200 681 τῶν
1259 625 1412 698 ἐμῶν
1443 618 1819 692 παραινέσεων

242 727 581 798 δεχομένους,
615 723 774 777 εῐασα
818 720 1005 773 λοιπὸν
1057 718 1255 782 αὐτοὺς
1296 719 1409 779 τοῖς
1437 711 1658 773 οἰκείοις
1688 709 1818 761 ἀκο-

242 819 449 873 λουθεῖν
478 816 783 885 λογισμοῖς,
815 810 1088 883 κυϐερνᾷν
1118 809 1318 871 αὐτοὺς
1342 807 1443 860 ούκ
1469 801 1815 872 ἀνεχόμενος·

242 910 396 963 τοῦτο
427 909 522 962 καὶ
573 901 807 958 ἐνταῦθα
835 901 1218 974 παρεδήλωσεν
1265 895 1503 969 εἰρηκώς
1528 910 1541 923 ο
1573 910 1590 942 ι
1629 886 1821 944 Μιανῶ

247 1003 438 1061 αὐτοὺς
461 1002 517 1051 ἐν
542 999 650 1059 τοῖς
679 993 908 1064 δόμοισιν
928 992 1129 1046 αὐτῶν.
1162 1011 1179 1042 ι
1214 987 1559 1056 Σαφέστερον
1577 982 1634 1035 δὲ
1663 977 1822 1031 τοῦτο

246 1096 272 1145 ὀ
307 1090 538 1151 Ἀκύλας
568 1088 914 1159 ήρμήνευσεν
937 1083 1229 1156 εἰρηκώςί
1265 1079 1371 1133 Καὶ
1399 1076 1598 1147 ὲμίανα
1629 1072 1822 1133 αὐτοὺς

246 1188 302 1237 ὲν
332 1186 441 1246 τοῖς
468 1183 735 1251 δὸγμασιν
762 1179 807 1211 ³⁸
837 1178 1040 1238 αὐτῶν,
1088 1197 1105 1227 ι
1139 1177 1196 1228 ἐν
1223 1173 1303 1243 τῷ
1335 1167 1683 1240 παραγαγεῖν
1716 1164 1823 1217 πᾶν

245 1278 509 1341 διανοῖγον
545 1275 758 1342 μήτραν
784 1285 796 1300 ο
833 1267 1190 1339 συνεχώρησα
1238 1266 1345 1335 γὰρ
1381 1265 1567 1325 αὐτοῖς
1617 1259 1822 1329 μιαίνε-

248 1366 367 1419 σθαι
393 1366 508 1427 τοῖς
546 1361 694 1429 σφῶν
720 1358 1146 1429 ἐπιτηδεύμασιν
1169 1360 1227 1409 ἐν
1254 1355 1333 1426 τῷ
1356 1354 1450 1408 διὰ
1484 1352 1655 1421 πυρὸς
1680 1366 1820 1418 παρ-

245 1460 394 1527 άγειν
453 1456 527 1508 τὰ
572 1454 780 1513 παιδία.
852 1452 946 1504 καὶ
999 1455 1070 1503 τὰ
1112 1450 1432 1521 πρωτότοκα
1466 1446 1573 1498 τῶν
1621 1443 1825 1496 παίδων

245 1547 583 1619 προσφέρειν
635 1546 747 1607 τοῖς
793 1542 1045 1612 δαίμοσι,
1100 1540 1198 1604 τὰς
1226 1540 1380 1603 ἀξίας
1420 1538 1605 1597 αὐτοῖς
1638 1534 1825 1588 λοιπὸν

245 1639 571 1711 προσφέρων
608 1638 654 1668 ⁸⁰
688 1634 979 1707 τιμωρίας.
1110 1692 1115 1697 _

315 1730 420 1795 κζ’,
448 1729 556 1799 κη’.
588 1728 692 1783 Διὰ
732 1727 906 1781 τοῦτο
953 1724 1235 1793 λὰλησω·
1293 1723 1442 1790 πρὸς
1495 1720 1602 1773 τὸν
1658 1718 1828 1772 οἷκον

260 1823 519 1892 Ἰσραὴλ,
553 1819 647 1875 υἱὲ
683 1818 1019 1885 ἀνθρώπου,
1054 1816 1153 1869 καὶ
1203 1814 1357 1883 ἐρεῖς
1385 1813 1534 1881 πρὸς
1560 1811 1781 1875 αὐτούς
1812 1826 1824 1840 ·

250 1917 396 1974 Τάδε
447 1912 614 1981 λέγει
662 1906 1157 1975 ἈδωναῒΚύριος
1188 1923 1201 1936 ·
1241 1906 1397 1969 Ἕως
1453 1902 1553 1956 καὶ
1610 1901 1825 1953 τούτου

245 2001 633 2077 ,ταρώργισάν
689 2016 766 2069 με
816 2001 871 2053 οἱ
918 1988 1180 2065 πατέρες
1240 1994 1409 2065 ὑμῶν
1443 1994 1513 2046 ἐν
1550 1991 1675 2056 τοῖς
1713 2003 1822 2043 πα-

242 2096 634 2166 ραπτώμασιν
671 2089 890 2154 αὐτῶν,
929 2090 999 2143 ἐν
1034 2084 1125 2153 οἷς
1182 2085 1531 2155 παρέπεσον
1570 2086 1657 2148 εἰς
1694 2082 1820 2151 ἐμέ.

247 2193 357 2247 Καὶ
394 2187 725 2257 εἰσήγαγον
761 2181 986 2248 αὐτοὺς
1034 2183 1123 2248 εἰς
1162 2179 1279 2249 γῆν
1314 2181 1403 2245 εὶς
1444 2176 1525 2244 ’ἢν
1563 2172 1678 2246 ἦρα
1714 2173 1829 2240 τὴν

248 2280 416 2353 χεῖρά
446 2294 567 2349 μου
600 2275 711 2331 τοῦ
747 2273 959 2329 δοῦναι
991 2288 1068 2341 με
1106 2269 1302 2336 αὐτὴν
1339 2266 1567 2332 αὐτοῖς,
1620 2263 1721 2319 καὶ
1748 2259 1829 2318 εἷ-

244 2377 358 2429 ευν
388 2370 589 2426 πάντα
619 2366 859 2434 βοῡνὸν
882 2363 1151 2433 ὑψηλὸν,
1199 2361 1298 2416 καὶ
1337 2357 1460 2414 πᾶν
1498 2358 1689 2423 ξύλον
1726 2371 1829 2409 κα-

244 2465 523 2528 τάσκιον,
564 2460 666 2515 και
703 2459 934 2514 ἔθυσαν
968 2454 1097 2509 ἐκεῖ
1125 2453 1248 2520 τοῖς
1288 2451 1444 2516 θεοῖς
1482 2448 1703 2512 αὐτῶν,
1732 2446 1829 2501 καὶ

242 2556 471 2620 ἔταξαν
509 2553 645 2608 ἐκεῖ
674 2550 865 2621 θυμὸν
904 2550 947 2580 ⁸⁸
993 2546 1196 2615 δώρων
1227 2544 1446 2606 αὐτῶν,
1490 2544 1584 2597 καὶ
1626 2542 1831 2596 ἔθεντο

244 2648 372 2702 ἐκεῖ
412 2644 621 2715 ὀσμὴν
667 2641 918 2707 εὐωδίας
957 2640 1177 2702 αὑτῶν,
1214 2637 1309 2691 καὶ
1349 2636 1649 2689 ἔσπεισαν
1710 2632 1839 2685 ἐκεῖ

245 2738 529 2805 σπονδὰς
567 2733 795 2790 αὑτῶν.
831 2733 944 2785 Οὐκ
995 2728 1367 2801 ἠρκέσθησαν,
1427 2727 1561 2795 φησι
1594 2765 1608 2787 ,
1655 2726 1722 2794 τῇ
1776 2725 1833 2776 ἐν

238 2812 514 2900 Ἀίγύπτῳ
542 2826 846 2894 ἀντιλογίᾳ,
881 2821 976 2876 καὶ
1002 2823 1123 2884 ταῖς
1152 2823 1208 2873 ὲν
1245 2822 1311 2889 τῇ
1351 2820 1543 2888 ἐρήμῳ
1591 2832 1832 2884 παρανο-

246 2926 426 2993 μίαις,
456 2920 601 2975 ἀλλὰ
630 2919 724 2973 καὶ
749 2919 829 2980 είς
854 2915 951 2986 τὴν
979 2911 1411 2982 ὲπαγγελϐεῖσαν
1461 2911 1644 2971 αὐτοῖς
1665 2909 1837 2961 εἰσελ-

243 3018 435 3081 δόντες
487 3015 597 3085 γῆν
629 3011 831 3082 πολλῆς
879 3007 1050 3079 αὐτὴν
1103 3004 1357 3066 ἀσεϐείας
1402 3002 1728 3072 ἐνέπλησαν,
1782 3002 1837 3052 ὲν

1922 525 2075 596 ipsos
2104 542 2169 581 ex
2203 527 2340 580 meis
2380 523 2669 595 prmceptis
2719 522 2861 578 nihil
2909 523 3160 579 utilitatis
3195 525 3498 595 percipere,

1922 616 2148 688 permisi
2180 616 2262 671 eis
2296 616 2559 684 deinceps
2588 629 2691 669 sua
2739 614 2972 670 consilia
3023 615 3300 685 persequi,
3354 613 3500 670 haud

1924 711 2204 765 sustinens
2239 723 2334 777 eos
2366 709 2697 779 gubernare.
2735 705 2893 773 Quod
2926 707 3017 761 hic
3049 723 3270 777 quoque
3319 707 3502 763 decla-

1924 799 2085 864 ravit,
2123 815 2247 854 cum
2283 798 2465 852 dixit:
2523 818 2541 852 ι
2578 798 2824 852 Polluam
2866 812 2963 853 eos
2997 798 3051 851 in
3100 797 3262 854 donis
3296 798 3437 853 suis.
3477 817 3498 850 ι

1926 889 2031 944 Sed
2085 891 2333 961 apertius
2387 890 2490 944 hoc
2548 890 2746 959 Aquila
2806 890 3203 958 interpretatus
3241 897 3358 955 est,
3407 891 3501 961 qui

1924 983 2094 1037 dixit:
2135 1002 2152 1033 ι
2205 983 2267 1034 Et
2306 983 2475 1052 pollui
2507 998 2604 1039 eos
2636 985 2691 1037 in
2749 983 3101 1053 dogmatibus
3162 983 3433 1053 ipsorum.
3479 1003 3497 1034 ι

1925 1089 2049 1129 cum
2076 1077 2471 1131 traducerent‘
2504 1077 2608 1145 ipsi
2636 1090 2798 1129 omne
2830 1076 3084 1145 aperiens
3134 1085 3350 1130 uterum
3387 1090 3505 1129 ma-

1929 1181 2177 1225 ternum:
2217 1171 2442 1239 permisi
2485 1170 2629 1226 enim
2682 1170 2820 1238 ipsis
2878 1169 2995 1224 suis
3034 1169 3314 1238 inquinari
3351 1169 3508 1224 insti-

1928 1262 2084 1327 tutis,
2116 1277 2241 1315 cum
2278 1278 2374 1331 per
2401 1261 2579 1332 ignem
2611 1260 2970 1316 traducerent
3012 1260 3177 1324 tilios,
3225 1269 3278 1314 et
3308 1275 3507 1331 pueros

1927 1354 2326 1422 primogenitos
2353 1354 2699 1409 dtemonibus
2731 1352 3016 1420 offerrent,
3051 1353 3247 1425 dignas
3273 1352 3411 1423 ipsis
3439 1353 3507 1408 de

1930 1446 2145 1514 reliquo
2176 1460 2368 1515 pinnas
2400 1446 2674 1515 inﬂigens.

2005 1713 2165 1768 Vnus.
2209 1713 2300 1779 27,
2329 1714 2419 1768 28.
2452 1712 2659 1767 Idcirco
2683 1713 2894 1782 loquere
2922 1712 2992 1766 ad
3020 1711 3234 1766 domum
3261 1711 3316 1766 Is
3329 1714 3509 1774 raelis,

1935 1807 2014 1875 ﬁli
2052 1807 2299 1862 hominis.
2355 1815 2403 1859 et
2448 1806 2590 1859 dices
2630 1806 2699 1859 ad
2737 1821 2823 1862 eos
2875 1821 2896 1859 .'
2937 1803 3064 1858 IIa'c
3120 1805 3248 1858 dicit
3301 1806 3510 1859 Adonai

1935 1897 2193 1952 Dominus
2216 1914 2235 1952 :
2267 1898 2530 1951 Hactenus
2565 1899 2725 1950 etiam
2754 1902 2822 1950 ad
2854 1896 3187 1950 iracundiam
3218 1897 3511 1950 incitarunt

1934 2008 2013 2045 me
2046 2000 2222 2060 patres
2293 1991 2449 2043 vestri
2508 1988 2714 2043 delictis
2774 1989 2914 2052 suis,
2946 1987 3137 2058 quibus
3180 1987 3511 2058 deliquerunt

1934 2091 2118 2138 contra
2152 2098 2247 2133 me.
2281 2079 2345 2134 Et
2373 2080 2647 2133 introduxi
2675 2096 2760 2133 eos
2786 2080 2839 2132 in
2874 2088 3088 2141 terram,
3113 2080 3166 2132 in
3200 2095 3358 2146 quam
3393 2096 3513 2133 sus-

1937 2174 2033 2227 tuli
2062 2188 2273 2225 manum
2306 2187 2498 2233 nteant,
2538 2171 2814 2243 utqdarem
2838 2186 2957 2224 eam
2984 2171 3152 2239 ipsis;
3188 2178 3237 2223 et
3273 2171 3513 2224 viderunt

1936 2281 2143 2320 omnem
2204 2263 2390 2317 collem
2447 2261 2737 2325 excelsum,
2783 2270 2833 2314 et
2875 2277 3026 2315 omne
3060 2260 3260 2330 lignum
3303 2260 3519 2315 umbro-

1936 2374 2076 2421 sum,
2118 2364 2167 2410 et
2195 2356 2628 2425 sacriﬁcaverunt
2691 2353 2761 2406 ibi
2800 2353 2904 2407 diis
2962 2355 3094 2418 suis,
3143 2362 3193 2407 et
3226 2363 3517 2422 posuerunt

1937 2450 2010 2503 ibi
2084 2450 2317 2518 furorem
2381 2462 2657 2499 munerum
2713 2460 2963 2510 suorum,
3016 2453 3067 2498 et
3113 2458 3400 2513 posuerunt
3445 2448 3517 2500 ibi

1939 2545 2150 2597 odorem
2193 2542 2476 2596 suavitatis
2528 2558 2659 2606 suae,
2713 2552 2763 2596 et
2822 2542 3116 2595 libaverant
3148 2543 3219 2596 ibi
3262 2544 3519 2599 libamina

1938 2635 2098 2705 831
2146 2651 2263 2687 sua.
2299 2633 2416 2687 Non
2449 2636 2585 2689 satis
2614 2644 2734 2689 erat
2761 2634 2890 2699 illis,
2934 2635 3134 2704 inquit,
3180 2636 3234 2690 in
3282 2635 3519 2707 Egypto

1942 2726 2073 2780 mihi
2123 2726 2415 2789 restitisse,
2473 2725 2612 2779 etin
2655 2726 2875 2780 deserto
2941 2726 3106 2796 impie
3160 2728 3360 2797 egisse,
3422 2729 3519 2783 sed

1926 2818 2109 2873 etiam
2148 2818 2384 2886 ingressi
2440 2818 2493 2871 in
2554 2826 2756 2872 terram
2799 2819 2903 2872 sibi
2959 2819 3289 2889 promissam
3350 2823 3520 2875 multa

1945 2908 2222 2978 impietate
2245 2924 2365 2961 eam
2401 2898 2834 2981 compleverunt,
2872 2926 2999 2965 aras
3035 2912 3087 2963 in
3119 2913 3374 2966 omnibus
3410 2914 3519 2967 col-

1946 3001 2091 3054 libus
2124 3000 2554 3069 nemoribusque
2583 3008 2994 3065 construentes,
3028 3000 3209 3068 iisque
3236 3002 3379 3056 idola
3424 3001 3515 3054 im-

247 3110 425 3164 ἅπασι
453 3109 571 3170 τοῖς
597 3104 804 3175 βουνοῖς
836 3102 932 3155 καὶ
955 3102 1013 3151 ὲν
1038 3100 1149 3161 τοῖς
1179 3096 1368 3150 ἄλσεσι
1405 3092 1623 3163 βωμοὺς
1658 3091 1830 3161 δειμά-

1950 3097 2237 3158 poneutcs,
2273 3089 2474 3158 quibus
2518 3100 2571 3143 et
2604 3089 2888 3152 libamina,
2943 3097 2997 3144 et
3038 3090 3190 3143 varia
3256 3090 3525 3146 sacriﬁcia

250 3219 429 3271 μενοι,
468 3198 565 3253 καὶ
588 3195 784 3249 εἴδωλα
813 3192 1185 3264 ἱδρυσάμενοι,
1233 3187 1328 3242 καὶ
1368 3185 1600 3246 σπονδὰς
1655 3185 1836 3245 αὐτοῖς

250 3294 340 3346 καὶ
377 3290 577 3353 Θυσίας
618 3288 908 3355 διαφόρους
944 3279 1424 3354 προσενεγκόντες.
1458 3275 1530 3328 Τὸ
1559 3275 1614 3327 δὲ
1640 3314 1655 3337 ,
1689 3291 1706 3324 ι
1744 3275 1837 3325 Ἔ-

248 3382 422 3447 ταξαν
449 3381 569 3434 ἐκεῖ
587 3376 757 3448 Ουμδν
789 3374 978 3445 δώρων
1006 3370 1204 3427 αὐτῶν·
1239 3388 1257 3420 ι
1295 3370 1416 3422 ἀντὶ
1450 3365 1545 3419 τοῦ
1570 3365 1697 3427 Τοῖς
1725 3381 1830 3416 πα-

1947 3182 2284 3235 obtulerunt.
2328 3179 2463 3234 Illud
2517 3190 2721 3242 autem,
2765 3198 2783 3230 ι
2836 3179 3148 3236 Posuerunt
3180 3184 3253 3237 ibi
3286 3182 3519 3238 furorem

1947 3287 2239 3326 munerum
2285 3287 2533 3335 suorum,
2576 3289 2594 3322 ι
2634 3270 2777 3324 idem
2832 3280 2917 3324 est
2953 3272 3122 3340 quod,
3156 3273 3367 3343 lniquis
3419 3273 3527 3327 illis

1944 3363 2106 3418 donis
2142 3361 2259 3418 suis
2291 3363 2428 3415 iram
2457 3377 2632 3415 meam
2674 3361 3050 3416 concitarunt.

253 3475 524 3548 ρανόμοις
553 3468 733 3523 αὐτῶν
758 3466 986 3530 ἐκείνοις
1015 3462 1208 3534 δώροις
1249 3460 1340 3513 τὸν
1364 3458 1493 3531 ἐμὸν
1524 3458 1805 3526 διήγειραν
1840 3453 2032 3526 Θυμόν.

325 3566 432 3621 κθ¹.
475 3563 588 3618 Καὶ
624 3557 796 3616 εἷπον
829 3558 977 3627 πρὸς
1016 3554 1258 3620 αὐτοὺς,
1311 3553 1370 3606 Τί
1413 3552 1582 3605 ἐστιν
1632 3549 1846 3616 Ἀϐαμὰ

220 3722 226 3727 ,
253 3664 270 3718 ί
283 3661 314 3730 ἢ
338 3659 420 3721 ob;
452 3654 750 3726 Σύμμαχος
768 3650 811 3682 ⁸³
842 3648 968 3719 ἔφη,
1010 3647 1068 3701 τί
1101 3645 1234 3699 ἐστι
1287 3641 1455 3711 Βαμά
1482 3639 1523 3711 ),
1562 3638 1653 3693 ὅτι
1674 3638 1842 3708 ὑμεῖς

252 3750 691 3819 εῖσπορεύεσθε
744 3741 908 3806 ἐκεῖ;
977 3739 1073 3795 καὶ
1123 3737 1506 3792 ἐπεκάλεσαν
1553 3733 1619 3787 τὸ
1663 3732 1848 3819 ὄνομα

251 3817 450 3898 αὐτοῧ
483 3840 651 3907 Βαμὰ
669 3835 778 3901 ἕως
798 3832 909 3901 τῆς
926 3831 1192 3899 σήμερον
1214 3826 1455 3895 ἡμέρας,
1490 3823 1666 3884 Τόπος
1696 3817 1849 3884 οὗτος

254 3939 538 4005 ἐπίσημος
578 3932 642 3983 ὲκ
674 3930 772 3997 τῆς
802 3926 932 3996 περὶ
959 3923 1027 3975 τα
1058 3919 1248 3973 εἴδωλα
1275 3916 1591 3977 δυσσεϐείας
1622 3930 1850 3983 γεγενη-

258 4032 450 4101 μένος.
486 4021 654 4079 Εἶπεν
683 4020 859 4074 τοίνυν
888 4017 1094 4076 αὐτοῖς,
1123 4013 1280 4064 Ποῖον
1306 4007 1515 4060 ἐκεῖθεν
1545 4005 1851 4074 λαμϐάνετε

256 4097 498 4192 ξιέρδοω
547 4115 628 4177 τίς
666 4113 793 4182 ὑμῖν
825 4108 931 4162 ἀπὸ
957 4107 1054 4176 τῆς
1095 4101 1252 4172 Βαμὰ
1278 4099 1513 4168 ὠφέλεια
1542 4097 1849 4192 γενήσεται,

254 4191 338 4269 aii
381 4210 484 4267 καὶ
524 4207 696 4269 οὕτως
742 4204 910 4273 αὐτὴν
954 4200 1222 4268 ἐπίσημον
1274 4195 1585 4264 ἐποιήσατε,
1634 4192 1708 4255 ὡς
1756 4191 1852 4244 καὶ

242 4309 356 4376 ’τὴν
410 4296 786 4375 προσηγορίαν
832 4294 992 4365 μέχρι
1035 4288 1129 4344 τοῦ
1173 4287 1438 4357 παρόντος
1482 4282 1702 4352 βεϐαίαν
1733 4282 1850 4335 δια-

262 4401 459 4465 μεῖναι
480 4411 497 4459 ;

331 4487 408 4547 λ’,
440 4456 544 4534 λα’.
599 4477 699 4532 Διὰ
729 4474 903 4535 τοῦτο
934 4470 1065 4526 εἰπὲ
1094 4467 1243 4536 πρὸς
1269 4464 1374 4517 τὸν
1403 4456 1571 4515 οἶκον
1593 4458 1697 4511 τοῦ
1736 4459 1855 4512 Ἰσ-

255 4579 451 4648 ραὴλ,
503 4571 646 4626 Τάδε
689 4568 849 4637 ⁵ἳέγει
912 4560 1160 4618 Ἀδωναῒ
1212 4559 1426 4648 Κύριος
1458 4569 1473 4584 ⁸
1502 4555 1571 4648 Ii‘l
1613 4553 1682 4648 ἐν
1730 4550 1858 4648 ταῖς

263 4640 551 4734 ιὶνσμίαις
578 4657 697 4712 τῶν
717 4654 983 4721 πατέριον
1008 4648 1174 4719 ὑμῶν
1210 4645 1378 4715 ὑμεῖς
1404 4642 1734 4713 μιαίνεσθε,
1760 4640 1855 4693 καὶ

264 4733 474 4811 ὀπίσω
512 4751 629 4805 τῶν
670 4743 1097 4814 βδελυγμάτων
1122 4739 1320 4793 αὐτῶν
1346 4735 1513 4803 ὑμεῖς
1535 4733 1857 4799 ἐκπορεύε-

265 4853 381 4903 σοε
400 4847 451 4880 ss
483 4863 495 4875 .
530 4842 627 4897 καὶ
672 4842 741 4894 ἐν
765 4839 891 4902 ταῖς
918 4832 1205 4903 ἀπαρχαῖς
1239 4828 1356 4880 τῶν
1379 4829 1579 4879 πόνων
1599 4824 1641 4854 ’δδ
1672 4821 1855 4891 ὑμῶν,

268 4938 369 4991 καὶ
408 4938 485 4990 ἐν
515 4931 640 4994 τοῖς
670 4924 1024 4997 ἀφορίσμίιῖς
1059 4920 1222 4990 ὑμῶν
1242 4920 1284 4949 ’⁵⁸
1318 4918 1386 4969 ἐν
1420 4914 1497 4978 τῷ
1535 4911 1760 4980 διάγειν
1793 4912 1866 4964 τὰ

269 5031 462 5085 τέκνα
498 5023 664 5096 ὑμῶν
682 5021 751 5074 ὲν
774 5017 917 5085 πυρὶ
944 5014 1110 5084 ὑμεῖς
1135 5010 1463 5082 μιαίνεσθε,
1494 5004 1587 5055 καὶ
1621 5004 1689 5054 ἐν
1715 5002 1864 5057 πᾶσι

271 5120 402 5187 τοῖς
420 5090 841 5183 ἑνθῖψήμασιν
866 5106 1029 5176 ὑμῶν
1055 5104 1162 5167 ἕως
1186 5099 1293 5167 τῆς
1316 5097 1580 5165 σήμεμνν
1619 5090 1863 5161 ἡμέρας,

351 5308 383 5349 ι
420 5300 573 5359 Psal.
597 5314 762 5360 ιλιι,
808 5293 896 5348 12.

2033 3547 2196 3603 \‘Ens.
2232 3547 2322 3601 29.
2355 3546 2421 3599 Et
2459 3546 2574 3600 dixi
2602 3544 2670 3599 ad
2703 3562 2833 3600 eos:
2880 3545 3020 3612 Quid
3055 3558 3131 3600 est
3182 3545 3389 3600 Abama
3416 3548 3528 3616 (vel

1959 3646 2020 3693 ut
2062 3637 2429 3710 Symmachus
2459 3637 2616 3701 dixit,
2641 3635 2766 3706 quid
2798 3646 2874 3691 est
2908 3636 3125 3705 Bama),
3158 3638 3284 3706 quia
3327 3653 3411 3691 vos
3444 3639 3529 3691 in-

1955 3731 2239 3802 gredimini
2283 3731 2538 3786 illucS’et
2592 3737 2905 3784 vocaverunt
2954 3746 3141 3783 nomen
3188 3729 3302 3797 ejus
3359 3729 3530 3783 Bama

1957 3840 2117 3893 usque
2152 3824 2205 3877 in
2233 3823 2548 3878 hodiernum
2601 3822 2761 3875 diem.
2828 3821 3009 3877 Locus
3062 3823 3163 3877 iste
3222 3821 3424 3876 nobilis
3467 3837 3531 3875 ex

1960 3915 2240 3983 impietate
2267 3929 2395 3982 erga
2428 3913 2574 3967 idola
2610 3913 2789 3968 factus
2811 3923 2917 3969 est.
2955 3912 3098 3966 Dixit
3144 3912 3308 3981 igitur
3355 3911 3490 3980 ipsis
3519 3930 3531 3965 :

1960 4002 2247 4069 Quodnam
2288 4001 2502 4056 lucrum
2538 4002 2664 4057 inde
2714 4001 3047 4071 percipitis?
3095 4017 3219 4070 qua:
3268 4000 3423 4054 vobis
3468 4000 3533 4053 ab

1960 4095 2077 4163 ipsa
2126 4092 2292 4146 Bama
2347 4092 2561 4147 utilitas
2616 4093 2849 4158 accidet,
2885 4107 3046 4162 quam
3100 4092 3171 4145 ita
3210 4092 3376 4146 etiam
3409 4092 3534 4144 illu-

1960 4193 2125 4240 strem
2152 4183 2497 4247 reddidistis,
2527 4193 2586 4237 ut
2613 4199 2917 4253 cognomen
2945 4197 3164 4252 quoque
3188 4182 3336 4236 illius
3364 4195 3534 4249 usque

1959 4275 2027 4330 ad
2061 4289 2306 4345 praesens
2342 4280 2558 4341 tempus
2596 4275 2794 4328 stabile
2823 4271 3189 4342 permaneat?

2026 4447 2193 4502 Vens.
2224 4448 2313 4511 30,
2339 4447 2427 4500 5i.
2456 4446 2665 4499 Idcirco
2691 4446 2775 4498 dic
2802 4444 2870 4497 ad
2895 4445 3106 4496 domum
3133 4438 3350 4494 Israelis
3373 4453 3389 4489 :
3410 4436 3536 4491 IImc

1961 4539 2088 4591 dicit
2156 4536 2367 4590 Adonai
2429 4535 2736 4587 Dominus:
2800 4533 2861 4586 Si
2897 4528 3265 4600 iniquitatibus
3324 4537 3538 4594 patrum

1967 4638 2259 4684 vestrorum
2314 4643 2398 4680 vos
2467 4625 2793 4693 polluimini,
2846 4633 2893 4677 et
2939 4632 3056 4689 post
3122 4620 3538 4673 abominationes

1968 4722 2201 4790 ipsorum
2235 4736 2320 4772 vos
2364 4718 2651 4770 ambulatis
2678 4733 2695 4778 ;
2720 4726 2768 4769 et
2795 4716 3043 4782 primitiis
3066 4712 3308 4765 laborum
3340 4719 3541 4762 vestro-

1970 4827 2107 4867 rum.
2163 4821 2211 4863 et
2279 4806 2707 4876 scparationibus
2772 4805 2974 4869 vestris,
3031 4800 3353 4854 traducendo
3401 4799 3542 4867 ﬁlios

1969 4912 2166 4956 vestros
2195 4918 2285 4966 per
2316 4901 2485 4968 ignem
2526 4915 2614 4951 vos
2661 4896 2982 4963 pollnimini,
3021 4904 3069 4947 et
3118 4891 3359 4945 omnibus
3403 4893 3545 4958 cogi-

1974 4994 2261 5048 tationibus
2310 4991 2494 5044 vestris
2531 5006 2690 5057 usque
2729 4990 2783 5041 in
2833 4988 2972 5039 hunc
3020 4985 3196 5047 diem;
3228 4993 3275 5036 et
3318 4999 3409 5051 ego
3463 5000 3548 5036 re-

1973 5084 2234 5156 spondebo
2266 5083 2430 5145 vobis,
2463 5081 2651 5134 domus
2687 5079 2882 5144 Israel,
2908 5080 2953 5132 si
2996 5076 3312 5147 respondebo
3343 5075 3485 5131 vobis
3527 5090 3544 5126 :

1594 5417 1828 5476 VARI/I5
1869 5408 2276 5469 LECTIONES.

354 5606 404 5637 ”
430 5603 471 5655 Β
496 5601 783 5669 δόγμασιν.
860 5593 906 5669 ’δῖ
923 5587 1298 5669 Βᾴἐπιφὲ-ρτιξν.

1373 5582 1411 5610 ⁸⁵
1446 5578 1614 5645 θυμὸν
1652 5604 1718 5614 -
1766 5574 1896 5624 ἐκεῖ.
1940 5569 2066 5623 Des.
2103 5567 2159 5645 in
2313 5565 2357 5598 ⁸²
2391 5561 2572 5645 Σύμμ.
2607 5559 2665 5615 Β.
2692 5573 2878 5645 praem:

3049 5550 3091 5579 ³⁵³
3128 5559 3248 5607 ἐκπ.
3288 5552 3341 5622 Β
3356 5554 3548 5622 ἐκπορ-

285 5621 842 5738 νῶἒέᾟίὲῗιῖῗέα
1400 5621 1613 5738 “Wa-3v;
1665 5643 1796 5697 liec.
1838 5642 1958 5695 lect.
1986 5648 2068 5693 est
2099 5636 2364 5716 δομάτων.
2429 5621 2625 5719 ,δὲέμχ
2651 5621 2718 5668 ’ξ’
2749 5629 2881 5711 πυρὶ
2915 5630 3095 5694 ὑμεῖῦ
3147 5623 3220 5674 "3
3255 5623 3292 5673 Β
3325 5621 3432 5674 fere
3496 5630 3551 5674 υί

319 5719 340 5728 -
972 5737 978 5738 ,
1033 5730 1043 5738 .
1261 5724 1270 5738 1
1298 5724 1349 5738 μ.
1423 5720 1472 5733 -~
1658 5718 1711 5738 ε-.
1739 5714 1848 5738 -..9-
1889 5709 2212 5738 ,ξηηκηρηηῗρ
2254 5722 2383 5738 ..σιηυ
2422 5721 2574 5738 nolunt
2611 5718 2666 5738 tu
2702 5717 2849 5738 e-nnu

293 5698 842 5811 Ϊιέῗῗίἧὲλᾷῗιιὲἵ
864 5698 1355 5802 ρίἷξι”ἀίέέορ’,’ἷιὶιιιῖι
1388 5720 1535 5772 nam.
1577 5718 1618 5770 Α
1656 5718 1711 5767 ἐν
1739 5714 1848 5773 τοῖς
1887 5698 2212 5778 ἀφορισμοῗς
2254 5705 2383 5757 υἱῶν
2422 5701 2574 5773 ὑμῶν
2610 5701 2666 5750 ἐν
2702 5698 2851 5763 πυρί.
