3840 6202
424 5214 429 5217 .
464 5177 575 5247 WA“
609 5178 700 5246 ὲμ.
732 5174 775 5229 Β
806 5176 1137 5247 ἑμιαίνεσθε,
1179 5178 1332 5243 jnxta
1385 5194 1492 5233 rec.
1526 5179 1646 5233 lect.

458 5237 708 5309 Eir‘aaDés.
739 5237 882 5315 apud
926 5261 1053 5308 Lxx,
1107 5237 1300 5318 praeter
1339 5249 1468 5318 edit.
1505 5247 1697 5318 Grab.,
1737 5248 1827 5318 ubi
1852 5237 1978 5318 ,Ieg.
2029 5237 2116 5309 αἷς

458 324 594 395 M13

1504 313 1987 377 THEODORETI
2029 309 2363 371 EPISCOPI
2404 298 2767 367 CYRENSIS

3498 311 3634 374 ἰθθῑ

406 454 409 457 ·
459 442 513 493 in
542 449 733 492 terram
762 431 1004 493 Israetis,
1028 429 1090 479 in
1121 435 1314 479 terram
1331 424 1561 493 inquam
1586 420 1780 475 sustuli
1803 434 2015 471 manum

2133 414 2213 468 ὅτι
2248 415 2360 486 ἐγὼ
2404 414 2638 479 Κύριος,
2678 410 2749 463 ἐν
2785 404 2865 472 τῷ
2909 405 3251 476 εἰσαγαγεῖν
3284 420 3355 477 με
3398 412 3533 480 ὑμᾶς
3566 422 3635 485 εἰς

461 544 651 593 meum,
678 534 734 579 ut
766 523 947 576 darem
978 534 1096 573 eam
1135 515 1371 585 patribus
1419 515 1624 567 vestris.
1665 509 1802 564 Illud
1841 518 2020 561 autem

460 614 857 687 sanctiﬁcabor,
885 609 1071 682 posuit
1105 622 1202 679 pro
1236 621 1302 661 eo
1330 605 1475 676 quod
1526 612 1612 661 est
1660 598 2020 673 gloriﬁcabor.

456 712 658 766 Omnes
688 708 832 761 enim
872 702 1119 758 videntes
1151 708 1205 754 et
1239 713 1358 753 mea
1388 695 1677 761 beneficia,
1712 703 1766 747 et
1806 700 2020 762 gratum

456 804 699 856 animum
738 803 1007 857 vestrum,
1071 791 1362 846 utilitatem
1409 788 1632 842 multam
1690 782 2021 855 percipient,

425 905 642 947 eorum
687 901 826 958 quos
851 885 954 955 ipsi
1001 884 1132 939 deos
1187 887 1389 936 vocant
1432 877 1868 933 imbecillitatem
1906 887 2025 928 cer-

456 990 669 1046 nentes,
699 986 755 1034 et
779 992 955 1032 meam
989 990 1060 1030 ex
1099 971 1384 1028 beneﬁciis
1417 972 1472 1026 in
1502 985 1597 1025 vos
1623 967 1843 1024 collatis
1872 972 2027 1036 pote-

455 1083 654 1130 statem
689 1067 1152 1139 contemplantes.

525 1237 802 1292 VsnsJ'ii.
858 1232 931 1288 Et
986 1232 1393 1287 recordabimini
1448 1230 1523 1282 ibi
1571 1228 1776 1281 uiarum
1826 1232 2027 1300 vestra-

453 1347 591 1393 ru.n,
618 1337 667 1382 et
688 1327 1060 1381 institutorum
1090 1333 1387 1377 vestrorum
1413 1319 1670 1381 omnium,
1705 1314 1894 1386 quibus
1921 1312 2029 1382 pol-

455 1422 555 1475 luti
585 1421 755 1475 estis:
803 1427 853 1473 et
884 1415 1187 1486 percutietis
1245 1413 1409 1482 facies
1443 1419 1643 1465 uestras
1675 1408 1730 1460 in
1784 1404 2026 1459 omnibus

442 1514 677 1570 malitiis
716 1510 902 1566 vestris
935 1524 1069 1579 quas
1098 1505 1324 1578 fecistis.
1360 1501 1581 1573 Agnitio
1621 1499 1767 1554 enim
1818 1493 2027 1565 peccati

460 1607 687 1677 pudoris
718 1610 804 1660 est
833 1601 1072 1655 initium.
1109 1597 1319 1653 Idcirco
1340 1593 1677 1651 conscientia
1711 1591 2029 1648 stimulante

455 1700 691 1763 frontem
736 1703 1030 1767 percutere
1070 1689 1481 1747 consuevimus.
1533 1685 1681 1742 Idem
1723 1684 1888 1740 etiam
1940 1681 2028 1735 hic

2128 505 2244 573 τὴν
2281 504 2395 574 γῆν
2419 503 2525 557 τοῦ
2573 500 2841 570 Ἰσραὴλ,
2867 500 2956 565 εἰς
2982 497 3094 564 τὴν
3126 497 3240 567 γῆν
3262 502 3345 565 εἰς
3373 500 3445 570 ῆν
3473 505 3637 578 sima

2128 597 2243 665 τὴν
2276 596 2443 665 χεῖρά
2468 615 2609 666 μου,
2637 595 2744 649 τοῦ
2776 592 2987 647 δοῦναι
3018 593 3208 661 αὐτὴν
3241 593 3360 661 τοῖς
3389 599 3639 665 πατράσιν

2129 690 2313 759 ὑμῶν.
2347 691 2418 743 Τὸ
2460 690 2515 742 δὲ
2545 686 2997 758 ἀγιασθήσομαι·
3029 686 3148 739 ἀντὶ
3186 684 3277 739 τοῦ
3309 674 3639 760 δοξασθησο-

2123 799 2229 850 μαι
2274 782 2549 835 τέθεικενο
2591 781 2825 851 ὁρῶντες
2868 778 2976 847 γὰρ
3017 778 3248 842 ἅπαντες
3290 780 3379 831 καὶ
3404 778 3491 842 τὰς
3530 782 3642 851 ὲμὶς

2134 874 2471 943 εὐεργεσίας,
2497 875 2594 926 καὶ
2618 872 2716 943 τὴν
2738 870 3006 942 ὑμετέραν
3036 870 3454 940 εὐγνωμοσύνην,
3481 873 3642 943 πολλὴν

2129 967 2393 1034 ὠφέλειαν
2425 964 2831 1037 καρπώσονται,
2858 962 2966 1016 τῶν
3008 963 3103 1032 μὲν
3134 962 3464 1031 καλουμένων
3497 965 3642 1019 αὐτῶν

2132 1059 2269 1111 θεῶν
2300 1058 2582 1128 βλέποντες
2615 1056 2711 1125 τὴν
2742 1054 3044 1118 ἀσθένειαν,
3077 1052 3176 1122 τὴν
3210 1052 3267 1105 δὲ
3307 1053 3436 1122 ἐμὴν
3470 1052 3546 1107 διὰ
3567 1054 3643 1122 τῆς

2133 1168 2195 1203 πε
2208 1151 2258 1221 pl.
2288 1150 2431 1219 ὑμᾶς
2464 1147 2780 1219 εὐεργεσίας
2803 1145 3028 1215 δύναμιν
3052 1143 3391 1213 θεωροῦντες.

2206 1240 2317 1310 μγ’.
2368 1237 2475 1293 Καὶ
2515 1236 2944 1305 μνησθήσεσθε
2980 1232 3109 1287 ἐκεῖ
3146 1231 3263 1285 τῶν
3307 1230 3453 1285 ὁδῶν
3492 1230 3641 1301 ὑμῶν,

2130 1326 2228 1379 καί
2276 1325 2393 1378 τῶν
2440 1322 2929 1392 ’ἐπιτηδευμάτων
2977 1319 3145 1384 ὑμῶν
3193 1318 3441 1384 πάντων,
3485 1318 3544 1372 ὲν
3576 1316 3645 1384 οῖς

2130 1417 2444 1488 ἐμιάνθητε
2464 1417 2509 1448 ⁶⁰
2543 1414 2611 1468 ὲν
2647 1414 2871 1479 αὐτοῖς,
2914 1412 3009 1465 καί
3043 1411 3306 1478 sedul-€008
3320 1410 3360 1440 ⁶¹
3394 1410 3461 1461 τὰ
3496 1412 3645 1478 πρόσ-

2130 1525 2259 1561 ωπα
2297 1505 2464 1571 ὑμῶν
2512 1504 2582 1557 ἐν
2620 1502 2844 1568 πάσαις
2871 1500 3001 1566 ταῖς
3055 1498 3291 1560 κακίαις
3322 1496 3505 1564 ὑμῶν,
3536 1497 3645 1559 dc“

2130 1595 2473 1661 ἐποιήσατε.
2517 1592 2840 1660 Ἐπίγνωσις
2873 1590 2980 1659 γὰρ
3015 1588 3288 1659 ἁμαρτίας
3320 1586 3550 1655 αἰσχύνης
3572 1588 3647 1654 ἁρ-

2132 1690 2235 1757 χὴ·
2309 1686 2395 1739 διὰ
2425 1686 2471 1716 “
2524 1682 2681 1737 τοῦτο
2743 1681 2840 1735 τοῦ
2898 1680 3196 1742 συνειδότος
3268 1677 3551 1740 κεντοῦντος
3600 1677 3647 1729 τὰ

455 1787 809 1860 signiﬁcavit.
838 1783 978 1840 Cum
1006 1783 1153 1839 enim
1196 1777 1562 1843 recesseritis,
1600 1776 1801 1846 inquit,
1845 1788 1874 1827 a
1917 1771 2026 1841 pri-

2133 1777 2359 1847 μέτωπα
2390 1773 2610 1827 τύπτειν
2642 1773 2943 1842 εἰώθαμεν·
2977 1770 3135 1825 τοῦτο
3172 1770 3267 1821 καὶ
3310 1768 3520 1821 ἐνταῦθα
3547 1768 3648 1837 ἐσή-

456 1883 601 1937 stina
634 1878 944 1949 iniquitate,
977 1883 1032 1932 et
1061 1888 1245 1929 meum
1275 1873 1482 1927 cultum
1515 1866 1757 1938 amplexi
1791 1862 2026 1926 fueritis,

453 1974 623 2046 836
660 1986 835 2026 meam
871 1966 1154 2025 consecuti
1197 1962 1617 2036 providentiam,
1669 1956 2028 2027 pristinorum

457 2067 728 2121 scelerum
773 2062 1070 2133 impiorum
1102 2055 1424 2129 percipietis
1476 2067 1725 2116 sensum,
1758 2058 1813 2105 et
1859 2046 2028 2101 facies

461 2157 803 2227 percutietis,
835 2152 1061 2225 quantis
1094 2148 1294 2220 polluti
1314 2147 1441 2202 sitis
1479 2142 1823 2199 facinoribus
1859 2138 2027 2193 ratio.

456 2250 731 2303 t-inantes.

539 2427 698 2481 Vens.
728 2424 818 2479 44.
853 2421 920 2475 Et
947 2417 1299 2489 cognoscetis,
1323 2431 1400 2468 me
1430 2428 1541 2466 esse
1578 2410 1882 2469 Dominum,
1911 2422 2028 2458 cum

453 2536 545 2589 ego
583 2518 659 2570 sic
710 2514 876 2583 fecero
924 2507 1089 2573 robis,
1135 2514 1187 2558 ut
1224 2518 1409 2557 nomen
1443 2515 1614 2553 meum
1651 2513 1754 2550 non
1782 2494 2025 2556 rioletur,

454 2623 561 2660 non
604 2582 892 2658 secundum
928 2597 1037 2650 vias
1086 2602 1287 2647 restras
1318 2588 1513 2653 malas,
1554 2602 1715 2656 neque
1743 2582 2029 2638 secundum

455 2700 698 2756 instituta
755 2703 930 2749 vestra
983 2697 1268 2757 corrupta,
1323 2683 1511 2737 domus
1579 2678 1843 2741 Israelis,
1899 2675 2029 2735 dicit

457 2789 666 2847 Adonei
707 2785 987 2839 Dominus.
1025 2779 1136 2834 liae
1166 2785 1351 2833 autem
1386 2789 1543 2839 cura,
1570 2770 1773 2841 inquit,
1805 2783 1902 2823 vos
1945 2767 2030 2821 di-

453 2898 591 2955 gnos
647 2877 910 2938 censebo,
952 2874 1090 2926 alios
1145 2871 1313 2925 etiam
1372 2881 1567 2922 omnes
1629 2862 1879 2917 homines
1932 2875 2031 2930 per

455 2989 639 3031 meum
671 2972 726 3025 in
763 2984 859 3023 vos
914 2961 1246 3037 beneﬁcium
1303 2956 1534 3015 studens
1591 2956 1658 3009 ad
1715 2968 1886 3008 meam
1937 2966 2032 3006 eo—

456 3065 757 3136 gnitionem
790 3057 1085 3112 adducere.
1106 3050 1293 3121 Neque
1316 3048 1462 3104 enim
1492 3061 1587 3101 vos
1616 3043 1903 3098 clementia
1935 3047 2029 3093 aut

459 3135 616 3213 venia
643 3152 795 3224 digni
829 3149 987 3212 estis,
1023 3148 1079 3216 in
1110 3143 1294 3214 impiis
1320 3138 1589 3196 institutis
1618 3136 1859 3192 educati.
1888 3135 2022 3190 Cum

454 3248 622 3319 igitur
647 3241 1027 3301 didicerimus,
1076 3249 1240 3307 quam
1299 3232 1526 3303 impium
1584 3229 1655 3285 sit
1685 3242 1882 3283 nomen
1916 3226 2023 3281 Do-

456 3318 587 3393 mini
637 3335 906 3405 polluere,
952 3341 1268 3389 caveamus,
1293 3339 1362 3379 ne
1415 3321 1707 3377 Dominum
1756 3318 2026 3373 conviciis

457 3427 922 3500 proscindemus,
953 3419 1058 3489 Qui
1121 3418 1267 3473 enim
1330 3416 1398 3470 ab
1443 3414 1562 3485 ipso
1620 3412 1841 3466 nomine
1904 3408 2025 3478 ejus

465 3518 677 3591 dignati
718 3522 872 3578 sunt,
904 3511 1003 3568 sed
1032 3510 1309 3580 indignam
1338 3504 1704 3576 appellatione
1731 3503 1835 3557 ista
1860 3501 2024 3555 vitam

456 3622 651 3684 agunt,
675 3608 745 3662 ad
794 3606 917 3677 ejus
949 3600 1348 3671 blasphemiam
1401 3596 1698 3653 stultorum
1745 3591 2028 3649 concitant

459 3681 692 3771 linguas.
725 3695 881 3763 Quod
907 3692 1080 3749 etiam
1108 3691 1175 3746 de
1200 3687 1407 3744 Iudaeis
1437 3686 1654 3741 dicebat
1677 3684 1821 3739 Deus
1850 3698 1866 3737 :
1906 3699 1925 3734 ι
1963 3681 2028 3734 Et

460 3787 739 3861 polluistis
765 3799 965 3841 nomen
994 3796 1173 3836 meum
1200 3780 1254 3834 in
1278 3776 1557 3850 gentibus,
1591 3790 1719 3829 cum
1748 3774 2028 3830 diceretur

458 3878 639 3942 vobis,
668 3874 910 3945 Populus
938 3868 1155 3924 Domini
1188 3867 1303 3933 isti,
1329 3873 1384 3921 et
1411 3864 1480 3921 de
1510 3874 1654 3920 terra
1675 3864 1798 3935 ejus
1819 3864 2026 3934 egressi

461 3976 589 4024 sunt
623 3976 671 4020 α.
714 3984 731 4016 ι
768 3962 878 4019 Nos
908 3966 1090 4016 autem
1137 3958 1286 4016 idem
1328 3971 1548 4030 quoque
1572 3955 1717 4026 quod
1762 3954 2026 4011 Dominus

458 4072 761 4131 cognomen
803 4053 1185 4116 obtinuimus,
1231 4048 1501 4118 siquidem
1562 4063 1592 4102 a
1643 4048 1864 4104 Clu-isto
1925 4063 2027 4103 no-

459 4152 751 4206 minamur.
811 4144 1022 4202 Idcirco
1084 4141 1241 4197 decet
1307 4155 1409 4196 nos
1463 4154 1657 4195 omnes
1723 4139 2025 4195 secundum

455 4240 816 4314 apostolicam
856 4238 1031 4307 legem
1074 4253 1094 4287 ι
1127 4234 1243 4290 sive
1275 4231 1694 4298 manducemus,
1729 4233 1846 4286 sive
1875 4232 2026 4285 biba-

454 4351 601 4400 mus,
627 4334 747 4391 sive
773 4329 923 4386 aliud
951 4325 1084 4399 quid
1122 4325 1417 4394 faciamus,
1457 4324 1642 4379 omnia
1690 4323 1746 4378 in
1789 4323 2026 4394 gloriam

457 4427 549 4484 Dei
603 4425 812 4490 facere,
842 4431 897 4480 et
929 4421 1051 4478 sine
1083 4419 1391 4476 otl'ensione
1419 4431 1545 4473 esse
1583 4414 1787 4473 Iudaeis
1816 4425 1872 4472 et
1893 4432 2029 4487 gen-

451 4520 622 4585 tibus,
650 4526 706 4573 et
736 4514 997 4573 Ecclesiae
1040 4511 1136 4569 Dei
1167 4521 1209 4579 °,
1245 4529 1265 4564 ι
1300 4509 1389 4566 οιιί
1415 4507 1591 4581 gloria
1619 4509 1695 4565 sit
1738 4508 1794 4563 in
1820 4508 2022 4565 saecula

455 4608 803 4664 saeculorum.
830 4604 1025 4659 Amen.

560 4880 590 4907 ιι
629 4868 826 4926 Ezecb.
858 4884 1055 4935 xxxvr,
1089 4867 1180 4923 20.
1221 4876 1248 4906 ο
1279 4868 1298 4923 I
1329 4869 1454 4925 Cor.
1481 4887 1539 4937 κ,
1568 4870 1662 4937 3|,
1689 4869 1786 4926 52.

2130 1885 2323 1938 μανεν.
2363 1867 2721 1928 Ἀποστάντες
2747 1866 2873 1935 γὰρ,
2908 1864 3064 1934 φησὶ,
3090 1862 3192 1931 τῆς
3222 1859 3477 1933 προτέρας
3509 1876 3648 1931 παρα.

2130 1957 2342 2026 νομίας,
2385 1956 2478 2008 καὶ
2522 1955 2622 2025 τὴν
2658 1954 2796 2024 ἐμὴν
2828 1952 3210 2022 ἀσπασάμενοι
3257 1949 3548 2020 θεραπείαν,
3578 1950 3649 2002 καὶ

2130 2048 2226 2116 τῆς
2266 2048 2392 2117 παρ’
2414 2045 2548 2115 ἐμοῦ
2579 2044 2920 2115 προμηθείας
2951 2043 3330 2112 τυγχάνοντες,
3367 2043 3419 2093 ὲν
3447 2043 3649 2110 αἰσθήσει

2131 2137 2425 2208 γενήσεσθε
2454 2136 2563 2189 τῶν
2592 2136 2873 2207 προτέρων
2899 2134 3285 2205 ἀσεϐημάτων,
3323 2134 3411 2187 καὶ
3436 2134 3495 2187 τὰ
3520 2135 3646 2205 πρόσ-

2130 2242 2255 2279 ωπα
2301 2224 2530 2294 τύψετε,
2577 2225 2784 2295 ἡλίκοις
2831 2223 3134 2296 ἑνεφύρητε
3184 2225 3370 2287 κακοῖς
3418 2222 3650 2294 λογιζόμε-

2086 2362 2093 2369 .
2130 2334 2231 2371 νοι.

2205 2414 2306 2483 μδ’.
2342 2413 2449 2467 Καὶ
2481 2409 2920 2479 ἐπιγνώσεσθε,
2960 2407 3049 2460 ὅτι
3091 2406 3207 2477 ἐγὼ
3248 2406 3470 2474 Κύριος,
3503 2404 3561 2457 ἐν
3592 2402 3648 2464 τῷ

2130 2506 2384 2573 ποιῆσαί
2408 2522 2484 2574 με
2507 2504 2693 2569 οὕτως
2722 2502 2883 2571 ὑμῖν,
2915 2501 3073 2567 ὅπως
3095 2500 3143 2531 ⁸⁸
3172 2499 3239 2553 τὸ
3261 2497 3439 2568 ὄνομά
3457 2514 3557 2566 μου
3587 2496 3649 2560 μὴ

2126 2593 2468 2661 βεϐηλωθῇ,
2500 2596 2569 2647 οὐ
2593 2593 2637 2624 ⁸⁵
2676 2591 2825 2645 κατὰ
2850 2592 2954 2657 τὰς
2980 2589 3163 2655 ὀδοὺς
3184 2589 3348 2658 ὑμῶν
3380 2589 3477 2653 τὰς
3509 2601 3650 2651 πονη·

2124 2688 2271 2753 ρὰς.
2321 2685 2463 2738 οὐδὲ
2510 2683 2660 2737 κατὰ
2709 2682 2781 2735 τὰ
2830 2681 3270 2750 ἐπιτηδεύματα
3312 2679 3468 2748 ὑμῶν
3498 2678 3558 2732 τὰ
3588 2676 3653 2728 διο

2132 2777 2490 2845 ερθαρμὲνα,
2523 2772 2987 2842 οἷκος,’1σραὴλ,
3008 2773 3178 2845 λέγει
3219 2772 3446 2827 Ἀδωνατ
3461 2773 3649 2840 Κύριος.

2133 2868 2347 2937 Ταύτης
2375 2867 2452 2926 δὲ,
2485 2866 2669 2936 φησὶν,
2702 2865 2918 2931 ἀξιώσω
2936 2866 3032 2935 τῆς
3068 2865 3392 2936 κηδεμονίας
3418 2866 3560 2934 ὑμᾶς,
3580 2865 3652 2915 καὶ

2130 2959 2255 3021 τοὺς
2287 2957 2476 3020 ἄλλους
2523 2957 2767 3019 ἅπαντας
2814 2956 3133 3025 ἀνθρώπους
3179 2957 3266 3009 διὰ
3313 2957 3408 3026 τῆς
3437 2958 3506 3019 είς
3541 2955 3652 3023 ὑμᾶς

2133 3048 2449 3118 εὐεργεσίας
2479 3049 2558 3108 είς
2583 3048 2680 3116 τὴν
2710 3047 2848 3116 ἐμὴν
2878 3047 3176 3114 ἐπίγνωσιν
3218 3046 3404 3118 τρέψαι
3441 3044 3653 3115 βουλόμεο

2134 3156 2221 3201 νος
2242 3155 2258 3171 ο
2301 3137 2423 3190 οὔτε
2453 3136 2560 3206 γὰρ
2589 3136 2746 3206 ὑμεῖς
2790 3136 3201 3206 φιλανθρωπίας
3238 3135 3393 3198 ἄξιοι,
3428 3134 3459 3202 ἢ
3493 3134 3530 3165 ⁸⁸
3556 3147 3654 3197 συγ-

2134 3226 2392 3297 γνώμης,
2444 3225 2782 3295 παρανόμοις
2832 3225 3262 3294 ἐπιτηδεύμασιν
3318 3222 3652 3294 ἐντραφέντες

2133 3318 2397 3390 μαθόντες
2431 3317 2630 3380 τοίνυν,
2656 3319 2802 3380 ὅπως
2836 3317 2955 3369 ἐστὶ
2983 3315 3267 3379 δυσσεϐὲς,
3297 3314 3356 3367 τὸ
3377 3314 3503 3366 θεῖον
3522 3312 3654 3381 ὄνομα

2135 3408 2431 3480 βεϐηλοῦν,
2495 3407 2755 3478 φύγωμεν
2806 3408 2868 3460 τὸ
2928 3406 3282 3477 βλασφημίαν
3331 3404 3405 3474 τῷ
3454 3403 3654 3473 Δεσπὸτῃ

2135 3504 2487 3572 προσάπτειν.
2515 3503 2576 3554 Οἱ
2606 3502 2713 3572 γὰρ
2737 3501 2833 3571 τῆς
2865 3500 3026 3554 αὐτοῦ
3064 3499 3433 3571 προσηγορίας
3463 3494 3655 3567 ἠξιωμέ-

2133 3611 2233 3657 νοι,
2269 3593 2502 3659 ἀναξίως
2533 3593 2589 3646 δὲ
2620 3592 2825 3663 ταύτης
2859 3593 3292 3663 πολιτευόμενοι,
3336 3593 3412 3656 είς
3448 3591 3533 3661 τὴν
3560 3586 3653 3642 κατ’

2133 3686 2298 3740 αὑτοῦ
2353 3687 2701 3757 βλασφημίαν
2757 3685 2863 3739 τῶν
2908 3686 3156 3756 ἀνοήτων
3207 3682 3541 3755 παρακινοῦσι
3580 3679 3655 3739 τὰς

2131 3777 2377 3846 γλώττας
2397 3794 2409 3807 ·
2439 3776 2596 3830 τοῦτο
2620 3777 2713 3830 καὶ
2734 3777 2863 3848 περί
2889 3776 2996 3829 τῶν
3028 3775 3299 3831 Ἰουδαίων
3319 3778 3347 3829 ὁ
3370 3774 3492 3836 Θεὸς
3515 3770 3651 3837 ἔλεγε·

2140 3887 2158 3918 ‹
2202 3868 2311 3920 Καὶ
2338 3867 2381 3897 ⁸⁸⁷
2422 3864 2796 3937 ὲὸεϐηλώσατε
2826 3865 2887 3917 τὸ
2923 3864 3094 3934 ὄνομά
3126 3880 3233 3934 μου
3263 3864 3321 3917 ἐν
3342 3865 3444 3924 τοῖς
3466 3859 3651 3915 ἔθνεσιν,

2133 3962 2191 4013 ὲν
2224 3959 2301 4030 τῷ
2331 3957 2585 4026 λέγεσθαι
2612 3959 2760 4028 ὑμῖν,
2799 3957 2941 4021 Aab:
2970 3957 3178 4027 Κυρίου
3211 3948 3375 4018 οὗτοι,
3403 3952 3488 4006 καὶ
3512 3950 3565 4002 ὲκ
3579 3944 3654 4013 τῆς

2132 4051 2236 4122 γῆς
2260 4050 2424 4105 αὐτοῦ
2450 4048 2850 4118 ἐξεληλύθασιν.
2880 4067 2898 4100 ι
2939 4049 3130 4119 Ἡμεῖς
3155 4048 3214 4102 δὲ
3236 4046 3329 4101 καὶ
3348 4043 3504 4112 αὐτὴν
3527 4039 3654 4106 ἐσχή-
3734 4074 3739 4078 .

2134 4159 2310 4213 καμεν
2338 4139 2431 4193 τοῦ
2455 4140 2726 4193 Δεσπότου
2752 4140 2850 4211 τὴν
2884 4139 3262 4211 προσηγορίαν
3281 4155 3294 4168 ·
3332 4135 3433 4192 ἀπὸ
3461 4126 3652 4203 Χριστοῦ

2134 4233 2242 4305 γὰρ
2280 4230 2657 4301 ὀνομαζόμεθα
2675 4245 2691 4262 ⁶
2720 4230 2802 4284 διὸ
2840 4232 3105 4303 προσήκει
3134 4231 3343 4292 πάντας
3369 4214 3519 4299 ἡμᾶς,
3544 4218 3654 4275 κατᾶ

2133 4324 2232 4395 τὴν
2278 4320 2638 4391 ἀποστολικὴν
2677 4319 3016 4390 νομοθεσίαν,
3069 4338 3089 4371 ι
3134 4319 3249 4373 εἴτε
3283 4316 3536 4386 ἐσθίομεν,
3568 4308 3652 4361 cits

2136 4417 2385 4486 πίνομεν,
2436 4413 2545 4466 εἴτε
2578 4429 2630 4464 τι
2670 4412 2953 4482 ποιοῦμεν,
2998 4412 3180 4467 πάντα
3232 4411 3315 4474 είς
3360 4406 3503 4471 δόξαν
3546 4395 3650 4453 θεοῦ

2133 4507 2307 4558 ποιεῖν
2327 4502 2395 4568 ⁸⁸,
2456 4501 2551 4555 καὶ
2602 4501 2983 4572 ἀπροσκόπους
3028 4495 3173 4555 εἶναι
3216 4497 3474 4558 Ἰουδαίοις
3495 4491 3533 4523 ⁶⁹
3579 4483 3652 4539 καὶ

2136 4594 2382 4664 Ἕλλησι,
2418 4593 2512 4645 καὶ
2543 4593 2613 4671 ’τῇ
2651 4590 2946 4664 Ἐκκλησία
2970 4590 3066 4645 τοῦ
3098 4589 3259 4659 Θεοῦ,
3287 4608 3306 4642 ι
3345 4582 3390 4657 ᾧ
3411 4588 3445 4657 η
3468 4580 3574 4648 δόξα
3591 4577 3652 4637 εἰς

2136 4687 2260 4750 τοὺς
2285 4683 2485 4746 αἰῶνας
2528 4682 2634 4735 τῶν
2660 4681 2884 4738 αἰώνων.
2924 4682 3114 4754 Ἀμήν.

1728 5019 1959 5078 VARI/Is
2003 5015 2408 5075 LECTIONES.

1753 5178 1952 5259 “3:64;.
1995 5194 2050 5230 τ.
2102 5191 2197 5297 τις.
2258 5176 2355 5244 ὑμ.
2395 5172 2556 5228 Hebr.
2626 5170 2847 5226 fastidio
2893 5168 3050 5226 eritis
3100 5170 3257 5225 vobis
3308 5166 3461 5238 ipsis.

1753 5248 1827 5297 Ibl
1874 5248 1978 5297 leg.
2029 5237 2116 5297 αἷς
2185 5245 2467 5297 ποιήσατε.
2545 5243 2589 5273 ⁸³
2627 5240 2713 5294 διὰ
2741 5259 2791 5294 τ.
2834 5240 2873 5294 Β
2909 5241 3008 5294 διό.
3087 5239 3134 5273 ⁵⁸
3155 5240 3247 5294 ὄπ.
3284 5267 3353 5278 -
3382 5232 3461 5297 βεε

2258 5176 2355 5244 ὑμ.
2395 5172 2556 5228 Hebr.
2626 5170 2847 5226 fastidio
2893 5168 3050 5226 eritis
3100 5170 3257 5225 vobis
3308 5166 3461 5238 ipsis.
3547 5154 3654 5215 ηις

2258 5245 2467 5314 ιήσατε.
2545 5243 2589 5273 ⁸³
2627 5240 2713 5314 atat
2741 5259 2791 5294 τ.
2834 5240 2873 5314 β
2909 5241 3008 5314 διό.
3155 5240 3247 5314 ξπ.

459 5258 708 5329 titubes.
739 5258 882 5315 apud
926 5261 1053 5308 Lxx,
1107 5258 1300 5316 praeter
1339 5258 1468 5332 edit.
1505 5258 1697 5329 Urabq
1737 5258 1827 5302 ubi
1873 5258 1978 5318 leg.
2029 5258 2116 5309 αις
2153 5258 2467 5314 εποιησατε.
2545 5258 2589 5273 ὀ
2627 5258 2713 5294 οια
2741 5259 2791 5294 τ.
2834 5258 2873 5294 u
2909 5258 3008 5294 οιο.
3087 5258 3134 5273 ν’
3155 5258 3247 5294 οπ.
3284 5267 3353 5278 -
3382 5258 3489 5307 ρευ.
3520 5258 3651 5282 μιν..
3726 5288 3729 5291 .

459 5318 1151 5422 Ιιτεζρίέιςπθπέξξέῐηξξιξιι.
1200 5316 1285 5422 fit
1301 5326 1473 5422 ou,let
1507 5317 1705 5372 deinde
1741 5316 1884 5383 οὐδέ,
1916 5323 2382 5399 exstant-tantum
2436 5314 2491 5366 in
2533 5312 2724 5379 oompt.
2757 5320 2810 5366 et
2836 5311 2876 5362 Β
2905 5311 3061 5379 juxta
3091 5310 3256 5367 Hebr.
3336 5307 3381 5339 “
3412 5305 3463 5375 ἡ.
3492 5299 3529 5354 Β
3559 5291 3651 5350 κσίο

594 5404 661 5422 νη
719 5416 788 5422 ____
1071 5400 1171 5422 inv
1202 5400 1253 5422 ιη
1286 5400 1341 5422 ro
1475 5403 1503 5422 η
1597 5387 1642 5419 σε
1663 5387 1834 5422 ante,“
1887 5387 1986 5422 Ιὶοει
2046 5402 2098 5422 ιη
2139 5382 2177 5422 R
2272 5384 2315 5417 ⁸9
2355 5381 2489 5422 ’Ῑηηδ
2547 5381 2585 5422 lt
2630 5396 2789 5422 nrmln
2838 5383 2949 5422 alni,

594 5388 687 5441 καὶ
719 5416 788 5429 --
823 5384 961 5451 ἐξελ.
998 5385 1171 5439 Aliter
1200 5384 1371 5457 infra,
1402 5387 1437 5440 l.
1475 5403 1523 5439 c.
1597 5387 1642 5419 “
1663 5381 2009 5443 aetatmDes.
2046 5386 2099 5440 in
2138 5382 2196 5436 Β.
2272 5384 2315 5417 ⁶⁹
2355 5381 2509 5438 Ἰουδ.
2544 5381 2585 5436 Β
2621 5396 2811 5459 prtem.
2838 5383 2953 5435 καί.
