3840 6202
221 338 357 404 1009

1387 356 1467 416 IN
1504 355 1950 417 EZECHIELlS
1981 357 2136 417 CAP.
2168 358 2318 418 XXI.

3318 355 3451 424 1010

205 456 372 510 ἔσται
391 454 461 518 ⁸³,
492 455 656 525 λέγει
700 459 944 514 Ἀδωναῒ
981 464 1213 532 Κύριος.
1252 466 1375 534 Σοῦ,
1407 471 1561 540 φησὶ,
1598 472 1783 524 στενά-

1892 481 1993 525 lem
2043 473 2358 528 necessario
2413 473 2857 544 interrogabunt,
2900 474 3187 545 cupientes
3241 474 3450 529 doloris

208 547 388 610 ζοντος
420 547 735 616 ἀναγκαίως
769 553 1074 623 ἐρήσονται,
1128 557 1323 628 μαθεῖν
1357 561 1631 628 ἐθέλοντες
1682 565 1780 636 τὴν

205 636 297 688 τοῦ
335 636 544 701 πάθους
580 640 759 695 αἰτίαν
784 659 795 673 ο
821 644 1100 715 ἐρομένοις
1129 649 1308 703 τοίνυν
1347 653 1664 725 ἀπόκριναι,
1699 656 1780 709 ὃτι

206 728 284 780 Τὰ
309 729 544 799 ἐσόμενα
569 732 900 806 προθεωρῶν
917 739 1078 802 κακὰ,
1106 742 1200 794 καὶ
1220 742 1318 806 τὰς
1343 744 1584 813 χαλεπὰς
1613 748 1780 817 ἀγγε-

206 821 356 886 λίας,
406 823 503 876 καὶ
555 823 617 878 τὸ
687 827 936 883 ἐντεῦθεν
984 833 1148 886 πᾶσιν
1200 836 1584 908 ἐπιγενόμενον
1642 841 1779 904 δέος,

209 911 412 976 στένω,
465 913 560 966 καὶ
593 913 930 988 ὀλοφύρομαι
974 918 1084 974 τῶν
1117 922 1404 991 ὁμοφύλων
1444 925 1543 988 τὰς
1577 941 1782 996 συμφο-

211 1019 328 1071 ρας.

277 1121 415 1184 η’·ιθ.
467 1117 579 1171 Καὶ
620 1117 856 1188 ἐγένετο
886 1122 1069 1191 λόγος
1108 1127 1325 1193 Κυρίου
1355 1128 1506 1198 πρὸς
1538 1131 1639 1199 μὲ,
1682 1131 1784 1185 λέ-
1833 1097 1841 1107 χ

213 1223 360 1274 νων·
422 1208 517 1262 Υἱὲ
553 1209 888 1278 ἀνθρώπου,
939 1215 1400 1284 προφήτευσον,
1453 1221 1552 1274 καὶ
1606 1220 1778 1288 ἐρεῖς·

219 1298 358 1352 Τνὶδε
405 1298 566 1368 λέγει
617 1301 857 1357 Ἀδωνατ
895 1307 1143 1374 Κύριος,
1187 1308 1374 1365 Εἰπὸν
1393 1311 1439 1344 ⁸⁸
1490 1314 1776 1381 ῥομφαίᾳ·

223 1389 509 1458 Ῥομραία
528 1393 751 1456 όξύνου
772 1395 839 1456 ⁸⁸,
864 1397 960 1450 καὶ
992 1402 1307 1468 θυμώθητν
1326 1403 1514 1468 Ὅπως
1539 1403 1704 1472 σφὰξ
1715 1423 1783 1471 ης

210 1479 434 1548 σφάγια
471 1481 715 1547 ὁξύνου,
740 1486 899 1551 ὅπως
925 1487 1070 1555 τένῃ
1094 1491 1180 1555 είς
1203 1493 1548 1557 στίλϐωσιν,
1578 1495 1784 1563 ἑτοίμη

209 1573 294 1637 είς
339 1573 708 1641 παράλυσιν,
758 1577 964 1646 σφάζε,
1014 1580 1346 1648 ἐξουθένει,
1395 1586 1624 1641 ἀπόθου
1659 1586 1788 1642 πᾶν

1884 576 2107 617 causam
2133 577 2453 633 agnoscere.
2475 561 2935 620 Pereontantibus
2955 566 3124 636 igitur
3145 567 3447 636 responde:

1884 647 2024 714 Quia
2060 649 2244 704 futura
2281 651 2578 721 providens
2608 654 2769 720 mala,
2797 655 3170 725 molestosque
3199 657 3447 719 nuntios,

1883 747 2049 808 atque
2074 739 2204 794 hinc
2233 742 2491 797 omnibus
2518 741 2780 812 injectum
2817 752 3114 813 terrorem,
3146 746 3364 817 suspiro
3388 761 3451 800 ae

1881 831 2108 900 deploro
2141 831 2428 888 tribulium
2461 848 2712 889 meorum
2747 836 3109 891 calamitates.

1953 1129 2122 1187 Vens.
2149 1131 2307 1188 8-10.
2343 1132 2407 1186 Et
2430 1132 2630 1200 factum
2655 1143 2730 1188 est
2755 1134 2968 1188 verbum
3001 1133 3216 1188 Domini
3248 1134 3315 1188 ad
3349 1153 3449 1200 me,

1881 1221 2060 1275 dicens
2091 1238 2110 1276 :
2133 1219 2244 1276 Fili
2291 1221 2542 1290 hominis,
2566 1224 2840 1293 propheta,
2865 1233 2913 1279 et
2949 1224 3089 1279 dices
3117 1241 3134 1280 :
3170 1226 3297 1280 Utve
3320 1226 3452 1280 dicit

1883 1310 2093 1366 Adonai
2123 1312 2380 1369 Dominus
2411 1331 2431 1370 :
2459 1315 2558 1369 Dic
2585 1315 2786 1386 gladio,
2816 1316 3028 1387 gladius
3054 1333 3240 1371 acuere
3260 1328 3308 1372 et
3338 1320 3450 1372 ira-

1882 1417 2043 1455 scere.
2103 1399 2171 1455 Ut
2204 1403 2420 1474 jugules
2475 1405 2864 1474 jugulationes,
2919 1422 3124 1472 acuere,
3169 1416 3224 1460 ut
3270 1409 3344 1463 sis
3398 1410 3452 1462 in

1881 1493 2233 1562 splendorem,
2265 1506 2488 1564 paratus
2521 1497 2589 1550 ad
2622 1499 3059 1566 dissolutionem;
3079 1500 3295 1570 jugulo,
3358 1500 3452 1555 de-

1881 1587 2041 1656 spice,
2070 1587 2228 1658 rejice
2249 1605 2401 1643 omne
2431 1589 2913 1661 lignunt.Gladiunt
2935 1607 3128 1648 rursus
3159 1609 3253 1663 per
3275 1602 3454 1648 trans-

213 1660 416 1724 ξύλον.
477 1665 807 1735 Ῥομφαιαν
850 1670 1012 1722 πάλιν
1053 1673 1330 1741 τροπικῶς
1367 1675 1466 1745 τὴν
1510 1677 1783 1747 τιμωρίαν

1892 1653 2144 1732 lationem
2217 1689 2378 1733 vocat
2436 1653 2788 1752 supplicium,
2846 1698 2940 1752 per
3008 1653 3338 1754 Babylonios
3400 1695 3454 1738 et

210 1752 361 1804 καλεῖ
385 1753 473 1807 διὰ
504 1756 612 1808 τῶν
659 1757 1034 1826 Βαϐυλωνίων,
1076 1763 1170 1814 καὶ
1213 1765 1508 1830 Ἰουδαίοις,
1542 1768 1635 1820 καὶ
1664 1771 1778 1833 τοῖς

207 1842 390 1906 ἀλλοις
418 1847 528 1909 τοῖς
559 1849 617 1898 ἐν
671 1848 820 1918 μέσῳ
861 1849 1069 1904 ἔθνεσιν
1098 1854 1501 1924 ἐπενεχθεῖσαν.
1535 1859 1693 1910 Δοκεῖ
1719 1857 1778 1910 δέ

211 1952 299 2001 μοι
338 1935 501 2000 αὐτὸς
551 1941 871 2010 παρεγγυᾷ-ι
919 1941 1203 2010 θήγεσθαι,
1257 1947 1349 1998 καὶ
1405 1948 1774 2012 στιλϐοῦσθαι,

207 2028 298 2080 καὶ
346 2031 626 2096 σφάττειν.
671 2032 765 2085 καὶ
811 2035 917 2086 πᾶν
965 2034 1119 2099 ξύλον
1159 2037 1455 2109 πρὸῤῥιζον
1505 2041 1776 2114 ἁνασπᾷν,

205 2116 471 2173 διδάσκων
506 2121 580 2184 ὡς
613 2122 776 2176 αὐτοῦ
816 2127 1227 2198 συγχωροῦντος
1259 2129 1431 2184 ταῦτα
1465 2134 1776 2205 γενήσεται,

206 2210 300 2262 καὶ
347 2214 412 2264 οὐ
459 2215 523 2283 τῇ
568 2213 662 2267 τοῦ
696 2216 1036 2272 Βαϐυλωνίου
1067 2219 1312 2290 δυνάμει,
1349 2223 1483 2278 ἀλλά
1507 2229 1571 2295 τῇ
1613 2227 1778 2281 αὑτοῦ

207 2304 458 2374 ἐνεργείᾳ
487 2304 693 2358 τούτων
733 2306 961 2362 ἕκαστον
994 2311 1337 2370 ἐπιτελεῖται.
1386 2317 1634 2370 Τοιοῦτόν
1665 2320 1778 2372 ἐστι

207 2392 302 2445 καὶ
329 2392 391 2446 τὸ
423 2394 482 2448 ἐν
518 2395 596 2466 τῷ
624 2399 1030 2472 Δευτερονομίῳ
1052 2403 1143 2456 ὑπ’
1166 2405 1328 2458 αὑτοῦ
1359 2407 1451 2459 τοῦ
1480 2408 1614 2462 Θεοῦ
1637 2412 1780 2482 εἰρη-

211 2481 393 2550 μένον,
433 2505 450 2535 ι
493 2485 612 2538 Ὄτι
647 2489 937 2558 παροξυνεῖ)
970 2491 1046 2556 ὡς
1076 2495 1361 2568 ἀστραπὴν
1383 2498 1481 2569 τὴν
1505 2481 1780 2572 μάχαιράν

211 2587 335 2640 μου,
363 2574 459 2626 καὶ
488 2574 772 2642 ἀνθέξεται
819 2581 1085 2651 κρίματος
1118 2587 1149 2655 ἡ
1185 2588 1304 2658 χείρ
1351 2606 1472 2659 μου,
1512 2594 1604 2645 καὶ
1635 2594 1780 2647 ἐκδι-

209 2662 387 2730 κήσω,
420 2665 513 2716 καὶ
541 2666 909 2724 ἀνταποδώσω
936 2672 1092 2744 δίκην
1124 2679 1234 2740 τοῖς
1268 2678 1499 2750 ἐχθροῖς,
1535 2683 1630 2736 καὶ
1669 2687 1782 2749 τοῖς

212 2761 433 2828 μισοῦσί
457 2783 524 2834 με
564 2767 962 2824 ἀνταποδώσω⁹
1021 2771 1240 2842 μεούσω
1277 2773 1344 2826 τά
1382 2773 1508 2844 βέλη
1544 2792 1644 2843 μου
1689 2775 1781 2841 ἀφ’

208 2851 462 2921 αἵματος,
492 2856 586 2908 καὶ
615 2859 648 2928 ἡ
678 2859 922 2931 μάχαιρά
948 2879 1050 2932 μου
1073 2864 1307 2931 φάγεται
1333 2863 1490 2934 κρέα.
1530 2883 1548 2916 ι
1594 2865 1703 2918 Καὶ
1725 2865 1783 2918 ἐν

208 2940 420 3004 τούτοις
445 2944 553 3014 γάρ
579 2945 902 3016 μάχαιραν,
945 2951 1040 3004 καὶ
1063 2950 1242 3018 βέλη,
1276 2952 1372 3022 τὴν
1406 2955 1782 3025 τιμωρητικὴν

211 3031 491 3102 ἐνέργειαν
520 3039 947 3110 προσηγόρευσε,
984 3042 1081 3104 τὰς
1109 3042 1265 3104 ἀξίας
1295 3042 1449 3105 δίκας
1489 3046 1638 3114 παρὰ
1675 3045 1783 3098 τῶν

209 3123 532 3202 ὑπευθύνων
559 3130 1036 3202 είσπραττόμενος.
1071 3128 1202 3186 Εἶτα
1227 3133 1442 3202 ἐπάγει·

288 3199 376 3245 ια’.
408 3197 519 3248 Καὶ
579 3197 801 3253 ἔδωκεν
848 3197 1043 3269 αὐτὴν
1097 3197 1358 3271 ἑτοίμην
1392 3204 1500 3257 τοῦ
1549 3205 1788 3273 κρατεῖν

211 3280 328 3348 τὴν
348 3284 393 3315 ’τ
424 3285 594 3353 χεῷα
616 3289 804 3357 αὐτῆς
826 3291 890 3355 ⁸⁸,
922 3292 1283 3361 ἐξηκονήθη,
1310 3295 1575 3364 ῥομφαία
1615 3296 1788 3348 ἐστὶν

208 3369 417 3440 ἑτοίμη
447 3373 555 3428 τοῦ
584 3376 793 3432 δοῦναι
822 3382 1016 3451 αὐτὴν
1045 3385 1132 3450 εἰς
1160 3385 1362 3452 χεζοας
1386 3387 1788 3440 ἀποκεντούν·

207 3479 348 3518 των.
387 3465 604 3538 Ταύτην
632 3470 761 3541 γὰρ,
798 3475 953 3543 φησὶ,
986 3494 1004 3525 ι
1059 3476 1157 3546 τὴν
1192 3477 1464 3548 μάχαιραν
1495 3479 1732 3551 εὐτρεπῆ
1764 3498 1782 3531 ι

210 3556 515 3627 γενομένην
568 3562 864 3632 ἐνεχείρισε
904 3567 1015 3628 τοῖς
1067 3567 1146 3628 εἰς
1192 3566 1254 3618 τὸ
1300 3567 1550 3631 κολάζειν
1598 3571 1787 3641 ἐπιτη-

207 3643 401 3708 δείοις-⁸
465 3649 719 3716 σημαίνει
762 3650 817 3704 δὲ
858 3653 985 3715 τοὺς
1015 3654 1332 3719 Χαλδαίους.
1375 3657 1628 3711 Τοιοῦτόν
1673 3661 1790 3712 ἐστι

210 3737 394 3789 καὶτὸ
426 3739 579 3807 ποιρά
622 3741 701 3811 τῷ
719 3743 763 3773 ⁸⁸
812 3743 1010 3815 Ἡσαΐᾳ
1039 3746 1142 3799 ὑπὸ
1169 3747 1264 3800 τοῦ
1305 3748 1440 3802 Θεοῦ
1497 3751 1790 3821 εἰρημένον

208 3830 290 3890 εἰς
316 3829 408 3882 τὸν
438 3830 798 3898 Βαϐυλώνιον,
829 3835 934 3904 ἦὀ
982 3835 1112 3903 γοῦν
1155 3838 1436 3909 Ἀσσύριον
1457 3859 1472 3873 ·
1518 3860 1535 3893 t
1571 3844 1661 3913 Μὴ
1706 3845 1790 3899 δοο

209 3915 544 3986 ξασθήσεται
582 3919 735 3991 ἀξίνη
783 3924 912 3975 ἀνευ
959 3924 1053 3975 τοῦ
1110 3924 1401 3988 κόπτοντος
1441 3930 1498 3980 ἐν
1543 3933 1710 4003 αὐτῇς
1753 3935 1786 4006 ἢ

209 4005 565 4077 ὑψωθήσεται
595 4012 769 4080 πρίων
803 4013 930 4066 ἄνευ
962 4014 1056 4067 τοῦ
1091 4015 1340 4081 ἕλκοντος
1370 4020 1569 4087 adadv;
1609 4005 1787 4078 ὡσαύὲ

206 4114 316 4162 τως
352 4101 452 4154 ἐάν
509 4119 592 4164 τις
635 4105 743 4176 ἄρῃ
793 4106 1023 4176 ῥάϐδον,
1073 4108 1106 4180 ἢ
1160 4107 1333 4174 ξύλον.
1375 4130 1393 4163 ι
1447 4115 1556 4167 Καὶ
1605 4117 1785 4186 πάλιν,

213 4208 231 4240 ι
269 4192 410 4244 Οὐαὶ
464 4194 788 4263 Ἀσσυρίοις,
821 4200 853 4268 ή
886 4198 1078 4268 ῥάϐδος
1112 4200 1205 4252 τοῦ
1235 4201 1408 4270 θυμοῦ
1440 4221 1541 4273 μου
1571 4206 1665 4259 καὶ
1692 4209 1788 4278 τῆς

1883 1767 2089 1826 Judaais
2140 1781 2196 1826 et
2231 1773 2354 1828 aliis
2389 1774 2696 1844 interjectis
2725 1777 2980 1846 gentibus
3025 1777 3260 1834 illatum.
3297 1777 3453 1832 Mihi~

1885 1878 1990 1931 que
2033 1863 2249 1918 videtur
2295 1866 2430 1936 ipse,
2475 1882 2600 1922 cum
2647 1869 2917 1939 praecipit,
2951 1885 3168 1933 acuere,
3219 1870 3454 1922 nilidum

1887 1953 2133 2019 reddere,
2180 1955 2458 2026 jugulare,
2489 1965 2546 2012 et
2580 1973 2742 2012 omne
2771 1959 2975 2028 lignum
3018 1959 3282 2014 radicitus
3306 1961 3450 2014 evel-

1886 2043 2020 2108 lere,
2055 2046 2274 2112 docere,
2313 2064 2415 2102 suo
2446 2049 2718 2118 permissu
2758 2049 2873 2105 haec
2907 2052 3020 2105 lieri
3053 2069 3066 2104 :
3101 2061 3154 2106 et
3183 2068 3290 2105 non
3327 2065 3454 2122 pro-

1887 2141 2006 2202 pter
2052 2134 2481 2207 Babyloniorum
2541 2139 2865 2208 potentiam,
2903 2139 2998 2195 sed
3042 2151 3264 2210 propter
3298 2157 3452 2196 suam

1885 2224 2170 2290 virtutem,
2193 2227 2307 2283 haac
2331 2229 2517 2283 omnia
2539 2228 2841 2300 perlectum
2877 2229 2964 2285 iri.
2985 2230 3116 2285 Tale
3149 2241 3236 2287 est
3265 2232 3454 2296 etiam,

1885 2315 2031 2385 quod
2076 2317 2131 2370 in
2161 2316 2588 2374 Deuteronemio
2631 2320 2702 2374 ab
2754 2321 2874 2390 ipso
2917 2319 3027 2376 Deo
3078 2321 3284 2376 dictum
3333 2333 3452 2377 est:

1891 2425 1910 2458 ι
1942 2405 2212 2472 Quoniam
2247 2425 2440 2463 acuant
2475 2419 2534 2466 ut
2560 2409 2746 2482 fulgur
2780 2410 3020 2481 gladium
3055 2420 3329 2477 meum,et
3363 2427 3453 2465 ar-

1887 2498 2050 2568 ripiet
2085 2498 2352 2568 judicium
2385 2516 2579 2555 manus
2610 2516 2754 2567 mea,
2775 2512 2828 2556 et
2859 2502 3119 2568 ulciscar,
3150 2511 3205 2558 et
3232 2501 3454 2558 reddam

1886 2589 2150 2644 ultionem
2185 2591 2465 2656 hostibus,
2494 2601 2542 2645 et
2578 2592 2903 2648 odientibus
2954 2609 3040 2648 me
3099 2595 3398 2650 retribuam
3439 2612 3452 2646 :

1889 2679 2180 2735 inebriabo
2212 2683 2442 2752 sagittas
2474 2697 2626 2737 meas
2651 2682 2811 2754 841
2843 2685 3129 2754 sanguine,
3167 2693 3220 2738 et
3246 2684 3458 2754 gladius

1888 2783 2048 2825 meus
2077 2769 2362 2824 devorabit
2390 2785 2586 2826 carnes
2617 2783 2664 2825 ι’.
2701 2793 2719 2824 ›
2759 2773 2814 2826 In
2841 2772 2929 2828 his
2955 2773 3100 2826 enim
3137 2773 3318 2828 verbis
3349 2774 3457 2843 gla-

1889 2856 2038 2910 dium
2084 2873 2304 2929 quoque
2346 2867 2400 2914 et
2439 2861 2662 2929 sagittas
2695 2861 2956 2931 puniendi
3010 2861 3323 2916 facultatem
3359 2877 3454 2932 ap-

1890 2948 2132 3017 pellavit,
2163 2949 2378 3006 debitas
2414 2964 2443 3003 a
2469 2950 2577 3006 reis
2606 2951 2836 3027 exigens
2861 2965 3071 3022 ptenas.
3098 2948 3299 3006 Deinde
3328 2951 3458 3005 sub-

1885 3037 2007 3108 jicit
2047 3055 2060 3089 :

1963 3215 2127 3272 Vens.
2155 3219 2242 3273 ll.
2283 3218 2348 3272 Et
2387 3218 2530 3273 dedit
2553 3236 2669 3273 eum
2698 3227 2967 3286 paratum,
2999 3228 3056 3271 ut
3101 3225 3295 3272 teneret
3339 3234 3455 3272 ma-

1888 3328 2014 3365 num
2068 3311 2226 3381 ejus:
2257 3322 2508 3367 exacutus
2545 3321 2642 3377 est,
2690 3311 2902 3381 gladius
2957 3319 3180 3381 paratus
3227 3319 3328 3375 est,
3384 3309 3452 3363 ad

1888 3402 2122 3456 dandum
2170 3421 2286 3458 eum
2343 3405 2396 3458 in
2447 3422 2633 3459 manus
2672 3403 3043 3458 occidentium.
3099 3403 3256 3458 Hunc
3311 3402 3455 3457 enim

1896 3512 1916 3545 ι
1954 3503 2202 3563 paratum
2242 3494 2502 3567 gladium,
2545 3515 2562 3549 ι
2600 3496 2799 3566 inquit,
2833 3494 3110 3549 commisit
3144 3495 3236 3560 iis,
3270 3493 3361 3564 qui
3390 3493 3456 3548 ad

1891 3585 2228 3656 puniendum
2281 3586 2464 3642 idonei
2519 3595 2668 3654 sunt,
2718 3593 2773 3642 et
2821 3585 3106 3641 Chaldzeos
3163 3584 3455 3655 signiﬁcat.

1895 3677 2084 3733 Simile
2117 3686 2200 3734 est
2235 3679 2368 3733 illud
2414 3677 2581 3733 etiam
2624 3677 2766 3748 apud
2815 3676 3009 3732 Isaiam
3043 3693 3072 3729 a
3123 3675 3231 3731 Deo
3266 3676 3320 3729 in
3357 3675 3459 3728 Ba-

1894 3770 2173 3841 bylonium
2220 3770 2336 3825 sive
2365 3769 2648 3840 Assyrium
2693 3767 2900 3822 dictum
2936 3787 2947 3821 :
2989 3785 3008 3819 ι
3048 3767 3303 3837 Nunquid
3343 3767 3459 3835 glo-

1893 3860 2128 3912 riabitur
2179 3859 2389 3914 securis
2435 3859 2555 3913 sine
2599 3858 2842 3912 cadente
2886 3872 3009 3911 cum
3045 3856 3142 3911 ea?
3189 3865 3281 3908 aut
3325 3871 3458 3908 num

1893 3950 2187 4004 extolletur
2220 3964 2370 4004 serra
2403 3949 2523 4003 sine
2559 3964 2623 4004 eo
2656 3950 2747 4018 qui
2794 3947 2962 4002 trahit
2996 3949 3155 4001 eam?
3186 3947 3459 4008 similiter,

1893 4040 1935 4091 si
1964 4025 2363 4106 quis‘extulerit
2391 4039 2620 4109 virgam,
2641 4039 2726 4093 vel
2759 4038 2964 4107 lignum
2991 4045 3040 4090 ιι.
3079 4055 3096 4088 ι
3133 4036 3196 4089 Ει
3220 4051 3415 4090 rursus
3446 4055 3457 4088 :

1898 4148 1914 4179 ι
1958 4128 2046 4182 ναι
2086 4129 2349 4200 Assyriis,
2382 4130 2534 4199 virga
2581 4127 2788 4183 furoris
2834 4127 2942 4181 mei
2987 4135 3041 4180 et
3087 4125 3180 4179 ira:
3213 4141 3346 4178 mea:
3380 4135 3462 4177 est

1895 4220 1948 4272 in
1998 4219 2249 4275 manibus
2295 4236 2482 4275 eorum
2519 4229 2562 4272 ι’.
2601 4238 2619 4271 ι
2677 4218 2854 4285 Quam
2913 4219 3081 4288 igitur
3131 4215 3336 4285 virgam
3395 4213 3460 4267 ad

207 4281 378 4352 ὀργῆς
407 4300 514 4352 μου
545 4286 690 4338 ἐστὶν
718 4287 775 4339 ὲν
808 4290 926 4351 ταῖς
966 4290 1153 4358 χερσὶν
1179 4291 1375 4344 αὐτῶν.
1420 4310 1438 4345 ι
1480 4295 1583 4346 Ἦν
1611 4296 1784 4349 τοίνυν

1895 4311 2274 4381 castigandum
2316 4311 2591 4375 idoneam,
2629 4319 2682 4363 et
2713 4308 2979 4371 securim,
3018 4315 3075 4360 et
3113 4318 3341 4368 serram,
3373 4304 3460 4357 in-

209 4372 407 4442 ῥάϐδον
445 4376 814 4447 παιδευτικὴν,
847 4381 940 4431 καὶ
969 4380 1178 4450 ἀξίνην,
1211 4383 1304 4434 καὶ
1333 4385 1546 4452 πρίονα,
1582 4386 1787 4458 ὄργανα

207 4463 394 4530 φυτῶν
445 4464 821 4536 δαπανητικὰ,
881 4472 996 4523 ἐκεῖ
1052 4473 1513 4543 προσηγόρευσεν,
1559 4479 1788 4534 ἐνταῦθα

209 4558 494 4627 ῥομφαίαν
522 4560 794 4629 ὠνόμασε,
839 4561 1146 4632 θηγομένην
1176 4565 1293 4633 μὲν,
1331 4565 1423 4616 καὶ
1471 4566 1786 4639 στιλϐουμέο

207 4667 304 4719 νην
337 4651 447 4703 ὑπὸ
477 4654 576 4721 τῆς
604 4653 714 4704 τῶν
739 4653 1114 4723 κολαζομένων
1136 4657 1425 4726 τιμωρίας,
1455 4657 1708 4730 καθάπερ
1731 4663 1787 4715 δέ

207 4757 318 4794 τισι
339 4742 563 4812 δημίοις
586 4747 696 4807 τοῖς
742 4743 1098 4810 Βαϐυλωνίοις
1147 4748 1611 4820 ἐγχειριζομένην.
1647 4753 1788 4805 Ταύ-

207 4850 308 4902 την
341 4835 402 4888 δὲ
441 4835 542 4905 τὴν
577 4837 846 4907 τιμωρίαν
897 4839 990 4891 καὶ
1030 4838 1149 4906 πῦρ
1195 4841 1306 4893 ἀνω
1360 4841 1617 4912 κέκληκε,
1670 4848 1789 4910 ταῖς

207 4923 436 4986 πολλαῖς
481 4927 874 4998 προσηγορίαις
919 4926 1253 4980 δεδίσσεσθαι
1304 4928 1645 5000 βουλόμενος,
1695 4935 1787 4987 καὶ

206 5014 287 5077 εις
321 5015 693 5084 μεταμέλειαν
722 5018 949 5085 ἀγαγεῖν
978 5019 1104 5082 τοὺς
1133 5021 1198 5088 τῇ
1228 5019 1518 5092 δυσσεϐείᾳ
1551 5041 1781 5093 προστεο

206 5107 468 5176 τηκότας.
499 5107 720 5171 Τούτοις
744 5108 939 5177 ἐπάγει
959 5125 972 5140 ·

289 5300 320 5342 ι’
358 5291 518 5345 Deut.
553 5304 723 5354 xxxu,
751 5294 954 5358 41,42.
1034 5305 1063 5344 «ι
1110 5294 1211 5346 Isa.
1247 5311 1298 5356 χ,
1345 5297 1428 5349 lii.
1518 5304 1536 5332 τ
1569 5290 1703 5344 Ibid.
1730 5294 1782 5347 5.

1896 4409 2201 4454 strumenta
2245 4417 2365 4470 qua:
2413 4401 2626 4469 plantas
2677 4396 2998 4452 destruendi
3041 4396 3148 4449 vim
3203 4393 3459 4456 habeant,

1898 4490 1969 4543 ibi
1999 4491 2316 4560 appellavit,
2349 4491 2435 4542 hic
2459 4488 2697 4558 gladium
2741 4485 3077 4554 nuncupavit
3113 4493 3351 4547 acutum,
3381 4482 3463 4534 nio

1898 4581 2183 4649 tidumque
2241 4581 2446 4633 factum
2504 4588 2721 4646 propter
2758 4592 2968 4640 eorum,
3016 4575 3106 4640 qui
3164 4573 3464 4643 puniantur

1899 4672 2253 4740 Supplicium,
2302 4668 2615 4739 Babyloniis
2665 4677 2846 4720 autem
2904 4665 3062 4735 quasi
3115 4663 3463 4717 carniﬁcibus

1899 4760 2226 4830 quibusdam
2257 4759 2540 4812 traditum.
2575 4756 2754 4827 Atque
2788 4755 2889 4809 hoc
2933 4755 3262 4823 supplicium
3299 4768 3462 4819 supra

1898 4865 2115 4920 quoque
2159 4851 2328 4919 ignem
2360 4847 2604 4911 vocavit;
2649 4844 2835 4899 multis
2882 4844 3199 4898 nominibus
3229 4857 3322 4898 eos
3369 4841 3462 4896 de-

1898 4949 2106 4996 terrere
2143 4950 2194 4996 et
2230 4939 2296 4993 ad
2339 4938 2718 5010 paenitentiam
2764 4935 2991 5006 cupiens
3038 4935 3329 4999 adducere,
3367 4935 3458 5004 qui

1893 5042 2024 5087 sunt
2061 5031 2323 5101 impietati
2350 5030 2572 5100 penitus
2604 5027 2829 5082 addicti.
2867 5026 2962 5082 llis
2992 5026 3216 5095 subiicit
3249 5045 3262 5079 :

1565 5455 1796 5509 VA“le
1836 5451 2244 5515 LECTIONES.

286 5609 336 5641 “
367 5612 461 5664 καὶ
489 5611 686 5662 ἔσται(
706 5609 783 5661 Ita
819 5611 864 5661 Α
889 5618 940 5663 ct
965 5609 1006 5662 Β
1040 5611 1194 5678 juxta
1225 5613 1376 5664 Alex.
1455 5614 1498 5641 ⁸⁵
1529 5612 1623 5665 Ed.

1663 5614 1814 5682 prior
1855 5614 1981 5667 hab.
2012 5609 2180 5666 εἷπον.
2219 5614 2255 5664 Β
2281 5613 2445 5666 εἰπέ..

2546 5610 2592 5640 ⁸⁸
2622 5609 2700 5672 ὀξ.
2739 5626 2792 5662 κ.
2832 5608 2959 5673 θυμ.
3003 5599 3464 5673 Hebr._exacutt_ts

212 5687 320 5760 (3:1,
349 5681 466 5760 itno_
504 5693 726 5748 quoque
783 5687 962 5760 tersus
1000 5665 1138 5760 εει.-
1158 5680 1262 5760 Pro
1298 5665 2139 5760 dppdionsuBtisiusdegendam
2192 5700 2314 5760 esse
2350 5665 2501 5760 putat
2528 5665 2861 5760 “30:17:6an
2902 5665 2978 5705 ’⁸⁷
3007 5671 3126 5740 τήν.
3167 5667 3289 5722 DCS-
3316 5666 3371 5720 in
3402 5665 3462 5719 B-

217 5749 263 5777 "'
293 5751 414 5802 live.
454 5750 594 5805 lect.»
623 5756 706 5801 est
737 5748 922 5800 αὐτοῦ.
999 5751 1043 5780 ⁸⁹
1072 5749 1166 5818 τῷ.
1203 5751 1272 5802 ltn
1305 5752 1342 5802 Β
1371 5748 1478 5819 pro
1512 5748 1626 5816 τοῦ,
1669 5764 1722 5805 ut
1754 5748 1983 5808 habebat
2007 5754 2094 5806 ed.
2139 5756 2303 5837 prior.
2352 5748 2429 5782 ’¹³⁰
2465 5751 2501 5802 Β
2525 5750 2606 5817 ἤτ’
2643 5748 2753 5800 οὖν.
