3840 6202
460 318 597 388 ιυητι

1507 312 1989 376 TITEODORETI
2032 312 2366 372 EPIStJOPI
2407 304 2770 369 CYRENSIS

3548 312 3664 375 ἱθθὶ

407 447 411 451 ·
461 436 515 487 in
543 443 735 486 terram
765 427 1007 489 lsraelis,
1031 425 1092 477 “in
1112 423 1384 476 ‘terramin
1403 438 1562 491 quam
1588 420 1781 474 sustuli
1805 434 2016 472 manum

2127 416 2216 469 ὅτι
2250 417 2363 488 ἐγὼ
2406 417 2640 482 Κύριος,
2681 414 2751 466 ἐν
2788 408 2867 476 τῷ
2912 410 3258 482 εἰσαγαγεῖν
3298 424 3376 481 με
3420 414 3559 483 ὑμᾶς
3592 424 3664 486 εὶς

462 538 652 587 meum,
679 529 735 574 ut
767 519 949 571 darem
980 532 1097 570 eam
1136 514 1372 583 patribus
1420 513 1627 565 vestris.
1667 509 1804 564 Illud
1842 518 2022 562 autem

460 609 858 681 sancti/icabor,
886 606 1071 677 posuit
1105 620 1204 676 pro
1238 619 1303 660 eo
1331 603 1476 674 quod
1527 612 1613 661 est
1661 599 2021 672 gloriﬁcabor.

456 706 658 760 Omnes
689 702 832 756 enim
873 699 1119 754 videntes
1152 706 1206 752 et
1239 712 1358 751 mea
1388 695 1677 760 beneﬁcia,
1713 703 1767 747 et
1807 700 2021 763 gratum

456 798 700 851 animum
739 798 1008 855 vestrum,
1070 789 1362 843 utilitatem
1409 787 1632 841 multam
1691 783 2021 854 percipient,

453 899 642 941 eorum
686 897 827 953 quos
852 882 954 951 ipsi
1001 880 1133 936 deos
1187 886 1389 933 vocant
1432 876 1868 932 imbecillitatem
1906 888 2025 927 cer-

455 984 669 1041 nentes,
699 982 755 1030 et
779 988 955 1029 meam
989 987 1059 1026 ex
1099 969 1383 1026 beneﬁciis
1417 970 1473 1024 in
1502 984 1597 1024 vos
1623 966 1843 1024 collatis
1871 973 2027 1037 pote-

2129 506 2246 575 τὴν
2283 506 2397 576 γῆν
2422 506 2528 559 τοῦ
2576 504 2843 573 Ἰσραὴλ,
2870 505 2958 569 εἰς
2985 502 3100 570 τὴν
3132 502 3251 572 γῆν
3274 506 3363 569 εὶς
3393 503 3468 572 ἢν
3498 507 3666 579 ἐπῆρα

2130 598 2244 667 τὴν
2277 598 2445 667 χεῖρά
2470 617 2610 669 μου,
2639 598 2745 653 τοῦ
2778 596 2989 651 δοῦναι
3020 597 3216 666 αὐτὴν
3250 597 3376 665 τοῖς
3408 601 3667 668 πατράσιν

2130 691 2315 760 ὑμῶν.
2348 693 2420 745 Τὸ
2461 692 2516 745 δὲ
2546 690 3000 761 ἀγιασθήσομαι
3030 690 3153 744 ἀντι
3191 690 3287 744 τοῦ
3321 676 3666 762 δοξασθῆσο-

2124 800 2230 852 μαι
2275 784 2551 837 τέθεικεν’
2592 784 2826 855 ὁρῶντες
2869 783 2978 852 γὰρ
3019 782 3254 847 ἅπαντες
3300 784 3396 836 καὶ
3422 782 3512 845 τὰς
3553 785 3669 853 ἐμᾶς

2134 877 2472 944 εὐεργεσίας,
2497 878 2594 929 καὶ
2619 875 2716 946 τὴν
2739 874 3008 945 ὑμετέραν
3037 875 3474 945 εὐγνωμοσύνην,
3501 876 3669 946 πολλὴν

2129 968 2393 1036 ὠφέλειαν
2424 967 2831 1039 καρπώσονται,
2858 966 2966 1020 τῶν
3009 968 3105 1037 μὲν
3136 967 3484 1037 καλουμένων
3517 968 3667 1022 αὐτῶν

453 1077 654 1123 statcm
689 1064 1152 1136 contemplantes.
1685 1130 1694 1136 _

2130 1060 2268 1113 θεῶν
2299 1060 2581 1131 βλέποντες
2615 1059 2710 1129 τὴν
2742 1058 3045 1122 ἀσθένειαν,
3078 1058 3177 1127 τὴν
3212 1057 3271 1111 δὲ
3313 1057 3454 1127 ἐμὴν
3489 1057 3568 1111 διὰ
3589 1057 3669 1126 τῆς

568 1162 590 1178 ⁸
2132 1152 2257 1223 περὶ
2288 1152 2430 1221 ὑμᾶς
2463 1151 2778 1221 εὐεργεσίας
2803 1149 3028 1219 δύναμιν
3052 1148 3406 1219 θεωροῦντες.

522 1232 800 1288 Vnam“.
858 1229 929 1284 Et
984 1229 1392 1284 recordabimini
1447 1229 1522 1281 ibi
1570 1228 1775 1280 uiarum
1825 1233 2025 1300 vostra-

451 1341 590 1387 ru.n,
616 1333 666 1377 et
694 1323 1059 1376 institutorum
1088 1331 1386 1374 vestrorum
1410 1318 1669 1379 omnium,
1703 1314 1892 1385 quibus
1918 1313 2027 1382 pol-

452 1417 553 1469 luti
583 1416 753 1471 estis:
802 1423 851 1468 et
882 1412 1184 1482 percutietis
1243 1411 1406 1479 facies
1441 1418 1640 1463 vestras
1672 1408 1727 1461 in
1781 1405 2023 1458 omnibus

436 1509 675 1567 vnalitiis
714 1506 900 1562 vestris
932 1521 1066 1575 quas
1094 1502 1321 1575 fecistis.
1357 1500 1578 1571 Agnitio
1618 1498 1763 1553 enim
1816 1494 2016 1565 peccati

2127 1525 2256 1562 ωπα
2295 1507 2461 1573 ὑμῶν
2510 1506 2580 1560 ἐν
2618 1505 2842 1572 πάσαις
2868 1505 2999 1571 ταῖς
3054 1504 3291 1567 κακίαις
3323 1502 3522 1571 ὑμῶν,
3554 1502 3666 1565 dc“

457 1601 684 1671 pudoris
715 1605 801 1656 est
830 1597 1069 1653 initium.
1106 1594 1316 1650 Idcirco
1337 1592 1674 1649 conscientia
1709 1590 2016 1647 stimulante

2127 1596 2470 1663 ἐποιήσατε.
2514 1596 2837 1664 Ἐπίγνωσις
2871 1596 2978 1665 γὰρ
3013 1594 3286 1664 ἁμαρτίας
3320 1592 3568 1661 αἰσχύνης
3590 1594 3668 1661 ἀρα

452 1694 688 1757 troittem
733 1698 1026 1762 percutere
1066 1687 1477 1744 consuevimus.
1530 1684 1678 1741 Idem
1719 1683 1885 1739 etiam
1936 1682 2016 1736 hic

2128 1691 2231 1758 χὴ·
2305 1688 2392 1741 διὰ
2422 1688 2467 1719 ⁸³
2520 1686 2678 1740 τοῦτο
2741 1686 2837 1740 τοῦ
2895 1686 3192 1748 συνειδότος
3264 1684 3567 1747 κεντοῦντες
3618 1684 3668 1736 τὰ

451 1782 804 1854 signillcavit.
834 1779 975 1836 Cum
1002 1780 1149 1835 enim
1190 1776 1558 1841 recesseritis,
1596 1775 1797 1845 inquit,
1840 1788 1870 1845 ιι
1912 1771 2016 1841 pri-

2129 1779 2356 1847 μέτωπα
2386 1776 2607 1830 τύπτειν
2638 1776 2940 1847 εἰώθαμεν·
2974 1776 3131 1830 τοῦτο
3168 1776 3262 1828 καὶ
3308 1774 3535 1828 ἐνταῦθα
3563 1775 3669 1845 ἐσή-

451 1878 597 1931 stina
629 1874 940 1944 iniquitate,
972 1879 1027 1928 et
1056 1885 1239 1926 meum
1270 1870 1478 1924 cultum
1511 1866 1749 1937 amplexi
1787 1863 2016 1926 fueritis,

2130 1886 2318 1940 μανεν.
2359 1870 2717 1932 ’Δποστάντες
2744 1871 2869 1940 γὰρ,
2905 1869 3061 1939 φησὶ,
3087 1868 3186 1938 τῆς
3216 1867 3488 1940 προτέρας
3522 1884 3668 1939 παραυ

448 1968 618 2040 836
655 1982 830 2022 meam
867 1963 1149 2021 consecuti
1193 1961 1612 2033 providentiam,
1664 1955 2016 2026 pristinorum

2127 1958 2337 2027 νομέας,
2380 1959 2474 2011 καὶ
2518 1958 2618 2029 τὴν
2654 1958 2792 2028 ὲμὴν
2824 1958 3202 2028 ἀσπασάμενοι
3252 1956 3562 2026 θεραπείαν,
3594 1959 3669 2010 καὶ

451 2062 723 2115 scelerum
769 2059 1065 2128 impiorum
1097 2052 1419 2125 percipietis
1471 2065 1720 2115 sensum,
1753 2057 1808 2104 et
1854 2047 2016 2100 facies

2127 2049 2221 2117 τῆς
2260 2051 2387 2118 παρ’
2409 2049 2543 2118 ἐμοῦ
2575 2048 2914 2120 προμηθείας
2946 2049 3325 2118 τυγχάνοντες,
3367 2050 3426 2101 ἐν
3456 2050 3667 2119 αἰσθήσει

456 2151 798 2219 percutietis,
830 2148 1057 2219 quantis
1090 2144 1288 2215 polluti
1309 2144 1435 2199 sitis
1474 2141 1820 2197 facinoribus
1853 2138 2016 2192 rinio-

2127 2140 2420 2209 γενήσεσοε
2449 2140 2557 2192 τῶν
2587 2141 2868 2211 προτέρων
2893 2140 3277 2210 ἀσεϐημάτων,
3317 2142 3417 2195 καὶ
3444 2142 3505 2195 τὰ
3533 2143 3664 2213 πρόσ-

451 2242 726 2295 ρῖιηηηρε,
2124 2244 2249 2281 ωπα
2295 2227 2523 2296 τύψετε,
2572 2228 2778 2298 ὴλίκοις
2825 2230 3126 2302 ὲνεφύρητε
3175 2232 3368 2295 κακοῖς
3424 2230 3668 2303 λογιζόμε-

2080 2364 2085 2369 .
2123 2336 2225 2373 νοι.

2198 2415 2299 2485 μδ’.
2335 2416 2441 2469 Kal
2474 2413 2913 2483 ἐπιγνώσεσθε,
2953 2413 3041 2466 ὅτι
3084 2413 3196 2482 ἐγὼ
3237 2414 3476 2482 Κύριος,
3511 2413 3572 2466 ἐν
3606 2411 3665 2473 τῷ

2124 2509 2377 2575 ποιῆσαί
2401 2525 2477 2577 με
2500 2507 2686 2573 οὕτως
2715 2507 2876 2575 ὑμῖν,
2908 2507 3066 2572 ὅπως
3088 2507 3132 2538 ⁸⁵
3162 2506 3227 2559 τὸ
3250 2505 3442 2575 ὄνομά
3461 2522 3567 2574 μου
3600 2505 3665 2570 μὴ

2118 2595 2460 2663 βεϐηλωθῇ,
2492 2599 2561 2650 οὐ
2585 2597 2630 2627 ⁸⁵
2669 2596 2818 2650 κατὰ
2843 2597 2946 2662 τὰς
2972 2596 3151 2661 ὀδοὺς
3172 2596 3340 2665 ὑμῶν
3375 2597 3481 2662 τὰς
3514 2610 3665 2660 norn-

2116 2689 2263 2754 ρὰς,
2313 2687 2454 2740 οὐδὲ
2502 2686 2653 2740 κατὰ
2701 2686 2773 2740 τὰ
2822 2687 3258 2756 ἐπιτηδεύματα
3302 2687 3471 2756 ὑμῶν
3504 2686 3567 2741 τὰ
3600 2686 3667 2737 δι-

2123 2779 2481 2846 εφθαρμένα,
2514 2775 2979 2847 οἷκος,⁹1σίαὴλ,
3000 2779 3165 2850 λέγει
3206 2779 3447 2834 Ἀδωνατ
3463 2783 3663 2849 Κύριος.

2124 2870 2338 2939 Ταύτης
2366 2870 2442 2928 δὲ.
2476 2870 2660 2940 φησὶν,
2693 2869 2909 2935 ἀξιώσω
2927 2870 3024 2941 τῆς
3059 2871 3387 2943 κηδεμονίας
3416 2874 3567 2942 ὑμᾶς,
3589 2875 3666 2925 καὶ

2204 1242 2316 1311 μγ⁹.
2365 1240 2473 1294 Καὶ
2513 1239 2944 1308 μνησθήσεσθε
2980 1237 3108 1293 ἐκεῖ
3146 1237 3265 1291 τῶν
3310 1236 3470 1291 ὀδών
3510 1235 3665 1305 ὑμῶν.

2129 1328 2227 1381 καί
2274 1326 2391 1379 τῶν
2440 1326 2929 1396 ἐπιτηδευμάτων
2976 1325 3144 1389 ὑμῶν
3192 1324 3456 1389 πάντων,
3502 1324 3564 1377 ἐν
3597 1321 3668 1390 οἷς

2127 1418 2441 1489 spuit-0171's
2462 1419 2507 1450 ⁵ο
2540 1417 2609 1471 ἐν
2646 1418 2870 1484 αὐτοῖς,
2914 1417 3008 1470 καὶ
3043 1417 3364 1484 xciv-£008“
3407 1416 3476 1468 τὰ
3512 1417 3667 1483 πρόσ-

534 2419 692 2473 Vsns.
723 2417 812 2472 64.
848 2415 914 2468 Et
941 2413 1292 2484 cognoscetis,
1317 2427 1394 2464 me
1424 2426 1534 2463 esse
1572 2408 1875 2468 Dominum,
1904 2422 2021 2458 cum

447 2527 538 2581 ego
577 2509 653 2563 sic
704 2506 870 2576 fecero
918 2501 1081 2569 vobis,
1128 2509 1180 2553 ut
1218 2514 1402 2552 nomen
1436 2513 1607 2550 meum
1644 2512 1747 2549 non
1776 2493 2017 2555 violetur,

447 2614 554 2651 non
597 2593 885 2650 secundum
920 2591 1030 2645 uias
1078 2598 1279 2642 vestras
1311 2585 1505 2651 malas,
1548 2600 1707 2653 neque
1736 2582 2021 2637 secundum

448 2692 691 2748 instituta
747 2697 922 2742 vestra
975 2692 1259 2753 corrupta,
1315 2679 1503 2734 domus
1572 2677 1835 2741 Israelis,
1891 2675 2021 2734 dicit

447 2782 657 2837 Adonai
699 2779 977 2833 Dominus.
1015 2774 1127 2829 llac
1156 2781 1342 2829 autem
1377 2787 1534 2835 cura,
1562 2769 1764 2839 inquit,
1796 2782 1893 2823 vos
1936 2767 2021 2821 di-

443 2889 581 2946 gnos
636 2870 900 2933 censebo,
942 2868 1080 2922 alios
1135 2866 1303 2921 etiam
1363 2878 1558 2918 omnes
1620 2860 1870 2916 homines
1923 2876 2022 2929 per

446 2982 629 3022 meum
661 2965 715 3018 in
753 2977 849 3017 vos
905 2957 1236 3032 beneﬁcium
1293 2953 1524 3011 studens
1582 2953 1648 3007 ad
1705 2967 1877 3006 meam
1927 2966 2022 3006 co-

446 3057 746 3127 gnitionem
779 3050 1074 3106 adducere.
1096 3046 1282 3117 Neque
1305 3045 1451 3101 enim
1482 3059 1576 3099 vos
1605 3042 1891 3097 clementia
1925 3047 2018 3092 aut

447 3150 605 3205 venia
632 3145 783 3217 digni
818 3144 976 3208 estis,
1013 3143 1067 3196 in
1098 3140 1283 3210 impiis
1309 3137 1577 3193 institutis
1608 3135 1847 3191 educati.
1877 3135 2011 3189 Cum

443 3240 611 3311 igitur
635 3234 1015 3296 didicerimus,
1063 3246 1229 3302 quam
1287 3230 1515 3300 impium
1572 3228 1644 3283 sit
1673 3242 1870 3282 nomen
1904 3226 2013 3281 Do-

444 3331 575 3384 mini
625 3328 894 3398 polluere,
940 3337 1256 3385 caveamus,
1281 3336 1349 3377 ne
1403 3319 1695 3374 Dominum
1744 3318 2013 3372 conviciis

444 3420 909 3491 proscindamus,
940 3413 1045 3482 Qui
1109 3414 1254 3469 enim
1317 3412 1385 3467 ab
1430 3411 1549 3482 ipso
1607 3411 1828 3465 nomine
1891 3408 2013 3477 ejus

452 3510 663 3583 dignati
705 3514 859 3572 sunt,
891 3505 989 3561 sed
1018 3505 1296 3576 indignam
1324 3502 1691 3573 appellatione
1718 3502 1821 3555 ista
1847 3502 2011 3555 vitam

442 3601 732 3675 agunt,ad
781 3600 903 3671 ejus
935 3595 1335 3666 blasphemiam
1388 3594 1684 3649 stultorum
1731 3592 2013 3648 concitant

420 3696 678 3762 linguas.
712 3689 867 3756 Quod
894 3686 1065 3742 etiam
1094 3686 1161 3740 de
1186 3683 1393 3740 ludatis
1422 3683 1639 3738 dicebat
1663 3682 1806 3738 Deus
1836 3698 1851 3737 :
1891 3699 1910 3733 ι
1949 3681 2014 3734 Et

446 3780 725 3852 polluistis
750 3793 951 3835 nomen
979 3791 1158 3830 meum
1185 3776 1240 3829 in
1263 3774 1541 3846 gentibus,
1575 3788 1705 3828 cum
1732 3773 2013 3829 diceretur

443 3870 624 3935 vobis,
653 3868 895 3938 Populus
923 3863 1140 3919 Domini
1173 3863 1288 3929 isti,
1313 3870 1368 3917 et
1396 3861 1465 3918 de
1494 3872 1638 3917 terra
1660 3862 1782 3934 ejus
1803 3863 2010 3933 egressi

446 3968 573 4015 sunt
608 3969 656 4012 ιι.
698 3977 716 4008 ι
753 3956 862 4012 Nos
892 3961 1074 4009 autem
1121 3953 1270 4011 idem
1313 3967 1531 4026 quoque
1556 3952 1701 4024 quod
1746 3953 2011 4010 Dominus

443 4065 746 4123 cognomen
787 4047 1169 4111 obtinuimus,
1215 4045 1485 4114 siquidem
1545 4060 1575 4099 a
1626 4046 1848 4102 Christo
1910 4062 2011 4103 no-

443 4144 735 4198 minamur.
795 4138 1006 4195 ldcirco
1068 4136 1225 4192 decet
1291 4151 1393 4192 nos
1446 4151 1640 4192 omnes
1707 4138 2009 4193 secundum

438 4233 800 4305 apostolicam
840 4231 1014 4301 legem
1058 4247 1077 4281 ι
1111 4230 1226 4285 sive
1258 4227 1677 4295 manducemus,
1713 4230 1830 4284 sive
1858 4231 2010 4285 bibu-

438 4342 584 4391 mus,
611 4326 730 4383 sive
755 4322 906 4380 aliud
934 4320 1066 4393 quid
1105 4320 1400 4389 faciamus,
1440 4320 1625 4375 omnia
1674 4320 1729 4375 in
1773 4322 2009 4391 gloriam

440 4418 532 4475 Dei
586 4416 794 4483 facere,
825 4423 880 4473 et
911 4415 1034 4472 sine
1066 4413 1373 4471 oll‘ensione
1402 4427 1526 4469 esse
1566 4411 1770 4470 Judzeis
1799 4423 1855 4470 et
1878 4430 2012 4485 gen-

434 4511 605 4577 tibus,
632 4517 688 4565 et
719 4507 979 4566 Ecclesiae
1022 4505 1118 4564 Dei
1149 4516 1191 4575 °,
1227 4524 1247 4559 ι
1282 4504 1371 4561 cui
1397 4503 1573 4577 gloria
1601 4506 1677 4562 sit
1720 4505 1776 4561 in
1802 4507 2005 4563 saecula

437 4600 785 4655 saeculorum.
812 4596 1007 4652 Amen.

542 4870 571 4898 ιι
610 4859 806 4918 Bacch.
839 4877 1034 4929 xxxvt,
1068 4862 1160 4918 30.
1201 4872 1228 4901 ο
1260 4863 1278 4918 l
1310 4865 1434 4921 Cor.
1461 4884 1519 4935 χ,
1548 4867 1642 4935 51,
1670 4867 1766 4924 52.

2121 2960 2245 3022 τοὺς
2277 2960 2466 3022 ἄλλους
2513 2960 2758 3023 ἅπαντας
2805 2961 3122 3030 ἀνθρώπους
3165 2963 3253 3016 διὰ
3301 2965 3404 3034 τῆς
3435 2967 3509 3027 είς
3546 2965 3665 3033 ὑμᾶς

2122 3050 2439 3119 εὐεργεσίας
2469 3052 2548 3112 είς
2572 3052 2670 3120 τὴν
2700 3051 2837 3121 ἐμὴν
2869 3052 3162 3121 ἐπίγνωσιν
3203 3054 3399 3125 τρέψαι
3438 3054 3664 3125 βουλόμε-

2122 3157 2209 3203 νος
2231 3156 2247 3172 ⁸
2290 3139 2413 3193 οῦτε
2442 3139 2550 3210 γὰρ
2579 3140 2735 3209 ὑμεῖς
2779 3140 3185 3211 φιλανθρωπίας
3223 3142 3384 3206 ἄξιοι,
3424 3142 3456 3212 ἦ
3493 3143 3532 3174 ⁸⁸
3560 3157 3666 3208 συγ·

2122 3228 2381 3299 γνώμης,
2433 3230 2771 3299 παρανόμοις
2821 3231 3247 3299 ἐπιτηδεύμασιν
3304 3231 3663 3303 ἐντραφέντες·

2122 3320 2386 3391 μαθόντες
2420 3320 2619 3384 τοίνυν,
2644 3323 2790 3384 ὅπως
2825 3322 2943 3374 ἐστὶ
2971 3321 3251 3386 δυσσεϐὲς,
3281 3322 3344 3374 τὸ
3367 3322 3501 3375 θεῖον
3522 3321 3664 3392 ὄνομα

2122 3410 2419 3482 βεϐηλοῦν,
2483 3410 2743 3481 φύγωμεν
2794 3414 2855 3465 τὸ
2916 3412 3265 3484 βλασφημίαν
3317 3413 3394 3482 τῷ
3447 3414 3664 3485 Δεσπότῃ

2122 3505 2474 3573 προσάπτειν.
2502 3507 2563 3558 Οἱ
2594 3505 2700 3576 γὰρ
2725 3506 2821 3575 τῆς
2852 3506 3013 3559 αὐτοῦ
3051 3507 3425 3578 προσηγορίας
3456 3505 3665 3577 ἠξιωμέ-

2120 3612 2219 3657 νοι,
2256 3596 2489 3662 ἀναξίως
2520 3596 2576 3649 δὲ
2607 3596 2812 3668 ταύτης
2846 3599 3275 3669 πολιτευόμενοι,
3320 3601 3400 3665 είς
3437 3602 3530 3671 τὴν
3560 3598 3662 3653 κατ’

2119 3688 2284 3741 αὐτοῦ
2338 3690 2688 3760 βλασφημίαν
2744 3690 2850 3744 τῶν
2895 3692 3139 3763 ἀνοήτων
3189 3693 3538 3763 παρακινοῦσι
3581 3690 3663 3751 τὰς

2117 3777 2363 3847 γλώττας
2383 3796 2395 3809 ο
2424 3778 2582 3833 τοῦτο
2606 3781 2699 3834 καὶ
2720 3783 2848 3853 περὶ
2874 3781 2982 3834 τῶν
3014 3782 3280 3837 Ἰουδαίων
3302 3786 3330 3837 ὁ
3354 3783 3484 3846 Θεὸς
3508 3782 3658 3850 ἔλεγε·

2125 3887 2143 3918 ι
2188 3868 2296 3920 Καὶ
2323 3868 2366 3899 ⁸⁸⁷
2407 3866 2781 3939 ὲὸεὸηλώσατε
2812 3870 2872 3922 τὸ
2908 3869 3080 3940 ὄνομά
3111 3887 3213 3941 μου
3244 3872 3303 3925 ὲν
3326 3874 3431 3934 τοῖς
3455 3869 3657 3928 ἔθνεσιν,

2118 3962 2176 4013 ὲν
2209 3959 2286 4031 τῷ
2316 3959 2570 4028 λέγεσθαι
2597 3962 2745 4032 ὑμῖν,
2785 3961 2926 4026 Λαδς
2955 3963 3160 4033 Κυρίου
3192 3954 3357 4026 οὗτοι,
3386 3961 3477 4015 καὶ
3504 3960 3561 4013 ὲκ
3577 3957 3659 4025 τῆς

2117 4051 2221 4123 γῆς
2244 4051 2408 4106 αὐτοῦ
2434 4051 2834 4122 ἐξεληλύθασιν.
2864 4071 2883 4105 ι
2923 4055 3114 4124 Ἡμεῖς
3137 4055 3194 4108 δὲ
3216 4053 3311 4108 καὶ
3330 4053 3493 4122 αὐτὴν
3519 4051 3657 4119 ἐσιή-
3746 4089 3750 4093 «

2118 4160 2295 4213 καμεν
2322 4141 2415 4195 τοῦ
2439 4143 2710 4197 Δεσπότου
2736 4144 2835 4215 τὴν
2869 4146 3242 4217 προσηγορίαν
3262 4162 3275 4175 ⁸
3313 4144 3417 4199 ἀπὸ
3447 4138 3655 4213 Χριστοῦ

2118 4235 2225 4306 γὰρ
2263 4232 2675 4304 ὀνομαζόμεοα·
2704 4234 2785 4288 διὸ
2823 4237 3089 4308 προσήκει
3117 4237 3323 4300 πάντας
3350 4224 3509 4307 ἡμᾶς,
3536 4230 3657 4285 κατά

2116 4324 2215 4395 τὴν
2261 4323 2621 4395 ἀποστολικὴν
2660 4324 2999 4395 νομοθεσίαν,
3052 4344 3072 4377 ι
3117 4325 3230 4379 εἴτε
3264 4325 3525 4395 ἐσθίομεν,
3562 4321 3654 4373 είτε

2119 4418 2367 4487 πίνομεν,
2418 4416 2527 4469 εῐτε
2560 4432 2612 4468 τι
2653 4416 2936 4487 ποιοῦμεν,
2980 4418 3161 4473 πάντα
3213 4418 3295 4482 είς
3339 4415 3489 4480 δόξαν
3537 4409 3653 4465 Θεοῦ

2115 4509 2289 4559 ποιεῖν
2309 4504 2376 4571 ⁸⁸,
2439 4504 2532 4557 καὶ
2583 4504 2966 4576 ἀπροσκόπους
3009 4501 3155 4561 εἶναι
3196 4504 3457 4567 Ἰουδαίοις
3479 4502 3521 4533 ⁸⁸
3573 4496 3653 4551 καὶ

2117 4595 2363 4666 Ἕλλησι,
2399 4594 2493 4647 καὶ
2524 4596 2595 4673 ’τῇ
2632 4594 2928 4669 Ἐκκλησία
2952 4596 3048 4650 τοῦ
3080 4596 3239 4665 Θεοῦ,
3267 4615 3286 4650 ι
3325 4590 3368 4666 ᾧ
3388 4596 3424 4665 ἠ
3448 4590 3565 4659 δόξα
3585 4590 3653 4650 είς

2117 4688 2241 4751 τοὺς
2265 4685 2466 4749 αἰῶνας
2509 4685 2615 4738 τῶν
2640 4685 2865 4742 αἰώνων.
2905 4688 3095 4760 Ἀμήν.

1707 5018 1938 5076 νΑιῑιΑ.
1983 5017 2387 5075 LECTIONES.

404 5204 409 5207 Α
442 5168 679 5253 μικξμ.
711 5166 754 5221 Β
785 5168 1115 5253 inminues,
1157 5173 1311 5239 juxta
1364 5176 1624 5253 recalect.

437 5238 687 5307 é‘ri'nQes.
719 5238 860 5307 apud
905 5254 1031 5301 tu.

1731 5176 1772 5207 αι
1806 5177 1931 5244 κόψ.
1973 5193 2028 5230 τ.

1389 5190 1471 5256 cc.
1504 5176 1624 5260 lect.
1731 5176 1931 5257 “uoti.
1973 5192 2176 5297 “Brit?
2236 5177 2332 5246 ὑμ.
2373 5175 2533 5230 Hebr.
2604 5173 2825 5231 fastidio
2872 5173 3029 5232 eritis
3078 5177 3237 5233 vobis
3287 5174 3435 5248 ipsis.

1389 5255 1446 5297 It.
1483 5246 1674 5297 brab..
1715 5247 1805 5297 ubi
1851 5246 1956 5297 leg.
2007 5263 2095 5297 αις
2162 5247 2444 5297 ποιήσατε.
2523 5246 2566 5275 ⁸³
2604 5243 2690 5297 διὰ
2719 5263 2769 5297 τ.
2812 5244 2851 5297 Β
2887 5246 2985 5297 διό.
3065 5244 3227 5297 ⁶⁵δπ.
3263 5276 3330 5287 -
3358 5240 3435 5297 Βεε

1086 5253 1278 5317 praeter
1317 5245 1446 5317 edit.
1483 5245 1674 5317 Gram.
1715 5246 1805 5317 ubi
1829 5246 1956 5317 gleg.
2007 5245 2095 5309 αἷς
2130 5245 2231 5297 ὲπο

2523 5217 2533 5230 .
2604 5173 2825 5231 fastidio
2872 5173 3029 5232 eritis
3078 5177 3237 5233 vobis
3287 5174 3435 5248 ipsis.
3530 5165 3649 5229 "ac

2523 5246 2566 5275 ⁸³
2604 5243 2690 5297 διὰ
2719 5263 2769 5299 τ.
2812 5244 2851 5298 Β
2887 5246 2985 5300 διό.
3065 5244 3227 5302 “67:.
3263 5276 3330 5287 —
3357 5235 3645 5315 3.3.6.“!!(5?
3729 5303 3733 5307 .

2235 5247 2287 5315 ιή
2296 5262 2444 5299 σατε.

438 5300 1149 5414 “enumerari;
2734 5324 2787 5371 ει
2813 5315 2853 5367 ιι
3314 5300 3436 5381 κη·
3469 5307 3509 5363 υ
3541 5302 3643 5361 κιιο

572 5380 665 5433 καὶ
696 5408 766 5421 --
801 5377 939 5444 ἐξελ.
976 5380 1149 5435 Aliter
1178 5380 1349 5453 infra,
1380 5384 1415 5436 Ι.
1452 5399 1500 5436 c.
1574 5384 1619 5417 “
1640 5377 1986 5443 natethes.
2023 5386 2076 5440 in
2115 5383 2173 5436 Β.
2249 5386 2292 5419 ⁶⁹
2331 5384 2485 5441 Ἰουδ.
2520 5384 2561 5439 Β
2598 5377 2788 5461 prtem.
2814 5377 2929 5440 καί.
