3840 6202
232 332 356 399 1017

1358 337 1440 399 IN
1473 333 1919 399 EZECHIELIS
1955 332 2113 394 CAP.
2157 334 2311 395 ΧΧΙ.

3333 320 3468 389 1018

224 444 327 497 τῶν
349 441 455 513 γὰρ
479 441 763 514 ὑμετέρων
791 442 1233 514 ἐπιτηδευμάτων
1258 447 1290 515 ὴ
1322 447 1576 515 πονηρία,
1615 445 1710 498 καὶ
1754 444 1774 494 'i

1895 443 2036 498 bitas
2058 483 2073 507 ,
2105 453 2161 499 et
2194 443 2497 513 impietatis
2527 439 2927 509 exsuperantia
2948 481 2963 505 ,
2991 445 3106 493 tum
3137 438 3312 507 gratia
3348 453 3465 491 mea

220 536 314 605 τῆς
337 533 588 598 ἀσεϐείας
617 534 914 605 ὑπερϐολὴ,
947 538 1041 589 καὶ
1069 536 1166 607 τῆς
1198 539 1336 608 ἐμῆς
1371 538 1513 606 ὑμᾶς
1542 537 1789 607 ἐγύμνω-

224 643 280 680 σε
305 626 544 695 χάριτος,
572 627 669 679 καὶ
694 625 797 681 ὑπὸ
822 628 935 689 τοῖς
960 627 1243 698 πολεμίοις
1271 629 1525 698 γενέσθαι
1562 646 1626 681 πε
1640 629 1787 698 ποίη-

219 732 330 776 κεν,
347 715 397 769 οἳ
418 715 507 768 διὰ
537 717 799 786 μαντείαν
820 717 882 747 ¹⁷⁶
905 717 1003 781 τὰς
1030 718 1151 772 καθ’
1180 719 1333 790 ὑμῶν
1356 720 1578 790 ἐφόδους
1602 719 1788 773 ποιού-

219 825 385 879 μενοι,
415 807 617 880 ὁρῶσιν
660 809 1057 866 ἀκολουθοῦντα
1085 814 1203 876 ταῖς
1237 815 1519 884 μαντείαις
1546 814 1617 867 τὰ
1647 814 1788 886 πράε

215 916 398 969 γματα
421 916 436 930 ·
467 900 656 971 ἐπειδὴ
690 900 870 956 τοίνυν
893 903 987 956 καὶ¹
1016 903 1115 974 τῆς
1140 904 1363 960 ἐκείνων
1388 905 1646 977 ἀληθείας
1670 906 1788 974 ἐγέ-

214 989 364 1043 νεσθε
398 990 672 1061 πρόξενοι,
699 992 925 1057 εἰκότως
951 994 1248 1060 ἁλώσεσθε,
1286 997 1382 1052 καὶ
1412 999 1655 1069 τιμωρίᾳ
1686 1014 1788 1050 πα-

217 1077 903 1150 ραδοθήσεσθε.Ἐντεῦθεν
931 1084 1024 1138 ἐπὶ
1056 1086 1183 1150 τοὺς
1219 1085 1486 1158 ἄρχοντας
1500 1086 1787 1158 τιεταϐαίσ-

140 1215 149 1223 .
213 1186 308 1235 νει,
336 1171 431 1223 τόν
458 1188 520 1225 τε
547 1170 795 1242 βασιλέα,
834 1175 1075 1241 καὶτοὺς
1114 1177 1317 1249 ἱερέας,
1346 1180 1442 1233 καί
1474 1196 1640 1252 φησιν
1659 1197 1672 1211 ·

275 1264 373 1324 κε’,
410 1266 525 1327 κς’.
564 1261 675 1317 Καὶ
717 1263 799 1319 σὺ
819 1305 835 1327 .
859 1264 1111 1334 βέϐηλε,
1159 1266 1363 1337 ἅνομε,
1407 1270 1788 1341 agon-retinere

210 1350 309 1404 τοῦ
346 1350 615 1421 Ἰσραὴλ,
648 1349 721 1410 οὗ
755 1355 889 1424 ἥκει
915 1357 952 1425 ή
984 1356 1174 1426 ἡμέρα
1212 1358 1282 1412 ἐν
1322 1357 1508 1429 καιρῷ
1549 1360 1786 1430 ἀδικίας

209 1439 391 1511 πέρας
406 1459 422 1472 ⁸
450 1441 592 1498 τάδε
614 1444 778 1515 λέγει
814 1446 1056 1503 Ἀδωνατ
1077 1451 1313 1520 Κύριος’
1356 1452 1655 1523 Ἀφελοῦη
1671 1453 1785 1523 τὴν

209 1531 461 1601 κίδαριν,
504 1535 606 1589 καί
658 1536 889 1594 ἀπόθου
930 1539 1039 1593 τὸν
1081 1540 1410 1611 στέφανον,
1452 1543 1604 1612 αὕτη
1625 1544 1666 1578 ¹⁹
1710 1546 1782 1599 οὐ

208 1622 447 1690 τοιαύτη
493 1623 685 1681 ἔσται.
735 1627 807 1680 Σὺ
854 1628 974 1699 μὲν,
1013 1631 1199 1701 φησιν,
1233 1632 1263 1684 ὁ
1313 1632 1513 1703 ἱερεὺς.
1549 1632 1636 1686 διὰ
1683 1633 1783 1707 τὴν

208 1714 549 1785 παρανομίαν
575 1717 676 1788 τῆς
709 1718 990 1791 ἱερατικῆς
1020 1723 1342 1794 ὲγυμνώθης
1383 1725 1646 1797 κιδάρεως
1666 1742 1680 1756 ·
1713 1727 1779 1781 σὺ

205 1803 277 1870 δέ,
302 1805 330 1858 ὁ
362 1804 641 1876 βασιλεὺς,
670 1808 954 1883 δυσσεϐείᾳ
991 1814 1250 1884 συζήσας,
1283 1819 1511 1869 σεαυτὸν
1548 1817 1779 1872 ἀπεστέ-

206 1912 375 1966 ρησας
423 1896 519 1950 τοῦ
567 1900 1138 1974 στεφάνου.Έκατέρα
1183 1906 1366 1959 τοίνυν
1403 1907 1667 1978 ἡγεμονία
1715 1906 1784 1963 τά

204 1984 402 2056 ἑαυτῆς
419 1987 465 2019 ⁸⁸
496 1988 785 2044 ἀποθέσθω
818 1990 1061 2061 σύμϐολα
1086 2009 1100 2023 ο
1151 1993 1292 2064 αὕτη
1338 1996 1468 2067 γὰρ,
1522 1998 1708 2068 φησὶν,
1748 1998 1781 2069 ή

204 2074 489 2146 πολιορκία
512 2080 613 2133 οὐκ
639 2080 783 2134 ἔοικε
810 2083 931 2146 ταῖς
968 2083 1136 2137 πάλαι
1159 2101 1173 2114 ’
1205 2084 1359 2150 τέλος
1383 2087 1493 2158 γὰρ
1520 2087 1714 2140 ἐλαϐεν
1747 2088 1782 2160 ή

202 2164 316 2218 καθ’
347 2166 495 2238 ὑμᾶς
519 2168 787 2239 βασιλεία.
813 2173 920 2226 Καὶ
949 2173 1049 2244 τήν
1074 2176 1255 2231 αἰτίαν
1275 2176 1564 2232 διδάσκων⁸
1589 2196 1608 2231 ι
1633 2179 1779 2234 Ἐταε

202 2256 489 2323 πείνωσας,
523 2260 680 2331 φησὶ,
714 2263 775 2316 τὸ
800 2264 1024 2335 ὑψηλὸν,
1060 2267 1152 2321 καὶ
1179 2266 1403 2337 ὕψωσας
1433 2270 1496 2324 τὸ
1522 2271 1779 2326 ταπεινὸν

199 2347 462 2420 ἀδικίᾳίί.
501 2369 520 2401 ι
542 2351 750 2425 ’Δδικίίι
786 2355 896 2427 γὰρ
927 2359 1272 2430 χρησάμενος
1298 2361 1567 2433 συνεργῷ,
1590 2362 1652 2417 τὸ
1679 2362 1779 2434 μὲν

202 2437 401 2510 ὑψηλὸν
442 2441 512 2495 δι’
539 2441 738 2515 ἀρετὴν
781 2447 1186 2517 ἐταπείνωσας,
1236 2451 1297 2506 τὸ
1321 2450 1377 2505 δὲ
1403 2454 1657 2509 ταπεινὸν
1699 2455 1779 2508 δι’

196 2526 406 2582 ἀδικίαν
432 2531 548 2594 τοῖς
576 2531 757 2602 λόγοις
786 2535 1023 2608 ἐπῆρας,
1045 2540 1432 2616 παραφθείρας
1456 2541 1518 2597 τὸ
1544 2541 1775 2599 δίκαιον.

196 2620 278 2673 Διό
316 2638 482 2692 φησιν
509 2640 523 2654 ·

258 2712 367 2775 κζ’.
417 2714 701 2783 Ἀδικίαν,
728 2716 971 2771 ἀδικίαν
1016 2719 1275 2791 θήσομαι
1312 2726 1527 2789 αὐτήν.
1569 2727 1774 2781 Τούτου

194 2803 354 2874 χάριν
387 2822 468 2872 σε,
500 2807 655 2879 φησὶ,
686 2808 890 2881 ταύτης
916 2811 1018 2882 τῆς
1041 2814 1252 2879 ἀδικίας
1290 2818 1568 2888 πράξομαι
1595 2820 1772 2883 δίκας.

196 2888 330 2946 Εἶτα
373 2896 601 2965 ἐπάγει’
645 2916 664 2949 ι
695 2898 816 2952 Οὐδ’
846 2898 988 2971 αὕτη
1010 2903 1055 2934 ²²
1084 2904 1310 2975 τοιαύτη
1364 2904 1517 2959 ἔσται
1563 2907 1669 2972 ἕως
1711 2901 1774 2962 οὗ

194 2982 323 3053 ἔλθῃ
349 2976 390 3051 ᾧ
414 2984 672 3058 καθήκει,
697 2990 791 3042 καὶ
814 2993 1125 3062 παραδώσω
1151 2994 1318 3065 αὐτῷ.
1344 3014 1362 3048 ι
1391 2997 1512 3052 Τῶν
1544 2997 1642 3068 μὲν
1665 2999 1775 3071 γὰρ

1891 551 1990 589 vos
2019 535 2269 601 orbavit,
2301 541 2418 589 tum
2449 535 2504 589 in
2536 534 2778 590 hostium
2796 538 3161 602 potestatein,
3180 544 3280 583 vos
3310 529 3468 582 rede-

1890 626 2003 695 git:
2035 625 2127 695 qui
2162 640 2255 694 per
2285 625 2609 679 vaticinium
2648 624 2704 678 in
2737 637 2834 678 vos
2864 635 2993 676 cum
3025 620 3274 676 exercitu
3310 619 3466 673 inva-

1890 717 2104 780 dentes,
2141 715 2327 771 vident
2355 716 2629 771 vaticiniis
2652 731 2740 771 res
2766 716 2920 785 ipsas
2946 714 3302 784 respondere.
3326 712 3463 767 Cum

1890 808 2055 877 igitur
2081 822 2179 862 vos
2213 807 2431 862 illorum
2459 808 2713 863 veritatis
2744 814 3008 863 auctores
3041 803 3261 859 fueritis
3281 842 3297 869 ,
3343 817 3463 858 me-

1889 899 1997 954 rito
2018 899 2162 968 capti
2187 899 2461 970 supplicio
2485 897 2822 954 aﬂieiemini.
2876 896 3017 954 [line
3065 897 3130 950 ad
3184 895 3464 967 principes

1884 990 2217 1061 digreditur,
2254 1001 2310 1046 et
2343 1004 2528 1060 regem
2563 1029 2580 1055 ,
2611 998 2668 1045 et
2694 990 3054 1055 sacerdotes,
3088 989 3276 1059 aitque
3306 1006 3321 1042 :

1959 1259 2121 1315 Vatis.
2160 1259 2252 1324 25,
2282 1259 2373 1314 26.
2406 1258 2475 1313 Et
2526 1269 2585 1314 tu
2604 1300 2620 1326 ,
2650 1257 2909 1329 profane,
2966 1259 3141 1329 inique
3170 1257 3281 1312 dua:
3311 1256 3465 1313 Isra-

1882 1350 2010 1415 elis,
2057 1349 2212 1421 cujus
2264 1351 2401 1405 venit
2440 1349 2552 1406 dies
2601 1350 2657 1405 in
2708 1360 2937 1419 tempore
2969 1351 3267 1421 iniquitatis
3299 1351 3464 1420 ﬁnis;

1884 1437 1995 1492 Itast:
2023 1439 2153 1492 dicit
2192 1437 2405 1494 Adonai
2452 1439 2751 1495 Dominus:
2795 1439 2962 1508 Aufer
2998 1439 3260 1504 cidarim,
3299 1451 3349 1495 ct
3381 1456 3463 1495 re-

1868 1527 2014 1595 pelle
2054 1545 2337 1594 coronam,
2368 1530 2485 1599 ipsa
2518 1547 2624 1585 non
2655 1529 2780 1584 talis
2809 1532 2933 1586 erit.
2961 1529 3044 1584 Tu
3080 1529 3300 1602 quidem
3328 1569 3343 1596 ,
3374 1531 3462 1584 in-

1883 1620 2037 1691 quit,
2076 1619 2370 1684 sacerdos.
2414 1632 2637 1692 propter
2674 1621 3088 1693 improbitatem
3129 1622 3460 1678 sacerdotali

1881 1710 2054 1766 cidari
2083 1712 2353 1782 spoliatus
2388 1710 2539 1767 fuisti
2569 1730 2582 1766 :
2621 1717 2680 1766 tu
2712 1720 2897 1767 autem
2923 1728 3022 1767 rex
3059 1713 3329 1783 impietati
3360 1716 3461 1767 ad-

1884 1802 2067 1858 dictus
2101 1809 2154 1858 te
2189 1802 2364 1874 ipsum
2397 1817 2602 1859 corona
2634 1804 2883 1875 privasti.
2938 1802 3247 1875 Utrumque
3290 1804 3460 1873 igitur

1886 1893 2173 1965 imperium
2207 1909 2306 1950 sua
2337 1895 2575 1965 deponat
2610 1895 2873 1968 insignia.
2905 1895 3031 1952 Haec
3076 1897 3224 1952 enim
3265 1896 3458 1953 obses-

1884 1986 1969 2041 sio
2011 1985 2393 2055 superioribus
2437 1986 2584 2041 haud
2631 1986 2833 2044 similis
2861 1994 2948 2044 est
2975 2009 2988 2043 :
3020 1986 3299 2058 siquidem
3332 1987 3458 2057 linis

1883 2084 2072 2133 vestro
2115 2090 2286 2146 regno
2326 2076 2625 2147 impositus
2668 2082 2794 2133 est.‘
2821 2078 3177 2149 Causamque
3213 2078 3455 2143 docens,

1885 2171 1902 2190 °
1940 2186 1958 2219 ι
1993 2164 2307 2221 Ilumiliasti
2329 2210 2344 2233 ,
2377 2169 2593 2238 inquit,
2623 2169 2906 2226 excelsum
2928 2209 2944 2233 ,
2974 2180 3028 2225 et
3056 2171 3318 2227 exaltasti
3358 2172 3458 2225 hu-

1882 2258 2064 2314 milem
2086 2258 2140 2314 in
2167 2251 2407 2328 iustitia.
2431 2279 2451 2313 ι
2475 2260 2663 2316 Aseita
2683 2261 2831 2316 enim
2852 2261 2949 2315 tibi
2963 2262 3116 2317 socia
3145 2262 3416 2331 iniustitia
3436 2300 3456 2329 ,

1880 2354 2027 2424 quod
2061 2353 2341 2410 excelsum
2376 2362 2497 2409 erat
2533 2362 2762 2425 propter
2793 2354 3058 2409 virtutem
3091 2354 3415 2425 depressiin
3436 2393 3453 2420 ,

1879 2455 1935 2499 et
1962 2443 2110 2516 quod
2141 2443 2349 2499 humile
2371 2451 2494 2499 erat
2522 2451 2749 2515 propter
2779 2444 3112 2515 iniustitiam
3146 2445 3330 2503 verbis
3360 2460 3456 2502 ex—

1879 2535 2090 2600 tulisti,
2122 2541 2386 2605 corrupto
2411 2534 2558 2604 jure.
2591 2531 2720 2592 Ideo
2748 2535 2826 2589 ait
2852 2553 2866 2592 :

1952 2715 2118 2773 Vens.
2156 2715 2248 2772 27.
2284 2714 2659 2786 Injustitiam,
2706 2716 3027 2785 iniustitiam
3073 2733 3268 2787 ponam
3311 2734 3450 2773 eant.

1877 2807 1992 2864 Hac
2017 2809 2086 2863 de
2110 2823 2279 2864 causa
2299 2847 2314 2873 ,
2342 2808 2561 2878 inquit,
2590 2806 2876 2878 iniustitia:
2921 2807 3084 2863 istius
3125 2809 3223 2863 abs
3252 2816 3306 2862 te
3339 2823 3456 2879 pm-

1876 2916 1978 2957 nas
2025 2900 2262 2971 exigam.
2316 2897 2526 2954 Deinde
2574 2898 2842 2969 subiicit:
2874 2918 2893 2952 ι
2925 2896 3112 2969 Neque
3164 2900 3278 2953 hate
3324 2901 3455 2955 talis

1876 2992 2019 3058 erit,
2048 2991 2224 3047 donec
2256 2992 2495 3056 venerit,
2532 2991 2622 3046 cui
2655 2990 2953 3063 congruit,
2981 2999 3037 3047 et
3073 2991 3287 3046 tradam
3319 2993 3388 3045 ei.
3427 3011 3448 3044 ι

193 3073 495 3171 προτέρων,
528 3077 683 3148 φησὶ,
710 3078 1038 3151 πολιορκιῶν
1081 3081 1219 3155 αὕτη
1274 3084 1663 3158 χαλεπωτέρα·
1711 3090 1772 3144 οὐ

1882 3082 2273 3153 Superioribus
2304 3083 2451 3137 enim
2487 3083 2997 3154 oppugnationibus
3020 3123 3034 3147 ,
3072 3083 3294 3152 inquit,
3335 3082 3453 3138 haec

195 3163 328 3232 μὴν,
354 3168 506 3235 φησὶ,
537 3169 818 3234 παντελῶς
852 3174 1176 3230 κατασϐέσω
1208 3177 1298 3231 τὸν
1342 3180 1442 3251 τῆς
1489 3181 1776 3255 βασιλικῆς

192 3259 515 3344 συγγενείας
547 3262 841 3333 σπινθῆρα,
880 3265 984 3329 ἕως
1013 3266 1079 3320 ἂν
1109 3267 1240 3341 ἔλθῃ
1256 3270 1302 3301 ’⁸
1327 3264 1373 3339 ᾧ
1403 3274 1652 3344 καθήκει,
1683 3276 1779 3331 καὶ

188 3340 231 3416 ᾧ
278 3349 577 3420 ἁρμόττει,
624 3353 719 3407 καὶ
772 3356 920 3428 αὐτῷ
965 3340 1275 3429 παραδώσω
1320 3362 1420 3434 τὴν
1472 3340 1773 3435 βασιλείαν.

190 3440 360 3495 Τοῦτο
405 3443 499 3496 καὶ
544 3446 573 3497 ό
627 3448 895 3516 μακάριος
946 3449 1158 3515 Παῦλός
1192 3470 1392 3525 φησιν·
1433 3456 1613 3521 «Ἕως
1639 3460 1707 3512 ἂν
1729 3460 1777 3493 ⁸⁵

191 3531 323 3604 ἔλθῃ
351 3533 411 3587 τὸ
451 3535 697 3607 σπέρμα,
729 3532 773 3605 ᾧ
814 3540 1169 3611 ἐπήγγελται,
1197 3544 1480 3616 διαταγεὶς
1509 3546 1579 3600 δι’
1607 3551 1777 3618 ἀγγέ-

189 3621 301 3676 λων
348 3624 405 3676 ἐν
454 3625 603 3696 χειρὶ
650 3627 907 3682 Μεσίτου.
935 3649 955 3681 ι
1001 3632 1110 3685 Καὶ
1146 3632 1341 3687 Ἰακὼϐ
1371 3638 1400 3690 ό
1428 3637 1776 3711 πατριάρχης

188 3712 278 3767 τὸν
311 3712 506 3768 Ἰούδαν
539 3715 777 3785 εὐλογῶν
804 3718 909 3792 ἔφη
929 3737 943 3752 ο
1004 3741 1022 3775 ι
1052 3724 1165 3776 Οὐκ
1215 3725 1457 3796 ἐκλείψει
1500 3729 1685 3800 ἄρχων
1715 3730 1777 3797 ἐξ

200 3805 391 3873 Ἰούδα,
420 3809 513 3862 καὶ
543 3808 847 3882 ἡγούμενος
875 3814 940 3868 ἐκ
962 3815 1071 3868 τῶν
1121 3817 1312 3887 μηρῶν
1343 3819 1533 3884 αὐτοῦ,
1566 3821 1670 3886 ἕως
1706 3824 1774 3878 ἂν

196 3898 330 3971 ἔλθῃ
352 3892 395 3968 ᾧ
417 3902 734 3970 ἀπόκειται,
761 3908 859 3959 καὶ
885 3907 1048 3970 αὐτὸς
1073 3910 1370 3978 προσδοκία
1397 3911 1585 3968 ἐθνῶν.
1618 3933 1635 3965 ι
1666 3916 1774 3969 Καὶ

188 3989 422 4044 ἐνταῦθα
454 3993 635 4048 τοίνυν
661 3995 758 4064 τὴν
785 3996 878 4050 τοῦ
915 3998 1189 4052 Δεσπότου
1219 4001 1458 4071 Χριστοῦ
1495 4003 1772 4073 βασιλείαν

189 4083 425 4152 ᾐνίξατο,
463 4085 728 4157 εἰρηκώς·
765 4108 784 4139 ι
814 4089 935 4142 Οὐδ’
959 4089 1098 4163 αὕτη
1129 4093 1351 4164 τοιαύτη
1381 4093 1554 4161 ἔσται,
1579 4097 1683 4160 ἕως
1709 4090 1772 4151 οὗ

187 4171 316 4245 ἔλθῃ
420 4176 677 4246 καθήκει,
723 4181 820 4233 καὶ
856 4180 1160 4252 παραδώσω
1186 4183 1355 4252 αὐτῷ.
1394 4202 1411 4234 ι
1446 4186 1509 4238 Εἰ
1536 4186 1644 4258 γὰρ
1677 4187 1773 4241 καὶ

192 4267 449 4335 ὑπέμεινε
506 4269 824 4342 πολιορκίαν
875 4273 968 4325 καὶ
1014 4273 1280 4345 πόρθησιν
1324 4277 1356 4345 ή
1415 4276 1772 4350 Ἰερουσαλὴμ.

192 4357 296 4409 ὑπο
323 4358 416 4412 τοῦ
453 4358 941 4433 Ναϐουχοδονόσορ,
974 4364 1090 4416 ἀλλ’
1118 4366 1179 4418 οὐ
1208 4366 1486 4434 τοιαύτην,
1517 4368 1634 4421 οἵαν
1660 4369 1766 4422 ὑπὸ

1877 3173 2047 3246 848
2072 3173 2291 3245 gravior
2325 3173 2452 3228 erit.
2488 3172 2605 3229 Non
2638 3183 2821 3229 tamen
2854 3174 3075 3244 penitus
3101 3174 3450 3244 esstinguam

1879 3266 2041 3335 regiae
2092 3265 2439 3336 cognationis
2485 3265 2832 3332 scintillam,
2882 3264 3059 3320 donec
3096 3265 3345 3328 venerit,
3381 3264 3453 3319 ad

1878 3371 2040 3427 quem
2068 3357 2298 3420 attinet,
2325 3357 2531 3426 cuique
2565 3356 2863 3420 convenit,
2891 3364 2947 3410 et
2975 3356 3079 3427 ipsi
3108 3355 3325 3411 tradam
3362 3371 3452 3411 re-

1879 3464 2068 3520 gnum.
2099 3448 2214 3505 Hoc
2236 3448 2364 3505 item
2387 3448 2583 3504 beatus
2603 3446 2809 3503 Paulus
2836 3448 2914 3503 ait
2939 3465 2952 3502 :
2974 3466 2992 3499 ι
3022 3448 3206 3504 Donec
3231 3449 3447 3504 veniret

1877 3557 2090 3607 semen,
2127 3540 2217 3596 cui
2245 3539 2548 3610 promissio
2574 3538 2703 3593 data
2738 3548 2890 3603 erat,
2920 3539 3175 3594 ordinata
3206 3547 3286 3594 est
3318 3539 3453 3610 (lex)

1877 3649 1975 3705 per
2004 3633 2261 3702 angelos,
2289 3646 2455 3687 manu
2485 3630 2801 3688 Ilediatoris
2839 3632 2883 3686 ⁸.
2916 3649 2935 3683 ι
2965 3630 3141 3687 Jacoh
3166 3631 3331 3688 etiam
3356 3646 3452 3700 pa-

1876 3725 2122 3781 triarcha
2143 3765 2159 3792 ,
2204 3723 2362 3780 Judte
2408 3722 2780 3788 benedicens,
2803 3723 2941 3779 dixit
2970 3742 2983 3779 :
3017 3744 3036 3776 ι
3063 3722 3184 3778 Non
3229 3721 3453 3779 deﬁciet

1877 3819 2134 3888 princeps
2182 3833 2249 3871 ex
2281 3814 2419 3871 Juda
2443 3854 2459 3880 ,
2499 3824 2555 3869 et
2589 3815 2703 3870 dux
2734 3814 2801 3869 de
2833 3815 3140 3870 femoribus
3173 3813 3320 3883 eius,
3352 3815 3451 3869 do-

1874 3925 1977 3966 nec
2014 3909 2196 3965 veniat
2234 3907 2321 3962 cui
2362 3906 2667 3976 repositum
2707 3916 2829 3970 est,
2864 3913 2920 3961 et
2956 3905 3074 3980 ipse
3113 3902 3452 3974 exspectatio

1874 4002 2115 4071 gentium
2147 4010 2197 4053 ιι.
2223 4017 2243 4050 ι
2274 3996 2447 4069 Igitur
2478 3997 2567 4052 hic
2595 4012 2816 4067 quoque
2850 3995 3068 4050 Domini
3119 3994 3325 4051 Christi
3361 4008 3453 4049 re-

1875 4104 2044 4159 gnum
2074 4087 2291 4155 innuit,
2321 4102 2448 4144 cum
2481 4086 2622 4142 dixit
2649 4103 2665 4141 :
2694 4105 2713 4139 ι
2744 4086 2933 4157 Neque
2975 4087 3092 4142 haec
3137 4086 3267 4139 talis
3304 4085 3451 4149 erit,

1874 4181 2052 4237 donec
2083 4181 2331 4246 venerit,
2365 4183 2455 4235 cui
2486 4180 2781 4251 congruit,
2827 4188 2880 4235 et
2922 4179 3131 4233 tradam
3162 4178 3231 4231 ei.
3266 4196 3284 4228 ι
3311 4176 3450 4229 Nam

1872 4274 2092 4327 tametsi
2143 4271 2493 4327 obsidionem
2543 4279 2598 4326 et
2645 4270 3130 4340 depopulationem
3177 4269 3449 4324 sustinuit

1873 4363 2251 4434 Hierosolyma
2283 4377 2314 4416 a
2344 4361 2926 4426 Nabuchodonosore,
2974 4370 3156 4415 tamen
3193 4375 3302 4414 non
3339 4359 3447 4413 fuit
3505 4368 3516 4378 ‘

189 4452 374 4504 τῶν²δ⁸
416 4453 704 4523 Ῥωμαίων
736 4456 872 4525 μετά
910 4457 1001 4510 τὸν
1037 4461 1304 4529 σωτήριον
1336 4463 1588 4531 σταυρόν.
1611 4462 1765 4516 Μετά

1882 4457 2032 4521 Lalis,
2064 4454 2284 4524 qualem
2325 4454 2552 4523 pertulit
2597 4468 2626 4506 a
2670 4451 2936 4507 Romanis
2981 4460 3107 4522 post
3138 4451 3445 4504 salutarem

194 4543 289 4611 μὲν
327 4544 433 4615 γὰρ
475 4544 573 4617 τὴν
607 4546 877 4619 προτέραν
904 4547 1103 4603 ἅλωσιν
1131 4550 1502 4622 ἐϐδομήκοντα
1527 4552 1762 4606 διελθόν-

190 4651 293 4687 των
319 4635 457 4690 ἐτῶν
486 4636 651 4691 πάλιν
675 4638 1090 4712 ἀνῳκοδομήθη,
1120 4642 1213 4695 καὶ
1252 4643 1350 4713 τὴν
1382 4643 1652 4714 προτέραν
1676 4645 1767 4698 εύ-

194 4725 420 4796 πραξίαν
445 4725 604 4780 ἔλαϐε
622 4744 638 4760 ⁸
672 4729 812 4799 μετὰ
834 4730 891 4784 δὲ
921 4732 1011 4786 τὸν
1046 4734 1312 4805 σωτήριον
1349 4735 1581 4804 σταυρὸν
1608 4737 1767 4805 ἐσχά-

191 4832 284 4884 την
331 4818 573 4889 ἐρημίαν
622 4819 947 4888 ύπέμεινεν’
974 4824 1130 4875 αὐτοὶ
1169 4824 1226 4879 δέ
1272 4826 1320 4877 οἱ
1358 4826 1602 4879 Ἰουδαῖοι
1641 4828 1761 4881 οὐδὲ

192 4908 442 4978 ἐπιϐῆναι
469 4909 576 4963 τῶν
603 4910 743 4980 ὅρων
758 4912 803 4943 ’⁸
830 4912 1054 4966 ἐκείνων
1078 4914 1350 4984 τολμῶσιν
1370 4917 1760 4988 ἁπειργόμενοι

192 4997 365 5069 νόμῳ·
398 4999 487 5054 διά
518 5001 675 5054 τοῦτο
700 5002 834 5073 ἔφη·
874 5022 893 5054 ι
926 5004 1048 5057 Οὐδ’
1088 5004 1227 5077 αὕτη
1269 5007 1490 5078 τοιαύτη
1526 5008 1701 5073 ἔσται,
1734 5029 1752 5061 ι

192 5088 306 5143 ἀντὶ
336 5091 456 5155 τοῦ,
484 5091 574 5145 οἵα
602 5092 636 5164 ἡ
660 5094 927 5166 ἐσομένηο
956 5094 1177 5165 φυλάξω
1198 5097 1306 5168 γὰρ
1326 5098 1388 5151 τὸ
1412 5088 1588 5167 γένος,
1618 5120 1635 5151 ι
1655 5100 1757 5164 ἓως

240 5266 257 5301 ί
289 5264 469 5323 Galat.
510 5282 597 5336 ιιι,
627 5267 714 5323 19.
788 5276 816 5306 ιι
850 5267 1157 5335 Gemitus,
1195 5274 1281 5327 ii.

1870 4562 2113 4602 crucem.
2145 4545 2447 4614 Postquam
2492 4548 2640 4599 enim
2690 4545 2866 4616 primo
2909 4550 3070 4613 capta
3124 4542 3263 4604 fuit,
3318 4556 3444 4595 cum

1872 4637 2218 4708 septuaginta
2243 4637 2595 4691 transiissent
2623 4635 2778 4700 anni,
2801 4651 2996 4690 rursus
3015 4635 3323 4688 instaurata
3340 4642 3445 4699 est,

1868 4739 1923 4787 et
1964 4730 2251 4801 pristinam
2295 4728 2503 4798 recepit
2544 4727 2906 4783 felicitatem:
2940 4725 3035 4783 sed
3076 4734 3202 4796 post
3240 4726 3447 4781 saluta-

1869 4841 1984 4880 rem
2015 4839 2234 4879 crucem
2265 4831 2567 4879 extremam
2599 4822 2771 4879 subiit
2798 4812 3192 4888 solitudinem,
3223 4822 3446 4893 ipsique

1867 4916 2040 4973 Judaei
2077 4932 2148 4972 ne
2181 4916 2482 4972 ascendere
2514 4915 2738 4986 quidem
2773 4916 2978 4973 audent
3009 4916 3076 4971 ad
3111 4916 3248 4972 ﬁnes
3281 4916 3444 4983 illos,

1869 5010 1988 5079 lege
2039 5008 2325 5079 prohibiti.
2357 5006 2570 5064 idcirco
2625 5008 2807 5064 dixit:
2858 5007 3098 5081 «Neque
3155 5010 3271 5066 hac
3317 5011 3446 5069 talis

1866 5102 1994 5164 erit,
2022 5120 2040 5153 ι
2069 5099 2170 5156 Ιιοε
2198 5108 2316 5167 est,
2346 5100 2531 5171 qualis
2560 5100 2769 5160 futura.
2791 5099 3038 5159 Servabo
3058 5102 3204 5160 enim
3233 5117 3407 5174 genus
3427 5141 3443 5168 .

1467 5433 1702 5490 VAllUE
1745 5437 2151 5499 LECTIONES.

264 5512 324 5543 11'
349 5516 386 5566 Β

420 5517 715 5600 μαντείας.⁸
776 5519 818 5549 ¹⁸
847 5518 978 5600 Dec.
1011 5521 1134 5600 |_ect.
1186 5523 1409 5588 ἀφείλου
1476 5524 1529 5600 ff
1558 5527 1662 5600 Alii
1701 5528 1859 5600 αὐτῇ.
1938 5533 1984 5564 ³ο
2015 5534 2166 5586 ἐαυτ.
2221 5530 2260 5583 Β
2298 5533 2519 5599 ταύτης.
2597 5533 2640 5565 ¹¹
2673 5533 2758 5585 ἀδ.
2813 5531 2932 5586 Des.
2985 5532 3125 5598 apud
3178 5529 3338 5590 LXX,
3386 5543 3438 5587 et

201 5583 254 5673 in
278 5583 456 5673 Hebr.
480 5586 724 5673 Pertinet
757 5590 937 5673 enim.
967 5590 1035 5673 a_d
1067 5583 1395 5673 Setina-vers.
1475 5596 1517 5625 ²¹
1547 5597 1655 5648 οὐδ’
1714 5583 1872 5668 αὕτη.
1902 5602 1976 5655 Ita
2021 5583 2388 5673 ῒὲὲίοάεριιιβιξ
2416 5583 2547 5656 ei]
2575 5583 2931 5673 juxtallelii'.
2985 5583 3276 5673 oiﬁigﬁtﬁ.
3316 5583 3420 5673 Sed

204 5668 305 5742 nec.
338 5657 631 5742 lectiokest,
656 5657 782 5742 ούαὶ
809 5658 969 5742 affici].
996 5659 1051 5742 in
1086 5657 1237 5742 Βςδιι
1272 5679 1441 5734 marg.
1485 5680 1654 5742 _ascr.
1687 5679 1792 5742 est,
1826 5657 1952 5742 περὶ
2016 5671 2272 5742 Χριστοῦ,
2297 5657 2482 5742 addito
2533 5657 2689 5739 si'gno
2722 5673 2834 5733 illo,
2866 5670 2926 5722 ll.
3005 5670 3049 5701 ’³
3083 5668 3194 5723 ιλο.
3233 5657 3350 5724 Des.
3385 5672 3436 5725 in

202 5722 266 5781 d.
322 5743 401 5798 pr.
485 5728 531 5760 “
561 5728 666 5793 ἐως
697 5728 784 5782 ἄν.
828 5722 958 5784 Βεό.
993 5732 1118 5787 lect.
1152 5733 1187 5786 l.
1238 5749 1287 5788 c.
1343 5722 1425 5789 εδῖ
1478 5737 1632 5806 ἄχρις
1657 5722 1740 5794 οὒξ

1816 5741 2019 5795 ’δίτῶν
2062 5741 2182 5798 Des.
2215 5744 2267 5797 in
2306 5741 2364 5795 Β.

2442 5746 2485 5774 ²⁵
2510 5742 2552 5793 Β
2583 5744 2762 5807 ὁρίων.
