3840 6202
406 344 543 413 1019

1346 350 1831 410 THEODORETI
1862 350 2197 410 EPISCOPI
2237 349 2601 410 CYRENSIS

3500 349 3623 415 1C2?

409 477 432 511 ι
456 460 631 515 donec
673 459 889 524 veniat,
913 457 1003 513 cui
1029 456 1281 511 convenit
1306 498 1320 522 ,
1345 467 1399 513 et
1443 459 1652 514 tradam
1689 459 1759 514 ei.
1796 480 1813 511 ι
1838 458 1973 513 Cum

2085 454 2137 512 οὗ
2173 459 2300 531 ἔλθῃ
2352 452 2396 527 ᾧ
2430 458 2684 528 καθήκει,
2738 456 2832 510 καὶ
2888 456 3195 525 παραδώσω
3242 455 3611 527 αὒτῷ.ι’οταν

406 549 551 605 enim
587 548 905 620 apparuerit
935 547 1024 601 ille
1044 586 1059 611 ,
1090 546 1305 615 inquit,
1342 548 1395 601 in
1430 563 1592 618 quem
1621 549 1975 618 pollicitatio.

407 655 506 696 nes
535 637 863 700 referuntur,
897 646 1027 692 tunc
1057 636 1258 689 tradito
1294 637 1397 704 ipsi
1425 653 1615 708 regno,
1638 639 1772 694 istos
1797 648 1979 695 exter-

408 732 646 784 minabo.
682 728 821 782 Hine
850 736 1040 782 contra
1069 728 1417 783 Ammanitas
1463 730 1804 800 prophetiam
1844 746 1971 784 cou-

408 822 603 883 vertit,
631 819 722 888 qui
758 818 896 871 male
925 834 1052 888 erga
1096 817 1315 876 Judasos
1345 822 1612 888 animati,
1656 822 1710 876 in
1756 822 1978 876 illorum

407 914 743 968 calamitates
775 913 1134 968 insultabaut.

372 1084 378 1092 ’
476 1089 638 1148 Vsus.
677 1090 781 1158 28,
819 1094 909 1148 29.
956 1093 1023 1146 Et
1054 1093 1222 1166 849
1256 1103 1344 1159 tu,
1382 1095 1464 1163 ﬁli
1492 1094 1754 1159 hominis,
1793 1095 1980 1149 vatici-

404 1186 542 1240 neris
563 1226 577 1249 ,
605 1194 654 1238 et
674 1184 865 1239 dicas:
902 1184 1027 1239 "(re
1058 1186 1189 1239 dicit
1217 1186 1426 1240 Adonai
1456 1185 1712 1241 Dominus
1744 1185 1812 1240 ad
1838 1186 1981 1256 ﬁlios

404 1279 660 1341 Ammon,
690 1287 739 1331 et
801 1276 870 1330 ad
908 1276 1247 1345 opprobrium
1290 1293 1470 1332 eorum
1492 1292 1512 1341 ;
1549 1288 1598 1331 et
1637 1276 1778 1331 dices
1803 1294 1821 1331 :
1849 1275 1981 1331 Gla-

402 1369 555 1433 dius,
596 1368 808 1439 gladius
864 1378 1134 1423 extractus
1179 1368 1246 1422 ad
1282 1370 1566 1424 occisiones
1591 1410 1605 1433 ,
1641 1379 1690 1423 et
1721 1368 1982 1423 enudatus

408 1461 478 1514 ad
508 1464 996 1529 consumptionem;
1036 1463 1290 1527 excitare,
1319 1473 1376 1515 ut
1405 1461 1679 1532 splendeas
1705 1463 1759 1516 in
1787 1464 1985 1517 visione

408 1564 498 1606 tua
527 1571 687 1619 cana,
719 1564 767 1608 et
795 1557 849 1608 in
872 1554 1158 1609 divinando
1187 1557 1481 1609 mendacia.
1510 1554 1858 1610 Vaticinatus
1888 1571 1985 1608 au-

406 1657 513 1701 tem
541 1654 627 1701 est
669 1661 778 1701 non
812 1647 1061 1717 gladius,
1098 1649 1195 1704 sed
1229 1649 1267 1702 ii
1296 1648 1388 1719 qui
1423 1663 1489 1702 eo
1524 1649 1608 1703 usi
1656 1655 1805 1704 sunt.
1854 1646 1982 1700 Fals

2080 550 2207 621 γὰρ,
2243 550 2428 620 φησὶν,
2462 550 2710 618 ἀναφανῇ
2759 549 2986 610 ἐκεῖνος,
3021 549 3103 610 είς
3144 545 3202 599 ὃν
3240 547 3295 598 αἱ
3327 548 3615 616 ἐπαγγελίαι

2082 643 2358 713 φέρονται,
2389 643 2509 694 τότε
2545 640 2825 711 παραδοὺς
2856 638 3005 708 αὐτῷ
3055 639 3152 708 τὴν
3208 637 3487 708 βασιλείαν,
3515 641 3617 694 τού-

2079 752 2205 799 τους
2252 734 2473 788 ἐκδώσω
2518 730 3185 803 πανωλεθρίᾳ.Ἑντεῦθεν
3224 731 3360 783 κατὰ
3389 732 3615 801 Ἀμμανι-

2078 825 2187 877 τῶν
2216 824 2404 896 τρέπει
2433 824 2531 894 τὴν
2566 822 2903 894 προφητείαν
2925 839 2937 852 ο
2968 819 3222 891 ἀπεχθῶς
3245 820 3351 891 γὰρ
3377 821 3493 891 περὶ
3514 824 3615 886 τοὺς

2094 919 2375 980 Ἰουδαίους
2420 917 2752 987 διακείμενοι
2779 919 2899 979 ταῖς
2926 914 3133 968 τούτων
3165 914 3414 985 ἐφήδοντο
3445 931 3617 984 συμφο-

2087 1013 2223 1080 ραῖς.

2154 1099 2262 1171 κη’,
2300 1087 2401 1153 κθα
2423 1097 2534 1152 Καὶ
2577 1097 2680 1162 σὺ,
2710 1097 2804 1152 υἱὲ
2833 1095 3172 1165 ἀνθρώπου,
3213 1096 3615 1166 προφήτευσον.

2082 1191 2181 1245 καὶ
2220 1190 2373 1259 ἐρεῖς
2402 1207 2416 1222 ο
2456 1189 2605 1245 Τάδε
2633 1190 2794 1258 λέγει
2827 1188 3078 1244 Ἀδωναῒ
3097 1190 3313 1256 Κύριος
3337 1189 3476 1257 πρός
3502 1188 3618 1255 τοῦς

2083 1283 2251 1349 υἱοὺς
2300 1282 2552 1352 Ἀμμὼν,
2593 1282 2687 1335 καὶ
2720 1280 2869 1350 πρὸς
2913 1280 3020 1333 τὸν
3049 1277 3396 1348 ὀνειδισμὸν
3417 1277 3613 1332 αὐτῶν·

2083 1374 2180 1426 καὶ
2231 1372 2386 1441 ἐρεῖς
2411 1389 2425 1403 ο
2465 1372 2756 1442 Ῥομςραία
2785 1412 2799 1435 ,
2835 1371 3108 1440 ῥομφαία
3159 1368 3506 1439 ὲσπασμένη
3550 1372 3618 1435 εις

2084 1464 2311 1534 σφάγια
2339 1504 2353 1528 ,
2397 1464 2494 1518 καὶ
2531 1463 2889 1533 ὲσπασμένη
2930 1465 3012 1525 εις
3069 1460 3429 1516 συντέλειαν
3450 1475 3462 1490 ·
3496 1461 3619 1530 irei-

2078 1574 2213 1625 ρον,
2268 1556 2426 1621 ὅπως
2496 1555 2750 1623 στίλϐῃς
2771 1556 2821 1589 ¹⁶
2883 1553 2953 1606 ἐν
2991 1551 3068 1621 τῇ
3128 1551 3339 1620 ὁράσει
3404 1568 3509 1606 σου
3560 1551 3619 1620 τῇ

2079 1648 2317 1716 ματαίᾳ,
2378 1644 2476 1698 καὶ
2509 1646 2579 1699 ἐν
2630 1643 2709 1709 τῷ
2754 1644 3153 1712 μαντεύεσθαι
3194 1641 3414 1712 ψευδῆ.
3453 1641 3619 1712 Ἐμαν-

406 1751 640 1806 sumque
661 1737 981 1792 vaticinium
1006 1745 1060 1793 et
1084 1739 1352 1793 visionem
1377 1739 1700 1810 appellavit,
1722 1747 1977 1808 tanquam

2086 1736 2315 1790 τεύσατο
2348 1736 2406 1790 δὲ
2446 1736 2568 1806 οὐχὶ
2614 1737 2648 1806 ή
2696 1735 2962 1806 ῥομφαία,
2998 1733 3114 1787 ἀλλ’
3141 1735 3193 1787 οἱ
3227 1733 3400 1805 ταύτῃ
3452 1735 3624 1804 χρηιτά⁴

334 1880 338 1884 .
407 1843 435 1883 a
468 1831 696 1886 veritate
725 1832 987 1887 alienum.
1018 1830 1158 1887 Vera
1184 1832 1403 1903 quidem
1435 1842 1565 1885 tunc
1594 1846 1812 1902 quoque
1838 1848 1977 1902 prse-

2085 1845 2255 1898 μενοι.
2312 1827 2495 1897 Ψευδῆ
2555 1825 2612 1880 δὲ
2661 1825 2758 1897 τὴν
2806 1826 3063 1895 μαντείαν
3108 1825 3201 1878 καὶ
3256 1826 3355 1895 τὴν
3391 1826 3433 1856 ³⁷
3461 1825 3619 1896 ὅρασιν

407 1924 785 1994 signiﬁcabat,
836 1927 855 1947 ⁴
904 1924 1000 1979 sed
1049 1941 1172 1979 cum
1218 1924 1694 1994 diviuiprophelae
1744 1923 1977 1978 divinam

2085 1916 2541 1991 προσηγόρευσεν,
2569 1914 2645 1978 ὡς
2695 1914 2983 1985 ἀλλοτρίαν
3027 1913 3129 1983 τῆς
3180 1912 3437 1983 ἀληθείας
3478 1913 3625 1984 ὕπάρο

408 2017 745 2073 sententiam
779 2017 889 2085 jam
924 2026 1083 2071 antea
1118 2016 1576 2080 aununtiassent,
1606 2030 1727 2085 quas
1774 2014 1841 2069 ab
1873 2015 1977 2070 illis

2085 2026 2301 2080 χουσαν.
2337 2009 2401 2060 Εἰ
2439 2007 2549 2078 γὰρ
2583 2008 2677 2062 καὶ
2712 2007 2832 2059 τότε
2868 2005 3042 2076 ἀληθῆ
3066 2004 3485 2077 προεσήμαινεν,
3514 2004 3622 2057 ἀλλὰ

407 2108 726 2172 audiverat,
768 2122 832 2162 ea
885 2115 1010 2163 ante
1040 2107 1283 2162 indicare
1308 2108 1459 2163 visus
1490 2116 1595 2161 est.
1642 2105 1981 2176 lmprobitati

405 2198 552 2253 enim
589 2198 790 2252 addicti
842 2199 1065 2269 pessimi
1110 2200 1421 2266 daemones,
1454 2198 1981 2253 Nabuchodonosori

409 2307 505 2359 per
534 2290 789 2345 vaticinia
812 2331 825 2353 ,
857 2306 977 2361 quas
1009 2306 1038 2345 a
1070 2291 1352 2361 prephetis
1381 2300 1745 2360 acceperant,
1775 2305 1981 2344 renun-

408 2383 652 2444 tiabant,
697 2391 751 2437 et
785 2381 988 2437 Iudaeis
1017 2398 1113 2452 per
1167 2383 1335 2438 falsos
1385 2381 1680 2453 prophetas
1704 2382 1981 2436 contraria

408 2471 815 2541 prmdicebant,
868 2489 1056 2544 pacem
1092 2474 1230 2544 ipsis
1255 2480 1311 2527 et
1357 2474 1599 2528 hostium
1637 2473 1818 2543 fugam
1864 2472 1983 2543 pol-

411 2563 639 2621 licentes
668 2584 681 2619 :
719 2572 778 2620 ut
811 2564 923 2620 Deo
956 2580 1061 2619 non
1110 2564 1432 2621 obedientes
1453 2607 1466 2630 ,
1515 2575 1569 2621 et
1616 2566 1977 2631 resistentes,

408 2656 725 2727 usitataque
776 2657 1120 2725 providentia
1167 2657 1389 2723 orbati,
1443 2656 1698 2713 hostibus
1746 2657 1815 2711 ab
1861 2658 1980 2728 ipsa

402 2745 620 2817 justitia
650 2746 1018 2813 traderentur,
1038 2755 1092 2803 et
1128 2763 1252 2803 vera
1285 2747 1529 2817 ipsorum
1564 2748 1981 2803 deelararentur

406 2841 652 2893 oracula.
685 2838 823 2905 Quia
853 2855 982 2911 ergo
1014 2847 1351 2910 praeceperat
1379 2839 1599 2912 gladio,
1634 2848 1695 2894 ut
1726 2840 1979 2910 impone-

406 2939 560 2984 retur
593 2931 905 2985 cervicibus
940 2947 1131 2985 corum
1157 2971 1171 2995 ,
1213 2932 1306 3001 qui
1348 2931 1557 3001 injuste
1597 2930 1872 3001 impieque
1900 2931 1981 2984 vi.

408 3020 653 3081 sissent,
684 3018 840 3089 quasi
877 3019 1165 3074 advenerit
1202 3019 1383 3074 exitus
1430 3027 1483 3074 et
1526 3021 1650 3074 linis
1695 3020 1937 3090 ipserum
1962 3060 1977 3085 ,

407 3107 621 3179 (eidem
652 3110 865 3181 gladio)
898 3110 1012 3164 haec
1045 3111 1297 3181 imperat.

483 3366 644 3422 Vens.
675 3369 763 3422 30.
794 3367 1063 3423 Revertere
1089 3371 1138 3422 in
1165 3371 1410 3439 vaginam
1444 3380 1591 3424 tuam
1614 3413 1628 3436 ,
1662 3388 1724 3425 ne
1754 3372 1976 3426 moreris

406 3462 462 3512 in
490 3458 602 3512 loco
628 3462 750 3524 isto,
777 3461 864 3513 ubi
888 3462 1079 3531 fuisti:
1110 3463 1162 3515 in
1197 3473 1339 3516 terra
1366 3464 1584 3532 propria
1606 3472 1697 3517 tua
1720 3463 1978 3531 iudicabo

407 3558 476 3606 te.
513 3550 620 3606 Vos
656 3562 872 3617 autem,
925 3554 1135 3622 inquit,
1189 3569 1221 3608 ο
1273 3554 1590 3625 Babylonii,
1638 3554 1806 3625 85o
1839 3570 1977 3624 quos

406 3642 645 3711 gladium
689 3657 853 3707 voco,
885 3644 977 3715 qui
1020 3643 1134 3697 lucc
1167 3642 1376 3698 fecistis
1411 3659 1536 3712 quas
1564 3645 1829 3713 praecepi,
1869 3658 1976 3697 non

407 3732 517 3792 hic.
553 3730 647 3785 sed
677 3731 730 3784 in
761 3732 977 3801 propria
1008 3740 1176 3794 terra,
1214 3731 1513 3800 impietatis
1544 3744 1737 3800 pmnas
1765 3744 1795 3783 a
1824 3730 1978 3784 vobis

408 3828 672 3889 repetam.

477 3909 643 3966 Vens.
680 3911 766 3965 5|.
810 3910 878 3964 Et
916 3911 1182 3979 effundam
1209 3928 1366 3979 super
1411 3921 1458 3966 te
1496 3913 1635 3965 iram
1675 3928 1883 3976 meam,
1920 3912 1976 3966 in

408 4004 524 4073 igne
564 4003 855 4057 iracundiae
888 4019 1016 4057 mea:
1049 4004 1326 4074 insulﬂabo
1355 4005 1410 4058 in
1444 4012 1511 4058 te.
1545 4002 1751 4057 Divinas
1779 4012 1974 4073 poten-

414 4097 499 4149 tias
532 4094 713 4149 omnia
741 4110 864 4151 esse
905 4094 1084 4149 facilia
1134 4096 1219 4151 his
1261 4095 1584 4151 declaravit.
1633 4093 1789 4149 Sicut
1828 4095 1992 4149 enim-

406 4188 566 4244 t‘acile
602 4196 706 4255 est,
739 4189 938 4260 inquit,
967 4188 1275 4252 insuﬂiare,
1310 4189 1383 4242 ita
1411 4188 1702 4243 admodum
1734 4188 1977 4258 proclive

404 4289 460 4337 et
496 4292 807 4353 promptum
833 4290 952 4349 est,
997 4282 1178 4337 omnis
1212 4281 1428 4352 generis
1464 4279 1737 4352 supplicio
1773 4288 1826 4335 te
1866 4267 2013 4334 alii-'

350 4359 365 4372 .
404 4391 548 4432 cere.

2079 2099 2187 2154 τῶν
2219 2099 2379 2153 θείων
2408 2099 2703 2169 προφητῶν
2735 2097 3218 2169 προαγορευόντων
3240 2097 3344 2166 τήν
3370 2097 3508 2149 Θείαν
3522 2098 3624 2149 ituri-

2081 2207 2263 2259 φασιν,
2297 2189 2332 2244 ἃ
2368 2191 2498 2261 παρ’
2533 2188 2758 2242 ἐκείνων
2815 2189 3014 2259 ἢκουσε
3061 2187 3402 2259 προμηνύειν
3460 2186 3619 2253 ἐδιξε²

2082 2281 2315 2351 πονηρίᾳ
2336 2279 2444 2351 γὰρ
2483 2280 2754 2344 συζῶντες
2777 2280 2826 2332 οἱ
2855 2278 3125 2349 ἀλιτήριοι
3147 2278 3420 2348 δαίμονες,
3448 2277 3515 2347 τῷ
3542 2277 3622 2347 μὲν

2080 2369 2549 2442 Ναϐουχοδονόσορ
2599 2370 2707 2424 διὰ
2741 2368 2850 2422 τῶν
2888 2367 3157 2439 μαντειῶν
3183 2367 3230 2401 ¹⁶
3267 2367 3337 2420 τὰ
3375 2367 3512 2437 παρὰ
3536 2366 3624 2418 τῶν

2080 2459 2376 2533 προφητῶν
2406 2460 2820 2530 διεπόρθμευον,
2864 2461 2978 2521 τοῖς
3003 2458 3060 2512 δὲ
3104 2457 3385 2520 Ἰουδαίοις
3409 2456 3489 2510 διὰ
3535 2456 3629 2509 τῶν

2078 2551 2539 2624 ψευδοπροφητῶν
2566 2552 2827 2606 τάναντία
2880 2550 3282 2622 προηγόρευον,
3308 2548 3516 2619 εἰρήνην
3543 2547 3622 2598 αὐ-

2080 2647 2190 2707 τοῖς
2220 2643 2660 2715 ὑπισχνούμενοι,
2682 2644 2775 2696 καὶ
2801 2642 2908 2697 τῶν
2936 2642 3210 2711 πολεμίων
3248 2640 3430 2709 φυγήν
3460 2653 3474 2667 ο
3504 2637 3629 2689 Ni-

2080 2736 2392 2805 srstOOj'Jvrs;
2425 2735 2503 2807 τῷ
2536 2735 2673 2807 Θεῷ,
2732 2737 2826 2789 καὶ
2879 2734 3274 2801 ἀντιλέγοντες,
3312 2732 3404 2786 καὶ
3460 2732 3626 2799 γυμνοὶ

2077 2829 2179 2899 τῆς
2229 2827 2491 2897 συνήθους
2536 2827 2878 2899 προμηθείας
2929 2825 3231 2895 γενόμενοι,
3283 2819 3635 2894 παραδοθιῖηιν

2081 2921 2183 2973 ὑπὸ
2213 2920 2313 2991 τῆς
2351 2920 2507 2991 δίκης
2536 2923 2649 2984 τοῖς
2676 2919 2975 2990 πολεμίοις,
3012 2918 3107 2971 καὶ
3155 2916 3382 2987 ἀληθεῖς
3412 2916 3627 2982 ἀποφαν-

2080 3011 2247 3066 θῶσιν
2281 3011 2458 3065 αὐτῶν
2498 3012 2547 3064 οἱ
2595 3011 2851 3082 χρησμοί.
2886 3008 3073 3072 Οὕτως
3105 3009 3149 3040 ’⁸
3184 3007 3547 3077 ἐντειλάμενος
3570 3005 3630 3075 τῇ

2004 3149 2045 3206 C
2082 3103 2326 3174 ῥομφαίᾳ
2349 3104 2461 3166 τοῖς
2503 3102 2795 3173 τραχήλοις
2827 3100 3139 3169 ἐπιτεθῆναι
3169 3097 3281 3151 τῶν
3321 3098 3525 3168 ἀνόμως
3550 3096 3629 3149 καὶ

2080 3193 2406 3262 παρανόμως
2438 3190 2792 3261 βεβιωκότων,
2823 3190 2897 3252 ὡς
2930 3188 3023 3241 τοῦ
3059 3188 3299 3258 πέρατος
3347 3186 3514 3239 αὐτῶν
3542 3188 3618 3240 καὶ

2075 3283 2169 3336 τοῦ
2202 3269 2389 3345 τέλους
2415 3281 2733 3351 ἐφθακότος,
2768 3279 3202 3350 παρακελεύεται
3230 3279 3444 3348 λέγων’

2146 3378 2208 3432 λ’.
2249 3359 2622 3446 Ἀπόστρεφε
2645 3379 2733 3442 εἱς
2765 3376 2871 3429 τὸν
2906 3379 3126 3429 κολεόν
3162 3389 3281 3429 σου
3307 3374 3375 3439 ³ο,
3420 3372 3499 3444 μὴ
3542 3385 3633 3424 κα-

2076 3470 2351 3536 ταλύσῃς
2384 3470 2452 3521 ὲν
2502 3467 2582 3533 τῷ
2609 3468 2769 3532 τόπῳ
2809 3468 3016 3533 τούτῳ,
3052 3465 3097 3531 ᾧ
3123 3484 3215 3535 γε]
3229 3465 3445 3535 ἐνησαι
3468 3464 3529 3530 ³¹,
3568 3462 3631 3515 ἐν

2077 3557 2152 3625 τῇ
2180 3558 2255 3627 γῇ
2292 3558 2367 3627 τῇ
2420 3558 2539 3624 ἰδίᾳ
2577 3574 2693 3612 σου
2721 3555 2899 3625 κρινῶ
2945 3574 3037 3611 σε.
3084 3556 3261 3627 Ύμᾶς
3290 3557 3368 3619 δέ,
3398 3555 3564 3625 φησὶν,
3590 3544 3635 3605 ὦ

2076 3646 2427 3711 Βαϐυλώνιοι,
2475 3647 2568 3710 οὒς
2601 3648 2875 3719 ῥομφαίαν
2902 3644 3176 3716 ὀνομάζω,
3220 3646 3398 3700 ταῦτα
3427 3661 3627 3711 πεποιη-

2076 3739 2258 3803 κότας,
2296 3739 2332 3794 ἃ
2364 3740 2758 3812 παρηγγύησα,
2799 3740 2899 3793 οὐκ
2949 3739 3205 3803 ἐνταῦθα,
3248 3740 3367 3793 ἀλλ’
3399 3740 3454 3792 ἐν
3480 3740 3541 3808 τῇ
3565 3737 3629 3788 οἱ-

2077 3831 2199 3902 κείᾳ
2219 3834 2288 3903 γῇ
2317 3832 2472 3896 δίκας
2498 3833 2789 3901 ἀπαιτήσω
2818 3831 2917 3900 τῆς
2951 3830 3228 3896 ἀσεϐείας.

2144 3920 2245 3975 λα’.
2276 3922 2383 3977 Καὶ
2412 3923 2601 3991 ἐκχεῶ
2634 3923 2728 3977 ἐπὶ
2758 3923 2834 3976 σὲ
2870 3922 2985 3986 τὴν
3013 3922 3199 3991 ὀργήν
3232 3942 3377 3993 μου,
3409 3922 3477 3977 ἐν
3505 3918 3631 3990 πυρὶ

2077 4014 2261 4082 ὀργῆς
2292 4033 2410 4084 μου
2439 4015 2777 4085 ἐμφυσήσω
2798 4015 2894 4069 ἐπ)
2922 4015 3015 4070 σέ.
3040 4017 3112 4069 Τὸ
3141 4015 3365 4069 εὔκολον
3386 4018 3479 4086 τῆς
3502 4016 3628 4076 θείας

2075 4105 2354 4176 δυνάμεως
2387 4107 2473 4161 διὰ
2520 4107 2728 4160 τούτων
2764 4107 3025 4177 ἐδήλωσε.
3060 4109 3270 4179 Ὥσπερ
3331 4109 3457 4179 γὰρ,
3493 4108 3633 4176 φησὶ,

2075 4196 2135 4249 τὸ
2162 4198 2473 4269 ἐμφυσῆσαι
2522 4199 2723 4271 ῥᾴδιον,
2751 4199 2925 4263 οὕτως
2958 4200 3184 4263 εύπετές
3222 4201 3315 4253 καὶ
3344 4201 3459 4254 λίαν
3485 4200 3626 4268 εύμα-

2081 4290 2188 4359 ρές,
2214 4291 2547 4360 παραδοῦναί
2573 4309 2629 4344 σε
2659 4292 2974 4362 παντοδαπῇ
3007 4292 3273 4364 τιμωρία.

2147 4383 2256 4439 Καὶ
2295 4384 2625 4450 παραδώσω
2661 4400 2735 4438 σε
2793 4387 2881 4450 εἷς
2911 4385 3115 4453 χεῖρας
3149 4385 3382 4453 ἀνδρῶν
3420 4384 3627 4451 βαρβὰ-

471 4465 541 4523 Ει
592 4466 803 4521 tradam
857 4475 904 4521 te
960 4465 1014 4520 in
1070 4482 1259 4519 manus
1325 4467 1558 4531 virorum
1622 4465 1968 4519 barbarorum

2085 4492 2193 4527 οων
2217 4476 2644 4528 τεκταινόντων
2669 4475 3018 4544 διαφθοράν.
3044 4476 3190 4547 (λβ’.)
3227 4478 3330 4530 Ἐν
3362 4477 3494 4546 :zvpi
3528 4475 3630 4541 ἔσῃ

404 4552 780 4621 fabricantium
825 4554 1119 4607 interitum.
1171 4552 1362 4617 (Vens.
1416 4553 1545 4624 32.)
1607 4553 1670 4607 1η
1702 4555 1818 4625 igne
1864 4556 1971 4609 eris

404 4644 551 4698 cibus
575 4684 588 4707 ,
624 4646 842 4716 sanguis
882 4657 1003 4699 tuus
1046 4647 1148 4699 erit
1193 4647 1248 4699 in
1298 4646 1467 4699 medio
1499 4656 1653 4701 terra:
1686 4657 1832 4711 tum;
1867 4664 1971 4701 non

403 4733 504 4786 erit
544 4736 618 4788 tui
661 4737 914 4791 memoria
938 4777 952 4801 ,
1001 4739 1127 4808 quia
1173 4753 1265 4807 ego
1304 4735 1559 4792 Dominus
1592 4739 1799 4792 locutus
1831 4754 1968 4792 sum.

403 4812 511 4875 Per
540 4823 653 4878 hac
684 4826 861 4879 innuit
910 4825 1189 4881 Medorum
1223 4837 1276 4881 et
1316 4825 1609 4883 Persarum
1647 4828 1700 4881 in
1742 4827 1975 4899 Babylo-

406 4928 528 4966 nem
568 4915 941 4982 invasionem,
966 4919 1058 4988 qui
1091 4934 1253 4974 omne
1281 4919 1659 4974 machinarum
1694 4936 1866 4990 genus
1901 4921 1967 4974 ad

406 5004 608 5058 mcnnia
643 5022 764 5074 quae
790 5008 1117 5065 obsidebant
1156 5011 1520 5067 admoverunt
1543 5054 1557 5074 ,
1587 5021 1642 5067 et
1670 5023 1832 5067 noctu
1861 5055 1875 5078 ,
1911 5014 1966 5067 in

406 5096 521 5166 ipsa
567 5097 922 5165 celebritate,
977 5101 1121 5155 intra
1178 5103 1369 5158 urbem
1419 5104 1705 5174 ingressi,
1746 5118 1966 5158 omnem

402 5188 621 5259 quidem
650 5189 925 5244 civitatem
963 5192 1316 5263 subegerunt,
1354 5196 1642 5263 plurimam
1677 5211 1805 5249 vero
1840 5211 1967 5265 par-

401 5289 508 5338 tem
543 5282 967 5338 combusserunt
988 5322 1003 5347 ,
1036 5298 1100 5338 ac
1146 5287 1411 5356 sanguine
1453 5295 1509 5342 et
1543 5287 1735 5341 domos
1767 5296 1822 5343 et
1854 5290 1969 5344 vias

400 5392 593 5432 omnes
625 5374 1059 5444 compleverunt.

2077 4566 2430 4633 κατάϐρωμα
2455 4584 2465 4596 ·
2502 4567 2570 4619 τὸ
2598 4564 2742 4635 αἷμά
2781 4582 2897 4621 σου
2926 4568 3093 4621 ἔσται
3122 4568 3192 4620 ἐν
3211 4569 3378 4641 μέσῳ
3409 4566 3511 4634 τῆς
3533 4564 3629 4634 τῆς

2076 4673 2192 4711 σου
2220 4672 2232 4684 ’
2266 4660 2336 4710 οὐ
2352 4656 2438 4725 μὴ
2468 4657 2712 4726 γένηταί
2730 4674 2847 4711 σου
2867 4659 3068 4727 μνεία,
3102 4658 3251 4713 διότι
3284 4659 3394 4729 ἐγὼ
3438 4657 3625 4726 Κύριος

2074 4744 2404 4812 λελάληκα.
2452 4746 2562 4815 Τὴν
2615 4746 2816 4816 Μήδων
2878 4749 2968 4802 καὶ
3014 4746 3241 4818 Περσῶν
3287 4747 3626 4800 ἐπανάστασιν

2076 4837 2217 4891 κατὰ
2244 4839 2342 4909 τῆς
2376 4838 2700 4901 Βαϐυλῶνος
2758 4839 2847 4893 διὰ
2898 4839 3102 4893 τούτων
3154 4840 3396 4911 ᾐνίξατο,
3443 4838 3490 4891 οἳ
3534 4838 3632 4889 πᾶν

2074 4925 2212 4992 εἶδος
2246 4929 2653 4999 μηχανημάτων
2685 4930 2731 4961 ³⁸
2768 4932 2882 4994 τοῖς
2903 4930 3209 5001 περιϐόλοις
3232 4928 3626 5003 πολιορκοῦντες

2077 5019 2473 5090 προσήνεγκαν,
2512 5019 2606 5072 καὶ
2638 5018 2855 5090 νύκτωρ
2881 5021 2938 5072 ἐν
2962 5020 3120 5091 ἑορτῇ
3153 5021 3286 5073 εἵσω
3317 5017 3403 5072 τοῦ
3440 5018 3626 5077 ἄστεως

2079 5109 2382 5178 γεγονότες,
2415 5109 2634 5164 ἃπασαν
2676 5111 2774 5181 μὲν
2805 5109 3166 5182 ἐχειρώσαντο
3205 5112 3305 5176 τὴν
3359 5110 3522 5172 πόλιν,
3548 5109 3621 5160 ἐν·

2074 5202 2317 5272 έπρησαν
2346 5202 2403 5255 δὲ
2430 5203 2490 5255 τὸ
2547 5203 2817 5265 πλεῖστον,
2859 5203 3105 5273 αἱμάτων
3136 5203 3193 5257 δὲ
3225 5205 3315 5258 καὶ
3349 5202 3442 5266 τὰς
3465 5199 3625 5261 οίκίας

2077 5293 2171 5345 καὶ
2189 5292 2285 5355 τὰς
2307 5293 2502 5360 ἀγυιὰς
2531 5294 2746 5357 ἁπάσας
2774 5291 3119 5365 ἐπλήρωσαν.

1702 5469 1933 5523 ἺΑΒΙΛΞ
1976 5468 2379 5526 LECTIONES.

476 5630 521 5661 ³⁸
554 5632 637 5697 ἐγ.
681 5630 771 5684 δπ.
828 5628 1000 5685 στίλϐ.
1052 5629 1131 5684 Ad
1178 5644 1319 5685 vers.
1376 5643 1536 5699 price.
1584 5628 1699 5699 haec
1750 5631 2018 5696 pertinent
2064 5630 2219 5699 juxta
2277 5629 2414 5682 LXX
2466 5636 2521 5683 et
2572 5628 2731 5699 llebr.
2812 5631 2855 5663 ’⁷
2898 5631 3015 5698 τήν.
3067 5632 3125 5687 li,
3153 5646 3331 5699 prtem.
3381 5622 3613 5694 ματαέανο

405 5700 451 5732 ’³⁸
491 5700 531 5751 It
570 5696 855 5767 μαντείων.
933 5700 977 5732 ”
996 5700 1187 5765 οὕτως,
1227 5717 1279 5754 κ.
1309 5718 1358 5756 τ.
1380 5696 1446 5755 λ.
1490 5696 1613 5752 Haec
1642 5698 1709 5753 ad
1744 5699 1901 5752 linem
1935 5696 2079 5755 vers.
2104 5700 2191 5756 29.
2221 5716 2279 5753 se
2303 5702 2565 5752 referunt.
2643 5698 2689 5728 ³⁰
2713 5701 2793 5763 εἰς
2814 5719 2864 5754 τ.
2896 5696 3011 5754 κολ.
3061 5696 3174 5757 σου,
3213 5700 3389 5756 Exstat
3420 5700 3612 5748 tantum

410 5768 464 5822 iu
502 5770 710 5839 Compl.
741 5778 794 5825 el
829 5770 947 5825 Ald.

1040 5773 1080 5804 ³¹
1111 5769 1240 5827 Rcc.
1276 5772 1398 5826 lect.
1425 5780 1507 5826 cst
1541 5769 1885 5838 γεγέννησαι,
1910 5769 2062 5838 juxta
2100 5770 2259 5824 Ilcbr.
2339 5769 2381 5800 ³³
2411 5769 2450 5821 Β
2494 5771 2900 5839 μηχανήματος.
