3840 6202
393 349 532 417 1023

1343 342 1822 408 THEODOBETI
1868 334 2205 401 EPISCOPI
2261 339 2626 401 CYRENSIS

3497 327 3619 395 102i

464 466 630 521 Vsus.
670 465 723 518 7.
770 462 938 527 Patri,
975 461 1172 535 inquit,
1207 469 1256 516 et
1286 459 1447 515 matri
1477 455 1860 512 maledicebant
1902 454 1952 506 in

2133 451 2199 516 ζ’.
2256 454 2506 519 Πατέρα,
2546 448 2701 521 φησὶ,
2749 444 2844 500 καὶ
2886 444 3113 514 μητέρα
3145 443 3616 512 ἐκακολόγουνὲν

270 564 279 571 “
396 569 464 613 te.
496 557 562 611 Et
596 557 697 611 hoc
723 555 882 610 etiam
914 569 1080 608 unum
1112 560 1196 608 est
1233 567 1299 608 ex
1332 551 1403 608 iis
1427 590 1441 615 ,
1487 564 1612 620 quae
1642 549 1761 619 lege
1800 554 1961 603 erant

396 649 683 705 interdicta
704 655 752 701 ν.
792 665 810 698 ι
843 645 908 700 Et
936 644 1003 700 ad
1035 645 1397 716 proselytum,
1431 642 1629 712 inquit,
1660 639 1957 694 verteban-

394 750 483 796 tur
517 740 574 795 in
600 738 892 808 iniustitia,
924 738 980 791 in
1019 745 1090 791 te.
1132 757 1151 789 ι
1177 740 1195 757 ⁶
1222 734 1333 791 Nec
1362 734 1549 788 minus
1579 732 1683 787 hoc
1712 731 1796 787 lex
1829 744 1960 800 pro-

395 826 647 885 hibuerat
670 870 684 895 ,
720 843 842 897 quae
881 828 956 882 ita
991 826 1126 882 dicit
1164 842 1177 879 :
1232 844 1251 879 ι
1286 825 1569 881 Advenam
1600 836 1714 875 non
1758 818 1961 888 amige-

392 923 484 985 tis,
506 917 634 991 quia
663 918 890 974 adventa
919 917 1103 974 fuistis
1126 918 1349 973 interra
1380 913 1602 987 Egypti
1626 918 1680 967 ⁸.
1721 931 1740 964 ι
1761 909 1866 965 Per
1895 923 1960 964 ea

388 1028 512 1082 quae
560 1012 710 1082 passi
758 1012 936 1077 estis,
985 1011 1204 1081 inquit,
1258 1008 1460 1064 discite
1512 1004 1958 1060 humanitatem:

2065 543 2187 594 σοι.
2215 543 2311 594 Ἓν
2341 542 2397 595 δὲ
2426 543 2518 594 καὶ
2541 540 2702 593 τοῦτο
2728 538 2836 591 τῶν
2866 534 3335 606 ἀπηγορευμένων
3362 532 3435 603 τῷ
3464 542 3615 606 νόμῳ.

2071 651 2090 683 ι
2122 633 2231 686 Ka‘.
2264 632 2400 704 πρὸς
2431 634 2520 685 τὸν
2547 629 2904 702 προσήλυτον.
2937 629 3126 699 φησὶν,
3165 624 3544 695 ἀνεστρέφοντο
3565 629 3614 681 ἐν

2063 722 2323 796 ἀδικίᾳ⁸⁸,
2357 725 2413 776 ὲν
2444 724 2548 776 σοί.
2579 741 2597 773 ι
2628 720 2742 775 Kal
2762 720 2920 774 τοῦτο
2943 720 3000 773 δὲ
3024 715 3396 790 ἀπηγορεύκει
3423 717 3449 768 ό
3475 717 3616 786 νόμος

2064 814 2266 868 οὑτωσὶ⁵
2290 813 2494 883 λέγων·
2554 832 2572 865 ι
2611 812 2721 867 Kal
2754 811 3091 882 προσήλυτον
3119 810 3181 861 οὐ
3210 805 3505 870 κακώσετε,
3544 806 3619 859 ὅτι

2065 907 2393 978 προσήλυτοι
2422 901 2520 977 ἦτε
2551 906 2609 958 ὲν
2648 906 2718 976 γῇ
2747 901 3026 972 Αἰγύπτῳ.
3062 919 3079 953 ι
3129 898 3248 968 ’Δφ’
3279 890 3356 950 ὧν
3389 894 3619 958 ἐπάθετε,

2064 997 2218 1070 φησὶ,
2253 996 2453 1069 μάθετε
2481 994 2893 1065 φιλανθρωπίαν
2917 1009 2932 1022 θ
2979 990 3117 1045 ἀλλὰ
3139 989 3235 1044 καὶ
3258 986 3444 1041 τοῦτον
3468 986 3616 1051 ἀδεῶς

387 1077 484 1159 sed
548 1077 693 1158 lianc
747 1117 966 1173 quoque
1029 1077 1204 1170 legem
1264 1099 1386 1155 sine
1447 1104 1599 1153 metu
1657 1093 1952 1149 violabant.

2070 1088 2152 1143 τὸν
2181 1087 2347 1159 νόμον
2375 1086 2724 1157 παρέϐαινον.
2768 1081 2901 1138 Εἶτα
2931 1082 3026 1137 καὶ
3053 1083 3242 1152 ἕτερον
3269 1093 3285 1109 ·
3324 1098 3344 1130 ε
3377 1077 3617 1149 Ὀρφανδν

393 1190 597 1246 Deinde
622 1205 841 1262 quoque
866 1191 1066 1246 aliam:
1098 1208 1117 1241 ι
1141 1188 1419 1259 Pupillum
1442 1192 1497 1240 et
1522 1186 1741 1239 viduam
1772 1181 1961 1252 oppri-

391 1279 614 1334 mebant
660 1278 716 1333 in
767 1288 838 1334 te.
871 1297 891 1331 ι
939 1277 1288 1334 Contrarium
1327 1285 1507 1331 autem
1549 1275 1666 1343 lege
1712 1271 1961 1343 praecipit

393 1368 537 1426 Deus
591 1370 884 1441 benignus.
930 1387 949 1421 ι
1007 1367 1261 1423 Jndicate
1299 1367 1446 1422 enim
1492 1365 1835 1435 orphauum,
1870 1364 1958 1416 iu-

388 1462 542 1532 quit,
573 1470 629 1517 et
656 1461 875 1517 viduam
902 1460 1200 1530 justitieate
1225 1467 1276 1513 γ.
1317 1478 1335 1511 ι
1386 1456 1450 1512 Et
1483 1458 1536 1511 in
1570 1457 1686 1528 lege
1716 1475 1730 1510 :
1780 1475 1799 1507 ι
1837 1456 1959 1510 Νοη

390 1555 591 1611 iterum
621 1552 986 1608 vindemiabis
1014 1552 1234 1607 vineam
1265 1559 1415 1604 tuam
1443 1590 1459 1614 ,
1516 1556 1570 1605 et
1595 1551 1699 1603 erit
1728 1548 1953 1620 pupillo,

386 1650 445 1699 et
477 1642 695 1709 viduae,
747 1649 802 1697 ct
846 1641 1070 1697 advena:
1108 1650 1154 1695 ι.
1200 1658 1218 1692 ι
1265 1640 1357 1695 Isti
1406 1648 1589 1694 autem
1636 1653 1742 1693 non
1796 1639 1959 1693 modo

390 1735 524 1790 nihil
574 1735 705 1790 boni
751 1749 873 1789 cum
922 1734 1059 1803 ipsis
1100 1734 1624 1796 communicat-unt,
1670 1733 1765 1789 sed
1815 1733 1958 1789 male

386 1841 607 1896 quoque
633 1841 728 1881 eos
762 1833 1089 1879 tractarunt.
1139 1823 1207 1879 Et
1243 1839 1364 1896 qua:
1404 1825 1488 1881 his
1522 1825 1774 1896 graviora
1796 1867 1811 1890 ,

462 1916 623 1973 Vsus.
660 1918 712 1973 8.
745 1916 946 1972 Sancta
971 1933 1169 1986 quoque
1203 1933 1318 1970 mea
1347 1925 1649 1982 spreverunt
1679 1958 1694 1984 ,
1735 1927 1783 1970 et
1816 1915 1955 1972 Sab-

387 2009 510 2062 bata
534 2024 648 2062 mea
671 2007 971 2076 polluerunt
1000 2008 1055 2060 in
1091 2016 1159 2061 te.
1195 2005 1341 2062 Meas
1371 2007 1515 2062 enim
1548 1989 1720 2077 leges,
1751 2008 1951 2077 inquit,

319 2105 328 2111 '
383 2099 819 2162 conculcabaut,
880 2103 934 2153 et
987 2097 1130 2153 diem
1182 2097 1335 2151 illum
1376 2097 1470 2168 qui
1534 2098 1721 2168 quiete
1779 2112 1810 2151 a
1872 2098 1956 2152 la-

387 2188 615 2243 boribus
678 2188 1003 2254 honoratur,
1062 2187 1250 2258 impiis
1296 2186 1560 2257 operibus
1621 2187 1952 2242 contumelia

382 2277 550 2348 853
585 2277 916 2333 adiciebant.
952 2276 1018 2332 Et
1054 2277 1142 2334 his
1170 2278 1344 2348 magis
1377 2277 1564 2348 impia.

456 2367 622 2424 VEBS.
656 2369 710 2425 9.
755 2367 869 2423 Viri
905 2368 1136 2425 latrones
1165 2369 1378 2439 fuerunt
1415 2371 1469 2424 in
1502 2380 1550 2425 te
1572 2409 1588 2434 ,
1629 2379 1686 2422 ut
1719 2368 1956 2438 effunde-

386 2468 499 2514 rent
528 2460 880 2530 sanguinem;
903 2461 958 2515 in
989 2460 1253 2516 montibus
1285 2460 1623 2516 eomedebant
1659 2460 1714 2515 in
1744 2469 1812 2517 te.
1842 2460 1950 2515 Im-

384 2551 646 2622 probitati
672 2552 817 2606 enim
863 2551 1148 2617 addictos,
1189 2552 1495 2608 homicidas
1544 2562 1599 2608 et
1640 2552 1956 2623 sanguina-

384 2639 500 2694 rios
525 2679 539 2704 ,
579 2649 634 2696 et
672 2640 727 2694 in
776 2642 1060 2698 montibus
1105 2641 1382 2699 daemonas
1422 2644 1669 2700 colentes
1693 2685 1708 2709 ,
1747 2643 1955 2714 quique

383 2730 603 2800 templis
650 2730 925 2787 idolorum
975 2734 1146 2789 cultui
1206 2733 1474 2791 dedicatis
1537 2735 1950 2806 gloriarentur,

383 2819 623 2878 habebas
660 2823 714 2877 in
752 2832 806 2879 te
837 2824 1006 2879 vitam
1040 2826 1411 2883 traducentes.
1447 2846 1466 2879 ι
1493 2826 1558 2881 Et
1583 2827 1749 2900 impia
1788 2825 1954 2884 facie-

379 2912 532 2978 bant,
564 2915 763 2985 inquit,
797 2916 851 2970 in
883 2917 1062 2972 medio
1088 2916 1188 2972 tui.
1224 2934 1245 2971 ι
1281 2918 1485 2975 Deinde
1518 2917 1716 2975 borum
1751 2933 1950 2976 unum-

380 3004 643 3075 quodque
662 3015 910 3062 enarrat.

2062 1181 2157 1235 καὶ
2181 1181 2361 1252 χήραν
2389 1178 2850 1233 κατεδυνάστευον
2880 1178 2940 1229 ἐν
2982 1175 3087 1231 σοί.
3120 1195 3139 1226 ι
3191 1175 3308 1227 Πᾶν
3336 1172 3396 1225 δὲ
3420 1171 3616 1225 τούναν-

2061 1274 2172 1328 τίον
2202 1275 2230 1328 ό
2262 1274 2464 1343 ἀγαθὸς
2490 1273 2770 1344 νομοθετεῖ
2803 1272 2937 1336 Θεός
2959 1286 2974 1302 ο
3003 1269 3271 1342 «Κρίνατε
3294 1268 3424 1338 γὰρ,
3450 1267 3608 1338 φησὶν,

2061 1362 2316 1434 όρξανὸν,
2351 1364 2447 1417 καὶ
2475 1362 2799 1416 δικαιώσατε
2830 1362 3024 1433 χήραν.
3053 1379 3072 1411 ι
3120 1359 3230 1413 Kal
3257 1359 3316 1413 ἐν
3343 1358 3421 1428 τῷ
3447 1357 3613 1427 νόμιμ’

2068 1474 2086 1507 ι
2113 1454 2226 1508 Ούκ
2259 1455 2754 1525 ὲπανατρυγήσεις,
2799 1454 2953 1523 φησὶ,
2982 1452 3087 1521 τὴν
3113 1448 3361 1521 ἄμπελόν
3389 1463 3498 1510 σου,
3531 1450 3614 1501 καὶ

2059 1546 2211 1600 ἔσται
2235 1545 2314 1617 τῷ
2338 1545 2580 1617 ὀρφανῷ,
2613 1544 2710 1599 καὶ
2733 1545 2797 1615 τῇ
2826 1544 2993 1614 χήρα,
3022 1542 3114 1596 καί
3134 1541 3212 1612 τῷ
3238 1539 3565 1611 προσηλύτῳ.
3589 1557 3611 1588 ι

2059 1629 2218 1690 Οὗτοι
2260 1634 2315 1689 δὲ
2348 1637 2408 1690 οὐ
2445 1635 2604 1705 μόνον
2647 1632 2856 1703 ἀγαθοῦ
2882 1649 3029 1698 τινος
3062 1632 3125 1685 οὐ
3164 1629 3497 1702 μετεδίδοσαν
3525 1629 3611 1681 αὐ-

2056 1730 2189 1793 τοῖς,
2211 1726 2346 1781 ἀλλὰ
2366 1727 2459 1780 καὶ
2485 1725 2670 1789 κακῶς
2690 1723 3012 1779 διετίθεσαν.
3041 1721 3149 1778 Kal
3170 1722 3240 1775 τὰ
3266 1720 3455 1775 τούτου
3474 1720 3613 1791 χαλε-

2060 1816 2310 1890 πώτερα*

2127 1916 2197 1979 η’.
2241 1908 2349 1965 Καὶ
2387 1909 2461 1961 τὰ
2488 1906 2626 1978 ἅγιά
2654 1924 2775 1978 μου
2811 1905 3196 1971 ἐξουθένουν,
3229 1903 3328 1958 καί
3368 1904 3440 1957 τὰ
3483 1903 3608 1956 Edd-

2058 1998 2204 2055 6ατά
2220 2017 2340 2069 μου
2359 1997 2688 2065 ἐϐεὸήλουν
2706 1997 2779 2052 ἐν
2799 1996 2922 2052 σοι.
2947 1993 3084 2059 Τοὺς
3106 1996 3215 2066 γὰρ
3237 1996 3422 2067 εμοὺς,
3444 1995 3603 2064 φησὶν.

2057 2097 2292 2152 ἐπάτουν
2320 2097 2537 2167 νόμους,
2583 2093 2678 2149 καὶ
2700 2094 2800 2165 τὴν
2826 2093 2996 2167 ἀργίᾳ
3019 2109 3213 2164 τετιμη
3223 2092 3394 2163 μένην
3419 2091 3614 2161 ἡμέραν

2056 2186 2286 2260 ἐργασίᾳ
2318 2186 2619 2259 παρανόμῳ
2644 2184 2998 2258 καθύϐριζον.
3034 2182 3141 2237 Καὶ
3174 2183 3243 2237 τὰ
3267 2181 3469 2237 τούτων
3496 2181 3606 2235 δυσ-

2058 2279 2377 2352 σεσέστερα.

2127 2369 2192 2424 θ’.
2236 2367 2486 2439 Ἄνδρες
2524 2364 2751 2437 λῃσταί
2785 2360 2951 2437 ἦσαν
2981 2365 3052 2419 ἐν
3078 2364 3202 2428 σοί,
3234 2361 3393 2429 ὅπως
3416 2361 3611 2430 ἐκχέωσ

2055 2476 2160 2516 σιν
2179 2455 2322 2528 αἷμα
2333 2457 2379 2493 ⁸⁸
2402 2474 2418 2491 ο
2457 2456 2556 2513 ἐπὶ
2583 2455 2703 2512 τῶν
2724 2456 2909 2527 ὀρέων
2931 2451 3147 2524 ἤσθιον
3165 2454 3236 2508 ἐν
3255 2454 3378 2509 σοι.
3405 2452 3532 2516 Τούς
3555 2468 3611 2507 τε

2054 2551 2164 2623 γὰρ
2208 2548 2524 2623 παρανομίᾳ
2553 2548 2853 2615 συζῶντας,
2906 2546 3263 2618 ἀνδροφόνους
3326 2546 3419 2598 καὶ
3472 2562 3603 2615 μιαια

2054 2643 2247 2713 φόνους
2274 2640 2454 2704 δντας,
2502 2638 2597 2694 καὶ
2623 2638 2751 2702 τοὺς
2784 2639 2841 2692 ὲν
2881 2639 2995 2701 τοῖς
3035 2637 3186 2709 ὄρεσι
3214 2639 3341 2700 τοὺς
3367 2636 3608 2705 δαίμονας

2052 2731 2350 2802 τιμῶντας,
2380 2730 2613 2793 καὶτοῖς
2653 2725 2951 2791 είδωλικοῖς
2986 2726 3274 2798 τεμένεσιν
3314 2727 3605 2799 ἐντρυφῶνα

2053 2836 2181 2886 τας,
2240 2815 2384 2891 εἶχες
2428 2817 2892 2890 ἐνδιαιτωμένους.
2923 2835 2942 2869 ι
2995 2816 3106 2873 Kal
3159 2816 3380 2882 ἀνόσια,
3432 2816 3603 2886 φησὶν,

2053 2911 2271 2967 ιποίουν
2295 2912 2355 2966 ἑν
2384 2910 2533 2982 μέσῳ
2578 2925 2696 2965 σου.
2724 2928 2744 2962 ι
2782 2910 3017 2964 Ἔπειτα
3062 2908 3268 2963 τούτων
3298 2908 3514 2963 ἕκαστον
3537 2909 3596 2961 δι·

2053 3003 2293 3074 ηγεῖται.

451 3093 621 3152 Vens.
663 3097 751 3155 £0.
801 3097 1182 3155 Verecundiam
1214 3100 1386 3171 patris
1427 3110 1730 3157 retexerunt
1770 3102 1827 3157 in
1864 3110 1947 3167 te,

2126 3099 2177 3149 t'.
2217 3094 2328 3150 Kal
2341 3093 2385 3127 ⁸⁷
2414 3094 2719 3164 αἰσχύνην
2736 3091 2960 3162 πατρὸς
2989 3092 3473 3163 ἁπεκάλυψανέν
3492 3093 3603 3156 σοι,

380 3194 431 3240 et
461 3186 514 3241 in
542 3186 892 3244 immunditiis
918 3190 1179 3246 sedentem
1212 3191 1566 3247 humiliabant
1598 3193 1654 3247 in
1693 3203 1762 3249 te.
1809 3192 1949 3249 Cum

382 3276 657 3344 novereis,
688 3276 885 3348 inquit,
923 3280 1353 3337 commiscebant
1386 3297 1629 3353 corpus:
1671 3283 1777 3337 hoc
1802 3283 1948 3339 enim

383 3366 770 3423 revelationem
828 3370 1188 3440 turpitudinis
1262 3372 1434 3443 patris
1500 3373 1816 3444 appellavit.
1873 3372 1950 3427 ita

380 3456 527 3512 enim
559 3457 663 3513 hoc
704 3458 881 3530 ipsum
913 3461 968 3515 in
1004 3461 1118 3533 lege
1161 3464 1519 3534 nuncupavit.
1574 3482 1593 3515 ι
1631 3465 1953 3535 Turpitudi-

382 3563 507 3603 nem
537 3549 680 3604 enim
711 3550 931 3618 uxoris,
967 3552 1145 3622 inquit
1170 3592 1186 3616 ,
1228 3554 1403 3623 patris
1437 3555 1517 3609 tui
1550 3569 1657 3609 non
1695 3563 1908 3627 reteges
1931 3597 1948 3625 ,

383 3640 667 3710 turpitudo
696 3642 840 3696 enim
870 3645 1046 3713 patris
1083 3643 1162 3699 tui
1202 3653 1287 3701 est
1312 3657 1360 3699 ι.
1391 3664 1411 3697 ι
1445 3647 1577 3702 Cum
1621 3647 1765 3702 enim
1790 3648 1953 3704 lascio

380 3729 597 3785 vissimi
644 3740 866 3799 essent,
916 3740 970 3787 et
1016 3733 1312 3790 admodum
1341 3735 1772 3805 incontinentes,
1812 3753 1883 3794 ne
1919 3752 1950 3793 a

384 3819 709 3875 mulieribus
744 3822 1001 3890 quidem,
1049 3840 1170 3894 qua:
1210 3823 1358 3879 ﬂuxu
1416 3834 1699 3883 menstruo
1737 3828 1952 3883 labora-

382 3916 530 3976 rent,
560 3910 909 3966 abstinebant
940 3934 954 3965 :
983 3915 1127 3982 quod
1160 3930 1267 3969 non
1297 3916 1474 3971 solum
1508 3927 1700 3973 contra
1734 3918 1902 3989 legem
1933 3961 1949 3986 ,

383 3997 480 4053 sed
509 3998 674 4054 etiam
707 4000 946 4057 maxime
978 4003 1251 4072 impurum
1285 4012 1389 4061 est.
1438 4003 1645 4062 Deinde
1685 4008 1738 4062 in
1789 4022 1951 4063 accn-

382 4088 558 4145 sanda
588 4089 816 4146 libidine
850 4102 1245 4150 commoratur.

371 4256 390 4271 l
456 4178 623 4235 Vsus.
682 4182 769 4237 Η.
826 4179 1195 4255 Unusquisque
1232 4187 1288 4240 in
1331 4201 1547 4243 uxorem
1591 4189 1821 4256 proximi
1866 4192 1953 4246 sui

378 4273 556 4343 inique
576 4272 803 4344 agebat:
831 4286 884 4330 et
908 4278 1261 4348 unusquisque
1280 4294 1471 4333 nurum
1498 4296 1652 4335 suam
1672 4281 1947 4349 polluebat

378 4362 437 4416 in
479 4364 767 4432 impietate.
797 4364 914 4422 Hoc
950 4375 1135 4421 autem
1167 4367 1478 4439 iniquitatis
1515 4380 1599 4425 est
1640 4371 1951 4428 incremen-

2052 3185 2161 3241 καὶ.
2173 3186 2244 3242 ἐν
2262 3185 2657 3254 ἀκαθαρσίαις
2680 3183 3147 3253 ἀποκαθιιμένην
3176 3184 3524 3242 ἐταπείνουν
3541 3183 3605 3239 ὲν

2053 3279 2174 3335 σοι.
2205 3280 2534 3351 Μητρυιαῖς,
2570 3277 2726 3350 φησὶ,
2763 3276 3103 3345 συνεγίνοντο
3124 3293 3139 3308 ο
3170 3275 3329 3330 τοῦτο
3358 3276 3460 3347 γὰρ
3488 3276 3602 3328 ἀπο-

2054 3369 2288 3440 κάλυψιν
2356 3367 2620 3440 αἰσχύνης
2672 3367 2880 3439 πατρὸς
2933 3366 3252 3438 ὠνόμασεν·
3315 3365 3452 3420 οὕτω
3504 3363 3601 3434 γὰρ

2050 3461 2182 3517 αὐτὸ
2203 3460 2297 3515 καὶ
2319 3461 2377 3515 ὲν
2404 3458 2483 3531 τῷ
2506 3459 2657 3531 νόμῳ
2678 3458 3136 3531 προσηγόρευσεν.
3172 3477 3191 3511 ι
3214 3456 3600 3529 Ἀσχημοσύνην

2049 3553 2180 3624 γὰρ,
2214 3550 2367 3622 φησι,
2399 3549 2655 3619 γυναικὸς
2702 3550 2905 3622 πατρός
2942 3567 3035 3602 σου
3083 3550 3186 3605 οὐκ
3234 3548 3596 3618 ἀποκαλύψεις.

2049 3643 2404 3716 ἀσχημοσύνη
2439 3643 2549 3716 γὰρ
2578 3644 2786 3715 πατρός
2821 3642 2914 3697 σού
2950 3645 3117 3698 ἐστιν.
3168 3663 3189 3697 s
3243 3644 3594 3712 Λαγνίστατοι,

2047 3740 2179 3810 γὰρ,
2208 3737 2393 3808 φησιν,
2420 3736 2594 3801 ὄντες,
2623 3736 2718 3790 καὶ
2759 3734 2881 3789 λίαν
2920 3734 3232 3798 ἀκόλαστοι.
3265 3733 3383 3789 οὺδι
3418 3732 3515 3786 τῶν
3541 3729 3597 3784 τὸ

2047 3829 2148 3899 τῆς
2171 3828 2381 3902 ῥύσεως
2412 3827 2583 3890 πάθος
2609 3825 2995 3898 ὑπομενουσῶν
3015 3826 3288 3897 γυναικῶν
3306 3826 3593 3896 ἀπείχοντο·

2047 3921 2076 3975 δ
2092 3921 2152 3975 οὐ
2175 3921 2332 3992 μόνον
2354 3918 2666 3992 παράνομόν
2689 3919 2854 3983 ἐστιν,
2879 3915 3015 3972 ἀλλὰ
3037 3917 3137 3971 καὶ
3155 3917 3274 3971 λίαν
3294 3914 3592 3985 ἀκάθαρτον.

2048 4007 2183 4067 Εἶτα
2208 4010 2454 4083 ἐπιμένει
2480 4010 2578 4081 τῆς
2604 4008 2857 4078 λαγνείας
2884 4008 3228 4082 κατηγορῶν.

2120 4194 2189 4242 ια’
2198 4229 2212 4243 .
2252 4187 2553 4253 Ἕκαστος
2574 4185 2689 4256 τὴν
2708 4185 2963 4257 γυναῖκα
3000 4186 3107 4241 τοῦ
3133 4188 3393 4256 πλησίον
3424 4186 3591 4241 αὐτοῦ

2047 4278 2334 4347 ἠνόμουν,
2353 4276 2450 4332 καί
2471 4277 2728 4343 ἕκαστος
2751 4275 2865 4344 τὴν
2890 4277 3135 4346 νύμφην
3153 4279 3337 4333 αὐτοῦ
3352 4278 3593 4347 ἐμίαινον

2048 4373 2119 4427 ἐν
2153 4372 2415 4440 ἀσεϐείᾳ.
2471 4371 2745 4434 Ἐπίτασις
2788 4370 2845 4423 δὲ
2870 4370 3027 4424 τοῦτο
3064 4371 3399 4443 παρανομίας
3421 4386 3433 4400 ·
3478 4367 3589 4421 οὕτε

377 4461 517 4507 tum.
548 4453 733 4527 Neque
771 4458 935 4513 enim'
972 4459 1182 4529 equale
1230 4468 1316 4517 est
1367 4476 1491 4515 cum
1542 4462 1724 4518 aliens
1768 4480 1949 4522 uxore

2062 4464 2157 4536 γὰρ
2202 4465 2316 4519 ἴσον
2364 4462 2622 4535 ἀλλοτρίᾳ
2663 4462 2880 4531 γυναικὶ
2917 4460 3229 4532 μίγνυσθαι,
3287 4463 3373 4516 καὶ
3407 4461 3476 4531 τῷ
3502 4457 3589 4512 τοῦ

380 4547 640 4614 misceri,
681 4555 738 4606 et
802 4549 1014 4620 proprii
1060 4551 1159 4606 lilii
1211 4550 1417 4622 nuptiis
1468 4553 1723 4609 insidiari
1767 4572 1781 4611 :
1853 4557 1947 4612 sed

377 4648 584 4707 quanto
614 4641 834 4711 gravius
866 4649 951 4698 est
991 4636 1359 4699 fornicatione
1397 4643 1754 4709 adulterium,
1793 4651 1953 4700 tanto

2053 4556 2183 4610 ἰδίου
2212 4554 2398 4618 παιδὸς
2437 4551 2819 4608 ἐπιϐουλεῦσαι
2848 4554 3012 4625 γάμῳ
3034 4571 3049 4586 ο
3086 4554 3203 4608 ἀλλ’
3230 4555 3339 4623 ὅσῳ
3364 4549 3586 4624 πορνείας

2046 4649 2079 4718 η
2113 4647 2325 4718 μοιχεία
2350 4645 2726 4718 χαλεπωτέρα,
2756 4644 2993 4717 τοσούτῳ
3022 4645 3122 4716 τῆς
3152 4645 3441 4717 μοιχείαςή
3471 4640 3582 4712 πρὸς

379 4731 696 4787 sceleratior
716 4733 986 4791 adulterio
1010 4744 1096 4792 est
1112 4749 1237 4791 cum
1264 4750 1407 4790 nuru
1436 4736 1801 4793 consuetudo.
1837 4754 1858 4790 ι
1880 4735 1947 4792 Ει

2062 4739 2142 4812 τὴν
2170 4739 2389 4811 νύμφην
2417 4738 2671 4792 κοινωνία
2711 4736 3129 4809 δυσσεϐεστέρα.
3186 4757 3205 4790 ι
3249 4737 3355 4792 Καὶ
3384 4737 3580 4794 ἕκαστος

382 4824 762 4895 unusquisque
776 4840 1026 4883 sororem
1044 4842 1222 4891 suam,
1248 4827 1414 4883 ﬁliam
1444 4830 1621 4900 patris
1646 4831 1755 4896 sui,
1775 4830 1950 4885 humi-

2062 4831 2141 4903 τὴν
2159 4830 2392 4901 ἀδελφὴν
2407 4829 2571 4884 αὐτοῦ
2592 4827 2867 4900 θυγατέρα
2883 4828 2977 4882 τοῦ
3000 4829 3205 4901 πατρὸς
3228 4828 3386 4883 αύτοῦ
3405 4826 3582 4881 ἐταπεί-

380 4911 548 4966 liabat
575 4914 632 4969 in
660 4925 731 4971 te.
769 4934 788 4970 ι
832 4916 933 4973 Hie
962 4932 1178 4990 quoque
1209 4927 1401 4989 aperte
1437 4921 1681 4976 ostendit
1714 4921 1946 4977 sceleris

380 5007 822 5074 exsuperantiam
857 5049 874 5074 ,
933 5025 999 5065 ex
1054 5026 1163 5067 uno
1225 5020 1379 5082 patre
1434 5020 1598 5068 natos
1652 5025 1891 5082 arguens
1926 5051 1942 5077 ,

380 5093 600 5150 virum‘
630 5103 684 5152 et
723 5112 968 5153 uxorem.
998 5098 1136 5158 Hinc
1170 5104 1238 5157 ad
1274 5102 1753 5174 ampliﬁcationem
1784 5089 1945 5159 accu-

378 5188 610 5245 sationis
645 5190 907 5261 procedit.

458 5277 619 5335 Vﬂts.
667 5279 757 5337 12.
798 5279 1023 5335 Munera
1066 5280 1234 5354 854
1273 5283 1597 5353 accipiebant
1652 5284 1707 5337 in
1751 5294 1800 5339 te
1826 5325 1841 5350 ,
1885 5294 1941 5336 ut

2054 4938 2176 4976 vouv
2202 4922 2260 4974 ὲν
2291 4920 2391 4975 σοί.
2424 4939 2442 4971 ι
2486 4920 2598 4973 Καὶ
2632 4918 2864 4974 ἐνταῦθα
2889 4918 2945 4972 δὲ
2984 4921 3170 4988 σαφῶς
3200 4920 3364 4988 ἔδειξε
3395 4920 3483 4991 τὴν
3506 4915 3580 4972 τοῦ

2056 5012 2258 5084 μύσους
2288 5010 2609 5082 ὑπερϐολὴν,
2644 5011 2763 5074 ἐνδς
2792 5011 2997 5083 πατρὸς
3023 5011 3307 5077 ὑποδείξας
3336 5011 3483 5080 φυτὰ,
3511 5009 3581 5063 τὸν

2052 5104 2221 5174 ἄνδρα
2246 5103 2337 5156 καὶ
2364 5100 2461 5172 τὴν
2488 5104 2720 5169 γυναῖκα
2740 5118 2753 5132 ·
2783 5100 3029 5155 ἐντεῦθεν
3055 5102 3147 5154 ἐπὶ
3175 5102 3272 5173 τὴν
3308 5103 3401 5173 τῆς
3428 5099 3579 5154 πλεον·

2053 5190 2198 5258 εξίας
2243 5190 2575 5259 κατηγορίαν
2605 5191 2790 5260 χωρεῖ.

2118 5280 2206 5351 ιβ’.
2247 5278 2411 5350 Δῶρα
2450 5277 2792 5348 ἐλάμϐανον
2835 5279 2907 5333 ἐν
2945 5278 3078 5345 σοί,
3125 5279 3285 5347 ὅπως
3326 5278 3577 5350 ἐκχέωσιν

494 5438 517 5465 "
558 5431 727 5492 Exod.
761 5433 995 5500 xxt,16.
1109 5446 1135 5478 ι
1171 5434 1342 5491 Exod.
1381 5454 1519 5505 xxn,
1546 5438 1638 5494 2i.
1704 5392 1739 5491 ir
1771 5438 1875 5495 lsa.
1913 5456 1952 5505 ι,
1976 5439 2066 5495 l7.
2139 5447 2164 5476 ι
2196 5437 2354 5493 Deut.
2394 5451 2546 5506 xxw,
2580 5435 2671 5492 21.
2746 5435 2966 5492 ILevit.
2997 5453 3155 5496 xvnt.
3186 5447 3239 5490 at.

1652 5601 1881 5657 VARIIE
1920 5599 2326 5659 LECTIONES.

459 5724 505 5755 "
526 5722 656 5780 licc.
687 5728 910 5817 lcctqest
945 5733 1196 5798 ἀδικίαις.
1280 5735 1323 5768 ⁸⁸
1354 5729 1513 5800 αἷμα.
1542 5736 1576 5786 Α
1590 5735 1691 5801 pud
1727 5734 1859 5790 LXX
1886 5752 2069 5804 praui.
2099 5738 2153 5789 ἐν
2190 5736 2289 5788 σοί.
2367 5734 2549 5790 "Kal.
2586 5734 2705 5788 Des.
2744 5736 2796 5788 in
2823 5734 2860 5787 Α
2889 5733 3077 5787 t-tliac
3106 5731 3246 5802 apud
3269 5723 3413 5782 LXX.
