3840 6202
229 246 349 313 1029

1343 243 1424 308 ΙΝ
1462 240 1902 308 EZECHIELIS
1936 249 2091 311 CAP.
2135 246 2327 309 XXII.

3312 249 3445 319 1030

284 358 372 414 κε’.
398 350 500 424 Ἦς
517 356 561 389 ⁸⁵
586 358 636 411 οἱ
682 356 1087 426 ἀφηγούμενοι
1124 354 1193 409 ἐν
1232 358 1402 426 μέσῳ
1432 358 1619 428 αὐτῆς
1645 400 1660 421 ,
1692 362 1771 426 ὡς

1948 360 2113 416 Vens.
2137 363 2226 417 (ἐξ).
2248 362 2414 431 Cujus
2437 360 2592 416 duces
2616 363 2671 415 in
2699 358 2868 415 medio'
2892 356 3026 432 ejus,
3060 368 3312 433 tanquam
3341 365 3442 420 leo-

224 452 444 515 λέοντες
471 448 813 515 ὠρυόμενοι,
857 447 1215 517 ἁρπάζοντες
1253 448 1625 519 ἁρπάγματα,
1659 455 1774 520 ψυ-

224 542 317 611 χὰς
347 540 759 605 κατεσθίοντες
784 538 854 592 ἐν
882 539 1230 608 δυναστείᾳ,
1268 539 1539 594 πλοῦτον
1573 543 1670 594 καὶ
1696 560 1776 594 τι-

221 632 326 702 μὰς
370 629 775 700 λαμϐάνοντες
797 668 812 693 ,
846 630 954 696 τὰς
989 631 1033 662 ⁸⁸
1055 630 1247 700 χήρας
1284 630 1473 699 αὐτῆς
1510 631 1774 698 ἐπλήθυ-

223 741 324 777 ναν
348 724 412 775 ἐν
425 721 590 791 μέσῳ
608 721 819 790 αὐτῆς.
841 722 961 775 Τῶν
979 722 1085 793 γὰρ
1109 721 1319 793 ἀνδρῶν
1344 723 1772 794 ἀναιρουμένων.

224 815 363 884 δῆλον
388 814 465 867 ὅτι
494 815 527 885 η
560 813 756 885 χηρεία
788 812 973 884 χώραν
1012 813 1320 883 ἐλάμϐανεν
1352 831 1365 844 ·
1407 814 1656 868 ἐντεῦθεν
1684 818 1775 870 ἐπὶ

224 906 331 967 τοὺς
363 903 535 974 ἱερέας
570 902 659 956 τὸν
690 902 1059 973 κατηγορικὸν
1090 902 1389 972 μεταφέρει
1417 902 1595 970 λόγον.

283 1002 386 1059 κς’.
426 994 532 1049 Kal
571 994 626 1047 οἱ
668 993 844 1062 ἱερεῖς
887 991 1076 1061 αὐτῆς
1112 993 1418 1061 ἠθέτησαν
1452 994 1559 1046 τὸν
1589 994 1777 1061 νόμον

222 1106 341 1158 μου.
366 1086 608 1156 Μεγίστη
627 1085 685 1139 δὲ
715 1085 854 1161 αᾷτη
884 1086 1198 1159 παρανομία
1217 1102 1231 1115 ο
1256 1085 1348 1150 οὓς
1385 1085 1492 1156 γὰρ
1522 1086 1775 1154 ποδηγεῖν

219 1178 331 1239 τοὺς
372 1175 560 1238 ἄλλους
608 1177 796 1247 ἐχρῆν,
833 1170 979 1230 οὗτοι
1035 1176 1302 1230 διετέλουν
1354 1175 1774 1245 τυφλώττοντες.

232 1288 247 1319 ι
267 1269 362 1321 Καὶ
394 1265 680 1336 ἐϐεϐήλουν
710 1266 779 1320 τὰ
812 1266 945 1335 ἅγιά
979 1284 1101 1337 μου.
1131 1285 1148 1317 ι
1185 1266 1551 1338 Παρανόμως,
1586 1267 1772 1337 φησὶν,

226 1359 486 1413 ἐπετέλουν
516 1358 616 1421 τὰς
639 1358 981 1428 λειτουργίας
1002 1375 1015 1389 ·
1048 1353 1165 1411 εἶτα
1200 1359 1298 1429 τῆς
1328 1358 1675 1433 παρανομίας
1709 1357 1777 1412 τὰ

228 1454 341 1522 εἴδη.
379 1471 396 1501 ι
445 1450 744 1520 ’Δναμέσον
772 1450 925 1519 ἁγίου
962 1450 1057 1503 καὶ
1085 1450 1313 1520 βεϐήλου
1359 1449 1420 1503 οὐ
1449 1450 1777 1515 διέστελλον,

227 1545 306 1596 καὶ
327 1542 586 1611 ἁναμέσον
608 1541 853 1610 καθαροῦ
875 1543 969 1595 καὶ
991 1542 1305 1613 ἀκαθάρτου
1339 1543 1397 1595 οὐ
1418 1542 1736 1595 διέστελλον.
1751 1561 1769 1593 ι

228 1635 290 1688 οὐ
312 1632 588 1703 διέκρινον,
625 1634 781 1702 φησὶ,
813 1635 906 1686 καὶ
935 1633 1232 1695 ἐδίδασκον,
1265 1633 1320 1686 τί
1354 1634 1450 1703 μὲν
1495 1633 1648 1702 ἆγιον
1680 1634 1771 1687 καὶ

1874 470 1963 508 nes
1997 456 2283 524 rugientes,
2323 455 2584 523 rapientes
2626 454 2865 523 rapinas,
2903 455 3108 509 animas
3141 454 3446 513 devorantes

1872 542 1928 593 in
1969 547 2222 611 potentia,
2257 542 2473 595 divitias
2516 550 2565 595 et
2610 542 2830 596 honores
2880 543 3208 610 accipientes,
3258 543 3445 599 viduas

1872 631 1984 699 ejus
2009 632 2435 702 multiplicarunt
2474 634 2530 686 in
2567 632 2736 687 medio
2768 633 2903 702 ejus.
2923 631 3069 687 Viris
3091 633 3237 686 enim
3273 633 3444 687 inter-

1876 721 2052 786 fectis,
2086 725 2437 794 perspicuum
2460 733 2543 779 est
2570 723 2825 778 viduitati
2855 724 3033 778 locum
3070 724 3258 778 datum
3299 740 3445 781 esse.

1876 812 2012 867 lline
2052 815 2105 868 in
2160 817 2478 871 sacerdotes
2542 815 2944 870 accusatoriam
3004 813 3269 871 transfert
3320 831 3447 871 ora-

1875 905 2098 959 tionem.

1946 992 2228 1049 “135.26.
2284 994 2350 1048 Et
2401 996 2696 1051 sacerdotes
2762 998 2875 1066 ejus
2936 1005 3233 1065 spreverunt
3286 998 3447 1069 legem

1877 1100 2065 1138 meam.
2099 1085 2394 1141 Maximum
2428 1098 2608 1142 autem
2645 1090 2747 1143 hoc
2772 1096 2857 1144 est
2885 1089 3086 1143 scelus.
3123 1089 3277 1156 Quos
3301 1090 3448 1144 enim

1877 1174 2002 1229 aliis
2048 1175 2219 1231 duces
2254 1194 2375 1232 esse
2407 1180 2674 1249 oportuit,
2711 1180 2749 1234 ii
2784 1181 2911 1234 czeci
2950 1180 3149 1250 degere
3192 1197 3447 1248 perseve-

1875 1270 2089 1322 rabant.
2140 1289 2158 1321 ι
2197 1269 2261 1324 Et
2286 1268 2653 1341 profanabant
2679 1279 2869 1325 sancta
2893 1286 3033 1325 mea.
3072 1291 3090 1323 ι
3128 1270 3277 1324 Humi
3320 1274 3448 1340 rite,

1879 1358 2079 1428 inquit,
2113 1360 2468 1430 perficiebant
2515 1378 2636 1432 qua:
2686 1363 2756 1416 ad
2821 1377 3014 1415 eorum
3079 1363 3448 1420 ministerium

1878 1450 2243 1519 pertinerent.
2278 1448 2416 1504 Tum
2451 1451 2722 1505 scelerum
2762 1466 2962 1520 genera
3001 1461 3275 1506 recenset.
3309 1472 3327 1504 ι
3362 1454 3451 1506 ln—

1880 1546 1964 1591 ter
2004 1546 2255 1592 sanctum
2290 1545 2345 1593 et
2382 1538 2674 1608 profanum
2736 1554 2846 1593 non
2910 1538 3344 1609 distinguebant,
3395 1551 3451 1595 et

1879 1628 2022 1683 inter
2082 1645 2277 1699 purum
2332 1640 2387 1685 et
2448 1632 2719 1701 impurum
2781 1646 2893 1687 non
2951 1632 3386 1701 distinguebant.
3424 1650 3444 1683 ο

229 1725 372 1787 θεῖον,
396 1723 447 1774 τί
470 1722 524 1776 δὲ
565 1722 793 1793 βέϐηλον
826 1724 919 1777 καὶ
938 1722 1280 1794 ἀνθρώπειον
1309 1723 1374 1754 ⁸⁷⁸
1409 1723 1635 1795 βέϐηλον
1667 1722 1777 1794 γὰρ

1886 1719 1995 1775 Non
2025 1719 2459 1792 distinguebant,
2491 1720 2695 1791 inquit,
2742 1737 2918 1791 neque
2961 1720 3261 1786 docebant,
3312 1719 3451 1791 quid

225 1812 431 1867 ἐνταῦθα
463 1813 521 1865 οὐ
573 1812 638 1866 τὸ
690 1812 883 1882 ἐναγὲς
904 1814 948 1846 ⁸³
983 1813 1177 1880 καλεῖ,
1206 1813 1341 1867 ἀλλὰ
1376 1814 1437 1868 τὸ
1474 1815 1653 1868 κοινὸν
1686 1815 1779 1868 καὶ

225 1905 316 1960 τῶν
352 1905 503 1959 θείων
535 1905 967 1976 κεχωρισμένον.
1001 1905 1259 1976 Καθαρδν
1308 1907 1404 1959 καὶ
1447 1905 1777 1977 ἀκάθαρτον,

224 1996 283 2049 τὰ
306 1994 433 2049 κατὰ
470 1994 561 2048 τὸν
586 1995 756 2063 νόμον
802 1995 1187 2067 κεχωρισμένα
1204 1996 1271 2062 ⁸⁸,
1294 1998 1388 2050 καὶ
1423 1994 1492 2048 τὰ
1526 1996 1666 2049 κατὰ
1698 1996 1782 2049 νό-

230 2102 312 2155 μον
350 2081 411 2139 αὖ
455 2084 616 2138 πάλιν
668 2084 1100 2156 ἀπηγορευμένα
1128 2125 1143 2149 ,
1175 2086 1236 2139 οὐ
1296 2085 1425 2156 περὶ
1474 2082 1780 2155 βρωμάτων

231 2178 363 2246 μόνον
394 2176 484 2230 καὶ
526 2175 812 2246 θυμάτων,
854 2176 991 2230 ἀλλὰ
1046 2176 1140 2230 καὶ
1171 2193 1237 2229 πε
1248 2177 1299 2248 pi.
1330 2174 1661 2243 ἐνδυμάτων,
1686 2173 1781 2227 καὶ

228 2267 316 2321 τῶν
346 2269 507 2321 ἄλλων
531 2268 645 2322 τῶν
698 2285 760 2320 τε
795 2267 938 2321 κατὰ
981 2267 1228 2339 γνώμην,
1256 2268 1349 2321 καὶ⁸
1384 2266 1532 2338 παρὰ
1554 2264 1783 2337 γνώμην

230 2358 644 2428 συμϐαινόντων,
684 2359 1006 2431 γονορῤοίας
1051 2376 1111 2412 τε
1164 2360 1258 2412 καὶ
1310 2358 1778 2429 ἀποκαθημένης,

229 2450 307 2502 καὶ
334 2450 467 2519 ἁφῆς
497 2450 733 2522 λέπρας.
770 2451 864 2504 καὶ
893 2451 1038 2521 άςρῆς
1067 2450 1287 2521 νεκροῦ,
1314 2451 1407 2503 καὶ
1438 2450 1777 2520 θνησιμαίου,

229 2541 308 2594 καὶ
332 2540 686 2611 θηριαλώτου,
719 2543 811 2594 καὶ
841 2542 909 2594 τὰ
931 2541 1066 2595 ἄλλα
1093 2542 1191 2595 ὅσα
1221 2544 1249 2595 ὁ
1270 2542 1431 2606 νόμος
1451 2542 1776 2614 διαγορεύει.

230 2630 417 2694 Τούτοις
448 2631 800 2702 προστίθησι,
839 2649 857 2682 ι
917 2633 1027 2685 Καὶ
1053 2632 1160 2686 ἀπὸ
1199 2633 1305 2684 τῶν
1358 2632 1643 2686 σαϐϐάτων
1680 2651 1780 2702 μου

233 2723 615 2792 παρεκάλυπτον
665 2726 794 2786 τοὺς
845 2724 1158 2794 ὀφθαλμοὺς
1205 2724 1407 2788 αὐτῶν,
1437 2725 1529 2777 καὶ
1585 2725 1779 2794 ἐϐεϐή-

230 2812 395 2864 λουν⁷⁰
436 2830 499 2884 με
535 2816 592 2866 ἐν
654 2814 807 2885 μέσῳ
858 2813 1059 2867 αὐτῶν.
1099 2833 1116 2865 ›
1172 2812 1439 2884 Ὀρῶντες
1486 2813 1593 2883 γὰρ
1633 2815 1783 2885 ὑϐρι-

231 2901 433 2973 ζομένην
478 2903 782 2974 προφανῶς
832 2904 929 2972 τὴν
965 2905 1074 2957 τῶν
1108 2903 1394 2958 σαϐϐάτων
1433 2905 1663 2976 ἡμέραν,
1691 2906 1784 2958 καὶ

230 2997 455 3064 ἐργασίαν
530 2997 858 3067 παράνομον
929 2996 1356 3067 ἐπιτελουμένην
1404 2997 1461 3048 ἐν
1503 2999 1569 3067 τῇ
1638 2998 1779 3068 ἀργῇ

1880 1818 2134 1866 sanctum
2171 1821 2225 1864 et
2272 1811 2519 1866 divinum
2553 1819 2723 1875 esset,
2765 1813 3009 1882 quidque
3057 1812 3346 1882 profanum
3398 1821 3452 1867 et

1879 1902 2201 1956 humanum.
2244 1900 2539 1970 Profanum
2569 1902 2715 1957 enim
2751 1903 2854 1957 hoc
2885 1904 3026 1965 loco,
3062 1919 3172 1956 non
3219 1903 3449 1973 impium

1878 1992 2048 2063 858
2076 2001 2257 2058 vocat,
2286 1994 2380 2048 sed
2424 1994 2475 2048 id
2512 1992 2658 2063 quod
2690 2008 2981 2049 commune
3005 2001 3111 2060 est,
3144 2002 3198 2049 et
3225 2009 3255 2050 a
3284 1994 3452 2050 rebus

1879 2084 2079 2140 divinis
2128 2084 2451 2139 distinctum
2487 2102 2498 2137 :
2530 2099 2727 2153 purum
2778 2092 2831 2138 et
2867 2085 3168 2153 impurum,
3210 2100 3332 2155 qua:
3366 2099 3453 2139 se-

1879 2177 2115 2233 cundum
2148 2179 2317 2247 legem
2353 2186 2605 2246 separata
2632 2183 2786 2242 sunt,
2817 2185 3017 2246 etqum
3042 2193 3235 2232 rursus
3261 2193 3453 2232 secun-

1879 2270 2007 2325 dum
2036 2270 2206 2338 legem
2238 2267 2696 2323 suntinterdicta.
2727 2266 2912 2337 Neque
2944 2269 3009 2322 de
3044 2268 3183 2323 cibis
3212 2276 3450 2348 .tantum

1880 2359 2229 2415 etsacrificiis
2245 2360 2504 2427 loquitur,
2525 2360 2617 2415 sed
2637 2358 2799 2412 etiam
2815 2356 3245 2423 deindumentis,
3261 2359 3453 2414 etaliis

1880 2469 2000 2523 quin
2024 2461 2139 2506 tum
2175 2454 2480 2520 voluntate,
2522 2459 2635 2505 tum
2685 2459 2881 2521 praeter
2923 2450 3261 2505 voluntatem
3300 2456 3452 2504 acci-

1881 2545 2036 2609 dunt,
2069 2546 2214 2599 fluxu
2255 2545 2485 2600 seminis
2516 2552 2568 2597 et
2598 2551 2883 2597 menstruo
2916 2542 3219 2603 laborante,
3249 2549 3302 2595 et
3323 2556 3454 2594 con-

1882 2644 2029 2690 tactu
2058 2637 2239 2706 lepra»,
2271 2644 2325 2691 et
2358 2643 2613 2690 contactu
2647 2626 2957 2696 cadaveris,
2986 2639 3039 2685 et
3068 2632 3374 2695 tnorticini,
3400 2637 3454 2686 et

1883 2744 1911 2781 a
1944 2728 2059 2781 fera
2107 2727 2277 2798 capti,
2321 2736 2374 2782 et
2407 2728 2474 2781 de
2520 2727 2643 2781 aliis
2675 2726 2956 2788 omnibus,
2993 2740 3336 2793 quascunque
3368 2724 3451 2777 lex

1883 2819 2157 2889 prohibet.
2178 2819 2257 2871 Ad
2285 2821 2397 2872 haec
2420 2817 2572 2871 addit
2602 2834 2615 2871 :
2644 2836 2661 2868 ι
2691 2815 2751 2869 Et
2770 2831 2798 2868 a
2823 2815 3069 2869 sabbatis
3094 2814 3231 2868 meis
3256 2829 3455 2883 coopea
3483 2852 3487 2857 -

1883 2910 2101 2964 riebant
2151 2910 2346 2964 oculos
2379 2924 2529 2974 suos,
2565 2918 2615 2962 et
2647 2906 3014 2977 profanabant
3058 2923 3145 2961 me
3175 2907 3230 2960 in
3275 2906 3456 2962 medio

1886 3005 2133 3073 ipsorum
2172 3020 2192 3055 ο
2247 2999 2513 3055 Videntes
2566 3000 2706 3053 enim
2755 2998 3035 3068 propalam
3089 2997 3453 3053 Sabbatorum

229 3086 402 3158 ἡμέρᾳ,
419 3087 672 3157 ἐλέγχειν
704 3088 803 3140 οὐκ
823 3087 1012 3158 ἤθελον
1038 3087 1165 3151 τοὺς
1184 3090 1523 3160 παρανομεῖν
1545 3087 1779 3158 τολμῶν-

1888 3095 2031 3148 diem
2060 3092 2394 3148 contumelia
2416 3088 2577 3152 allici,
2598 3096 2654 3143 et
2680 3104 2817 3159 opus
2840 3089 2958 3157 lege
2990 3103 3098 3142 non
3123 3088 3452 3158 permissum

230 3195 329 3241 τας,
355 3178 460 3232 ἀλλ’
489 3180 664 3232 οἱονεὶ
710 3177 939 3249 μύοντες
986 3178 1114 3243 τοὺς
1165 3178 1498 3248 ὀφθαλμοὺς,
1545 3179 1644 3231 οὐκ
1673 3178 1786 3231 ἐδό-

231 3287 340 3323 κουν
382 3272 533 3342 ὁρᾷν,
585 3270 624 3325 ἃ.
684 3270 959 3325 διετέλουν
1020 3271 1276 3343 ὁρῶντες.
1337 3271 1504 3325 Πάλιν
1538 3272 1631 3324 ἐπὶ
1661 3273 1785 3335 τοὺς

230 3361 462 3432 ἄρχοντας
484 3360 827 3427 ἐπανελθὼν,
864 3362 1050 3434 φησίν⁶

289 3541 379 3605 κζ’.
410 3543 471 3596 Οἱ
523 3540 824 3609 ἄρχοντες
890 3538 1081 3608 αὐτῆς
1126 3541 1196 3594 ἐν
1248 3541 1417 3611 μέσῳ
1464 3542 1671 3609 αὐτῆς,
1706 3543 1786 3608 ὡς

230 3630 378 3684 λύκοι
415 3631 785 3699 ἁρπάζοντες
824 3630 1198 3699 ἁρπάγματα,
1232 3632 1339 3685 τοῦ
1375 3633 1577 3703 ἐκχέαι
1622 3629 1782 3703 αἷμα,

231 3722 318 3777 τοῦ
371 3724 671 3778 ἀπολέσαι
719 3722 942 3791 ψυχὰς,
982 3723 1148 3789 ,ὅπως
1200 3724 1522 3791 πλεονεξίᾳ
1570 3728 1785 3778 3.1507-

233 3813 478 3869 εκτῶσιν.
511 3816 820 3887 Ἀφορμὴν,
854 3816 1009 3884 φησὶ,
1034 3815 1257 3885 κέρδους
1305 3816 1584 3869 ἐποιοῦντο
1610 3817 1656 3868 oi
1690 3816 1786 3887 ἄρ-

233 3922 331 3976 χειν
359 3908 610 3978 λαχόντες
657 3909 759 3971 τὰς
787 3907 1007 3971 ἀδίκους
1044 3908 1280 3977 σφαγὰς,
1313 3908 1407 3961 καὶ
1438 3908 1530 3971 οὒς
1546 3909 1651 3960 ἔδει
1676 3908 1784 3959 τῶν

235 3997 576 4069 ἀδικουμένων
614 3996 757 4053 εἶναι
804 4000 1145 4070 προμάχους,
1196 3995 1341 4054 οὗτοι
1387 3999 1485 4069 τῆς
1530 4000 1635 4051 τῶν
1668 3999 1782 4052 ἀδι-

235 4090 446 4146 κούντων
475 4094 731 4161 ἐγένοντο
757 4092 976 4163 μοίρας.
1014 4090 1296 4145 Ἐντεῦθεν
1323 4091 1414 4144 ἐπὶ
1442 4092 1565 4154 τοὺς
1584 4094 1787 4162 προφή-

230 4196 316 4244 τας
346 4184 680 4252 μεταϐαίνει,
725 4183 899 4250 λέγων
926 4200 938 4211 '

293 4264 391 4345 111'.
416 4278 523 4330 Kal
552 4280 606 4331 οἱ
630 4274 931 4346 προφῆται
962 4274 1154 4343 αὐτῆς
1172 4275 1520 4343 ἀλείφοντες
1540 4276 1781 4341 αὐτούς.

232 4365 381 4444 fcito
429 4368 523 4420 καὶ
555 4368 673 4422 ἅνω
705 4366 829 4437 ἔφη,
877 4366 970 4419 τὸν
1007 4365 1193 4428 κακῶς
1226 4364 1651 4435 οἰκοδομηθέντα
1681 4367 1787 4417 τοῖ-

1886 3183 2088 3252 quietis
2134 3182 2224 3237 die
2272 3179 2453 3251 perfici
2477 3219 2492 3244 ,
2540 3193 2770 3248 arguere
2805 3180 3067 3234 nolebant
3104 3194 3199 3234 eos
3232 3179 3325 3247 qui
3361 3179 3457 3235 de-

1887 3275 2141 3344 linquere
2175 3271 2483 3334 audebant,
2525 3269 2620 3325 sed
2651 3269 2817 3323 veluti
2857 3270 3216 3324 eonnivemes
3253 3269 3453 3335 oculis,

1886 3364 2310 3421 dissimulabant
2362 3377 2426 3418 ea
2471 3360 2677 3423 videre,
2722 3375 2843 3431 qua:
2886 3362 3236 3415 continenter
3263 3376 3453 3416 eerne—
3558 3392 3561 3395 -

1887 3452 2037 3507 bant.
2068 3450 2285 3505 Rursus
2313 3450 2380 3503 ad
2421 3449 2698 3518 principes
2737 3463 2988 3503 reversus
3022 3449 3099 3501 ait
3133 3468 3145 3503 :

1957 3545 2123 3598 Vens.
2150 3543 2240 3597 27.
2274 3540 2545 3610 Principes
2602 3540 2714 3609 ejus
2744 3541 2798 3593 in
2847 3540 3015 3593 medio
3051 3540 3185 3608 ejus,
3236 3551 3293 3594 ut
3345 3542 3455 3610 lupi

1888 3635 2146 3703 rapientes
2169 3638 2185 3657 ⁶
2214 3635 2451 3702 rapinas,
2483 3630 2551 3684 ad
2584 3629 2957 3700 e/l'undendum
3001 3631 3328 3698 sanguinem,
3384 3631 3453 3686 ad
3558 3631 3562 3635 ’

1885 3726 2203 3795 perdendum
2227 3725 2455 3789 animas,
2487 3733 2542 3775 ut
2579 3722 2808 3776 avaritia
2833 3722 2950 3789 plus
2978 3720 3245 3775 haberent.
3286 3720 3455 3776 Occa-

1887 3817 2096 3871 sionem
2157 3816 2318 3878 lucri,
2351 3814 2550 3883 inquit,
2609 3813 2886 3866 faciebant
2929 3811 3216 3880 imperium
3271 3814 3451 3868 sortiti

1886 3907 2118 3975 injustas
2157 3904 2355 3967 credes,
2403 3911 2457 3957 et
2493 3918 2634 3978 quos
2682 3902 2973 3971 oportebat
3021 3915 3210 3955 eorum
3254 3903 3457 3973 quibus

1887 3999 2039 4053 ﬁeret
2066 3997 2267 4066 injuria
2299 4001 2737 4064 propugnatores
2768 4008 2910 4058 esse,
2947 3992 2983 4045 ii
3026 4006 3218 4046 eorum
3256 3993 3347 4060 qui
3375 3994 3457 4049 in-

1881 4087 2082 4157 juriam
2120 4084 2401 4139 faciebant
2430 4091 2616 4153 partes
2654 4082 3047 4151 sequebantur.
3083 4078 3223 4134 Hinc
3250 4081 3314 4133 ad
3335 4098 3457 4152 pro-

1886 4179 2080 4248 phetas
2107 4177 2432 4247 digreditur,
2466 4174 2580 4227 haec
2608 4173 2844 4242 loquens
2875 4189 2888 4225 :

1955 4264 2123 4319 Vnus.
2152 4264 2245 4318 ‘28.
2298 4262 2363 4318 Et
2396 4262 2660 4331 prophetae
2698 4261 2812 4329 ejus
2846 4271 3090 4331 ungentes
3151 4261 3292 4315 illos.
3343 4261 3457 4315 Hoc

1889 4357 2015 4413 item
2053 4371 2218 4425 supra
2243 4354 2402 4418 dixit,
2445 4369 2569 4407 eum
2598 4352 2837 4416 doceret,
2871 4367 3087 4405 murum
3119 4353 3262 4405 male
3285 4366 3313 4403 a
3354 4366 3453 4420 ρο-

233 4438 313 4525 ίον
333 4459 430 4512 ὑπὸ
444 4459 536 4513 τοῦ
557 4458 691 4513 λαοῦ
712 4428 901 4512 κάκιον
925 4457 1029 4512 ὑπὸ
1052 4457 1160 4510 τῶν
1172 4428 1627 4526 ψευδοπρορητῶν
1643 4456 1779 4509 ἀλει-

1892 4451 2020 4520 pulo
2056 4455 2437 4503 constructum
2495 4444 2651 4514 pejus
2701 4458 2731 4496 a
2786 4442 2942 4498 falsis
2973 4442 3254 4512 prophetis
3293 4442 3457 4495 inun-

236 4546 491 4608 φθέντατω
538 4550 761 4616 διδάξας
786 4565 798 4577 ⁸
828 4548 1131 4611 ἐϐεϐαίουν,
1157 4548 1342 4617 φησὶν,
1380 4547 1429 4599 οί
1460 4546 1782 4614 καλούμενοι

230 4638 505 4707 προφῆται,
521 4639 592 4694 τὰ
616 4640 805 4702 κακῶς
836 4637 941 4690 ὑπὸ
960 4637 1069 4691 τῶν
1098 4637 1375 4709 ἀρχόντων
1397 4636 1676 4704 γινόμενα,
1691 4654 1782 4690 κο-

228 4724 549 4794 λακευτικοῖς
575 4730 905 4802 κεχρημένοι
943 4729 1140 4798 λόγοις,
1163 4729 1257 4782 καὶ
1288 4729 1385 4792 τὰς
1421 4728 1593 4800 ἀρχὰς
1620 4728 1752 4798 θερα
1771 4758 1782 4769 ο

231 4817 396 4871 πεύειν
433 4822 826 4892 δεδιδαγμένοι.
868 4817 1002 4877 Elea.
1048 4821 1146 4891 τὴν
1176 4817 1381 4873 τούτων
1408 4819 1674 4890 τιμωρίαν
1707 4819 1783 4871 δι-

228 4906 464 4963 δάσκει-ι
501 4911 1119 4985 Πεσοῦνταιτ¹ὁρῶντες
1139 4913 1363 4982 μάταια,
1399 4911 1784 4981 μαντευόμενοι

228 4996 398 5070 ψευδῆ,
432 5001 722 5072 λέγοντες,
766 5004 903 5057 Τάδε
949 4996 1096 5074 λέγει
1146 5001 1372 5055 Ἀδωναῒ
1418 5001 1657 5073 Κύριος,
1683 5001 1774 5054 καὶ

291 5122 310 5149 ε
344 5111 471 5182 Cap.
502 5129 622 5167 xm.

1889 4548 2037 4596 ctum
2090 4553 2233 4594 esse.
2274 4534 2719 4601 Confirmabant,
2766 4534 2971 4601 inquit,
3030 4531 3125 4602 qui
3180 4531 3457 4601 propheta:

1888 4631 2249 4693 vocabantur,
2292 4642 2354 4681 ea
2401 4642 2523 4696 qua:
2571 4640 2599 4677 a
2641 4624 2987 4694 principibus
3030 4637 3315 4692 perperam
3364 4622 3458 4677 ﬁe-

1888 4724 2042 4787 bant,
2062 4719 2387 4775 adulatoriis
2407 4716 2585 4772 verbis
2602 4716 2706 4779 usi,
2722 4723 2777 4769 et
2796 4714 2961 4785 859
2974 4712 3103 4767 nodi
3117 4713 3457 4783 principibus

1890 4812 2117 4882 obsequi
2143 4809 2344 4864 edocti.
2376 4806 2582 4861 Deinde
2618 4805 2813 4858 horum
2851 4804 3012 4857 docet
3067 4802 3395 4870 supplicium
3438 4819 3453 4857 :

1899 4927 1917 4960 ι
1977 4904 2186 4961 Cadent
2247 4900 2495 4956 videntes
2554 4913 2714 4967 vana,
2781 4896 3093 4950 divinantes
3148 4894 3453 4956 mendacia,

1883 4997 2126 5051 dicentes
2156 5012 2167 5047 :
2200 4991 2327 5046 llaec
2358 4990 2494 5045 dicit
2531 4990 2739 5045 Adonai
2792 4989 3081 5052 Dominus,
3105 4996 3159 5043 et
3189 4987 3454 5044 Dominus

1471 5177 1706 5232 VABIAE
1748 5175 2147 5232 LECTIONES.

288 5300 347 5372 f:
365 5296 567 5372 *Εἰς-ς
605 5301 754 5372 μέσῳ
770 5301 966 5372 αὐτῆς.
998 5299 1156 5372 Henr.
1190 5297 1511 5372 anjuratio
1544 5296 1938 5372 prophetarum
1964 5295 2090 5372 ejus
2112 5303 2196 5372 est
2240 5295 2292 5347 in
2333 5292 2510 5348 medio
2555 5290 2698 5372 eius.
2751 5289 3014 5372 “Ifdzgp—
3040 5284 3452 5372 eos.nAliter.ot

229 5365 372 5441 LXX.
445 5371 489 5402 "
531 5371 573 5423 Β
605 5365 966 5441 evomam.
1018 5370 1092 5441 7“
1129 5371 1179 5422 in
1227 5368 1268 5421 Β
1307 5365 1597 5441 mutatum
1710 5366 1949 5441 ΔςΞιναγές.

2050 5366 2092 5394 εθ
2141 5364 2178 5415 Β
2221 5356 2709 5433 συγκεχωρημένα.
2796 5358 2960 5433 ’.ο-ἐϐ.
3004 5356 3262 5433 μελςίῐρ.
3305 5357 3456 5424 prior

229 5436 339 5492 hab.
368 5441 496 5509 μοι.)
538 5440 579 5492 B
600 5425 971 5510 ἐϐεϐηλούμην
1011 5440 1166 5509 juxta
1203 5453 1317 5493 rec.
1352 5439 1476 5493 lect.
1535 5437 1602 5467 ⁷⁰”
1628 5436 1669 5489 Β
1699 5425 2000 5503 aletes/ta.
2058 5435 2099 5466 τί
2127 5451 2250 5487 πεσ.
2282 5425 2442 5487 Hebr.
2481 5425 2729 5486 cemento
2752 5428 3054 5498 (obducunt
3083 5425 3250 5496 illos).
