3840 6202
264 303 394 370 1033

1343 307 1423 368 IN
1458 304 1900 367 EZECIIIELIS
1927 304 2085 367 CAP.
2116 296 2338 368 XXIII.

3362 302 3508 369 10343

1615 616 2002 705 ΤΟΜΟΣ
2075 610 2220 705 Θ’.

1450 923 1804 1092 LIBER
1877 961 2325 1056 NONUS.

754 1305 1149 1363 ΚΕΦᾹΛΑῙΟΝ
1206 1308 1334 1364 ΚΡ.

315 1407 469 1472 α’-γ’.
509 1399 620 1455 Kal
651 1399 887 1470 ἐγένετο
932 1399 1115 1468 λόγος
1153 1399 1375 1468 Κυρίου
1407 1398 1557 1468 πρὸς
1582 1399 1682 1469 μὲ,
1724 1396 1823 1454 λέο

241 1509 392 1563 των·
463 1490 563 1546 Υἱὲ
621 1489 971 1562 ἀνθρώπου,
1001 1489 1113 1545 δύο
1162 1484 1444 1560 γυναῖκες
1496 1483 1691 1560 ἦσαν,
1719 1490 1822 1544 θυ-

240 1584 490 1656 γατέρες
525 1582 756 1654 μητρὸς
785 1581 1090 1653 μιᾶς-,Καὶ
1123 1580 1577 1650 ὲξεπόρνευσαν
1626 1579 1697 1635 ἐν
1726 1581 1827 1634 Al-

244 1680 468 1747 γύπτφ.
512 1677 602 1729 Ἐν
661 1675 760 1746 μὲν
820 1674 934 1738 τοῖς
984 1673 1423 1746 ήρμηνευμένοις
1475 1673 1693 1727 ἅπαντα
1733 1671 1824 1726 τὸν

241 1767 371 1820 λαὸν
415 1767 549 1838 μίαν
579 1765 829 1836 ὠνόμασε
878 1764 1086 1837 πόρνην
1108 1780 1120 1793 ·
1150 1759 1231 1829 εἷς
1260 1764 1368 1838 γὰρ
1396 1765 1491 1818 καὶ⁵
1520 1764 1621 1836 τὴν
1649 1763 1824 1836 ἀρχὴν

239 1855 371 1920 λαὸς
419 1857 795 1928 ἐχρημάτισεν
822 1871 837 1886 ’
882 1854 1070 1926 ἐπειδὴ
1116 1854 1173 1909 δὲ
1224 1854 1318 1908 ἐπὶ
1371 1854 1467 1908 τοῦ
1504 1853 1743 1925 Ῥοϐοὰμ
1787 1856 1820 1925 ἡ

237 1946 513 2020 διαίρεσις
561 1948 801 2018 ἐγένετο,
827 1948 922 2002 καὶ
966 1948 1015 2001 οἱ
1067 1949 1166 2016 μὲν
1210 1946 1449 2019 Ἐφρατμ
1483 1947 1578 2001 καὶ
1604 1947 1824 2019 Ἰσραὴλ

234 2038 592 2110 ὠνομάζοντο
616 2082 629 2105 ,
663 2042 710 2093 οἱ
773 2039 829 2093 δὲ
867 2040 1086 2104 Ἰούδας,
1136 2038 1364 2104 εἰκότως
1396 2039 1490 2093 καὶ⁵
1517 2037 1598 2111 τῷ
1644 2056 1824 2108 παραο

237 2128 444 2199 ϐολικῷ
475 2130 571 2183 καὶ⁸
602 2127 844 2200 τροπικῷ
873 2122 1004 2182 εἴδει
1049 2128 1189 2182 κατὰ
1224 2127 1487 2199 διαίρεσιν
1512 2128 1777 2201 κέχρηται
1802 2146 1818 2163 ⁶

235 2219 396 2272 καλεί
417 2219 479 2272 δὲ
512 2219 708 2280 αὐτοὺς
738 2216 844 2271 ἀπὸ
862 2217 971 2271 τῶν
1005 2217 1411 2288 μητροπόλεων,
1430 2216 1527 2283 τὰς
1560 2217 1659 2288 μὲν
1688 2218 1820 2273 δέκα

236 2309 418 2380 φυλὰς
455 2309 567 2364 ἀπὸ
602 2309 934 2380 Σαμαρείας,
955 2309 1044 2362 τὸν
1070 2310 1128 2364 δὲ
1165 2308 1363 2362 Ἰούδαν
1387 2310 1481 2363 καὶ
1505 2310 1596 2364 τὸν
1633 2308 1822 2365 Βενια-

237 2400 329 2469 μὶν
344 2399 463 2452 ἀπὸ
484 2398 581 2468 τῆς
595 2397 950 2469 Ἰερουσαλήμ
970 2412 984 2428 ο
1009 2396 1157 2465 λέγει
1171 2396 1226 2450 δὲ
1248 2397 1419 2460 αὐτὰς
1436 2396 1641 2470 μητρὸς
1669 2400 1816 2469 μιᾶς,

233 2493 297 2547 οὗ
355 2491 526 2561 μόνον
557 2488 645 2543 διὰ
689 2488 787 2562 τὴν
825 2489 954 2560 μίαν
993 2489 1154 2561 ῥίζαν
1204 2488 1298 2543 τοῦ
1337 2489 1550 2559 γένους,
1581 2489 1694 2543 ἀλλ’
1738 2491 1819 2544 ὅτι

234 2582 326 2633 καὶ
382 2578 531 2633 κατὰ
564 2580 664 2652 τὴν
692 2580 969 2642 ἀσέϐειαν,
1006 2579 1137 2652 μίαν
1166 2579 1324 2651 ἔσχον
1360 2580 1571 2653 μητέρα
1600 2582 1699 2654 τὴν
1726 2581 1820 2635 Δῖ-

1856 1319 1906 1376 Α

2390 1296 2395 1301 ’
2487 1307 2716 1367 CAPUT
2757 1306 2945 1367 xxm.
3396 1388 3405 1393 _

1996 1394 2163 1454 Vens.
2203 1395 2321 1455 1-3.
2366 1397 2436 1453 Et
2462 1401 2662 1471 factum
2693 1410 2771 1458 est
2801 1403 3012 1458 verbum
3051 1403 3270 1462 Domim‘
3295 1407 3364 1462 ad
3397 1420 3495 1466 me.

1925 1490 2103 1547 dicem
2130 1507 2149 1546 :
2178 1489 2291 1546 Fili
2319 1491 2571 1557 hominis.
2604 1495 2725 1551 dua:
2748 1496 2996 1553 mulieres
3025 1507 3201 1564 erant,
3234 1499 3364 1570 ﬁlia:
3392 1518 3499 1554 ma-

1929 1586 2026 1639 tris
2074 1584 2255 1641 unius.
2302 1582 2373 1639 Et
2425 1586 2705 1656 fornicata:
2747 1597 2871 1645 sunt
2916 1590 2973 1644 in
3028 1588 3284 1663 Egypto.
3329 1591 3388 1649 ln
3425 1590 3500 1650 iis

1927 1692 2047 1748 qum
2087 1677 2441 1748 interpretati
2472 1695 2696 1746 sumus,
2747 1696 2967 1740 omnem
3017 1686 3280 1756 populum
3331 1701 3496 1741 unam

1926 1771 2271 1825 meretricem
2308 1775 2669 1843 nuncupavit.
2699 1771 2853 1831 Unus
2885 1777 3032 1832 enim
3063 1776 3299 1848 populus
3330 1778 3498 1832 etiam

1926 1872 1956 1912 a
2003 1858 2275 1930 principio
2307 1868 2535 1917 vocatus
2576 1862 2675 1917 fuit
2706 1882 2718 1919 :
2765 1881 2890 1919 cum
2924 1881 3054 1921 vero
3089 1878 3350 1937 regnante
3388 1866 3504 1921 Ro-

1923 1952 2122 2008 boamo
2161 1951 2304 2007 facta
2334 1963 2481 2008 esset
2511 1952 2737 2018 divisio,
2761 1964 2817 2010 et
2853 1955 2908 2011 lii
2939 1954 3204 2027 Ephraim
3241 1968 3296 2014 et
3333 1958 3497 2015 Israel

1922 2042 2084 2115 861
2122 2045 2561 2111 nominarentur,
2612 2047 2668 2102 hi
2700 2064 2830 2105 vero
2858 2048 3020 2113 Juda,
3045 2051 3171 2120 jure
3199 2053 3366 2107 etiam
3392 2069 3487 2125 pa.

1922 2134 2171 2189 rabolica
2200 2140 2254 2190 et
2303 2136 2516 2208 tropica
2557 2136 2795 2196 formula
2833 2142 3134 2198 secundum
3170 2145 3495 2202 divisionem

1922 2243 2060 2284 usus
2101 2233 2220 2294 est;
2275 2237 2546 2299 vocatque
2592 2229 2745 2300 ipsos
2792 2246 2822 2286 a
2854 2234 3273 2304 metrOpolibus,
3308 2236 3496 2292 decem

1922 2318 2142 2390 quidem
2175 2317 2356 2375 tribus
2389 2334 2418 2373 a
2449 2318 2717 2385 Samaria,
2757 2319 2954 2378 Judam
2991 2334 3173 2381 autem
3214 2336 3267 2383 et
3294 2327 3498 2399 Benja-

1921 2409 2037 2466 min
2076 2411 2145 2466 ab
2179 2407 2565 2483 Hierosolyma
2598 2432 2612 2469 :
2663 2416 2973 2487 asseritque
3016 2433 3111 2474 eas
3161 2419 3329 2475 unius
3358 2420 3498 2476 fuis-

1921 2518 1983 2561 se
2019 2505 2236 2571 matris,
2268 2521 2379 2561 non
2417 2507 2595 2562 solum
2633 2515 2860 2579 propter
2890 2526 3056 2565 unam
3105 2514 3328 2584 generis
3361 2515 3495 2570 stir-

1923 2611 2067 2664 pem,
2106 2599 2202 2654 sed
2252 2600 2415 2655 etiam
2464 2600 2594 2670 quia
2653 2602 2959 2657 secundum
3012 2605 3345 2674 impietatem
3399 2609 3496 2663 lia.

230 2672 449 2738 γυπτοῖν
474 2684 488 2698 ⁸
522 2669 616 2723 καὶ
642 2669 751 2741 γὰρ
779 2670 1036 2742 ἀνωτέρω
1064 2670 1343 2741 τροπικῶς
1369 2671 1469 2744 τὴν
1492 2672 1592 2743 μὲν
1613 2673 1811 2746 μητέρα

1925 2660 2164 2742 buerunt
2201 2703 2365 2743 unam
2396 2660 2646 2753 matrem,
2683 2688 3005 2763 Egyptum.
3052 2660 3269 2750 Etenim
3302 2696 3358 2751 in
3390 2713 3490 2754 su-

240 2759 428 2814 αὺτῶν
461 2762 764 2827 Χετταῖον,
813 2761 1152 2831 Ἀμορῤαῒον
1194 2762 1250 2815 δὲ
1287 2762 1380 2817 τὸν
1410 2764 1622 2835 πατέρα
1650 2779 1822 2835 προσ-

1925 2777 2239 2848 perioribus
2296 2795 2394 2850 per
2458 2781 2876 2838 translationem
2946 2792 3177 2842 matrem
3246 2787 3493 2859 ipsorum

238 2851 565 2922 ηγόρευσεν.
593 2846 762 2906 Αὖται
794 2854 996 2922 τοίνυν,
1022 2855 1188 2925 φησὶν
1218 2856 1287 2921 ⁷⁸,
1319 2855 1718 2929 ὲξεπόρνευσαν
1765 2861 1811 2914 ὲκ

1925 2846 2235 2934 Cheltwam,
2284 2846 2338 2925 ἐι
2359 2869 2725 2927 Amorrhamm
2758 2883 2969 2944 patrem
3022 2846 3338 2946 appellavit.
3397 2880 3494 2936 llic

234 2940 506 3012 Αἰγύπτῳ
528 2958 543 2972 ·
573 2938 692 2997 εἶτα
736 2944 833 2996 καὶ
863 2943 955 2997 τὸν
986 2944 1180 3015 χρόνον
1230 2944 1398 3015 δηλοῖ.
1424 2965 1442 2997 ι
1489 2947 1578 3002 Ἐν
1608 2950 1675 3019 τῇ
1706 2949 1820 3003 νεό-

1924 2957 2088 3029 igitur
2130 2957 2414 3016 fornicata:
2448 2970 2596 3027 sunt,
2641 2963 2837 3034 inquit,
2884 2965 2940 3020 in
2978 2964 3232 3038 Egypto.
3280 2969 3491 3027 Deinde

231 3049 352 3104 τητι
407 3033 595 3088 αὐτῶν
626 3036 989 3106 ἐπόρνευσανο
1021 3037 1140 3090 ἐκεῖ
1182 3036 1376 3090 ἔπεσον
1407 3039 1456 3090 οἱ
1487 3039 1683 3109 μαστοὶ
1728 3041 1811 3095 αὐ·

1921 3049 2089 3104 etiam
2116 3056 2332 3122 tempus
2364 3052 2604 3108 declarat
2643 3071 2659 3110 :
2692 3033 2727 3107 «ί
2749 3054 2810 3111 ln
2843 3033 3218 3115 adolescentia
3242 3076 3341 3117 sua
3374 3062 3490 3118 for-

230 3126 361 3191 τῶν,
389 3127 493 3178 καὶ
529 3128 648 3179 ἐκεῖ
688 3127 1247 3200 διεπαρθενεύθησαν.
1291 3146 1311 3181 ι
1340 3129 1402 3182 0i
1436 3129 1535 3199 μὲν
1574 3130 1683 3203 γὰρ
1715 3146 1818 3185 πα-

1922 3138 2118 3193 nicatat
2146 3146 2316 3196 sunt:
2366 3139 2442 3197 ibi
2487 3141 2815 3198 ceciderunt
2846 3145 3016 3201 ubera
3053 3161 3266 3215 earum,
3302 3149 3492 3222 ibique

226 3218 389 3288 τέρες
417 3217 623 3280 αὐτῶν,
661 3219 949 3290 Ἀϐραὰμ,
981 3218 1076 3273 καὶ
1114 3220 1296 3272 Ἰσαὰκ
1318 3263 1333 3285 ,
1368 3219 1464 3273 καὶ
1510 3220 1727 3285 Ἰακὼϐ,
1760 3223 1811 3275 ἔν

1919 3227 2278 3302 ᾶενίιδεῑηοιεε
2320 3239 2468 3289 sunt.
2511 3251 2530 3282 ι
2567 3230 2760 3291 Patres
2806 3236 2952 3291 enim
2998 3239 3266 3308 ipsorum,
3312 3217 3488 3298 Abra-

228 3309 496 3380 εὐσεϐείᾳ
539 3309 860 3380 διέλαμψαν,
898 3310 993 3363 καὶ
1038 3309 1132 3364 τοῦ
1175 3308 1372 3364 Ἰακὼϐ
1399 3310 1454 3364 δὲ
1480 3312 1539 3382 ⁹οἱ
1563 3311 1611 3344 ⁷⁸
1632 3312 1816 3378 παῖδες

222 3401 519 3473 διέμειναν
556 3402 998 3472 εἰδωλολατρεὶας
1040 3402 1310 3473 ἀμύητοι·
1334 3404 1384 3456 οἱ
1409 3402 1468 3456 δὲ
1502 3403 1561 3468 ἐξ
1592 3403 1815 3457 ἐκείνων

226 3494 439 3563 φύντες
471 3495 538 3546 ὲκ
561 3495 663 3564 τῆς
696 3494 754 3548 ἐν
786 3493 1048 3565 Αἰγύπτῳ
1069 3493 1346 3564 διαγωγῆς
1380 3493 1813 3567 μετέμαθονντὴν

223 3584 496 3639 ἀσέϐειαν
529 3598 543 3612 ο
575 3584 805 3655 νεότητα
841 3585 901 3639 δὲ
936 3584 1116 3638 αὐτῶν
1160 3583 1316 3638 καλεῖ
1344 3584 1443 3653 τῆς
1490 3586 1572 3648 εἰς
1611 3583 1812 3656 πλῆθος

222 3675 535 3739 ἐπιδόσεως
587 3675 688 3744 τὴν
730 3675 910 3746 ἀρχήν
948 3691 964 3707 ο
995 3674 1293 3747 διαφθορὰν
1329 3675 1385 3729 δὲ
1440 3675 1535 3729 καὶ
1591 3675 1812 3746 μαστῶν

221 3765 474 3828 πτῶσιν,
498 3764 608 3818 τῶν
625 3764 900 3817 δυσσεϐῶν
926 3764 1211 3835 δογμάτων
1231 3765 1330 3837 τὴν
1347 3766 1493 3838 μάθη
1502 3782 1602 3820 σιν.
1623 3766 1808 3821 Καθά-

217 3872 325 3928 περ
348 3856 476 3929 γὰρ
505 3855 793 3910 ἀκολουθεῖ
826 3859 894 3928 τῇ
922 3858 1020 3927 τῆς
1052 3857 1352 3928 παρθενίας
1379 3857 1671 3930 ἀφαιρέσει
1700 3857 1809 3912 τῶν

220 3947 460 4018 μαστῶν
492 3949 527 4018 ή
580 3947 876 4019 χαυνότηςο
916 3947 1058 4001 οὓτω
1089 3951 1156 4020 τῇ
1199 3948 1264 4002 ὲκ
1311 3947 1448 4001 Θεοῦ
1509 3949 1806 4004 ἀποστάσει

106 4058 118 4068 ·
216 4040 426 4094 ἕπεται
460 4037 557 4092 τοῦ
581 4041 640 4092 ὲν
659 4040 794 4109 ἡμῖν
819 4038 1149 4110 ἡγεμονικοῦ
1192 4040 1225 4111 ή
1260 4039 1615 4104 κατάπτωσις
1637 4054 1653 4070 ·
1683 4040 1806 4094 τού-

214 4146 309 4186 του
350 4130 475 4200 γὰρ
498 4130 661 4182 οἱονεὶ
693 4129 1024 4200 καλύμματα
1068 4129 1163 4183 καὶ
1198 4129 1561 4202 προϐλήματά
1592 4133 1729 4185 εἰσιν
1754 4132 1804 4185 οε

217 4220 451 4291 μαστοί.
487 4216 621 4273 Εἶτα
674 4220 859 4291 ἐπειδὴ
912 4220 1299 4292 παραϐολικῶς
1328 4225 1594 4291 γυναῖκας
1635 4222 1804 4288 αὐτὰς

212 4313 501 4382 ὠνόμασε,
532 4311 627 4365 καὶ
679 4312 919 4382 ὀνόματα
969 4312 1159 4377 αὐταῖς
1202 4314 1478 4383 ἐπιτίθησι
1523 4316 1802 4383 γυναικῶν

210 4419 385 4457 τινων
434 4401 772 4470 Αἰγυπτίων,
804 4405 1090 4474 ἐπισήμων
1120 4405 1179 4459 ὲν
1207 4404 1473 4477 ἀκολασίᾳ
1500 4407 1802 4477 γεγενημέ-

212 4512 345 4562 νων,
377 4495 521 4566 φησὶ
550 4493 609 4547 δέ
626 4510 643 4528 ο

282 4761 349 4815 δ’.
386 4759 499 4815 Kal
533 4758 606 4814 τὰ
636 4760 896 4829 ὀνόματα
925 4758 1123 4814 αὐτῶν
1154 4748 1372 4814 Ὀοιιλὰ
1421 4762 1441 4794 ⁷
1467 4762 1505 4831 ἠ
1530 4765 1793 4831 apag-6v-

209 4853 381 4920 τέρα,
424 4851 527 4906 καὶ
592 4854 818 4906 Ὀολιϐὰ
871 4852 1127 4919 νεωτέρα
1156 4854 1193 4921 ἠ
1226 4854 1276 4886 ⁷⁸
1308 4853 1547 4924 ἀδελφὴ
1580 4854 1795 4925 αὐτῆς.

207 4943 645 5014 Αἱνιγματωδῶς
671 4944 738 4997 τὰ
760 4944 1001 5015 πρότερα
1031 4943 1222 5007 εἰπὼν,
1254 4945 1347 4998 ἐπὶ
1381 4946 1444 4999 τὸ
1467 4947 1797 5020 σαφέστερον

208 5037 396 5105 ἤγαγε
443 5034 537 5087 τὸν
571 5033 756 5102 λόγον,
793 5036 890 5087 καὶ
922 5034 1031 5086 τῶν
1076 5035 1311 5104 ἑταιρῶν
1351 5036 1575 5090 ἐκείνων
1608 5053 1797 5105 γυναι-

208 5126 326 5178 κῶν
363 5124 741 5196 ἐμνημόνευσε
761 5166 775 5189 ,
807 5125 906 5195 τὴν
947 5126 1285 5195 κατηγορίαν
1313 5126 1516 5192 αὔξων,
1541 5128 1795 5199 αἴσθησιν

208 5221 405 5282 αὐτοῖς
433 5218 535 5287 τῆς
563 5219 816 5283 ἀσεϐείας
836 5219 924 5273 διὰ
950 5222 1043 5274 τοῦ
1081 5223 1523 5292 παραδείγματος
1555 5223 1790 5278 ἐνθεῖναι

209 5310 568 5381 βουλόμενος.
596 5306 726 5365 Εἶτα
780 5313 883 5382 τὴν
932 5314 1013 5377 εἰς
1055 5314 1252 5378 αὐτοὺς
1284 5315 1413 5386 παρ’
1443 5313 1605 5368 αὐτοῦ
1638 5332 1786 5384 γενο-

1919 3318 2069 3384 liam,
2109 3326 2165 3376 et
2192 3318 2364 3386 Isaac,
2391 3331 2444 3378 et
2481 3318 2691 3388 Iacob,
2729 3322 2930 3395 pietate
2977 3327 3394 3396 splenduerunt,
3435 3344 3488 3388 ct

1915 3405 2104 3465 Jacobi
2138 3409 2231 3465 lilii
2270 3411 2344 3466 ita
2376 3413 2396 3434 "
2438 3425 2880 3484 permanserunt,
2905 3426 2965 3472 ut
2999 3418 3326 3478 idololatriae
3367 3439 3487 3496 my-

1916 3499 2103 3556 steriis
2154 3501 2379 3557 minime
2423 3502 2786 3561 initiarentur
2829 3522 2842 3559 :
2879 3523 3067 3564 verum
3112 3511 3205 3582 qui
3255 3528 3322 3569 ex
3376 3517 3485 3572 ills

1916 3590 2190 3658 procreati
2233 3600 2387 3657 sunt,
2444 3608 2567 3648 cum
2622 3595 2675 3649 in
2712 3595 2951 3669 Egypto
2983 3614 3482 3671 commorarentur,

1913 3678 2247 3748 impietatem
2312 3681 2645 3740 didicerunt.
2694 3684 2761 3741 Et
2817 3688 3244 3747 adolescentiam
3291 3710 3481 3751 eorum

1909 3778 2072 3823 vocat
2118 3770 2338 3829 initium
2382 3774 2529 3831 unde
2569 3780 2723 3851 tanta
2757 3780 2932 3834 crevit
2981 3782 3279 3840 multitudo
3309 3805 3323 3841 :
3359 3802 3483 3843 cor-

1910 3862 2222 3931 ruptionem
2248 3880 2380 3922 vero
2417 3874 2472 3923 et
2499 3883 2863 3926 mammarum
2896 3872 3134 3945 lapsum,
3183 3876 3479 3948 impiorum

1910 3952 2224 4023 dogmatum
2262 3955 2595 4014 doctrinam.
2642 3960 3120 4028 Quemadmodum
3166 3970 3314 4024 enim
3361 3973 3481 4027 vin-

1909 4042 2076 4098 latam
2122 4045 2494 4117 virginitatem
2542 4065 2903 4109 mammarum
2946 4056 3144 4115 laxitas
3189 4067 3479 4136 consequi-

1913 4140 2042 4189 tur:
2085 4134 2161 4191 ita
2195 4150 2319 4191 cum
2356 4138 2479 4208 quis
2534 4153 2563 4192 a
2595 4139 2706 4196 Deo
2743 4143 3025 4210 defecerit,
3062 4150 3312 4219 sequitur
3358 4134 3478 4223 ejus

1908 4227 2105 4296 partis,
2152 4243 2273 4298 quae
2312 4228 2367 4288 in
2409 4231 2569 4287 nobis
2604 4233 2972 4304 principatum
3011 4237 3241 4308 obtinet,
3290 4258 3477 4311 casus,

1908 4317 2068 4388 Cujus
2087 4319 2254 4373 veluti
2275 4328 2588 4392 tegumenta
2616 4331 2669 4377 et
2697 4324 3019 4381 indumenta
3051 4339 3180 4384 sunt
3200 4348 3475 4394 mamma.

1910 4405 2046 4462 Tum
2079 4408 2210 4479 quia
2248 4425 2344 4481 per
2373 4412 2787 4468 similitudinem
2823 4417 3082 4474 mulieres
3114 4420 3267 4490 ipsas
3298 4427 3475 4479 nomi-

1905 4494 2080 4587 navit,
2129 4498 2420 4553 mulierum
2467 4516 2686 4572 quoque
2713 4505 3079 4573 quarumdam
3131 4509 3189 4565 in
3234 4512 3475 4587 Egypto

1909 4585 1980 4640 ob
2007 4587 2486 4657 intemperantiam
2534 4591 2835 4665 insignium
2880 4596 3015 4668 ipsis
3044 4602 3270 4658 nomina
3299 4585 3477 4680 impo-

1909 4675 2013 4740 nit,
2034 4677 2220 4747 aitque
2251 4698 2266 4735 :

1977 4766 2145 4824 Visus.
2195 4768 2251 4826 4.
2301 4769 2371 4825 Et
2403 4775 2617 4830 nomina
2645 4791 2828 4832 earum
2870 4776 3030 4837 Oolla
3065 4785 3259 4854 senior,
3287 4798 3335 4843 et
3366 4788 3476 4847 00-

1901 4859 2009 4914 liba
2031 4860 2219 4929 junior
2244 4879 2396 4918 soror
2441 4865 2575 4934 ejus.
2622 4865 2758 4924 Cum
2801 4873 3085 4943 superiora
3130 4880 3473 4952 :enigmatice

1900 4951 2151 5019 dixisset,
2204 4954 2271 5009 ad
2316 4955 2371 5010 id
2412 4957 2747 5029 δακρυοά
2800 4965 3038 5033 apertius
3077 4978 3159 5024 est
3193 4951 3474 5033 transtulit

1899 5045 2228 5110 orationem,
2262 5054 2318 5102 et
2365 5051 2712 5106 meretricum
2752 5054 2977 5119 illarum.
3003 5063 3292 5120 mulierum
3325 5083 3477 5123 men-

1899 5135 2103 5190 tionem
2134 5137 2281 5204 l'ecit,
2305 5141 2716 5199 accusationem
2742 5148 3109 5218 ampliﬁcatis,
3133 5154 3261 5210 dum
3293 5162 3465 5231 cupit,

1898 5226 2198 5295 impietatis
2234 5243 2457 5285 sensum
2486 5231 2621 5302 ipsis
2659 5249 2757 5304 per
2793 5243 3102 5313 exemplum
3130 5226 3462 5318 ingenerari.

1899 5316 2102 5374 Deinde
2128 5319 2453 5379 beneficium
2495 5339 2526 5379 a
2566 5342 2625 5383 se
2663 5327 2721 5384 in
2754 5344 2853 5388 eos
2879 5316 3464 5403 profectum‘commb

1496 5491 1729 5549 VARUE
1761 5494 2159 5555 LECTIONES.

279 5629 328 5663 τι
351 5630 430 5684 Ex
460 5628 503 5682 Β
534 5627 717 5708 suppl.
864 5627 935 5680 οἱ.
963 5627 1025 5719 Iin
1060 5625 1506 5719 ‘BJponituLa‘nte
1537 5625 1650 5682 τοῦ.
1730 5626 1773 5657 ⁷⁷
1812 5626 2021 5692 Ὀόλλα.
2063 5639 2118 5687 et
2155 5629 2351 5690 deinde
2392 5632 2621 5690 Ὀολίϐα.
2695 5637 2767 5693 Ita
2811 5656 3044 5712 semper.
3120 5642 3165 5674 "'
3190 5658 3345 5700 νεωτ.
3395 5643 3456 5719 ἡ.

218 5701 419 5757 Exstat
451 5694 668 5753 tantum
704 5697 760 5750 in
783 5695 996 5766 Compl.
1026 5707 1080 5749 et
1103 5697 1218 5749 des.
1248 5698 1298 5749 in
1327 5694 1489 5753 Hebr.

485 5790 764 5850 ΡΑτιιοι.
797 5786 910 5848 Gtt.
945 5787 1202 5847 LXXXI.

3136 5797 3208 5860 33
