  <div class='ocr_page' id='page_1' title='image "/cluster/home/n/w/nwhite01/storage/ocr_20150623/81/mdp.39015078384339/541.png"; bbox 0 0 3840 6202; ppageno 0'>
   <div class='ocr_carea' id='block_1_1' title="bbox 411 298 552 367">
    <p class='ocr_par' dir='ltr' id='par_1_1' title="bbox 411 298 552 367">
     <span class='ocr_line' id='line_1_1' title="bbox 411 298 552 367; baseline 0 -2"><span class='ocrx_word' id='word_1_1' title='bbox 411 298 552 367; x_wconf 81' lang='grc'><strong>1035</strong></span> 
     </span>
    </p>
   </div>
   <div class='ocr_carea' id='block_1_2' title="bbox 1336 272 2602 363">
    <p class='ocr_par' dir='ltr' id='par_1_2' title="bbox 1336 272 2602 363">
     <span class='ocr_line' id='line_1_2' title="bbox 1336 272 2602 363; baseline 0.001 -5"><span class='ocrx_word' id='word_1_2' title='bbox 1336 272 1824 360; x_wconf 71' lang='lat' dir='ltr'><strong>THEODORETI</strong></span> <span class='ocrx_word' id='word_1_3' title='bbox 1857 293 2197 362; x_wconf 83' lang='lat' dir='ltr'><strong>EPISCOPI</strong></span> <span class='ocrx_word' id='word_1_4' title='bbox 2236 296 2602 363; x_wconf 71' lang='lat' dir='ltr'><strong>cmusrs</strong></span> 
     </span>
    </p>
   </div>
   <div class='ocr_carea' id='block_1_3' title="bbox 3510 298 3609 367">
    <p class='ocr_par' dir='ltr' id='par_1_3' title="bbox 3510 298 3609 367">
     <span class='ocr_line' id='line_1_3' title="bbox 3510 298 3609 367; baseline 0.051 -5"><span class='ocrx_word' id='word_1_5' title='bbox 3510 298 3609 367; x_wconf 77' lang='lat'><strong>1036</strong></span> 
     </span>
    </p>
   </div>
   <div class='ocr_carea' id='block_1_4' title="bbox 406 410 1982 487">
    <p class='ocr_par' dir='ltr' id='par_1_4' title="bbox 406 410 1979 484">
     <span class='ocr_line' id='line_1_4' title="bbox 406 410 1979 484; baseline -0.001 -16"><span class='ocrx_word' id='word_1_6' title='bbox 406 421 604 470; x_wconf 84' lang='lat' dir='ltr'><strong>morat.</strong></span> <span class='ocrx_word' id='word_1_7' title='bbox 640 431 659 466; x_wconf 75' lang='grc' dir='ltr'><strong>ι</strong></span> <span class='ocrx_word' id='word_1_8' title='bbox 697 411 761 468; x_wconf 83' lang='lat' dir='ltr'><strong>Et</strong></span> <span class='ocrx_word' id='word_1_9' title='bbox 797 410 1020 469; x_wconf 78' lang='lat' dir='ltr'><strong>fuerunt</strong></span> <span class='ocrx_word' id='word_1_10' title='bbox 1065 410 1223 478; x_wconf 87' lang='lat' dir='ltr'><strong>mihi,</strong></span> <span class='ocrx_word' id='word_1_11' title='bbox 1253 420 1309 467; x_wconf 88' lang='lat' dir='ltr'><strong>et</strong></span> <span class='ocrx_word' id='word_1_12' title='bbox 1352 420 1688 484; x_wconf 89' lang='lat' dir='ltr'><strong>pepererunt</strong></span> <span class='ocrx_word' id='word_1_13' title='bbox 1742 412 1884 469; x_wconf 87' lang='lat' dir='ltr'><strong>ﬁlios</strong></span> <span class='ocrx_word' id='word_1_14' title='bbox 1922 420 1979 468; x_wconf 89' lang='lat' dir='ltr'><strong>et</strong></span> 
     </span>
    </p>
   </div>
   <div class='ocr_carea' id='block_1_5' title="bbox 2089 410 3611 487">
    <p class='ocr_par' dir='ltr' id='par_1_5' title="bbox 2089 412 3611 487">
     <span class='ocr_line' id='line_1_5' title="bbox 2089 412 3611 487; baseline 0.005 -20"><span class='ocrx_word' id='word_1_15' title='bbox 2089 413 2259 485; x_wconf 83' lang='grc' dir='ltr'>μένην</span> <span class='ocrx_word' id='word_1_16' title='bbox 2298 415 2620 486; x_wconf 81' lang='grc' dir='ltr'>εὐεργεσίαν</span> <span class='ocrx_word' id='word_1_17' title='bbox 2660 412 2904 482; x_wconf 79' lang='grc' dir='ltr'>διέξεισι.</span> <span class='ocrx_word' id='word_1_18' title='bbox 2952 434 2972 467; x_wconf 79' lang='grc' dir='ltr'><strong>ι</strong></span> <span class='ocrx_word' id='word_1_19' title='bbox 3012 414 3125 470; x_wconf 76' lang='grc' dir='ltr'>Καὶ</span> <span class='ocrx_word' id='word_1_20' title='bbox 3157 414 3411 486; x_wconf 78' lang='grc' dir='ltr'>ὲγενοντδ</span> <span class='ocrx_word' id='word_1_21' title='bbox 3437 432 3524 487; x_wconf 85' lang='grc' dir='ltr'>μοι,</span> <span class='ocrx_word' id='word_1_22' title='bbox 3545 414 3611 475; x_wconf 68' lang='grc' dir='ltr'>καὶ</span> 
     </span>
    </p>
   </div>
   <div class='ocr_carea' id='block_1_6' title="bbox 409 504 1983 572">
    <p class='ocr_par' dir='ltr' id='par_1_6' title="bbox 409 504 1983 572">
     <span class='ocr_line' id='line_1_6' title="bbox 409 504 1983 572; baseline -0.001 -13"><span class='ocrx_word' id='word_1_23' title='bbox 409 505 569 572; x_wconf 80' lang='lat' dir='ltr'><strong>tilias,</strong></span> <span class='ocrx_word' id='word_1_24' title='bbox 599 512 654 561; x_wconf 87' lang='lat' dir='ltr'><strong>et</strong></span> <span class='ocrx_word' id='word_1_25' title='bbox 688 506 907 561; x_wconf 88' lang='lat' dir='ltr'><strong>nomina</strong></span> <span class='ocrx_word' id='word_1_26' title='bbox 950 518 1165 571; x_wconf 88' lang='lat' dir='ltr'><strong>earum,</strong></span> <span class='ocrx_word' id='word_1_27' title='bbox 1199 504 1447 560; x_wconf 81' lang='lat' dir='ltr'><strong>Samaria</strong></span> <span class='ocrx_word' id='word_1_28' title='bbox 1478 504 1656 570; x_wconf 83' lang='lat' dir='ltr'><strong>Oolla,</strong></span> <span class='ocrx_word' id='word_1_29' title='bbox 1691 512 1747 561; x_wconf 88' lang='lat' dir='ltr'><strong>ct</strong></span> <span class='ocrx_word' id='word_1_30' title='bbox 1791 504 1983 560; x_wconf 88' lang='lat' dir='ltr'><strong>lliero-</strong></span> 
     </span>
    </p>
   </div>
   <div class='ocr_carea' id='block_1_7' title="bbox 408 592 1985 671">
    <p class='ocr_par' dir='ltr' id='par_1_7' title="bbox 408 592 1985 671">
     <span class='ocr_line' id='line_1_7' title="bbox 408 592 1985 671; baseline -0.001 -19"><span class='ocrx_word' id='word_1_31' title='bbox 408 599 617 671; x_wconf 84' lang='lat' dir='ltr'><strong>solyma</strong></span> <span class='ocrx_word' id='word_1_32' title='bbox 664 594 877 652; x_wconf 89' lang='lat' dir='ltr'><strong>Ooliba.</strong></span> <span class='ocrx_word' id='word_1_33' title='bbox 916 614 936 648; x_wconf 73' lang='grc' dir='ltr'><strong>ι</strong></span> <span class='ocrx_word' id='word_1_34' title='bbox 975 592 1447 651; x_wconf 74' lang='lat' dir='ltr'><strong>Consuetudinem</strong></span> <span class='ocrx_word' id='word_1_35' title='bbox 1499 602 1683 650; x_wconf 87' lang='lat' dir='ltr'><strong>autem</strong></span> <span class='ocrx_word' id='word_1_36' title='bbox 1719 602 1773 650; x_wconf 85' lang='lat' dir='ltr'><strong>et.</strong></span> <span class='ocrx_word' id='word_1_37' title='bbox 1805 595 1985 650; x_wconf 52' lang='lat' dir='ltr'><strong>socie.</strong></span> 
     </span>
    </p>
   </div>
   <div class='ocr_carea' id='block_1_8' title="bbox 408 672 1984 760">
    <p class='ocr_par' dir='ltr' id='par_1_8' title="bbox 408 672 1984 760">
     <span class='ocr_line' id='line_1_8' title="bbox 408 672 1984 760; baseline 0.001 -17"><span class='ocrx_word' id='word_1_38' title='bbox 408 697 573 745; x_wconf 87' lang='lat' dir='ltr'><strong>tatem</strong></span> <span class='ocrx_word' id='word_1_39' title='bbox 622 672 1021 743; x_wconf 37' lang='lat' dir='ltr'><strong>vocat&#39;eorum</strong></span> <span class='ocrx_word' id='word_1_40' title='bbox 1075 702 1174 757; x_wconf 88' lang='lat' dir='ltr'><strong>per</strong></span> <span class='ocrx_word' id='word_1_41' title='bbox 1233 687 1407 760; x_wconf 92' lang='lat' dir='ltr'><strong>legem</strong></span> <span class='ocrx_word' id='word_1_42' title='bbox 1459 702 1838 744; x_wconf 86' lang='lat' dir='ltr'><strong>consensum:</strong></span> <span class='ocrx_word' id='word_1_43' title='bbox 1894 688 1984 744; x_wconf 85' lang='lat' dir='ltr'><strong>ille</strong></span> 
     </span>
    </p>
   </div>
   <div class='ocr_carea' id='block_1_9' title="bbox 408 779 1985 852">
    <p class='ocr_par' dir='ltr' id='par_1_9' title="bbox 408 779 1985 852">
     <span class='ocr_line' id='line_1_9' title="bbox 408 779 1985 852; baseline -0.001 -14"><span class='ocrx_word' id='word_1_44' title='bbox 408 785 552 838; x_wconf 85' lang='lat' dir='ltr'><strong>enim</strong></span> <span class='ocrx_word' id='word_1_45' title='bbox 589 782 739 852; x_wconf 88' lang='lat' dir='ltr'><strong>leges</strong></span> <span class='ocrx_word' id='word_1_46' title='bbox 771 779 1001 846; x_wconf 78' lang='lat' dir='ltr'><strong>ferebat,</strong></span> <span class='ocrx_word' id='word_1_47' title='bbox 1026 779 1130 850; x_wconf 83' lang='lat' dir='ltr'><strong>ipsi</strong></span> <span class='ocrx_word' id='word_1_48' title='bbox 1162 795 1220 835; x_wconf 88' lang='lat' dir='ltr'><strong>se</strong></span> <span class='ocrx_word' id='word_1_49' title='bbox 1247 779 1395 851; x_wconf 89' lang='lat' dir='ltr'><strong>leges</strong></span> <span class='ocrx_word' id='word_1_50' title='bbox 1423 780 1567 835; x_wconf 90' lang='lat' dir='ltr'><strong>latas</strong></span> <span class='ocrx_word' id='word_1_51' title='bbox 1591 781 1985 836; x_wconf 75' lang='lat' dir='ltr'><strong>observaturos</strong></span> 
     </span>
    </p>
   </div>
   <div class='ocr_carea' id='block_1_10' title="bbox 406 870 1983 945">
    <p class='ocr_par' dir='ltr' id='par_1_10' title="bbox 406 870 1983 945">
     <span class='ocr_line' id='line_1_10' title="bbox 406 870 1983 945; baseline -0.003 -14"><span class='ocrx_word' id='word_1_52' title='bbox 406 892 530 932; x_wconf 83' lang='lat' dir='ltr'><strong>esse</strong></span> <span class='ocrx_word' id='word_1_53' title='bbox 561 872 985 945; x_wconf 79' lang='lat' dir='ltr'><strong>pollicebantur.</strong></span> <span class='ocrx_word' id='word_1_54' title='bbox 1036 870 1173 926; x_wconf 85' lang='lat' dir='ltr'><strong>lllud</strong></span> <span class='ocrx_word' id='word_1_55' title='bbox 1222 886 1373 940; x_wconf 91' lang='lat' dir='ltr'><strong>vero,</strong></span> <span class='ocrx_word' id='word_1_56' title='bbox 1414 890 1435 925; x_wconf 84' lang='grc' dir='ltr'><strong>ι</strong></span> <span class='ocrx_word' id='word_1_57' title='bbox 1485 881 1819 944; x_wconf 88' lang='lat' dir='ltr'><strong>pepererunt</strong></span> <span class='ocrx_word' id='word_1_58' title='bbox 1850 872 1983 928; x_wconf 89' lang='lat' dir='ltr'><strong>mibi</strong></span> 
     </span>
    </p>
   </div>
   <div class='ocr_carea' id='block_1_11' title="bbox 410 962 1986 1038">
    <p class='ocr_par' dir='ltr' id='par_1_11' title="bbox 410 962 1986 1038">
     <span class='ocr_line' id='line_1_11' title="bbox 410 962 1986 1038; baseline 0.002 -18"><span class='ocrx_word' id='word_1_59' title='bbox 410 967 549 1022; x_wconf 87' lang='lat' dir='ltr'><strong>ﬁlios</strong></span> <span class='ocrx_word' id='word_1_60' title='bbox 568 974 622 1021; x_wconf 90' lang='lat' dir='ltr'><strong>et</strong></span> <span class='ocrx_word' id='word_1_61' title='bbox 641 964 804 1031; x_wconf 85' lang='lat' dir='ltr'><strong>ﬁlias,</strong></span> <span class='ocrx_word' id='word_1_62' title='bbox 831 983 849 1015; x_wconf 74' lang='grc' dir='ltr'><strong>ι</strong></span> <span class='ocrx_word' id='word_1_63' title='bbox 878 962 1143 1030; x_wconf 84' lang='lat' dir='ltr'><strong>declarat,</strong></span> <span class='ocrx_word' id='word_1_64' title='bbox 1163 978 1262 1019; x_wconf 87' lang='lat' dir='ltr'><strong>eos</strong></span> <span class='ocrx_word' id='word_1_65' title='bbox 1280 966 1346 1020; x_wconf 87' lang='lat' dir='ltr'><strong>ad</strong></span> <span class='ocrx_word' id='word_1_66' title='bbox 1359 965 1633 1036; x_wconf 86' lang='lat' dir='ltr'><strong>quoddam</strong></span> <span class='ocrx_word' id='word_1_67' title='bbox 1652 975 1869 1038; x_wconf 86' lang='lat' dir='ltr'><strong>tempus</strong></span> <span class='ocrx_word' id='word_1_68' title='bbox 1883 967 1986 1023; x_wconf 89' lang='lat' dir='ltr'><strong>sub</strong></span> 
     </span>
    </p>
   </div>
   <div class='ocr_carea' id='block_1_12' title="bbox 410 1057 1986 1131">
    <p class='ocr_par' dir='ltr' id='par_1_12' title="bbox 410 1057 1986 1131">
     <span class='ocr_line' id='line_1_12' title="bbox 410 1057 1986 1131; baseline 0.001 -20"><span class='ocrx_word' id='word_1_69' title='bbox 410 1060 526 1130; x_wconf 77' lang='lat' dir='ltr'><strong>lege</strong></span> <span class='ocrx_word' id='word_1_70' title='bbox 543 1057 807 1130; x_wconf 90' lang='lat' dir='ltr'><strong>degentes</strong></span> <span class='ocrx_word' id='word_1_71' title='bbox 832 1058 1033 1129; x_wconf 80' lang='lat' dir='ltr'><strong>pietate</strong></span> <span class='ocrx_word' id='word_1_72' title='bbox 1050 1058 1192 1113; x_wconf 88' lang='lat' dir='ltr'><strong>lilios</strong></span> <span class='ocrx_word' id='word_1_73' title='bbox 1215 1058 1501 1115; x_wconf 86' lang='lat' dir='ltr'><strong>imbuisse.</strong></span> <span class='ocrx_word' id='word_1_74' title='bbox 1520 1057 1800 1115; x_wconf 86' lang='lat' dir='ltr'><strong>Hactenus</strong></span> <span class='ocrx_word' id='word_1_75' title='bbox 1818 1061 1986 1131; x_wconf 78' lang='lat' dir='ltr'><strong>igitur</strong></span> 
     </span>
    </p>
   </div>
   <div class='ocr_carea' id='block_1_13' title="bbox 408 1150 1986 1221">
    <p class='ocr_par' dir='ltr' id='par_1_13' title="bbox 408 1150 1986 1221">
     <span class='ocr_line' id='line_1_13' title="bbox 408 1150 1986 1221; baseline 0.001 -16"><span class='ocrx_word' id='word_1_76' title='bbox 408 1150 774 1205; x_wconf 86' lang='lat' dir='ltr'><strong>communiter</strong></span> <span class='ocrx_word' id='word_1_77' title='bbox 826 1157 1089 1219; x_wconf 90' lang='lat' dir='ltr'><strong>utrosque</strong></span> <span class='ocrx_word' id='word_1_78' title='bbox 1145 1150 1470 1206; x_wconf 82' lang='lat' dir='ltr'><strong>accusavit:</strong></span> <span class='ocrx_word' id='word_1_79' title='bbox 1539 1150 1801 1221; x_wconf 83' lang='lat' dir='ltr'><strong>deinceps</strong></span> <span class='ocrx_word' id='word_1_80' title='bbox 1850 1166 1986 1208; x_wconf 90' lang='lat' dir='ltr'><strong>vero</strong></span> 
     </span>
    </p>
   </div>
   <div class='ocr_carea' id='block_1_14' title="bbox 409 1239 1985 1312">
    <p class='ocr_par' dir='ltr' id='par_1_14' title="bbox 409 1239 1985 1312">
     <span class='ocr_line' id='line_1_14' title="bbox 409 1239 1985 1312; baseline 0.004 -19"><span class='ocrx_word' id='word_1_81' title='bbox 409 1241 548 1296; x_wconf 80' lang='lat' dir='ltr'><strong>facta</strong></span> <span class='ocrx_word' id='word_1_82' title='bbox 584 1241 823 1295; x_wconf 89' lang='lat' dir='ltr'><strong>tribuum</strong></span> <span class='ocrx_word' id='word_1_83' title='bbox 861 1240 1153 1306; x_wconf 82' lang='lat' dir='ltr'><strong>divisione,</strong></span> <span class='ocrx_word' id='word_1_84' title='bbox 1199 1239 1504 1297; x_wconf 88' lang='lat' dir='ltr'><strong>Samariam</strong></span> <span class='ocrx_word' id='word_1_85' title='bbox 1547 1242 1702 1312; x_wconf 86' lang='lat' dir='ltr'><strong>prius</strong></span> <span class='ocrx_word' id='word_1_86' title='bbox 1736 1253 1985 1309; x_wconf 89' lang='lat' dir='ltr'><strong>accusat,</strong></span> 
     </span>
    </p>
   </div>
   <div class='ocr_carea' id='block_1_15' title="bbox 405 1330 1985 1405">
    <p class='ocr_par' dir='ltr' id='par_1_15' title="bbox 405 1330 1985 1405">
     <span class='ocr_line' id='line_1_15' title="bbox 405 1330 1985 1405; baseline 0.002 -18"><span class='ocrx_word' id='word_1_87' title='bbox 405 1348 566 1404; x_wconf 88' lang='lat' dir='ltr'><strong>quam</strong></span> <span class='ocrx_word' id='word_1_88' title='bbox 590 1330 799 1387; x_wconf 89' lang='lat' dir='ltr'><strong>Oollam</strong></span> <span class='ocrx_word' id='word_1_89' title='bbox 829 1332 1131 1388; x_wconf 86' lang='lat' dir='ltr'><strong>nominavit</strong></span> <span class='ocrx_word' id='word_1_90' title='bbox 1158 1351 1172 1388; x_wconf 90' lang='lat'><strong>:</strong></span> <span class='ocrx_word' id='word_1_91' title='bbox 1201 1334 1403 1389; x_wconf 88' lang='lat' dir='ltr'><strong>etenim</strong></span> <span class='ocrx_word' id='word_1_92' title='bbox 1429 1335 1579 1405; x_wconf 90' lang='lat' dir='ltr'><strong>prior</strong></span> <span class='ocrx_word' id='word_1_93' title='bbox 1608 1334 1662 1388; x_wconf 92' lang='lat' dir='ltr'><strong>in</strong></span> <span class='ocrx_word' id='word_1_94' title='bbox 1688 1336 1985 1390; x_wconf 84' lang='lat' dir='ltr'><strong>vitulorum</strong></span> 
     </span>
    </p>
   </div>
   <div class='ocr_carea' id='block_1_16' title="bbox 404 1425 1983 1501">
    <p class='ocr_par' dir='ltr' id='par_1_16' title="bbox 404 1425 1983 1501">
     <span class='ocr_line' id='line_1_16' title="bbox 404 1425 1983 1501; baseline 0.001 -18"><span class='ocrx_word' id='word_1_95' title='bbox 404 1426 735 1496; x_wconf 86' lang='lat' dir='ltr'><strong>impietatem</strong></span> <span class='ocrx_word' id='word_1_96' title='bbox 766 1425 1003 1497; x_wconf 89' lang='lat' dir='ltr'><strong>collapsa</strong></span> <span class='ocrx_word' id='word_1_97' title='bbox 1037 1435 1139 1494; x_wconf 86' lang='lat' dir='ltr'><strong>est,</strong></span> <span class='ocrx_word' id='word_1_98' title='bbox 1177 1425 1233 1481; x_wconf 91' lang='lat' dir='ltr'><strong>in</strong></span> <span class='ocrx_word' id='word_1_99' title='bbox 1278 1426 1417 1483; x_wconf 90' lang='lat' dir='ltr'><strong>duas</strong></span> <span class='ocrx_word' id='word_1_100' title='bbox 1460 1435 1653 1501; x_wconf 84' lang='lat' dir='ltr'><strong>partes</strong></span> <span class='ocrx_word' id='word_1_101' title='bbox 1682 1444 1856 1499; x_wconf 83' lang='lat' dir='ltr'><strong>regno</strong></span> <span class='ocrx_word' id='word_1_102' title='bbox 1897 1429 1983 1484; x_wconf 57' lang='lat' dir='ltr'><strong>di,</strong></span> 
     </span>
    </p>
   </div>
   <div class='ocr_carea' id='block_1_17' title="bbox 406 1533 549 1573">
    <p class='ocr_par' dir='ltr' id='par_1_17' title="bbox 406 1533 549 1573">
     <span class='ocr_line' id='line_1_17' title="bbox 406 1533 549 1573; baseline -0.007 0"><span class='ocrx_word' id='word_1_103' title='bbox 406 1533 549 1573; x_wconf 76' lang='lat' dir='ltr'><strong>VISO.</strong></span> 
     </span>
    </p>
   </div>
   <div class='ocr_carea' id='block_1_18' title="bbox 473 1763 2061 1855">
    <p class='ocr_par' dir='ltr' id='par_1_18' title="bbox 473 1763 2061 1855">
     <span class='ocr_line' id='line_1_18' title="bbox 473 1763 2061 1855; baseline 0.002 -17"><span class='ocrx_word' id='word_1_104' title='bbox 473 1781 640 1838; x_wconf 71' lang='lat' dir='ltr'><strong>Vens.</strong></span> <span class='ocrx_word' id='word_1_105' title='bbox 679 1783 733 1839; x_wconf 84' lang='lat'><strong>5.</strong></span> <span class='ocrx_word' id='word_1_106' title='bbox 776 1782 843 1839; x_wconf 83' lang='lat' dir='ltr'><strong>Et</strong></span> <span class='ocrx_word' id='word_1_107' title='bbox 874 1781 1139 1853; x_wconf 75' lang='lat' dir='ltr'><strong>fornicata</strong></span> <span class='ocrx_word' id='word_1_108' title='bbox 1169 1794 1270 1850; x_wconf 87' lang='lat' dir='ltr'><strong>est,</strong></span> <span class='ocrx_word' id='word_1_109' title='bbox 1303 1784 1502 1855; x_wconf 83' lang='lat' dir='ltr'><strong>inquit,</strong></span> <span class='ocrx_word' id='word_1_110' title='bbox 1531 1785 1687 1842; x_wconf 82' lang='lat' dir='ltr'><strong>Oolta</strong></span> <span class='ocrx_word' id='word_1_111' title='bbox 1732 1805 1764 1841; x_wconf 92' lang='lat' dir='ltr'><strong>a</strong></span> <span class='ocrx_word' id='word_1_112' title='bbox 1795 1804 1895 1855; x_wconf 87' lang='lat' dir='ltr'><strong>me,</strong></span> <span class='ocrx_word' id='word_1_113' title='bbox 1928 1798 1977 1841; x_wconf 90' lang='lat' dir='ltr'><strong>et</strong></span> <span class='ocrx_word' id='word_1_114' title='bbox 2015 1763 2061 1823; x_wconf 65' lang='grc' dir='ltr'><strong>Β</strong></span> 
     </span>
    </p>
   </div>
   <div class='ocr_carea' id='block_1_19' title="bbox 405 1872 1976 1946">
    <p class='ocr_par' dir='ltr' id='par_1_19' title="bbox 405 1872 1976 1946">
     <span class='ocr_line' id='line_1_19' title="bbox 405 1872 1976 1946; baseline 0.004 -20"><span class='ocrx_word' id='word_1_115' title='bbox 405 1872 657 1943; x_wconf 83' lang='lat' dir='ltr'><strong>adjuncta</strong></span> <span class='ocrx_word' id='word_1_116' title='bbox 688 1884 765 1928; x_wconf 87' lang='lat' dir='ltr'><strong>est</strong></span> <span class='ocrx_word' id='word_1_117' title='bbox 815 1873 884 1927; x_wconf 90' lang='lat' dir='ltr'><strong>ad</strong></span> <span class='ocrx_word' id='word_1_118' title='bbox 929 1883 1192 1929; x_wconf 86' lang='lat' dir='ltr'><strong>amatores</strong></span> <span class='ocrx_word' id='word_1_119' title='bbox 1224 1892 1368 1930; x_wconf 88' lang='lat' dir='ltr'><strong>suos.</strong></span> <span class='ocrx_word' id='word_1_120' title='bbox 1419 1873 1703 1946; x_wconf 88' lang='lat' dir='ltr'><strong>Tanquam</strong></span> <span class='ocrx_word' id='word_1_121' title='bbox 1751 1876 1819 1933; x_wconf 89' lang='lat' dir='ltr'><strong>de</strong></span> <span class='ocrx_word' id='word_1_122' title='bbox 1854 1892 1976 1933; x_wconf 85' lang='lat' dir='ltr'><strong>mu-</strong></span> 
     </span>
    </p>
   </div>
   <div class='ocr_carea' id='block_1_20' title="bbox 411 1967 1979 2038">
    <p class='ocr_par' dir='ltr' id='par_1_20' title="bbox 411 1967 1979 2038">
     <span class='ocr_line' id='line_1_20' title="bbox 411 1967 1979 2038; baseline 0.003 -17"><span class='ocrx_word' id='word_1_123' title='bbox 411 1967 548 2023; x_wconf 87' lang='lat' dir='ltr'><strong>liere</strong></span> <span class='ocrx_word' id='word_1_124' title='bbox 581 1967 814 2037; x_wconf 85' lang='lat' dir='ltr'><strong>loquens</strong></span> <span class='ocrx_word' id='word_1_125' title='bbox 845 1975 1151 2023; x_wconf 89' lang='lat' dir='ltr'><strong>amatorum</strong></span> <span class='ocrx_word' id='word_1_126' title='bbox 1178 1968 1363 2037; x_wconf 87' lang='lat' dir='ltr'><strong>posuit</strong></span> <span class='ocrx_word' id='word_1_127' title='bbox 1390 1985 1590 2024; x_wconf 85' lang='lat' dir='ltr'><strong>nomen</strong></span> <span class='ocrx_word' id='word_1_128' title='bbox 1625 1987 1640 2038; x_wconf 91' lang='lat'><strong>;</strong></span> <span class='ocrx_word' id='word_1_129' title='bbox 1674 1970 1856 2025; x_wconf 91' lang='lat' dir='ltr'><strong>innuit</strong></span> <span class='ocrx_word' id='word_1_130' title='bbox 1881 1985 1979 2025; x_wconf 84' lang='lat' dir='ltr'><strong>au-</strong></span> 
     </span>
    </p>
   </div>
   <div class='ocr_carea' id='block_1_21' title="bbox 405 2056 1978 2134">
    <p class='ocr_par' dir='ltr' id='par_1_21' title="bbox 405 2056 1978 2134">
     <span class='ocr_line' id='line_1_21' title="bbox 405 2056 1978 2134; baseline 0.004 -23"><span class='ocrx_word' id='word_1_131' title='bbox 405 2066 511 2115; x_wconf 89' lang='lat' dir='ltr'><strong>tem</strong></span> <span class='ocrx_word' id='word_1_132' title='bbox 545 2058 931 2131; x_wconf 78' lang='lat' dir='ltr'><strong>signiﬁcatque</strong></span> <span class='ocrx_word' id='word_1_133' title='bbox 970 2056 1270 2127; x_wconf 63' lang='lat' dir='ltr'><strong>daemonas,</strong></span> <span class='ocrx_word' id='word_1_134' title='bbox 1323 2075 1462 2131; x_wconf 89' lang='lat' dir='ltr'><strong>quos</strong></span> <span class='ocrx_word' id='word_1_135' title='bbox 1497 2062 1676 2118; x_wconf 87' lang='lat' dir='ltr'><strong>colere</strong></span> <span class='ocrx_word' id='word_1_136' title='bbox 1720 2077 1978 2134; x_wconf 86' lang='lat' dir='ltr'><strong>perseve-</strong></span> 
     </span>
    </p>
   </div>
   <div class='ocr_carea' id='block_1_22' title="bbox 404 2151 1729 2225">
    <p class='ocr_par' dir='ltr' id='par_1_22' title="bbox 404 2151 1729 2225">
     <span class='ocr_line' id='line_1_22' title="bbox 404 2151 1729 2225; baseline 0.004 -20"><span class='ocrx_word' id='word_1_137' title='bbox 404 2152 583 2206; x_wconf 87' lang='lat' dir='ltr'><strong>ravit:</strong></span> <span class='ocrx_word' id='word_1_138' title='bbox 619 2160 734 2205; x_wconf 92' lang='lat' dir='ltr'><strong>tum</strong></span> <span class='ocrx_word' id='word_1_139' title='bbox 770 2151 933 2206; x_wconf 86' lang='lat' dir='ltr'><strong>etiam</strong></span> <span class='ocrx_word' id='word_1_140' title='bbox 972 2151 1266 2222; x_wconf 84' lang='lat' dir='ltr'><strong>impietatis</strong></span> <span class='ocrx_word' id='word_1_141' title='bbox 1299 2168 1502 2225; x_wconf 89' lang='lat' dir='ltr'><strong>genera</strong></span> <span class='ocrx_word' id='word_1_142' title='bbox 1542 2155 1729 2211; x_wconf 91' lang='lat' dir='ltr'><strong>docet.</strong></span> 
     </span>
    </p>
   </div>
   <div class='ocr_carea' id='block_1_23' title="bbox 475 2324 1974 2404">
    <p class='ocr_par' dir='ltr' id='par_1_23' title="bbox 475 2324 1974 2404">
     <span class='ocr_line' id='line_1_23' title="bbox 475 2324 1974 2404; baseline 0.008 -26"><span class='ocrx_word' id='word_1_143' title='bbox 475 2324 543 2379; x_wconf 86' lang='lat' dir='ltr'><strong>Et</strong></span> <span class='ocrx_word' id='word_1_144' title='bbox 589 2326 859 2396; x_wconf 78' lang='lat' dir='ltr'><strong>Assyrios,</strong></span> <span class='ocrx_word' id='word_1_145' title='bbox 908 2327 1107 2397; x_wconf 87' lang='lat' dir='ltr'><strong>inquit,</strong></span> <span class='ocrx_word' id='word_1_146' title='bbox 1150 2328 1629 2399; x_wconf 76' lang='lat' dir='ltr'><strong>appropinquantes</strong></span> <span class='ocrx_word' id='word_1_147' title='bbox 1685 2333 1749 2387; x_wconf 87' lang='lat' dir='ltr'><strong>ei.</strong></span> <span class='ocrx_word' id='word_1_148' title='bbox 1783 2331 1974 2404; x_wconf 74' lang='lat' dir='ltr'><strong>(Vsus.</strong></span> 
     </span>
    </p>
   </div>
   <div class='ocr_carea' id='block_1_24' title="bbox 402 2417 1977 2492">
    <p class='ocr_par' dir='ltr' id='par_1_24' title="bbox 402 2417 1977 2492">
     <span class='ocr_line' id='line_1_24' title="bbox 402 2417 1977 2492; baseline 0.004 -19"><span class='ocrx_word' id='word_1_149' title='bbox 402 2423 471 2484; x_wconf 81' lang='grc' dir='ltr'>ϐ,</span> <span class='ocrx_word' id='word_1_150' title='bbox 519 2418 597 2487; x_wconf 79' lang='lat'><strong>7.)</strong></span> <span class='ocrx_word' id='word_1_151' title='bbox 661 2417 887 2474; x_wconf 79' lang='lat' dir='ltr'><strong>Vestitos</strong></span> <span class='ocrx_word' id='word_1_152' title='bbox 928 2419 1285 2492; x_wconf 76' lang='lat' dir='ltr'><strong>Ityacinthinis</strong></span> <span class='ocrx_word' id='word_1_153' title='bbox 1345 2423 1627 2492; x_wconf 78' lang='lat' dir='ltr'><strong>principes,</strong></span> <span class='ocrx_word' id='word_1_154' title='bbox 1692 2433 1741 2479; x_wconf 93' lang='lat' dir='ltr'><strong>et</strong></span> <span class='ocrx_word' id='word_1_155' title='bbox 1796 2425 1977 2491; x_wconf 88' lang='lat' dir='ltr'><strong>duces,</strong></span> 
     </span>
    </p>
   </div>
   <div class='ocr_carea' id='block_1_25' title="bbox 395 2508 1978 2588">
    <p class='ocr_par' dir='ltr' id='par_1_25' title="bbox 395 2508 1978 2588">
     <span class='ocr_line' id='line_1_25' title="bbox 395 2508 1978 2588; baseline 0.004 -22"><span class='ocrx_word' id='word_1_156' title='bbox 395 2514 612 2583; x_wconf 79' lang='lat' dir='ltr'><strong>juvenes</strong></span> <span class='ocrx_word' id='word_1_157' title='bbox 632 2508 824 2567; x_wconf 82' lang='lat' dir='ltr'><strong>electos</strong></span> <span class='ocrx_word' id='word_1_158' title='bbox 864 2527 1064 2578; x_wconf 86' lang='lat' dir='ltr'><strong>omnes,</strong></span> <span class='ocrx_word' id='word_1_159' title='bbox 1104 2514 1299 2585; x_wconf 77' lang='lat' dir='ltr'><strong>equites</strong></span> <span class='ocrx_word' id='word_1_160' title='bbox 1342 2523 1507 2570; x_wconf 80' lang='lat' dir='ltr'><strong>rectos</strong></span> <span class='ocrx_word' id='word_1_161' title='bbox 1542 2517 1705 2588; x_wconf 82' lang='lat' dir='ltr'><strong>equis.</strong></span> <span class='ocrx_word' id='word_1_162' title='bbox 1743 2516 1811 2571; x_wconf 87' lang='lat' dir='ltr'><strong>Et</strong></span> <span class='ocrx_word' id='word_1_163' title='bbox 1834 2519 1978 2574; x_wconf 79' lang='lat' dir='ltr'><strong>dedit</strong></span> 
     </span>
    </p>
   </div>
   <div class='ocr_carea' id='block_1_26' title="bbox 403 2602 1978 2680">
    <p class='ocr_par' dir='ltr' id='par_1_26' title="bbox 403 2602 1978 2680">
     <span class='ocr_line' id='line_1_26' title="bbox 403 2602 1978 2680; baseline 0.004 -22"><span class='ocrx_word' id='word_1_164' title='bbox 403 2602 807 2670; x_wconf 80' lang='lat' dir='ltr'><strong>fornicationem</strong></span> <span class='ocrx_word' id='word_1_165' title='bbox 859 2617 1012 2657; x_wconf 89' lang='lat' dir='ltr'><strong>suam</strong></span> <span class='ocrx_word' id='word_1_166' title='bbox 1056 2620 1212 2674; x_wconf 80' lang='lat' dir='ltr'><strong>super</strong></span> <span class='ocrx_word' id='word_1_167' title='bbox 1236 2622 1347 2671; x_wconf 87' lang='lat' dir='ltr'><strong>eos,</strong></span> <span class='ocrx_word' id='word_1_168' title='bbox 1395 2620 1550 2677; x_wconf 82' lang='lat' dir='ltr'><strong>super</strong></span> <span class='ocrx_word' id='word_1_169' title='bbox 1591 2607 1782 2664; x_wconf 82' lang='lat' dir='ltr'><strong>electos</strong></span> <span class='ocrx_word' id='word_1_170' title='bbox 1836 2610 1978 2680; x_wconf 78' lang='lat' dir='ltr'><strong>ﬁlios</strong></span> 
     </span>
    </p>
   </div>
   <div class='ocr_carea' id='block_1_27' title="bbox 401 2695 1979 2769">
    <p class='ocr_par' dir='ltr' id='par_1_27' title="bbox 401 2695 1979 2769">
     <span class='ocr_line' id='line_1_27' title="bbox 401 2695 1979 2769; baseline 0.007 -21"><span class='ocrx_word' id='word_1_171' title='bbox 401 2695 740 2766; x_wconf 80' lang='lat' dir='ltr'><strong>Assyriorum</strong></span> <span class='ocrx_word' id='word_1_172' title='bbox 774 2710 973 2761; x_wconf 82' lang='lat' dir='ltr'><strong>omnes,</strong></span> <span class='ocrx_word' id='word_1_173' title='bbox 1010 2696 1081 2751; x_wconf 87' lang='lat' dir='ltr'><strong>ad</strong></span> <span class='ocrx_word' id='word_1_174' title='bbox 1121 2714 1250 2769; x_wconf 87' lang='lat' dir='ltr'><strong>quos</strong></span> <span class='ocrx_word' id='word_1_175' title='bbox 1282 2701 1523 2768; x_wconf 87' lang='lat' dir='ltr'><strong>apposita</strong></span> <span class='ocrx_word' id='word_1_176' title='bbox 1553 2709 1654 2765; x_wconf 90' lang='lat' dir='ltr'><strong>est,</strong></span> <span class='ocrx_word' id='word_1_177' title='bbox 1703 2704 1757 2757; x_wconf 90' lang='lat' dir='ltr'><strong>in</strong></span> <span class='ocrx_word' id='word_1_178' title='bbox 1805 2705 1979 2758; x_wconf 87' lang='lat' dir='ltr'><strong>omni-</strong></span> 
     </span>
    </p>
   </div>
   <div class='ocr_carea' id='block_1_28' title="bbox 401 2786 1979 2867">
    <p class='ocr_par' dir='ltr' id='par_1_28' title="bbox 401 2786 1979 2867">
     <span class='ocr_line' id='line_1_28' title="bbox 401 2786 1979 2867; baseline 0.008 -27"><span class='ocrx_word' id='word_1_179' title='bbox 401 2789 496 2842; x_wconf 84' lang='lat' dir='ltr'><strong>bus</strong></span> <span class='ocrx_word' id='word_1_180' title='bbox 524 2786 798 2842; x_wconf 84' lang='lat' dir='ltr'><strong>desideriis</strong></span> <span class='ocrx_word' id='word_1_181' title='bbox 835 2789 948 2843; x_wconf 79' lang='lat' dir='ltr'><strong>suis</strong></span> <span class='ocrx_word' id='word_1_182' title='bbox 980 2789 1337 2858; x_wconf 69' lang='lat' dir='ltr'><strong>po&#39;lluebatur.</strong></span> <span class='ocrx_word' id='word_1_183' title='bbox 1388 2790 1552 2865; x_wconf 75' lang='lat'><strong>863</strong></span> <span class='ocrx_word' id='word_1_184' title='bbox 1602 2794 1706 2850; x_wconf 88' lang='lat' dir='ltr'><strong>Per</strong></span> <span class='ocrx_word' id='word_1_185' title='bbox 1745 2797 1979 2867; x_wconf 69' lang='lat' dir='ltr'><strong>aznigma</strong></span> 
     </span>
    </p>
   </div>
   <div class='ocr_carea' id='block_1_29' title="bbox 404 2879 1979 2956">
    <p class='ocr_par' dir='ltr' id='par_1_29' title="bbox 404 2879 1979 2956">
     <span class='ocr_line' id='line_1_29' title="bbox 404 2879 1979 2956; baseline 0.008 -24"><span class='ocrx_word' id='word_1_186' title='bbox 404 2897 425 2932; x_wconf 79' lang='grc' dir='ltr'><strong>ι</strong></span> <span class='ocrx_word' id='word_1_187' title='bbox 452 2879 686 2950; x_wconf 83' lang='lat' dir='ltr'><strong>juvenes</strong></span> <span class='ocrx_word' id='word_1_188' title='bbox 734 2879 942 2936; x_wconf 89' lang='lat' dir='ltr'><strong>electos</strong></span> <span class='ocrx_word' id='word_1_189' title='bbox 993 2881 1216 2939; x_wconf 85' lang='lat' dir='ltr'><strong>indutos</strong></span> <span class='ocrx_word' id='word_1_190' title='bbox 1271 2883 1643 2956; x_wconf 76' lang='lat' dir='ltr'><strong>byacintliinis</strong></span> <span class='ocrx_word' id='word_1_191' title='bbox 1696 2906 1715 2939; x_wconf 75' lang='grc' dir='ltr'><strong><em>ο</em></strong></span> <span class='ocrx_word' id='word_1_192' title='bbox 1775 2889 1795 2910; x_wconf 75' lang='grc'><em>⁴</em></span> <span class='ocrx_word' id='word_1_193' title='bbox 1833 2888 1979 2944; x_wconf 90' lang='lat' dir='ltr'><strong>idola</strong></span> 
     </span>
    </p>
   </div>
   <div class='ocr_carea' id='block_1_30' title="bbox 402 2970 1981 3046">
    <p class='ocr_par' dir='ltr' id='par_1_30' title="bbox 402 2970 1981 3046">
     <span class='ocr_line' id='line_1_30' title="bbox 402 2970 1981 3046; baseline 0.007 -22"><span class='ocrx_word' id='word_1_194' title='bbox 402 2978 582 3035; x_wconf 87' lang='lat' dir='ltr'><strong>vocat,</strong></span> <span class='ocrx_word' id='word_1_195' title='bbox 630 2970 702 3023; x_wconf 91' lang='lat' dir='ltr'><strong>ita</strong></span> <span class='ocrx_word' id='word_1_196' title='bbox 751 2971 821 3026; x_wconf 79' lang='lat' dir='ltr'><strong>ab</strong></span> <span class='ocrx_word' id='word_1_197' title='bbox 865 2970 1001 3041; x_wconf 86' lang='lat' dir='ltr'><strong>ipsis</strong></span> <span class='ocrx_word' id='word_1_198' title='bbox 1035 2973 1182 3043; x_wconf 87' lang='lat' dir='ltr'><strong>picta</strong></span> <span class='ocrx_word' id='word_1_199' title='bbox 1212 2983 1263 3029; x_wconf 89' lang='lat' dir='ltr'><strong>et</strong></span> <span class='ocrx_word' id='word_1_200' title='bbox 1300 2975 1547 3046; x_wconf 82' lang='lat' dir='ltr'><strong>ﬁgurata.</strong></span> <span class='ocrx_word' id='word_1_201' title='bbox 1590 2974 1802 3032; x_wconf 87' lang='lat' dir='ltr'><strong>Etenim</strong></span> <span class='ocrx_word' id='word_1_202' title='bbox 1850 2994 1981 3035; x_wconf 86' lang='lat' dir='ltr'><strong>con-</strong></span> 
     </span>
    </p>
   </div>
   <div class='ocr_carea' id='block_1_31' title="bbox 2085 505 3610 580">
    <p class='ocr_par' dir='ltr' id='par_1_31' title="bbox 2085 505 3610 580">
     <span class='ocr_line' id='line_1_31' title="bbox 2085 505 3610 580; baseline 0.007 -22"><span class='ocrx_word' id='word_1_203' title='bbox 2085 505 2270 560; x_wconf 78' lang='grc' dir='ltr'>ἕτεκον</span> <span class='ocrx_word' id='word_1_204' title='bbox 2304 507 2455 571; x_wconf 74' lang='grc' dir='ltr'>υἱοὺς</span> <span class='ocrx_word' id='word_1_205' title='bbox 2500 507 2594 561; x_wconf 70' lang='grc' dir='ltr'>καὶ</span> <span class='ocrx_word' id='word_1_206' title='bbox 2625 507 2955 580; x_wconf 81' lang='grc' dir='ltr'><strong>θυγατέρας,</strong></span> <span class='ocrx_word' id='word_1_207' title='bbox 2978 507 3073 563; x_wconf 77' lang='grc' dir='ltr'>καὶ</span> <span class='ocrx_word' id='word_1_208' title='bbox 3103 508 3172 562; x_wconf 73' lang='grc' dir='ltr'><strong>τὰ</strong></span> <span class='ocrx_word' id='word_1_209' title='bbox 3204 507 3449 577; x_wconf 84' lang='grc' dir='ltr'>ὀνόματα</span> <span class='ocrx_word' id='word_1_210' title='bbox 3484 511 3610 569; x_wconf 75' lang='grc' dir='ltr'>αὐτῶν</span> 
     </span>
    </p>
   </div>
   <div class='ocr_carea' id='block_1_32' title="bbox 2085 596 3608 672">
    <p class='ocr_par' dir='ltr' id='par_1_32' title="bbox 2085 596 3608 672">
     <span class='ocr_line' id='line_1_32' title="bbox 2085 596 3608 672; baseline 0.007 -23"><span class='ocrx_word' id='word_1_211' title='bbox 2085 596 2371 669; x_wconf 77' lang='grc' dir='ltr'><strong>Σαμάρεια</strong></span> <span class='ocrx_word' id='word_1_212' title='bbox 2402 600 2437 668; x_wconf 84' lang='grc' dir='ltr'><strong>ἡ</strong></span> <span class='ocrx_word' id='word_1_213' title='bbox 2485 596 2673 651; x_wconf 82' lang='grc' dir='ltr'>Ὀολλά</span> <span class='ocrx_word' id='word_1_214' title='bbox 2696 642 2711 665; x_wconf 87' lang='grc'><strong>,</strong></span> <span class='ocrx_word' id='word_1_215' title='bbox 2741 600 2839 652; x_wconf 78' lang='grc' dir='ltr'>καὶ</span> <span class='ocrx_word' id='word_1_216' title='bbox 2892 598 3250 670; x_wconf 78' lang='grc' dir='ltr'>Ἰερουσαλὴμ</span> <span class='ocrx_word' id='word_1_217' title='bbox 3290 601 3325 672; x_wconf 81' lang='grc' dir='ltr'><strong>ή</strong></span> <span class='ocrx_word' id='word_1_218' title='bbox 3380 600 3608 660; x_wconf 76' lang='grc' dir='ltr'>Ὀολι66.ι</span> 
     </span>
    </p>
   </div>
   <div class='ocr_carea' id='block_1_33' title="bbox 2084 686 3611 765">
    <p class='ocr_par' dir='ltr' id='par_1_33' title="bbox 2084 686 3611 765">
     <span class='ocr_line' id='line_1_33' title="bbox 2084 686 3611 765; baseline 0.005 -26"><span class='ocrx_word' id='word_1_219' title='bbox 2084 686 2392 757; x_wconf 85' lang='grc' dir='ltr'>Συνάφειαν</span> <span class='ocrx_word' id='word_1_220' title='bbox 2422 688 2480 742; x_wconf 87' lang='grc' dir='ltr'>δὲ</span> <span class='ocrx_word' id='word_1_221' title='bbox 2513 690 2606 742; x_wconf 74' lang='grc' dir='ltr'>καὶ</span> <span class='ocrx_word' id='word_1_222' title='bbox 2645 689 2932 744; x_wconf 78' lang='grc' dir='ltr'><strong>κοινωνίαν</strong></span> <span class='ocrx_word' id='word_1_223' title='bbox 2957 690 3118 744; x_wconf 88' lang='grc' dir='ltr'>καλεῖ</span> <span class='ocrx_word' id='word_1_224' title='bbox 3148 690 3247 762; x_wconf 79' lang='grc' dir='ltr'>τὴν</span> <span class='ocrx_word' id='word_1_225' title='bbox 3262 690 3352 745; x_wconf 86' lang='grc' dir='ltr'><strong>διά</strong></span> <span class='ocrx_word' id='word_1_226' title='bbox 3377 690 3472 745; x_wconf 77' lang='grc' dir='ltr'><strong>τοῦ</strong></span> <span class='ocrx_word' id='word_1_227' title='bbox 3494 693 3611 765; x_wconf 78' lang='grc' dir='ltr'>νόμου</span> 
     </span>
    </p>
   </div>
   <div class='ocr_carea' id='block_1_34' title="bbox 2084 781 3613 857">
    <p class='ocr_par' dir='ltr' id='par_1_34' title="bbox 2084 781 3613 857">
     <span class='ocr_line' id='line_1_34' title="bbox 2084 781 3613 857; baseline 0.004 -24"><span class='ocrx_word' id='word_1_228' title='bbox 2084 781 2463 851; x_wconf 80' lang='grc' dir='ltr'><strong>γεγενημένην</strong></span> <span class='ocrx_word' id='word_1_229' title='bbox 2514 781 2702 845; x_wconf 81' lang='grc' dir='ltr'>αὐτοῖς</span> <span class='ocrx_word' id='word_1_230' title='bbox 2756 781 3083 853; x_wconf 78' lang='grc' dir='ltr'>συμφωνίαν</span> <span class='ocrx_word' id='word_1_231' title='bbox 3104 799 3116 810; x_wconf 79' lang='grc'><strong>’</strong></span> <span class='ocrx_word' id='word_1_232' title='bbox 3143 784 3173 836; x_wconf 85' lang='grc' dir='ltr'><strong>ὁ</strong></span> <span class='ocrx_word' id='word_1_233' title='bbox 3202 783 3303 853; x_wconf 82' lang='grc' dir='ltr'>μὲν</span> <span class='ocrx_word' id='word_1_234' title='bbox 3330 783 3442 854; x_wconf 77' lang='grc' dir='ltr'><strong>γὰρ</strong></span> <span class='ocrx_word' id='word_1_235' title='bbox 3480 785 3613 857; x_wconf 75' lang='grc' dir='ltr'>ἐνομο-</span> 
     </span>
    </p>
   </div>
   <div class='ocr_carea' id='block_1_35' title="bbox 2085 871 3610 947">
    <p class='ocr_par' dir='ltr' id='par_1_35' title="bbox 2085 871 3610 947">
     <span class='ocr_line' id='line_1_35' title="bbox 2085 871 3610 947; baseline 0.005 -21"><span class='ocrx_word' id='word_1_236' title='bbox 2085 871 2253 947; x_wconf 88' lang='grc' dir='ltr'>θέτει,</span> <span class='ocrx_word' id='word_1_237' title='bbox 2285 874 2333 926; x_wconf 87' lang='lat' dir='ltr'><strong>ol</strong></span> <span class='ocrx_word' id='word_1_238' title='bbox 2379 872 2437 927; x_wconf 79' lang='grc' dir='ltr'>δὲ</span> <span class='ocrx_word' id='word_1_239' title='bbox 2487 873 2801 945; x_wconf 85' lang='grc' dir='ltr'>ὡμολόγουν</span> <span class='ocrx_word' id='word_1_240' title='bbox 2839 874 2939 947; x_wconf 80' lang='grc' dir='ltr'>τὴν</span> <span class='ocrx_word' id='word_1_241' title='bbox 2969 875 3298 946; x_wconf 80' lang='grc' dir='ltr'>νομοθεσίαν</span> <span class='ocrx_word' id='word_1_242' title='bbox 3336 877 3610 945; x_wconf 78' lang='grc' dir='ltr'>φυλάττειν’</span> 
     </span>
    </p>
   </div>
   <div class='ocr_carea' id='block_1_36' title="bbox 2084 946 3611 1038">
    <p class='ocr_par' dir='ltr' id='par_1_36' title="bbox 2084 946 3611 1038">
     <span class='ocr_line' id='line_1_36' title="bbox 2084 946 3611 1038; baseline 0.005 -21"><span class='ocrx_word' id='word_1_243' title='bbox 2084 946 2249 1028; x_wconf 77' lang='grc' dir='ltr'>τὸδὲ,</span> <span class='ocrx_word' id='word_1_244' title='bbox 2288 979 2308 1014; x_wconf 80' lang='grc' dir='ltr'><strong>ι</strong></span> <span class='ocrx_word' id='word_1_245' title='bbox 2356 962 2541 1018; x_wconf 76' lang='grc' dir='ltr'>ἔτεκον</span> <span class='ocrx_word' id='word_1_246' title='bbox 2582 981 2674 1037; x_wconf 89' lang='grc' dir='ltr'><strong>μοι</strong></span> <span class='ocrx_word' id='word_1_247' title='bbox 2722 965 2871 1029; x_wconf 76' lang='grc' dir='ltr'>υἱοὺς</span> <span class='ocrx_word' id='word_1_248' title='bbox 2898 946 3003 1020; x_wconf 76' lang='grc' dir='ltr'>καὶ</span> <span class='ocrx_word' id='word_1_249' title='bbox 3051 965 3398 1037; x_wconf 82' lang='grc' dir='ltr'>θυγατέρας,</span> <span class='ocrx_word' id='word_1_250' title='bbox 3441 985 3457 1020; x_wconf 79' lang='grc' dir='ltr'><strong>ι</strong></span> <span class='ocrx_word' id='word_1_251' title='bbox 3492 969 3611 1038; x_wconf 74' lang='grc' dir='ltr'>δηλοῖ,</span> 
     </span>
    </p>
   </div>
   <div class='ocr_carea' id='block_1_37' title="bbox 2085 1054 3614 1129">
    <p class='ocr_par' dir='ltr' id='par_1_37' title="bbox 2085 1054 3614 1129">
     <span class='ocr_line' id='line_1_37' title="bbox 2085 1054 3614 1129; baseline 0.005 -21"><span class='ocrx_word' id='word_1_252' title='bbox 2085 1055 2167 1109; x_wconf 84' lang='grc' dir='ltr'>ὅτι</span> <span class='ocrx_word' id='word_1_253' title='bbox 2190 1055 2296 1109; x_wconf 81' lang='grc' dir='ltr'>ὑπὸ</span> <span class='ocrx_word' id='word_1_254' title='bbox 2319 1054 2398 1127; x_wconf 84' lang='grc' dir='ltr'><strong>τῷ</strong></span> <span class='ocrx_word' id='word_1_255' title='bbox 2430 1057 2582 1127; x_wconf 78' lang='grc' dir='ltr'>νόμῳ</span> <span class='ocrx_word' id='word_1_256' title='bbox 2615 1056 2898 1121; x_wconf 83' lang='grc' dir='ltr'><strong>τελοῦντες</strong></span> <span class='ocrx_word' id='word_1_257' title='bbox 2925 1059 3045 1129; x_wconf 75' lang='grc' dir='ltr'>μετ’</span> <span class='ocrx_word' id='word_1_258' title='bbox 3072 1058 3361 1123; x_wconf 78' lang='grc' dir='ltr'>εὐσεὸείας</span> <span class='ocrx_word' id='word_1_259' title='bbox 3388 1059 3511 1125; x_wconf 86' lang='grc' dir='ltr'>τέως</span> <span class='ocrx_word' id='word_1_260' title='bbox 3527 1065 3614 1129; x_wconf 73' lang='grc' dir='ltr'>τοίς</span> 
     </span>
    </p>
   </div>
   <div class='ocr_carea' id='block_1_38' title="bbox 2088 1146 3617 1223">
    <p class='ocr_par' dir='ltr' id='par_1_38' title="bbox 2088 1146 3617 1223">
     <span class='ocr_line' id='line_1_38' title="bbox 2088 1146 3617 1223; baseline 0.003 -19"><span class='ocrx_word' id='word_1_261' title='bbox 2088 1151 2284 1215; x_wconf 80' lang='grc' dir='ltr'>παῖδας</span> <span class='ocrx_word' id='word_1_262' title='bbox 2336 1151 2657 1223; x_wconf 77' lang='grc' dir='ltr'><strong>ἀνέτρεφον.</strong></span> <span class='ocrx_word' id='word_1_263' title='bbox 2706 1150 2886 1223; x_wconf 85' lang='grc' dir='ltr'>Μέχρι</span> <span class='ocrx_word' id='word_1_264' title='bbox 2943 1150 3044 1222; x_wconf 83' lang='grc' dir='ltr'>μὲν</span> <span class='ocrx_word' id='word_1_265' title='bbox 3091 1146 3186 1205; x_wconf 79' lang='grc' dir='ltr'>οὖν</span> <span class='ocrx_word' id='word_1_266' title='bbox 3236 1151 3448 1205; x_wconf 89' lang='grc' dir='ltr'>τούτων</span> <span class='ocrx_word' id='word_1_267' title='bbox 3482 1154 3617 1217; x_wconf 69' lang='grc' dir='ltr'>κοινὴν</span> 
     </span>
    </p>
   </div>
   <div class='ocr_carea' id='block_1_39' title="bbox 2088 1241 3615 1315">
    <p class='ocr_par' dir='ltr' id='par_1_39' title="bbox 2088 1241 3615 1315">
     <span class='ocr_line' id='line_1_39' title="bbox 2088 1241 3615 1315; baseline 0.003 -19"><span class='ocrx_word' id='word_1_268' title='bbox 2088 1242 2418 1315; x_wconf 80' lang='grc' dir='ltr'>ἀμφοτέρων</span> <span class='ocrx_word' id='word_1_269' title='bbox 2474 1245 2712 1297; x_wconf 79' lang='grc' dir='ltr'>ἐποιεῖτο</span> <span class='ocrx_word' id='word_1_270' title='bbox 2754 1242 3131 1315; x_wconf 71' lang='grc' dir='ltr'>κατηγορίανο</span> <span class='ocrx_word' id='word_1_271' title='bbox 3160 1241 3420 1298; x_wconf 76' lang='grc' dir='ltr'>ἐντεῦθεν</span> <span class='ocrx_word' id='word_1_272' title='bbox 3458 1243 3503 1297; x_wconf 79' lang='grc' dir='ltr'>δὲ</span> <span class='ocrx_word' id='word_1_273' title='bbox 3536 1244 3615 1300; x_wconf 79' lang='grc' dir='ltr'>λιι-</span> 
     </span>
    </p>
   </div>
   <div class='ocr_carea' id='block_1_40' title="bbox 2088 1333 3618 1407">
    <p class='ocr_par' dir='ltr' id='par_1_40' title="bbox 2088 1333 3618 1407">
     <span class='ocr_line' id='line_1_40' title="bbox 2088 1333 3618 1407; baseline 0 -18"><span class='ocrx_word' id='word_1_274' title='bbox 2088 1335 2211 1403; x_wconf 79' lang='grc' dir='ltr'>πὸν,</span> <span class='ocrx_word' id='word_1_275' title='bbox 2253 1335 2357 1406; x_wconf 83' lang='grc' dir='ltr'>τῆς</span> <span class='ocrx_word' id='word_1_276' title='bbox 2390 1333 2500 1389; x_wconf 90' lang='grc' dir='ltr'><strong>τῶν</strong></span> <span class='ocrx_word' id='word_1_277' title='bbox 2535 1333 2719 1405; x_wconf 83' lang='grc' dir='ltr'>φυλῶν</span> <span class='ocrx_word' id='word_1_278' title='bbox 2748 1333 3069 1406; x_wconf 82' lang='grc' dir='ltr'>διαιρέσεως</span> <span class='ocrx_word' id='word_1_279' title='bbox 3095 1334 3423 1407; x_wconf 83' lang='grc' dir='ltr'>γενομένης,</span> <span class='ocrx_word' id='word_1_280' title='bbox 3454 1333 3618 1406; x_wconf 81' lang='grc' dir='ltr'>πρώτην</span> 
     </span>
    </p>
   </div>
   <div class='ocr_carea' id='block_1_41' title="bbox 2089 1412 3617 1498">
    <p class='ocr_par' dir='ltr' id='par_1_41' title="bbox 2089 1412 3617 1498">
     <span class='ocr_line' id='line_1_41' title="bbox 2089 1412 3617 1498; baseline 0 -18"><span class='ocrx_word' id='word_1_281' title='bbox 2089 1427 2322 1481; x_wconf 84' lang='grc' dir='ltr'>ποιεῖται</span> <span class='ocrx_word' id='word_1_282' title='bbox 2381 1426 2484 1496; x_wconf 82' lang='grc' dir='ltr'>τῆς</span> <span class='ocrx_word' id='word_1_283' title='bbox 2540 1412 2857 1498; x_wconf 81' lang='grc' dir='ltr'>Σαμαρείας</span> <span class='ocrx_word' id='word_1_284' title='bbox 2912 1423 3271 1497; x_wconf 82' lang='grc' dir='ltr'>κατηγορίαν,</span> <span class='ocrx_word' id='word_1_285' title='bbox 3322 1426 3389 1497; x_wconf 74' lang='grc' dir='ltr'>ἦν</span> <span class='ocrx_word' id='word_1_286' title='bbox 3454 1426 3617 1482; x_wconf 79' lang='grc' dir='ltr'>Ὀολλάν</span> 
     </span>
    </p>
   </div>
   <div class='ocr_carea' id='block_1_42' title="bbox 2086 1515 3618 1591">
    <p class='ocr_par' dir='ltr' id='par_1_42' title="bbox 2086 1515 3618 1591">
     <span class='ocr_line' id='line_1_42' title="bbox 2086 1515 3618 1591; baseline -0.001 -18"><span class='ocrx_word' id='word_1_287' title='bbox 2086 1518 2338 1590; x_wconf 84' lang='grc' dir='ltr'>ὠνόμασε</span> <span class='ocrx_word' id='word_1_288' title='bbox 2362 1534 2376 1549; x_wconf 76' lang='grc' dir='ltr'><strong><em>ο</em></strong></span> <span class='ocrx_word' id='word_1_289' title='bbox 2421 1518 2516 1571; x_wconf 75' lang='grc' dir='ltr'>καὶ</span> <span class='ocrx_word' id='word_1_290' title='bbox 2563 1518 2672 1590; x_wconf 81' lang='grc' dir='ltr'><strong>γὰρ</strong></span> <span class='ocrx_word' id='word_1_291' title='bbox 2722 1515 2967 1591; x_wconf 86' lang='grc' dir='ltr'>προτέρα</span> <span class='ocrx_word' id='word_1_292' title='bbox 3010 1517 3089 1581; x_wconf 85' lang='grc' dir='ltr'><strong>είς</strong></span> <span class='ocrx_word' id='word_1_293' title='bbox 3117 1518 3217 1588; x_wconf 83' lang='grc' dir='ltr'>τὴν</span> <span class='ocrx_word' id='word_1_294' title='bbox 3246 1517 3356 1573; x_wconf 87' lang='grc' dir='ltr'><strong>τῶν</strong></span> <span class='ocrx_word' id='word_1_295' title='bbox 3389 1518 3618 1590; x_wconf 80' lang='grc' dir='ltr'>δαμάλεων</span> 
     </span>
    </p>
   </div>
   <div class='ocr_carea' id='block_1_43' title="bbox 2089 1597 3618 1684">
    <p class='ocr_par' dir='ltr' id='par_1_43' title="bbox 2089 1597 3618 1684">
     <span class='ocr_line' id='line_1_43' title="bbox 2089 1597 3618 1684; baseline 0.001 -19"><span class='ocrx_word' id='word_1_296' title='bbox 2089 1611 2376 1680; x_wconf 75' lang='grc' dir='ltr'>ἐξώκειλεν</span> <span class='ocrx_word' id='word_1_297' title='bbox 2427 1597 2873 1682; x_wconf 47' lang='grc' dir='ltr'>ἀσέϐειανίδιχῆ</span> <span class='ocrx_word' id='word_1_298' title='bbox 2904 1609 3004 1683; x_wconf 83' lang='grc' dir='ltr'><strong>τῆς</strong></span> <span class='ocrx_word' id='word_1_299' title='bbox 3049 1609 3332 1684; x_wconf 82' lang='grc' dir='ltr'>βασιλείας</span> <span class='ocrx_word' id='word_1_300' title='bbox 3387 1610 3618 1682; x_wconf 78' lang='grc' dir='ltr'>διαιρεθεί-</span> 
     </span>
    </p>
   </div>
   <div class='ocr_carea' id='block_1_44' title="bbox 2091 1721 2211 1776">
    <p class='ocr_par' dir='ltr' id='par_1_44' title="bbox 2091 1721 2211 1776">
     <span class='ocr_line' id='line_1_44' title="bbox 2091 1721 2211 1776; baseline 0.017 -19"><span class='ocrx_word' id='word_1_301' title='bbox 2091 1721 2211 1776; x_wconf 89' lang='grc' dir='ltr'>σης.</span> 
     </span>
    </p>
   </div>
   <div class='ocr_carea' id='block_1_45' title="bbox 2155 1790 3617 1867">
    <p class='ocr_par' dir='ltr' id='par_1_45' title="bbox 2155 1790 3617 1867">
     <span class='ocr_line' id='line_1_45' title="bbox 2155 1790 3617 1867; baseline 0.001 -19"><span class='ocrx_word' id='word_1_302' title='bbox 2155 1799 2218 1849; x_wconf 82' lang='grc' dir='ltr'>ε’.</span> <span class='ocrx_word' id='word_1_303' title='bbox 2247 1794 2356 1867; x_wconf 86' lang='lat' dir='ltr'><strong>Kal</strong></span> <span class='ocrx_word' id='word_1_304' title='bbox 2387 1792 2813 1863; x_wconf 78' lang='grc' dir='ltr'>ἐξεπόρνευσε,</span> <span class='ocrx_word' id='word_1_305' title='bbox 2839 1793 3026 1866; x_wconf 74' lang='grc' dir='ltr'>φησὶν,</span> <span class='ocrx_word' id='word_1_306' title='bbox 3048 1790 3088 1862; x_wconf 80' lang='grc' dir='ltr'><strong><em>ἡ</em></strong></span> <span class='ocrx_word' id='word_1_307' title='bbox 3123 1792 3339 1848; x_wconf 69' lang='grc' dir='ltr'>Ὀολλὰ</span> <span class='ocrx_word' id='word_1_308' title='bbox 3372 1793 3472 1849; x_wconf 83' lang='grc' dir='ltr'><strong>ἀπ’</strong></span> <span class='ocrx_word' id='word_1_309' title='bbox 3493 1793 3617 1864; x_wconf 84' lang='grc' dir='ltr'>ἐμοῦ,</span> 
     </span>
    </p>
   </div>
   <div class='ocr_carea' id='block_1_46' title="bbox 2080 1883 3621 1955">
    <p class='ocr_par' dir='ltr' id='par_1_46' title="bbox 2080 1883 3621 1955">
     <span class='ocr_line' id='line_1_46' title="bbox 2080 1883 3621 1955; baseline 0.001 -16"><span class='ocrx_word' id='word_1_310' title='bbox 2080 1885 2179 1940; x_wconf 80' lang='grc' dir='ltr'>καὶ</span> <span class='ocrx_word' id='word_1_311' title='bbox 2222 1886 2465 1942; x_wconf 82' lang='grc' dir='ltr'>ἐπέθετο</span> <span class='ocrx_word' id='word_1_312' title='bbox 2526 1886 2625 1940; x_wconf 75' lang='grc' dir='ltr'><strong>ἐπὶ</strong></span> <span class='ocrx_word' id='word_1_313' title='bbox 2679 1886 2825 1953; x_wconf 83' lang='grc' dir='ltr'>τοὺς</span> <span class='ocrx_word' id='word_1_314' title='bbox 2879 1885 3140 1955; x_wconf 82' lang='grc' dir='ltr'>ἐραστὰς</span> <span class='ocrx_word' id='word_1_315' title='bbox 3188 1884 3406 1953; x_wconf 77' lang='grc' dir='ltr'>αὐτῆς.</span> <span class='ocrx_word' id='word_1_316' title='bbox 3450 1883 3522 1951; x_wconf 82' lang='grc' dir='ltr'>Ὦς</span> <span class='ocrx_word' id='word_1_317' title='bbox 3552 1887 3621 1940; x_wconf 76' lang='grc' dir='ltr'><strong>ἐπὶ</strong></span> 
     </span>
    </p>
   </div>
   <div class='ocr_carea' id='block_1_47' title="bbox 2081 1974 3622 2049">
    <p class='ocr_par' dir='ltr' id='par_1_47' title="bbox 2081 1974 3622 2049">
     <span class='ocr_line' id='line_1_47' title="bbox 2081 1974 3622 2049; baseline 0.002 -19"><span class='ocrx_word' id='word_1_318' title='bbox 2081 1978 2340 2046; x_wconf 74' lang='grc' dir='ltr'>γυναικὸς</span> <span class='ocrx_word' id='word_1_319' title='bbox 2386 1977 2443 2033; x_wconf 88' lang='grc' dir='ltr'>δὲ</span> <span class='ocrx_word' id='word_1_320' title='bbox 2489 1976 2550 2032; x_wconf 85' lang='grc' dir='ltr'>τὸ</span> <span class='ocrx_word' id='word_1_321' title='bbox 2599 1974 2709 2032; x_wconf 85' lang='grc' dir='ltr'><strong>τῶν</strong></span> <span class='ocrx_word' id='word_1_322' title='bbox 2766 1976 3016 2049; x_wconf 72' lang='grc' dir='ltr'>ἐραστῶν</span> <span class='ocrx_word' id='word_1_323' title='bbox 3059 1976 3234 2048; x_wconf 76' lang='grc' dir='ltr'>ὄνομα</span> <span class='ocrx_word' id='word_1_324' title='bbox 3281 1976 3622 2033; x_wconf 83' lang='grc' dir='ltr'>τέθεικεν·αί-</span> 
     </span>
    </p>
   </div>
   <div class='ocr_carea' id='block_1_48' title="bbox 2082 2065 3619 2142">
    <p class='ocr_par' dir='ltr' id='par_1_48' title="bbox 2082 2065 3619 2142">
     <span class='ocr_line' id='line_1_48' title="bbox 2082 2065 3619 2142; baseline 0.001 -18"><span class='ocrx_word' id='word_1_325' title='bbox 2082 2069 2318 2125; x_wconf 87' lang='grc' dir='ltr'>νίττεται</span> <span class='ocrx_word' id='word_1_326' title='bbox 2369 2066 2427 2125; x_wconf 74' lang='grc' dir='ltr'>δὲ</span> <span class='ocrx_word' id='word_1_327' title='bbox 2487 2071 2581 2125; x_wconf 71' lang='grc' dir='ltr'>καὶ</span> <span class='ocrx_word' id='word_1_328' title='bbox 2614 2070 2919 2142; x_wconf 81' lang='grc' dir='ltr'>παραδηλοῖ</span> <span class='ocrx_word' id='word_1_329' title='bbox 2969 2070 3097 2134; x_wconf 79' lang='grc' dir='ltr'>τοὺς</span> <span class='ocrx_word' id='word_1_330' title='bbox 3130 2069 3416 2142; x_wconf 85' lang='grc' dir='ltr'>δαίμονας,</span> <span class='ocrx_word' id='word_1_331' title='bbox 3448 2065 3513 2134; x_wconf 84' lang='grc' dir='ltr'>οἷς</span> <span class='ocrx_word' id='word_1_332' title='bbox 3545 2071 3619 2126; x_wconf 79' lang='grc' dir='ltr'>λα-</span> 
     </span>
    </p>
   </div>
   <div class='ocr_carea' id='block_1_49' title="bbox 2083 2148 3617 2234">
    <p class='ocr_par' dir='ltr' id='par_1_49' title="bbox 2083 2148 3617 2234">
     <span class='ocr_line' id='line_1_49' title="bbox 2083 2148 3617 2234; baseline -0.001 -17"><span class='ocrx_word' id='word_1_333' title='bbox 2083 2163 2354 2234; x_wconf 84' lang='grc' dir='ltr'>τρεύουσα</span> <span class='ocrx_word' id='word_1_334' title='bbox 2378 2148 2698 2220; x_wconf 81' lang='grc' dir='ltr'>διετέλεσεν.</span> <span class='ocrx_word' id='word_1_335' title='bbox 2726 2160 2859 2218; x_wconf 79' lang='grc' dir='ltr'>Εἶτα</span> <span class='ocrx_word' id='word_1_336' title='bbox 2893 2164 2988 2217; x_wconf 75' lang='grc' dir='ltr'>καὶ</span> <span class='ocrx_word' id='word_1_337' title='bbox 3008 2166 3079 2218; x_wconf 80' lang='grc' dir='ltr'>τὰ</span> <span class='ocrx_word' id='word_1_338' title='bbox 3110 2163 3225 2234; x_wconf 78' lang='grc' dir='ltr'>εἴδη</span> <span class='ocrx_word' id='word_1_339' title='bbox 3261 2166 3363 2234; x_wconf 80' lang='grc' dir='ltr'><strong>τῆς</strong></span> <span class='ocrx_word' id='word_1_340' title='bbox 3414 2162 3617 2227; x_wconf 77' lang='grc' dir='ltr'>ἀσεϐείας</span> 
     </span>
    </p>
   </div>
   <div class='ocr_carea' id='block_1_50' title="bbox 2082 2256 2348 2312">
    <p class='ocr_par' dir='ltr' id='par_1_50' title="bbox 2082 2256 2348 2312">
     <span class='ocr_line' id='line_1_50' title="bbox 2082 2256 2348 2312; baseline 0.008 -3"><span class='ocrx_word' id='word_1_341' title='bbox 2082 2256 2348 2312; x_wconf 83' lang='grc' dir='ltr'>διδάσκει.</span> 
     </span>
    </p>
   </div>
   <div class='ocr_carea' id='block_1_51' title="bbox 2154 2346 3621 2419">
    <p class='ocr_par' dir='ltr' id='par_1_51' title="bbox 2154 2346 3621 2419">
     <span class='ocr_line' id='line_1_51' title="bbox 2154 2346 3621 2419; baseline 0 -17"><span class='ocrx_word' id='word_1_342' title='bbox 2154 2347 2264 2402; x_wconf 80' lang='grc' dir='ltr'><strong>Καὶ</strong></span> <span class='ocrx_word' id='word_1_343' title='bbox 2303 2348 2348 2380; x_wconf 85' lang='grc'><strong>⁷⁹</strong></span> <span class='ocrx_word' id='word_1_344' title='bbox 2376 2349 2517 2416; x_wconf 79' lang='grc' dir='ltr'>τοὺς</span> <span class='ocrx_word' id='word_1_345' title='bbox 2552 2349 2923 2417; x_wconf 77' lang='grc' dir='ltr'>Ἀσσυρίους,</span> <span class='ocrx_word' id='word_1_346' title='bbox 2950 2349 3109 2419; x_wconf 78' lang='grc' dir='ltr'>φησὶ,</span> <span class='ocrx_word' id='word_1_347' title='bbox 3156 2346 3293 2415; x_wconf 79' lang='grc' dir='ltr'>τοὺς</span> <span class='ocrx_word' id='word_1_348' title='bbox 3334 2346 3621 2418; x_wconf 75' lang='grc' dir='ltr'>ἐγγίζοντος</span> 
     </span>
    </p>
   </div>
   <div class='ocr_carea' id='block_1_52' title="bbox 2079 2435 3622 2511">
    <p class='ocr_par' dir='ltr' id='par_1_52' title="bbox 2079 2435 3622 2511">
     <span class='ocr_line' id='line_1_52' title="bbox 2079 2435 3622 2511; baseline 0 -18"><span class='ocrx_word' id='word_1_349' title='bbox 2079 2436 2255 2510; x_wconf 77' lang='grc' dir='ltr'>αὐτῇ.</span> <span class='ocrx_word' id='word_1_350' title='bbox 2293 2440 2394 2511; x_wconf 82' lang='grc' dir='ltr'>(ς’,</span> <span class='ocrx_word' id='word_1_351' title='bbox 2447 2440 2535 2511; x_wconf 77' lang='grc' dir='ltr'>ζ’.)</span> <span class='ocrx_word' id='word_1_352' title='bbox 2583 2438 3014 2505; x_wconf 78' lang='grc' dir='ltr'>Ἐνδεδυκότας</span> <span class='ocrx_word' id='word_1_353' title='bbox 3058 2440 3383 2495; x_wconf 81' lang='grc' dir='ltr'>ὑακίνθινα</span> <span class='ocrx_word' id='word_1_354' title='bbox 3422 2435 3622 2508; x_wconf 71' lang='grc' dir='ltr'>ἡγουμέ-</span> 
     </span>
    </p>
   </div>
   <div class='ocr_carea' id='block_1_53' title="bbox 2079 2529 3622 2603">
    <p class='ocr_par' dir='ltr' id='par_1_53' title="bbox 2079 2529 3622 2603">
     <span class='ocr_line' id='line_1_53' title="bbox 2079 2529 3622 2603; baseline -0.002 -17"><span class='ocrx_word' id='word_1_355' title='bbox 2079 2549 2250 2601; x_wconf 77' lang='grc' dir='ltr'>νους,</span> <span class='ocrx_word' id='word_1_356' title='bbox 2278 2531 2376 2586; x_wconf 78' lang='grc' dir='ltr'>καὶ</span> <span class='ocrx_word' id='word_1_357' title='bbox 2409 2531 2806 2603; x_wconf 81' lang='grc' dir='ltr'>στρατηγοὺς,</span> <span class='ocrx_word' id='word_1_358' title='bbox 2846 2532 3217 2598; x_wconf 78' lang='grc' dir='ltr'>νεανίσκους</span> <span class='ocrx_word' id='word_1_359' title='bbox 3242 2531 3289 2563; x_wconf 79' lang='grc'><strong>⁸⁸</strong></span> <span class='ocrx_word' id='word_1_360' title='bbox 3314 2529 3622 2593; x_wconf 74' lang='grc' dir='ltr'>ἐπιλέκτους</span> 
     </span>
    </p>
   </div>
   <div class='ocr_carea' id='block_1_54' title="bbox 2081 2618 3622 2698">
    <p class='ocr_par' dir='ltr' id='par_1_54' title="bbox 2081 2618 3622 2698">
     <span class='ocr_line' id='line_1_54' title="bbox 2081 2618 3622 2698; baseline -0.003 -20"><span class='ocrx_word' id='word_1_361' title='bbox 2081 2625 2334 2692; x_wconf 79' lang='grc' dir='ltr'>πάντας,</span> <span class='ocrx_word' id='word_1_362' title='bbox 2358 2622 2798 2698; x_wconf 36' lang='grc' dir='ltr'>ίππαζομένορυς</span> <span class='ocrx_word' id='word_1_363' title='bbox 2826 2624 2918 2694; x_wconf 70' lang='grc' dir='ltr'><strong>ἐφ’</strong></span> <span class='ocrx_word' id='word_1_364' title='bbox 2946 2625 3166 2679; x_wconf 79' lang='grc' dir='ltr'>ἵππων.</span> <span class='ocrx_word' id='word_1_365' title='bbox 3217 2623 3325 2691; x_wconf 81' lang='lat' dir='ltr'><strong>Kal</strong></span> <span class='ocrx_word' id='word_1_366' title='bbox 3348 2622 3515 2678; x_wconf 68' lang='grc' dir='ltr'>ἔδωκε</span> <span class='ocrx_word' id='word_1_367' title='bbox 3536 2618 3622 2688; x_wconf 77' lang='grc' dir='ltr'>τὴν</span> 
     </span>
    </p>
   </div>
   <div class='ocr_carea' id='block_1_55' title="bbox 2080 2712 3622 2789">
    <p class='ocr_par' dir='ltr' id='par_1_55' title="bbox 2080 2712 3622 2789">
     <span class='ocr_line' id='line_1_55' title="bbox 2080 2712 3622 2789; baseline -0.005 -15"><span class='ocrx_word' id='word_1_368' title='bbox 2080 2720 2367 2789; x_wconf 74' lang='grc' dir='ltr'>πορνείαν</span> <span class='ocrx_word' id='word_1_369' title='bbox 2390 2712 2590 2788; x_wconf 68' lang='grc' dir='ltr'>ἀὐτῆς</span> <span class='ocrx_word' id='word_1_370' title='bbox 2623 2717 2978 2784; x_wconf 82' lang='grc' dir='ltr'>ὲπάὺτοὺς,</span> <span class='ocrx_word' id='word_1_371' title='bbox 3001 2716 3105 2770; x_wconf 69' lang='grc' dir='ltr'><strong>ἐπὶ</strong></span> <span class='ocrx_word' id='word_1_372' title='bbox 3136 2716 3279 2783; x_wconf 85' lang='grc' dir='ltr'>τοὺς</span> <span class='ocrx_word' id='word_1_373' title='bbox 3310 2713 3622 2777; x_wconf 72' lang='grc' dir='ltr'>ἐπιλέκτους</span> 
     </span>
    </p>
   </div>
   <div class='ocr_carea' id='block_1_56' title="bbox 2080 2804 3621 2883">
    <p class='ocr_par' dir='ltr' id='par_1_56' title="bbox 2080 2804 3621 2883">
     <span class='ocr_line' id='line_1_56' title="bbox 2080 2804 3621 2883; baseline -0.006 -17"><span class='ocrx_word' id='word_1_374' title='bbox 2080 2810 2248 2883; x_wconf 84' lang='grc' dir='ltr'>υίοὺς</span> <span class='ocrx_word' id='word_1_375' title='bbox 2290 2811 2643 2880; x_wconf 78' lang='grc' dir='ltr'>Ἀσσυρίων·</span> <span class='ocrx_word' id='word_1_376' title='bbox 2663 2810 2897 2877; x_wconf 79' lang='grc' dir='ltr'>πάντας</span> <span class='ocrx_word' id='word_1_377' title='bbox 2925 2810 3019 2880; x_wconf 69' lang='grc' dir='ltr'><strong>ἐφ’</strong></span> <span class='ocrx_word' id='word_1_378' title='bbox 3049 2808 3157 2875; x_wconf 80' lang='grc' dir='ltr'>οὓς</span> <span class='ocrx_word' id='word_1_379' title='bbox 3214 2807 3455 2863; x_wconf 79' lang='grc' dir='ltr'>ἐπέθετο</span> <span class='ocrx_word' id='word_1_380' title='bbox 3475 2805 3510 2837; x_wconf 84' lang='grc'><strong>⁸¹</strong></span> <span class='ocrx_word' id='word_1_381' title='bbox 3530 2845 3543 2869; x_wconf 91' lang='grc'><strong>,</strong></span> <span class='ocrx_word' id='word_1_382' title='bbox 3568 2804 3621 2856; x_wconf 82' lang='grc' dir='ltr'>ἐν</span> 
     </span>
    </p>
   </div>
   <div class='ocr_carea' id='block_1_57' title="bbox 2082 2902 3621 2975">
    <p class='ocr_par' dir='ltr' id='par_1_57' title="bbox 2082 2902 3621 2975">
     <span class='ocr_line' id='line_1_57' title="bbox 2082 2902 3621 2975; baseline -0.005 -15"><span class='ocrx_word' id='word_1_383' title='bbox 2082 2906 2235 2962; x_wconf 88' lang='grc' dir='ltr'>πᾶσι</span> <span class='ocrx_word' id='word_1_384' title='bbox 2268 2907 2392 2974; x_wconf 84' lang='grc' dir='ltr'>τοῖς</span> <span class='ocrx_word' id='word_1_385' title='bbox 2429 2904 2848 2975; x_wconf 80' lang='grc' dir='ltr'>ἐνθυμήμασιν</span> <span class='ocrx_word' id='word_1_386' title='bbox 2876 2904 3070 2975; x_wconf 83' lang='grc' dir='ltr'>αὐτῆς</span> <span class='ocrx_word' id='word_1_387' title='bbox 3091 2905 3137 2938; x_wconf 80' lang='grc'><strong>⁸²</strong></span> <span class='ocrx_word' id='word_1_388' title='bbox 3161 2905 3474 2975; x_wconf 79' lang='grc' dir='ltr'>ἐμιαίνετο.</span> <span class='ocrx_word' id='word_1_389' title='bbox 3494 2902 3621 2971; x_wconf 75' lang='grc' dir='ltr'>Λέγει</span> 
     </span>
    </p>
   </div>
   <div class='ocr_carea' id='block_1_58' title="bbox 2085 2992 3619 3068">
    <p class='ocr_par' dir='ltr' id='par_1_58' title="bbox 2085 2992 3619 3068">
     <span class='ocr_line' id='line_1_58' title="bbox 2085 2992 3619 3068; baseline -0.003 -18"><span class='ocrx_word' id='word_1_390' title='bbox 2085 2997 2186 3068; x_wconf 75' lang='grc' dir='ltr'>μὲν</span> <span class='ocrx_word' id='word_1_391' title='bbox 2202 2996 2625 3067; x_wconf 76' lang='grc' dir='ltr'>αἰνιγματωδῶς</span> <span class='ocrx_word' id='word_1_392' title='bbox 2656 3015 2676 3047; x_wconf 84' lang='grc' dir='ltr'><strong>ι</strong></span> <span class='ocrx_word' id='word_1_393' title='bbox 2696 2996 3020 3061; x_wconf 85' lang='grc' dir='ltr'>νεανίσκους</span> <span class='ocrx_word' id='word_1_394' title='bbox 3049 2996 3370 3059; x_wconf 67' lang='grc' dir='ltr'>ἐπιλέκτους</span> <span class='ocrx_word' id='word_1_395' title='bbox 3392 2992 3619 3048; x_wconf 74' lang='grc' dir='ltr'>ἐνδεδυκό-</span> 
     </span>
    </p>
   </div>
   <div class='ocr_carea' id='block_1_59' title="bbox 402 3066 1982 3163">
    <p class='ocr_par' dir='ltr' id='par_1_59' title="bbox 402 3066 1981 3137">
     <span class='ocr_line' id='line_1_59' title="bbox 402 3066 1981 3137; baseline 0.006 -19"><span class='ocrx_word' id='word_1_396' title='bbox 402 3066 693 3118; x_wconf 83' lang='lat' dir='ltr'><strong>suevcrant</strong></span> <span class='ocrx_word' id='word_1_397' title='bbox 721 3078 911 3120; x_wconf 89' lang='lat' dir='ltr'><strong>onmcs</strong></span> <span class='ocrx_word' id='word_1_398' title='bbox 957 3067 1265 3137; x_wconf 87' lang='lat' dir='ltr'><strong>antiquitus</strong></span> <span class='ocrx_word' id='word_1_399' title='bbox 1302 3067 1567 3137; x_wconf 88' lang='lat' dir='ltr'><strong>impietati</strong></span> <span class='ocrx_word' id='word_1_400' title='bbox 1590 3066 1781 3137; x_wconf 89' lang='lat' dir='ltr'><strong>dediti,</strong></span> <span class='ocrx_word' id='word_1_401' title='bbox 1809 3072 1981 3127; x_wconf 89' lang='lat' dir='ltr'><strong>vesti-</strong></span> 
     </span>
    </p>
   </div>
   <div class='ocr_carea' id='block_1_60' title="bbox 2089 3066 3622 3163">
    <p class='ocr_par' dir='ltr' id='par_1_60' title="bbox 2089 3066 3622 3157">
     <span class='ocr_line' id='line_1_60' title="bbox 2089 3066 3622 3157; baseline -0.003 -14"><span class='ocrx_word' id='word_1_402' title='bbox 2089 3066 2182 3154; x_wconf 80' lang='grc' dir='ltr'><strong>τας</strong></span> <span class='ocrx_word' id='word_1_403' title='bbox 2204 3066 2513 3153; x_wconf 81' lang='grc' dir='ltr'>ὑακίνθινα,</span> <span class='ocrx_word' id='word_1_404' title='bbox 2546 3108 2564 3140; x_wconf 72' lang='grc' dir='ltr'><strong>ι</strong></span> <span class='ocrx_word' id='word_1_405' title='bbox 2602 3088 2671 3142; x_wconf 85' lang='grc' dir='ltr'>τὰ</span> <span class='ocrx_word' id='word_1_406' title='bbox 2705 3087 2880 3152; x_wconf 73' lang='grc' dir='ltr'>οὕτως</span> <span class='ocrx_word' id='word_1_407' title='bbox 2920 3088 3012 3142; x_wconf 80' lang='grc' dir='ltr'><strong>ὑπ’</strong></span> <span class='ocrx_word' id='word_1_408' title='bbox 3042 3088 3225 3143; x_wconf 82' lang='grc' dir='ltr'>αὐτῶν</span> <span class='ocrx_word' id='word_1_409' title='bbox 3251 3086 3555 3157; x_wconf 71' lang='grc' dir='ltr'>γραφόμενά</span> <span class='ocrx_word' id='word_1_410' title='bbox 3575 3101 3622 3137; x_wconf 74' lang='grc' dir='ltr'><strong>τε</strong></span> 
     </span>
    </p>
   </div>
   <div class='ocr_carea' id='block_1_61' title="bbox 399 3158 1977 3233">
    <p class='ocr_par' dir='ltr' id='par_1_61' title="bbox 399 3158 1977 3233">
     <span class='ocr_line' id='line_1_61' title="bbox 399 3158 1977 3233; baseline 0.004 -22"><span class='ocrx_word' id='word_1_411' title='bbox 399 3166 493 3213; x_wconf 86' lang='lat' dir='ltr'><strong>tus</strong></span> <span class='ocrx_word' id='word_1_412' title='bbox 529 3160 583 3211; x_wconf 91' lang='lat' dir='ltr'><strong>in</strong></span> <span class='ocrx_word' id='word_1_413' title='bbox 617 3170 716 3211; x_wconf 84' lang='lat' dir='ltr'><strong>sua</strong></span> <span class='ocrx_word' id='word_1_414' title='bbox 754 3158 1035 3225; x_wconf 80' lang='lat' dir='ltr'><strong>republica</strong></span> <span class='ocrx_word' id='word_1_415' title='bbox 1085 3158 1321 3230; x_wconf 86' lang='lat' dir='ltr'><strong>usitatos</strong></span> <span class='ocrx_word' id='word_1_416' title='bbox 1365 3159 1472 3214; x_wconf 89' lang='lat' dir='ltr'><strong>diis</strong></span> <span class='ocrx_word' id='word_1_417' title='bbox 1503 3161 1621 3216; x_wconf 91' lang='lat' dir='ltr'><strong>suis</strong></span> <span class='ocrx_word' id='word_1_418' title='bbox 1672 3162 1977 3233; x_wconf 85' lang='lat' dir='ltr'><strong>imponere.</strong></span> 
     </span>
    </p>
   </div>
   <div class='ocr_carea' id='block_1_62' title="bbox 400 3247 1973 3325">
    <p class='ocr_par' dir='ltr' id='par_1_62' title="bbox 400 3247 1973 3325">
     <span class='ocr_line' id='line_1_62' title="bbox 400 3247 1973 3325; baseline 0.004 -21"><span class='ocrx_word' id='word_1_419' title='bbox 400 3248 682 3319; x_wconf 80' lang='lat' dir='ltr'><strong>Siquidem</strong></span> <span class='ocrx_word' id='word_1_420' title='bbox 712 3247 886 3303; x_wconf 68' lang='grc' dir='ltr'><strong>(ἓνωοί</strong></span> <span class='ocrx_word' id='word_1_421' title='bbox 924 3259 977 3304; x_wconf 93' lang='lat' dir='ltr'><strong>et</strong></span> <span class='ocrx_word' id='word_1_422' title='bbox 1013 3247 1243 3305; x_wconf 80' lang='lat' dir='ltr'><strong>Romani</strong></span> <span class='ocrx_word' id='word_1_423' title='bbox 1273 3249 1495 3306; x_wconf 79' lang='lat' dir='ltr'><strong>Martem</strong></span> <span class='ocrx_word' id='word_1_424' title='bbox 1517 3252 1819 3308; x_wconf 89' lang='lat' dir='ltr'><strong>secundum</strong></span> <span class='ocrx_word' id='word_1_425' title='bbox 1852 3270 1973 3325; x_wconf 90' lang='lat' dir='ltr'><strong>pro-</strong></span> 
     </span>
    </p>
   </div>
   <div class='ocr_carea' id='block_1_63' title="bbox 2079 3176 3621 3254">
    <p class='ocr_par' dir='ltr' id='par_1_63' title="bbox 2079 3176 3621 3254">
     <span class='ocr_line' id='line_1_63' title="bbox 2079 3176 3621 3254; baseline -0.006 -18"><span class='ocrx_word' id='word_1_426' title='bbox 2079 3182 2175 3237; x_wconf 79' lang='grc' dir='ltr'>καὶ</span> <span class='ocrx_word' id='word_1_427' title='bbox 2228 3181 2685 3254; x_wconf 80' lang='grc' dir='ltr'>σχηματιζόμενα</span> <span class='ocrx_word' id='word_1_428' title='bbox 2740 3179 2937 3234; x_wconf 75' lang='grc' dir='ltr'>εἴδωλα</span> <span class='ocrx_word' id='word_1_429' title='bbox 2981 3197 2995 3212; x_wconf 77' lang='grc' dir='ltr'><strong>ο</strong></span> <span class='ocrx_word' id='word_1_430' title='bbox 3046 3179 3144 3234; x_wconf 73' lang='grc' dir='ltr'>καὶ</span> <span class='ocrx_word' id='word_1_431' title='bbox 3213 3181 3326 3251; x_wconf 84' lang='grc' dir='ltr'><strong>γὰρ</strong></span> <span class='ocrx_word' id='word_1_432' title='bbox 3382 3176 3621 3231; x_wconf 73' lang='grc' dir='ltr'>εἱώθεισαν</span> 
     </span>
    </p>
   </div>
   <div class='ocr_carea' id='block_1_64' title="bbox 2079 3264 3622 3338">
    <p class='ocr_par' dir='ltr' id='par_1_64' title="bbox 2079 3264 3622 3338">
     <span class='ocr_line' id='line_1_64' title="bbox 2079 3264 3622 3338; baseline -0.006 -10"><span class='ocrx_word' id='word_1_433' title='bbox 2079 3274 2326 3337; x_wconf 73' lang='grc' dir='ltr'>ἅπαντες</span> <span class='ocrx_word' id='word_1_434' title='bbox 2353 3272 2403 3325; x_wconf 84' lang='lat' dir='ltr'><strong>ol</strong></span> <span class='ocrx_word' id='word_1_435' title='bbox 2452 3271 2622 3326; x_wconf 83' lang='grc' dir='ltr'>πάλαι</span> <span class='ocrx_word' id='word_1_436' title='bbox 2660 3271 2987 3337; x_wconf 74' lang='grc' dir='ltr'>ἀσεϐοῦντες</span> <span class='ocrx_word' id='word_1_437' title='bbox 3017 3271 3088 3325; x_wconf 80' lang='grc' dir='ltr'>τὰ</span> <span class='ocrx_word' id='word_1_438' title='bbox 3119 3270 3501 3338; x_wconf 84' lang='grc' dir='ltr'>πολιτευόμενα</span> <span class='ocrx_word' id='word_1_439' title='bbox 3519 3264 3622 3335; x_wconf 80' lang='grc' dir='ltr'>παρ’</span> 
     </span>
    </p>
   </div>
   <div class='ocr_carea' id='block_1_65' title="bbox 402 3341 1982 3434">
    <p class='ocr_par' dir='ltr' id='par_1_65' title="bbox 402 3341 1973 3415">
     <span class='ocr_line' id='line_1_65' title="bbox 402 3341 1973 3415; baseline 0.001 -17"><span class='ocrx_word' id='word_1_440' title='bbox 402 3345 575 3412; x_wconf 88' lang='lat' dir='ltr'><strong>priam</strong></span> <span class='ocrx_word' id='word_1_441' title='bbox 601 3342 686 3399; x_wconf 90' lang='lat' dir='ltr'><strong>sui</strong></span> <span class='ocrx_word' id='word_1_442' title='bbox 732 3342 964 3398; x_wconf 84' lang='lat' dir='ltr'><strong>vestitus</strong></span> <span class='ocrx_word' id='word_1_443' title='bbox 1014 3350 1230 3397; x_wconf 82' lang='lat' dir='ltr'><strong>armant</strong></span> <span class='ocrx_word' id='word_1_444' title='bbox 1274 3342 1525 3415; x_wconf 88' lang='lat' dir='ltr'><strong>ﬁguram,</strong></span> <span class='ocrx_word' id='word_1_445' title='bbox 1569 3341 1751 3400; x_wconf 70' lang='lat' dir='ltr'><strong>Persae</strong></span> <span class='ocrx_word' id='word_1_446' title='bbox 1790 3355 1973 3402; x_wconf 88' lang='lat' dir='ltr'><strong>autem</strong></span> 
     </span>
    </p>
   </div>
   <div class='ocr_carea' id='block_1_66' title="bbox 2089 3341 3619 3434">
    <p class='ocr_par' dir='ltr' id='par_1_66' title="bbox 2089 3358 3619 3434">
     <span class='ocr_line' id='line_1_66' title="bbox 2089 3358 3619 3434; baseline -0.005 -17"><span class='ocrx_word' id='word_1_447' title='bbox 2089 3364 2263 3429; x_wconf 59' lang='grc' dir='ltr'>αὐτοῖς</span> <span class='ocrx_word' id='word_1_448' title='bbox 2330 3363 2591 3434; x_wconf 86' lang='grc' dir='ltr'>σχήματα</span> <span class='ocrx_word' id='word_1_449' title='bbox 2639 3366 2789 3427; x_wconf 74' lang='grc' dir='ltr'>τοῖς,</span> <span class='ocrx_word' id='word_1_450' title='bbox 2826 3361 3039 3416; x_wconf 73' lang='grc' dir='ltr'>ἑαυτῶν</span> <span class='ocrx_word' id='word_1_451' title='bbox 3104 3361 3441 3434; x_wconf 79' lang='grc' dir='ltr'>περιτιθέναι</span> <span class='ocrx_word' id='word_1_452' title='bbox 3491 3358 3619 3419; x_wconf 80' lang='grc' dir='ltr'>θεοῖς.</span> 
     </span>
    </p>
   </div>
   <div class='ocr_carea' id='block_1_67' title="bbox 400 3433 1981 3509">
    <p class='ocr_par' dir='ltr' id='par_1_67' title="bbox 400 3433 1981 3509">
     <span class='ocr_line' id='line_1_67' title="bbox 400 3433 1981 3509; baseline 0.002 -17"><span class='ocrx_word' id='word_1_453' title='bbox 400 3434 702 3492; x_wconf 84' lang='lat' dir='ltr'><strong>secundum</strong></span> <span class='ocrx_word' id='word_1_454' title='bbox 733 3448 914 3499; x_wconf 89' lang='lat' dir='ltr'><strong>suam,</strong></span> <span class='ocrx_word' id='word_1_455' title='bbox 948 3444 1002 3489; x_wconf 90' lang='lat' dir='ltr'><strong>et</strong></span> <span class='ocrx_word' id='word_1_456' title='bbox 1027 3434 1188 3490; x_wconf 88' lang='lat' dir='ltr'><strong>aliter</strong></span> <span class='ocrx_word' id='word_1_457' title='bbox 1223 3434 1361 3501; x_wconf 89' lang='lat' dir='ltr'><strong>Indi,</strong></span> <span class='ocrx_word' id='word_1_458' title='bbox 1395 3436 1554 3493; x_wconf 88' lang='lat' dir='ltr'><strong>aliter</strong></span> <span class='ocrx_word' id='word_1_459' title='bbox 1576 3433 1890 3509; x_wconf 70' lang='lat' dir='ltr'><strong>Aitliiopcs,</strong></span> <span class='ocrx_word' id='word_1_460' title='bbox 1927 3450 1981 3495; x_wconf 91' lang='lat' dir='ltr'><strong>et</strong></span> 
     </span>
    </p>
   </div>
   <div class='ocr_carea' id='block_1_68' title="bbox 402 3530 1981 3602">
    <p class='ocr_par' dir='ltr' id='par_1_68' title="bbox 402 3530 1981 3602">
     <span class='ocr_line' id='line_1_68' title="bbox 402 3530 1981 3602; baseline 0 -14"><span class='ocrx_word' id='word_1_461' title='bbox 402 3532 655 3588; x_wconf 88' lang='lat' dir='ltr'><strong>similiter</strong></span> <span class='ocrx_word' id='word_1_462' title='bbox 677 3544 1021 3602; x_wconf 71' lang='lat' dir='ltr'><strong>unaquaeque</strong></span> <span class='ocrx_word' id='word_1_463' title='bbox 1053 3546 1268 3597; x_wconf 91' lang='lat' dir='ltr'><strong>earum,</strong></span> <span class='ocrx_word' id='word_1_464' title='bbox 1303 3546 1424 3602; x_wconf 67' lang='lat' dir='ltr'><strong>quae</strong></span> <span class='ocrx_word' id='word_1_465' title='bbox 1463 3530 1844 3600; x_wconf 81' lang='lat' dir='ltr'><strong>nominantur,</strong></span> <span class='ocrx_word' id='word_1_466' title='bbox 1881 3550 1981 3597; x_wconf 83' lang='lat' dir='ltr'><strong>na-</strong></span> 
     </span>
    </p>
   </div>
   <div class='ocr_carea' id='block_1_69' title="bbox 398 3608 1982 3697">
    <p class='ocr_par' dir='ltr' id='par_1_69' title="bbox 398 3608 1982 3697">
     <span class='ocr_line' id='line_1_69' title="bbox 398 3608 1982 3697; baseline 0.002 -19"><span class='ocrx_word' id='word_1_467' title='bbox 398 3625 500 3681; x_wconf 92' lang='lat' dir='ltr'><strong>tio.</strong></span> <span class='ocrx_word' id='word_1_468' title='bbox 552 3624 802 3679; x_wconf 83' lang='lat' dir='ltr'><strong>Attamen</strong></span> <span class='ocrx_word' id='word_1_469' title='bbox 830 3622 1183 3695; x_wconf 87' lang='lat' dir='ltr'><strong>docet,ipsos</strong></span> <span class='ocrx_word' id='word_1_470' title='bbox 1217 3610 1428 3695; x_wconf 80' lang='lat' dir='ltr'><strong>priores</strong></span> <span class='ocrx_word' id='word_1_471' title='bbox 1459 3623 1565 3680; x_wconf 90' lang='lat' dir='ltr'><strong>sibi</strong></span> <span class='ocrx_word' id='word_1_472' title='bbox 1594 3608 1802 3680; x_wconf 77' lang='lat' dir='ltr'><strong>auxilio</strong></span> <span class='ocrx_word' id='word_1_473' title='bbox 1820 3627 1982 3697; x_wconf 79' lang='lat' dir='ltr'><strong>Assy-</strong></span> 
     </span>
    </p>
   </div>
   <div class='ocr_carea' id='block_1_70' title="bbox 2081 3447 3623 3526">
    <p class='ocr_par' dir='ltr' id='par_1_70' title="bbox 2081 3447 3623 3526">
     <span class='ocr_line' id='line_1_70' title="bbox 2081 3447 3623 3526; baseline -0.005 -18"><span class='ocrx_word' id='word_1_474' title='bbox 2081 3455 2345 3524; x_wconf 83' lang='grc' dir='ltr'>Ἕλληνες</span> <span class='ocrx_word' id='word_1_475' title='bbox 2382 3454 2482 3526; x_wconf 74' lang='grc' dir='ltr'>μὲν</span> <span class='ocrx_word' id='word_1_476' title='bbox 2512 3454 2642 3526; x_wconf 86' lang='grc' dir='ltr'>γὰρ,</span> <span class='ocrx_word' id='word_1_477' title='bbox 2676 3454 2772 3509; x_wconf 58' lang='grc' dir='ltr'><strong>καὶ⁵</strong></span> <span class='ocrx_word' id='word_1_478' title='bbox 2806 3455 3094 3524; x_wconf 84' lang='grc' dir='ltr'>Ῥωμαῖοι,</span> <span class='ocrx_word' id='word_1_479' title='bbox 3122 3453 3215 3506; x_wconf 72' lang='grc' dir='ltr'><strong>τὸν</strong></span> <span class='ocrx_word' id='word_1_480' title='bbox 3246 3454 3425 3524; x_wconf 78' lang='grc' dir='ltr'>’Δρηα</span> <span class='ocrx_word' id='word_1_481' title='bbox 3444 3451 3485 3483; x_wconf 82' lang='grc'><strong>³³</strong></span> <span class='ocrx_word' id='word_1_482' title='bbox 3510 3447 3623 3503; x_wconf 66' lang='grc' dir='ltr'>κατὰ</span> 
     </span>
    </p>
   </div>
   <div class='ocr_carea' id='block_1_71' title="bbox 2084 3543 3619 3628">
    <p class='ocr_par' dir='ltr' id='par_1_71' title="bbox 2084 3543 3619 3628">
     <span class='ocr_line' id='line_1_71' title="bbox 2084 3543 3619 3628; baseline -0.002 -28"><span class='ocrx_word' id='word_1_483' title='bbox 2084 3547 2146 3600; x_wconf 86' lang='grc' dir='ltr'><strong>τδ</strong></span> <span class='ocrx_word' id='word_1_484' title='bbox 2221 3547 2353 3599; x_wconf 84' lang='grc' dir='ltr'>ίδιον</span> <span class='ocrx_word' id='word_1_485' title='bbox 2403 3545 2587 3600; x_wconf 76' lang='grc' dir='ltr'>αὐτῶν</span> <span class='ocrx_word' id='word_1_486' title='bbox 2630 3546 2730 3617; x_wconf 85' lang='grc' dir='ltr'>τῆς</span> <span class='ocrx_word' id='word_1_487' title='bbox 2783 3547 2985 3617; x_wconf 80' lang='grc' dir='ltr'>σκευῆς</span> <span class='ocrx_word' id='word_1_488' title='bbox 3031 3544 3382 3610; x_wconf 79' lang='grc' dir='ltr'>ὲξοπλίζουσι</span> <span class='ocrx_word' id='word_1_489' title='bbox 3428 3543 3619 3628; x_wconf 77' lang='grc' dir='ltr'>σχῆμα·</span> 
     </span>
    </p>
   </div>
   <div class='ocr_carea' id='block_1_72' title="bbox 2085 3628 3625 3705">
    <p class='ocr_par' dir='ltr' id='par_1_72' title="bbox 2085 3628 3625 3705">
     <span class='ocr_line' id='line_1_72' title="bbox 2085 3628 3625 3705; baseline -0.004 -18"><span class='ocrx_word' id='word_1_490' title='bbox 2085 3633 2295 3704; x_wconf 83' lang='grc' dir='ltr'>Πέρσαι</span> <span class='ocrx_word' id='word_1_491' title='bbox 2324 3632 2381 3687; x_wconf 73' lang='grc' dir='ltr'>δὲ</span> <span class='ocrx_word' id='word_1_492' title='bbox 2428 3632 2572 3688; x_wconf 83' lang='grc' dir='ltr'><strong>κατά</strong></span> <span class='ocrx_word' id='word_1_493' title='bbox 2598 3633 2660 3687; x_wconf 80' lang='grc' dir='ltr'>τὸ</span> <span class='ocrx_word' id='word_1_494' title='bbox 2688 3633 2950 3705; x_wconf 81' lang='grc' dir='ltr'>σφέτερον</span> <span class='ocrx_word' id='word_1_495' title='bbox 2976 3651 2989 3665; x_wconf 89' lang='grc'><strong>·</strong></span> <span class='ocrx_word' id='word_1_496' title='bbox 3031 3635 3127 3688; x_wconf 76' lang='grc' dir='ltr'>καὶ</span> <span class='ocrx_word' id='word_1_497' title='bbox 3165 3634 3346 3696; x_wconf 77' lang='grc' dir='ltr'>ἄλλως</span> <span class='ocrx_word' id='word_1_498' title='bbox 3385 3630 3519 3687; x_wconf 71' lang='grc' dir='ltr'>Ἰνδοὶ</span> <span class='ocrx_word' id='word_1_499' title='bbox 3551 3628 3625 3682; x_wconf 80' lang='grc' dir='ltr'>καὶ</span> 
     </span>
    </p>
   </div>
   <div class='ocr_carea' id='block_1_73' title="bbox 403 3714 1982 3796">
    <p class='ocr_par' dir='ltr' id='par_1_73' title="bbox 403 3714 1980 3785">
     <span class='ocr_line' id='line_1_73' title="bbox 403 3714 1980 3785; baseline 0.001 -16"><span class='ocrx_word' id='word_1_500' title='bbox 403 3716 516 3771; x_wconf 89' lang='lat' dir='ltr'><strong>rios</strong></span> <span class='ocrx_word' id='word_1_501' title='bbox 545 3715 929 3779; x_wconf 88' lang='lat' dir='ltr'><strong>accersivisse,</strong></span> <span class='ocrx_word' id='word_1_502' title='bbox 958 3714 1205 3785; x_wconf 82' lang='lat' dir='ltr'><strong>neglecta</strong></span> <span class='ocrx_word' id='word_1_503' title='bbox 1242 3715 1337 3768; x_wconf 91' lang='lat' dir='ltr'><strong>Dei</strong></span> <span class='ocrx_word' id='word_1_504' title='bbox 1377 3714 1662 3770; x_wconf 85' lang='lat' dir='ltr'><strong>societate.</strong></span> <span class='ocrx_word' id='word_1_505' title='bbox 1697 3716 1980 3785; x_wconf 64' lang='lat' dir='ltr'><strong>Accersito</strong></span> 
     </span>
    </p>
   </div>
   <div class='ocr_carea' id='block_1_74' title="bbox 2089 3714 3624 3796">
    <p class='ocr_par' dir='ltr' id='par_1_74' title="bbox 2089 3721 3624 3796">
     <span class='ocr_line' id='line_1_74' title="bbox 2089 3721 3624 3796; baseline -0.004 -18"><span class='ocrx_word' id='word_1_506' title='bbox 2089 3724 2291 3796; x_wconf 77' lang='grc' dir='ltr'>ἑτέρως</span> <span class='ocrx_word' id='word_1_507' title='bbox 2314 3723 2595 3790; x_wconf 80' lang='grc' dir='ltr'>Αἰθίοπες,</span> <span class='ocrx_word' id='word_1_508' title='bbox 2639 3725 2903 3790; x_wconf 80' lang='grc' dir='ltr'>ὡσαύτως</span> <span class='ocrx_word' id='word_1_509' title='bbox 2928 3726 2986 3780; x_wconf 79' lang='grc' dir='ltr'>δὲ</span> <span class='ocrx_word' id='word_1_510' title='bbox 3033 3728 3130 3780; x_wconf 73' lang='grc' dir='ltr'>καὶ</span> <span class='ocrx_word' id='word_1_511' title='bbox 3156 3726 3389 3781; x_wconf 77' lang='grc' dir='ltr'>ἕκαστον</span> <span class='ocrx_word' id='word_1_512' title='bbox 3413 3723 3508 3776; x_wconf 87' lang='grc' dir='ltr'><strong>τῶν</strong></span> <span class='ocrx_word' id='word_1_513' title='bbox 3532 3721 3624 3774; x_wconf 82' lang='grc' dir='ltr'>ὀνο-</span> 
     </span>
    </p>
   </div>
   <div class='ocr_carea' id='block_1_75' title="bbox 399 3802 1982 3887">
    <p class='ocr_par' dir='ltr' id='par_1_75' title="bbox 399 3802 1976 3876">
     <span class='ocr_line' id='line_1_75' title="bbox 399 3802 1976 3876; baseline 0.001 -18"><span class='ocrx_word' id='word_1_514' title='bbox 399 3804 549 3858; x_wconf 82' lang='lat' dir='ltr'><strong>onim</strong></span> <span class='ocrx_word' id='word_1_515' title='bbox 584 3803 722 3858; x_wconf 87' lang='lat' dir='ltr'><strong>Phul</strong></span> <span class='ocrx_word' id='word_1_516' title='bbox 761 3804 902 3874; x_wconf 90' lang='lat' dir='ltr'><strong>(erat</strong></span> <span class='ocrx_word' id='word_1_517' title='bbox 934 3802 1021 3857; x_wconf 89' lang='lat' dir='ltr'><strong>hic</strong></span> <span class='ocrx_word' id='word_1_518' title='bbox 1050 3818 1142 3858; x_wconf 82' lang='lat' dir='ltr'><strong>rex</strong></span> <span class='ocrx_word' id='word_1_519' title='bbox 1174 3802 1575 3876; x_wconf 84' lang='lat' dir='ltr'><strong>Assyriorum),</strong></span> <span class='ocrx_word' id='word_1_520' title='bbox 1607 3802 1674 3858; x_wconf 90' lang='lat' dir='ltr'><strong>ad</strong></span> <span class='ocrx_word' id='word_1_521' title='bbox 1710 3805 1976 3860; x_wconf 83' lang='lat' dir='ltr'><strong>auxilium</strong></span> 
     </span>
    </p>
   </div>
   <div class='ocr_carea' id='block_1_76' title="bbox 2089 3802 3624 3887">
    <p class='ocr_par' dir='ltr' id='par_1_76' title="bbox 2089 3810 3624 3887">
     <span class='ocr_line' id='line_1_76' title="bbox 2089 3810 3624 3887; baseline -0.007 -17"><span class='ocrx_word' id='word_1_522' title='bbox 2089 3814 2413 3886; x_wconf 76' lang='grc' dir='ltr'>μαζομένων</span> <span class='ocrx_word' id='word_1_523' title='bbox 2446 3814 2641 3871; x_wconf 85' lang='grc' dir='ltr'>ὲθνῶν.</span> <span class='ocrx_word' id='word_1_524' title='bbox 2682 3816 2935 3871; x_wconf 83' lang='grc' dir='ltr'>Διδάσκει</span> <span class='ocrx_word' id='word_1_525' title='bbox 2967 3816 3024 3870; x_wconf 66' lang='grc' dir='ltr'>δὲ</span> <span class='ocrx_word' id='word_1_526' title='bbox 3054 3818 3237 3887; x_wconf 81' lang='grc' dir='ltr'>ὅμως,</span> <span class='ocrx_word' id='word_1_527' title='bbox 3266 3817 3365 3870; x_wconf 59' lang='grc' dir='ltr'><strong>καί⁸</strong></span> <span class='ocrx_word' id='word_1_528' title='bbox 3397 3817 3473 3870; x_wconf 81' lang='grc' dir='ltr'>ὅτι</span> <span class='ocrx_word' id='word_1_529' title='bbox 3502 3810 3624 3866; x_wconf 74' lang='grc' dir='ltr'>αὐτοὶ</span> 
     </span>
    </p>
   </div>
   <div class='ocr_carea' id='block_1_77' title="bbox 402 3890 1982 3979">
    <p class='ocr_par' dir='ltr' id='par_1_77' title="bbox 402 3890 1977 3967">
     <span class='ocr_line' id='line_1_77' title="bbox 402 3890 1977 3967; baseline 0.001 -16"><span class='ocrx_word' id='word_1_530' title='bbox 402 3905 595 3953; x_wconf 87' lang='lat' dir='ltr'><strong>contra</strong></span> <span class='ocrx_word' id='word_1_531' title='bbox 652 3894 842 3967; x_wconf 80' lang='lat' dir='ltr'><strong>Syros,</strong></span> <span class='ocrx_word' id='word_1_532' title='bbox 883 3893 1155 3949; x_wconf 88' lang='lat' dir='ltr'><strong>tributum</strong></span> <span class='ocrx_word' id='word_1_533' title='bbox 1204 3901 1259 3949; x_wconf 92' lang='lat' dir='ltr'><strong>et</strong></span> <span class='ocrx_word' id='word_1_534' title='bbox 1298 3890 1534 3967; x_wconf 86' lang='lat' dir='ltr'><strong>vectigal</strong></span> <span class='ocrx_word' id='word_1_535' title='bbox 1584 3894 1687 3967; x_wconf 90' lang='lat' dir='ltr'><strong>ipsi</strong></span> <span class='ocrx_word' id='word_1_536' title='bbox 1737 3898 1977 3967; x_wconf 85' lang='lat' dir='ltr'><strong>pendere</strong></span> 
     </span>
    </p>
   </div>
   <div class='ocr_carea' id='block_1_78' title="bbox 2089 3890 3622 3979">
    <p class='ocr_par' dir='ltr' id='par_1_78' title="bbox 2089 3904 3622 3979">
     <span class='ocr_line' id='line_1_78' title="bbox 2089 3904 3622 3979; baseline 0.001 -20"><span class='ocrx_word' id='word_1_537' title='bbox 2089 3906 2339 3978; x_wconf 81' lang='grc' dir='ltr'>πρότεροι</span> <span class='ocrx_word' id='word_1_538' title='bbox 2387 3906 2513 3968; x_wconf 78' lang='grc' dir='ltr'>τοὺς</span> <span class='ocrx_word' id='word_1_539' title='bbox 2555 3907 2875 3979; x_wconf 79' lang='grc' dir='ltr'>Ἀσσυρίους</span> <span class='ocrx_word' id='word_1_540' title='bbox 2927 3908 3199 3963; x_wconf 71' lang='grc' dir='ltr'>ἐκάλεσαν</span> <span class='ocrx_word' id='word_1_541' title='bbox 3258 3909 3341 3971; x_wconf 85' lang='grc' dir='ltr'><strong>είς</strong></span> <span class='ocrx_word' id='word_1_542' title='bbox 3394 3904 3622 3978; x_wconf 71' lang='grc' dir='ltr'>βοήθειαν.</span> 
     </span>
    </p>
   </div>
   <div class='ocr_carea' id='block_1_79' title="bbox 404 3985 1982 4071">
    <p class='ocr_par' dir='ltr' id='par_1_79' title="bbox 404 3985 1975 4059">
     <span class='ocr_line' id='line_1_79' title="bbox 404 3985 1975 4059; baseline 0.002 -16"><span class='ocrx_word' id='word_1_543' title='bbox 404 3986 629 4059; x_wconf 81' lang='lat' dir='ltr'><strong>polliciti</strong></span> <span class='ocrx_word' id='word_1_544' title='bbox 685 3993 833 4041; x_wconf 91' lang='lat' dir='ltr'><strong>sunt.</strong></span> <span class='ocrx_word' id='word_1_545' title='bbox 878 3985 1151 4056; x_wconf 87' lang='lat' dir='ltr'><strong>Deinceps</strong></span> <span class='ocrx_word' id='word_1_546' title='bbox 1198 3985 1589 4059; x_wconf 79' lang='lat' dir='ltr'><strong>commercium</strong></span> <span class='ocrx_word' id='word_1_547' title='bbox 1640 3989 1975 4058; x_wconf 81' lang='lat' dir='ltr'><strong>impietatem</strong></span> 
     </span>
    </p>
   </div>
   <div class='ocr_carea' id='block_1_80' title="bbox 2089 3985 3625 4071">
    <p class='ocr_par' dir='ltr' id='par_1_80' title="bbox 2089 3990 3625 4071">
     <span class='ocr_line' id='line_1_80' title="bbox 2089 3990 3625 4071; baseline 0.005 -20"><span class='ocrx_word' id='word_1_548' title='bbox 2089 3997 2183 4068; x_wconf 84' lang='grc' dir='ltr'>τῆς</span> <span class='ocrx_word' id='word_1_549' title='bbox 2204 3996 2299 4050; x_wconf 80' lang='grc' dir='ltr'>τοῦ</span> <span class='ocrx_word' id='word_1_550' title='bbox 2335 3996 2815 4069; x_wconf 83' lang='grc' dir='ltr'>Θεοῦσυμμαχίας</span> <span class='ocrx_word' id='word_1_551' title='bbox 2852 4000 3373 4071; x_wconf 78' lang='grc' dir='ltr'>καταφρονήσαντες</span> <span class='ocrx_word' id='word_1_552' title='bbox 3395 4013 3408 4028; x_wconf 76' lang='grc'><strong><em>⁸</em></strong></span> <span class='ocrx_word' id='word_1_553' title='bbox 3438 3995 3519 4050; x_wconf 85' lang='grc' dir='ltr'><strong>τδν</strong></span> <span class='ocrx_word' id='word_1_554' title='bbox 3539 3990 3625 4060; x_wconf 75' lang='grc' dir='ltr'><strong>γὰρ</strong></span> 
     </span>
    </p>
   </div>
   <div class='ocr_carea' id='block_1_81' title="bbox 402 4077 1982 4165">
    <p class='ocr_par' dir='ltr' id='par_1_81' title="bbox 402 4077 1219 4165">
     <span class='ocr_line' id='line_1_81' title="bbox 402 4077 1219 4165; baseline -0.002 -29"><span class='ocrx_word' id='word_1_555' title='bbox 402 4080 723 4165; x_wconf 80' lang='lat' dir='ltr'><strong>introduxit.</strong></span> <span class='ocrx_word' id='word_1_556' title='bbox 759 4080 897 4135; x_wconf 91' lang='lat' dir='ltr'><strong>Tum</strong></span> <span class='ocrx_word' id='word_1_557' title='bbox 939 4077 1168 4150; x_wconf 86' lang='lat' dir='ltr'><strong>subjicit</strong></span> <span class='ocrx_word' id='word_1_558' title='bbox 1200 4095 1219 4134; x_wconf 92' lang='lat'><strong><em>:</em></strong></span> 
     </span>
    </p>
   </div>
   <div class='ocr_carea' id='block_1_82' title="bbox 2089 4077 3624 4165">
    <p class='ocr_par' dir='ltr' id='par_1_82' title="bbox 2089 4087 3624 4165">
     <span class='ocr_line' id='line_1_82' title="bbox 2089 4087 3624 4165; baseline -0.007 -21"><span class='ocrx_word' id='word_1_559' title='bbox 2089 4092 2227 4146; x_wconf 77' lang='grc' dir='ltr'>Φοὺλ</span> <span class='ocrx_word' id='word_1_560' title='bbox 2249 4092 2318 4157; x_wconf 75' lang='grc'><strong>⁸⁵,</strong></span> <span class='ocrx_word' id='word_1_561' title='bbox 2349 4092 2603 4163; x_wconf 80' lang='grc' dir='ltr'>βασιλεὺς</span> <span class='ocrx_word' id='word_1_562' title='bbox 2637 4092 2695 4147; x_wconf 72' lang='grc' dir='ltr'>δὲ</span> <span class='ocrx_word' id='word_1_563' title='bbox 2747 4087 2903 4157; x_wconf 73' lang='grc' dir='ltr'>οὗτος</span> <span class='ocrx_word' id='word_1_564' title='bbox 2946 4088 3016 4164; x_wconf 77' lang='grc' dir='ltr'>ἦν</span> <span class='ocrx_word' id='word_1_565' title='bbox 3057 4093 3395 4165; x_wconf 81' lang='grc' dir='ltr'>Ἀσσυρίων,</span> <span class='ocrx_word' id='word_1_566' title='bbox 3424 4090 3496 4152; x_wconf 80' lang='grc' dir='ltr'><strong>είς</strong></span> <span class='ocrx_word' id='word_1_567' title='bbox 3527 4087 3624 4138; x_wconf 72' lang='grc' dir='ltr'>ἐπι-</span> 
     </span>
    </p>
   </div>
   <div class='ocr_carea' id='block_1_83' title="bbox 401 4162 3626 4257">
    <p class='ocr_par' dir='ltr' id='par_1_83' title="bbox 401 4162 3626 4257">
     <span class='ocr_line' id='line_1_83' title="bbox 401 4162 3626 4257; baseline 0 -29"><span class='ocrx_word' id='word_1_568' title='bbox 401 4162 630 4246; x_wconf 72' lang='grc' dir='ltr'>κούρίαν</span> <span class='ocrx_word' id='word_1_569' title='bbox 661 4173 801 4227; x_wconf 70' lang='grc' dir='ltr'>κατὰ</span> <span class='ocrx_word' id='word_1_570' title='bbox 831 4170 940 4227; x_wconf 90' lang='grc' dir='ltr'><strong>τῶν</strong></span> <span class='ocrx_word' id='word_1_571' title='bbox 975 4170 1163 4245; x_wconf 78' lang='grc' dir='ltr'>Σύρων</span> <span class='ocrx_word' id='word_1_572' title='bbox 1213 4169 1698 4243; x_wconf 86' lang='grc' dir='ltr'>παρακαλέσαντες</span> <span class='ocrx_word' id='word_1_573' title='bbox 1721 4214 1737 4240; x_wconf 94' lang='grc'><strong>,</strong></span> <span class='ocrx_word' id='word_1_574' title='bbox 1799 4174 2007 4249; x_wconf 77' lang='grc' dir='ltr'>δασμὸν</span> <span class='ocrx_word' id='word_1_575' title='bbox 2041 4181 2189 4254; x_wconf 84' lang='grc' dir='ltr'>αὐτῷ</span> <span class='ocrx_word' id='word_1_576' title='bbox 2230 4184 2324 4238; x_wconf 79' lang='grc' dir='ltr'>καὶ</span> <span class='ocrx_word' id='word_1_577' title='bbox 2352 4162 2359 4163; x_wconf 15' lang='lat'><em>7</em></span> <span class='ocrx_word' id='word_1_578' title='bbox 2399 4184 2567 4256; x_wconf 78' lang='grc' dir='ltr'>φόρον</span> <span class='ocrx_word' id='word_1_579' title='bbox 2613 4184 2802 4257; x_wconf 74' lang='grc' dir='ltr'>φέρειν</span> <span class='ocrx_word' id='word_1_580' title='bbox 2853 4162 3158 4257; x_wconf 73' lang='grc' dir='ltr'>ὑπέσχοντο</span> <span class='ocrx_word' id='word_1_581' title='bbox 3189 4201 3209 4239; x_wconf 87' lang='grc'>·.</span> <span class='ocrx_word' id='word_1_582' title='bbox 3236 4162 3489 4239; x_wconf 39' lang='grc' dir='ltr'>’ἐντεῦθεν</span> <span class='ocrx_word' id='word_1_583' title='bbox 3542 4175 3626 4229; x_wconf 77' lang='grc' dir='ltr'>λοι·</span> 
     </span>
    </p>
   </div>
   <div class='ocr_carea' id='block_1_84' title="bbox 403 4264 2119 4344">
    <p class='ocr_par' dir='ltr' id='par_1_84' title="bbox 403 4264 2119 4344">
     <span class='ocr_line' id='line_1_84' title="bbox 403 4264 2119 4344; baseline -0.001 -14"><span class='ocrx_word' id='word_1_584' title='bbox 403 4273 503 4329; x_wconf 83' lang='grc' dir='ltr'><strong>πὺν</strong></span> <span class='ocrx_word' id='word_1_585' title='bbox 547 4273 581 4344; x_wconf 83' lang='grc' dir='ltr'><strong>ἠ</strong></span> <span class='ocrx_word' id='word_1_586' title='bbox 629 4267 881 4342; x_wconf 75' lang='grc' dir='ltr'>ἐπιμιξία</span> <span class='ocrx_word' id='word_1_587' title='bbox 924 4268 1190 4340; x_wconf 79' lang='grc' dir='ltr'>εἰσήγαγε</span> <span class='ocrx_word' id='word_1_588' title='bbox 1240 4264 1339 4340; x_wconf 79' lang='grc' dir='ltr'>τὴν</span> <span class='ocrx_word' id='word_1_589' title='bbox 1383 4266 1662 4322; x_wconf 75' lang='grc' dir='ltr'>ἀσέϐειαν.</span> <span class='ocrx_word' id='word_1_590' title='bbox 1707 4267 1840 4324; x_wconf 78' lang='grc' dir='ltr'>Εἶτα</span> <span class='ocrx_word' id='word_1_591' title='bbox 1883 4270 2119 4343; x_wconf 66' lang='grc' dir='ltr'>ἐπάγει·</span> 
     </span>
    </p>
   </div>
   <div class='ocr_carea' id='block_1_85' title="bbox 470 4354 1982 4437">
    <p class='ocr_par' dir='ltr' id='par_1_85' title="bbox 470 4354 1976 4430">
     <span class='ocr_line' id='line_1_85' title="bbox 470 4354 1976 4430; baseline 0 -13"><span class='ocrx_word' id='word_1_592' title='bbox 470 4360 638 4417; x_wconf 68' lang='lat' dir='ltr'><strong>Vens.</strong></span> <span class='ocrx_word' id='word_1_593' title='bbox 678 4360 732 4415; x_wconf 93' lang='lat'><strong>8.</strong></span> <span class='ocrx_word' id='word_1_594' title='bbox 776 4354 841 4413; x_wconf 82' lang='lat' dir='ltr'><strong>Et</strong></span> <span class='ocrx_word' id='word_1_595' title='bbox 873 4357 1279 4428; x_wconf 76' lang='lat' dir='ltr'><strong>fornicationem</strong></span> <span class='ocrx_word' id='word_1_596' title='bbox 1315 4373 1467 4413; x_wconf 87' lang='lat' dir='ltr'><strong>suam</strong></span> <span class='ocrx_word' id='word_1_597' title='bbox 1494 4373 1560 4413; x_wconf 78' lang='lat' dir='ltr'><strong>ea:</strong></span> <span class='ocrx_word' id='word_1_598' title='bbox 1598 4355 1831 4430; x_wconf 67' lang='lat' dir='ltr'><strong>Egypto</strong></span> <span class='ocrx_word' id='word_1_599' title='bbox 1871 4379 1976 4417; x_wconf 84' lang='lat' dir='ltr'><strong>non</strong></span> 
     </span>
    </p>
   </div>
   <div class='ocr_carea' id='block_1_86' title="bbox 2089 4354 3626 4437">
    <p class='ocr_par' dir='ltr' id='par_1_86' title="bbox 2146 4364 3626 4437">
     <span class='ocr_line' id='line_1_86' title="bbox 2146 4364 3626 4437; baseline -0.007 -15"><span class='ocrx_word' id='word_1_600' title='bbox 2146 4364 2218 4436; x_wconf 86' lang='grc' dir='ltr'>η’.</span> <span class='ocrx_word' id='word_1_601' title='bbox 2259 4366 2368 4421; x_wconf 85' lang='lat' dir='ltr'><strong>Kal</strong></span> <span class='ocrx_word' id='word_1_602' title='bbox 2396 4366 2510 4435; x_wconf 76' lang='grc' dir='ltr'>τὴν</span> <span class='ocrx_word' id='word_1_603' title='bbox 2536 4368 2828 4437; x_wconf 81' lang='grc' dir='ltr'>πορνείαν</span> <span class='ocrx_word' id='word_1_604' title='bbox 2865 4366 3059 4437; x_wconf 82' lang='grc' dir='ltr'>αὐτῆς</span> <span class='ocrx_word' id='word_1_605' title='bbox 3094 4367 3213 4437; x_wconf 76' lang='grc' dir='ltr'>τὴν</span> <span class='ocrx_word' id='word_1_606' title='bbox 3255 4367 3326 4434; x_wconf 71' lang='grc' dir='ltr'><strong>ἐξ</strong></span> <span class='ocrx_word' id='word_1_607' title='bbox 3365 4364 3626 4434; x_wconf 77' lang='grc' dir='ltr'>Αίγύπτου</span> 
     </span>
    </p>
   </div>
   <div class='ocr_carea' id='block_1_87' title="bbox 400 4448 1981 4525">
    <p class='ocr_par' dir='ltr' id='par_1_87' title="bbox 400 4448 1981 4525">
     <span class='ocr_line' id='line_1_87' title="bbox 400 4448 1981 4525; baseline 0 -16"><span class='ocrx_word' id='word_1_608' title='bbox 400 4452 696 4525; x_wconf 76' lang='lat' dir='ltr'><strong>deretiquit,</strong></span> <span class='ocrx_word' id='word_1_609' title='bbox 731 4451 857 4523; x_wconf 89' lang='lat' dir='ltr'><strong>quia</strong></span> <span class='ocrx_word' id='word_1_610' title='bbox 888 4466 1009 4505; x_wconf 89' lang='lat' dir='ltr'><strong>cum</strong></span> <span class='ocrx_word' id='word_1_611' title='bbox 1056 4466 1120 4505; x_wconf 90' lang='lat' dir='ltr'><strong>ea</strong></span> <span class='ocrx_word' id='word_1_612' title='bbox 1162 4448 1493 4504; x_wconf 86' lang='lat' dir='ltr'><strong>dormiebant</strong></span> <span class='ocrx_word' id='word_1_613' title='bbox 1530 4450 1587 4504; x_wconf 85' lang='lat' dir='ltr'><strong>in</strong></span> <span class='ocrx_word' id='word_1_614' title='bbox 1624 4449 1981 4509; x_wconf 81' lang='lat' dir='ltr'><strong>adolescentia</strong></span> 
     </span>
    </p>
   </div>
   <div class='ocr_carea' id='block_1_88' title="bbox 398 4541 1983 4615">
    <p class='ocr_par' dir='ltr' id='par_1_88' title="bbox 398 4541 1983 4615">
     <span class='ocr_line' id='line_1_88' title="bbox 398 4541 1983 4615; baseline -0.001 -16"><span class='ocrx_word' id='word_1_615' title='bbox 398 4545 532 4615; x_wconf 85' lang='lat' dir='ltr'><strong>ejus,</strong></span> <span class='ocrx_word' id='word_1_616' title='bbox 569 4553 616 4599; x_wconf 92' lang='lat' dir='ltr'><strong>et</strong></span> <span class='ocrx_word' id='word_1_617' title='bbox 648 4541 748 4612; x_wconf 86' lang='lat' dir='ltr'><strong>ipsi</strong></span> <span class='ocrx_word' id='word_1_618' title='bbox 775 4541 1230 4612; x_wconf 81' lang='lat' dir='ltr'><strong>devirginaverunt</strong></span> <span class='ocrx_word' id='word_1_619' title='bbox 1266 4556 1406 4607; x_wconf 89' lang='lat' dir='ltr'><strong>eam,</strong></span> <span class='ocrx_word' id='word_1_620' title='bbox 1443 4551 1492 4595; x_wconf 88' lang='lat' dir='ltr'><strong>et</strong></span> <span class='ocrx_word' id='word_1_621' title='bbox 1529 4541 1829 4611; x_wconf 69' lang='lat' dir='ltr'><strong>eﬁ&#39;uderunt</strong></span> <span class='ocrx_word' id='word_1_622' title='bbox 1866 4544 1983 4615; x_wconf 58' lang='lat' dir='ltr'><strong>fore</strong></span> 
     </span>
    </p>
   </div>
   <div class='ocr_carea' id='block_1_89' title="bbox 402 4632 1974 4704">
    <p class='ocr_par' dir='ltr' id='par_1_89' title="bbox 402 4632 1974 4704">
     <span class='ocr_line' id='line_1_89' title="bbox 402 4632 1974 4704; baseline 0 -13"><span class='ocrx_word' id='word_1_623' title='bbox 402 4637 712 4691; x_wconf 86' lang='lat' dir='ltr'><strong>nicationem</strong></span> <span class='ocrx_word' id='word_1_624' title='bbox 741 4649 893 4689; x_wconf 87' lang='lat' dir='ltr'><strong>suam</strong></span> <span class='ocrx_word' id='word_1_625' title='bbox 931 4648 1085 4702; x_wconf 86' lang='lat' dir='ltr'><strong>super</strong></span> <span class='ocrx_word' id='word_1_626' title='bbox 1123 4649 1261 4687; x_wconf 89' lang='lat' dir='ltr'><strong>eam.</strong></span> <span class='ocrx_word' id='word_1_627' title='bbox 1298 4632 1588 4704; x_wconf 83' lang='lat' dir='ltr'><strong>Copulata,</strong></span> <span class='ocrx_word' id='word_1_628' title='bbox 1620 4633 1821 4704; x_wconf 87' lang='lat' dir='ltr'><strong>inquit,</strong></span> <span class='ocrx_word' id='word_1_629' title='bbox 1848 4652 1974 4691; x_wconf 89' lang='lat' dir='ltr'><strong>cum</strong></span> 
     </span>
    </p>
   </div>
   <div class='ocr_carea' id='block_1_90' title="bbox 405 4723 1982 4800">
    <p class='ocr_par' dir='ltr' id='par_1_90' title="bbox 405 4723 1982 4800">
     <span class='ocr_line' id='line_1_90' title="bbox 405 4723 1982 4800; baseline 0.001 -19"><span class='ocrx_word' id='word_1_630' title='bbox 405 4727 663 4799; x_wconf 72' lang='lat' dir='ltr'><strong>Assyriis,</strong></span> <span class='ocrx_word' id='word_1_631' title='bbox 693 4738 996 4795; x_wconf 88' lang='lat' dir='ltr'><strong>eorumque</strong></span> <span class='ocrx_word' id='word_1_632' title='bbox 1023 4724 1420 4795; x_wconf 87' lang='lat' dir='ltr'><strong>superstitione</strong></span> <span class='ocrx_word' id='word_1_633' title='bbox 1449 4723 1692 4795; x_wconf 83' lang='lat' dir='ltr'><strong>perfusa,</strong></span> <span class='ocrx_word' id='word_1_634' title='bbox 1729 4743 1797 4783; x_wconf 92' lang='lat' dir='ltr'><strong>ne</strong></span> <span class='ocrx_word' id='word_1_635' title='bbox 1812 4728 1982 4800; x_wconf 70' lang='lat' dir='ltr'><strong>A‘ng-</strong></span> 
     </span>
    </p>
   </div>
   <div class='ocr_carea' id='block_1_91' title="bbox 406 4818 1985 4891">
    <p class='ocr_par' dir='ltr' id='par_1_91' title="bbox 406 4818 1985 4891">
     <span class='ocr_line' id='line_1_91' title="bbox 406 4818 1985 4891; baseline 0.001 -16"><span class='ocrx_word' id='word_1_636' title='bbox 406 4821 610 4891; x_wconf 88' lang='lat' dir='ltr'><strong>ptiacas</strong></span> <span class='ocrx_word' id='word_1_637' title='bbox 643 4819 861 4890; x_wconf 89' lang='lat' dir='ltr'><strong>quidem</strong></span> <span class='ocrx_word' id='word_1_638' title='bbox 895 4818 1226 4889; x_wconf 86' lang='lat' dir='ltr'><strong>disciplinas</strong></span> <span class='ocrx_word' id='word_1_639' title='bbox 1260 4818 1519 4889; x_wconf 77' lang='lat' dir='ltr'><strong>neglexit,</strong></span> <span class='ocrx_word' id='word_1_640' title='bbox 1569 4819 1679 4874; x_wconf 82' lang='lat' dir='ltr'><strong>imo</strong></span> <span class='ocrx_word' id='word_1_641' title='bbox 1707 4820 1830 4876; x_wconf 86' lang='lat' dir='ltr'><strong>illas</strong></span> <span class='ocrx_word' id='word_1_642' title='bbox 1864 4830 1985 4876; x_wconf 86' lang='lat' dir='ltr'><strong>stu-</strong></span> 
     </span>
    </p>
   </div>
   <div class='ocr_carea' id='block_1_92' title="bbox 403 4909 1981 4984">
    <p class='ocr_par' dir='ltr' id='par_1_92' title="bbox 403 4909 1981 4984">
     <span class='ocr_line' id='line_1_92' title="bbox 403 4909 1981 4984; baseline 0.002 -18"><span class='ocrx_word' id='word_1_643' title='bbox 403 4909 713 4967; x_wconf 83' lang='lat' dir='ltr'><strong>diosissime</strong></span> <span class='ocrx_word' id='word_1_644' title='bbox 745 4910 1080 4966; x_wconf 86' lang='lat' dir='ltr'><strong>observavit.</strong></span> <span class='ocrx_word' id='word_1_645' title='bbox 1136 4910 1212 4964; x_wconf 91' lang='lat' dir='ltr'><strong>Ita</strong></span> <span class='ocrx_word' id='word_1_646' title='bbox 1264 4911 1510 4966; x_wconf 85' lang='lat' dir='ltr'><strong>narratis</strong></span> <span class='ocrx_word' id='word_1_647' title='bbox 1551 4911 1850 4982; x_wconf 89' lang='lat' dir='ltr'><strong>impietatis</strong></span> <span class='ocrx_word' id='word_1_648' title='bbox 1885 4930 1981 4984; x_wconf 81' lang='lat' dir='ltr'><strong>ge-</strong></span> 
     </span>
    </p>
   </div>
   <div class='ocr_carea' id='block_1_93' title="bbox 406 5001 1765 5074">
    <p class='ocr_par' dir='ltr' id='par_1_93' title="bbox 406 5001 1765 5074">
     <span class='ocr_line' id='line_1_93' title="bbox 406 5001 1765 5074; baseline 0.002 -17"><span class='ocrx_word' id='word_1_649' title='bbox 406 5001 646 5067; x_wconf 81' lang='lat' dir='ltr'><strong>neribus,</strong></span> <span class='ocrx_word' id='word_1_650' title='bbox 675 5003 985 5072; x_wconf 67' lang='lat' dir='ltr'><strong>mquitatem</strong></span> <span class='ocrx_word' id='word_1_651' title='bbox 1020 5002 1184 5058; x_wconf 85' lang='lat' dir='ltr'><strong>etiam</strong></span> <span class='ocrx_word' id='word_1_652' title='bbox 1216 5002 1467 5074; x_wconf 89' lang='lat' dir='ltr'><strong>supplicii</strong></span> <span class='ocrx_word' id='word_1_653' title='bbox 1502 5004 1765 5060; x_wconf 90' lang='lat' dir='ltr'><strong>ostendit.</strong></span> 
     </span>
    </p>
   </div>
   <div class='ocr_carea' id='block_1_94' title="bbox 476 5252 1976 5324">
    <p class='ocr_par' dir='ltr' id='par_1_94' title="bbox 476 5252 1976 5324">
     <span class='ocr_line' id='line_1_94' title="bbox 476 5252 1976 5324; baseline 0.002 -11"><span class='ocrx_word' id='word_1_654' title='bbox 476 5256 637 5313; x_wconf 72' lang='lat' dir='ltr'><strong>Vsus.</strong></span> <span class='ocrx_word' id='word_1_655' title='bbox 679 5256 733 5312; x_wconf 86' lang='lat'><strong>9.</strong></span> <span class='ocrx_word' id='word_1_656' title='bbox 777 5252 1064 5324; x_wconf 84' lang='lat' dir='ltr'><strong>Propterea</strong></span> <span class='ocrx_word' id='word_1_657' title='bbox 1097 5255 1296 5311; x_wconf 82' lang='lat' dir='ltr'><strong>tradidi</strong></span> <span class='ocrx_word' id='word_1_658' title='bbox 1325 5273 1443 5313; x_wconf 86' lang='lat' dir='ltr'><strong>eam</strong></span> <span class='ocrx_word' id='word_1_659' title='bbox 1489 5260 1544 5313; x_wconf 86' lang='lat' dir='ltr'><strong>in</strong></span> <span class='ocrx_word' id='word_1_660' title='bbox 1590 5276 1778 5314; x_wconf 86' lang='lat' dir='ltr'><strong>manus</strong></span> <span class='ocrx_word' id='word_1_661' title='bbox 1821 5279 1976 5316; x_wconf 71' lang='lat' dir='ltr'><strong>anta-</strong></span> 
     </span>
    </p>
   </div>
   <div class='ocr_carea' id='block_1_95' title="bbox 405 5348 1977 5423">
    <p class='ocr_par' dir='ltr' id='par_1_95' title="bbox 405 5348 1977 5423">
     <span class='ocr_line' id='line_1_95' title="bbox 405 5348 1977 5423; baseline 0.001 -15"><span class='ocrx_word' id='word_1_662' title='bbox 405 5367 575 5411; x_wconf 86' lang='lat' dir='ltr'><strong>torum</strong></span> <span class='ocrx_word' id='word_1_663' title='bbox 603 5369 840 5419; x_wconf 87' lang='lat' dir='ltr'><strong>suorum,</strong></span> <span class='ocrx_word' id='word_1_664' title='bbox 866 5348 919 5404; x_wconf 81' lang='lat' dir='ltr'><strong>in</strong></span> <span class='ocrx_word' id='word_1_665' title='bbox 954 5364 1143 5404; x_wconf 85' lang='lat' dir='ltr'><strong>manus</strong></span> <span class='ocrx_word' id='word_1_666' title='bbox 1182 5351 1416 5418; x_wconf 77' lang='lat' dir='ltr'><strong>ﬁliorum</strong></span> <span class='ocrx_word' id='word_1_667' title='bbox 1448 5354 1819 5423; x_wconf 80' lang='lat' dir='ltr'><strong>Assyriorum,</strong></span> <span class='ocrx_word' id='word_1_668' title='bbox 1856 5372 1977 5410; x_wconf 82' lang='lat' dir='ltr'><strong>cum</strong></span> 
     </span>
    </p>
   </div>
   <div class='ocr_carea' id='block_1_96' title="bbox 2087 4450 3627 4530">
    <p class='ocr_par' dir='ltr' id='par_1_96' title="bbox 2087 4450 3627 4530">
     <span class='ocr_line' id='line_1_96' title="bbox 2087 4450 3627 4530; baseline -0.003 -19"><span class='ocrx_word' id='word_1_669' title='bbox 2087 4462 2199 4512; x_wconf 74' lang='grc' dir='ltr'>οὐκ</span> <span class='ocrx_word' id='word_1_670' title='bbox 2235 4457 2645 4527; x_wconf 75' lang='grc' dir='ltr'>ἐγκατέλιπεν,</span> <span class='ocrx_word' id='word_1_671' title='bbox 2694 4458 2785 4514; x_wconf 79' lang='grc' dir='ltr'>ὅτι</span> <span class='ocrx_word' id='word_1_672' title='bbox 2824 4459 2953 4529; x_wconf 80' lang='grc' dir='ltr'>μετ’</span> <span class='ocrx_word' id='word_1_673' title='bbox 2996 4459 3193 4529; x_wconf 77' lang='grc' dir='ltr'>αὐτῆς</span> <span class='ocrx_word' id='word_1_674' title='bbox 3237 4458 3539 4530; x_wconf 76' lang='grc' dir='ltr'>ἐκοιμῶντο</span> <span class='ocrx_word' id='word_1_675' title='bbox 3572 4450 3627 4503; x_wconf 80' lang='grc' dir='ltr'>ἐν</span> 
     </span>
    </p>
   </div>
   <div class='ocr_carea' id='block_1_97' title="bbox 2086 4542 3625 4621">
    <p class='ocr_par' dir='ltr' id='par_1_97' title="bbox 2086 4542 3625 4621">
     <span class='ocr_line' id='line_1_97' title="bbox 2086 4542 3625 4621; baseline 0 -19"><span class='ocrx_word' id='word_1_676' title='bbox 2086 4548 2323 4617; x_wconf 83' lang='grc' dir='ltr'>νεότητι</span> <span class='ocrx_word' id='word_1_677' title='bbox 2351 4550 2563 4620; x_wconf 80' lang='grc' dir='ltr'>αὐτῆς,</span> <span class='ocrx_word' id='word_1_678' title='bbox 2588 4550 2686 4606; x_wconf 76' lang='grc' dir='ltr'><strong>καί</strong></span> <span class='ocrx_word' id='word_1_679' title='bbox 2712 4551 2880 4607; x_wconf 72' lang='grc' dir='ltr'>αὐτοὶ</span> <span class='ocrx_word' id='word_1_680' title='bbox 2906 4551 3416 4621; x_wconf 79' lang='grc' dir='ltr'>διεπαρθένευσαν</span> <span class='ocrx_word' id='word_1_681' title='bbox 3443 4542 3625 4610; x_wconf 73' lang='grc' dir='ltr'>αὐτὴν.</span> 
     </span>
    </p>
   </div>
   <div class='ocr_carea' id='block_1_98' title="bbox 2089 4636 3624 4713">
    <p class='ocr_par' dir='ltr' id='par_1_98' title="bbox 2089 4636 3624 4713">
     <span class='ocr_line' id='line_1_98' title="bbox 2089 4636 3624 4713; baseline -0.002 -18"><span class='ocrx_word' id='word_1_682' title='bbox 2089 4641 2189 4696; x_wconf 80' lang='grc' dir='ltr'><strong>καί</strong></span> <span class='ocrx_word' id='word_1_683' title='bbox 2214 4641 2466 4712; x_wconf 79' lang='grc' dir='ltr'>ἐξέχεαν</span> <span class='ocrx_word' id='word_1_684' title='bbox 2488 4643 2603 4712; x_wconf 76' lang='grc' dir='ltr'>τὴν</span> <span class='ocrx_word' id='word_1_685' title='bbox 2627 4645 2916 4713; x_wconf 80' lang='grc' dir='ltr'>πορνείαν</span> <span class='ocrx_word' id='word_1_686' title='bbox 2943 4642 3143 4699; x_wconf 82' lang='grc' dir='ltr'>αὐτῶν</span> <span class='ocrx_word' id='word_1_687' title='bbox 3166 4644 3261 4698; x_wconf 80' lang='grc' dir='ltr'><strong>ἐπ’</strong></span> <span class='ocrx_word' id='word_1_688' title='bbox 3291 4643 3490 4707; x_wconf 78' lang='grc' dir='ltr'>αὐτήν.</span> <span class='ocrx_word' id='word_1_689' title='bbox 3518 4636 3624 4688; x_wconf 72' lang='grc' dir='ltr'>Συνε</span> 
     </span>
    </p>
   </div>
   <div class='ocr_carea' id='block_1_99' title="bbox 2089 4726 3624 4807">
    <p class='ocr_par' dir='ltr' id='par_1_99' title="bbox 2089 4726 3624 4807">
     <span class='ocr_line' id='line_1_99' title="bbox 2089 4726 3624 4807; baseline -0.019 -4"><span class='ocrx_word' id='word_1_690' title='bbox 2089 4732 2340 4802; x_wconf 67' lang='grc' dir='ltr'><strong>αφθεῖσαθ</strong></span> <span class='ocrx_word' id='word_1_691' title='bbox 2372 4734 2527 4805; x_wconf 75' lang='grc' dir='ltr'>φησὶ,</span> <span class='ocrx_word' id='word_1_692' title='bbox 2559 4737 2673 4799; x_wconf 81' lang='grc' dir='ltr'><strong>τοῖς</strong></span> <span class='ocrx_word' id='word_1_693' title='bbox 2713 4735 3049 4807; x_wconf 65' lang='grc' dir='ltr'>Ἀσσυρίοις,</span> <span class='ocrx_word' id='word_1_694' title='bbox 3068 4737 3163 4790; x_wconf 77' lang='grc' dir='ltr'>καὶ</span> <span class='ocrx_word' id='word_1_695' title='bbox 3189 4736 3290 4807; x_wconf 82' lang='grc' dir='ltr'>τὴν</span> <span class='ocrx_word' id='word_1_696' title='bbox 3321 4735 3510 4790; x_wconf 85' lang='grc' dir='ltr'>τούτων</span> <span class='ocrx_word' id='word_1_697' title='bbox 3536 4726 3624 4779; x_wconf 79' lang='grc' dir='ltr'>δει-</span> 
     </span>
    </p>
   </div>
   <div class='ocr_carea' id='block_1_100' title="bbox 2090 4812 3626 4899">
    <p class='ocr_par' dir='ltr' id='par_1_100' title="bbox 2090 4812 3626 4899">
     <span class='ocr_line' id='line_1_100' title="bbox 2090 4812 3626 4899; baseline -0.001 -22"><span class='ocrx_word' id='word_1_698' title='bbox 2090 4823 2428 4896; x_wconf 86' lang='grc' dir='ltr'>σιδαιμονίαν</span> <span class='ocrx_word' id='word_1_699' title='bbox 2478 4827 2866 4899; x_wconf 72' lang='grc' dir='ltr'>ικμαξαμένη,</span> <span class='ocrx_word' id='word_1_700' title='bbox 2921 4828 3044 4881; x_wconf 81' lang='grc' dir='ltr'>οὐδὲ</span> <span class='ocrx_word' id='word_1_701' title='bbox 3111 4827 3222 4883; x_wconf 86' lang='grc' dir='ltr'><strong>τῶν</strong></span> <span class='ocrx_word' id='word_1_702' title='bbox 3278 4812 3626 4897; x_wconf 72' lang='grc' dir='ltr'>Αἰγυπτιακῶν</span> 
     </span>
    </p>
   </div>
   <div class='ocr_carea' id='block_1_101' title="bbox 2087 4902 3625 4987">
    <p class='ocr_par' dir='ltr' id='par_1_101' title="bbox 2087 4902 3625 4987">
     <span class='ocr_line' id='line_1_101' title="bbox 2087 4902 3625 4987; baseline -0.005 -15"><span class='ocrx_word' id='word_1_703' title='bbox 2087 4913 2330 4984; x_wconf 73' lang='grc' dir='ltr'>ἠμέλησε</span> <span class='ocrx_word' id='word_1_704' title='bbox 2382 4914 2744 4987; x_wconf 82' lang='grc' dir='ltr'>μαθημάτων,</span> <span class='ocrx_word' id='word_1_705' title='bbox 2792 4916 2930 4971; x_wconf 88' lang='grc' dir='ltr'><strong>ἀλλά</strong></span> <span class='ocrx_word' id='word_1_706' title='bbox 2976 4918 3206 4972; x_wconf 84' lang='grc' dir='ltr'>κάκεῖνα</span> <span class='ocrx_word' id='word_1_707' title='bbox 3236 4917 3357 4972; x_wconf 84' lang='grc' dir='ltr'>λίαν</span> <span class='ocrx_word' id='word_1_708' title='bbox 3386 4902 3625 4981; x_wconf 74' lang='grc' dir='ltr'>ἐπιμελῶς</span> 
     </span>
    </p>
   </div>
   <div class='ocr_carea' id='block_1_102' title="bbox 2089 4992 3627 5078">
    <p class='ocr_par' dir='ltr' id='par_1_102' title="bbox 2089 4992 3627 5078">
     <span class='ocr_line' id='line_1_102' title="bbox 2089 4992 3627 5078; baseline 0.002 -21"><span class='ocrx_word' id='word_1_709' title='bbox 2089 5005 2432 5075; x_wconf 84' lang='grc' dir='ltr'>φυλάττουσα</span> <span class='ocrx_word' id='word_1_710' title='bbox 2489 5006 2812 5064; x_wconf 78' lang='grc' dir='ltr'>διετέλεσεν.</span> <span class='ocrx_word' id='word_1_711' title='bbox 2889 5006 3049 5061; x_wconf 75' lang='grc' dir='ltr'>Οὕτω</span> <span class='ocrx_word' id='word_1_712' title='bbox 3105 5008 3493 5078; x_wconf 75' lang='grc' dir='ltr'>διηγησάμενος</span> <span class='ocrx_word' id='word_1_713' title='bbox 3547 4992 3627 5060; x_wconf 66' lang='grc' dir='ltr'><strong>τῆε</strong></span> 
     </span>
    </p>
   </div>
   <div class='ocr_carea' id='block_1_103' title="bbox 2085 5085 3623 5168">
    <p class='ocr_par' dir='ltr' id='par_1_103' title="bbox 2085 5085 3623 5168">
     <span class='ocr_line' id='line_1_103' title="bbox 2085 5085 3623 5168; baseline -0.002 -22"><span class='ocrx_word' id='word_1_714' title='bbox 2085 5093 2338 5158; x_wconf 79' lang='grc' dir='ltr'>ἀσεϐείας</span> <span class='ocrx_word' id='word_1_715' title='bbox 2369 5094 2438 5149; x_wconf 80' lang='grc' dir='ltr'>τὰ</span> <span class='ocrx_word' id='word_1_716' title='bbox 2463 5095 2600 5166; x_wconf 80' lang='grc' dir='ltr'>είδη,</span> <span class='ocrx_word' id='word_1_717' title='bbox 2638 5096 2732 5150; x_wconf 76' lang='grc' dir='ltr'>καὶ</span> <span class='ocrx_word' id='word_1_718' title='bbox 2759 5098 2857 5168; x_wconf 83' lang='grc' dir='ltr'>τῆς</span> <span class='ocrx_word' id='word_1_719' title='bbox 2882 5096 3153 5167; x_wconf 87' lang='grc' dir='ltr'>τιμωρίας</span> <span class='ocrx_word' id='word_1_720' title='bbox 3183 5096 3246 5151; x_wconf 82' lang='grc' dir='ltr'>τὸ</span> <span class='ocrx_word' id='word_1_721' title='bbox 3283 5097 3476 5151; x_wconf 88' lang='grc' dir='ltr'>δίκαιον</span> <span class='ocrx_word' id='word_1_722' title='bbox 3514 5085 3623 5139; x_wconf 57' lang='grc' dir='ltr'><strong>ὕπηί</strong></span> 
     </span>
    </p>
   </div>
   <div class='ocr_carea' id='block_1_104' title="bbox 2085 5184 2350 5242">
    <p class='ocr_par' dir='ltr' id='par_1_104' title="bbox 2085 5184 2350 5242">
     <span class='ocr_line' id='line_1_104' title="bbox 2085 5184 2350 5242; baseline 0.008 -3"><span class='ocrx_word' id='word_1_723' title='bbox 2085 5184 2350 5242; x_wconf 83' lang='grc' dir='ltr'>δείκνυσι.</span> 
     </span>
    </p>
   </div>
   <div class='ocr_carea' id='block_1_105' title="bbox 2158 5263 3625 5348">
    <p class='ocr_par' dir='ltr' id='par_1_105' title="bbox 2158 5263 3625 5348">
     <span class='ocr_line' id='line_1_105' title="bbox 2158 5263 3625 5348; baseline 0.016 -23"><span class='ocrx_word' id='word_1_724' title='bbox 2158 5272 2225 5327; x_wconf 86' lang='grc' dir='ltr'>θ’.</span> <span class='ocrx_word' id='word_1_725' title='bbox 2266 5274 2370 5330; x_wconf 85' lang='grc' dir='ltr'><strong>Διὰ</strong></span> <span class='ocrx_word' id='word_1_726' title='bbox 2397 5277 2574 5332; x_wconf 86' lang='grc' dir='ltr'>τοῦτο</span> <span class='ocrx_word' id='word_1_727' title='bbox 2607 5275 2922 5348; x_wconf 79' lang='grc' dir='ltr'>παρέδωκα</span> <span class='ocrx_word' id='word_1_728' title='bbox 2958 5275 3158 5345; x_wconf 77' lang='grc' dir='ltr'>αὐτὴν</span> <span class='ocrx_word' id='word_1_729' title='bbox 3183 5279 3276 5345; x_wconf 77' lang='grc' dir='ltr'>εὶς</span> <span class='ocrx_word' id='word_1_730' title='bbox 3303 5275 3488 5348; x_wconf 58' lang='grc' dir='ltr'>χεῷα(</span> <span class='ocrx_word' id='word_1_731' title='bbox 3513 5263 3625 5348; x_wconf 25' lang='lat' dir='ltr'><strong>imi</strong></span> 
     </span>
    </p>
   </div>
   <div class='ocr_carea' id='block_1_106' title="bbox 2085 5347 3627 5439">
    <p class='ocr_par' dir='ltr' id='par_1_106' title="bbox 2085 5347 3627 5439">
     <span class='ocr_line' id='line_1_106' title="bbox 2085 5347 3627 5439; baseline 0.001 -22"><span class='ocrx_word' id='word_1_732' title='bbox 2085 5364 2250 5419; x_wconf 86' lang='grc' dir='ltr'>στῶν</span> <span class='ocrx_word' id='word_1_733' title='bbox 2272 5366 2482 5436; x_wconf 86' lang='grc' dir='ltr'>αὐτῆς,</span> <span class='ocrx_word' id='word_1_734' title='bbox 2508 5370 2596 5435; x_wconf 85' lang='grc' dir='ltr'>εὶς</span> <span class='ocrx_word' id='word_1_735' title='bbox 2616 5347 2820 5439; x_wconf 69' lang='grc' dir='ltr'>χεῖρας</span> <span class='ocrx_word' id='word_1_736' title='bbox 2839 5365 2987 5422; x_wconf 89' lang='grc' dir='ltr'>υίῶν</span> <span class='ocrx_word' id='word_1_737' title='bbox 3018 5347 3353 5439; x_wconf 79' lang='grc' dir='ltr'>Ἀσσυρίων</span> <span class='ocrx_word' id='word_1_738' title='bbox 3373 5362 3457 5436; x_wconf 69' lang='grc' dir='ltr'><strong>ἐφ’</strong></span> <span class='ocrx_word' id='word_1_739' title='bbox 3481 5347 3627 5419; x_wconf 53' lang='lat'><strong>01‘6&quot;</strong></span> 
     </span>
    </p>
   </div>
   <div class='ocr_carea' id='block_1_107' title="bbox 1670 5466 2357 5535">
    <p class='ocr_par' dir='ltr' id='par_1_107' title="bbox 1670 5466 2357 5535">
     <span class='ocr_line' id='line_1_107' title="bbox 1670 5466 2357 5535; baseline 0.023 -15"><span class='ocrx_word' id='word_1_740' title='bbox 1670 5466 1908 5523; x_wconf 67' lang='lat' dir='ltr'><strong>VAMAE</strong></span> <span class='ocrx_word' id='word_1_741' title='bbox 1948 5469 2357 5535; x_wconf 80' lang='lat' dir='ltr'><strong>LECTIONES.</strong></span> 
     </span>
    </p>
   </div>
   <div class='ocr_carea' id='block_1_108' title="bbox 470 5596 3620 5689">
    <p class='ocr_par' dir='ltr' id='par_1_108' title="bbox 470 5596 3620 5689">
     <span class='ocr_line' id='line_1_108' title="bbox 470 5596 3620 5689; baseline 0.004 -30"><span class='ocrx_word' id='word_1_742' title='bbox 470 5606 517 5638; x_wconf 87' lang='lat'>&quot;</span> <span class='ocrx_word' id='word_1_743' title='bbox 542 5602 882 5689; x_wconf 45' lang='lat' dir='ltr'><strong>‘lCai..l.;VX,</strong></span> <span class='ocrx_word' id='word_1_744' title='bbox 911 5602 1024 5689; x_wconf 79' lang='grc' dir='ltr'>ἐπί.</span> <span class='ocrx_word' id='word_1_745' title='bbox 1082 5602 1133 5689; x_wconf 16' lang='lat'><strong>7”</strong></span> <span class='ocrx_word' id='word_1_746' title='bbox 1172 5602 1337 5689; x_wconf 63' lang='grc' dir='ltr'>νέαν.</span> <span class='ocrx_word' id='word_1_747' title='bbox 1363 5631 1440 5689; x_wconf 55' lang='grc' dir='ltr'>π</span> <span class='ocrx_word' id='word_1_748' title='bbox 1461 5599 1655 5689; x_wconf 37' lang='grc' dir='ltr'>εἶπα-ζ.</span> <span class='ocrx_word' id='word_1_749' title='bbox 1676 5600 1760 5689; x_wconf 70' lang='lat' dir='ltr'><strong>ita</strong></span> <span class='ocrx_word' id='word_1_750' title='bbox 1786 5603 1875 5657; x_wconf 87' lang='lat' dir='ltr'><strong>ed.</strong></span> <span class='ocrx_word' id='word_1_751' title='bbox 1905 5604 2123 5689; x_wconf 77' lang='lat' dir='ltr'><strong>Compl.</strong></span> <span class='ocrx_word' id='word_1_752' title='bbox 2168 5613 2258 5669; x_wconf 90' lang='lat' dir='ltr'><strong>cui</strong></span> <span class='ocrx_word' id='word_1_753' title='bbox 2280 5616 2467 5689; x_wconf 66' lang='lat' dir='ltr'><strong>etiam</strong></span> <span class='ocrx_word' id='word_1_754' title='bbox 2502 5617 2837 5689; x_wconf 75' lang='lat' dir='ltr'><strong>respondent</strong></span> <span class='ocrx_word' id='word_1_755' title='bbox 2880 5619 3150 5680; x_wconf 89' lang='lat' dir='ltr'><strong>lectiones</strong></span> <span class='ocrx_word' id='word_1_756' title='bbox 3176 5636 3320 5680; x_wconf 87' lang='lat' dir='ltr'><strong>vers.</strong></span> <span class='ocrx_word' id='word_1_757' title='bbox 3363 5620 3416 5689; x_wconf 45' lang='grc' dir='ltr'><strong>7Δ</strong></span> <span class='ocrx_word' id='word_1_758' title='bbox 3454 5609 3514 5689; x_wconf 38' lang='grc'><strong>,⁸-⁸</strong></span> 
     </span>
    </p>
   </div>
   <div class='ocr_carea' id='block_1_109' title="bbox 402 5671 3604 5750">
    <p class='ocr_par' dir='ltr' id='par_1_109' title="bbox 402 5671 3604 5750">
     <span class='ocr_line' id='line_1_109' title="bbox 402 5671 3604 5750; baseline 0.002 -26"><span class='ocrx_word' id='word_1_759' title='bbox 402 5673 627 5750; x_wconf 53' lang='grc' dir='ltr'>οδες-επ.</span> <span class='ocrx_word' id='word_1_760' title='bbox 681 5674 842 5750; x_wconf 66' lang='lat' dir='ltr'><strong>Hebr.</strong></span> <span class='ocrx_word' id='word_1_761' title='bbox 884 5688 1035 5750; x_wconf 67' lang='lat' dir='ltr'><strong>quos</strong></span> <span class='ocrx_word' id='word_1_762' title='bbox 1074 5671 1693 5750; x_wconf 70' lang='lat' dir='ltr'><strong>amabat._lta_guoque</strong></span> <span class='ocrx_word' id='word_1_763' title='bbox 1721 5673 1778 5750; x_wconf 73' lang='lat' dir='ltr'><strong>in</strong></span> <span class='ocrx_word' id='word_1_764' title='bbox 1822 5671 2182 5750; x_wconf 67' lang='lat' dir='ltr'><strong>sequentibus</strong></span> <span class='ocrx_word' id='word_1_765' title='bbox 2276 5684 2455 5741; x_wconf 80' lang='grc' dir='ltr'>⁸³ἐνθ.</span> <span class='ocrx_word' id='word_1_766' title='bbox 2485 5671 2618 5741; x_wconf 55' lang='lat' dir='ltr'><strong>eos:</strong></span> <span class='ocrx_word' id='word_1_767' title='bbox 2644 5671 3422 5750; x_wconf 55' lang='lat' dir='ltr'><strong>ﬁeri};labiié&#39;éb&#39;ﬁuiri&#39;&quot;&#39;u’s</strong></span> <span class='ocrx_word' id='word_1_768' title='bbox 3453 5681 3604 5745; x_wconf 62' lang='grc' dir='ltr'>Ἄρεα</span> 
     </span>
    </p>
   </div>
   <div class='ocr_carea' id='block_1_110' title="bbox 404 5738 2027 5813">
    <p class='ocr_par' dir='ltr' id='par_1_110' title="bbox 404 5738 2027 5813">
     <span class='ocr_line' id='line_1_110' title="bbox 404 5738 2027 5813; baseline 0.002 -19"><span class='ocrx_word' id='word_1_769' title='bbox 404 5745 447 5775; x_wconf 67' lang='grc'><strong>⁸⁸</strong></span> <span class='ocrx_word' id='word_1_770' title='bbox 493 5742 591 5795; x_wconf 85' lang='lat' dir='ltr'><strong>Ed.</strong></span> <span class='ocrx_word' id='word_1_771' title='bbox 632 5746 779 5813; x_wconf 91' lang='lat' dir='ltr'><strong>prior</strong></span> <span class='ocrx_word' id='word_1_772' title='bbox 813 5738 937 5802; x_wconf 57' lang='lat' dir='ltr'><strong>bab&#39;.</strong></span> <span class='ocrx_word' id='word_1_773' title='bbox 970 5742 1191 5813; x_wconf 78' lang='grc' dir='ltr'>’Υφούλ.</span> <span class='ocrx_word' id='word_1_774' title='bbox 1227 5744 1273 5781; x_wconf 81' lang='grc'><strong>⁸³</strong></span> <span class='ocrx_word' id='word_1_775' title='bbox 1301 5742 1415 5807; x_wconf 75' lang='grc' dir='ltr'>οὓς.</span> <span class='ocrx_word' id='word_1_776' title='bbox 1451 5738 1548 5797; x_wconf 78' lang='lat' dir='ltr'><strong>Ed.</strong></span> <span class='ocrx_word' id='word_1_777' title='bbox 1582 5738 1731 5810; x_wconf 85' lang='lat' dir='ltr'><strong>prior</strong></span> <span class='ocrx_word' id='word_1_778' title='bbox 1768 5738 2027 5809; x_wconf 54' lang='lat' dir='ltr'><strong>lnabfoiq.</strong></span> 
     </span>
    </p>
   </div>
  </div>
