3840 6202
304 259 443 325 1039

1241 251 1726 313 THEODORETI
1751 250 2092 313 EPISCOPI
2121 250 2490 315 CYRENSIS

3402 250 3527 325 1040

301 372 617 446 praedonum
646 368 889 428 omnium
912 406 929 435 ,
963 385 982 419 ι
1025 363 1420 434 interpretatus
1455 371 1559 421 est.
1594 361 1741 429 Hos,
1785 363 1864 417 in-

1994 365 2228 436 πημαίνει
2253 380 2267 395 ο
2309 367 2338 420 δ
2387 364 2445 420 δέ
2477 362 2792 435 Σύμμαχος,
2831 382 2850 417 ι
2871 361 2995 436 hinc
3047 365 3351 422 σκυλευτῶν
3410 371 3532 424 πάν-

304 465 460 536 quit,
518 478 645 520 cum
705 457 1122 531 conspexisset,
1173 455 1421 526 nihilque
1477 453 1627 510 aliud
1679 468 1874 513 cerne-

307 567 420 625 ret,
457 548 622 629 quam
658 554 886 625 picturae
917 548 1055 603 artis
1098 546 1365 616 imagines
1388 589 1403 614 ,
1446 560 1638 601 eorum
1671 542 1876 599 amavit

302 648 784 707 consuetudinem.
839 642 905 696 Et
946 641 1152 711 ubique
1201 639 1475 695 idolorum
1530 638 1712 693 innuit
1750 636 1875 691 cul-

302 748 442 796 tum.

374 834 442 888 Et
470 832 652 900 misit,
683 831 896 901 inquit,
940 830 1152 885 nuntios
1186 829 1256 884 ad
1287 845 1374 884 eos
1396 830 1453 883 in
1483 837 1680 883 terram
1711 827 1877 885 Chal-

300 927 555 981 daeorum.
586 921 776 995 (Vens.
806 922 916 993 l7.)
951 920 1020 977 Et
1048 932 1293 977 venerunt
1323 920 1393 975 ad
1420 936 1538 976 eam
1564 921 1666 990 [itii
1697 919 1873 990 Baby-

300 1018 434 1073 lonis
468 1058 484 1083 ,
535 1015 603 1070 ad
654 1015 824 1069 cubile
865 1014 1269 1081 divertentium,
1322 1022 1371 1067 et
1421 1013 1726 1081 polluerunt
1758 1028 1877 1067 eam

299 1107 651 1180 fornicatione
697 1122 832 1171 sua,
878 1114 928 1160 et
989 1103 1194 1174 polluta
1239 1113 1317 1159 est
1349 1104 1405 1158 in
1438 1103 1550 1158 illis
1572 1142 1587 1167 ,
1619 1111 1668 1157 et
1709 1118 1879 1157 reces-

299 1200 371 1254 sit
402 1197 572 1269 866
597 1196 777 1250 anima
806 1196 919 1266 ejus
944 1197 1008 1250 ab
1033 1195 1130 1250 eis.
1162 1193 1285 1265 Ipsa
1318 1194 1489 1258 enim,
1518 1192 1720 1263 inquit,
1752 1205 1877 1246 cum

305 1289 427 1347 illos
456 1297 517 1344 ut
570 1288 673 1345 sibi
710 1303 867 1357 opem
905 1286 1110 1342 ferrent
1140 1287 1566 1352 accersivisset,
1606 1294 1743 1341 etex
1787 1299 1881 1339 eo-

304 1399 428 1438 rum
486 1381 822 1438 commercio
854 1380 1228 1436 contraxisset
1271 1379 1646 1451 impietatem,
1685 1393 1881 1434 rursus

304 1476 374 1532 ab
410 1474 521 1530 illis
550 1471 749 1529 defecit
779 1490 793 1527 :
828 1471 1193 1528 defectionem
1223 1479 1410 1527 autem
1439 1471 1527 1527 hic
1559 1487 1672 1525 non
1710 1487 1740 1526 a
1774 1470 1882 1526 dae-

306 1566 560 1623 monibus
590 1565 686 1632 ait,
710 1563 805 1621 sed
836 1565 907 1619 ab
933 1564 1072 1634 ipsis
1104 1563 1440 1635 Babyloniis.
1463 1562 1674 1619 Joacim
1707 1564 1878 1629 enim,

304 1668 361 1715 et
388 1656 701 1724 Jechonias,
731 1665 787 1712 et
811 1654 1091 1723 Sedecias,
1133 1656 1343 1712 fmdcra
1368 1695 1384 1723 ,
1407 1670 1529 1728 quae
1551 1671 1677 1712 cum
1703 1655 1881 1728 Baby-

306 1750 470 1806 loniis
498 1757 905 1820 percusserant,
937 1747 1239 1803 violarunt.

378 1925 549 1984 Vens.
592 1926 678 1983 18.
730 1924 799 1980 Ει
847 1925 1093 1980 revelavit
1126 1922 1534 1994 fornicationem
1580 1937 1730 1977 suam
1762 1960 1777 1986 ,
1829 1930 1879 1976 et

309 2018 663 2089 discooperuit
697 2016 1073 2088 turpitudinem
1113 2030 1301 2080 suam,
1352 2023 1403 2069 et
1442 2015 1653 2069 recessit
1699 2014 1881 2067 animo

311 2128 427 2166 mea
470 2108 536 2164 ab
585 2126 688 2179 ea,
715 2107 1160 2181 quemadmodum
1204 2107 1419 2162 recessit
1460 2108 1639 2161 anima
1690 2121 1804 2159 mea
1847 2122 1881 2159 a

311 2220 490 2259 sorore
525 2203 665 2273 ejus.
696 2201 1008 2272 Conspecta
1035 2240 1049 2267 ,
1104 2200 1322 2271 inquit,
1369 2198 1669 2268 impietatis
1706 2198 1880 2268 ipsius

310 2295 698 2367 exsuperantia
720 2334 736 2360 ,
769 2308 888 2348 mea
927 2292 1287 2364 providentia
1309 2291 1457 2345 illam
1487 2291 1698 2346 orhavi.
1734 2289 1882 2343 Rur-

216 2416 217 2419 η
312 2403 409 2445 sus
447 2388 594 2444 enim
643 2386 946 2443 secundum
989 2386 1266 2456 allegorias
1310 2383 1549 2452 speciem
1576 2421 1593 2449 ,
1640 2383 1883 2437 animam

313 2479 543 2550 posuit:
601 2493 710 2533 non
750 2476 877 2547 quia
932 2475 989 2530 in
1042 2475 1282 2529 animam
1334 2481 1391 2529 et
1437 2486 1641 2544 corpus
1664 2470 1880 2526 Numen

313 2576 550 2632 divisum
582 2572 683 2636 sit,
724 2568 872 2641 quod
899 2575 954 2625 et
981 2567 1230 2638 corporis
1263 2574 1316 2622 et
1344 2564 1764 2635 compositionis
1796 2579 1884 2620 ex-

313 2682 440 2739 pers
473 2674 598 2730 est,
625 2662 719 2720 sed
751 2662 879 2732 quia
906 2659 1229 2715 humanitus
1267 2666 1323 2714 et
1352 2658 1557 2714 usitato
1599 2657 1882 2714 hominum

316 2773 468 2815 more
501 2755 765 2827 loquitur,
785 2751 1067 2808 hominum
1097 2765 1221 2807 sese
1248 2749 1672 2806 accommodans
1711 2748 1885 2803 imbe-

315 2850 553 2906 cillitati.
596 2846 874 2902 Hactenus
920 2843 1087 2916 igitur
1129 2856 1253 2898 cum
1302 2841 1567 2913 propheta
1610 2841 1764 2897 visus
1800 2847 1885 2896 est

313 2946 482 3003 verba
530 2942 715 2998 facere
757 2957 771 2994 :
826 2938 1088 3007 deinceps
1133 2949 1303 3003 vero,
1348 2932 1514 3004 quasi
1559 2931 1885 2999 recordatus

1972 473 2084 511 των
2105 456 2155 491 ⁹⁹
2184 476 2203 511 ι
2237 457 2604 530 ἡρμήνευσεν.
2623 454 2880 522 Τούτους,
2915 457 3068 527 φησὶ,
3085 457 3418 532 θεασαμένη,
3448 462 3535 517 καὶ

1973 548 2124 603 οὐδὲν
2155 550 2342 621 ἕτερον
2372 549 2557 621 δρῶσα
2603 549 2638 620 ἢ
2687 548 2968 621 γραφικῆς
2998 549 3195 622 τέχνης
3229 550 3531 622 ἰνδάλματα.

1973 643 2072 714 τῆς
2100 642 2303 696 τούτων
2330 641 2547 713 ηράσθη
2582 641 2868 708 συνουσίας
2896 662 2908 675 ο
2957 642 3233 715 πανταχοῦ
3267 643 3325 697 δέ
3346 643 3441 716 τὴν
3469 649 3534 699 ει·
3581 636 3589 653 ’

1976 733 2371 804 δωλολατρεὲαν
2392 733 2708 791 αἰνίττεται.

2035 828 2142 882 Kal
2160 826 2596 892 ἐξαπέστειλεν
2623 825 2940 898 ἀγγέλους,
2968 829 3123 901 φησὶ,
3154 829 3304 898 πρὸς
3329 831 3531 899 αὐτοὺς

1978 921 2065 987 είς
2093 918 2541 991 τῆνΧαλδαίων.
2570 919 2654 985 ιζ’.
2677 919 2789 975 Kal
2812 915 3005 991 ἦλθον
3034 921 3186 990 πρὸς
3210 921 3407 990 αὐτὴν
3432 922 3538 979 υἱοὶ

1978 1011 2338 1079 Βαϐυλῶνος
2365 1014 2453 1078 εις
2478 1012 2690 1079 κοίτην
2709 1013 3156 1079 καταλυόντων,
3177 1013 3281 1068 καί
3305 1014 3540 1084 ἐμίαναν

1978 1103 2174 1173 αὐτὴν
2188 1104 2257 1157 ἐν
2271 1102 2346 1172 τῇ
2373 1103 2618 1173 πορνείᾳ
2635 1102 2854 1156 αὐτῶν·
2873 1102 3230 1173 καὶέμιάνθη
3249 1106 3540 1171 ἐναὺτοῖς,

1979 1196 2078 1249 καὶ
2108 1194 2345 1261 ἀπέστη
2388 1195 2426 1262 ἡ
2456 1192 2629 1263 ψυχὴ
2661 1192 2853 1262 αὐτῆς
2877 1194 2980 1249 ἀπ’
3009 1194 3227 1248 αὐτῶν.
3248 1194 3395 1266 Αὕτη
3423 1197 3540 1267 γὰρ,

1980 1287 2166 1359 φησὶν,
2195 1288 2275 1350 είς
2292 1285 2613 1356 ἐπικουρίαν
2628 1285 2822 1349 αὐτοὺς
2837 1289 3337 1358 μεταπεμψαμένη,
3364 1290 3542 1343 milia

1979 1379 2079 1450 τῆς
2108 1378 2244 1451 πρὸς
2276 1377 2473 1441 αὐτοὺς
2520 1375 2801 1447 ἐπιμιξίας
2829 1374 2928 1447 τὴν
2955 1376 3212 1431 ἀσέϐειαν
3266 1378 3541 1449 δεξαμένη,

1982 1470 2142 1525 πάλιν
2162 1469 2342 1524 αὐτῶν
2356 1468 2588 1539 ἀπέστην
2612 1468 2911 1523 ἀπόστασιν
2927 1468 2982 1522 δέ
3002 1469 3241 1524 ἐνταῦθα
3259 1472 3318 1524 οὗ
3345 1470 3543 1542 τὴνάιώ

1980 1563 2090 1619 τῶν
2115 1563 2383 1634 δαιμόνων
2408 1562 2576 1632 λέγει,
2608 1561 2744 1616 ἀλλὰ
2775 1562 2873 1632 τὴν
2905 1563 2999 1616 ἀπ’
3031 1563 3215 1617 αὐτῶν
3242 1564 3352 1618 τῶν
3387 1564 3543 1618 Βαϐυ-

1982 1656 2189 1711 λωνίων
2214 1674 2229 1689 ο
2269 1658 2365 1709 καὶ
2394 1654 2502 1729 γὰρ
2537 1655 2811 1726 Ἰωακεὶμ,
2838 1656 2936 1710 καὶ
2970 1655 3247 1726 Ἰεχονίας,
3280 1660 3373 1712 καὶ
3405 1661 3544 1714 2e65-

1983 1746 2107 1809 κίας
2151 1745 2249 1810 τὰς
2296 1746 2595 1816 γενομένας
2622 1748 2804 1810 αὐτοῖς
2848 1746 2984 1819 πρὸς
3018 1747 3145 1812 τοὺς
3188 1747 3543 1816 Βαϐυλωνίους

1986 1836 2260 1908 συνθήκας
2294 1837 2635 1909 παρέϐησαν.

2057 1936 2147 2000 ιη’.
2195 1929 2306 1983 Kal
2353 1929 2710 2000 ἀπεκάλυψε
2737 1932 2851 2000 τὴν
2895 1935 3187 2003 πορνείαν
3220 1934 3427 2003 αὐτῆς,
3459 1936 3542 1989 καὶ

1985 2021 2342 2090 ἀπεκάλυψε
2361 2021 2943 2093 τὴνὰσχημοσύνην
2964 2025 3177 2094 αὐτῆς,
3211 2027 3307 2081 καὶ
3333 2027 3545 2096 ἀπέστη

1986 2113 2024 2182 ἡ
2045 2112 2354 2183 ψυχήγιου
2378 2113 2479 2167 ἀπ’
2502 2112 2712 2182 αὐτῆς,
2737 2115 2810 2169 ὃν
2834 2117 3054 2184 τρόπον
3072 2116 3311 2186 ἀπέστη
3332 2119 3368 2186 ἡ
3394 2118 3543 2187 ψυχή

1980 2223 2101 2276 μου
2146 2206 2266 2261 ἀπὸ
2307 2205 2419 2275 τῆς
2444 2205 2717 2276 ἀδελφῆς
2756 2207 2964 2276 αὐτῆς.
3005 2208 3375 2279 Θεασάμενος,
3408 2212 3544 2279 φησὶ,

1985 2299 2086 2369 τὴν
2115 2300 2214 2370 τῆς
2242 2298 2499 2364 ἀσεϐείας
2526 2301 2700 2370 αὐτῆς
2729 2300 3052 2373 ὑπερϐολὴν,
3097 2302 3201 2374 τῆς
3230 2302 3370 2375 ἐμῆς
3400 2304 3547 2372 αὐτὴν

1989 2393 2246 2464 προνοίας
2273 2393 2568 2464 ἐγύμνωσε.
2595 2410 2610 2425 ·
2670 2393 2832 2447 πάλιν
2865 2393 2973 2465 γὰρ
3004 2393 3148 2448 κατά
3183 2395 3245 2448 τὸ
3286 2395 3383 2465 τῆς
3404 2395 3547 2463 ἀλλη-

1987 2483 2183 2556 γορίας
2223 2479 2361 2548 εἶδος
2411 2483 2510 2556 τὴν
2557 2483 2736 2557 ψυχὴν
2774 2485 3016 2540 τέθεικεν
3045 2500 3059 2515 °
3110 2487 3219 2541 οὐκ
3271 2486 3451 2558 ἐπειδὴ
3481 2489 3548 2549 εἰς

1988 2570 2168 2643 ψυχὴν
2201 2572 2296 2625 καὶ
2324 2571 2482 2640 σῶμα
2517 2573 2579 2626 τὸ
2616 2573 2772 2627 Θεῖον
2792 2574 3044 2646 διῄρηται
3069 2590 3086 2607 ’
3133 2573 3427 2648 ἀσώματον
3456 2577 3548 2648 γὰρ

1988 2663 2084 2716 καὶ
2106 2661 2397 2717 ἀσύνθετον
2420 2680 2434 2695 ο
2462 2663 2817 2737 ἀνθρωπίνως
2843 2666 2899 2719 δὲ
2920 2668 3144 2730 καὶτοῖς
3170 2667 3546 2739 ἀνθρωπίνοις¹

1991 2756 2236 2826 συνήθως
2279 2759 2514 2812 ποιεῖται
2559 2755 2657 2829 τὴν
2701 2758 2963 2824 διάλεξιν,
3015 2761 3078 2830 τῇ
3121 2759 3237 2813 τῶν
3266 2758 3548 2831 ἀνθρώπων

1990 2848 2243 2921 ἀσθενείᾳ
2266 2849 2728 2917 συγκαταδαίνων.
2755 2851 2933 2923 Μέχρι
2960 2851 3058 2920 μὲν
3080 2846 3182 2913 οὖν
3206 2852 3407 2906 τούτων
3428 2851 3549 2921 πρὸς

1988 2939 2082 2992 τὸν
2115 2941 2402 3011 προφήτην
2435 2940 2607 2994 ἐδόκει
2643 2941 2914 2995 ποιεῖσθαι
2950 2944 3077 3006 τοὺς
3105 2942 3306 3012 λόγους
3326 2959 3341 2974 ο
3387 2941 3548 2996 ἐντεῦ-

316 3040 468 3096 illius
504 3049 610 3106 per
652 3030 1024 3089 narrationem
1069 3042 1263 3084 eorum
1301 3041 1423 3099 quae
1459 3026 1579 3098 ipsa
1609 3040 1746 3082 ausa
1781 3033 1884 3092 est,

1994 3027 2084 3082 θεν
2120 3028 2175 3081 δὲ
2207 3029 2410 3097 λοιπὸν,
2442 3030 2631 3104 ὥσπερ
2660 3033 2740 3095 είς
2772 3033 2993 3105 μνήμην
3019 3032 3195 3089 ἐλθὼν
3221 3032 3309 3090 διὰ
3328 3034 3425 3105 τῆς
3477 3033 3548 3087 δι-

315 3132 383 3188 ad
413 3145 534 3186 eam
554 3124 829 3182 transfert
852 3123 1183 3181 orationem.

384 3305 553 3362 Vnus.
585 3304 673 3360 l9.
700 3301 772 3357 Et
799 3299 1167 3371 multiplicasti
1188 3339 1203 3364 ,
1228 3297 1439 3367 inquit,
1478 3295 1887 3367 fornicationem

319 3410 486 3463 tuam,
519 3406 575 3452 ut
603 3394 955 3452 recordareris
976 3392 1184 3447 dierum
1210 3388 1578 3447 adolescentia:
1608 3398 1738 3454 tua,
1766 3388 1888 3460 qui-

320 3493 413 3547 bus
436 3491 713 3560 fornicata
736 3503 790 3541 es
816 3486 873 3539 in
926 3482 1183 3555 ﬂgypto.
1223 3480 1519 3550 Oblivioni,
1550 3481 1748 3552 inquit,
1782 3487 1892 3535 tra-

318 3582 585 3647 dideram,
611 3593 735 3648 qua:
760 3585 819 3631 tu
855 3576 908 3633 in
941 3572 1182 3644 Egypto
1216 3571 1505 3644 deliquisti
1544 3591 1559 3627 :
1597 3586 1789 3627 verum
1831 3578 1890 3625 tu

319 3687 506 3729 eorum
529 3668 847 3724 memoriam
878 3663 1279 3737 posterioribus
1301 3664 1413 3719 tuis
1440 3663 1706 3719 institutis
1730 3677 1891 3718 revo-

319 3762 478 3817 casti.
503 3757 714 3820 Saepius
740 3755 884 3826 enim
917 3751 1272 3822 pristinorum
1303 3757 1660 3820 peccatorum
1687 3762 1893 3803 memo-

320 3855 457 3907 riam
492 3849 716 3905 rel‘ricat
748 3842 1120 3914 improbitatis
1153 3841 1483 3896 similitudo.
1530 3838 1738 3895 Deinde
1766 3854 1893 3893 rnr~

322 3958 417 3997 sus
450 3955 546 4011 per
587 3935 900 4008 allegoriam
940 3940 996 3989 et
1034 3931 1449 3989 translationem
1481 3931 1752 3986 idolorum
1783 3930 1893 3985 cul-

323 4044 436 4089 ιιιιιι
471 4037 716 4087 accusat.

395 4125 557 4180 Vens.
588 4123 679 4185 20,
703 4121 794 4175 2i.
826 4119 896 4175 Et
918 4117 1083 4191 867
1103 4116 1359 4187 adjuncta
1402 4132 1457 4172 es
1489 4115 1558 4170 ad
1586 4113 1892 4181 Chalda'os,

319 4234 541 4291 quorum
555 4231 736 4270 carnes
749 4221 808 4267 ut
823 4226 1005 4267 carnes
1021 4211 1239 4266 asincru
1247 4217 1371 4268 nt.et
1384 4207 1629 4278 pudenda
1641 4223 1893 4278 equorum

320 4310 557 4381 pudenda
600 4322 800 4360 eorum.
843 4302 907 4357 Et
944 4302 1175 4358 oisitasti
1213 4301 1548 4372 iniquitatem
1587 4299 1892 4355 adolescen-

1988 3119 2241 3192 ηγήσεως
2271 3119 2379 3179 τῶν
2418 3120 2701 3191 ὑπἀὐτῆς
2718 3121 3155 3195 τετολμημένων,
3218 3126 3354 3198 πρὸς
3397 3125 3548 3196 αὐτὴν

1992 3210 2288 3283 μεταφέρει
2316 3210 2407 3263 τὸν
2439 3210 2619 3280 λόγον.

2064 3300 2148 3356 ιθ⁹.
2188 3301 2298 3354 Kal
2336 3300 2687 3368 ἐπλήθυνας
2712 3304 2756 3368 ³,
2791 3302 3072 3375 φησὶ,τὴν
3086 3305 3378 3374 πορνείαν
3420 3320 3542 3365 σου.

1989 3392 2096 3448 τοῦ
2151 3390 2494 3462 ἀναμνῆσαι
2535 3392 2762 3463 ἡμέρας
2807 3396 3096 3462 νεότητός
3146 3412 3265 3451 σου
3288 3438 3302 3459 ,
3353 3398 3420 3450 ἐν
3462 3392 3546 3461 αἶς

1990 3485 2360 3552 ἐπόρνευσας
2378 3485 2748 3554 ὲνΑίγύπτφ.
2774 3486 2949 3561 Λήθῃ,
2965 3505 3037 3558 φη
3046 3489 3154 3552 civ,
3173 3487 3547 3560 παρεδεδώκειν

1988 3573 2087 3638 τὰς
2118 3574 2183 3627 ἐν
2208 3572 2468 3646 Αἰγύπτῳ
2503 3592 2598 3629 σου
2629 3574 3009 3648 πλημμελείας
3031 3592 3046 3608 ο
3076 3577 3216 3631 ἀλλά
3246 3580 3442 3631 τούτων
3457 3575 3546 3647 τὴν

1993 3667 2215 3738 μνήμην
2261 3665 2350 3720 διά
2389 3664 2498 3720 τῶν
2537 3667 2808 3740 δευτέρων
2856 3669 3308 3741 ἐπιτηδευμάτων
3336 3667 3546 3738 ἀνθῆσαι

1990 3757 2318 3830 πεποίηκας.
2349 3752 2472 3812 Οἵδε
2510 3758 2620 3831 γὰρ
2656 3759 2915 3824 πολλάκις
2945 3760 3230 3834 προτέρων
3255 3759 3547 3832 ἀναμιμνήι

1992 3862 2144 3902 σκειν
2190 3848 2602 3920 ἁμαρτημάτων
2651 3850 2685 3919 ἡ
2730 3849 2830 3919 τῆς
2877 3850 3226 3921 παρανομίας
3283 3851 3545 3921 ταυτότης.

1993 3936 2125 3995 Εἶτα
2153 3940 2313 3995 πάλιν
2342 3940 2718 4013 ἀλληγορικῶς
2744 3943 2839 3995 καὶ
2861 3941 3140 4014 τροπικῶς
3165 3942 3264 4015 τὴν
3288 3943 3383 4014 τῆς
3415 3943 3549 3998 είδωο

1990 4033 2309 4104 λολατρείας
2337 4035 2576 4086 ποιεῖται
2609 4033 2967 4106 κατηγορίαν.

2061 4132 2131 4192 κ’,
2158 4131 2264 4180 καν.
2318 4125 2428 4179 Kal
2464 4125 2720 4180 ἐπέθου³
2766 4126 2865 4179 ἐπὶ
2898 4125 3041 4192 τοὺς
3080 4124 3436 4192 Χαλδαίους,
3474 4117 3551 4177 ὧν

1992 4221 2072 4287 ὡς
2118 4218 2344 4289 σάρκες
2376 4217 2533 4273 ὄνων
2570 4221 2630 4273 at
2672 4219 2895 4288 σάρκες
2943 4218 3164 4283 αὐτῶν,
3201 4219 3301 4274 καὶ
3341 4215 3552 4271 αἰδοῖαι

1994 4312 2194 4366 ἵππων
2215 4311 2287 4366 τὰ
2314 4310 2508 4366 αἰδοῖα
2534 4311 2751 4369 αὐτῶν.
2788 4312 2897 4369 Kal
2924 4316 3246 4386 ἐπεσκέψω
3290 4313 3403 4384 τὴν
3427 4316 3550 4369 ἀνο-

322 4404 407 4457 ιὶω
426 4412 549 4463 tuae,
566 4413 684 4470 qua
699 4397 930 4468 faciebas
956 4394 1010 4449 in
1034 4393 1269 4465 λεπριο
1291 4394 1344 4447 in
1361 4391 1648 4448 diversorio
1677 4404 1785 4461 tuo,
1805 4394 1885 4448 ubi

1994 4404 2141 4473 μίαν
2160 4402 2277 4473 τῆς
2308 4404 2590 4473 νεότητός
2620 4419 2758 4471 σου,
2791 4405 2830 4460 ἁ
2849 4407 3071 4475 ἐποίεις
3102 4409 3173 4463 ἐν
3204 4408 3469 4479 Δίγύπτῳ
3490 4405 3552 4457 ἐν

320 4489 865 4547 νίιεναάάοίεετεηιὶω
888 4497 991 4542 tua:
1013 4485 1334 4541 ceciderunt.
1354 4483 1420 4539 Et
1442 4499 1566 4540 cum
1594 4483 1892 4551 Chaldazis,

322 4585 520 4657 inquit,
552 4583 881 4652 conjuncta,
914 4594 984 4635 ne
1014 4576 1340 4650 Egyptiaca
1376 4577 1599 4648 quidem
1636 4577 1892 4633 instituta

217 4704 221 4707 λ
324 4675 658 4747 negligelias,
689 4674 784 4728 sed
814 4682 870 4727 et
903 4672 1098 4725 horum
1133 4677 1188 4725 et
1220 4670 1446 4724 illorum
1478 4669 1613 4725 deos
1648 4670 1891 4726 colebas.

326 4766 545 4821 Multam
580 4771 759 4818 autem
790 4761 1033 4831 ipsorum
1066 4758 1405 4828 impietatem
1427 4796 1442 4821 ,
1487 4759 1898 4828 multorumque

325 4859 556 4913 deorum
612 4852 1059 4925 superstitionem
1100 4890 1117 4917 ,
1181 4847 1452 4919 pudendis
1513 4862 1781 4918 equorum
1840 4854 1896 4904 et

325 4948 606 5003 asinorum
650 4942 1039 5013 comparavit:
1084 4941 1529 5011 quandoquidem
1578 4940 1893 5010 fornicatio-

326 5055 437 5093 nem
474 5050 693 5106 quoque
718 5034 988 5088 idolorum
1023 5031 1230 5087 cultum
1258 5038 1439 5089 vocat.
1464 5033 1676 5089 Anima:
1702 5034 1849 5089 enim
1877 5075 1892 5102 ,

327 5146 446 5202 quae
474 5128 588 5183 Deo
620 5125 930 5195 conjunctae
954 5131 1009 5178 et
1036 5123 1301 5179 dedicatae
1327 5132 1492 5188 sunt,
1523 5139 1649 5180 cum
1692 5125 1896 5184 deinde

327 5240 392 5279 eo
420 5222 612 5277 relicto
643 5218 951 5273 daemonum
972 5217 1430 5273 consuetudinem
1465 5218 1891 5289 amplectuntur,

329 5312 523 5370 merito
555 5309 817 5364 adulterae
855 5316 1266 5378 nuncupantur.

1997 4493 2078 4561 τῷ
2096 4494 2465 4563 καταλύματι
2493 4509 2631 4559 σου,
2659 4492 2731 4552 οὗ
2759 4499 2979 4566 μαστοὶ
3010 4496 3122 4567 τῆς
3148 4499 3423 4567 νεότητός
3445 4514 3549 4552 σου

1998 4585 2280 4640 ἔπεσον⁵.
2337 4585 2449 4640 Καὶ
2491 4589 2607 4651 τοῖς
2650 4588 2971 4658 Χαλδαίοις,
3022 4594 3192 4663 φησι,
3243 4590 3547 4663 μιγνυμένη.

1998 4675 2120 4728 οὑδέ
2147 4673 2255 4728 τῶν
2277 4674 2667 4744 Αἰγυπτιακῶν
2684 4679 3131 4750 ἐπιτηδευμάτων
3150 4681 3373 4753 ἠμέλεις
3393 4699 3409 4713 ⁸
3431 4677 3551 4734 ἀλλὰ

1998 4767 2238 4830 καὶτοὺς
2263 4767 2489 4835 τούτων,
2511 4771 2605 4823 καὶ
2633 4771 2761 4834 τοὺς
2782 4771 3005 4826 ἐκείνων
3035 4772 3190 4839 θεοὺς
3218 4773 3547 4845 ἐθεράπευες-

2001 4855 2110 4924 Τὴν
2142 4855 2199 4908 δέ
2243 4855 2443 4927 πολλὴν
2473 4857 2653 4912 αὐτῶν
2683 4859 2872 4914 ὰθεῖαν
2903 4878 2963 4914 τε
3002 4864 3097 4916 καὶ
3148 4862 3432 4916 πολυθεῖαν
3471 4861 3548 4914 αἱ·

1999 4945 2161 5009 δοίοις
2191 4946 2374 5000 ἵππων
2412 4947 2506 5001 καὶ
2532 4947 2669 5002 δνων
2696 4950 2993 5004 ἀπείκασεν
3017 4968 3031 4983 ο
3073 4952 3259 5024 ἐπειδὴ
3299 4954 3388 5006 καὶ
3425 4966 3550 5019 πορ-

2000 5037 2171 5091 νείαν
2186 5038 2285 5108 τὴν
2304 5038 2746 5111 είδωλολατρείαν
2768 5041 2934 5095 -καλεῖ
2953 5061 2969 5075 ·
3000 5044 3056 5096 al
3083 5043 3190 5115 γάρ
3218 5043 3335 5115 Θεῷ
3360 5058 3548 5112 συνημ-

2006 5129 2162 5201 μέναι
2188 5131 2281 5185 καὶ
2311 5131 2669 5203 ἀνακείμεναι
2700 5132 2892 5204 ψυχαὶ,
2937 5131 3057 5189 εἶτα
3078 5135 3267 5190 τοῦτον
3305 5135 3549 5205 καταλιμ-

2002 5221 2292 5285 πάνουσαι,
2337 5223 2430 5276 καὶ
2459 5223 2554 5294 τὴν
2586 5225 2695 5278 τῶν
2729 5225 3000 5297 δαιμόνων
3043 5228 3412 5300 ἀσπαζόμεναι
3440 5242 3549 5281 συν·

2004 5313 2209 5376 ουσίαν,
2242 5314 2465 5380 εἰκότως
2497 5316 2837 5389 μοιχεύτριαι
2869 5319 3291 5391 χρηματίζουσι.

1602 5426 1835 5484 VARIE
1874 5426 2276 5485 LECTIONES.

453 5556 523 5625 ὂψ
552 5556 708 5611 σκυλ.
732 5573 791 5639 π.
807 5553 1310 5643 Ita'Drusiusatll‘
1330 5554 1513 5643 breed
1531 5557 1724 5643 Menti.
1747 5562 1801 5643 in
1828 5563 1930 5622 llos
1944 5567 2048 5643 api.
2071 5568 2234 5643 aliain
2253 5566 2579 5643 Symmacho
2607 5572 2799 5627 tribuit
2819 5574 3341 5643 interpretationem,
3362 5571 3543 5643 scilicet

333 5623 811 5711 ξνίδέαῼτριστατῶν
842 5626 1077 5682 πάντων.
1196 5623 1241 5679 Β
1261 5623 1587 5711 ἀνθρώποις.
1653 5633 1816 5711 ξέπλ.
1852 5655 1903 5690 κ.
1935 5623 1992 5691 τί
2092 5623 3533 5711 Πίον)-ιῖιιιΙιὶῃΙίςίιινιι,εισι---ί-ἐπίζήάέαλδί-ὶίείιιξ

336 5694 403 5750 Et
461 5694 705 5767 ﬂagravit
752 5712 938 5754 amore
990 5697 1322 5752 amasiorum
1368 5694 1597 5754 sitorum
1660 5703 1964 5777 (priorum).
2022 5708 2040 5740 ⁸
2073 5708 2176 5762 aio.
2219 5708 2373 5762 Hebr.
2426 5694 2627 5767 l'luxus.
2666 5694 2844 5770 Ἵέἇτ.
2886 5694 3094 5772 υέέῖιη
3122 5694 3283 5773 nini;
