3840 6202
314 340 439 407 1041

1442 359 1523 420 ΙΝ
1562 361 2007 426 EZECIIIELIS
2039 370 2198 431 CAP.
2231 371 2454 432 XXIII.

3428 369 3563 435 1οί2

377 456 589 552 κε’-κδ’.
629 458 732 514 Διά
754 458 928 516 τοῦτο
958 463 1127 519 τάδε’
1155 466 1317 538 λέγει
1354 470 1603 526 ’Δδωνατ
1630 475 1843 542 Κύριος
1862 492 1876 507 ·

2054 480 2220 541 Vsus.
2250 481 2445 537 22-24.
2490 483 2778 552 Propterea
2806 482 2919 537 hac
2958 480 3088 536 dicit
3128 479 3339 536 Adonei
3382 481 3565 536 Domi-

319 545 463 601 Ὶδοὺ
488 548 603 617 ἐγὼ
624 549 898 621 ἐξετείρω
921 554 1062 621 τοὺς
1092 555 1351 626 ἐραστάς
1383 576 1500 615 σου
1528 562 1627 616 ἐπὶ
1653 564 1749 626 σὲ,
1778 565 1882 634 ἀφ’

304 634 391 694 ὧν
430 642 666 713 ἀπέστη
708 645 750 714 ἡ
787 647 956 717 ψυχὴ
991 666 1108 706 σου
1144 653 1248 707 ἀπ’
1286 655 1504 718 αὐτῶν,
1547 657 1645 711 καί
1681 658 1882 725 ἐπάξω

306 733 527 801 αὐτοὺς
555 734 651 790 ἐπί
679 735 754 791 σὲ
778 732 1093 796 κυκλόθεν.
1124 742 1276 811 Τοὺς
1301 745 1470 813 υἱοὺς
1500 750 1876 817 Βαϐυλῶνος,

308 826 401 880 καί
425 825 654 894 πάντας
685 829 825 897 τοὺς
859 832 1214 902 Χαλδαίους,
1248 837 1546 908 Φακοὺμτ,
1581 841 1677 894 καί
1702 842 1878 909 Σοὺᾶ,

308 917 400 971 καί
426 917 608 982 Κοὺδ,
643 921 739 975 καί
772 921 1004 990 πάντας
1043 925 1212 993 υἱοὺς
1252 927 1581 998 Ἀσσυρίων
1612 931 1740 1000 μετ’
1773 934 1881 988 αὑ-

307 1006 455 1076 τῶν,
510 1012 872 1080 νεανίσκους
916 1015 1308 1084 ἐπιλέκτους,
1358 1021 1733 1091 ἡγουμένους
1776 1024 1878 1079 καί

307 1104 675 1172 στρατηγούς
692 1120 704 1133 ·
733 1104 964 1173 πάντας
985 1108 1304 1177 τριστάτας
1319 1112 1341 1143 ⁸
1360 1113 1460 1167 καί
1478 1114 1875 1183 ὀνομαστοὺς,

306 1192 662 1261 ίππεύοντας
694 1194 788 1264 ἐφ’
814 1197 1033 1253 ἳππων.
1060 1199 1173 1254 Kal
1202 1201 1463 1271 ἥξουσιν
1487 1205 1587 1259 ἐπὶ
1622 1205 1699 1261 σὲ
1728 1207 1879 1260 πάν-

306 1299 399 1349 τες
423 1284 543 1338 ἀπὸ
567 1286 792 1355 βορῤᾷ⁹
819 1290 949 1358 μεθ’
975 1292 1018 1324 ¹⁰
1038 1290 1264 1359 ὅπλων,
1312 1295 1411 1349 καί
1444 1296 1742 1365 ἀρμάτων,
1777 1299 1878 1354 καί

304 1373 547 1443 τροχῶν,
594 1376 691 1430 καὶ
735 1379 1009 1448 πλήθους
1048 1382 1210 1437 λαῶν
1238 1403 1253 1418 ·
1307 1386 1404 1441 καί
1437 1386 1726 1455 θώρακας,
1777 1388 1877 1444 καί

304 1463 584 1531 ἀσπίδας,
609 1467 709 1522 καί
730 1474 1195 1543 περικεφαλαίας
1213 1479 1634 1547 περιθήσονται
1658 1481 1755 1535 ἐπὶ
1775 1481 1874 1547 σὲ,

305 1557 398 1609 καί
420 1558 737 1621 ,ϐαλοῦσιν
759 1562 856 1616 ἐπί
894 1564 970 1618 σὲ
1000 1566 1347 1635 ςρυλαιιὴνίι
1379 1570 1603 1634 κύκλῳ.
1657 1572 1735 1626 Δι’
1777 1573 1877 1626 αὐ-

305 1649 426 1715 τῶν,
458 1654 614 1722 φησι.
658 1655 878 1727 μαθήση
908 1659 1020 1713 τῶν
1055 1662 1420 1732 πραγμάτων,
1464 1663 1550 1728 τίς
1593 1666 1694 1736 μὲν
1739 1665 1872 1735 ἐγὼ,

305 1742 441 1802 τίνες
467 1743 523 1796 δὲ
553 1745 603 1797 οἱ
631 1747 857 1816 ἐρασταί
882 1767 977 1803 σου
997 1767 1011 1782 υ
1037 1752 1147 1821 ἐγὼ
1178 1754 1277 1825 μὲν
1304 1755 1414 1827 γὰρ
1442 1757 1874 1829 καταφρονηθεὶς

306 1832 404 1885 ὑπὸ
433 1834 526 1888 σοῦ
560 1837 927 1911 μακροθυμῶν
951 1843 1225 1899 διετέλεσα
1248 1865 1262 1876 ·
1297 1838 1445 1900 οὗτοι
1474 1847 1530 1900 δὲ
1560 1848 1877 1918 παραυτίκα

305 1923 396 1995 τὴν
430 1924 528 1997 σὴν
558 1928 857 1983 ἀπόστασιν
888 1932 1175 2004 μαθόντες,
1211 1937 1351 2007 μετὰ
1378 1938 1728 2008 παντοδαπῆς
1753 1939 1878 2007 ἀφί-

306 2015 479 2079 ξονται
526 2021 848 2086 πανοπλίας,
900 2023 1088 2090 ἵπποις
1140 2028 1234 2081 καὶ
1274 2027 1482 2099 ἅρμασι
1525 2030 1876 2100 κεχρημένοι,

304 2109 395 2162 καὶ
423 2110 552 2175 τοὺς
597 2113 873 2182 ὑπηκόους
904 2105 1159 2181 ἅπαντας
1193 2118 1548 2189 ἐπαγόμενοι,
1586 2121 1682 2174 καὶ
1711 2139 1880 2193 χαρα-

303 2198 519 2271 κώμασι
552 2203 654 2268 τὰς
686 2204 785 2269 σὰς
814 2207 1253 2279 ἀποτιιχίσουσιν
1276 2211 1537 2275 εἰσόδους.
1575 2211 1745 2265 Τοῦτο
1771 2214 1878 2283 γὰρ

300 2292 573 2364 ἐσήμηνεν
616 2296 855 2368 είρηκώς
886 2314 902 2329 ·
972 2317 992 2352 ι
1021 2300 1340 2355 Βαλοῦσινη
1385 2304 1480 2357 uti.
1522 2303 1582 2357 σὲ
1633 2303 1878 2375 φυλακὴν

299 2385 500 2458 κύκλῳ.
532 2407 552 2440 s
588 2385 722 2444 Εἶτα
746 2391 1036 2464 ἐπιφέρει·

365 2477 477 2532 Kal
520 2478 693 2533 δώσω
739 2480 855 2549 πρὸ
893 2485 1217 2551 προσώπου
1262 2483 1462 2539 αὐτῶν
1513 2485 1724 2555 κρῖμα,
1777 2487 1877 2541 καί

297 2568 693 2637 ἐκδικήσουσί
714 2587 788 2627 σε
811 2573 882 2627 ἐν
904 2574 1030 2642 τοῖς
1051 2578 1334 2646 κρίμασιν
1353 2576 1569 2633 αὐτῶν.
1598 2578 1743 2648 (κε’.)
1768 2578 1879 2634 Kal

280 2659 466 2715 ’δώσω
490 2664 600 2716 τὸν
636 2662 824 2732 ζῆλόν
838 2684 960 2737 μου
982 2667 1052 2721 ἐν
1082 2668 1207 2733 σοι,
1238 2668 1337 2722 καί
1367 2667 1697 2733 ποιήσουσι
1728 2667 1880 2738 μετὰ

302 2752 416 2807 σοῦ
441 2753 510 2807 ἐν
549 2755 700 2825 ὀργῆ
726 2758 917 2826 θυμοῦ
939 2776 1060 2828 μου
1089 2760 1156 2814 ¹³.
1211 2759 1433 2830 Ἐπειδὴ
1477 2759 1588 2828 γὰρ
1633 2760 1878 2824 ἐκείνους

303 2845 397 2914 τῆς
422 2847 561 2918 ἐμῆς
590 2849 969 2922 προετίμησας
1012 2851 1377 2924 προμηθείας,
1419 2849 1485 2903 δι’
1512 2849 1694 2903 αὐτῶν
1732 2849 1877 2903 ἑκεί-

297 2953 409 2991 νων
425 2938 707 3011 πράξομαι
733 2959 792 2994 σε
830 2943 988 3006 δίκας
1020 2943 1119 3012 τῆς
1144 2944 1224 3006 si;
1251 2941 1353 3013 ἐμὲ
1384 2940 1751 3011 παρανομίας,
1782 2942 1879 2995 καὶ

294 3029 404 3092 τοῖς
432 3028 662 3084 ἐκείνων
697 3047 758 3084 σε
792 3031 1101 3102 παραδώσω
1146 3030 1550 3103 κολαστηρίοις.
1601 3031 1878 3101 Διηγεῖται

292 3118 347 3170 δὲ
379 3120 474 3172 καὶ
497 3121 599 3192 τῆς
627 3123 899 3193 τιμωρίας
935 3123 1002 3176 τὰ
1029 3124 1166 3193 εἴδη.

1984 586 2083 625 nus
2113 587 2133 626 :
2166 569 2302 628 Ecce
2351 589 2445 644 ego
2493 575 2668 628 excito
2710 582 2981 627 amatores
3019 581 3139 627 tuos
3185 581 3374 627 contra
3405 580 3488 638 te,
3531 591 3565 627 a

1981 661 2169 731 quibus
2198 660 2389 731 defecit
2413 665 2595 718 anima
2631 671 2760 726 tua,
2805 671 2856 716 et
2896 661 3164 716 adducam
3196 677 3282 716 eos
3319 660 3390 715 ad
3425 661 3557 716 tein

1981 752 2244 818 circuitu;
2297 753 2438 822 filios
2462 752 2780 824 Babylonis,
2812 762 2867 813 et,
2889 768 3065 807 omnes
3089 750 3390 816 Chalda'os,
3423 749 3567 804 Plia-

1980 860 2123 908 cuns,
2163 854 2214 900 et
2262 844 2374 900 Sud
2399 882 2416 909 ,
2458 855 2509 900 et
2538 843 2654 900 Cud
2679 885 2695 912 ,
2736 854 2785 901 et
2827 860 3005 900 omnes
3043 843 3186 913 filios
3224 842 3566 913 Assyriorum

1980 952 2100 989 cum
2130 938 2257 1007 ipsis
2275 954 2295 992 :
2315 939 2534 1007 juvenes
2553 938 2770 1000 electos,
2799 938 2958 993 duces
2981 944 3031 992 et
3054 936 3361 1007 prtefectos.
3386 952 3566 991 omnes

1980 1029 2152 1095 regios
2181 1028 2438 1083 satellites
2462 1069 2477 1094 ,
2529 1038 2578 1082 et
2613 1028 2764 1098 fama
2794 1028 3053 1091 illustres,
3090 1034 3259 1082 vectos
3290 1027 3459 1096 equis.
3496 1025 3567 1079 Et

1979 1120 2179 1172 venient
2212 1128 2399 1174 contra
2426 1130 2471 1175 te
2495 1137 2672 1175 omnes
2703 1119 2768 1173 ab
2801 1119 3051 1188 aquilone
3111 1134 3230 1172 cum
3264 1119 3431 1171 armis
3457 1156 3473 1182 ,
3511 1126 3567 1172 et

1978 1208 2268 1274 curribus,
2315 1218 2366 1264 et
2396 1211 2524 1264 rotis
2552 1251 2569 1279 ,
2616 1218 2665 1265 et
2719 1209 3062 1264 multitudine
3116 1209 3472 1277 populorum,
3517 1219 3566 1263 et

1979 1298 2226 1352 thoracas
2248 1340 2263 1365 ,
2310 1308 2360 1355 et
2409 1301 2614 1372 clypeos
2636 1343 2651 1365 ,
2698 1309 2747 1355 et
2778 1300 2959 1370 galeas
2990 1300 3381 1367 circumponent
3411 1314 3566 1368 super

1978 1399 2028 1445 te
2060 1432 2077 1457 ,
2121 1401 2171 1446 et
2188 1391 2391 1461 jacient
2426 1408 2584 1462 super
2615 1402 2663 1447 te
2706 1392 3000 1447 custodiam
3047 1392 3103 1445 in
3145 1391 3393 1444 circuitu.
3436 1393 3453 1412 ‘
3484 1388 3563 1443 Ex

1975 1482 2114 1553 ipsis
2139 1523 2154 1548 ,
2186 1484 2401 1555 inquit,
2445 1486 2613 1541 rebus
2641 1485 2912 1555 percipies
2933 1524 2947 1550 ,
2991 1483 3247 1554 quisnam
3291 1498 3392 1553 ego
3427 1482 3564 1548 sim,

1974 1582 2031 1630 et
2054 1575 2283 1645 quinam
2315 1584 2593 1631 amatores
2623 1577 2701 1632 tui
2729 1578 2859 1632 sint.
2898 1574 3010 1647 Ego
3040 1574 3188 1631 enim
3222 1588 3253 1628 a
3298 1583 3352 1630 te
3383 1574 3569 1645 negle-

1974 1676 2099 1723 ctus
2125 1667 2593 1739 longanimitatem
2625 1669 2897 1725 adhibui:
2923 1668 3012 1725 isti
3049 1674 3259 1732 autem,
3288 1666 3458 1738 868
3491 1665 3569 1719 si-

1980 1758 2097 1813 mul
2134 1765 2301 1829 atque
2327 1766 2480 1814 tuam
2507 1759 2872 1817 defectionem
2904 1759 3221 1823 didicerint,
3249 1773 3372 1811 eum
3415 1757 3567 1811 omni

1987 1865 2267 1904 armorum
2313 1858 2580 1921 apparatu
2633 1852 2965 1917 advenient,
3020 1851 3176 1920 equis
3216 1856 3269 1903 et
3307 1846 3568 1902 curribus

1985 1939 2289 2005 instructi,
2339 1940 2732 2011 subjectosque
2792 1941 2894 1996 sibi
2941 1955 3137 1995 omnes
3189 1936 3564 2003 adducentes,

1985 2029 2258 2099 vallisque
2310 2037 2367 2085 et
2420 2030 2712 2101 aggeribus
2762 2039 2887 2086 tuos
2939 2031 3123 2085 aditus
3173 2028 3565 2088 intercludent.

1985 2120 2103 2178 Hoc
2131 2124 2279 2179 enim
2306 2123 2639 2194 signiﬁcavit
2667 2167 2681 2190 ,
2710 2138 2836 2177 cum
2876 2124 3014 2177 dixit
3043 2141 3057 2178 :
3099 2141 3118 2174 ι
3157 2122 3373 2177 Jacient
3402 2137 3568 2193 super

1986 2222 2039 2270 te
2067 2216 2382 2272 custodiam
2410 2217 2465 2272 in
2494 2217 2757 2272 circuitu.
2796 2234 2814 2268 ι
2856 2214 3059 2271 Deinde
3092 2215 3283 2286 adjicit
3311 2232 3324 2268 :

2058 2478 2127 2534 Et
2155 2480 2293 2537 dabo
2318 2491 2440 2537 ante
2469 2482 2659 2551 faciem
2690 2484 2927 2554 ipsorum
2964 2482 3225 2546 iudicium
3249 2521 3263 2546 ,
3311 2490 3360 2536 et
3392 2480 3567 2537 vindi-

1985 2571 2181 2627 cabunt
2231 2583 2280 2629 te
2311 2573 2539 2643 judiciis
2561 2575 2694 2632 suis.
2730 2572 2922 2646 (Vnus.
2956 2574 3073 2645 ἓξ.)
3107 2571 3176 2627 Et
3215 2571 3351 2625 dabo
3396 2573 3568 2627 zelum

1986 2682 2159 2720 meum
2203 2666 2258 2720 in
2308 2677 2358 2722 te
2384 2709 2400 2733 ,
2451 2675 2500 2721 et
2534 2667 2735 2735 facient
2777 2676 2945 2721 tecum
2989 2667 3045 2719 in
3084 2665 3169 2718 ira
3207 2664 3405 2733 furoris
3444 2665 3563 2718 mei.

1986 2756 2126 2822 Quia
2170 2757 2316 2812 enim
2359 2759 2484 2813 illos
2527 2773 2661 2812 mea:
2708 2756 3066 2827 providentia!
3104 2754 3429 2826 praetulisti,
3472 2770 3569 2825 per

1985 2847 2207 2903 eosdem
2256 2848 2383 2903 illos
2430 2864 2622 2904 eorum
2676 2864 2799 2919 quae
2842 2850 2895 2903 in
2953 2863 3039 2903 me
3090 2847 3367 2917 deliquisti
3423 2862 3451 2899 a
3513 2855 3568 2901 te

1989 2954 2181 3009 pcenas
2237 2941 2497 3011 exigam,
2549 2941 2909 3011 ipsorumque
2967 2947 3019 2995 te
3068 2939 3279 2994 tradam
3319 2938 3564 3010 judiciis.

1990 3030 2401 3101 Supplieiorum
2430 3039 2612 3086 autem
2640 3044 2841 3103 genera
2882 3038 3168 3087 recenset.

365 3213 518 3277 Τοὺς
534 3176 851 3284 μυκτῆρας
885 3229 1024 3281 σου,
1167 3218 1240 3269 τὰ
1266 3210 1388 3271 ὦτά
1415 3230 1533 3270 σου
1562 3214 1878 3284 ἀφελοῦσι,

2061 3208 2233 3266 Nares
2269 3219 2390 3266 tuas
2441 3219 2491 3265 et
2542 3227 2697 3265 aures
2733 3220 2852 3265 tuas
2893 3210 3175 3279 auferent,
3235 3220 3284 3265 et
3336 3209 3564 3281 reliquas

290 3302 388 3356 καί
431 3303 580 3371 τοὺς
639 3306 1047 3372 κατωοίπους
1085 3319 1203 3361 σου
1252 3306 1324 3361 ἐν
1371 3306 1641 3374 ῥομφαίᾳ
1703 3318 1883 3358 κατα·

290 3395 593 3450 ϐαλοῦσιν
615 3413 630 3428 ’
681 3398 852 3453 αὐτοὶ
894 3397 1038 3461 τοὺς
1074 3398 1244 3465 υἱούς
1278 3415 1395 3454 σου
1428 3399 1527 3452 καὶ
1562 3400 1669 3465 τὰς
1704 3402 1884 3468 θυγα-

288 3483 469 3552 τέρας
507 3499 628 3540 σου
652 3485 975 3555 λήψονται,
1008 3485 1109 3540 καὶ
1140 3486 1283 3556 τοὺς
1322 3488 1732 3552 καταλοίπους
1765 3502 1883 3540 σου

289 3577 702 3648 καταφάγεται
736 3579 875 3649 πῦρ.
915 3579 1082 3649 (κς’.)
1134 3579 1247 3634 Kal
1281 3579 1618 3635 ἐκδύσουσί
1663 3596 1737 3633 σε
1777 3578 1886 3633 τὸν

287 3668 617 3737 ἱματισμόν
646 3683 782 3736 σου,
816 3669 916 3723 καί
950 3670 1251 3739 λήψονται
1276 3669 1349 3724 τὰ
1377 3672 1569 3737 σκεύη
1601 3669 1711 3738 τῆς
1742 3686 1885 3724 καυ-

290 3758 536 3827 χήσεώς
576 3775 715 3814 σου.
773 3761 912 3826 Τοὺς
966 3762 1067 3833 μὲν
1123 3763 1268 3833 γὰρ,
1318 3762 1472 3833 φησὶ,
1513 3760 1883 3832 δορυαλώτους

287 3849 610 3914 ἀποίσουσι,
652 3849 780 3913 τοὺς
812 3849 870 3903 δὲ
894 3851 953 3904 ὲν
976 3852 1042 3922 τῇ
1074 3851 1382 3924 παρατάξει
1409 3851 1882 3917 κατακοντίσουσι,

286 3943 413 4005 τοὺς
447 3940 513 3994 δὲ
559 3941 1055 4014 ἀκροτηριάσουσιν
1096 3942 1306 4013 ἀπηνίᾳ
1345 3943 1438 3995 καὶ
1470 3942 1714 4012 ὠμότητι
1740 3941 1876 4012 χρώ·

290 4048 444 4103 μενοι
475 4047 493 4063 ’
547 4031 615 4085 τὰ
648 4032 705 4085 δὲ
749 4033 1100 4107 προσήκοντά
1131 4050 1214 4087 σοι
1243 4033 1423 4086 πάντα
1453 4033 1754 4103 ληῖσονται,
1789 4032 1884 4085 καὶ

287 4123 423 4193 πυρὶ
450 4122 530 4176 τὰ
561 4122 788 4178 πλεῖστά
816 4142 908 4178 σου
954 4124 1358 4196 παραδώσουσι,
1408 4124 1658 4178 Δείκνυσι
1699 4123 1757 4177 δὲ
1793 4124 1884 4177 καὶ

284 4215 385 4284 τὴν
410 4215 482 4268 ἐκ
511 4215 614 4284 τῆς
641 4215 909 4286 τιμωρίας
938 4215 1204 4285 ἐσομένην
1238 4217 1525 4286 ὠφέλειαν.

355 4303 463 4372 κζ’.
510 4306 626 4360 Καὶ
662 4307 1025 4378 ἀποστρέψω
1058 4310 1164 4376 τὰς
1196 4309 1474 4374 ἀσεϐείας
1503 4322 1619 4361 σου
1650 4307 1718 4360 ἐκ
1743 4306 1880 4370 σοῦ,

283 4398 384 4453 καί
418 4397 549 4466 τὴν
571 4399 856 4466 πορνείαν
884 4417 1000 4455 σου
1028 4400 1142 4469 τὴν
1166 4402 1234 4455 ὲκ
1268 4400 1381 4471 γῆς
1402 4400 1704 4468 Αἰγύπτου
1732 4401 1805 4452 οὺ
1837 4398 1880 4431 ’⁵

1987 3315 2105 3358 tuos
2134 3302 2314 3374 gladio
2343 3301 2634 3372 dejicient:
2673 3303 2777 3372 ipsi
2818 3303 2960 3373 ﬁlios
2995 3313 3115 3358 tuos
3163 3314 3214 3357 et
3264 3304 3408 3371 filias
3445 3314 3565 3359 tuas

1986 3399 2187 3465 capient
2218 3439 2232 3463 ,
2263 3406 2312 3451 et
2341 3396 2571 3466 reliquos
2599 3405 2714 3451 tuos
2742 3395 3013 3451 devorabit
3042 3396 3201 3466 ignis.
3227 3394 3421 3464 (Vens.
3444 3396 3563 3463 26.)

1986 3487 2057 3544 Et
2087 3498 2277 3543 exuent
2305 3490 2670 3543 vestimentum
2693 3500 2864 3555 tuum,
2894 3498 2945 3544 et
2973 3490 3180 3559 capient
3206 3505 3333 3543 vasa
3362 3490 3565 3559 gloria-

1989 3585 2146 3636 tionis
2178 3591 2301 3636 tute.
2355 3580 2507 3637 Alios
2540 3582 2687 3637 enim
2722 3581 2866 3637 bello
2902 3590 3097 3652 captos
3125 3582 3402 3637 abducent
3425 3622 3439 3644 ,
3476 3583 3562 3635 in-

1985 3675 2126 3745 quit,
2162 3675 2298 3728 alios
2332 3673 2387 3727 in
2417 3674 2606 3743 praelia
2629 3664 2832 3743 jaculis
2854 3672 3193 3736 conlodient,
3223 3673 3348 3728 aliis
3381 3682 3562 3726 extre~

1986 3780 2105 3821 nias
2134 3774 2319 3837 partes
2353 3780 2574 3822 summo
2599 3764 2728 3820 odio
2752 3773 2806 3820 et
2832 3764 3156 3821 crudelitate
3180 3764 3562 3834 amputabuut,

1985 3864 2039 3911 et
2061 3857 2245 3911 omnia
2270 3856 2489 3928 quaead
2520 3863 2573 3910 te
2599 3856 2871 3927 pertinent
2910 3855 3322 3925 prmdabuntur,
3352 3862 3408 3909 et
3435 3855 3561 3924 igne

1986 3948 2255 4019 plurimas
2275 3964 2364 4005 res
2387 3956 2510 4005 tuas
2534 3955 2885 4005 consument.
2922 3947 3179 4004 Ostendit
3219 3962 3351 4003 vero
3396 3947 3561 4002 etiam

1984 4055 2052 4097 ex
2080 4041 2410 4098 crudelitate
2446 4041 2689 4096 futuram
2724 4041 3041 4097 utilitatem.

2056 4312 2222 4367 Vens.
2268 4311 2359 4366 27.
2404 4308 2472 4363 Et
2521 4317 2760 4363 avertam
2807 4307 3097 4375 impietates
3139 4315 3258 4360 tuas
3306 4321 3339 4358 a
3387 4311 3471 4371 te,
3506 4312 3554 4355 et

1985 4402 2351 4472 fornicationis
2383 4410 2487 4454 tua:
2514 4400 2578 4453 de
2613 4408 2755 4452 terra
2791 4396 3013 4465 κεῖραι)ιὶ
3047 4413 3152 4450 non
3200 4393 3561 4449 recordaberis

284 4489 366 4558 μὴ
411 4489 711 4559 μνησθῇς
750 4492 860 4548 ἔτι.
926 4493 1014 4547 Ἑν
1059 4493 1168 4565 γὰρ
1211 4494 1439 4555 ἐκείνοις
1472 4491 1739 4562 γενομένη
1770 4494 1878 4555 τοῖς

1991 4496 2245 4563 amplius.
2286 4495 2341 4547 lu
2381 4492 2490 4546 illis
2520 4492 2664 4546 enim
2702 4490 2861 4542 malis
2899 4503 3025 4541 eum
3067 4488 3379 4542 versaberis
3409 4529 3424 4552 ,
3467 4493 3559 4539 tua

285 4584 514 4648 κακοῖς,
550 4583 610 4635 ὲν
641 4583 891 4655 αἰσθήσει
916 4586 1122 4657 γενήσῃ
1149 4586 1247 4654 τῆς
1279 4583 1481 4645 οἰκείας
1512 4582 1879 4655 παρανομίας,

286 4674 383 4727 καὶ
410 4672 652 4746 βδελύξῃ
681 4673 799 4727 λίαν
827 4677 1011 4729 ἐκεῖνα
1039 4675 1107 4730 τὰ
1129 4676 1228 4747 τῆς
1257 4675 1542 4746 συμφορᾶς
1570 4690 1652 4728 σοι
1677 4673 1879 4744 ταύτης

288 4766 570 4837 γενόμενα
595 4766 854 4839 πρόξενοι.
1704 4763 1709 4773 ’

370 4855 489 4927 κη’,
528 4855 635 4911 κθ¹.
700 4859 856 4911 Διότι
910 4855 1052 4910 τάδε
1112 4856 1275 4926 λέγει
1347 4854 1586 4910 Ἀδωνατ
1630 4854 1879 4921 Κύριος·

300 4946 453 5001 Ἰδοὺ
514 4947 633 5017 ἐγὼ
682 4948 1051 5019 παραδίδωμί
1106 4966 1181 5003 σε
1241 4950 1328 5015 εις
1373 4931 1576 5018 χεῖρας
1648 4939 1737 4999 ὧν
1791 4964 1886 5015 μι-

286 5039 448 5106 σεῖς,
494 5039 601 5110 ἀφ’
639 5036 727 5095 ὧν
774 5041 1009 5109 ἀπέστη
1057 5043 1095 5112 ἡ
1131 5041 1302 5112 ψυχή
1356 5056 1473 5096 σου
1516 5040 1617 5095 ἀπ’
1658 5038 1876 5094 αὐτῶν.

288 5131 397 5184 xi)’.
445 5131 566 5185 Kal
612 5131 983 5200 ποιήσουσιν
1028 5132 1097 5185 ἐν
1149 5132 1248 5187 σοὶ
1304 5132 1373 5185 ἐν
1400 5131 1588 5201 μίσει,
1636 5126 1733 5182 καὶ
1769 5126 1882 5193 λιξ-

291 5225 524 5289 ψονται
534 5220 766 5290 πάντας
792 5222 932 5289 τοὺς
955 5225 1182 5290 πόνους
1205 5238 1321 5278 σου
1343 5222 1441 5277 καί
1460 5221 1602 5288 τοὺς
1614 5220 1881 5291 μόχθους

1987 4589 2192 4644 scelera
2227 4584 2451 4645 senties,
2481 4591 2535 4637 et
2567 4580 2858 4636 admodum
2891 4595 2951 4633 ea
2984 4578 3412 4642 abominaberis,
3439 4593 3561 4648 qua:

1986 4678 2355 4733 calamitatem
2394 4675 2558 4729 istam
2595 4671 2691 4727 tibi
2727 4670 3100 4725 eouciliariut.

2062 4848 2229 4902 Vens.
2260 4845 2352 4903 28.
2387 4844 2478 4898 29.
2520 4843 2659 4907 Quia
2691 4840 2802 4896 luet:
2836 4840 2967 4895 dicit
3010 4840 3220 4894 Adouai
3268 4841 3519 4901 Dominus
3541 4857 3559 4894 :

1993 4941 2126 4997 Ecce
2166 4955 2259 5009 ego
2292 4934 2448 4990 trade
2481 4946 2529 4988 te
2570 4934 2625 4987 in
2673 4950 2863 4988 manus
2895 4949 3078 4988 eorum
3118 4949 3248 5003 quos
3283 4934 3483 4998 odisti,
3527 4951 3561 4987 a

1988 5033 2174 5104 quibus
2209 5028 2378 5100 869
2396 5025 2583 5095 defecit
2615 5025 2795 5078 anima
2823 5033 2936 5078 tua.
2974 5023 3043 5079 Et
3071 5024 3266 5094 facient
3298 5035 3464 5081 tecum
3497 5041 3562 5079 ea:

1990 5122 2135 5187 odio,
2170 5130 2219 5175 et
2249 5120 2455 5188 capient
2485 5133 2659 5171 omnes
2701 5115 2905 5171 labores
2931 5128 3048 5170 tuos
3078 5127 3126 5171 et
3154 5117 3557 5186 defatigationes

1987 5228 2153 5270 tuas:
2214 5222 2262 5266 et
2319 5212 2422 5266 eris
2458 5211 2602 5263 nuda
2646 5217 2695 5262 et
2730 5208 3115 5279 ignominiosa,
3153 5218 3201 5262 et
3245 5206 3560 5261 revelabitur

1588 5396 1829 5455 νΑιιιιε
1869 5389 2278 5449 LEC'l‘IONES.

334 5550 358 5579 ⁶
383 5547 543 5602 τάδε.
566 5545 723 5619 Deest
753 5547 986 5610 Ὀολιόὰ,
1006 5548 1149 5617 quod
1171 5551 1423 5619 praecedit
1441 5552 1581 5619 apud
1613 5550 1752 5606 LXX
1769 5566 1817 5606 et
1837 5554 1878 5609 ir

1990 5556 2079 5611 ibr.
2122 5556 2139 5585 ⁷
2164 5556 2375 5608 Φακ.-
2391 5549 2554 5605 Κούδ.
2577 5550 2746 5605 Aliter
2760 5544 2997 5619 oiLXX:
3018 5546 3037 5575 ⁸
3060 5559 3232 5619 τριστ.
3255 5541 3326 5619 Ita
3345 5540 3555 5619 Cogunt.

297 5619 403 5695 {illi
435 5618 721 5695 τρισσούς,
754 5619 938 5695 minus
968 5614 1135 5695 bene.
1166 5614 1231 5695 ζ’
1262 5614 1758 5695 ἀπὺῌβορῥᾶπυος.
1802 5625 1854 5677 in

1990 5642 2055 5681 )r.
2135 5625 2177 5656 ¹⁰
2210 5624 2327 5695 μεθ’
2369 5652 2438 5663 -
2466 5621 2785 5695 ndicium-Ita
2817 5619 2928 5671 fere
2961 5614 3170 5695 Cmnpl:

3281 5611 3316 5640 ¹¹
3350 5610 3468 5679 gauli.
3499 5612 3559 5665 In

300 5686 341 5740 Β
373 5679 613 5765 ponitur
633 5679 765 5765 ante
799 5690 891 5765 ἐπὶ
923 5689 1034 5765 σε.-
1082 5690 1125 5765 ξ’
1163 5689 1212 5765 Β.
1234 5679 1520 5765 καλοῦσιν)
1589 5694 1630 5723 ¹³
1656 5694 1783 5762 θυμ.
1825 5714 1878 5765 με

1990 5679 2105 5751 Des.
2140 5679 2392 5751 in'llebr.
2476 5694 2515 5723 “
2547 5679 2632 5747 οὑξ
2662 5690 2782 5745 Des.
2806 5703 2865 5742 ea
2888 5701 3007 5755 qua:
3023 5679 3163 5750 apud
3198 5679 3331 5732 LXX
3371 5696 3556 5750 prtem.

300 5760 394 5811 καὶ
419 5760 481 5812 οὐ
516 5756 600 5829 μὴ
626 5756 761 5831 ἄρῃς
787 5760 908 5824 τοὺς
941 5759 1249 5831 ὀφθαλμούς
1278 5779 1368 5816 σου
1400 5763 1484 5815 ἐπ’
1525 5756 1740 5828 αὐτοὺς,
1799 5756 1891 5821 καὶ
1939 5767 2235 5835 Αἰγύπτου.
