3840 6202
287 342 420 408 1043

1257 344 1746 404 THEUDORETI
1777 341 2117 404 EPISCOPI
2147 339 2509 400 CYRENSIS

3401 332 3540 399 1044

281 458 573 532 ignominia
601 459 970 530 fornicationis
1000 467 1104 512 tua:
1133 467 1182 513 et
1213 461 1498 528 impietatis
1531 469 1656 514 tute.
1679 461 1843 515 Amo-

1967 471 2084 521 rov,
2107 456 2203 509 καὶ
2226 455 2341 526 ἔσῃ
2368 455 2565 523 γυμνὴ
2589 450 2685 505 καὶ
2704 451 3168 522 ἀσχημονοῦσα⁸
3188 453 3287 507 καὶ
3313 449 3539 504 ἀποκα-

282 569 374 617 re,
417 552 616 624 inquit,
661 551 1040 607 Chaldaeorum
1071 561 1233 622 capta
1275 568 1471 608 rursus
1506 567 1602 609 eos
1645 552 1845 608 odisti:

283 661 472 701 verum
500 661 601 715 ego
640 645 760 700 istis
798 652 852 698 te
884 643 1098 698 tradam
1124 684 1138 708 ,
1175 659 1272 714 per
1303 659 1445 714 quos
1493 661 1522 699 a
1568 657 1620 701 te
1659 661 1850 716 poenas

283 737 492 806 exigam
546 743 600 788 et
649 733 958 805 supplicia,
1013 734 1219 804 quibus
1285 743 1452 788 totam
1508 737 1848 806 impietatem

287 835 432 881 tuam
475 826 676 880 nudam
730 826 1004 882 indicabo.
1043 827 1265 882 Discent
1295 828 1443 883 enim
1481 828 1556 892 ii,
1597 829 1691 898 qui
1729 838 1852 884 tuas

286 919 672 990 conspexerint
735 917 1114 985 calamitates,
1167 933 1358 974 earum
1422 933 1646 974 causam
1701 929 1850 976 tuam

288 1009 458 1066 fuisse
487 1011 851 1081 iniquitatem.
885 1010 1096 1068 idcirco
1125 1012 1328 1068 merito
1355 1011 1591 1082 subjecit
1625 1031 1640 1065 :

363 1267 530 1322 Vsus.
563 1268 653 1324 ὅθ.
705 1267 1015 1323 Fornicatio
1092 1280 1185 1325 tua
1237 1271 1358 1340 fecit
1401 1271 1500 1326 tibi
1536 1273 1681 1336 hmo,
1734 1290 1852 1326 cum

288 1360 586 1414 antbutares
613 1369 728 1429 post
759 1370 933 1432 gentes
956 1403 971 1428 ,
1006 1372 1055 1416 et
1094 1363 1408 1432 pottaereris
1440 1365 1850 1435 cogitationibus

286 1467 485 1505 earum.
521 1448 722 1506 Secuta
747 1467 830 1515 es,
865 1454 884 1474 ⁶
912 1452 1122 1522 inquit,
1148 1454 1390 1524 gentium
1429 1453 1701 1515 instituta,
1734 1471 1853 1526 quae

287 1543 402 1597 suis
451 1543 652 1598 innixae
699 1543 1010 1600 rationibus
1066 1544 1404 1616 impietatem
1443 1547 1851 1618 excogitarunt.

287 1635 404 1690 Non
439 1638 616 1693 solum
651 1649 830 1694 autem
860 1640 1113 1706 aliarum,
1149 1642 1246 1708 ait,
1277 1644 1520 1712 gentium
1557 1644 1766 1699 imitata
1794 1661 1854 1702 es

291 1730 645 1800 impietatem,
677 1731 773 1788 sed
799 1733 966 1788 etiam
995 1750 1012 1790 :

364 1907 523 1964 Vsus.
559 1910 648 1964 5t.
705 1909 772 1965 In
799 1912 884 1966 via
922 1913 1121 1968 sororis
1151 1922 1257 1968 tate
1289 1913 1576 1969 ambulasti
1596 1957 1610 1980 ,
1641 1926 1692 1971 et
1718 1916 1855 1971 dabo

287 2017 380 2070 ego
409 2001 626 2056 calicem
657 2003 769 2072 ejus
799 2003 854 2057 in
886 2020 1071 2058 manus
1118 2015 1259 2059 tuas.
1294 2005 1648 2077 Quaecunque
1687 2009 1857 2063 susti-

291 2093 438 2154 nuit,
483 2093 698 2164 inquit,
740 2094 987 2150 Samaria
1010 2136 1025 2157 ,
1064 2096 1256 2152 eadem
1290 2105 1348 2152 tu
1373 2091 1592 2169 quoque
1619 2099 1853 2156 subibis.

289 2185 524 2239 Calicem
587 2187 732 2241 enim
788 2188 1117 2258 supplicium
1167 2191 1422 2255 vocavit,
1478 2201 1665 2261 utpote
1711 2192 1858 2264 quod

291 2275 639 2344 gravedinem
670 2288 725 2332 et
749 2278 1069 2334 ebrietatem
1113 2280 1427 2336 bibentibus
1459 2281 1645 2337 infert.

364 2452 530 2507 Vens.
567 2453 758 2508 52-54.
806 2453 934 2508 thc
971 2455 1097 2508 dicit
1127 2454 1333 2510 Adonai
1379 2456 1632 2511 Dominus
1658 2475 1677 2512 :
1713 2457 1855 2514 Cati-

291 2561 400 2599 cem
425 2546 622 2597 sororis
646 2554 750 2598 tua:
775 2544 936 2600 bibito
967 2548 1282 2615 profundum
1307 2557 1354 2602 et
1382 2548 1570 2615 latum,
1601 2560 1651 2604 et
1676 2552 1775 2605 erit
1804 2553 1859 2605 in

292 2638 459 2692 risnnt
504 2647 554 2691 et
587 2637 1052 2694 subsannationent
1086 2641 1458 2695 abundantem.
1513 2640 1582 2695 Ut
1617 2645 1857 2712 perﬁciat

292 2729 616 2789 ebrietatem.
639 2739 687 2784 et
710 2729 1062 2784 dissolutione
1099 2730 1376 2800 repteberis
1399 2773 1412 2797 ,
1451 2731 1670 2786 calicem
1692 2734 1862 2800 perdi-

295 2825 454 2878 tionis
493 2832 541 2878 et
586 2822 890 2888 deletionis,
937 2810 1156 2877 calicem
1197 2823 1394 2877 sororis
1431 2831 1536 2878 tua:
1573 2823 1856 2879 Samariaz.

296 2914 362 2968 Et
390 2913 529 2970 bibes
563 2931 712 2976 eum.
746 2924 798 2968 et
829 2914 1106 2970 exhauries
1143 2915 1299 2984 [ιεεεε
1327 2953 1342 2980 ,
1389 2923 1441 2971 et
1487 2925 1654 2970 testas
1695 2917 1859 2984 ipsius

293 3007 459 3077 870
495 3006 791 3069 devorabis,
836 3017 885 3062 et
916 3006 1077 3062 ubera
1112 3016 1204 3060 tua
1241 3006 1578 3062 ditacerabis.
1627 3007 1862 3063 Profun-

294 3098 422 3152 dum
451 3099 676 3154 calicem
700 3103 914 3154 vocavit
935 3099 1005 3155 ob
1029 3099 1360 3154 calamitatis
1389 3100 1857 3170 magnitudinem:

297 3192 463 3244 latum
494 3199 713 3255 autem,
751 3199 976 3262 propter
1005 3192 1348 3262 septuaginta
1399 3207 1666 3246 annorum
1719 3202 1860 3247 tem-

295 3299 416 3352 pus.
453 3282 750 3341 Deletionis
793 3299 921 3340 vero
949 3284 1176 3340 calicem
1223 3285 1602 3354 nuncupavit,
1640 3291 1865 3356 prepter

296 3373 650 3429 solitudinem
678 3413 693 3437 ,
740 3389 862 3445 quae
912 3374 1105 3430 urbem
1150 3385 1520 3444 occupaverat
1565 3394 1577 3428 :
1625 3383 1679 3430 et
1729 3375 1864 3429 illud

301 3483 320 3514 ‹
357 3465 646 3521 exhauries
677 3465 835 3522 faeces
861 3486 878 3518 ι
918 3466 1203 3536 apposuit,
1232 3466 1359 3534 quia
1391 3475 1692 3522 extremam
1744 3480 1866 3532 per-

299 3556 421 3612 tulit
463 3558 807 3614 obsidionem
841 3577 855 3614 :
891 3567 1170 3632 te5tasque
1216 3561 1392 3630 ipsam
1435 3559 1822 3613 devoraturam
1849 3595 1863 3619 ,

298 3649 440 3704 dixit
464 3689 479 3716 ,
512 3658 734 3721 propter
763 3661 1045 3718 extrema,
1103 3654 1159 3706 in
1201 3667 1322 3722 quae
1356 3651 1552 3706 incidit
1580 3650 1762 3717 mala;
1811 3657 1868 3704 et

300 3741 470 3795 ubera
510 3741 932 3796 dilaceraturam
978 3751 1200 3813 propter
1237 3743 1617 3814 penitentiam
1645 3781 1662 3806 ,
1702 3755 1864 3810 quam

302 3830 546 3900 paritura
589 3840 796 3887 essent.
842 3851 861 3884 ι
895 3832 958 3887 Ει
987 3834 1332 3889 celebritates
1363 3843 1486 3888 tuas
1511 3873 1527 3896 ,
1566 3832 1781 3902 inquit,
1814 3843 1868 3887 et

301 3924 618 3979 neomenias
658 3935 782 3981 tuas
820 3934 1062 3980 avertam
1090 3969 1107 3995 ,
1155 3927 1285 3996 quia
1318 3941 1418 3998 ego
1457 3927 1674 3982 locutus
1699 3939 1820 3980 sum
1849 3963 1864 3988 ,

302 4013 436 4067 dicit
478 4013 690 4068 Adonai
740 4015 1023 4071 Dominus.
1053 4035 1072 4070 ι
1124 4016 1353 4072 Omnem
1401 4017 1678 4088 publicqu
1733 4031 1866 4070 con—

301 4111 523 4160 ventum
566 4113 760 4168 tuum,
807 4121 1140 4179 omnemque
1187 4109 1427 4163 laetitiam
1479 4095 1864 4176 exstingunm,

299 4207 354 4252 et
396 4198 672 4267 imponam
708 4198 890 4254 verbis
923 4198 1083 4254 tinem
1131 4219 1143 4254 :
1200 4215 1362 4256 verus
1409 4201 1553 4255 enim
1605 4215 1724 4254 sum
1752 4241 1766 4265 ,
1815 4207 1870 4254 ct

302 4289 566 4345 mendacii
598 4305 796 4361 expers
821 4290 1102 4348 Dominus.

1949 548 2327 616 λυρθήσεται
2379 547 2418 614 ἡ
2471 545 2876 614 ἀσχημοσύνη
2927 543 3036 613 τῆς
3082 547 3370 613 πορνείας
3421 559 3540 597 σου

1951 641 2048 693 καὶ
2076 639 2188 708 τῆς
2209 639 2489 702 ἀσεϐείας
2509 652 2657 690 σου.
2693 637 3044 707 Ἐρασοεῖσα,
3075 638 3233 706 φησι,
3261 636 3370 690 τῶν
3393 637 3542 689 Χαλ-

1951 730 2136 795 δαίων,
2171 730 2334 783 πάλιν
2365 728 2564 791 αὐτοὺς
2595 725 2888 798 ἐμίσησας,
2935 727 3049 780 ἀλλ’
3075 727 3189 796 ἐγὼ
3217 727 3438 791 τούτοις
3476 745 3536 780 σε

1954 821 2284 894 παραδώσω,
2312 819 2410 874 καὶ
2439 818 2528 872 διὰ
2556 819 2766 872 τούτων
2797 819 2856 872 σὲ
2878 819 3032 883 δίκας
3064 819 3163 890 τῆς
3201 819 3479 891 τιμωρίας
3504 820 3542 849 ⁸⁵

1953 914 2356 986 εἰσπράξομαι,
2395 913 2489 966 καὶ
2525 912 2614 965 διὰ
2655 913 2754 982 τῆς
2798 911 3072 983 τιμωρίας
3122 915 3340 983 γυμνὴν
3393 911 3541 964 ᾶπα-

1954 1021 2056 1058 σαν
2098 1002 2370 1068 ὑποδείξω
2415 1019 2508 1054 σου
2559 1001 2657 1073 τὴν
2700 1001 2958 1055 ἀσέϐειαν
2987 1017 3002 1031 θ
3045 1001 3384 1071 μαθήσονται
3430 1001 3544 1070 γὰρ

1952 1095 2002 1148 oi
2031 1094 2130 1157 τὰς
2177 1094 2275 1157 σὰς
2319 1091 2581 1163 θεώμενοι
2629 1092 2939 1163 συμφορὰς,
2976 1094 3160 1147 αἰτίαν
3193 1093 3405 1147 τούτων
3440 1093 3545 1163 τὴν

1953 1185 2052 1256 σὴν
2081 1185 2377 1255 γενομένην
2418 1183 2778 1256 παρανομίαν.
2817 1183 2908 1237 Διὸ
2937 1183 3160 1249 εἰκότως
3188 1185 3502 1256 ἐπήγαγενο

2027 1269 2088 1332 λ’.
2139 1275 2209 1329 Ἢ
2251 1276 2508 1343 πορνειά
2575 1290 2726 1328 σου·
2758 1274 3013 1342 ἐποίησέ
3077 1289 3180 1328 σοι
3231 1274 3427 1328 ταῦτα
3482 1274 3550 1328 ἐν

1954 1363 2035 1432 τῷ
2082 1365 2516 1434 ἐκπορεύεσθαί
2557 1367 2597 1397 ¹⁶
2640 1382 2713 1419 σε
2761 1366 2952 1419 ὀπίσω
2998 1364 3118 1418 τῶν
3183 1365 3398 1430 ἐθνῶν,
3447 1367 3546 1418 καὶ

1953 1455 2222 1526 ἐμίαινον
2253 1457 2322 1512 ἐν
2352 1457 2476 1524 τοῖς
2491 1457 2914 1528 ἐνθυμήμασιν
2941 1456 3160 1512 αὐτῶν.
3201 1459 3545 1528 Ἢκολούθη-

1959 1565 2080 1614 σας,
2129 1550 2286 1620 φησὶ,
2321 1551 2434 1612 τοῖς
2482 1549 2592 1603 τῶν
2623 1549 2792 1604 ἐθνῶν
2826 1548 3280 1620 ἐπιτηδεύμασιν,
3329 1549 3366 1604 ἃ
3430 1553 3548 1612 τοῖς

1954 1640 2176 1704 οἰκείοις
2205 1639 2467 1711 χρώμενα
2485 1641 2766 1712 λογισμοῖς
2802 1643 3068 1714 ἐπενόησε
3099 1642 3200 1714 τὴν
3240 1643 3409 1696 ἀσέὸε
3421 1660 3512 1695 ιαν
3531 1659 3545 1674 ·

1955 1733 2017 1785 οὐ
2075 1732 2232 1802 μόνον
2265 1733 2342 1794 δὲ,
2378 1734 2532 1804 φησι,
2575 1734 2684 1788 τῶν
2707 1735 2882 1789 ἄλλων
2925 1733 3094 1790 ἐθνῶν
3134 1736 3399 1807 ἐμιμήσω
3447 1735 3548 1808 τὴν

1895 1811 1935 1866 Β
1964 1823 2242 1888 ἀσέϐειαν,
2269 1823 2408 1877 ἀλλὰ
2432 1825 2546 1878 καίο

2029 1911 2130 1967 λα’.
2177 1913 2282 1968 Ἐν
2309 1913 2385 1981 τῇ
2427 1913 2545 1980 ὀδῷ
2569 1915 2682 1983 τῆς
2711 1914 2983 1986 ἀδελφῆς
3031 1929 3150 1972 σου
3185 1918 3546 1987 ἐπορεύθης,

1957 2005 2054 2058 καὶ
2083 2004 2255 2059 δώσω
2299 2005 2414 2076 ἐγὼ
2463 2005 2533 2061 τὸ
2576 2007 2863 2076 ποτήριον
2917 2007 3110 2077 αὐτῆς
3156 2010 3244 2075 εις
3276 2009 3387 2076 τὰς
3426 2009 3548 2078 χεῖ-

1950 2098 2067 2166 ράς
2109 2113 2246 2154 σου.
2286 2100 2353 2152 ’Δ
2399 2097 2660 2164 πέπονθε,
2703 2099 2889 2171 φησὶν,
2929 2102 2961 2171 ή
2999 2100 3305 2171 Σαμάρεια,
3366 2101 3546 2154 ταῦτα

1958 2189 2054 2242 καὶ
2086 2190 2150 2241 σὺ
2181 2189 2346 2261 πείσῃ
2372 2207 2387 2221 ο
2431 2190 2692 2261 ποτήριον
2749 2190 2859 2262 γὰρ
2885 2191 2986 2262 τὴν
3025 2191 3295 2261 τιμωρίαν
3346 2192 3543 2244 ὲκὰλεο

1961 2295 2088 2343 σεν,
2121 2277 2197 2342 ὡς
2245 2278 2414 2350 κάρον
2463 2279 2558 2333 καὶ
2614 2277 2787 2350 μέθην
2836 2281 2951 2342 τοῖς
2991 2278 3235 2331 πίνουσιν
3279 2277 3544 2350 ἐμποιοῦ-

1960 2386 2078 2424 σαν.

2031 2457 2249 2528 λβ’-λδ⁹.
2277 2457 2425 2512 Τάδε
2439 2457 2600 2526 λέγει
2633 2457 2872 2511 Ἄδων-αἵ
2888 2457 3124 2524 Κύριος,
3159 2457 3228 2512 Τὸ
3251 2447 3573 2524 ποτήριοῖ

1958 2549 2068 2618 τῆς
2099 2548 2370 2618 ἀδελφῆς
2397 2565 2515 2604 σου
2547 2550 2756 2603 πίεσαι
2788 2549 2855 2603 τὸ
2876 2549 3062 2615 βαθὺ,
3088 2550 3185 2602 καὶ
3212 2551 3276 2602 τὸ
3303 2549 3536 2610 πλατὺ.

1958 2641 2058 2694 καὶ
2093 2640 2266 2695 ἔσται
2285 2640 2326 2671 ¹⁷
2356 2644 2445 2705 εις
2468 2638 2696 2709 γέλωτα
2731 2639 2830 2693 καὶ
2861 2641 3005 2705 εἰς¹⁸
3031 2639 3458 2710 μυκτηρισμὸν
3476 2639 3544 2691 τὸ

1969 2728 2317 2792 πλεονάζον.
2360 2731 2470 2785 Τοῦ
2490 2731 2856 2786 συντελέσαι
2869 2730 3067 2801 μέθην
3105 2731 3172 2794 η,
3212 2730 3310 2784 καὶ
3361 2731 3542 2784 ἐκλύ-

1958 2839 2113 2890 σεως
2132 2823 2495 2893 πλησθήσῃ,
2529 2823 2818 2893 ποτήριον
2848 2825 3143 2894 ἁφανείας
3169 2824 3268 2879 καὶ
3304 2825 3350 2856 ⁸⁸
3387 2824 3543 2892 dspua-

1959 2914 2203 2984 νισμοῦ,
2232 2913 2522 2984 ποτήριον
2537 2915 2729 2984 ἀδελφ
2739 2915 2808 2984 ἧς
2821 2931 2938 2970 σου
2977 2916 3328 2986 Σαμαρείας.
3349 2915 3468 2970 Καὶ
3493 2916 3536 2946 ²¹

1960 3005 2070 3075 ruﬁ
2101 3007 2268 3074 αὐτὸ,
2315 3007 2414 3062 καὶ
2437 3009 2867 3078 ὲκστραγγιεῖς,
2903 3008 3001 3062 καὶ
3030 3009 3103 3062 τὰ
3139 3008 3406 3078 ὄστρακα
3435 3010 3539 3062 αὺ-

1963 3098 2068 3152 τοῦ
2103 3098 2511 3167 κατατρὼξεις,
2538 3102 2636 3155 καὶ
2667 3100 2813 3168 τοὺς
2837 3101 3112 3170 μαστούς
3149 3115 3266 3155 σου
3310 3114 3543 3152 κατατι-

1964 3189 2112 3256 λεῖς.
2144 3191 2288 3244 Βαθὺ
2313 3191 2372 3245 τὸ
2401 3194 2658 3263 ποτήριον
2682 3194 2932 3260 ἐκάλεσε,
2968 3193 3055 3247 διὰ
3084 3193 3146 3247 τδ
3175 3192 3408 3263 μέγεθος
3435 3191 3540 3260 τῆς

1969 3281 2295 3350 συμφορᾶς·
2348 3279 2522 3334 πλατὺ
2573 3282 2674 3347 δὲ,
2722 3283 2810 3336 διὰ
2864 3282 2956 3335 τὸν
3005 3280 3114 3336 τῶν
3167 3281 3541 3352 ἐϐδομήκοντα

1967 3369 2104 3424 ὲτῶν
2147 3370 2340 3440 χρόνον
2366 3385 2380 3400 ·
2423 3369 2736 3442 ἀφανισμοῦ
2769 3372 2825 3426 δὲ
2855 3372 3112 3442 ποτήριον
3145 3370 3419 3440 ὠνόμασε,
3456 3367 3541 3421 διὰ

1965 3459 2064 3529 τὴν
2094 3459 2391 3532 γενομένην
2411 3462 2650 3532 ἐρημίαν
2686 3464 2752 3532 τῇ
2795 3461 2947 3514 πόλει
2975 3478 2989 3492 ·
3022 3460 3083 3513 τὸ
3103 3461 3160 3513 δὲ
3212 3480 3229 3511 ι
3259 3462 3539 3528 ὲκστραγ-

1967 3552 2105 3619 γιεῖς
2143 3571 2162 3602 »
2210 3551 2626 3621 προστέθεικεν,
2653 3551 2842 3622 ἐπειδὴ
2878 3551 3200 3606 τελευταίαν
3223 3552 3268 3582 ¹¹
3300 3550 3400 3620 τὴν
3442 3567 3538 3604 πο·

1966 3639 2212 3711 λιορκίαν
2263 3639 2545 3712 ὑπέμεινε,
2586 3641 2680 3694 καὶ
2726 3643 2793 3696 τὰ
2839 3641 3084 3712 δστρακα
3120 3641 3178 3694 δὲ
3213 3639 3386 3711 αὐτὴν
3434 3639 3538 3709 ἔφη

1969 3729 2359 3800 κατατρώξειν,
2376 3731 2464 3784 διὰ
2499 3731 2560 3784 τὸ
2585 3731 2838 3800 ἐσχάτοις
2865 3731 3280 3802 περιπεσεῖσθαι
3309 3733 3534 3795 κακοῖς·

1967 3823 2093 3886 τοὺς
2135 3822 2194 3876 δὲ
2232 3824 2472 3893 μαστοὺς
2507 3823 2834 3888 καταπλεῖν,
2869 3823 2954 3877 διὰ
2984 3823 3081 3895 τὴν
3109 3826 3174 3878 ὲκ
3214 3823 3324 3876 τῶν
3353 3822 3538 3877 κακῶν

1966 3917 2703 3989 γενομένηνμεταμέλειαν.
2769 3918 2988 3972 (Kcin
3038 3919 3137 3982 τὰς
3173 3917 3369 3990 ἑορτάς
3415 3935 3535 3979 σου,

1969 4007 2122 4076 φησι,
2175 4009 2270 4062 καὶ
2322 4009 2682 4080 νουμηνίας⁴⁸
2731 4026 2824 4063 σου
2875 4009 3225 4082 ἀποστρέψω,
3263 4011 3400 4063 διότι
3432 4007 3538 4076 ἐγὼ

1968 4095 2258 4168 λελάληκα,
2298 4097 2447 4166 λέγει
2488 4097 2712 4152 ’Δδωναῒ
2745 4099 2966 4170 Κύριος.
2993 4117 3012 4149 ι
3053 4099 3242 4152 Πᾶσᾶν
3291 4115 3386 4152 σου
3440 4115 3536 4150 πα-

1969 4188 2214 4260 νήγυριν,
2252 4190 2344 4243 καὶ
2396 4191 2578 4243 πᾶσαν
2621 4190 2885 4262 θυμηδίαν
2919 4190 3262 4255 κατασϐέσω,
3293 4191 3388 4244 κα)⁸
3422 4193 3534 4242 sm-

1971 4278 2122 4350 θήσω
2158 4282 2271 4340 τοῖς
2313 4279 2494 4349 λόγοις
2553 4281 2613 4334 τὸ
2657 4281 2840 4346 τέλος·
2867 4281 3074 4354 ἀληθὴς
3122 4282 3231 4352 γάρ
3277 4283 3414 4351 εἰμι,
3446 4281 3534 4334 καὶ

1973 4369 2205 4441 ἀψευδὴς
2233 4371 2528 4440 Δεσπότης.

376 4464 539 4524 Vens.
576 4467 667 4522 '55.
699 4466 981 4537 Propterea
1014 4467 1123 4524 haec
1160 4468 1293 4522 dicit
1326 4469 1533 4522 Adonai
1564 4468 1859 4523 Dominus:

2040 4463 2137 4517 λε’.
2189 4461 2291 4515 Διὰ
2349 4461 2526 4517 τοῦτο
2578 4462 2720 4517 τάδε
2777 4465 2941 4532 λέγει
2986 4462 3227 4518 Ἃδωναῒ
3287 4463 3527 4530 Κύριος,

302 4557 382 4612 Εο
409 4560 546 4629 quod
578 4559 741 4614 oblita
769 4578 822 4615 es
848 4561 946 4614 mei
974 4601 991 4624 ,
1037 4569 1086 4614 et
1123 4561 1392 4630 projecisti
1419 4577 1499 4616 me
1527 4571 1643 4630 post
1675 4577 1864 4630 corpus

303 4662 448 4704 tuum
467 4692 480 4716 ,
509 4660 558 4706 et
587 4661 645 4704 tu
673 4668 796 4716 cape
817 4652 1136 4720 impietatem
1165 4662 1310 4706 tuam
1330 4692 1344 4717 ,
1389 4661 1437 4706 et
1461 4653 1865 4722 fornicationem

303 4752 470 4794 luant.
497 4743 633 4807 Quia
661 4744 834 4797 cultui
861 4757 983 4796 meo
1013 4743 1265 4813 corporis
1295 4743 1603 4812 voluptates
1638 4753 1868 4811 antepo-

301 4834 482 4897 suisti,
523 4836 764 4904 suscipe,
792 4834 992 4904 inquit,
1033 4835 1464 4903 intemperantia:
1495 4835 1738 4904 prmmia.
1764 4833 1868 4888 Per

301 4924 415 4978 hinc
445 4930 628 4976 autem
653 4924 855 4988 innuit,
881 4925 1292 4979 tmnlamcntum
1330 4925 1626 4994 impietatis
1656 4927 1865 4979 scelera

303 5015 476 5068 fuisse
503 5033 516 5067 :
556 5014 915 5070 inservientcs
947 5016 1090 5070 enim
1123 5017 1495 5086 voluptatibus
1515 5018 1566 5070 in
1596 5017 1864 5071 idolorum

302 5104 542 5176 prolapsi
573 5115 702 5159 sunt
731 5107 963 5160 cultum.

1982 4557 2126 4612 ‘Arﬁ'
2147 4549 2235 4610 ὧν
2257 4555 2555 4612 ἐπελάθου
2571 4574 2713 4624 μου,
2741 4558 2838 4611 καὶ
2875 4555 3212 4626 ἀπέρῤιψάς
3232 4573 3310 4626 με
3349 4555 3530 4608 ὀπίσω

1971 4646 2078 4702 τοῦ
2116 4647 2388 4715 σώματός
2415 4647 2459 4678 ³⁵
2496 4661 2635 4711 σου,
2661 4648 2759 4700 καὶ
2783 4647 2865 4700 σὺ
2902 4646 3050 4700 λάϐε
3093 4646 3208 4714 τὴν
3262 4643 3531 4701 ἀσέϐειάν

1971 4755 2110 4802 σου,
2151 4739 2249 4792 καὶ
2297 4737 2412 4805 τὴν
2460 4739 2748 4806 πορνείαν
2793 4753 2932 4792 σου.
2981 4737 3203 4808 Ἐπειδὴ
3242 4736 3528 4809 προετίμη-

1976 4846 2072 4892 σας
2104 4829 2204 4899 τῆς
2236 4828 2376 4898 ἐμῆς
2410 4827 2709 4898 θεραπείας
2750 4829 2850 4892 τὰς
2887 4828 2980 4882 τοῦ
3028 4829 3280 4900 σώματος
3328 4827 3526 4899 ἡδονὰς,

1974 4920 2143 4986 δέξαι,
2193 4921 2348 4988 φησι,
2391 4920 2488 4990 τῆς
2526 4921 2822 4985 ἀκολασίας
2868 4920 2938 4974 τὰ
2981 4921 3261 4992 ἐπίχειρα.
3303 4921 3527 4973 Αίνίττε·

1973 5031 2066 5068 ται
2089 5014 2146 5067 δὲ
2177 5013 2266 5068 διὰ
2291 5013 2516 5081 τούτων,
2547 5015 2622 5080 ὡς
2647 5017 2930 5088 ὑποϐάθρα
2963 5017 3062 5087 τῆς
3091 5017 3402 5085 ἀσεϐείαςή
3435 5031 3528 5065 πα-

1975 5103 2208 5174 ρανομία
2260 5101 2583 5174 γεγένηται·
2619 5109 2740 5170 ταῖς
2785 5106 2895 5178 γὰρ
2939 5109 3156 5178 ἡδοναῖς
3204 5106 3527 5166 δουλεύοντες

1969 5197 2050 5258 εἰς
2076 5196 2175 5267 τήν
2207 5197 2314 5250 τῶν
2346 5196 2578 5252 εἰδώλων
2607 5197 2861 5270 λατρείαν
2889 5198 3334 5271 ὲξεκυλίσθησαν.

1575 5367 1808 5424 VARUS
1837 5370 2242 5431 LECTIONES.

404 5501 447 5584 ξ’
473 5518 589 5582 τιμ..
614 5501 654 5556 Β
679 5501 960 5584 ἀσεϐείας-ξ
1013 5504 1056 5534 ’⁸
1075 5503 1124 5584 ,Β
1145 5503 1524 5584 εκπορνμεῦσαπ
1554 5506 1845 5584 ξυνιέντος.
1872 5510 2004 5584 lect.
2030 5509 2211 5584 Hebr.
2235 5514 2362 5581 quia
2407 5513 2607 5582 polluta
2637 5531 2694 5568 es
2716 5531 2808 5584 per
2830 5515 2971 5568 idola
3005 5529 3220 5581 eorum.
3301 5514 3341 5544 "
3367 5513 3519 5584 Errat.

305 5571 468 5635 Hebr.
507 5571 636 5627 eris.
715 5573 756 5604 ⁸⁸
781 5575 878 5637 εἰς.
926 5573 1045 5628 Des.
1074 5574 1125 5627 in
1158 5575 1213 5628 Β.

310 5714 469 5767 llcbr.
558 5715 776 5786 ⁸³νουμ.
806 5717 843 5770 Β
876 5729 1058 5786 prmm.
1095 5715 1211 5778 τὰς.
1301 5716 1344 5746 ³⁵
1372 5733 1418 5770 τ.

1319 5575 1358 5604 ¹⁹
1381 5592 1436 5654 :c.
1475 5575 1617 5654 συντ,
1648 5578 1884 5654 μεοηΑιι
1911 5597 2060 5654 vc_r_s._
2083 5581 2152 5635 3'2
2204 5575 2605 5654 istztpei'tinent
2626 5575 2776 5654 juxta
2805 5585 2966 5639 LXX.
3045 5584 3092 5616 ²⁰
3124 5575 3159 5637 ἆ

305 5644 443 5726 apud
730 5645 773 5676 ¹¹
806 5647 898 5726 καὶ
929 5675 988 5685 -
1029 5661 1220 5726 κατατ.
1264 5643 1342 5726 lla
1380 5641 1735 5726 fct'etlonipl.
1768 5649 1922 5718 juxta
1970 5650 2135 5706 Hebr.
2213 5657 2255 5684 ²²
2294 5641 2669 5710 Baden-rata.

1454 5717 1592 5786 σώμ.
1613 5717 1780 5773 Hebr.
1802 5729 1923 5790 post
1958 5732 2168 5792 tergum
2205 5731 2380 5778 tuum.

3163 5601 3223 5651 φ.
3265 5584 3374 5636 καί.
3411 5581 3518 5635 Des.

2772 5658 2816 5688 ”
2849 5658 2940 5710 καὶ
2971 5685 3037 5695 -
3063 5655 3297 5726 ἁποστρ.
3326 5652 3440 5708 Dcs.
3473 5652 3518 5705 in
