3840 6202
324 229 456 297 2055
1436 232 1519 295 IN
1549 233 1892 315 EZEQHIE]

2029 237 2189 297 CAP.
2218 237 2422 299 XXIII
2562 296 2565 305 ,
3012 280 3021 285 -
3437 228 3569 292 1046

386 335 496 401 λς’.
527 334 639 390 Kal
669 332 800 391 εἷπε
839 340 1057 407 Κύριος
1098 338 1247 408 πρὸς
1272 337 1371 409 μὲ,
1418 339 1513 393 Υἱὲ
1563 341 1892 411 ἀνθρώπου,

2070 343 2238 401 Vens.
2283 346 2386 409 56,
2437 344 2524 401 57.
2590 345 2653 400 Et
2697 344 2831 397 dixit
2870 342 3130 397 Dominus
3171 339 3243 393 ad
3287 354 3417 394 me:
3463 339 3571 395 Fili

321 425 428 479 si"
456 426 679 495 κρινεῖς
710 427 826 496 τὴν
863 429 1122 484 Ὀολλὰν
1162 429 1261 484 καὶ
1307 431 1421 500 τὴν
1457 432 1751 497 ὀολιϐὰν,
1798 432 1892 487 καί

1999 434 2243 501 hominis,
2268 451 2393 488 num
2406 434 2678 506 judicabis
2701 432 2915 489 Oollam
2936 440 2986 487 et
3009 429 3274 494 Oolibam,
3299 437 3348 483 et
3366 445 3568 483 annun-

320 517 666 591 ἐπαπτελεῒς
705 520 750 553 ³⁷
780 520 989 588 αὑταῖς
1033 521 1141 589 τὰς
1178 522 1431 593 ἀνομίας
1476 521 1722 589 αὐτῶν;
1764 522 1892 577 Ὀτι

1999 526 2156 582 tiabis
2194 526 2270 581 eis
2300 520 2507 583 scelera.
2529 528 2758 582 earum?
2790 525 2933 591 Quia
2961 520 3287 577 adulterium
3323 524 3571 574 commit-

320 607 665 679 ἐμοιχῶντο,
702 610 800 665 καὶ
830 606 973 681 αἷμα
1010 610 1079 667 ἐν
1126 612 1256 679 ταῖς
1278 612 1489 683 χερσὶν
1535 612 1756 677 αὐτῶν,
1793 614 1892 668 καί

1999 619 2172 673 tebant
2197 660 2211 684 ,
2261 627 2310 674 et
2337 618 2555 690 sanguis
2585 602 2639 673 in
2665 616 2918 672 manibus
2951 630 3136 670 eorum
3156 654 3172 682 ,
3201 621 3251 667 et
3279 612 3335 666 in
3367 612 3573 680 cogita-

321 699 388 751 ἐν
430 698 558 766 τοῖς
590 700 1009 773 ἐνθυμήμασιν
1039 703 1237 759 αὐτῶν
1282 702 1628 776 ἐμοιχῶντο,
1678 705 1777 760 καί
1823 706 1892 761 τὰ

1999 709 2225 765 tionibus
2253 711 2364 765 suis
2391 709 2713 764 adulterium
2738 706 3156 770 committebant,
3185 713 3234 759 et
3261 704 3400 774 filios
3422 718 3568 770 suos,

321 787 503 844 τέκνα
529 791 746 858 αὐτῶν,
766 793 807 848 d
839 792 1182 865 ἐγέννησαν
1204 813 1328 866 μοι,
1358 794 1571 866 διῆγον
1601 796 1756 851 αὐτὰ
1780 800 1891 852 αὐ-

1999 820 2124 874 quos
2155 812 2446 875 genuerunt
2487 803 2659 869 mihi,
2693 801 2803 856 illis
2848 798 3200 854 traduxerunt
3240 812 3332 868 per;
3374 796 3568 867 ignem.

321 878 448 944 τοῖς
476 878 575 935 διὰ
602 881 794 951 πυρός
816 883 887 938 ’⁸.
914 883 989 937 Τὸ
1024 886 1078 939 εί
1106 884 1331 955 κρινεῖς
1356 901 1375 951 ;
1423 885 1474 937 0i
1525 886 1676 941 ἀλλοι
1716 887 1890 959 ἑρμη-

323 971 508 1025 νευταὶ
537 972 767 1043 κρίθητι
792 975 1151 1047 ὴρμήνευσαν
1171 994 1184 1009 ο
1210 976 1273 1031 τὸ
1297 976 1451 1049 ἐμὸν,
1484 977 1668 1048 φησὶν,
1691 977 1889 1031 ἀναλα-

324 1059 433 1113 6ὼν
468 1062 780 1131 πρόσωπον,
804 1060 849 1119 ὧ
876 1066 1149 1138 προφῆτα,
1181 1068 1404 1139 ποίησαι
1424 1068 1523 1140 τὴν
1550 1066 1736 1140 κρίσιν
1756 1067 1895 1140 πρὸς

326 1151 423 1222 τὴν
451 1151 765 1224 Σαμάρειαν
800 1159 894 1211 καὶ
922 1157 1022 1229 τὴν
1064 1154 1444 1231 Ἰερουσαλὴμ,
1490 1161 1588 1214 καὶ
1623 1159 1897 1230 eamea»;

326 1245 504 1298 αὐτῶν
541 1249 641 1310 τὰς
681 1250 1045 1320 παρανομίας,
1074 1250 1221 1315 ὅπως
1270 1253 1366 1322 μὲν
1407 1252 1509 1324 ἐμὲ
1552 1253 1900 1325 καταλιμπά-

326 1350 512 1390 νουσαι
561 1340 675 1401 τοῖς
732 1337 973 1403 εἰδώλοις
1014 1339 1340 1411 ἐμίγνυντω
1391 1341 1541 1406 ὅπως
1576 1340 1632 1395 δὲ
1679 1342 1749 1396 τὰ
1803 1343 1895 1396 ὑπ’

328 1426 457 1496 ἐμοῦ
507 1426 691 1493 αὐτοῖς
746 1429 1101 1502 παρεχόμενα
1163 1432 1333 1487 τέκνα
1361 1471 1377 1498 ,
1428 1431 1618 1487 θυσίαν
1668 1432 1897 1499 ἐκείνοις

329 1517 682 1589 προσέφερον,
715 1518 822 1573 τῶν
860 1519 1008 1592 ἐμῶν
1049 1520 1230 1592 νόμων
1269 1522 1757 1593 καταφρονοῦντες,
1801 1522 1899 1578 καὶ

327 1611 393 1664 τὰ
419 1609 676 1665 Σάϐϐατά
704 1629 804 1683 μου
836 1612 1209 1684 βεϐάηλοῦντες.
1247 1613 1420 1668 τοῦτο
1450 1616 1558 1688 γὰρ
1583 1616 1861 1688 ἐπήγαγεν
1879 1632 1895 1649 ·

1995 893 2157 962 lllud,
2194 912 2318 950 num
2334 894 2601 964 iudicabis
2622 897 2648 951 ?
2679 893 2773 947 alii
2796 893 3126 964 interpretes
3154 892 3528 958 exposuerunt
3554 927 3569 952 ,

1989 984 2283 1057 judicator.
2316 986 2463 1053 Mea,
2503 986 2664 1056 871
2691 985 2902 1053 inquit,
2947 990 3199 1052 suscepta
3225 992 3496 1050 persona,
3538 993 3573 1030 υ

1999 1077 2283 1149 propinata,
2316 1076 2688 1147 facjudicium
2713 1076 2779 1131 de
2810 1074 3053 1129 Samaria
3076 1081 3130 1129 et
3156 1070 3569 1140 Hierosolyma,

2001 1182 2303 1238 earumque
2345 1168 2557 1224 scelera
2610 1166 2930 1237 redarguito
2975 1182 2988 1219 :
3040 1161 3319 1233 quomodo
3357 1160 3573 1216 scilicet

2003 1272 2091 1314 me
2134 1259 2326 1314 relicto
2373 1273 2498 1313 cum
2540 1260 2558 1278 '
2610 1258 2776 1312 idolis
2814 1254 3095 1311 commisti
3143 1252 3274 1318 sint,
3320 1250 3572 1318 filiosque

1993 1351 2087 1421 qui
2119 1364 2151 1405 a
2180 1366 2269 1405 me
2308 1351 2418 1405 illis
2445 1350 2897 1407 concedebantur
2920 1390 2939 1414 ,
2983 1349 3039 1401 in
3074 1343 3408 1402 sacriﬁcium
3462 1341 3573 1396 illis

1997 1442 2296 1498 obtulerint
2332 1443 2476 1514 leges
2516 1456 2668 1498 meas
2706 1446 3066 1513 aspernantes
3092 1480 3108 1506 ,
3158 1451 3388 1507 meaque
3433 1433 3571 1488 Sab-

2000 1535 2126 1590 bata
2156 1534 2529 1606 proianantes.
2573 1532 2690 1589 Hoc
2723 1534 2871 1589 enim
2905 1530 3139 1602 subjecit
3167 1550 3180 1585 :

391 1699 494 1773 λη’.
544 1702 698 1771 Ἕως
736 1704 833 1759 καί
882 1704 1071 1761 ταῦτα
1106 1704 1408 1774 ἐποίησάν
1440 1723 1577 1776 μοι,
1626 1707 1892 1777 ἐμίαινον

2066 1710 2238 1768 Vens.
2263 1710 2355 1768 58.
2384 1708 2575 1779 Quoad
2604 1717 2651 1764 et
2685 1708 2785 1763 ista
2817 1707 3051 1777 fecerunt
3074 1703 3207 1758 mihi
3229 1745 3244 1770 ,
3266 1700 3569 1770 polluebant

329 1792 397 1847 τὰ
423 1792 561 1865 ἄγιὰ
576 1812 698 1865 μου
733 1796 805 1850 ἐν
826 1794 903 1866 τῇ
924 1795 1114 1867 ἡμέρᾳ
1135 1797 1359 1866 ἐκείνῃ,
1391 1797 1489 1852 καὶ
1520 1797 1596 1851 τὰ
1624 1795 1899 1852 Σάϐϐατὰ

325 1903 437 1955 μου
502 1886 853 1959 ἑσεόήλουν.
900 1884 1033 1943 Εἶτα
1091 1889 1331 1945 διδάσκει
1372 1889 1474 1961 τῆς
1542 1887 1899 1962 βεϐηλώσεως

328 1979 542 2051 τρόπον.

392 2072 489 2128 λθ’.
519 2071 627 2128 Kal
668 2072 739 2141 ἐν
768 2071 849 2139 τῷ
894 2071 1144 2142 σφάζειν
1192 2073 1415 2143 αὐτοὺς
1464 2073 1540 2129 τὰ
1580 2072 1766 2129 τέκνα
1792 2076 1897 2130 αὑ-

329 2154 437 2219 τῶν
477 2164 603 2232 τοῖς
637 2160 895 2232 εἰδώλοις
955 2164 1173 2233 αὐτῶν,
1219 2164 1319 2220 καὶ
1346 2168 1390 2199 ’³
1441 2153 1897 2236 εἰσπορεύεσθαι

321 2255 543 2325 αὐτοὺς
564 2259 653 2323 είς
684 2257 756 2312 τὰ
787 2256 923 2326 ἅγιά
959 2275 1081 2328 μου
1109 2257 1179 2311 ἐν
1203 2255 1278 2327 τῇ
1317 2256 1505 2328 ἡμέρᾳ
1541 2257 1742 2327 ἐκείνῃ
1768 2256 1895 2311 ἐσε-

320 2348 551 2415 σήζιουν
577 2348 749 2405 αὐτὰ.
781 2348 957 2421 Πολλὴ
994 2349 1109 2422 δὲή
1144 2350 1241 2420 τῆς
1289 2349 1544 2413 ἀσεϐείας
1586 2348 1890 2422 ὑπερϐολή.

319 2437 541 2508 Πρῶτον
573 2439 673 2509 μὲν
698 2437 808 2510 γὰρ
830 2438 1009 2492 αὐτῶν
1037 2440 1099 2493 τὸ
1125 2431 1353 2511 σφάζειν
1386 2442 1513 2504 τοὺς
1541 2440 1739 2503 παῖδας
1768 2440 1895 2509 ὄρος

321 2531 552 2599 ἔσχατος
579 2529 837 2594 ἀσεϐείας
860 2546 873 2559 ·
900 2530 962 2584 τδ
994 2531 1049 2584 δὲ
1076 2532 1300 2595 καὶτοῖς
1325 2530 1541 2602 δαίμοσι
1570 2530 1639 2585 τά
1668 2529 1893 2584 τοιαῦτα

324 2619 649 2692 προσφέρειν
676 2619 904 2689 σφάγια,
953 2621 1113 2675 πάλιν
1154 2621 1403 2684 ἐπίτασις
1451 2620 1545 2674 τοῦ
1582 2619 1758 2675 κακοῦ
1782 2636 1795 2650 ’
1829 2620 1893 2674 τό

325 2709 384 2761 δὲ
408 2709 495 2761 καὶ
518 2710 576 2762 ὲν
604 2708 865 2780 Σαϐϐάτῳ
909 2708 1082 2763 ταῦτα
1107 2709 1336 2781 τολμᾷν,
1371 2713 1427 2763 ὲν
1450 2703 1493 2778 ᾧ
1532 2710 1627 2764 καὶ
1654 2711 1689 2782 ἡ
1721 2711 1890 2778 ἀναγ-

322 2799 451 2855 καία
480 2800 745 2872 ἀπείρητο
770 2802 1023 2873 ἐργασία,
1059 2802 1280 2875 μείζονα
1312 2803 1493 2876 πολλῷ
1525 2803 1764 2857 δείκνυσι
1791 2810 1890 2876 τὴν

318 2893 617 2947 ἀσέσειανο
653 2894 714 2947 τὸ
741 2895 798 2948 δὲ
842 2895 939 2949 καὶ
993 2895 1131 2966 μετά
1177 2894 1275 2968 τὴν
1326 2895 1582 2968 τοιαύτην
1624 2896 1888 2968 ἐργασίαν

315 2987 430 3041 τῶν
479 2988 640 3041 θείων
681 2987 984 3042 ἐπιϐαίνειν
1042 2988 1332 3059 προθύρων
1364 3029 1378 3055 ,
1420 2989 1580 3053 ποίας
1628 2990 1887 3055 ἀσεϐείας

1996 1814 2186 1862 sancta
2235 1820 2350 1858 mea
2383 1801 2467 1857 die
2500 1800 2627 1867 illo,
2666 1809 2715 1855 et
2753 1796 2989 1854 Sabbata
3020 1813 3137 1849 mea
3181 1792 3564 1865 profanabant.

1996 1897 2135 1955 Tum
2166 1897 2330 1954 docet
2355 1893 2759 1968 profanationis
2793 1889 3037 1946 modum.
3094 1899 3105 1905 ’

2066 2068 2238 2127 Vsus.
2266 2068 2356 2126 59.
2393 2066 2462 2123 Et
2491 2081 2611 2120 eum
2633 2065 2944 2136 jugulat-ent
2983 2062 3086 2132 ipsi
3122 2061 3264 2131 ﬁlios
3297 2077 3421 2116 suos
3452 2059 3570 2113 ido-

1997 2161 2066 2219 lis
2095 2162 2230 2227 suis,
2253 2168 2303 2217 et
2330 2174 2447 2215 cum
2475 2157 2872 2230 ingrederentur
2888 2155 2991 2223 ipsi
3017 2154 3073 2207 in
3101 2161 3288 2207 sancta
3317 2169 3435 2206 mea
3485 2151 3570 2204 die

1994 2251 2471 2325 κίων-σιωπῶσαι
2493 2266 2579 2306 ea.
2609 2249 2778 2304 Multa
2802 2254 2985 2303 autem
3018 2243 3319 2315 impietatis
3347 2251 3434 2299 est
3472 2257 3571 2297 ex-

1995 2346 2335 2421 superantia.
2366 2340 2616 2401 Primum
2642 2342 2788 2398 enim
2813 2382 2837 2409 ,
2864 2337 3012 2411 quod
3047 2338 3154 2409 ipsi
3186 2336 3330 2392 ﬁlios
3358 2334 3571 2405 jugula-

1994 2439 2126 2507 rint,
2147 2446 2429 2494 extremus
2455 2442 2539 2491 est
2568 2432 2870 2504 impietatis
2896 2428 3168 2486 terminus
3193 2447 3206 2483 :
3251 2426 3401 2498 quod
3432 2440 3565 2481 vero

1992 2533 2156 2587 etiam
2193 2527 2537 2586 daemonibus
2573 2526 2713 2581 tales
2744 2523 2999 2579 victimas
3026 2520 3351 2585 obtulerint,
3374 2532 3570 2573 rursus

1993 2622 2219 2679 sceleris
2243 2630 2329 2677 est
2363 2618 2744 2690 ampliﬁcatio.
2794 2615 2866 2670 At
2916 2613 3063 2687 quod
3117 2622 3172 2670 et
3219 2612 3275 2666 in
3324 2611 3570 2665 sabbato

1993 2716 2109 2771 haec
2154 2714 2275 2769 ausi
2325 2712 2571 2779 fuerint,
2622 2724 2743 2781 quo
2779 2710 2945 2765 etiam
2993 2720 3138 2777 opus
3186 2702 3567 2760 necessarium

1994 2806 2168 2860 fuerat
2222 2799 2577 2857 interdictum
2608 2839 2625 2867 ,
2679 2797 2856 2853 multo
2906 2794 3177 2865 majorem
3232 2790 3567 2861 impietatem

1990 2896 2356 2952 demonstrat.
2385 2891 2495 2948 Sed
2517 2889 2665 2962 quod
2697 2895 2825 2960 post
2854 2884 3127 2957 ejusmodi
3158 2883 3376 2939 facinus
3403 2882 3567 2937 etiam

1989 2988 2176 3043 divina
2223 2984 2495 3041 vestibula
2542 2978 2992 3042 conscenderint,
3034 2977 3160 3039 hac,
3188 2988 3400 3046 quaeso,
3427 2986 3577 3043 quaa-

317 3078 629 3152 ὗπδρσολὴν
659 3078 976 3132 καταλείπει
1003 3096 1017 3145 ;
1056 3079 1151 3133 Διὸ
1187 3079 1282 3133 καὶ
1306 3080 1613 3135 τελευταῖον
1644 3081 1777 3134 αὐτὸ
1802 3082 1890 3135 τέ-

1999 3094 2119 3136 nam
2161 3078 2336 3147 major
2379 3074 2638 3145 impietas
2685 3087 2809 3128 esse
2856 3068 3077 3141 possit?
3129 3067 3343 3122 Idcirco
3402 3061 3567 3119 etiam

315 3177 521 3259 Betuv,
576 3171 669 3224 καὶ
720 3172 1077 3243 προστέθεικε
1122 3172 1320 3226 πάλιν·
1366 3192 1384 3224 ι
1412 3173 1523 3227 Καὶ
1573 3172 1680 3228 ἰδοὺ
1725 3172 1896 3239 οὕτως

313 3264 540 3317 ἐποίουν
584 3264 643 3317 ὲν
672 3262 824 3334 μέσῳ
855 3260 949 3315 τοῦ
978 3261 1127 3316 οῐκου
1155 3279 1278 3335 μου.
1309 3283 1327 3315 s
1359 3262 1593 3333 Ταύτην,
1615 3264 1770 3336 φησὶ,
1795 3265 1895 3334 τὴν

312 3352 580 3408 ἀσέϐειαν
609 3351 669 3405 ὲν
692 3350 770 3423 τῷ
793 3351 1156 3425 ἀφιερωμένῳ
1177 3353 1220 3387 ³⁸
1274 3352 1673 3426 τετολμήκασιν
1708 3354 1857 3426 οἴκῳ.

387 3531 463 3604 μ’.
479 3533 593 3589 Kal
604 3531 876 3600 ἔπεμπον
889 3528 1013 3596 τοῖς
1025 3528 1279 3601 ἀνδράσι
1294 3529 1416 3595 τοῖς
1429 3529 1771 3601 ἐρχομένοις
1783 3547 1891 3600 μα-

311 3627 533 3695 κρόθεν
552 3642 566 3657 ·
587 3621 678 3692 οἷς
693 3621 992 3695 ἀγγέλους
1002 3623 1459 3689 ἐξαπέστελλον
1481 3625 1630 3693 πρὸς
1650 3623 1892 3690 αὐτοὺς,

312 3721 413 3775 και
452 3719 577 3790 ἅμα
614 3718 697 3786 τῷ
737 3718 1021 3789 ἔρχεσθαι
1043 3718 1263 3786 αὐτοὺς
1298 3719 1480 3786 εὐθὺς
1528 3719 1765 3783 ἐλούου,
1799 3718 1897 3772 καὶ

310 3814 614 3874 ἐστιόίζου
640 3813 784 3881 τοὺς
807 3813 1155 3883 ὀφθαλμούς
1201 3829 1338 3880 σου,
1365 3813 1461 3867 καί
1491 3813 1756 3882 ἐκόσμου
1801 3814 1899 3866 κό-

320 3920 485 3976 σμῳ.
525 3905 637 3962 Kal
656 3904 870 3959 ἐκὰθου
893 3904 988 3958 ἐπὶ
1009 3904 1223 3972 κλίνης
1245 3902 1646 3973 ἐστρωμένης,
1664 3900 1898 3969 καὶτρά-

310 3989 463 4059 nefa
498 3994 919 4066 κεκοσμημένη
939 3994 1499 4067 ἕμπροσθεναὺτῆς.
1520 3993 1705 4048 Πάντα
1720 3995 1785 4046 τὰ
1814 3994 1894 4045 εί-

313 4108 382 4162 pr,
391 4089 533 4157 μένα
549 4088 626 4152 ὡς
642 4089 733 4141 ἐπὶ
745 4090 999 4157 γυναικὸς
1016 4088 1238 4158 ἑταίρας
1258 4085 1537 4159 διέγραψε·
1566 4087 1821 4157 σημαίνει
1837 4085 1894 4139 δὲ

1995 3183 2246 3230 extremo
2277 3171 2398 3226 loco
2429 3173 2532 3224 hoc
2563 3167 2768 3238 posuit,
2802 3180 2866 3221 ac
2896 3166 3098 3220 rursus
3127 3160 3328 3232 adjecit
3377 3179 3391 3215 :
3447 3177 3467 3209 ‹
3504 3156 3568 3211 Et

1994 3279 2123 3321 ecce
2163 3264 2247 3319 sic
2293 3262 2568 3317 faciebant
2616 3260 2670 3314 in
2710 3259 2894 3314 medio
2934 3256 3133 3313 domus
3173 3269 3327 3309 mete.
3374 3272 3393 3305 ι
3433 3250 3565 3313 Hoc,

1997 3355 2211 3425 inquit,
2259 3353 2486 3425 impium
2538 3350 2759 3406 facinus
2806 3349 2863 3404 in
2912 3346 3079 3403 domo
3129 3344 3262 3401 mihi
3314 3344 3565 3399 dedicata

1996 3448 2116 3501 ausi
2154 3452 2306 3501 sunt.
3470 3432 3471 3435 “

2068 3536 2236 3593 Vens.
2272 3535 2365 3601 40,
2399 3535 2488 3590 41.
2515 3533 2582 3589 Et
2606 3530 2882 3587 mittebant
2910 3530 3036 3586 uiris
3064 3529 3383 3585 uenientibus
3416 3527 3566 3598 longe

1995 3630 2248 3685 remotis:
2288 3627 2357 3682 ad
2398 3644 2527 3696 quos
2562 3625 2778 3681 nuntios
2817 3623 3134 3688 mittebant,
3182 3631 3237 3675 et
3292 3619 3452 3676 simul
3505 3634 3566 3671 ac

1995 3724 2262 3778 veniebant
2294 3722 2436 3792 ipsi,
2483 3715 2667 3775 statim
2705 3716 3010 3782 lavabaris,
3060 3724 3112 3769 et
3160 3713 3318 3769 stibio
3363 3712 3564 3766 linebas

1974 3814 2171 3870 oculos
2203 3823 2342 3877 tuos,
2369 3821 2417 3868 et
2453 3811 2732 3866 ornabaris
2760 3818 2973 3865 ornatu.
2999 3807 3069 3862 Et
3093 3805 3309 3862 sedebas
3342 3806 3398 3858 in
3433 3804 3566 3859 lecto

1993 3918 2192 3975 strato,
2223 3917 2272 3962 et
2304 3921 2485 3961 mensa
2513 3912 2707 3961 ornata
2734 3912 2855 3958 ante
2879 3903 3076 3971 ipsum.
3103 3898 3302 3955 Omnia
3330 3913 3452 3968 qua:
3482 3897 3566 3953 di-

1994 4013 2083 4055 cta
2139 4007 2307 4067 sunt,
2342 4006 2606 4068 tanquam
2660 3996 2728 4051 de
2780 3996 3014 4050 muliere
3060 3990 3228 4063 872
3273 3989 3570 4045 meretrice

1993 4091 2306 4162 descripsit,
2333 4089 2718 4162 signiﬁcatque
2749 4087 2941 4142 initam
2977 4085 3046 4141 ab
3078 4084 3217 4155 ipsis
3240 4097 3365 4138 cum
3401 4082 3563 4151 Assy-

309 4181 414 4250 τήν
427 4195 488 4232 τε
512 4178 812 4249 γενομένην
832 4178 966 4247 πρὸς
983 4178 1110 4241 τοὺς
1125 4176 1446 4249 Ἀσσυρίους
1469 4177 1565 4230 καὶ
1591 4175 1892 4238 Χαλδαίους

1999 4182 2090 4238 riis
2123 4188 2177 4236 et
2208 4178 2482 4236 Chaldaeis
2524 4178 2847 4235 societatem
2872 4217 2887 4242 ,
2935 4181 2991 4229 et
3036 4172 3167 4228 inde
3213 4172 3559 4240 desumptann

309 4272 501 4334 αὐτοῖς
548 4270 867 4339 συμμαχίαν
902 4309 918 4334 ,
957 4271 1050 4324 καὶ
1089 4269 1188 4340 τὴν
1229 4269 1437 4323 ἐκεῖθεν
1479 4269 1892 4339 ὲπεισαχϐεἰσαν

1999 4272 2349 4342 impietatem.
2402 4268 2656 4325 Declarat
2707 4270 2939 4337 insuper
2994 4265 3236 4319 lascivos
3291 4271 3560 4323 ornatus.

307 4360 593 4415 ἀσέϐειαν.
609 4362 914 4431 Παραδηλοί
928 4361 983 4414 δὲ
1006 4362 1234 4425 καὶτοὺς
1260 4364 1317 4415 ὲν
1336 4363 1455 4424 ταῖς
1486 4361 1591 4415 τῶν
1624 4361 1892 4431 δαιμόνων

1999 4378 2132 4433 quos
2161 4363 2214 4416 in
2238 4362 2543 4416 daemonum
2576 4359 2987 4414 cclebritatibus
3009 4355 3361 4419 adhibebant,
3388 4363 3562 4409 vestes

310 4452 533 4522 ἑορταῖς
560 4424 997 4522 καλλωπισμοὺς,
1026 4451 1230 4521 χλιδὰς,
1259 4451 1350 4504 καὶ
1396 4450 1625 4522 ἱματίων
1665 4424 1887 4504 ἐναλλα-

1999 4454 2259 4508 dclicatas
2303 4461 2356 4506 et
2405 4452 2637 4506 vestium
2688 4449 3059 4514 mutationes,
3111 4455 3167 4502 et
3192 4446 3298 4499 alia
3332 4444 3514 4498 omnia
3544 4484 3558 4499 .

313 4540 440 4608 τὰς,
473 4540 567 4595 καὶ
592 4542 638 4595 τ’
667 4540 801 4597 ἄλλα
838 4543 1013 4596 πάντα
1041 4544 1140 4595 ὅσα
1172 4544 1229 4596 ὲν
1262 4544 1380 4605 ταῖς
1408 4540 1683 4605 τοιαύταις
1712 4543 1886 4594 ποιεῖν

1999 4558 2327 4616 quaecunque
2357 4542 2411 4596 in
2442 4541 2755 4610 bujusmodi
2796 4539 3030 4610 publicis
3071 4537 3437 4595 conventibus
3476 4535 3559 4590 fa-

311 4630 603 4686 είὼθεισαν
630 4632 993 4704 πανηγύρεσι.
1016 4632 1185 4686 Τοῦτο
1235 4633 1291 4685 δὲ
1355 4632 1610 4702 σημαίνει
1671 4633 1766 4685 καὶ
1818 4632 1886 4686 τὰ

313 4722 719 4795 ἐπιφερόμενα·
771 4725 917 4777 «Καὶ
946 4724 1006 4778 τὸ
1045 4724 1300 4794 θυμίαμά
1326 4741 1450 4796 μου,
1485 4723 1577 4777 καὶ
1611 4724 1672 4778 τδ
1707 4723 1888 4778 ἔλαιόν

316 4833 422 4886 μου
449 4816 632 4886 ἐτίοης
667 4814 977 4888 ἔμπροσθεν
1009 4815 1262 4870 αὐτῶν³¹.
1320 4816 1575 4870 Τουτέστι
1602 4856 1618 4882 ,
1650 4815 1758 4870 τῶν
1809 4817 1888 4870 εἰς

311 4906 520 4962 δὼλων.

388 4997 500 5067 μβ’.
532 4997 705 5051 Kal"
736 4997 1141 5066 ηὐφραίνοντο
1181 4999 1252 5052 ἐν
1293 4998 1513 5066 αὐτοῖς.
1567 4999 1883 5070 [εὐφροσύνη

317 5090 427 5161 γὰρ
457 5089 566 5142 τῶν
604 5090 873 5160 δαιμόνων
901 5091 933 5162 ἡ
964 5089 1074 5145 τῶν
1105 5090 1405 5164 ἀνθρώπων
1436 5092 1698 5147 ἀπώλεια.
1736 5093 1884 5163 Πρὸς

318 5179 373 5232 δὲ
406 5178 616 5243 τούτοις
665 5180 865 5252 φησίνο
928 5199 945 5232 t
979 5182 1089 5235 Καὶ
1110 5182 1155 5213 ³³
1232 5183 1414 5253 φωνὴν
1464 5183 1732 5255 ἁρμονίας
1787 5185 1880 5236 ἀν-

1989 4651 2112 4693 cere
2182 4641 2604 4690 consueverant.
2674 4631 2831 4700 Quod
2912 4648 2976 4687 ea
3042 4646 3265 4702 quoque
3350 4630 3560 4701 signiﬁ-

1989 4738 2119 4784 cant
2168 4740 2290 4796 quae
2330 4732 2653 4795 sequuntur.
2700 4744 2719 4776 ι
2781 4724 2846 4778 Ει
2887 4724 3180 4796 thymiama
3224 4737 3402 4777 meum
3433 4760 3449 4786 ,
3505 4731 3561 4777 et

1989 4818 2167 4873 oleum
2199 4832 2377 4874 meum
2428 4817 2668 4888 ponebas
2715 4824 2842 4872 ante
2876 4832 2992 4873 eos.
3027 4834 3046 4870 ι
3106 4814 3222 4870 Hoc
3277 4822 3394 4885 est,
3432 4821 3562 4870 ante

1993 4908 2159 4965 idola.

2065 4997 2229 5055 Vens.
2262 5000 2351 5055 42.
2409 5000 2478 5054 Et
2535 4999 2850 5056 (relabantur
2889 4998 2952 5055 in
2976 5000 3073 5055 eis.
3124 4998 3406 5071 Siquidem
3444 5000 3556 5055 dae-

1990 5106 2212 5145 monum
2272 5093 2457 5146 laetitia
2502 5099 2585 5147 est
2630 5092 2912 5146 hominum
2960 5093 3239 5148 interitus.
3288 5091 3554 5146 Praeterea

1987 5183 2063 5238 ait
2097 5203 2109 5237 :
2153 5201 2171 5234 ι
2204 5183 2268 5236 Et
2300 5199 2485 5239 vocem
2519 5183 2816 5239 harmonia:
2844 5186 3172 5241 resonabant
3209 5185 3279 5239 ad
3305 5185 3452 5238 viros
3490 5199 3555 5239 ex

1586 5337 1815 5392 VARUE
1848 5337 2265 5393 LECTIONES._

389 5430 437 5501 ’ξ
460 5431 532 5485 εί.
563 5430 696 5487 Rec.
734 5433 858 5485 lccl.
883 5449 964 5485 ου.
1042 5434 1085 5464 ’⁷
1114 5431 1152 5485 Β
1184 5433 1529 5501 ἀπαγγελεῖς.

1606 5436 1650 5467 ³⁸
1672 5436 1720 5490 δ.
1746 5453 1882 5505 ίπυρ.
1914 5436 2072 5492 Hebr.
2111 5453 2205 5505 pro
2232 5436 2375 5490 cibo.

322 5499 466 5574 addit
490 5517 604 5571 μοι.
680 5501 721 5574 '_‘
748 5502 824 5574 ἔτ..
851 5503 1030 5574 εμπρι
1049 5503 1171 5574 αὐτ.
1205 5500 1278 5557 Ita
1313 5499 1523 5573 Compl.
1557 5504 1709 5570 juxta
1741 5499 1905 5560 Hebr.

2451 5440 2494 5470 "
2529 5439 2620 5489 καὶ
2645 5464 2714 5475 -
2741 5437 2897 5491 αὐτά.
2932 5435 3004 5489 Ita
3036 5434 3248 5502 Compl.
3326 5432 3492 5502 “tit?-
3517 5431 3555 5485 Β

2000 5506 2049 5536 ³⁸
2075 5501 2169 5558 καὶ
2198 5536 2267 5547 —-
2304 5505 2423 5560 αὐτ.
2485 5506 2561 5559 Ad
2608 5505 2765 5560 finem
2833 5522 2974 5559 vers.
3011 5507 3070 5558 41
3122 5501 3224 5557 ista
3260 5501 3553 5569 pertinent.

321 5569 447 5647 dcs.‘
471 5569 653 5627 autem
688 5570 745 5626 in
776 5569 940 5627 "Cb—l3
971 5569 981 5574 ⁷
1017 5573 1061 5604 ³³
1092 5574 1185 5626 καὶ
1212 5605 1275 5615 »-
1308 5569 1494 5646 ἀνεκρ.
1537 5569 1694 5629 Hebr.
1740 5576 1849 5629 Vox
1898 5574 2263 5630 multitudinis
2315 5578 2622 5647 tranquillae
2655 5575 3019 5645 (audiebatur)
3050 5572 3186 5643 apud
3225 5586 3342 5626 cum
3381 5571 3549 5641 (men.

322 5642 479 5710 sam).
