3840 6202
175 348 280 413 1⁵349
1261 344 1344 405 ΙΝ
1390 344 1710 404 EZECHIE

1830 355 1836 398 ὸ
1868 343 2024 404 CAP.
2059 344 2264 406 XXIV.
3243 333 3376 405 1050

195 463 397 529 ξίφεσιν·
450 451 687 510 αὐτῶν·
736 451 903 520 υἱοὺς
958 453 1157 509 αὐτῶν
1198 455 1299 509 καὶ
1377 455 1704 525 θυγατέρας

1830 455 1952 508 ilias
2001 456 2349 524 interﬁcieut,
2389 463 2438 508 et
2487 456 2670 507 domos
2705 467 2887 506 earum
2929 450 3208 505 incendent
3236 452 3375 521 igne.

186 545 575 608 ἀποκτενοῦσι,
610 545 709 598 καί
732 544 870 612 τοὺς
896 545 1100 612 οἴκους
1133 545 1331 600 αὐτῶν
1373 545 1710 614 ἐμπρήσου-

1830 547 2023 602 Deinde
2057 547 2298 602 ostendit
2323 546 2608 600 utilitatem
2637 545 2764 599 inde
2804 543 3062 598 futuram.

186 659 270 697 σιν
297 641 359 694 ἐν
383 637 537 706 πυρί.
561 632 692 691 Εἶτα
716 638 815 708 τὴν
840 636 1086 690 ἐντεῦθεν
1117 637 1385 707 ἐσομένην
1413 636 1717 688 ἐπιδείκνυ-

184 751 252 788 σιν
279 730 546 798 ὠφέλειαν.

243 831 338 894 μη’.
372 821 478 875 Καὶ
516 821 876 890 ἀποστρέψαι
902 821 1184 876 ἀσέϐειαν
1215 821 1281 875 ὲκ
1314 819 1422 889 τῆς
1451 818 1586 890 γῆς,
1615 820 1715 876 καὶ

186 910 643 979 πιιιὸευθήσονται
683 910 872 965 πᾶσαι
913 913 972 964 αἱ
1003 911 1301 980 γυναῖκες,
1358 910 1458 964 καί
1517 913 1588 964 οὐ
1628 909 1714 980 μὴ

183 1002 472 1070 ποιήσουσι
499 1001 648 1056 κατὰ
676 1001 783 1068 τὰς
810 1002 1079 1068 ἀσεϐείας
1097 1001 1314 1058 αὐτῶν.
1333 1002 1550 1056 Τούτων
1584 1001 1714 1074 γὰρ,

181 1094 310 1167 φησὶ,
357 1093 523 1146 ταῦτα
553 1093 956 1164 ὑπομενουσῶν,
999 1095 1092 1157 καὶ
1139 1093 1328 1159 λίθοις,
1368 1092 1462 1146 καὶ
1511 1092 1712 1162 ξίφεσι,

179 1186 256 1240 καὶ
279 1183 400 1254 πυρὶ
425 1183 887 1256 παραδιδομένων,
924 1185 1072 1238 πᾶσα
1102 1185 1256 1248 πόλις
1287 1184 1556 1253 ὠφέλειαν
1582 1199 1717 1253 καρ-

178 1275 406 1342 πώσεται,
426 1272 792 1344 μανθάνουσα,
811 1269 899 1328 οἷα
925 1275 1022 1346 τῆς
1047 1274 1299 1338 ἀσεϐείας
1342 1274 1411 1328 τὰ
1437 1274 1713 1346 ἐπίχειρα.

177 1367 412 1424 Γυναῖκας
442 1362 499 1416 δὲ
536 1363 698 1417 πάλιν
728 1363 962 1416 ἐνταῦθα
999 1365 1099 1428 τὰς
1139 1363 1322 1427 πόλεις
1355 1364 1631 1434 ὠνόμασε.

233 1455 328 1526 μθ’.
362 1453 468 1509 Καὶ
486 1452 807 1521 δοθήσεται
835 1455 872 1523 ἠ
910 1455 1152 1510 ἀσέϐεια
1193 1455 1359 1527 ὑμῶν
1396 1456 1491 1527 ἐφ’
1526 1455 1702 1527 ὑμᾶς.

1886 807 2049 862 Vsus.
2083 805 2172 859 48.
2209 804 2273 858 Ει
2307 813 2538 858 avertam
2567 803 2884 871 impietatem
2914 801 2978 856 de
3007 812 3170 864 terra,
3196 809 3244 855 et
3271 817 3386 855 eru-

1817 900 2025 954 dientur
2054 914 2232 953 omnes
2259 896 2526 962 mulieres,
2555 904 2605 951 et
2632 912 2734 949 non
2754 895 2950 964 facient
2974 893 3260 948 secundum
3286 894 3386 947 im-

1815 991 2034 1060 pietates
2067 1004 2272 1042 earum.
2306 986 2404 1043 llis
2430 988 2577 1042 enim
2613 987 2749 1053 haec,
2781 987 2797 1008 ‘
2831 986 3029 1056 inquit,
3063 984 3386 1040 sustinenti-

1816 1083 1941 1146 bus,
1984 1081 2373 1151 lapidibusque
2421 1087 2475 1135 et
2503 1079 2702 1150 gladiis
2753 1086 2807 1134 et
2852 1079 2976 1148 igne
3018 1078 3385 1148 consumptis,

1816 1173 1999 1230 omnis
2027 1173 2224 1228 civitas
2279 1171 2549 1242 percipiet
2583 1171 2898 1236 utilitatem,
2947 1170 3169 1225 discens
3204 1169 3386 1238 qualia

1817 1266 1928 1322 sint
1959 1265 2261 1334 impietatis
2297 1263 2544 1333 praemia.
2578 1264 2755 1334 Atque
2794 1263 2884 1319 hic
2909 1278 3102 1318 rursus
3133 1262 3388 1317 mulieres

1816 1356 2157 1426 nuncupavit
2186 1356 2459 1411 civitates.

1891 1448 2055 1503 Vsus.
2078 1446 2169 1502 49.
2203 1446 2271 1500 Et
2301 1445 2517 1501 dabitur
2547 1445 2790 1514 impietas
2817 1454 2988 1500 vestra
3020 1459 3172 1512 super
3204 1461 3313 1506 vos,
3339 1452 3388 1496 et

178 1546 259 1599 καί
301 1543 499 1610 πάσας
550 1545 659 1611 τὰς
701 1544 990 1614 ἁμαρτίας
1035 1544 1153 1600 τῶν
1188 1547 1648 1618 ἑπιθυμημάτων
1670 1547 1710 1581 ⁴¹

1830 1541 1996 1596 muria
2054 1548 2270 1608 peccata
2321 1539 2702 1609 cogitationum
2749 1536 3038 1605 accipietis,
3098 1543 3147 1588 et
3196 1550 3390 1602 cogno-

176 1637 431 1706 λήψεσθε,
485 1636 587 1690 καί
616 1636 920 1706 γνώσεσθε
963 1637 1051 1692 ὅτι
1074 1638 1120 1670 ⁸³
1163 1637 1278 1710 ἐγὼ
1309 1641 1548 1711 Κύριος.
1577 1641 1710 1706 Τοὺς

1830 1632 1973 1686 scetis
2037 1647 2118 1684 me
2208 1645 2320 1683 esse
2408 1627 2716 1682 Dominum.
2805 1625 3112 1696 lmpietatis
3195 1632 3391 1690 vestrae

175 1729 253 1799 τῆς
279 1727 520 1790 ἀσεϐείας
558 1727 730 1798 ὑμῶν,
776 1728 931 1800 φησὶ,
975 1731 1253 1800 κομιεῖσθε
1296 1733 1576 1804 καρπούς·
1637 1733 1700 1787 οὐ

1830 1723 2080 1788 fructus,
2176 1720 2408 1792 inquit,
2485 1720 2701 1776 teretis.
2779 1716 2898 1773 Non
2983 1719 3130 1774 enim
3217 1716 3390 1772 coacti

176 1821 263 1889 γὰρ
284 1817 485 1892 ἀνάγκῃ
509 1819 722 1890 ταύτην
744 1799 1016 1887 ἐδέξασθε,
1038 1799 1176 1876 ἀλλὰ
1197 1799 1393 1897 γνώμη
1414 1824 1507 1880 καὶ
1525 1824 1674 1897 πόθῳ
1692 1838 1708 1857 ⁸

1830 1817 1992 1886 ipsam
2082 1811 2593 1883 suscepistis,,sed
2657 1810 2941 1866 voluntate
3018 1818 3181 1879 atque
3238 1810 3392 1878 cupi-

175 1909 295 1963 ἐκδὲ
335 1911 428 1981 τῆς
480 1911 759 1982 τιμωρίας
801 1911 1066 1983 ὠφέλειαν
1103 1916 1374 1987 μεγίστην
1408 1920 1710 1989 τρυγήσετε

1830 1909 2010 1964 :litate.
2028 1905 2226 1962 Verum
2261 1920 2326 1960 ex
2357 1906 2476 1974 ipso
2503 1903 2774 1974 supplicio
2800 1901 3094 1957 maximam
3123 1901 3392 1971 colligetis

175 2001 253 2066 τὴν
285 1997 373 2068 τῆς
401 2000 542 2070 ἐμῆς
577 2001 894 2068 δεσποτείας
935 2005 1247 2076 ἐπίγνωσιν.
1282 2003 1393 2071 Ἦς
1415 2008 1708 2063 ἀπολαύειν

1830 2001 2138 2063 utilitatem,
2186 2013 2292 2068 qua
2344 2012 2431 2052 me
2486 1997 2774 2050 Dominum
2825 1994 3158 2064 agnoscetis.
3216 1992 3391 2060 Quam

173 2090 293 2158 ἡμᾶς
314 2089 543 2156 γένοιτο,
572 2091 646 2162 μὴ
664 2095 728 2164 τῇ
752 2093 914 2166 πείρᾳ
934 2095 1042 2149 τῶν
1059 2096 1246 2151 κακῶν
1258 2097 1702 2169 διδασκομένους,

172 2179 283 2232 ἀλλὰ
300 2179 399 2233 τῶν
436 2181 605 2234 θείων
625 2183 950 2254 εὐεργεσιῶν
990 2187 1428 2258 αἰσθανομένους,
1478 2189 1573 2243 καὶ
1618 2188 1718 2260 τὴν

173 2269 425 2341 ἀγνώμονα
442 2271 678 2343 γνώμην
706 2276 1163 2346 μυσαττομένους,
1178 2277 1272 2331 καὶ
1297 2281 1362 2350 τῇ
1387 2277 1506 2350 θείᾳ
1529 2280 1718 2354 μνήμῃ

171 2360 272 2412 καθ’
315 2361 549 2432 ἑκάστην
601 2363 1032 2436 ἁνανεουμένους
1070 2367 1282 2438 ἡμέραν
1307 2407 1324 2432 ,
1369 2369 1463 2423 καὶ
1512 2372 1578 2440 τῇ
1623 2370 1716 2424 τοῦ

171 2453 399 2521 πιναγίου
417 2453 572 2508 Πνεῦ
579 2473 748 2527 ματος
768 2459 1016 2530 ἐνεργείᾳ
1033 2464 1112 2524 εἰς
1128 2461 1226 2530 τὴν
1239 2459 1333 2515 τοῦ
1348 2460 1481 2514 Θεοῦ
1500 2462 1718 2533 ἀγάπην

175 2545 656 2616 πνρπολουμένους,
687 2548 784 2601 καὶ
817 2549 910 2602 τοῦ
946 2549 1150 2620 Κυρίου
1183 2550 1339 2622 ἡμῶν
1386 2552 1557 2622 Ἰησοῦ
1587 2555 1722 2626 Χρι-

177 2632 281 2685 στοῦ
310 2636 400 2704 τὴν
432 2637 760 2706 ἐπιφάνειαν
804 2639 1193 2710 ἀναμένοντας,
1226 2642 1348 2712 μεθ’
1382 2640 1441 2696 οὗ
1489 2643 1567 2714 τῷ
1610 2645 1722 2697 Πα-

174 2724 458 2794 τρὶὴδόξα,
501 2728 604 2781 σὺν
651 2728 728 2799 τῷ
759 2729 898 2800 ἁγίῳ
954 2731 1255 2803 Πνεῦματι,
1325 2732 1421 2787 νῦν
1469 2734 1563 2788 καὶ
1611 2734 1720 2799 ἀεὶ,

179 2812 262 2863 καὶ
284 2815 353 2877 εἰς
371 2817 483 2881 τοὺς
519 2817 732 2881 αἰῶνας
759 2817 867 2872 τῶν
893 2819 1124 2875 αἰώνων.
1167 2822 1358 2892 Ἀμήν.

1823 2093 2033 2148 utinam
2071 2088 2404 2160 agnitionem
2450 2102 2554 2142 nos
2595 2099 3023 2154 consequamur,
3078 2099 3187 2138 non
3221 2085 3393 2138 malo-

1824 2197 1948 2238 rum
1977 2161 2316 2250 experientia
2359 2176 2530 2242 docti,
2583 2175 2679 2232 sed
2723 2175 2913 2240 divina
2946 2172 3215 2228 beneﬁcia
3261 2163 3388 2226 sen-

1823 2276 2047 2338 tientes,
2076 2280 2130 2328 et
2157 2271 2430 2341 ingratum
2460 2269 2704 2323 animum
2753 2266 3158 2330 abominantes,
3197 2272 3250 2320 et
3296 2263 3391 2320 Dei

1824 2381 2099 2423 memores
2137 2365 2191 2419 in
2227 2363 2476 2435 singulos
2506 2362 2626 2417 dies
2660 2361 2930 2428 renovati,
2961 2368 3018 2416 et
3053 2356 3392 2415 sanctissimi

1824 2459 2065 2533 Spiritus
2091 2462 2296 2517 virtute
2359 2461 2414 2516 in
2448 2460 2541 2516 Dei
2576 2459 2900 2514 cbaritatem
2952 2455 3294 2520 inﬂammati,
3338 2461 3393 2508 et

1827 2553 2044 2608 Domini
2078 2554 2254 2609 nostri
2276 2551 2304 2607 J
2312 2569 2409 2609 esu
2434 2551 2641 2608 Christi
2669 2551 2964 2605 adventum
2990 2554 3388 2618 exspectantes,

1823 2661 1948 2701 cum
1974 2660 2084 2716 quo
2114 2643 2264 2698 Patri
2299 2644 2370 2700 sit
2395 2645 2590 2715 gloria,
2622 2658 2744 2697 cum
2773 2649 2962 2697 sancto
2990 2639 3223 2708 Spiritu,
3247 2651 3393 2692 nunc

1825 2751 1878 2798 ct
1907 2756 2145 2812 semper,
2179 2748 2234 2796 et
2265 2740 2319 2794 in
2348 2739 2546 2794 saacula
2573 2737 2921 2792 saeculorum.
2953 2734 3145 2786 Amen.

1422 3002 1511 3058 VA
1521 3002 1657 3058 “le
1697 2997 2100 3058 LECTIONES.

226 3117 414 3172 "1.1.0.
439 3118 567 3174 Rec.
601 3119 731 3176 lect.
766 3120 1166 3191 ἐνθυμημάτων
1188 3119 1360 3191 ὑμῶν.
1401 3118 1560 3173 Hebr.
1597 3118 1864 3173 idolorum
1906 3124 2234 3172 vestrorum.
2311 3113 2356 3144 “
2379 3111 2419 3164 Β
2446 3109 2775 3180 διότιηὶυιια
2807 3121 2920 3161 rec.
2956 3102 3079 3156 le“-

193 3312 562 3331 ~—

995 3316 1446 3328 *⁸.*-

566 3318 990 3330 —————-———-

1507 3467 1888 3556 ΤΟΜΟΣ
1959 3468 2000 3550 Ι
2019 3469 2064 3546 ’.

1269 3821 1616 3910 LlBEB
1715 3811 2280 3909 DECIMUS.

1724 4036 1794 4050 —

657 4160 1050 4214 ΚΕΦΑΛΑΙΟΝ
1083 4162 1218 4214 ΚΔ’.
1748 4174 1790 4230 ο
2383 4146 2613 4206 CAPUT
2646 4143 2838 4202 XXIV.

222 4247 283 4312 α’,
308 4250 370 4320 β’.
393 4249 504 4304 Καὶ
535 4249 783 4319 ἐγένετο
815 4253 994 4322 λόγος
1015 4252 1236 4320 Κυρίου
1262 4251 1403 4322 πρὸς
1430 4253 1506 4323 μὲ
1542 4253 1610 4306 ἐν
1644 4251 1723 4318 τῷ

165 4337 265 4394 ἔτει
291 4342 368 4408 τῷ
398 4342 662 4408 ἐννάτῳ,
699 4342 769 4394 ἐν
804 4341 884 4406 τῷ
924 4343 1068 4411 μηνί
1105 4340 1185 4407 τῷ
1229 4341 1472 4410 δεκάτῳ,
1505 4343 1722 4413 δεκάτῃ

161 4431 252 4484 τοῦ
269 4434 480 4500 μηνὸς,
517 4433 743 4502 λέγων·
780 4434 875 4486 Υίὲ
921 4432 1252 4503 ἀνθρώπου,
1279 4435 1516 4504 γράψον·
1545 4451 1725 4488 σεαυ-

163 4519 232 4584 τῷ
263 4523 325 4576 τὸ
380 4523 576 4594 ὄνομα
612 4524 662 4556 ’⁵⁸
700 4522 810 4591 τῆς
852 4525 1078 4593 ἡμέρας
1100 4528 1340 4595 ταύτης,
1376 4526 1472 4595 ἀφ’
1497 4523 1572 4596 ἧς
1613 4527 1724 4580 ἀπ·

159 4614 422 4678 ηρείσατο
474 4619 508 4669 ό
537 4613 846 4681 ,βασιλεὺς
895 4615 1256 4682 Βαϐυλῶνος
1306 4616 1404 4669 ἐπὶ
1443 4617 1726 4684 Ἰερουσα-

159 4701 270 4771 Αὲιμ
314 4705 433 4758 ἀπὸ
487 4705 607 4772 τῆς
659 4704 883 4774 ἡμέρας
935 4704 1049 4774 τῆς
1105 4705 1391 4775 σήμερον.
1457 4705 1724 4771 Ἐδίδαξεν

159 4797 289 4863 ἡμᾶς
331 4801 424 4852 τὸν
464 4800 688 4870 χρόνον,
734 4798 858 4853 καθ’
883 4797 942 4851 ὃν
988 4800 1054 4869 τῇ
1085 4799 1130 4831 ⁵⁸
1169 4798 1522 4870 Ἰερουσαλὴμ
1554 4799 1582 4851 ὁ
1619 4798 1726 4850 Βα-

158 4888 400 4954 ϐυλώνιος
435 4890 903 4961 ἐπεστράτευσεν.
949 4889 1188 4944 Ἐκείνου
1214 4889 1269 4942 δὲ
1319 4889 1418 4958 τὴν
1450 4889 1602 4941 πόλιν
1629 4905 1726 4942 που

156 4980 514 5052 λιορκοῦντος,
565 4985 597 5036 ὁ
634 4985 917 5054 προφήτης
945 4985 1056 5045 τοῖς
1096 4983 1194 5053 ἤδη
1247 4980 1603 5050 δορυαλώτοις
1636 4996 1724 5048 γε-

156 5075 468 5145 γενημένοις
523 5075 900 5146 προσημαίνει
959 5075 1028 5128 τὰ
1077 5073 1498 5143 καταληψόμενοι
1555 5072 1723 5126 κακά.

157 5162 237 5214 Διὸ
286 5166 378 5217 καὶ
424 5164 490 5218 τὸ
537 5163 774 5233 ἀψευδὲς
806 5165 906 5234 τῆς
942 5163 1649 5234 προφητείαςὺποδεικνὺς
1700 5163 1729 5215 ὁ

154 5252 442 5323 Δισπότης,
477 5254 929 5324 ἐπισημήνασθαι
969 5254 1178 5307 κελεύει
1205 5254 1301 5321 τὴν
1339 5254 1570 5324 ἡμέραν,
1602 5253 1725 5305 καθ’

156 5343 213 5410 ἢν
259 5345 287 5396 ὁ
337 5345 612 5416 πολέμιος
664 5348 729 5416 τῇ
781 5345 931 5396 πόλει
977 5343 1338 5413 προσϐάλλειν
1376 5344 1597 5413 ῆρξατο,
1641 5343 1726 5395 ἵνα

156 5433 237 5483 καὶ
269 5434 332 5487 ὲκ
360 5433 456 5487 τοῦ
492 5432 692 5503 χρόνου
723 5432 767 5466 ⁵⁸
799 5435 892 5488 καὶ
941 5435 1003 5485 ὲκ
1055 5431 1146 5484 τοῦ
1179 5430 1365 5492 τέλους
1396 5431 1504 5483 τῶν
1550 5448 1726 5500 πραγ-

1893 4246 2056 4320 875
2081 4243 2242 4301 VEns.
2263 4241 2463 4309 1,2.Et
2481 4241 2678 4311 factum
2695 4235 2994 4292 estverbum
3010 4232 3294 4288 Dominiad
3318 4248 3396 4285 me

1827 4358 1964 4396 anno
1993 4356 2150 4401 nono,
2168 4352 2341 4390 mense
2355 4333 2577 4396 decimo,
2593 4331 2792 4384 decimo
2809 4327 2934 4397 (die)
2957 4327 3166 4388 mensis,
3186 4324 3360 4378 dicens
3376 4338 3394 4375 :

1825 4431 1936 4486 Fili
1961 4429 2206 4493 hominis,
2245 4424 2411 4479 scribe
2439 4423 2533 4476 tibi
2570 4422 2672 4490 ipsi
2691 4435 2876 4474 nomen
2893 4417 2996 4470 diei
3024 4415 3203 4484 hujus,
3221 4428 3394 4482 exque

1825 4524 2168 4592 conﬁrmatus
2214 4526 2289 4570 est
2341 4529 2430 4569 rex
2485 4512 2769 4582 Babylonis
2809 4524 2962 4577 super
3000 4506 3392 4573 Hierosolyma,

1824 4614 1946 4669 inde
1968 4631 2000 4667 a
2025 4613 2109 4666 die
2131 4609 2399 4663 hodierno.
2425 4606 2618 4660 Docuit
2640 4618 2760 4665 nos,
2804 4615 2913 4671 quo
2937 4608 3176 4668 tempore
3204 4603 3394 4649 contra

1826 4703 2258 4771 Hierosolymam
2294 4695 2626 4765 Babylonius
2658 4705 2781 4746 cum
2814 4687 3057 4743 exercitu
3087 4686 3156 4740 sit
3208 4681 3394 4754 profe-

1827 4804 1973 4851 ctus.
2004 4793 2102 4848 Illo
2130 4796 2311 4844 autem
2345 4787 2535 4840 urbem
2565 4783 2877 4844 obsidente,
2903 4778 3166 4849 propheta
3202 4775 3269 4830 iis
3299 4773 3394 4844 qui

1822 4881 1936 4952 jam
1970 4879 2116 4935 bello
2155 4877 2296 4945 capli
2330 4875 2548 4928 fuerant
2590 4868 2961 4940 impendentia
3011 4867 3156 4921 mala
3202 4866 3392 4936 praesi-

1828 4972 2071 5044 gnilicat.
2097 4968 2308 5023 Idcirco
2343 4961 2640 5034 prophetia:
2664 4974 2883 5029 quoque
2912 4958 3192 5012 veritatem
3212 4962 3395 5010 osten-

1827 5065 1964 5119 dens
2017 5060 2307 5123 Dominus,
2359 5053 2613 5110 annotari
2651 5051 2807 5121 jubet
2844 5050 3010 5112 diem,
3062 5062 3171 5117 quo
3219 5046 3393 5101 hostis

1828 5153 2048 5226 aggredi
2071 5150 2236 5220 coepit
2262 5149 2473 5212 urbem,
2508 5153 2564 5198 ut
2598 5155 2711 5198 tum
2753 5158 2818 5197 ex
2855 5150 3129 5210 tempore,
3162 5147 3278 5192 tum
3325 5153 3393 5192 ex

1826 5255 2025 5302 eventu
2061 5259 2272 5304 rerum,
2302 5240 2516 5292 discant
2549 5245 2601 5290 ct
2632 5236 2666 5289 ii
2696 5235 2786 5303 qui
2821 5234 2933 5302 jam
2984 5232 3039 5285 in
3072 5229 3392 5286 servitutem

1828 5337 2034 5393 redacti
2060 5341 2210 5400 sunt,
2251 5341 2306 5387 et
2346 5333 2380 5385 ii
2417 5329 2512 5401 qui
2547 5326 2964 5390 obsidebantur,
2996 5324 3066 5378 ab
3093 5321 3250 5376 initio
3279 5319 3392 5372 haec

1829 5427 1895 5482 de
1928 5427 2064 5498 ipsis
2092 5424 2261 5481 Deum
2286 5423 2604 5492 pz-a'dixissc
2632 5438 2645 5475 :
2679 5428 2860 5473 etnon
2898 5423 3118 5485 propter
3148 5409 3386 5464 hostium

1457 5611 2120 5669 VABIA‘L’LECTIONES.

226 5731 267 5768 λδ
297 5733 352 5786 τὸ
381 5735 458 5786 ὅν.
486 5732 622 5788 Rec.
657 5731 783 5790 lect.
806 5735 883 5798 εἰς
912 5734 1144 5807 ἡμέραν,
1179 5737 1298 5789 ἀπό.

1403 5737 1442 5768 ³³
1475 5739 1554 5804 τῇ.
1591 5734 1685 5788 E-l.
1717 5735 1865 5805 prior
1909 5735 2026 5788 Imb.
2095 5733 2211 5802 τῆς.

2310 5730 2351 5767 ⁸⁵
2375 5731 2467 5782 καὶ
2492 5730 2554 5779 ἐκ
2582 5744 2630 5781 τ.
2662 5742 2714 5794 χ.
2752 5723 2822 5778 Ex
2861 5722 2896 5773 ll
2922 5717 3101 5786 suppl.
