3840 6202
160 303 276 368 1θ53

1256 301 1342 362 ΙΝ
1365 303 1808 362 EZECHIELIS
1837 305 1996 366 CAP.
2029 305 2208 365 XXIV

3237 291 3368 358 10.55

152 420 232 489 (η’)
274 411 378 468 Τοῦ
418 409 714 478 ἀναϐῆναι
742 410 933 480 θυμὸν
959 397 1048 479 sic
1085 412 1420 482 ἐκδίκησιν,
1460 415 1689 483 ἐκδικη-

1798 415 2093 470 ascenderet
2135 416 2285 484 furor
2317 417 2369 469 in
2420 414 2697 476 ultionem,
2731 410 2926 464 ultioni
2965 407 3122 462 ἄραξ’
3165 409 3371 476 sangui-

152 509 309 578 θῆναι
363 502 588 557 δέδωκα
642 502 710 557 τὸ
757 498 901 572 αἷμα
930 504 1142 572 αὐτῆς,
1193 506 1293 560 ἐπὶ
1324 507 1696 575 λεωπετρίαν

150 603 346 666 τέταχα
375 595 519 651 αὐτὸ
547 597 592 629 ⁵⁸
622 595 731 650 τοῦ
756 595 842 666 μὴ
890 598 1156 667 καλύψαι
1188 600 1355 656 αὐτό.
1415 601 1488 653 Οὐ
1524 617 1694 654 κατα-

151 686 370 755 καλύψω,
405 683 559 755 φησι,
591 683 692 744 τὰς
722 686 812 738 ὑπ’
841 685 1021 740 αὐτῶν
1047 687 1407 759 τολμηθείσας
1455 706 1694 760 παρανο-

153 782 285 852 μίας,
330 776 463 832 ἀλλὰ
505 777 719 848 γυμνὰς
771 777 942 841 αὐτὰς
973 781 1322 850 καταστήσω,
1380 781 1476 834 καὶ
1526 783 1693 834 πᾶσιν

151 868 410 934 ὑποδείξω,
439 867 690 939 καθάπερ
711 886 764 922 τι
805 863 966 938 αἷμα,
993 869 1094 923 οὐκ
1121 871 1215 923 ἐπὶ
1244 872 1345 940 γῆς
1371 871 1693 942 ἐκχεόμενον

151 962 235 1016 καὶ
267 949 752 1030 καταποθούμενον,
791 958 908 1013 ἀλλ’
933 960 1028 1014 ἐπὶ
1055 960 1203 1024 λείας
1224 961 1551 1032 βαλλόμενον
1597 962 1694 1016 πέε-

152 1066 289 1120 τρας,
323 1049 412 1104 καὶ
458 1050 539 1112 είς
582 1049 644 1102 τὺ
697 1049 942 1120 διηνεκὲς
979 1050 1396 1120 φυλαττόμενον,
1431 1053 1511 1116 εἰς
1559 1070 1692 1106 κατ-

150 1140 356 1212 ηγορίαν
381 1139 488 1194 τῶν
507 1141 693 1211 ἐκχέαι
724 1140 882 1195 τοῦτο
913 1142 1345 1214 τετολμηκότων.

215 1231 364 1301 θ’-ιβ¹.
402 1232 504 1285 Διὰ
547 1232 724 1286 τοῦτο
770 1233 910 1288 τάδε
958 1233 1121 1304 λέγει
1171 1234 1408 1289 Ἀδωναῒ
1435 1234 1647 1302 Κύριος
1666 1251 1690 1287 ,ο

150 1320 214 1375 Ὠ
235 1322 276 1353 ⁸³
307 1320 477 1386 πόλις
503 1321 623 1375 τῶν
648 1324 926 1392 αἱμάτων,
969 1325 1071 1379 καί
1104 1343 1171 1395 τε
1214 1325 1328 1395 ἐγὼ
1375 1325 1694 1397 μεγαλυνῶ

153 1412 243 1467 τὸν
275 1412 456 1466 δαλόν
482 1413 549 1464 ⁸⁸.
581 1413 689 1468 Καὶ
710 1415 998 1484 πληθυνῶ
1022 1419 1067 1450 ⁸³
1105 1419 1176 1472 τὰ
1212 1418 1386 1484 ξύλα,
1415 1419 1514 1474 καὶ
1553 1403 1714 1474 ἀναν--

153 1503 334 1556 παύσω
369 1501 434 1556 τὸ
473 1503 614 1570 πῦρ,
646 1503 804 1571 ὅπως
834 1505 988 1574 τακῇ
1017 1508 1088 1562 τὰ
1116 1510 1282 1577 κρέα,
1313 1509 1409 1563 καὶ
1439 1511 1485 1543 ⁵⁸
1515 1511 1692 1565 ἐλατ-

151 1593 288 1662 τωθῇ
316 1597 346 1647 ό
391 1592 594 1662 ζωμὸς,
638 1595 740 1649 καὶ
795 1596 867 1651 τὰ
903 1597 1056 1654 ὀστᾶ
1093 1601 1416 1671 συμφρυγῇ
1452 1604 1541 1658 ⁸⁶⁶.
1582 1604 1694 1660 Καὶ

151 1683 254 1752 στῇ
286 1684 376 1738 ἐπὶ
408 1684 550 1752 τοὺς
589 1685 888 1754 ἄνθρακας
930 1689 1120 1759 αὐτῆς
1155 1691 1298 1758 κενή
1329 1693 1371 1725 ⁵⁷
1407 1710 1419 1721 ’
1459 1693 1690 1764 ἐξήφθη

153 1777 290 1842 ὅπως
313 1776 685 1846 προσκαυθῇ,
719 1778 818 1831 καὶ
849 1781 1169 1850 θερμανθῆ,
1197 1782 1295 1836 καὶ
1349 1783 1392 1816 ³⁸
1421 1784 1692 1855 ὲκςορυγῇ

153 1873 180 1924 ό
217 1868 428 1938 χαλκὸς
471 1869 683 1937 αὐτῆς,
724 1872 820 1925 καὶ
872 1873 1028 1940 τακῇ
1079 1873 1150 1927 ἐν
1196 1875 1365 1943 μέσῳ
1413 1875 1596 1944 αὐτῆς
1651 1877 1691 1944 ἡ

153 1960 457 2027 ἀκαθαρσία
495 1959 706 2027 αὐτῆς,
735 1962 829 2015 καὶ
882 1963 1100 2033 ἐκλίπῃ
1129 1968 1162 2019 ό
1187 1967 1277 2032 ἰὸς
1319 1966 1530 2035 αὐτῆς.
1588 1973 1693 2022 Τα-

153 2047 380 2116 πεινωθῇ
402 2052 436 2102 ὁ
455 2050 548 2116 ἰὸς
567 2049 776 2120 αὐτῆς,
805 2053 902 2107 καὶ
933 2055 1004 2107 οὐ
1025 2054 1110 2124 μὴ
1133 2055 1349 2125 ἐξέλθῃ
1377 2057 1446 2122 ἐξ
1482 2057 1689 2127 αὐτῆς.

156 2162 171 2192 ι
201 2141 508 2210 Μεγαλυνῶ,
542 2143 696 2212 φησὶ,
721 2144 813 2197 τὸν
839 2143 1018 2210 δαλὸν,
1068 2164 1086 2196 ι
1131 2148 1428 2212 τουτέστιν,
1470 2150 1693 2220 αὑξήσω

151 2235 232 2305 τὴν
271 2235 437 2306 ἀρχὴν
489 2234 596 2287 τῶν
647 2235 851 2288 κακῶν.
891 2255 910 2288 ‹
947 2236 1056 2290 Καὶ
1097 2237 1353 2308 πληθυνῶ
1383 2240 1452 2295 τὰ
1482 2239 1632 2306 ξύλα,
1667 2261 1684 2294 ι

150 2327 252 2378 ἀντὶ
296 2324 409 2387 τοῦ,
443 2325 644 2389 πολλὰς
696 2327 952 2397 ἀφορμὰς
1009 2329 1252 2400 παρέξω,
1290 2330 1383 2384 καὶ
1437 2331 1567 2396 ὔλας
1613 2333 1691 2404 τῷ

153 2418 265 2486 πυρὶ
294 2417 398 2470 τῶν
451 2417 658 2481 κακῶν,
705 2418 792 2472 ἵνα
819 2418 976 2472 τοῦτο
1012 2420 1110 2489 μὲν
1139 2421 1452 2486 ἀνακαύσω,
1491 2443 1508 2476 ‹
1541 2424 1609 2477 τὰ
1635 2423 1690 2478 δὲ

149 2503 361 2575 ἑψόμενα
392 2506 548 2576 κρέα,
594 2525 610 2556 ι
647 2507 914 2570 τουτέστι,
947 2510 1070 2571 τοὺς
1107 2512 1164 2562 ἐν
1191 2513 1256 2582 τῇ
1293 2512 1446 2565 πόλει
1475 2513 1689 2585 ἀνθρώ-

149 2612 284 2663 πους,
311 2597 682 2665 ωτατακῆναι
709 2601 1119 2668 παρασκευάσω
1152 2616 1165 2630 ο
1198 2603 1290 2655 καὶ
1330 2603 1379 2654 οἱ
1437 2603 1534 2673 μὲν
1586 2605 1689 2658 ὑπὸ

147 2682 289 2753 λιμοῦ
317 2675 688 2756 δαπανηθῶσι,
716 2687 872 2757 δίκην
917 2689 1092 2743 ὀστῶν
1131 2694 1595 2764 συμφρυγόμενοι,
1639 2699 1687 2750 ot

145 2775 324 2840 δὲταῖς
348 2778 710 2843 παντοδαπαῖς
754 2780 1143 2835 κατακαυθῶσι
1179 2788 1505 2855 συμφοραῖς,
1555 2787 1688 2840 nab—

145 2867 268 2938 άπερ
309 2868 442 2940 κρέα
467 2869 708 2940 ἑψόμενα
735 2887 748 2900 ·
797 2875 863 2941 τῇ
890 2872 943 2925 δὲ
975 2873 1142 2944 πολλῇ
1179 2875 1273 2928 τοῦ
1313 2876 1482 2945 πυρὸς
1518 2895 1688 2948 προσ-

147 2957 253 3028 ϐολῇ
292 2959 380 3013 καὶ
435 2962 467 3014 ό
520 2959 704 3030 ζωμὸς
763 2962 1236 3035 δαπανηθήσηται,
1294 2967 1388 3020 καὶ
1421 2968 1466 3000 ⁸³
1500 2969 1687 3025 ἅπασα

1801 523 1915 560 nem
1944 508 2252 576 ejus,super
2281 509 2453 561 Ιιιιυεηι
2477 514 2680 576 petram
2710 503 2827 558 dedi
2856 504 3044 570 ipsum,
3083 518 3144 554 ne
3173 500 3371 568 operiat

1801 599 1992 668 ipsum.
2026 600 2140 655 Non
2192 601 2524 670 eoOperiam,
2587 597 2806 677 inquit,
2840 609 2902 648 ea
2960 593 3223 655 facinora,
3253 607 3372 659 qum

1801 693 1901 762 ipsi
1952 693 2065 749 ausi
2123 703 2280 758 sunt,
2339 693 2433 748 sed
2474 693 2590 763 ipsa
2627 689 2949 751 denudabo,
3009 686 3371 752 omnibusque

1799 786 2116 850 ostendam,
2165 787 2322 856 quasi
2375 784 2698 856 sanguinem
2742 798 2848 834 non
2878 781 2933 836 in
2987 787 3190 833 terram
3236 775 3371 831 etfu-

1799 893 1940 942 sum,
1987 887 2041 932 et
2089 879 2156 932 ab
2183 892 2244 933 ea
2277 879 2617 947 alisorptum,
2648 875 2741 931 sed
2791 888 2957 942 super
2994 871 3180 924 lzevem
3232 869 3370 936 lupi-

1799 969 1920 1024 dem
1970 969 2254 1037 injectum,
2313 970 2405 1038 qui
2450 969 2792 1022 continenter
2829 971 3110 1024 servatur,
3165 968 3223 1014 ut
3279 975 3371 1014 cos

1801 1072 2041 1124 accuset,
2084 1064 2176 1131 qui
2210 1060 2362 1114 illum
2409 1059 2688 1115 eﬂ‘uudere
2718 1057 2834 1112 ausi
2870 1062 3018 1110 sunt.

1871 1231 2034 1287 Vens.
2069 1231 2224 1286 9-12.
2274 1229 2559 1299 Propterea
2594 1229 2704 1283 Iure
2755 1227 2887 1281 dicit
2928 1224 3134 1278 Adonai
3183 1221 3368 1275 Domi-

1801 1342 1941 1380 nus:
1975 1325 2020 1380 0
2049 1326 2234 1379 civitas
2268 1325 2616 1394 sanguinum,
2645 1331 2694 1377 et
2727 1338 2817 1392 ego
2863 1314 3214 1390 magni/icabo
3263 1323 3368 1367 tor-

1799 1435 1928 1472 rem.
1961 1415 2027 1470 Et
2053 1416 2417 1486 multiplicabo
2469 1415 2634 1486 ligna,
2669 1423 2719 1468 et
2759 1412 3034 1466 incendam
3089 1409 3281 1478 ignem,
3310 1416 3365 1461 ut

1801 1507 2070 1562 tabescunt
2104 1524 2309 1574 carnes,
2354 1515 2402 1562 et
2428 1507 2700 1560 minuatur
2737 1503 2853 1572 jus,
2887 1511 2934 1555 et
2971 1516 3093 1554 ossa
3129 1507 3368 1551 torrean-

1802 1611 1907 1654 tur.
1945 1599 2008 1653 Et
2034 1609 2131 1654 stet
2158 1615 2315 1673 super
2342 1597 2592 1652 carbones
2623 1611 2747 1650 suos
2770 1593 2945 1647 inanis
2969 1607 2987 1644 :
3028 1592 3240 1645 incensa
3268 1598 3366 1652 est,

1800 1702 1856 1745 ut
1887 1690 2246 1755 comburatur,
2285 1699 2333 1744 et
2377 1689 2614 1758 caleﬁat,
2664 1696 2714 1742 et
2744 1695 3016 1740 torreatur
3043 1701 3113 1738 ws
3159 1682 3295 1752 ejus,
3319 1690 3366 1735 et

1725 1775 1765 1830 Β
1795 1783 2032 1852 liqueﬁat
2074 1783 2125 1835 in
2164 1781 2332 1835 medio
2360 1782 2473 1847 ejus
2510 1777 2848 1834 immunditia
2892 1777 3028 1846 ejus,
3072 1784 3121 1830 et
3156 1775 3368 1844 deﬁciat

1797 1875 1980 1946 rubigo
2001 1877 2138 1942 ejus.
2167 1875 2500 1929 Humitietur
2530 1873 2714 1943 rubigo
2737 1870 2873 1940 ejus,
2907 1878 2956 1924 et
2995 1885 3096 1923 non
3120 1876 3267 1921 exeat
3305 1882 3368 1920 ea:

1794 1984 1876 2023 ea.
1902 1968 2070 2037 878
2101 1986 2118 2017 ι
2157 1966 2538 2035 Magniﬁcabo,
2591 1963 2790 2033 inquit,
2835 1969 3061 2025 torrem,
3103 1977 3122 2010 ι
3170 1957 3223 2012 id
3260 1965 3364 2021 est,

1795 2059 2005 2128 augebo
2045 2057 2317 2112 malorum
2357 2056 2714 2127 principium,
2753 2073 2772 2106 ι
2817 2063 2872 2110 et
2918 2054 3063 2123 ligna
3099 2051 3367 2120 multipli-

1793 2150 1953 2214 cabo,
1997 2169 2017 2203 ι
2063 2150 2166 2204 hoc
2193 2160 2299 2212 est,
2335 2149 2536 2203 multas
2566 2147 2892 2201 occasiones
2927 2143 3203 2214 praebebo,
3229 2142 3368 2194 mul-

1793 2247 2016 2312 tamque
2046 2241 2334 2296 materiam
2383 2241 2655 2294 malorum
2692 2237 2844 2309 igni,
2882 2248 2938 2292 ut
2976 2237 3122 2290 hunc
3175 2235 3364 2289 incen-

1792 2333 1936 2398 dam,
1973 2343 2025 2388 ct
2056 2354 2074 2386 ‹
2105 2350 2302 2389 carnes
2351 2342 2562 2398 coctas,
2592 2350 2611 2382 ι
2669 2329 2922 2394 homines
2964 2326 3222 2382 videlicet
3272 2323 3363 2393 (ιειῖ

1791 2435 1922 2480 sunt
1953 2427 2005 2481 in
2041 2428 2198 2492 urbe,
2231 2428 2514 2483 tabescere
2571 2426 2794 2486 faciam.
2837 2423 2912 2477 ita
2965 2428 3023 2474 ut
3081 2419 3172 2472 alii
3225 2417 3366 2470 fame

1791 2519 2154 2574 conﬁciantur
2193 2519 2404 2575 ossium
2438 2517 2613 2573 instar
2641 2515 2834 2579 assati,
2866 2513 2960 2568 alii
2985 2511 3166 2567 omnis
3198 2523 3365 2578 gene-

1791 2609 1868 2664 ris
1905 2610 2338 2670 calamitatibus,
2365 2609 2531 2664 veluti
2565 2615 2735 2663 coctae
2781 2619 2998 2669 carnes,
3032 2601 3366 2656 comburan-

1791 2713 1899 2765 tur,
1934 2703 2219 2772 multoque
2247 2701 2390 2772 ignis
2419 2702 2626 2771 impetu
2665 2700 2830 2754 etiam
2852 2697 2945 2767 jus
2981 2698 3362 2752 consumatur,

1789 2811 1953 2850 omne
2001 2794 2252 2851 videlicet
2293 2792 2438 2862 quod
2483 2790 2549 2845 ad
2596 2787 3038 2860 refrigerandum
3094 2781 3363 2844 adhiberi,

1788 2887 2021 2954 ejusque
2055 2884 2132 2939 rei
2163 2899 2330 2939 causa
2360 2898 2481 2939 esse
2516 2883 2709 2953 possit,
2764 2890 2823 2936 ut
2873 2879 3132 2946 deinceps
3185 2875 3362 2944 ipsum

1791 2995 1887 3049 per
1921 2993 1982 3032 se
2029 2993 2104 3032 ες
2160 2976 2268 3046 igni
2323 2977 2774 3045 appropinquans
2820 2969 3088 3040 liqueﬁat,
3141 2975 3194 3022 ct
3241 2981 3361 3021 cum

146 3052 386 3154 αναγκαία
435 3053 592 3124 χρεία
643 3054 738 3108 καὶ
795 3057 1065 3126 πρόφασις
1127 3058 1485 3130 παραψυχῆς,
1544 3061 1684 3116 ὥστε

1798 3071 2046 3141 rubigine
2101 3068 2266 3125 simul
2297 3068 2640 3124 absumatur.
2687 3065 2864 3122 Victis
2917 3063 3064 3117 enim
3130 3060 3225 3123 iis,
3271 3059 3361 3127 qui

145 3142 306 3197 λοιπὴν
333 3145 488 3199 αὑτὸν
517 3148 640 3200 καθ’
671 3148 860 3201 ἑαυτὸν
888 3149 978 3200 τὸν
1002 3150 1200 3220 χαλκὸν
1238 3150 1317 3222 τῷ
1347 3155 1483 3222 πυρὶ
1512 3172 1684 3225 προσ-

144 3236 405 3306 ομιλοῦντα
456 3239 850 3309 κατατακῆναι,
903 3241 997 3295 καὶ
1032 3243 1128 3296 σὺν
1173 3242 1253 3313 τῷ
1285 3244 1348 3315 ίῷ
1376 3245 1690 3319 δαπανηθῆ-

143 3345 231 3384 ναι.
269 3330 381 3386 Τῶν
406 3331 514 3404 γὰρ
563 3333 1027 3405 ὑπερμαχοῦντων
1051 3335 1149 3405 τῆς
1189 3336 1395 3398 πόλεως
1425 3338 1689 3409 ἡττηθέν-

140 3437 251 3487 των,
307 3423 506 3479 ἁλοῦσα
545 3425 732 3479 λοιπὸν
782 3427 1084 3490 ἀνάστατος
1133 3427 1370 3496 ἐγένετο.
1417 3429 1510 3482 καὶ
1557 3432 1690 3501 πυρὶ

140 3513 428 3587 παρεδόθηο
484 3516 601 3571 ἀλλ’
627 3518 816 3588 ὅμως,
877 3519 1032 3588 φησὶ,
1084 3520 1178 3572 καὶ
1238 3520 1507 3574 τοσούτων
1550 3523 1687 3595 αὐτῇ

137 3610 534 3674 προσπεσόντων
577 3610 764 3665 κακῶν
795 3610 895 3665 οὒκ
939 3612 1227 3684 ἀπηλλάγη
1277 3614 1371 3666 τοῦ
1422 3613 1525 3679 ἰοῦ,
1567 3616 1680 3669 ἀλλ’
1726 3619 1750 3671 ἕ

135 3696 316 3765 ἐπάγει
337 3715 349 3726 -

191 3786 384 3853 Πιολὺς
411 3790 445 3841 ὁ
487 3787 575 3855 ἰὸς
603 3788 813 3856 αὐτῆς,
843 3792 1428 3862 καταισχυνθήσεται
1459 3797 1504 3828 ⁶⁰
1533 3799 1566 3851 d
1597 3797 1685 3863 ἰὸς

143 3879 329 3949 αὐτῆς.
371 3882 508 3952 (ιγ’.)
561 3883 664 3935 Ἐν
687 3880 764 3950 τῇ
793 3883 1135 3953 ἀκαθαρσίᾳ
1163 3899 1281 3940 σου
1309 3886 1448 3956 ζέμα
1486 3890 1552 3944 ⁶¹.
1589 3892 1684 3954 Σὺ,

145 3970 310 4039 φησιν,
352 3971 409 4023 ὲν
433 3973 500 4041 τῇ
532 3971 852 4042 παρανομίᾳ
887 3989 981 4026 σου
1017 3973 1116 4044 τὴν
1163 3974 1311 4039 ζέσιν
1356 3976 1558 4049 ταύτην
1593 3980 1687 4032 καὶ

144 4060 218 4113 τοῦ
263 4063 432 4134 πυρὸς
487 4062 696 4133 ὲξῆψας
745 4063 842 4136 τὴν
891 4065 1064 4135 φλόγα
1091 4084 1106 4099 ·
1169 4069 1334 4122 πολὺν
1368 4071 1476 4142 γὰρ
1529 4070 1687 4142 ἔσχες

144 4152 527 4227 ἁμαρτημάτων
581 4151 676 4222 ίὸν,
721 4156 780 4221 ὃς
808 4157 904 4211 ἐπὶ
933 4158 1027 4213 τοῦ
1069 4161 1333 4231 παρόντος
1375 4164 1686 4235 γυμνωθεὶς

144 4246 376 4316 αἰσχύνης
397 4246 920 4319 ἀναπλησθήσεται.ι
942 4251 1065 4305 Ἀνθ
1101 4254 1145 4285 θ’
1163 4250 1236 4307 ὦν
1254 4256 1499 4325 ὲμιαίνου
1523 4257 1587 4310 σὺ
1614 4258 1680 4324 ⁸³,

146 4336 220 4388 καὶ
240 4338 336 4390 οὐκ
369 4338 681 4410 ὲκαθὰρθης
713 4341 824 4395 ἀπὸ
846 4342 1186 4414 ἀκαθαρσίας
1233 4363 1347 4411 σου,
1392 4349 1484 4401 καὶ
1509 4350 1569 4404 οὐ
1604 4350 1679 4424 μὴ

1793 3163 2113 3235 pugnabant
2144 3176 2243 3231 pro
2267 3160 2426 3226 urbe,
2454 3169 2616 3230 capta
2637 3157 2836 3215 deinde
2867 3157 3000 3211 urbs
3025 3168 3212 3208 eversa
3239 3150 3360 3212 fuit,

1787 3267 1843 3312 et
1879 3256 2135 3312 incendio
2157 3261 2508 3324 consumpta.
2549 3252 2958 3314 Verumtamen,
2985 3246 3242 3316 quamvis
3285 3253 3364 3297 tot

1787 3362 1907 3402 eam
1942 3347 2083 3400 mala
2115 3345 2516 3415 oppresserint,
2547 3358 2654 3397 non
2681 3351 2764 3396 est
2789 3355 2818 3393 a
2846 3339 3097 3407 rubigine
3119 3336 3362 3397 liberata,

1791 3439 1886 3493 sed
1914 3439 1968 3492 in
1999 3453 2066 3492 ea
2098 3437 2368 3492 remansit
2401 3435 2468 3491 ad
2517 3433 2858 3506 peccandum
2913 3428 3230 3500 propensio.
3279 3425 3365 3480 ld-

1788 3531 1945 3584 circu
1970 3529 2234 3599 subjicit:

1757 3639 1940 3692 μεινεν
1990 3625 2047 3676 ὲν
2101 3622 2240 3694 αὐτῇ
2281 3622 2315 3691 ἡ
2366 3619 2494 3690 περὶ
2547 3617 2606 3671 τὸ
2672 3617 3007 3688 ἁμαρτάνειν
3061 3615 3221 3685 ῥοπή.
3274 3613 3366 3664 Διὸ

1864 3791 2039 3847 Multa
2093 3793 2274 3863 rubigo
2325 3809 2480 3857 elus.
2532 3789 2887 3860 confundetur
2945 3790 3132 3860 rubigo
3194 3791 3362 3846 illius.

1797 3884 1982 3956 (Vsus.
2017 3885 2129 3956 15.)
2164 3885 2227 3938 1η
2253 3885 2594 3938 intmunaitia
2618 3894 2710 3937 tua
2732 3883 2970 3938 ebullitio
3001 3894 3100 3937 est.
3135 3883 3241 3949 Tu,
3282 3883 3366 3938 in-

1793 3976 1935 4045 quit,
1970 3976 2025 4030 in
2057 3975 2366 4031 sceleribus
2401 3977 2513 4030 tuis
2546 3975 2926 4030 ebullitionem
2976 3973 3117 4028 hanc
3143 3983 3196 4028 et
3225 3975 3365 4045 ignis

1791 4065 2069 4121 ﬂammam
2105 4067 2434 4133 incendisti:
2467 4068 2691 4121 multam
2722 4066 2869 4122 enim
2898 4067 3186 4122 obtinebas
3218 4067 3366 4122 rubi-

1790 4156 1975 4228 ginem
2045 4163 2422 4226 peccatorum,
2480 4171 2604 4225 qua:
2656 4156 2710 4210 in
2772 4154 3030 4226 praesenti
3092 4155 3362 4224 patefacta

1787 4247 2090 4318 ignominia
2131 4246 2514 4319 perfundetur.
2550 4265 2568 4298 ι
2607 4245 2712 4300 Pro
2747 4262 2815 4301 eo
2843 4247 2987 4316 quod
3030 4246 3362 4314 polluebaris

1787 4345 1868 4401 tu,
1901 4345 1956 4392 et
1989 4352 2098 4391 non
2124 4353 2183 4392 es
2204 4338 2501 4392 emundata
2535 4338 2604 4392 ab
2641 4337 2989 4391 immunditia
3021 4345 3137 4400 tua,
3171 4345 3226 4390 et
3251 4351 3360 4389 non

146 4431 395 4503 καθαρθῇς
421 4434 521 4486 οὐκ
563 4433 663 4498 ἔτι,
697 4435 803 4498 ἕως
835 4429 896 4490 οὗ
948 4436 1210 4508 ἐμπλήσω
1243 4439 1332 4493 τὸν
1366 4440 1535 4509 θυμόν
1578 4460 1679 4512 μου

1798 4428 1895 4484 aris
1929 4428 2226 4483 emundata
2271 4429 2532 4498 amplius,
2587 4427 2765 4482 donec
2817 4428 3070 4498 impleam
3121 4427 3360 4483 furorem

144 4520 190 4571 ὲν
211 4523 305 4576 σοί.
333 4543 351 4576 ι
385 4526 477 4596 Μὴ
508 4524 788 4597 βουληθεὶς
829 4526 877 4558 ⁸⁸
909 4527 1015 4600 γὰρ
1047 4528 1135 4583 διὰ
1167 4532 1455 4599 μετανοίας
1492 4533 1687 4588 ἀκέσα-

145 4610 248 4666 σθαί
279 4631 370 4668 σου
400 4616 472 4668 τὰ
522 4616 831 4688 τραύματα,
881 4619 940 4670 οὐ
995 4618 1068 4689 μὴ
1112 4619 1280 4692 τύχῃς
1336 4621 1685 4693 συγγνώμης,

144 4701 242 4757 οὐδὲ
270 4705 340 4776 μὴ
384 4706 706 4778 καθάρσεως
739 4707 1073 4781 ἀπολαύσῃς,
1113 4710 1218 4774 ἓως
1265 4711 1330 4765 ἂν
1376 4713 1481 4784 δῷς
1512 4714 1687 4780 δίκας,

146 4790 262 4865 ὑπὲρ
296 4788 368 4850 ὧν
407 4797 806 4868 παρηνόμησας
833 4813 846 4827 ·
897 4793 1015 4851 εἶτα
1043 4799 1104 4852 τὸ
1136 4800 1366 4869 ἀψευδὲς
1395 4802 1504 4856 τῶν
1535 4803 1688 4877 εἰρη-

149 4881 300 4948 μένων
322 4886 559 4940 δείκνυσι
589 4890 655 4958 τῇ
688 4885 782 4940 τοῦ
808 4887 1100 4960 προσώπου
1128 4891 1391 4962 ποιότητι.

205 5058 275 5114 ιδ’.
309 5062 455 5132 Ἐγὼ
492 5063 705 5132 Κύριος
741 5064 1074 5134 λελάληκα.
1117 5066 1224 5119 Καὶ
1265 5067 1324 5119 τὸ
1354 5067 1679 5140 ἀναντίρρη-

1784 4534 1965 4576 meum
1997 4520 2052 4574 in
2085 4528 2158 4575 te.
2200 4539 2219 4572 ι
2255 4519 2394 4575 Cum
2444 4521 2588 4575 enim
2627 4529 2718 4574 tua
2761 4521 2989 4575 vulnera
3037 4519 3363 4589 pmniteutia

1786 4613 1970 4668 sanari
2007 4614 2288 4678 nolueris,
2321 4614 2536 4668 veniam
2581 4613 2806 4668 minime
2838 4612 3231 4683 consequeris:
3268 4627 3364 4668 ne-

1787 4721 1893 4776 que
1928 4705 2056 4760 item
2093 4705 2144 4759 id
2171 4705 2452 4761 obtinebis
2484 4715 2541 4760 ut
2575 4705 2912 4770 emunderis,
2951 4705 3130 4775 quoad
3168 4719 3362 4776 pamas

1787 4795 2007 4852 dederis
2041 4811 2140 4866 pro
2170 4796 2237 4849 iis
2289 4796 2456 4868 879
2491 4810 2612 4866 qua:
2646 4793 2948 4864 deliquisti.
2992 4792 3196 4848 Deinde
3235 4808 3361 4847 vera

1793 4901 1916 4940 csse
1978 4901 2098 4955 quae
2127 4885 2272 4941 dicta
2305 4891 2322 4906 '
2369 4894 2519 4951 sunt,
2552 4885 2794 4940 ostendit
2836 4900 2900 4939 ex
2948 4899 3197 4954 persona:
3229 4899 3360 4955 qua-

1794 4979 1967 5032 litate.

1859 5068 2021 5124 Vens.
2072 5071 2160 5124 H.
2219 5069 2330 5140 Ego
2371 5070 2627 5124 Dominus
2671 5069 2876 5124 locutus
2925 5087 3059 5123 sum.
3095 5069 3361 5140 Quodque

1425 5246 1654 5300 VARIAS
1689 5246 2090 5303 LECTIONES.

205 5329 243 5407 ξ’
294 5332 402 5386 τέτ.
461 5332 613 5407 αὑτό.
671 5335 791 5407 (Εά.
829 5339 978 5407 prior
1002 5337 1130 5393 hab.
1173 5338 1377 5405 αὐτόν.)
1413 5337 1534 5391 Des.
1593 5339 1732 5406 apud
1768 5338 1932 5404 LXX,

1988 5341 2081 5410 qui
2112 5339 2272 5393 aliam
2332 5339 2384 5393 in
2423 5347 2570 5410 toto”
2602 5338 2893 5410 hocrvcrs.
2933 5337 3135 5410 habent
3161 5336 3358 5410 distin-

147 5400 408 5481 (έῑίοῐξεῐιιε-
449 5404 507 5481 ,⁸³
532 5399 624 5481 ᾮ.
664 5399 709 5458 Ᾱ
738 5399 882 5481 οὐαὶ,
913 5409 1069 5478 juxta
1105 5409 1281 5481 Hebr.
1350 5399 1398 5438 ⁸⁵
1426 5399 1790 5481 δα>.όν.-Ηεὺν.
1823 5399 2030 5481 pyram:
2069 5411 2114 5445 ³⁵
2145 5410 2306 5481 πληθ.
2337 5412 2496 5462 Hebr.
2515 5409 2823 5481 _Mu_l_tiplica
2846 5447 2860 5470 ,
2902 5417 3016 5481 clc._
3092 5406 3138 5438 ⁵⁸
3173 5405 3264 5456 καὶ
3290 5432 3358 5481 τ-

151 5463 523 5550 ἶφμῆςιιηείξζ.
553 5474 639 5550 [ac
664 5463 1139 5550 condimeiitnmu
1169 5478 1234 5508 ⁸⁵⁸
1259 5480 1300 5532 Α
1333 5463 1837 5550 συμφρυγήσονταιί
1859 5463 1877 5481 θ
1913 5482 1956 5513 ⁵⁷
1994 5463 2143 5550 κενή.
2181 5463 2303 5550 Des.
2337 5481 2475 5547 apud
2512 5478 2651 5532 LXX
2683 5463 2736 5532 et
2766 5480 2818 5550 in
2928 5477 3019 5550 qui

816 5549 862 5579 ⁵⁸
898 5549 989 5600 καὶ
1013 5579 1078 5586 -
1110 5547 1183 5611 ἰὸς
1217 5551 1338 5602 αὐτ.
1374 5548 1448 5600 lla
1483 5547 1693 5616 (.‘ompl.

149 5536 236 5615 ’ξῇς
250 5541 707 5615 ,ὶιαϋει-ὲξεψηοῇ,

3074 5483 3194 5543 post
3217 5473 3354 5543 Hab-

1789 5551 1834 5581 ⁵⁸
1860 5551 1968 5604 καί.
2003 5541 2124 5604 υρεί
2154 5551 2206 5603 in
2235 5549 2291 5602 Β.
2373 5541 2434 5579 ’⁶⁰
2466 5566 2718 5616 καταισχ.
2760 5546 2921 5600 llebr.
2948 5541 3088 5613 igne
3121 5541 3350 5611 (exibit).

151 5604 185 5687 έί
210 5609 353 5687 ζέμα.
393 5604 521 5687 Non
552 5604 727 5687 'sai'is
775 5618 942 5687 liquet
975 5619 1118 5673 sitne
1142 5604 1238 5670 γ’οκ
1278 5619 1482 5678 origine
1513 5604 1720 5681 (ἐνώρα,
1751 5635 1818 5673 an
1846 5622 2024 5687 potius
2052 5635 2248 5675 nomen
2276 5619 2406 5674 illud
2455 5618 2618 5673 Hebr.
2667 5604 2889 5687 's‘imnmh
2953 5604 3060 5684 qvuo
3111 5604 3242 5665 usus
3274 5620 3354 5667 est

153 5681 401 5747 propheta.
482 5685 527 5717 θ’
563 5686 678 5742 ἀνθ’
712 5717 776 5728 --
810 5681 865 5741 ἓν

904 5689 1002 5742 σοί.
1038 5689 1273 5742 Alitcroi
1306 5686 1464 5741 LXX.
1543 5688 1587 5718 ⁶³
1615 5689 1705 5758 ἐμ.
1735 5689 1820 5744 σύ.
1848 5686 2011 5744 Hebr.
2051 5690 2273 5762 purgavi
2311 5701 2382 5746 ις.

2464 5690 2506 5720 ’⁵⁵
2531 5690 2571 5742 Β
2606 5686 2944 5757 βουληθεῖσα.
