3840 6202
124 251 223 316 1057

1160 245 1241 306 IN
1274 242 1723 306 EZECHIELIS
1755 243 1912 303 CAP.
1948 243 2153 303 XXIV.

3062 262 3063 265 η
3178 235 3319 303 1058

118 379 226 426 τινος
251 352 563 414 ἀπολαῦσαι.
592 356 777 410 Ἔοικε
831 352 888 409 δὲ
938 355 967 408 ὁ
1023 356 1308 425 προφήτης
1336 354 1431 408 καὶ
1472 351 1647 416 Ναζι-

1761 367 1857 408 non
1895 353 2107 415 vinum,
2151 352 2248 407 sed
2296 363 2495 421 aquam
2533 350 2721 407 bibere
2769 350 2960 421 jussus
3004 348 3225 404 fuerat:
3260 361 3317 404 et

119 456 234 526 ραῖος
276 442 407 502 εἶναι
432 463 446 477 ·
478 464 498 498 ι
542 447 734 501 Ἔσται
794 446 923 518 γὰρ,
982 445 1135 516 φησὶ,
1165 444 1226 499 τὸ
1257 443 1512 517 τρίχωμα
1544 460 1639 498 σου

1747 445 1943 501 horum
1977 454 2272 515 utrumque
2295 441 2667 499 Naziraaorum
2695 445 2976 514 preprinm
3001 450 3140 498 erat.

117 541 556 618 συμπεπλεγμένον
608 542 701 595 ἐπὶ
736 540 816 596 σέ.
856 559 876 594 ι
920 541 1033 595 Καὶ
1081 539 1195 595 ἄνω
1235 540 1294 594 δὲ
1338 541 1440 594 οὐκ
1484 535 1648 608 οἶνον,
1685 540 1800 595 ἀλλ’
1838 540 1983 613 ὓδωρ
2036 539 2211 595 πίνειν
2258 538 2607 612 προσετάχθη
2634 555 2648 570 ·
2725 539 3011 611 ἀμφότερα
3075 536 3133 590 δὲ
3211 532 3321 586 τῶν

114 637 382 711 Ναζιραίων
414 638 543 691 ἴδια.

169 741 243 803 ιη’.
282 728 386 785 Καὶ
426 728 705 796 ἐλάλησα
737 726 888 798 πρὸς
941 727 1050 782 τὸν
1089 727 1245 784 λαὸν
1266 728 1333 784 τὸ
1365 729 1537 798 πρωῒ,
1573 727 1646 783 ὃν

112 826 295 897 τρόπον
322 819 663 874 ἐνετείλατό
697 837 800 888 μοι
830 837 844 850 ο
897 820 995 874 καὶ
1047 820 1348 875 ἀπέθανεν
1396 822 1436 890 ἠ
1487 819 1643 891 γυνή

110 936 199 989 μου
230 914 502 981 ἑσπέρας,
564 913 663 966 καὶ
702 913 961 981 ἐποίησα
998 914 1066 967 τὸ
1096 914 1247 981 πρωῒ
1301 913 1374 969 ὃν
1424 913 1647 981 τρόπον

113 1006 484 1075 ἐπετάτημοι.
510 1004 691 1058 Τόπον
735 1006 793 1060 δέ
821 1023 946 1060 τινα
975 1006 1069 1059 τοῦ
1106 1006 1243 1060 Θεοῦ
1277 1006 1385 1059 τῶν
1429 1005 1566 1059 ὅλων
1618 1007 1647 1059 ὁ

114 1101 358 1175 προφήτης
410 1097 629 1169 πληροῖ.
675 1097 893 1169 Ἐπειδὴ
923 1098 1029 1170 γὰρ
1060 1099 1088 1151 ὁ
1143 1098 1483 1169 ’ῐσραηλίτης
1517 1097 1646 1161 λαὸς

114 1196 156 1247 ὲν
187 1190 318 1256 τάξει
376 1188 595 1260 νύμφης
642 1189 721 1260 τῷ
756 1190 1000 1261 Δεσπότῃ
1033 1190 1294 1259 συνῆπτο,
1355 1189 1548 1260 ἔμελλε
1588 1188 1647 1240 δὲ

113 1285 249 1346 οὕτως
282 1279 671 1353 παραδίδοσθαι
714 1279 1133 1351 ἀνδραποδισμῷ
1182 1281 1277 1334 καὶ
1319 1282 1522 1350 σφαγῇ,
1554 1279 1650 1333 καὶ

113 1376 135 1427 6
160 1375 277 1437 θεῖος
301 1372 438 1436 νεὼς
457 1371 855 1444 ὲμπίπρασθαι,
892 1372 1059 1425 τύπον
1091 1370 1213 1425 τινὰ
1236 1372 1344 1425 τῶν
1373 1372 1648 1443 ἐσομένων

113 1467 260 1521 δίδωσι
284 1464 376 1518 τὸν
406 1464 716 1535 προφήτην,
766 1463 861 1517 καὶ
907 1463 1008 1532 τῆς
1034 1462 1291 1531 γυναικὸς
1321 1463 1651 1529 ἐξαπιναίως

115 1555 361 1625 θανούσης,
406 1556 700 1627 παρεγγυᾷ
753 1556 889 1625 μήτε
931 1554 1223 1626 θρηνῆσαι.
1277 1556 1412 1626 μήτε
1446 1554 1650 1627 δακρύ-

115 1667 204 1717 σειε,
234 1640 302 1719 μὴ
341 1646 602 1718 πένθιμον
636 1649 820 1717 σχῆμα
849 1646 1055 1711 λαϐεῖν,
1080 1645 1156 1717 μὴ
1194 1645 1650 1718 παραμυθητικῆς

113 1739 381 1797 ἀπολαῦσαι
408 1737 709 1810 τραπέζης,
752 1736 888 1792 ἀλλὰ
928 1739 1052 1808 σιγῇ
1101 1736 1374 1803 στενάξαι,
1411 1736 1647 1799 δεικνὺς,

1821 720 1987 779 Vsus.
2048 721 2134 776 18.
2193 718 2261 774 Et
2307 720 2512 774 locutus
2571 735 2688 773 sum
2728 717 2798 771 ad
2850 720 3014 790 881
3050 721 3323 789 populum

1749 830 1925 874 mane.
1973 810 2417 883 quemadmodum
2450 810 2796 864 mandaverat
2829 811 2994 863 mihi:
3026 821 3075 863 et
3108 822 3321 865 mortua

1745 915 1824 958 est
1852 920 1990 958 uxor
2037 919 2154 957 mea
2194 902 2412 971 vesperi,
2443 910 2491 955 et
2536 900 2637 970 {cci
2668 917 2821 955 mane
2878 902 3320 972 quemadmodum

1748 998 2065 1065 imperatum
2099 993 2274 1064 fuerat
2308 991 2456 1046 mihi.
2495 990 2706 1063 Typum
2746 993 3036 1062 quemdam
3079 997 3323 1050 auctoris

1747 1089 1991 1142 ninnium
2040 1102 2224 1142 rerum
2280 1084 2372 1140 Dei
2421 1085 2660 1154 perfecte
2717 1084 2976 1154 exprimit
3036 1088 3324 1157 praplteta.

1748 1180 1884 1235 Cum
1920 1178 2065 1233 enim
2100 1177 2334 1248 populus
2366 1176 2700 1232 Israeliticus
2743 1176 2920 1232 instar
2950 1192 3170 1247 sponsas
3219 1178 3328 1234 Do-

1751 1269 1902 1323 mino
1947 1267 2237 1337 copulatus
2282 1272 2452 1331 esset,
2507 1274 2559 1320 et
2628 1264 2709 1319 sic
2760 1265 2815 1318 in
2870 1267 3188 1321 servitutem
3246 1284 3330 1322 re-

1750 1357 2028 1429 digendns
2060 1356 2202 1411 foret
2238 1362 2293 1410 et
2338 1352 2785 1419 interﬁciendus,
2823 1353 3066 1408 divinum
3113 1369 3331 1426 quoque

1748 1451 2012 1520 templum
2048 1446 2480 1502 comburendum
2530 1454 2698 1508 esset,
2750 1444 2984 1500 formam
3035 1446 3329 1516 quamdam

1754 1543 2071 1598 futurorum
2102 1540 2308 1611 praabet
2334 1538 2657 1609 prophetam
2686 1554 2700 1591 :
2729 1538 2889 1608 cujus
2920 1547 3146 1609 repente
3185 1553 3332 1593 mor-

1754 1644 1847 1691 tua
1883 1648 2075 1697 uxore,
2110 1630 2358 1702 praecipit
2385 1630 2436 1685 ei
2466 1644 2535 1684 ne
2566 1629 2768 1699 lugeat,
2812 1644 2882 1685 ne
2939 1629 3139 1699 ploret,
3192 1644 3333 1683 neve

1754 1727 2070 1782 luctuosum
2096 1722 2360 1793 suscipiat
2388 1720 2660 1786 habitum,
2693 1735 2761 1776 ne
2802 1720 2871 1776 ad
2914 1735 3032 1775 eam
3086 1736 3330 1777 mensam

196 1831 342 1895 αὐτὸς
368 1808 624 1900 οὐδεμιᾶς
649 1829 777 1892 τοὺς
826 1826 972 1899 αύτῷ
1004 1827 1379 1898 συνημμένους
1429 1825 1649 1891 ἀξιώσει

1761 1815 2003 1878 accedat,
2033 1828 2152 1883 quae
2177 1809 2575 1866 consolationis
2608 1823 2743 1879 ergo
2778 1808 3094 1875 instruitur,
3142 1821 3333 1862 verum

114 1922 506 1993 φιλανθρωπίας,
539 1919 693 1992 παρὰ
730 1918 957 1990 γνώμην
981 1918 1037 1973 δὲ
1084 1920 1233 1990 ὅμως
1253 1920 1438 1983 αὐτοῖς
1458 1918 1648 1985 ἐπάξει

1761 1916 1817 1964 ιιι
1846 1908 2009 1962 tacite
2039 1910 2251 1975 gemat:
2281 1900 2600 1965 ostendens,
2629 1900 2748 1955 fore
2783 1909 2843 1955 ut
2886 1901 3001 1970 ipse
3043 1900 3190 1955 nulla
3216 1901 3334 1955 cle-

110 2016 351 2088 τιμωρέαν
392 2030 405 2043 ·
461 2033 481 2066 ι
535 2012 609 2066 Οὐ
659 2010 769 2082 γὰρ
827 2009 1075 2082 βούλεται
1129 2011 1223 2066 τὸν
1275 2011 1503 2066 θάνατον
1553 2011 1647 2067 τοῦ

110 2104 425 2177 ἁμρτωλοῦ,
463 2103 539 2168 ὼς
576 2102 639 2156 τὸ
681 2101 1008 2173 ἐπιστρέψαι
1035 2102 1220 2167 αὐτὸν,
1260 2103 1353 2156 καὶ
1378 2102 1496 2174 ζῇν.
1529 2121 1547 2154 ι
1575 2095 1650 2158 Οὗ

110 2196 239 2266 χάριν
277 2196 363 2249 καὶ
385 2193 463 2266 τῷ
491 2196 742 2269 προφήτῃ
780 2197 905 2266 σιγῇ
945 2193 1151 2248 στένειν
1181 2192 1607 2265 παρακελεύεται
1634 2209 1647 2224 ’

111 2285 181 2338 διὰ
202 2285 385 2338 τούτου
414 2284 718 2355 σημαίνων,
760 2283 837 2347 ὡς
874 2284 969 2337 καὶ
1019 2282 1182 2348 αὐτὸς
1232 2281 1381 2354 παρὰ
1427 2280 1652 2353 γνώμην

113 2375 335 2445 ἀνέχεται
357 2374 461 2429 τῶν
490 2373 904 2444 ἐπιφερομένων
932 2371 1010 2442 τῷ
1030 2371 1143 2443 λαῷ
1178 2371 1492 2443 συμφορῶν,
1530 2370 1657 2437 πολ-τ

111 2465 189 2535 λὴν
215 2465 312 2537 μὲν
353 2464 489 2538 ἔχων
541 2464 642 2537 τὴν
687 2463 1022 2534 ἀγαθότητα,
1071 2463 1166 2517 καὶ
1215 2462 1532 2533 διὰταύτην
1563 2460 1654 2514 ἐπὶ

112 2556 493 2628 φιλανθρωπίαν
532 2554 738 2627 ῥέπων,
764 2554 1012 2620 κολάζειν
1036 2553 1092 2607 δὲ
1118 2553 1206 2608 διὰ
1227 2552 1324 2626 τὴν
1356 2553 1452 2624 τῆς
1482 2567 1655 2623 παρα-

110 2648 283 2719 νομίας
306 2647 601 2719 ὑπερϐολὴν
623 2644 964 2717 βιαζόμενος.

171 2911 355 2965 ιθθοκδ.
410 2910 518 2965 Καὶ
588 2906 738 2975 εἶπε,
797 2909 950 2979 φησὶ,
982 2907 1130 2977 πρός
1158 2924 1236 2978 με
1264 2911 1295 2962 ό
1328 2908 1479 2974 λαός
1504 2922 1656 2976 μου·

114 3006 218 3059 οὐκ
279 3001 677 3074 ἀπαγγέλλεις
703 3001 749 3034 ⁸⁸
789 2999 954 3071 ἡμῖν,
1001 3000 1061 3054 τι
1102 2998 1234 3054 ἐστι
1270 2999 1480 3065 ταῦτα,
1505 2996 1544 3051 ἃ
1576 2995 1658 3052 σὺ

111 3094 314 3162 ποιεῖς-ξ
374 3095 482 3150 Καὶ
534 3089 708 3150 εἶπον
731 3096 882 3161 πρὸς
930 3090 1153 3158 αὐτούς
1176 3106 1190 3121 ·
1215 3092 1407 3160 Λόγος
1437 3088 1659 3156 Κυρίου

109 3183 324 3251 ἐγένετο
363 3182 511 3253 πρὸς
569 3184 669 3252 μὲ,
705 3182 898 3251 λέγων
920 3198 935 3214 ο
979 3180 1127 3236 Eine
1168 3179 1317 3248 πρὸς
1355 3180 1463 3232 τὸν
1494 3175 1663 3233 οἷκον
1691 3210 1733 3269 C

121 3274 381 3344 Ἰσραήλ·
427 3274 576 3329 Τάδε
611 3272 773 3343 ,λέγει
810 3271 1051 3328 Ἄδων-ατ
1079 3272 1329 3341 Κύριος-ο
1371 3271 1517 3328 Ἰδοὺ
1553 3271 1667 3343 ἐγὼ

108 3366 330 3435 ,βεϐηλῶ
354 3369 425 3421 τὰ
450 3364 591 3437 ἅγιά
624 3383 766 3435 μου,
793 3365 1074 3435 φρύαγμα
1098 3364 1313 3433 ἰσχύος
1332 3361 1517 3433 ὑμῶν,
1543 3364 1669 3418 ἐπιο

113 3457 404 3529 θυμήματα
433 3455 757 3527 ὀφθαλμῶν
798 3453 984 3524 ὑμῶν,
1014 3455 1111 3509 καὶ
1140 3456 1290 3523 ὑπὲρ
1318 3448 1406 3509 ὧν
1433 3454 1670 3524 φείδον-

110 3566 194 3602 ται
223 3553 281 3603 αἱ
308 3548 497 3620 ψυχαὶ
542 3546 712 3617 ὑμῶν
730 3564 744 3577 ·
772 3546 870 3600 καὶ
896 3549 953 3601 οί
993 3545 1111 3601 υἱοὶ
1134 3544 1318 3616 ὑμῶν,
1349 3546 1448 3622 καὶ
1485 3550 1543 3601 αἱ
1565 3550 1691 3619 θυτ

109 3642 331 3711 γατέρες
354 3640 541 3711 ὑμῶν,
578 3638 688 3706 οὓς
733 3638 1158 3708 ἐγκατελίπετε
1201 3637 1269 3702 ⁸¹,
1302 3637 1372 3690 ἐν
1402 3637 1671 3706 ῥομφαίᾳ

112 3731 440 3787 πεσοῦνται.
497 3730 609 3786 Kal
656 3729 948 3797 ποιήσετε
993 3727 1065 3782 ὃν
1092 3729 1317 3797 τρόπον
1345 3727 1666 3795 πεποίηκα,

109 3824 220 3878 ἀπὸ
267 3827 561 3893 στόματος
606 3820 805 3876 αὐτῶν
858 3824 933 3876 οὐ
970 3820 1533 3891 παρακληθήσεσθε,
1572 3818 1671 3873 καί

111 3915 280 3983 ἄρτον
323 3914 558 3985 ἀνδρῶν
608 3915 682 3968 οὐ
736 3910 1021 3984 φάτεσθε.
1056 3911 1167 3967 Καὶ
1210 3913 1269 3966 at
1301 3912 1476 3981 κόμαι
1504 3900 1673 3980 ὑμῶν

111 4004 203 4061 ἔπι
223 4004 329 4076 τῆς
355 4004 628 4076 κεφαλῆς
666 4002 855 4074 ὑμῶν,
878 4002 976 4057 καὶ
1020 4006 1093 4057 τὰ
1116 4000 1473 4072 ὑποδήματα
1504 3998 1674 4070 ὑμῶν

111 4098 311 4165 ἐντοῖς
333 4098 520 4153 ποσὶν
562 4095 732 4167 ὑμῶν
755 4113 769 4127 ·
816 4094 955 4150 οὔτε
979 4093 1065 4165 μὴ
1095 4096 1390 4164 κόψησθε,
1422 4093 1562 4148 οὔτε
1583 4092 1672 4163 μὴ

1755 1999 1959 2054 mentia
1987 2011 2102 2061 eos,
2136 1995 2230 2065 qui
2262 1994 2367 2049 sibi
2400 1992 2681 2063 conjuncti
2738 1999 2920 2059 erant,
2959 1991 3159 2059 dignos
3204 2007 3335 2048 cena

1758 2098 1897 2156 seat,
1924 2098 2124 2161 praeter
2153 2088 2493 2143 voluntatem
2530 2093 2713 2141 tamen
2762 2085 2899 2156 ipsis
2948 2083 3156 2156 inﬂigat
3201 2101 3334 2155 sup-

1757 2181 2023 2251 plicium:
2059 2197 2078 2229 ι
2114 2175 2235 2233 Νοιι
2263 2176 2410 2233 enim
2445 2176 2564 2232 vult
2612 2183 2838 2232 mortem
2885 2178 3217 2248 peccatoris,
3255 2179 3338 2233 sic

1758 2279 1820 2326 ut
1850 2271 2029 2341 ipsum
2061 2269 2305 2325 converti
2334 2276 2389 2325 et
2409 2268 2593 2324 vivere
2616 2268 2669 2323 ιι.
2712 2286 2731 2321 ι
2765 2266 2882 2335 Qua
2917 2270 2986 2324 de
3013 2283 3180 2325 causa
3205 2285 3336 2340 pro-

1759 2359 1938 2430 pheta:
1976 2372 2215 2429 quoque,
2249 2366 2308 2413 ut
2336 2357 2499 2413 tacite
2534 2364 2717 2428 gemat
2764 2358 3030 2429 praecipit,
3064 2358 3171 2413 hoc
3218 2360 3336 2429 ipso

1761 2451 2104 2523 signiﬁcans,
2135 2451 2303 2506 etiam
2336 2466 2397 2506 se
2423 2459 2624 2521 praeter
2666 2450 3005 2507 voluntatem
3060 2451 3336 2509 sustinere

1761 2542 1944 2597 illatas
1975 2541 2178 2612 p0pulo
2209 2542 2577 2609 calamitates,
2607 2556 2733 2596 cum
2773 2551 2828 2598 et
2866 2528 3041 2598 multa
3089 2542 3337 2599 bonitate

1763 2640 2004 2704 praestet,
2057 2647 2167 2702 qua
2216 2633 2282 2685 ad
2328 2628 2680 2686 clementiam
2734 2647 3042 2702 propensus
3107 2642 3229 2700 est,
3286 2643 3342 2689 et

1763 2725 1959 2795 punire
2013 2730 2239 2795 propter
2296 2722 2669 2792 improbitatis
2726 2723 3179 2794 exsuperantiam
3236 2739 3336 2779 co-

1766 2824 1946 2886 gatur.

1740 2962 1767 2970 ἀ
1836 2904 2003 2961 Vsus.
2046 2904 2234 2959 ιιι-ει.
2282 2901 2352 2957 Et
2403 2901 2563 2969 dixit,
2613 2901 2813 2974 inquit,
2870 2903 2939 2957 ad
2986 2920 3068 2959 me
3114 2904 3339 2974 populus

1767 3014 1953 3052 uicus:
1987 2995 2112 3051 Non
2142 2996 2431 3051 annuntias
2476 2996 2649 3061 nobis,
2684 3011 2801 3067 qua:
2842 2997 2948 3051 sint
3003 2997 3113 3053 hac
3143 3015 3259 3068 qua
3287 3011 3343 3051 tu

1768 3091 1945 3160 facis?
1972 3089 2037 3144 Et
2076 3088 2190 3143 dixi
2234 3088 2302 3142 ad
2340 3104 2427 3143 eos
2458 3103 2479 3141 :
2521 3086 2744 3142 Verbum
2775 3086 2991 3143 Domini
3023 3088 3222 3159 factum
3265 3098 3343 3144 est

1769 3182 1838 3237 ad
1888 3199 1989 3245 me,
2038 3182 2261 3235 dicens:
2294 3180 2391 3234 Dic
2426 3179 2494 3233 ad
2537 3167 2755 3235 domum
2781 3179 2996 3236 Israel:
3035 3180 3164 3236 Hac
3211 3182 3343 3236 dicit

1771 3272 1981 3329 Δάοηαὶ
2018 3271 2307 3326 Dominus:
2335 3271 2470 3326 Ecce
2495 3288 2588 3343 ego
2620 3273 2845 3342 profano
2873 3284 3060 3328 sancta
3084 3290 3218 3337 mea,
3252 3292 3344 3328 su-

1764 3365 2000 3437 perbiam
2046 3365 2250 3420 roboris
2297 3366 2477 3431 vestri,
2524 3366 2787 3422 desideria
2827 3368 3097 3422 oculorum
3130 3380 3346 3423 .vestro-

1766 3479 1907 3527 rum,
1942 3471 1992 3516 et
2019 3478 2112 3532 pro
2142 3461 2332 3532 quibus
2377 3470 2602 3532 parcunt
2651 3462 2845 3515 anima:
2875 3470 3061 3516 vestra;
3089 3476 3108 3513 :
3156 3469 3205 3515 et
3241 3461 3345 3530 ﬁlii

1768 3557 1953 3617 vestri.
1984 3565 2033 3609 et
2062 3555 2190 3624 ﬁlia:
2226 3565 2411 3609 vestrm
2436 3571 2566 3625 quas
2612 3551 3139 3625 reliquistisggladio
3177 3555 3341 3608 conci-

1767 3651 1909 3703 dent.
1948 3649 2114 3720 882
2156 3646 2222 3702 Et
2250 3646 2459 3717 facietis
2505 3645 2943 3717 quemadmodum
2987 3645 3108 3716 feci,
3149 3646 3216 3699 ab
3255 3663 3345 3700 ore

1769 3745 1999 3814 ipsorum
2033 3757 2137 3795 non
2167 3738 2590 3804 consolabimini,
2631 3746 2683 3793 et
2729 3753 2918 3806 panem
2959 3741 3194 3793 virorum
3240 3756 3345 3794 non

1770 3833 2070 3890 comedetis.
2106 3829 2173 3886 Et
2202 3847 2364 3887 coma:
2410 3837 2593 3886 restria
2633 3846 2789 3899 super
2825 3838 2981 3899 caput
3016 3840 3263 3894 oestrum,
3295 3841 3345 3886 et

1771 3926 2126 3981 calceamenta
2166 3933 2339 3979 vestra
2382 3923 2439 3977 in
2473 3921 2690 3991 pedibus
2733 3922 3162 3997 vestrisrneque
3191 3922 3349 3991 plan-

1770 4019 1923 4088 getis,
1953 4031 2116 4084 neque
2145 4015 2364 4085 ﬂebitis,
2387 4024 2439 4069 et
2471 4013 2743 4068 tabescetis
2777 4014 2834 4067 in
2863 4012 3107 4067 cordibus
3136 4015 3346 4079 vestris,

1771 4115 1820 4158 et
1868 4120 1972 4157 non
2018 4102 2423 4157 consolabimini
2474 4104 2830 4173 unusquisque
2883 4103 3106 4172 fratrem
3168 4119 3346 4157 suum.

109 4190 431 4261 κλαύσητε’
486 4189 588 4243 καὶ
631 4187 1043 4265 ἐντακήσεσθε
1084 4187 1154 4241 ἐν
1184 4185 1312 4252 ταῖς
1339 4185 1607 4253 καρδίαις
1626 4184 1656 4217 επ

1775 4194 1844 4248 Et
1862 4195 1961 4249 erit
1982 4194 2126 4248 vobis
2152 4193 2394 4248 Ezechiel
2424 4195 2477 4248 in
2500 4203 2832 4263 portentum;
2854 4192 3139 4248 secundum
3168 4196 3349 4247 omnia

112 4278 295 4347 ὑμῶν,
330 4280 427 4333 καί
460 4279 508 4312 ⁸⁸
532 4279 604 4332 οὐ
631 4273 1080 4345 παρακαλέσετε
1099 4274 1354 4337 ἕκαστος
1378 4271 1487 4325 τὸν
1509 4270 1655 4325 ἀδελ

1775 4303 2095 4357 quacunque
2140 4284 2265 4354 fecit
2306 4284 2536 4353 facietis,
2565 4285 2776 4353 quando
2806 4286 3033 4338 venerint
3061 4284 3191 4347 Ιιανο,
3228 4293 3349 4337 tunc

109 4369 227 4436 φὺν
245 4370 443 4427 αὐτοῦ.
480 4368 591 4425 Καὶ
637 4360 810 4422 ἔσται
840 4366 987 4437 ὑμῖν
1031 4363 1301 4431 Ἰεζεκιὴλ
1345 4365 1432 4429 είς
1459 4361 1633 4431 τέρας

1776 4378 2096 4448 cognoscetis
2125 4392 2203 4429 me
2233 4392 2345 4429 esse
2372 4374 2890 4429 AdonaiDominum.
2926 4374 3031 4429 Per
3060 4375 3208 4443 ipsas
3236 4390 3347 4437 res,

112 4462 256 4517 κατὰ
286 4463 493 4528 πάντα,
526 4462 644 4516 ὅσα
691 4461 964 4529 ἐποίησε,
1011 4459 1314 4525 ποίησετε,
1351 4455 1498 4510 ὅταν
1524 4453 1656 4523 ἔλθῃ

1777 4464 1977 4533 inquit,
2011 4463 2163 4517 vobis
2194 4462 2534 4532 prophetiam
2563 4462 2801 4529 ostendi,
2833 4473 2888 4517 et
2921 4463 2973 4516 in
2996 4462 3208 4532 meipso
3231 4479 3354 4534 qua:

111 4554 310 4620 ταῦτα,
337 4555 431 4609 καί
462 4551 888 4623 ἐπιγνώσεσθε,
907 4551 996 4604 ὅτι
1022 4547 1136 4619 ἐγὼ
1175 4547 1414 4605 Ἀδωναῒ
1435 4546 1652 4613 Κύριος

1778 4561 2040 4609 eventura
2098 4554 2209 4607 sint
2271 4553 2429 4608 vobis
2485 4554 2827 4608 adnmbravi.
2881 4552 3350 4619 Quemadmodum

112 4645 212 4698 Διὰ
230 4646 330 4700 τῶν
364 4646 706 4718 πραγμάτων
764 4645 925 4716 ὑμῖν,
974 4642 1128 4711 φησι,
1188 4640 1287 4711 τὴν
1337 4638 1656 4709 προφητείαπ

1781 4648 1926 4702 enim
1964 4661 2063 4715 ego
2092 4655 2307 4699 mortua
2352 4644 2587 4715 conjuge
2633 4646 2768 4700 nihil
2821 4660 3012 4700 eorum
3065 4645 3190 4711 feci,
3229 4663 3356 4717 qua:

110 4736 377 4803 ὑπέδειξα,
410 4740 503 4791 καὶ¹
541 4739 598 4790 ἐν
625 4734 847 4811 ἐμαυτῷ
874 4734 943 4788 τὰ
966 4733 1199 4802 ἐσόμενα
1228 4731 1366 4801 ὑμῖν,
1383 4728 1651 4800 ἐσκιαγρά

1782 4754 1884 4810 pro
1928 4743 2160 4793 mortuis
2208 4737 2326 4791 ﬁeri
2379 4745 2804 4803 consueverunt,
2861 4754 2970 4793 non
3021 4739 3357 4794 lamentatus

108 4844 278 4897 φησα.
298 4830 507 4900 ’Ὠσπερ
533 4828 641 4896 γὰρ
664 4825 791 4896 ἐγὼ,
823 4826 924 4895 τῆς
968 4823 1232 4896 ὁμόζυγος
1261 4820 1559 4891 δεξαμένης
1582 4819 1656 4873 τοί

1784 4843 1927 4892 sum,
1955 4841 2063 4881 non
2096 4826 2335 4896 ploravi,
2368 4843 2477 4881 non
2527 4828 2809 4898 lugubrem
2837 4837 3043 4885 vestem
3092 4832 3302 4900 sumpsi
3337 4852 3352 4886 :

110 4918 233 4988 βίου
258 4920 505 4983 τὸτέλος,
544 4918 699 4972 οὐδὲν
746 4916 981 4985 ἐποίησα
1006 4914 1116 4966 τῶν
1163 4911 1432 4965 εἰωθότων
1472 4911 1564 4964 ἐπὶ
1592 4928 1656 4963 νει

1780 4917 1856 4970 ita
1888 4916 2050 4971 etiam
2079 4932 2198 4982 vos,
2233 4917 2360 4973 [iliis
2407 4927 2463 4977 et
2507 4920 2723 4975 ﬁliabus
2764 4922 2965 4976 vestris
3009 4922 3318 4980 interfectis
3341 4964 3359 4988 ,

110 5013 266 5080 κροῖς
290 5009 670 5072 ἐπιτελεῖσθαι,
694 5008 752 5062 ού
779 5007 999 5079 θρῆνον,
1030 5005 1089 5058 οὐ
1121 5004 1374 5075 δάκρυον,
1400 5002 1459 5053 ού
1490 4999 1656 5054 πένθιι

1783 5017 2084 5077 sanctoque
2117 5009 2338 5078 templo,
2372 5018 2595 5079 propter
2612 5011 2758 5080 quod
2788 5011 2858 5064 ad
2885 5014 2993 5068 hoc
3021 5028 3196 5083 usque
3219 5021 3357 5069 tem-

114 5118 221 5171 μον
242 5103 434 5173 exiutas
467 5100 609 5155 οὕτω
638 5101 731 5153 καὶ
756 5101 934 5170 ὑμεῖς,
967 5095 1075 5150 τῶν
1106 5095 1235 5148 υἱῶν
1269 5093 1422 5164 ὑμῶν
1455 5092 1546 5145 καὶ
1573 5089 1656 5144 τῶε

1783 5113 1887 5168 pus
1921 5100 2176 5167 superbia
2207 5098 2337 5153 elati
2362 5099 2768 5170 gloriabamini,
2799 5117 2897 5171 per
2932 5102 3132 5173 impios
3161 5104 3357 5157 barba-

150 5195 425 5265 υγατέρων
465 5191 879 5263 σφαττομένων,
921 5189 1019 5242 καὶ
1074 5186 1168 5240 τοῦ
1198 5187 1355 5255 ἁγίου
1386 5185 1490 5236 νεὼ
1520 5182 1653 5253 βεῦη

1783 5204 1897 5254 ros,
1934 5189 2025 5257 qui
2059 5188 2295 5258 ingressi
2320 5198 2470 5255 sunt,
2506 5192 2818 5261 profanato,
2847 5200 2902 5248 et
2925 5194 3149 5264 insuper
3174 5194 3359 5247 inlini-

120 5286 374 5355 ,ιουμένου
418 5288 485 5357 τῇ
546 5283 655 5337 τῶν
683 5282 913 5336 ἀνοσίων
963 5279 1252 5354 βαρὸἀρων
1280 5275 1489 5346 εἰσόδῳ,
1530 5267 1656 5343 ἐφ’ἑ

1788 5279 1859 5335 tis
1894 5278 2018 5334 aliis
2047 5280 2206 5334 malis
2252 5280 2408 5335 vobis
2452 5282 2754 5352 immissis,
2800 5300 2981 5356 neque
3025 5286 3358 5341 lamentandi

193 5421 366 5495 iCap.
404 5438 564 5488 xvnl,
598 5419 785 5487 25,52.
1407 5481 1648 5536 VARUE
1690 5481 2101 5538 LECTlONES.

198 5604 290 5679 ’Ἃ
312 5607 661 5679 ἀπαγγελεῖς.
700 5677 710 5679 ᾼ
738 5606 781 5638 ⁸¹
813 5604 858 5659 Β
906 5599 1338 5679 ἐγκατελείπετε.
1416 5597 1459 5628 ⁸⁸
1481 5597 1638 5668 καρδ.
1678 5596 1806 5655 Rec.
1850 5597 2012 5653 lectio
2029 5605 2113 5654 est
2137 5595 2392 5663 ἀδικίαις,
2426 5597 2582 5667 juxta
2616 5596 2782 5654 Hebr.
2851 5598 2896 5629 ⁸³
2927 5598 3019 5651 καὶ
3052 5592 3207 5648 "at.
3239 5591 3360 5646 αὐτ.

109 5674 291 5731 Hebr.
321 5689 374 5736 et
406 5674 634 5749 geinetis
666 5677 803 5733 alter
826 5690 948 5731 cum
989 5674 1173 5727 altero.
