3840 6202
496 291 629 375 1059

1477 300 1965 365 THEODORETI
2021 296 2358 359 EPISCOPI
2393 293 2758 356 CYRENSIS

3590 296 3707 364 1080

494 422 807 478 facultatem
859 406 1293 491 consequemini,
1344 429 1523 487 neque
1570 413 1774 469 usitata
1826 407 2064 465 faciendi

2175 407 2333 478 μέχρι
2359 407 2454 460 τοῦ
2483 405 2748 478 παρόντος
2781 402 3123 476 ὲκομπάζετε
3164 404 3256 459 καὶ
3297 406 3708 483 μεγαλαυχούμε·

494 513 652 570 vobis
688 520 930 584 potestas
958 510 1313 574 concedetur,
1345 524 1456 564 non
1482 505 1682 577 capitis
1706 500 2062 564 detondendi,

493 620 605 664 non
628 606 1014 663 calceamentis
1031 606 1195 676 pedes
1219 600 1475 665 exuendi,
1501 613 1677 669 neque
1699 597 2064 667 lacrymarum

497 699 740 753 fontibus
767 698 975 754 doloris
998 696 1351 753 acerbitatem
1378 690 1640 753 leniendi,
1672 702 1851 759 neque
1877 699 2065 739 mensa

493 790 584 845 illa
631 789 872 854 fruendi,
922 805 1045 861 quae
1095 784 1493 844 consolationis
1556 798 1684 855 ergo
1730 780 2062 846 instruitur;

457 940 463 945 _
492 896 665 948 neque
692 881 909 936 demum
940 881 1092 941 aliud
1123 879 1408 951 quidpiam
1458 891 1672 940 eorum,
1707 888 1829 944 quae
1862 869 2064 926 usitata

455 968 640 1033 'snnt,
690 970 948 1027 faciendi.
998 969 1066 1025 Et
1115 966 1540 1025 recordabimini
1588 980 1803 1031 eorum,
1865 977 1985 1033 quzc
2035 974 2065 1014 a

491 1062 756 1133 propheta
793 1061 936 1117 facta
962 1069 1113 1129 sunt,
1146 1068 1199 1116 et
1223 1077 1289 1114 ex
1315 1068 1514 1114 eventu
1546 1071 1728 1112 rerum
1770 1068 2069 1124 cognosce-

489 1153 580 1219 tis,
618 1159 876 1223 tanquam
906 1160 1218 1223 portentum
1253 1151 1525 1222 quoddam
1562 1158 1616 1203 ct
1645 1148 1859 1217 signum
1895 1144 2066 1197 fuisse

489 1243 646 1300 vobis
688 1244 1009 1315 prophetam
1033 1284 1050 1311 ,
1095 1242 1189 1315 qui
1232 1259 1328 1314 per
1363 1243 1513 1313 ipsas
1563 1253 1651 1295 res
1682 1236 1872 1292 futura
1905 1235 2065 1290 vobis

490 1335 819 1407 praedixerit.
1424 1321 1427 1325 ’

2170 514 2252 552 νοι
2281 497 2591 562 διετελεῖτε,
2609 498 2707 551 καὶ
2739 497 2875 568 πρὸς
2902 495 3113 560 τούτοις
3137 498 3350 568 μυρίοις
3368 498 3563 570 ἑτέροις
3585 519 3710 575 περι.

2171 589 2488 661 πειρὸμενοι
2523 591 2733 653 κακοῖς,
2795 589 2919 644 οὐδὲ
2962 589 3176 662 θρήνων
3216 588 3400 644 ἄδειαν
3425 591 3585 658 ἕξετε,
3610 595 3711 648 οὐδὲ

2172 684 2396 754 ποιῆσαι
2439 681 2506 736 τὰ
2550 680 2755 752 συνήθη
2801 679 3337 753 συγχωρηθήσεσθε,
3391 675 3450 733 οὗ
3501 683 3711 754 κεφαλὴν

2171 776 2485 846 ἀποκεῖραι,
2509 775 2610 843 οὐχ
2648 772 3014 844 ὑποδημάτων
3079 773 3366 843 γυμνῶσαι
3393 773 3512 837 τοὺς
3551 774 3709 841 πόδας,

2170 865 2232 919 οὐ
2260 867 2379 929 ταῖς
2434 863 2618 918 λιδάσι
2673 863 2783 917 τῶν
2842 862 3099 933 δακρύων
3152 862 3215 916 τὸ
3257 861 3399 933 βαρὺ
3427 866 3519 933 τῆς
3562 862 3711 937 λύπης

2173 952 2663 1025 ἀποφορτίσασθαι,
2698 953 2760 1006 οὐ
2787 951 3249 1024 παραμυθητικῆς
3278 951 3575 1007 ἀπολαῦσαι
3598 972 3710 1026 τρα-

2172 1045 2362 1117 πέζης,
2391 1046 2492 1098 οὑκ
2525 1044 2652 1098 ἄλλο
2672 1061 2727 1098 τι
2786 1043 2897 1097 τῶν
2950 1043 3199 1115 συνήθων
3249 1042 3573 1099 ἐπιτελέσαι.
3623 1047 3712 1101 Καὶ

2171 1134 2658 1208 ἀναμνησθήσεσθε
2680 1134 2789 1188 τῶν
2804 1133 2912 1188 ὑπὸ
2927 1135 3021 1188 τοῦ
3050 1137 3333 1207 προφήτου
3346 1137 3709 1206 γεγενημένων,

2171 1229 2266 1283 καὶ
2292 1226 2602 1299 μαθήσεσθε
2628 1226 2716 1280 διά
2764 1226 2859 1281 τοῦ
2899 1224 3088 1290 τέλους
3113 1226 3221 1280 τῶν
3263 1227 3613 1299 πραγμάτων,
3645 1229 3710 1284 ὅτι

2171 1318 2426 1388 καθάπερ
2447 1335 2498 1371 τι
2525 1316 2689 1388 τέρας
2719 1317 2847 1387 ὑμῖν
2876 1316 2973 1371 καὶ
3004 1318 3228 1388 σημεῖον
3249 1317 3278 1369 ὁ
3311 1318 3588 1386 προφήτης
3614 1318 3709 1386 ἐγέ-

2170 1426 2312 1475 νετο,
2337 1410 2425 1464 διά
2463 1409 2569 1462 τῶν
2617 1408 2962 1481 πραγμάτων
3007 1408 3136 1480 ὑμῖν
3202 1407 3583 1481 προσενεγκὼν
3624 1409 3710 1464 τῶν

2173 1501 2448 1573 ἐσομένων
2480 1501 2811 1574 πρόρρησιν.

556 1602 721 1676 883
759 1600 923 1658 Vens.
964 1600 1153 1655 25-27.
1190 1597 1257 1653 Et
1280 1608 1357 1664 tu,
1391 1596 1471 1667 ﬁli
1496 1594 1744 1660 hominis,
1781 1608 1948 1646 nonne
1981 1590 2067 1645 die

2242 1591 2452 1656 κε’-κζ’.
2486 1592 2591 1646 Kal
2606 1592 2710 1656 σὺ,
2726 1589 2819 1645 υἱὲ
2836 1589 3323 1660 ἀνθρώπου,οὐχί
3341 1590 3415 1644 ἐν
3439 1588 3511 1659 τῇ
3534 1590 3708 1662 τὐιέρᾳ,

488 1697 583 1752 illo
599 1713 703 1766 quo
715 1693 897 1763 aufero
917 1692 982 1745 ab
1018 1691 1144 1759 ipsis
1162 1694 1323 1743 robur
1351 1703 1552 1753 eorum,
1571 1685 1851 1741 elationem
1875 1682 2068 1753 gloria-

2175 1685 2319 1739 ὅταν
2345 1683 2628 1755 λαμϐάνω
2651 1686 2790 1754 παρ’
2807 1683 3017 1754 ξαύτῶν
3048 1682 3165 1752 τὴν
3182 1683 3374 1753 ἰσχὺν
3397 1683 3600 1751 αὐτῶν,
3622 1686 3711 1753 τὴν

490 1788 653 1843 tionis
685 1800 889 1849 eorum,
912 1782 1180 1837 desideria
1219 1780 1494 1834 oculorum
1531 1779 1787 1846 ipsorum,
1811 1784 1857 1827 et
1878 1773 2068 1828 elatio-

2175 1780 2428 1848 ἔπαρσιν
2457 1776 2568 1846 τῆς
2605 1776 2959 1848 καυχήσεως
2990 1774 3209 1841 αὐτῶν,
3246 1777 3319 1830 τὰ
3339 1776 3711 1846 ἐπιθυμήματα

2172 1870 2290 1925 τῶν
2304 1869 2628 1940 ὀφθαλμῶν
2638 1869 2855 1936 αὐτῶν,
2869 1869 2967 1923 καὶ
2989 1867 3105 1937 τὴν
3118 1869 3391 1937 ἔπαρσιν
3408 1866 3516 1938 τῆς
3537 1867 3711 1938 ψυχῆς

2171 1959 2391 2025 αὐτῶν,
2404 1960 2574 2027 viain;
2588 1958 2810 2026 αὐτῶν,
2830 1959 2929 2013 καί
2959 1957 3286 2030 θυγατέρας
3300 1958 3534 2022 αὺτῶν;
3558 1960 3644 2013 Ἔν
3655 1957 3710 2025 τῇ

2171 2053 2361 2126 ἡμέρᾳ
2384 2053 2584 2125 ἐκείνῃ
2616 2053 2750 2122 ἣξει
2779 2056 2813 2108 ὁ
2851 2052 3304 2123 ἀνασωζόμενος
3340 2051 3494 2122 πρὸς
3522 2052 3606 2117 σὲ,
3628 2054 3711 2106 τεῦ

2169 2146 2523 2218 ἀναγγεῖλαι
2550 2162 2650 2200 σοι
2680 2147 2768 2212 εἷς
2800 2146 2872 2200 τὰ
2905 2140 3047 2201 ὦτα.
3098 2145 3204 2199 Ἐν
3235 2144 3446 2214 ἐκείνῃ
3472 2143 3542 2214 τῇ
3560 2143 3712 2214 ἡμέρᾳ

2170 2237 2660 2307 ἃιανοιχθήσεται
2689 2236 2756 2291 τὸ
2786 2241 2980 2308 στόμα
3000 2251 3119 2292 σου
3146 2236 3299 2306 πρὸς
3323 2236 3437 2290 τὸν
3462 2234 3714 2294 circumit}.

2165 2348 2373 2403 μενον,
2410 2330 2507 2384 καὶ
2533 2328 2849 2397 λαλήσεις,
2875 2330 2971 2384 καὶ
2992 2332 3063 2385 οὺ
3074 2330 3161 2399 μὴ
3196 2327 3489 2399 κωφωθῇς
3511 2329 3609 2380 οὐκ
3627 2326 3712 2390 ἔτι,

2170 2416 2267 2491 καὶ
2296 2416 2409 2485 ἔσῃ
2435 2416 2640 2485 αὐτοῖς
2669 2420 2756 2484 εις
2784 2417 2979 2487 τέρας,
3015 2418 3117 2474 καὶ
3146 2419 3493 2490 γνώσονται
3518 2417 3599 2472 ὅτι
3627 2415 3715 2484 ἐγὼ

2183 2508 2423 2563 Ἆδωναϊ
2439 2510 2676 2578 Κύριος.
2711 2509 2803 2581 Μὴ
2837 2510 2999 2581 μόνον
3029 2511 3122 2565 ἐπὶ
3158 2509 3254 2564 τοῦ
3286 2510 3558 2584 παρόντος
3577 2506 3713 2561 ταῦτα

2168 2598 2366 2663 αὐτοὺς
2412 2597 2675 2665 διδάξεις
2721 2596 2858 2653 ἀλλά
2911 2599 3007 2654 καὶ
3050 2600 3181 2655 ὅταν
3211 2598 3364 2663 τέλος
3389 2601 3427 2670 ὴ
3457 2599 3716 2671 πρόρρησις

2168 2691 2331 2762 λάϐῃ,
2363 2692 2461 2746 καὶ
2482 2691 2550 2744 τά
2576 2706 2641 2759 γε
2664 2691 2796 2760 ἀγια
2808 2692 2922 2755 τοῖς
2951 2691 3189 2754 ἀνοσίοις
3228 2689 3535 2763 βαρϐάροις
3568 2705 3716 2759 παρα-

2169 2785 2317 2855 δοθῇ,
2341 2784 2396 2836 οἴ
2421 2800 2477 2836 τε
2505 2783 2611 2837 uici.
2643 2783 2823 2837 αὐτῶν
2849 2783 2944 2838 καὶ
2976 2785 3033 2838 αἱ
3076 2782 3379 2854 θυγατέρες
3401 2780 3716 2854 παραδοθῶσι

485 1898 602 1938 nem
633 1881 827 1934 anima:
849 1877 1107 1946 ipsorum,
1141 1875 1284 1945 ﬁlios
1307 1875 1567 1943 ipsorum,
1591 1879 1641 1926 et
1674 1869 1816 1940 ﬁlias
1843 1883 2021 1921 eorum
2048 1868 2072 1921 ?

491 1969 584 2027 Die
617 1970 712 2025 illo
746 1969 909 2023 veniet
937 1966 1175 2020 salvatus
1227 1962 1295 2017 ad
1343 1972 1390 2017 te
1421 2003 1437 2029 ,
1478 1970 1537 2015 ut
1585 1959 1848 2015 renuntiet
1890 1958 1982 2012 tibi
2016 1957 2070 2012 in

490 2081 667 2119 aures.
714 2060 810 2115 Die
842 2060 936 2114 illo
975 2060 1239 2126 aperietur
1289 2070 1346 2111 os
1384 2063 1529 2108 tuum
1592 2052 1666 2107 ad
1699 2051 1988 2111 salvatum,
2019 2058 2071 2104 et

491 2156 739 2226 loqueris,
768 2152 819 2207 e't
848 2164 950 2206 non
984 2150 1088 2205 eris
1120 2157 1296 2202 mutus
1327 2131 1575 2215 amplius,
1617 2157 1667 2198 et
1712 2143 1816 2197 eris
1855 2141 1984 2212 ipsis
2015 2143 2070 2196 in

489 2256 808 2317 portentum,
840 2254 891 2300 et
918 2250 1228 2314 cognoscent
1260 2254 1341 2293 me
1372 2253 1483 2293 esse
1521 2237 1730 2290 Adonai
1765 2235 2064 2290 Dominum.

489 2338 609 2394 Non
647 2339 823 2393 solum
876 2337 933 2390 in
969 2330 1229 2406 praesenti
1287 2330 1404 2386 inec
1459 2329 1609 2400 ipsos
1659 2327 1936 2406 edocebis,
1975 2326 2068 2381 sed

490 2436 656 2491 ctiam
700 2431 922 2504 quando
948 2402 1235 2503 praedictio
1264 2437 1461 2484 eventu
1498 2423 1663 2479 fuerit
1691 2402 2067 2492 comprobata,

490 2540 544 2585 et
578 2527 761 2597 impiis
794 2509 1049 2581 barbaris
1082 2522 1281 2577 tradita
1315 2517 1521 2573 fuerint
1547 2533 1669 2589 quae:
1695 2523 1885 2571 sancta
1916 2521 2066 2581 sunt,

491 2634 556 2673 ac
609 2618 703 2671 lilii
739 2616 983 2686 ipsorum
1022 2621 1078 2669 et
1108 2610 1231 2666 tiliae
1282 2608 1474 2671 occisi,
1511 2614 1564 2660 et
1608 2603 1895 2660 advenerit
1943 2602 2070 2658 huic

492 2708 692 2778 aliquis
739 2706 830 2778 qui
872 2704 1014 2758 facta
1048 2701 1263 2763 doceat,
1322 2708 1453 2754 tunc
1503 2694 1558 2752 in
1610 2695 1926 2751 memoriam
1961 2693 2070 2749 illis

490 2813 758 2855 revocans
783 2789 1335 2868 praedictioncshand
1390 2789 1695 2845 sustinebis
1757 2795 1965 2851 tacere,
2010 2794 2071 2841 ut

493 2890 799 2964 percipiant
847 2887 993 2959 quod
1041 2901 1161 2941 mea
1196 2884 1482 2946 voluntate
1517 2897 1747 2952 meoque
1793 2879 2069 2951 permissu

2175 2877 2375 2964 σφαγῇ,
2409 2874 2504 2928 καὶ
2530 2874 2794 2945 ἀφίκηταί
2827 2890 2912 2938 τις
2958 2872 3169 2927 ἐκεῖθεν
3209 2873 3279 2928 τὰ
3294 2873 3627 2945 γεγενημένα
3654 2871 3715 2924 δι-

492 2984 607 3038 h:ec
639 2962 781 3037 facta
817 2980 946 3043 sint,
978 2992 1278 3051 p'Icnasque
1309 2975 1605 3047 impiorum
1634 2973 1943 3029 facinorum
1975 2973 2070 3028 de-

2175 2963 2407 3028 δάσκων,
2438 2965 2767 3041 ἀναμνήσων
2789 2964 2985 3027 αὐτοὺς
3010 2964 3111 3034 τῆς
3141 2964 3531 3035 προρρήσεως,
3558 2962 3640 3024 καὶ
3658 2962 3717 3033 μὴ

493 3076 689 3141 derint,
711 3081 765 3131 et
787 3073 934 3148 quod
962 3088 1068 3128 non
1094 3078 1316 3143 propter
1345 3060 1585 3125 hostium
1613 3068 1784 3133 vires,
1818 3067 1911 3123 sed
1941 3083 2067 3137 pro-

2175 3057 2380 3128 άνάσχῃ
2410 3057 2649 3143 σιγῆσαι,
2685 3054 2773 3115 ἵνα
2825 3054 3072 3127 μάθωσιν
3100 3055 3177 3119 ὡς
3223 3054 3360 3143 ὲμοῐξ
3399 3053 3716 3126 βουληθέντος

495 3176 614 3238 pter
636 3167 842 3239 justam
876 3179 1051 3221 meam
1086 3165 1221 3218 iram
1249 3161 1398 3234 passi
1440 3161 1550 3218 sint
1575 3174 1917 3232 quaecunque
1947 3174 2068 3228 per-

2175 3147 2267 3199 καὶ
2309 3142 2766 3218 συγχωρήσαντος
2809 3142 2985 3200 ταῦτα
3038 3138 3357 3215 γεγένηται,
3430 3144 3528 3198 καὶ
3591 3142 3716 3206 δίκας

495 3233 757 3316 tulerunt.
801 3257 1073 3327 Deinceps
1126 3255 1192 3310 ad
1228 3233 1324 3310 eos
1354 3253 1449 3327 qui
1500 3256 1517 3277 ί
1551 3252 1770 3308 ﬁnitimi
1800 3259 1962 3316 erant
1992 3249 2070 3304 ls-

2175 3238 2378 3292 τίσουσι
2407 3238 2453 3275 ⁸⁸
2476 3237 2583 3292 τῶν
2602 3237 2970 3309 ἀσεϐημάτων
2988 3253 3001 3266 ·
3018 3237 3113 3290 καὶ
3136 3236 3197 3289 οὒ
3217 3235 3307 3290 διὰ
3331 3236 3431 3307 τὴν
3461 3235 3560 3291 τῶν
3587 3233 3718 3288 πολε-

495 3355 681 3418 raelis,
719 3353 922 3424 quique
963 3325 1186 3421 prOpter
1218 3362 1313 3404 eos
1346 3346 1693 3411 laetabantur,
1731 3342 2070 3415 prophetiam

2175 3331 2312 3401 μίων
2345 3331 2518 3419 lexin,
2548 3330 2685 3385 ἀλλὰ
2708 3329 2794 3384 διά
2818 3329 2917 3402 τὴν
2935 3329 3074 3401 ἐμὴν
3101 3328 3317 3383 δικαίαν
3343 3327 3517 3401 ὀργὴν
3548 3325 3715 3381 πεπόν-

498 3445 802 3510 convertit,
853 3441 1170 3514 primosque
1228 3437 1367 3494 tllios
1416 3438 1648 3492 Ammon
1719 3435 1775 3490 in
1829 3435 2069 3491 medium

2175 3419 2348 3477 θασιν.
2383 3416 2665 3475 Ἐντεῦθεν
2682 3419 2871 3476 λοιπὸν
2899 3422 2995 3474 ἐπὶ
3021 3419 3147 3484 τοὺς
3172 3421 3236 3475 ὲκ
3264 3419 3524 3489 γειτόνων
3543 3416 3719 3472 οίκοῦν-

2169 3532 2269 3579 τας
2307 3512 2401 3568 τοῦ
2440 3513 2679 3584 Ἰσραὴλ,
2735 3513 2831 3568 καὶ
2889 3511 3259 3584 ἐφηδομένους
3308 3510 3520 3575 αὐτοῖς,
3560 3511 3719 3581 τρέπει

498 3537 778 3610 producit.
1100 3604 1106 3609 θ
2169 3537 2269 3579 τας
2307 3537 2401 3568 του
2458 3537 2679 3584 ισραηΛ,
2735 3537 2831 3568 και
2889 3537 3259 3584 εφηοομενυυς
3308 3537 3520 3575 αυτοις,
3560 3537 3719 3581 τριτιιι

2169 3604 2270 3675 τὴν
2314 3602 2672 3675 προφητείαν,
2715 3603 2811 3657 καὶ
2852 3603 3103 3675 πρώτους
3158 3604 3239 3669 είς
3271 3604 3440 3689 μέσον
3474 3601 3592 3671 ἄγει
3620 3599 3720 3662 τοὺς

1060 3783 1296 3843 CAPUT
1345 3782 1515 3840 xxv.
1698 3856 1700 3859 τ

568 3883 735 3937 \‘uns.
772 3878 886 3933 1-5.
918 3872 988 3931 Et
1027 3876 1229 3946 factum
1263 3886 1341 3931 cst
1373 3876 1582 3930 verbum
1630 3876 1845 3930 Datnini
1870 3877 1938 3931 ad
1970 3894 2068 3943 me,

498 3976 673 4028 dicens
704 3989 721 4027 :
747 3969 856 4023 Fili
878 3968 1125 4031 hominis,
1159 3967 1316 4037 firma
1349 3967 1539 4037 [aciem
1572 3976 1717 4020 tuam
1750 3983 1905 4038 super
1929 3968 2073 4038 ﬁlios

500 4069 741 4128 Ammon,
785 4069 835 4116 et
879 4060 1130 4128 propheta
1160 4074 1319 4129 super
1351 4075 1460 4113 eos.
1513 4057 1577 4113 Et
1609 4059 1750 4114 dices
1788 4060 1916 4129 ﬁliis
1944 4060 2073 4114 Am-

500 4174 622 4212 mon
660 4171 680 4211 :
720 4155 914 4209 Audite
964 4152 1176 4208 uerbum
1229 4150 1439 4207 Adonai
1489 4150 1885 4220 Domini;ltazc
1943 4154 2070 4208 dicit

503 4250 709 4305 Adonai
741 4247 998 4303 Dominus
1032 4261 1052 4299 :
1088 4245 1168 4300 Eo
1194 4245 1332 4316 quod
1355 4246 1523 4316 gavisi
1548 4245 1677 4300 estis
1703 4260 1858 4314 super
1885 4256 2075 4301 sancta

502 4357 636 4406 mea,
652 4341 775 4409 quia
792 4336 1080 4407 profanata
1099 4345 1244 4403 sunt,
1256 4346 1305 4389 et
1325 4334 1493 4408 884.
1516 4351 1670 4403 super
1686 4342 1882 4389 terram
1895 4333 2075 4390 Israe-

2174 3696 2323 3761 υίοὺς
2367 3696 2423 3750 Ἀ
2434 3693 2640 3769 μμώνη

2670 3786 3068 3840 ΚΕΦΑΛᾹῙΟΝ
3121 3785 3251 3843 KE’.

2244 3883 2390 3935 a.'-s'.
2426 3878 2535 3934 Kal
2597 3878 2834 3949 ἐγένετο
2891 3879 3069 3948 λόγος
3116 3877 3337 3947 Κυρίου
3357 3878 3507 3948 πρὸς
3521 3874 3614 3949 μὲ,
3640 3874 3712 3930 λέ-

2173 3988 2295 4044 γων
2315 3987 2328 4001 ’
2369 3969 2465 4025 Υἱὲ
2495 3970 2832 4039 ἀνθρώπου,
2864 3970 3157 4041 στήρισον
3181 3970 3249 4024 τὸ
3281 3972 3602 4041 πρόσωπόν
3626 3983 3721 4021 σου

2172 4057 2273 4112 ἐπὶ
2309 4056 2479 4124 υἱοὺς
2513 4056 2769 4128 Ἀμμὼν,
2805 4057 2905 4112 καί
2929 4056 3360 4129 προφήτευσον
3380 4059 3474 4114 ἐπ’
3508 4057 3713 4120 αὐτούς.

2172 4148 2283 4205 Kal
2325 4146 2480 4217 ἐρεῖς
2532 4148 2660 4215 τοῖς
2696 4149 2850 4216 υἱοῖς
2893 4149 3140 4221 Ἀμμών·
3196 4151 3514 4207 Ἀκούσατε
3563 4148 3720 4218 λόγον·

2188 4241 2437 4297 Ἀδωνατ
2488 4243 2708 4310 Κυρίου
2731 4258 2745 4271 °
2812 4242 2958 4297 Τάδε
3002 4241 3173 4311 ιλέγει
3228 4242 3470 4298 Ἀδωναῒ
3500 4243 3716 4312 Κύριος

2187 4332 2331 4389 Ἀνθ’
2362 4327 2450 4387 ὧν
2484 4333 2816 4403 ἐπεχάρητε
2852 4334 2952 4389 ἐπὶ
2984 4334 3058 4389 τὰ
3091 4332 3231 4404 ἅγιά
3264 4353 3409 4405 μου,
3441 4335 3522 4390 ὅτι
3541 4333 3717 4399 £6561]-

499 4436 584 4496 lis,
607 4429 983 4504 quiadcsolata
1007 4437 1107 4495 est,
1125 4437 1176 4482 et
1197 4442 1349 4496 super
1366 4427 1577 4481 domum
1593 4425 1771 4491 Judw,
1789 4428 1910 4498 quin
1941 4427 2070 4481 abiit

2175 4424 2466 4493 λώϐη,καὶ
2492 4423 2590 4478 ἐπὶ
2625 4425 2742 4495 τὴν
2761 4426 2878 4498 γῆν
2901 4428 3006 4483 τοῦ
3022 4428 3290 4499 Ἰσραὴλ,
3309 4427 3401 4483 ὅτι
3418 4428 3713 4499 ἠφανίσθη,

499 4528 553 4581 in
596 4525 1292 4594 captiuitatem:prupterea
1337 4535 1452 4574 ecce
1497 4536 1588 4589 ego
1633 4519 1784 4573 trado
1811 4536 1899 4574 vos
1942 4520 2070 4589 ﬁliis

500 4617 689 4674 Cedent
735 4630 832 4684 pro
877 4613 1208 4675 haereditate,
1253 4620 1303 4666 et
1348 4611 1635 4681 ﬁrmabant
1688 4612 1917 4665 tentoria
1955 4627 2072 4664 cum

498 4708 724 4762 sarcinis
757 4706 868 4759 suis
911 4704 966 4757 in
1004 4712 1074 4768 te,
1120 4711 1169 4765 et
1205 4710 1399 4770 ponent
1424 4702 1479 4754 in
1510 4710 1559 4755 te
1594 4700 1933 4755 tabernacula
1954 4718 2071 4765 sua,

498 4811 549 4853 et
579 4794 845 4851 comedent
872 4794 1079 4861 fructus
1124 4803 1264 4855 tuos,
1295 4790 1479 4859 et‘ipsi
1502 4790 1685 4852 bibent
1705 4790 2075 4860 pinguedinem

502 4901 671 4945 tuam.
722 4887 791 4941 Et
846 4886 1047 4956 faciam
1085 4887 1347 4940 civitatem
1371 4886 1597 4937 Ammon
1623 4897 1821 4951 pascua
1849 4881 2077 4936 camelo-

501 4998 642 5046 rum,
670 4993 717 5034 et
748 4979 890 5050 filios
927 4981 1147 5033 Ammon
1180 4993 1380 5047 pascua
1418 4976 1616 5041 ovium,
1668 4984 1718 5030 et
1755 4975 2077 5045 cognoscetis

504 5089 585 5129 me
611 5087 722 5127 esse
776 5069 986 5125 Adonai
1019 5069 1324 5124 Dominum.
1378 5063 1551 5122 Filios
1579 5064 1764 5123 Ccdem
1798 5066 2080 5120 aliiinter-

506 5173 691 5236 pretes
718 5163 863 5234 ﬁlios
906 5161 1140 5219 Orientis
1190 5161 1537 5231 interpretati
1576 5167 1747 5215 sunt:
1786 5160 1838 5213 hi
1895 5168 2075 5213 autem

506 5267 636 5313 sunt
686 5258 781 5328 qui
833 5257 903 5312 ab
953 5255 1180 5311 lsmaele
1220 5269 1396 5325 genus
1444 5252 1676 5307 ducunt.
1735 5250 1877 5307 Dicit
1908 5252 2077 5322 igitur

506 5359 700 5407 auctor
727 5349 973 5405 omnium
1014 5361 1196 5402 rerum
1245 5344 1387 5399 Deus
1425 5358 1523 5414 per
1558 5343 1879 5414 prophetam
1910 5332 1977 5396 ad
2012 5342 2076 5396 li-

506 5443 611 5498 lios
637 5442 869 5495 Ammon
899 5458 913 5495 :
950 5426 1400 5506 Quandoquidem
1442 5434 1613 5506 gavisi
1659 5434 1816 5498 estis,
1852 5434 2075 5488 dedica-

2179 4518 2275 4572 καὶ
2302 4510 2398 4572 ἐπὶ
2434 4516 2541 4572 τὸν
2562 4514 2729 4573 οἷκον
2756 4516 2863 4573 τοῦ
2902 4518 3110 4584 Ἰούδα,
3136 4519 3223 4573 ὅτι
3237 4521 3523 4590 ἐπορεύθη
3536 4519 3717 4584 tis-ai;-

2173 4612 2489 4682 μαλωσίᾳ·
2524 4610 2623 4666 διὰ
2650 4609 2826 4666 τοῦτο
2875 4609 3005 4667 ἰδοὺ
3053 4611 3168 4682 ἐγὼ
3204 4611 3561 4683 ,παραδίδωμι
3588 4605 3719 4678 ὑμᾶς

2178 4702 2303 4769 τοῖς
2342 4703 2495 4769 υιοῖς
2525 4700 2714 4774 Κεδὲμ
2748 4703 2835 4769 εὶς
2866 4704 3301 4773 κληρονομίαν,
3325 4703 3423 4758 καὶ
3452 4715 3718 4765 κατασκη-

2179 4793 2490 4849 νώσουσιν
2538 4795 2611 4849 ἐν
2640 4792 2715 4864 τῇ
2741 4796 3000 4863 ἀπαρτίᾳ
3035 4795 3237 4852 αὐτῶν
3264 4797 3335 4852 ἐν
3383 4787 3600 4857 σοὶ.κα1
3634 4789 3719 4844 δών

2180 4899 2405 4939 σουσιν
2419 4884 2487 4939 ἐν
2500 4884 2597 4941 σοὶ
2622 4885 2695 4941 τὰ
2723 4886 3084 4958 σκηνώματα
3103 4887 3303 4944 αὐτῶν
3320 4906 3334 4918 ·
3353 4889 3513 4943 αὐτοὶ
3526 4874 3717 4956 paror-

2180 4994 2275 5031 tat
2292 4977 2430 5043 τοὺς
2448 4979 2714 5046 καρπούς
2732 4994 2871 5046 σου,
2907 4979 3005 5034 καὶ
3033 4980 3203 5035 αὐτοὶ
3234 4982 3469 5035 πίονι-αι
3494 4978 3595 5046 τὴν
3608 4974 3719 5029 πιό-

2180 5066 2328 5134 τητά
2343 5083 2458 5123 σου
2473 5069 2539 5124 ".
2557 5070 2665 5123 Kal
2682 5069 2854 5124 δώσω
2866 5070 2982 5140 τὴν
2995 5072 3181 5126 πόλιν
3195 5072 3301 5127 τοῦ
3318 5070 3530 5142 ’Λμμὼν
3541 5071 3617 5134 εἰς
3633 5082 3713 5119 νο·

2177 5160 2298 5230 μὰς
2332 5159 2641 5231 καμήλων,
2673 5162 2773 5215 καὶ
2802 5162 2947 5231 τοὺς
2978 5162 3148 5229 υἱοὺς
3190 5164 3416 5233 Ἀμμὼν
3451 5165 3529 5226 είς
3548 5156 3717 5227 νομάς

2184 5249 2514 5318 προϐάτων,
2535 5251 2636 5304 καὶ
2660 5250 3090 5321 ἐπιγνώσεσθε,
3120 5252 3210 5306 ὅτι
3228 5252 3343 5324 ἐγὼ
3366 5248 3588 5307 Ἀδωνατ
3615 5247 3713 5299 Κύ-

2174 5357 2325 5409 ριος.
2351 5340 2521 5408 Υίοὺς
2537 5341 2724 5412 Κεδὲμ
2750 5343 2799 5396 οί
2817 5341 3309 5415 ἀλλοιέρμηνευταὶ
3332 5344 3485 5409 υἱοὺς
3513 5343 3713 5394 Ἀνατο-

2181 5431 2307 5487 λῶν
2324 5435 2670 5506 ἡρμήνευσαν
2690 5452 2703 5467 ⁸
2725 5436 2835 5490 είσὶ
2850 5435 2907 5490 δὲ
2926 5428 3072 5490 οὗτοι
3091 5436 3197 5491 ἀπὸ
3228 5435 3445 5509 Ἰσμαὴλ
3455 5432 3561 5486 ⁸⁶τὸ
3571 5430 3714 5500 γένος

1306 5666 1313 5679 ,
1768 5610 2005 5667 vanum
2048 5610 2459 5667 LECTIONES.

577 5710 626 5744 “
658 5709 699 5764 Β
726 5709 955 5761 τίνουσι.
1038 5705 1084 5737 ⁸⁸
1118 5721 1168 5760 τ.
1205 5702 1347 5759 πιότ.
1386 5722 1436 5758 σ.
1464 5702 1629 5758 Hebr.
1662 5704 1745 5759 lac
1789 5712 1965 5759 tuum.
2042 5703 2087 5735 "
2129 5704 2268 5775 Ἰσμη.
2306 5704 2402 5758 Ed.
2434 5703 2583 5786 prior
2617 5703 2743 5760 hab.
2786 5698 3025 5775 Ἰσραήλ.
