3840 6202
494 283 630 350 1063
1479 275 1968 338 THEODORETI
2022 272 2363 335 EPISCOPI
2391 272 2758 335 CYRENSIS
3603 281 3690 346 064

493 417 602 469 lum
639 422 692 469 et
731 411 970 483 reliquas
1015 414 1222 480 gentes,
1250 413 1306 461 et
1346 403 1450 459 hoc
1493 402 1846 458 maledictum
1882 401 1938 455 in
1975 415 2009 454 η

2174 401 2299 474 Ξινὴρ
2324 402 2484 465 λεῖος.
2527 420 2544 454 ι
2589 398 2810 472 Ἐπειδὴ
2827 399 3027 464 τοίνυν,
3064 401 3218 471 φησὶ,
3255 401 3411 474 Σηεὶρ
3439 407 3526 460 καὶ
3546 407 3690 467 Mariti

492 505 804 578 conjectum
849 511 955 568 est,
1017 499 1286 570 siquidem
1339 495 1570 567 perinde
1617 502 1780 564 atque
1831 492 2005 546 aliaru

2177 497 2256 549 ὲντ
2269 494 2545 566 ρυφῶντες
2602 495 2714 558 τοῖς
2759 491 2856 546 τοῦ
2913 491 3044 546 λαοῦ
3079 510 3180 565 μου
3225 498 3410 560 κακοῖς
3435 499 3693 574 ἐτόλμησαν

494 600 735 670 gentium
789 596 932 651 idola
987 608 1096 664 pra:
1126 589 1505 645 imbecillitate
1559 586 1762 657 ponulo
1810 583 2010 638 auxilia

2177 586 2365 650 είπεῖν,
2400 584 2482 640 ὅτι
2505 583 2760 655 οὐδεμίαν
2808 583 2920 654 ἔχει
2943 583 3206 656 διαφορὰν
3231 589 3259 639 ὁ
3291 586 3418 657 ἐμὸς
3440 588 3553 654 λαὸς
3584 595 3693 664 πρὸς

501 691 721 762 nequivi
755 707 770 744 :
803 689 907 742 hac
932 687 999 742 de
1038 697 1206 740 causa
1242 701 1260 734 ι
1295 681 1540 737 dissolvo
1574 678 1863 732 humerum
1907 673 2017 729 Moa

2178 672 2235 726 τὰ
2266 672 2430 726 λοιπὰ
2468 673 2616 743 ἔθνη,
2640 675 2721 736 είς
2755 672 2855 739 ἐμὲ
2886 673 2942 726 δὲ
2985 673 3124 742 αὕτη
3155 677 3188 744 ἡ
3236 675 3538 749 βλασφημία
3556 684 3694 753 κεχὼ.

493 800 522 837 a
557 781 871 838 civitatibus
909 777 1103 849 ipsius,
1137 796 1156 829 ι
1195 775 1298 829 hoc
1336 782 1450 840 est,
1471 771 1646 826 robur
1677 769 1923 838 ipsorum
1965 765 2009 821 ἀι

2179 782 2358 836 ρηκεν,
2393 765 2551 836 εἴπερ
2582 767 2692 829 τοῖς
2719 766 2828 818 τῶν
2883 766 3058 820 ἄλλων
3083 767 3252 822 ἐθνῶν
3289 769 3517 834 εἰδώλοις
3554 792 3695 846 παρα.

493 888 722 937 struam,
751 887 929 941 neque
962 870 1140 926 solum
1174 870 1230 922 in
1275 861 1674 937 promontoriis
1703 861 1938 932 positas,
1968 874 2009 914 St

2178 859 2412 928 πλησίως
2462 858 2702 914 ἀσθενῶν
2755 859 2855 913 οὐκ
2902 860 3175 931 ἠδυνήθην
3233 861 3500 932 ὲπαμῦναί
3522 881 3607 935 μου
3635 870 3694 937 τῷ

493 966 654 1018 etiam
685 962 992 1016 maritimas
1037 959 1211 1029 ipsius
1250 957 1413 1011 urb‘cs
1465 951 1790 1010 evertendas
1836 950 2006 1005 curab

2177 950 2312 1021 λαῷ·
2348 951 2540 1004 τούτου
2599 950 2762 1022 χάριν
2797 970 2816 1002 ι
2870 952 3144 1023 Παραλύω
3173 953 3193 984 ⁸
3233 953 3325 1006 τὸν
3388 950 3526 1024 ὦμον
3557 959 3693 1012 Marii

494 1051 802 1107 Maritimus
837 1060 1017 1106 autem
1051 1058 1212 1105 vocat
1259 1048 1325 1102 ad
1377 1061 1526 1100 mare
1571 1043 1842 1098 Mortuum
1887 1043 2010 1096 sitas

2176 1043 2276 1097 ἀπὸ
2335 1042 2444 1096 τῶν
2501 1043 2708 1097 πόλεων
2738 1043 2760 1075 ⁸
2797 1043 2968 1098 αὑτοῦ
2993 1061 3007 1076 ο
3042 1064 3061 1096 ι
3092 1041 3370 1110 τουτέστι,
3433 1050 3523 1119 τὴν
3575 1053 3692 1121 laxus

490 1145 682 1215 procul
724 1144 872 1200 enim
911 1143 979 1196 ab
1022 1142 1132 1196 alio
1166 1140 1302 1194 mari
1348 1137 1660 1192 incolebant
1694 1132 1966 1189 Moabitae.
2001 1130 2006 1184 J

2175 1133 2352 1189 αὐτῶν
2381 1133 2704 1188 καταλύσω·
2733 1135 2795 1188 οὐ
2848 1136 3008 1206 μόνον
3072 1137 3129 1189 δὲ
3164 1139 3264 1202 τὰς
3304 1139 3360 1192 ὲν
3385 1140 3497 1203 ταῖς
3548 1143 3691 1214 ἀκρω-

492 1239 708 1292 urbiunt
739 1250 958 1306 quoque
1006 1231 1214 1304 profert
1247 1230 1492 1294 nomina,
1546 1241 1780 1296 quarum
1828 1225 1895 1280 ad
1933 1239 2008 1296 pr:

2175 1224 2341 1296 ρείαις
2371 1223 2738 1293 διακειμένας,
2778 1225 2917 1280 ἀλλὰ
2977 1227 3074 1279 καὶ
3125 1227 3224 1289 τὰς
3263 1228 3527 1298 παραλίας
3566 1231 3691 1286 αὑτοῦ

490 1342 619 1382 sens
647 1339 818 1394 usque
849 1318 1064 1392 tempus
1103 1322 1313 1390 exiguae
1346 1317 1591 1387 reliquiae
1623 1329 2006 1386 permanserur

2175 1315 2354 1378 πόλεις
2383 1317 2717 1379 ἀναστάτους
2751 1318 2984 1388 ποιήσω.
3025 1319 3336 1386 Παραλίας
3364 1319 3420 1372 δὲ
3448 1321 3580 1389 λέγει
3619 1325 3691 1388 τὰς

493 1427 551 1474 ct
585 1418 707 1473 aliae
735 1424 860 1472 sunt
891 1415 1074 1484 hujus,
1115 1413 1232 1466 aliae
1261 1411 1408 1466 illius
1447 1410 1683 1463 Arabiae.
1728 1405 1895 1460 Addit
1935 1405 2009 1460 ite

2175 1405 2318 1475 παρὰ
2347 1404 2446 1476 τὴν
2501 1407 2706 1476 νεκρὰν
2748 1406 3024 1461 Θάλασσαν
3070 1409 3420 1478 διακειμένας
3441 1427 3456 1442 ο
3490 1411 3578 1480 τῆς
3612 1413 3691 1481 γὰρ

493 1527 551 1566 se
597 1510 735 1565 istos
764 1507 969 1563 eisdem
1020 1505 1271 1560 hostibus
1321 1502 1651 1556 traditurum
1701 1513 1823 1553 esse
1869 1497 2009 1567 quibi

2175 1499 2332 1569 ἄλλης
2363 1499 2638 1569 θαλάσσης
2663 1501 2947 1573 πόρρωθεν
2975 1500 3150 1572 ᾠκουν
3176 1504 3226 1555 oi
3254 1495 3548 1558 Μωαϐῖται.
3570 1507 3691 1574 Λέγει

493 1602 689 1657 fratres
723 1600 884 1656 etiam
919 1599 1159 1668 ipsorum
1198 1595 1341 1650 filios
1374 1596 1608 1648 Ammon
1649 1590 1974 1652 tradiderat,

2176 1590 2222 1643 δὲ
2247 1591 2340 1644 καὶ
2366 1589 2434 1644 τὰ
2457 1591 2566 1644 τῶν
2586 1591 2795 1646 πόλεων
2840 1580 3107 1663 ’ὀνόματα,
3164 1588 3240 1647 ὧν
3285 1594 3443 1666 μέχρι
3480 1596 3564 1648 τοῦ
3588 1613 3692 1668 παρ-

490 1692 826 1764 cxperientia
855 1706 948 1745 eos
985 1695 1340 1759 percepturos
1371 1699 1495 1741 esse
1535 1682 1826 1738 Dominum
1866 1691 2006 1752 potet

2174 1682 2318 1744 ὄντος
2345 1682 2524 1750 ὀλίγον
2585 1683 2859 1755 μεμένηκε
2915 1684 3201 1754 λείψανονο
3245 1687 3343 1740 καὶ
3393 1686 3458 1740 τὰ
3498 1687 3586 1756 μέν
3606 1689 3690 1742 ἐστι

490 1751 621 1849 tem,
661 1787 754 1854 qui
809 1751 1164 1852 opem-ferre-
1193 1779 1388 1838 valeat.
1457 1776 1553 1832 sed
1602 1782 1827 1846 propter
1875 1788 2006 1844 poptt

2172 1771 2369 1842 ταύτης
2389 1773 2489 1844 τῆς
2522 1751 2802 1844 ’Δραϐίαᾴ
2838 1775 2905 1827 τὰ
2941 1751 3274 1844 δὲ’ὲκείνης.
3305 1751 3606 1847 Προστίθησι
3634 1780 3688 1842 δὲ,

490 1873 698 1928 scelera
742 1869 795 1925 id
836 1869 1020 1923 facere
1058 1873 1296 1922 recuset.
1343 1863 1559 1918 Idcirco
1609 1861 1890 1930 subjecit:
1933 1877 1952 1911 ι
1994 1859 2006 1912 l

2174 1865 2249 1917 ὅτι
2274 1865 2371 1917 καὶ
2397 1863 2622 1939 τούτους
2673 1866 2784 1928 τοῖς
2838 1866 3021 1929 αὐτοῖς
3078 1866 3398 1938 παραδώσει
3445 1867 3690 1939 πολεμίοις,

488 1970 825 2032 cognoscent
855 1976 940 2014 me
968 1974 1089 2014 esse
1139 1957 1452 2012 Dominum.
1485 1974 1503 2007 ι
1542 1955 1620 2009 Ita
1664 1952 1943 2023 praedictis
1992 1952 2004 2006 i

2174 1951 2248 2018 οἷς
2277 1955 2372 2009 καὶ
2410 1956 2537 2017 τοὺς
2569 1955 2834 2026 ἀδελφοὺς
2889 1957 3071 2012 αὐτῶν
3123 1962 3252 2025 τοὺς
3309 1961 3457 2024 υἱοὺς
3496 1961 3690 2031 ’Λμμὼν,

487 2067 609 2122 quae
645 2052 754 2107 sint
785 2047 976 2102 Moabo
1021 2054 1301 2108 eventura,
1358 2043 1427 2098 ad
1473 2042 1616 2107 Seir,
1662 2042 1757 2112 qui
1792 2041 1934 2096 idem
1977 2056 2003 2096 e

2176 2049 2262 2101 καὶ
2298 2047 2380 2100 ὅτι
2409 2049 2476 2119 τῇ
2513 2047 2680 2118 πείρα
2737 2048 3094 2121 μαθήσονται,
3124 2049 3200 2114 ὡς
3248 2051 3472 2114 δυνατός
3504 2053 3599 2106 ἐστι
3621 2056 3692 2106 Δε-

488 2143 682 2204 Edam.
712 2140 973 2196 transfert
1002 2139 1326 2192 orationem.

2176 2137 2406 2209 σπότης,
2475 2138 2750 2209 ἐπαμῦναι
2804 2141 2900 2210 μὲν
2951 2139 3278 2210 δυνάμενος,
3329 2142 3415 2195 διὰ
3438 2143 3491 2196 δὲ
3520 2143 3600 2212 τὴν
3623 2144 3690 2196 τοῦ

487 2234 617 2288 λαοῦ
641 2231 984 2304 παρανομίαν
1036 2229 1193 2284 τοῦτο
1238 2229 1410 2281 ποιεῖν
1440 2227 1539 2281 οὐκ
1575 2227 1919 2298 ἀνεχόμενος.
1963 2228 2053 2280 Διδ
2087 2229 2372 2300 ἐπήγαγε·
2415 2248 2434 2282 ι
2522 2232 2632 2286 Καὶ
2690 2231 3113 2303 ἐπιγνώσονται,
3178 2235 3264 2288 ὅτι
3313 2235 3423 2304 ἐγὼ
3477 2235 3687 2306 Κύρπ.»

489 2325 645 2380 Οὕτω
677 2325 744 2378 τὰ
775 2322 1164 2395 συμϐησόμενα
1198 2321 1276 2393 τῷ
1300 2320 1474 2376 Μωὰσ
1503 2321 1935 2392 προαγορεύσας,
1969 2321 2061 2375 ἐπὶ
2084 2322 2175 2378 τὸν
2199 2324 2388 2396 Σηεὶρ,
2418 2324 2510 2379 τὸν
2533 2325 2628 2378 καὶ
2663 2324 2863 2396 Ἐδὼμ,
2898 2325 3193 2399 μεταφέρει
3212 2327 3311 2379 τὸν
3335 2327 3472 2395 λόγος

561 2427 577 2446 ⁸
616 2420 782 2475 Vens.
829 2419 1012 2472 12-”.
1055 2422 1183 2473 Htec
1211 2418 1337 2471 dicit
1372 2417 1580 2471 Adonai
1613 2416 1872 2472 Dominus
1898 2434 1917 2473 :
1948 2417 2058 2471 Pro

2243 2419 2423 2491 ιβ’-ιδ’.
2477 2419 2622 2476 Τάδε
2673 2421 2837 2490 λέγει
2879 2421 3129 2475 ’Δδωναῒ
3173 2422 3428 2488 Κύριος’
3475 2421 3605 2476 Ἀνθ’
3629 2415 3693 2473 ὧν

485 2532 546 2569 eo
577 2512 714 2583 quod
751 2511 874 2582 fecit
923 2509 1163 2564 Idumam
1195 2510 1360 2579 887
1391 2509 1692 2563 ulciscendo
1727 2526 1814 2564 eos
1861 2509 2001 2564 ultio:

2174 2513 2457 2582 ἐποίησεν
2499 2513 2538 2580 ἡ
2605 2513 2908 2582 Ἰδουμαία
2945 2513 3016 2567 ἐν
3061 2513 3141 2578 τῷ
3169 2512 3488 2581 ἐκδικῆσαι
3517 2513 3690 2576 αὐτοὺς

488 2609 542 2660 in
574 2608 657 2658 ira
687 2605 740 2658 in
781 2602 936 2656 domo
976 2600 1155 2666 Juda',
1197 2610 1246 2655 et
1275 2601 1584 2654 memoriam
1621 2601 1886 2654 malorum
1925 2611 2000 2654 ret

2170 2604 2482 2674 ἐκδίκησιν
2537 2605 2607 2660 ἐν
2653 2604 2860 2674 μήνιδι
2888 2605 2910 2636 ³
2950 2605 3022 2658 ἐν
3073 2603 3153 2670 τῷ
3204 2603 3353 2670 οἴκῳ
3396 2604 3580 2666 Ἰούδα,
3616 2606 3686 2658 καὶ

489 2707 733 2759 nuerunt,
777 2703 827 2748 et
870 2693 971 2748 ulti
1015 2702 1136 2748 sunt
1170 2694 1421 2748 ultionem
1453 2693 1516 2746 ab
1555 2694 1632 2747 eis
1669 2707 1686 2746 :
1718 2692 1916 2746 idcirco
1946 2693 2005 2746 Ita

2171 2694 2683 2765 ἐμνησικάκησαν,
2739 2695 2838 2748 καὶ
2888 2695 3258 2762 ἐξεδίκησαν
3289 2693 3464 2761 δίκην
3491 2695 3579 2748 ἀπ’
3609 2698 3687 2747 αὺ-

487 2787 616 2841 tlicit
646 2786 856 2840 Adonai
891 2785 1152 2838 Dominus
1183 2799 1200 2837 :
1238 2784 1301 2838 Et
1334 2784 1609 2838 extendam
1646 2800 1862 2837 manum
1886 2801 2000 2838 mea

2170 2785 2282 2840 τῶν
2308 2791 2330 2823 ⁸
2348 2803 2361 2816 ·
2399 2785 2497 2840 διὰ
2523 2787 2698 2840 τοῦτο
2720 2785 2861 2840 τάδε
2884 2785 3047 2855 λέγει
3085 2785 3338 2840 Ἀδωναῖ
3370 2785 3686 2854 Κύριος-’Καὶ

485 2897 644 2948 super
679 2877 994 2940 Idumteam,
1031 2890 1079 2931 et
1116 2877 1479 2931 exterminabo
1510 2877 1573 2930 ab
1600 2894 1662 2930 ea
1705 2877 1967 2931 hominem

2174 2876 2383 2932 ἐκτενῶ
2429 2876 2544 2945 τὴν
2574 2875 2744 2947 χεῷἁ
2791 2894 2912 2946 μου
2963 2877 3061 2931 ἐπὶ
3087 2877 3206 2945 τὴν
3250 2877 3586 2947 Ἰδουμαίαν,
3617 2876 3690 2929 καί

484 2987 657 3036 pecus,
694 2980 742 3024 et
791 2986 982 3038 ponam
1021 2986 1134 3024 eam
1175 2969 1460 3033 desertam,
1506 2979 1554 3023 et
1599 2971 1662 3024 de
1723 2970 1978 3024 T/twman

2172 2970 2570 3038 ὲξολοθρεύσω
2615 2967 2685 3033 ἐξ
2741 2968 2932 3036 αὐτῆς
2987 2969 3302 3036 ἄνθρωπον
3359 2969 3453 3021 καὶ
3498 2966 3688 3035 κτῆνος,

489 3060 689 3115 Βωάαη
741 3063 829 3130 qui
867 3063 1278 3130 persecutionem
1317 3063 1575 3115 sustinent
1627 3061 1805 3133 gladio
1841 3063 2001 3117 caden

2172 3062 2260 3115 ml
2285 3061 2544 3131 θήσομαι
2590 3059 2787 3128 αὐτὴν
2833 3060 3074 3130 ἔρημον,
3122 3059 3218 3114 καὶ
3252 3060 3327 3114 ἐκ
3373 3061 3576 3130 Θαψὰν
3619 3063 3688 3115 καί

487 3153 555 3206 Et
605 3155 740 3206 dabo
775 3154 1029 3207 ultionem
1078 3169 1246 3208 meam
1287 3169 1443 3222 super
1489 3151 1782 3208 Idumrratn
1813 3155 1867 3207 in
1898 3172 2003 3208 mar

2171 3129 2379 3209 Δαιδὰν
2404 3129 2816 3222 ’διωκόμενοι
2846 3153 2917 3206 ἐν
2940 3129 3234 3222 ίρομςραίᾳ
3260 3129 3591 3208 πεσοῦνται.
3611 3153 3687 3206 Kal

483 3243 667 3311 populi
704 3244 805 3296 mei
851 3241 1047 3310 Israel,
1085 3253 1135 3297 et
1163 3244 1362 3312 facient
1395 3246 1447 3298 in
1495 3242 1736 3298 Idumwa
1771 3245 1999 3299 secunda

2175 3245 2332 3300 Βώσω
2351 3244 2466 3313 τὴν
2513 3242 2834 3311 ἐκδίκησίν
2879 3259 3000 3312 μου
3033 3243 3274 3312 ὲπὶτὴν
3315 3244 3628 3312 Ἰδουμαίαν
3643 3243 3691 3294 ὲν

485 3336 622 3388 iram
643 3350 832 3397 meam,
847 3345 894 3388 et
919 3345 1222 3405 cognoscent
1241 3335 1490 3390 ultionem
1509 3353 1698 3400 meam,
1713 3335 1842 3390 dicit
1855 3336 2001 3390 Adon

2174 3335 2316 3404 χειρὶ
2344 3333 2499 3389 λαοῦ
2551 3351 2672 3403 μου
2704 3332 2978 3402 Ἰσραὴλ,
3026 3334 3124 3387 καί
3158 3334 3528 3403 ποιήσουσιν
3561 3333 3617 3386 ἐν
3638 3331 3690 3397 τῇ

488 3423 764 3479 Dominus.
799 3423 936 3478 Cum
965 3425 1108 3478 enim
1137 3439 1244 3479 non
1272 3436 1332 3479 ut
1364 3425 1615 3480 Moabitae
1646 3429 1823 3481 solum
1851 3435 1905 3482 et
1932 3429 2004 3479 An

2175 3427 2476 3497 Ἰδουμαίᾳ
2502 3426 2650 3480 κατὰ
2678 3425 2793 3494 τὴν
2821 3426 3009 3496 ὀργήν
3026 3443 3147 3495 μου
3177 3427 3220 3493 ⁸,
3253 3428 3359 3481 καὶ
3381 3423 3691 3496 ἐπιγνώσον·

489 3518 708 3571 manitae
755 3515 918 3569 laetati
960 3516 1086 3577 sint,
1126 3517 1219 3570 scd
1254 3517 1417 3571 etiam
1451 3517 1610 3573 factis
1651 3534 1807 3574 suam
1854 3520 2005 3588 impr:

2169 3537 2254 3576 ται
2290 3521 2406 3588 τὴν
2433 3519 2748 3586 ἐκδίκησιν
2807 3536 2947 3589 ⁶ιιου,
3009 3517 3174 3587 λέγει
3229 3517 3483 3572 Ἀδωναῒ
3500 3516 3685 3583 Κύριος.

487 3607 711 3663 bitatem
745 3606 1062 3668 iudicarint,
1097 3607 1332 3676 pristina
1365 3608 1458 3661 illa
1483 3617 1700 3662 servata
1730 3611 1807 3663 ira
1846 3628 1859 3663 :
1901 3628 1920 3660 ι
1947 3610 2003 3662 Ir;

2174 3612 2390 3684 Ἐπειδὴ
2413 3612 2520 3684 γὰρ
2549 3613 2611 3666 οὐ
2653 3611 2814 3683 μόνον
2864 3609 3261 3682 παραπλησίως
3291 3609 3593 3670 Μωαϐίταις
3622 3602 3690 3658 καὶ

488 3707 576 3753 tus
606 3707 690 3752 est
714 3699 856 3750 enim
891 3696 1031 3750 Esau
1063 3695 1289 3766 Jacobo,
1321 3700 1524 3770 inquit,
1545 3717 1644 3770 pro
1668 3701 2004 3756 benedictim

2172 3701 2535 3774 Ἀμμανίταις
2566 3699 2906 3771 ἐφήσθησαν,
2953 3698 3092 3754 ἀλλὰ
3136 3700 3232 3752 καὶ
3274 3698 3458 3770 ἔργοις
3483 3700 3502 3731 ⁸
3529 3696 3608 3766 τὴν
3630 3697 3687 3746 ol-

487 3805 593 3858 qua
628 3789 903 3842 benedixit
932 3789 979 3842 ei
1009 3796 1161 3858 pater
1198 3790 1319 3859 ejus
1351 3801 1418 3848 ιιι
1466 3810 1484 3844 ι
1518 3792 1661 3846 hanc
1691 3793 1763 3848 ob
1799 3808 1913 3848 rem
1947 3809 2003 3847 nc

2173 3792 2313 3846 ιείαν
2341 3789 2680 3855 ἐπεδείξαντο
2711 3788 2999 3858 πονηρίαν,
3051 3787 3151 3858 τὴν
3199 3788 3472 3858 προτέραν
3522 3785 3689 3850 ἐκείνην

488 3879 609 3933 aliis
645 3878 792 3946 ipsos
833 3878 1079 3932 hostibus
1102 3880 1338 3945 tradam,
1367 3881 1461 3937 sed
1486 3882 1589 3953 ipsi
1621 3885 1822 3953 p0pulo
1850 3900 2004 3940 meo:

2170 3883 2326 3954 μῆνιν
2359 3881 2730 3951 φυλάξαντες·
2777 3897 2796 3930 ι
2847 3879 3118 3932 Ἔνεκότει
3162 3879 3293 3947 γὰρ,
3331 3880 3512 3948 φησιν,
3557 3873 3686 3927 Ἠσαῦ

487 3986 552 4025 eo
588 3971 787 4038 injuria
822 3968 1035 4036 allecto,
1071 3981 1128 4025 ιιι
1155 3987 1250 4043 per
1284 3974 1508 4028 totalem
1543 3974 1938 4031 desolationem
1971 3977 2003 4030 d

2171 3975 2237 4046 τῷ
2268 3976 2312 4007 ¹⁶
2353 3972 2546 4028 Ἰακὼϐ
2577 3972 2824 4042 περὶτῆς
2858 3969 3110 4037 εὐλογίας
3136 3963 3204 4038 ἧς
3232 3967 3532 4038 ηὐλόγησεν
3564 3963 3687 4018 αὑτὸν

488 4069 642 4116 scant
667 4062 771 4115 mei
804 4061 1032 4117 dominii
1058 4065 1377 4133 potentiam.
1411 4065 1672 4121 Thaaman
1713 4076 1896 4122 autem
1925 4069 2004 4122 url

2171 4070 2186 4122 5
2215 4069 2400 4140 πατὴρ
2431 4067 2599 4122 αὑτοῦ
2624 4083 2640 4098 ·
2684 4085 2704 4118 ι
2747 4064 2938 4119 τούτου
2967 4064 3124 4135 χάριν
3142 4065 3240 4136 οὐχ
3277 4066 3484 4137 ἑτέροις
3535 4061 3687 4120 αὐτοὺς

485 4161 570 4208 est
613 4153 885 4222 Idumaeas,
929 4161 982 4209 et
1026 4155 1225 4210 Dasdan
1253 4157 1460 4222 itidem,
1484 4173 1670 4213 eorum
1701 4159 1793 4229 qui
1836 4160 2001 4215 aChe

2171 4160 2438 4232 πολεμίοις
2463 4155 2792 4228 παραδώσω,
2817 4155 2932 4210 ἀλλ’
2961 4153 3198 4226 αὑτῷτῴ
3229 4155 3322 4210 ὑπ’
3352 4157 3523 4210 αὐτῶν
3541 4153 3687 4223 ibat;-

484 4251 608 4298 tura
655 4246 768 4299 nati
819 4253 947 4299 sunt
977 4247 1306 4314 patriarchae
1332 4248 1584 4314 Abrahae,
1619 4257 1674 4304 ct
1719 4251 1788 4305 ab
1835 4252 1996 4305 ttrbiu

2168 4253 2307 4324 μένῳ
2335 4251 2450 4322 λαῷ
2481 4267 2607 4325 μου,
2668 4249 2809 4303 ὥστε
2861 4247 2951 4302 διὰ
2997 4249 3099 4318 τῆς
3155 4247 3452 4310 παντελοῦς
3494 4243 3684 4316 ἐρημίας

484 4335 860 4390 conditoribus
887 4350 1081 4390 nomen
1121 4348 1472 4408 acceperunt.
1519 4339 1830 4411 Propinqua
1872 4350 1994 4395 autc

2165 4323 2354 4417 μαθεῖν
2401 4323 2598 4408 αὐτοὺς
2621 4344 2718 4413 τῆς
2785 4343 2926 4412 ὲμῆς
2981 4341 3296 4404 δεσποτείας
3351 4343 3447 4413 τὴν
3481 4341 3681 4408 δύναμιν.

485 4437 601 4482 erat
644 4426 841 4481 Daedan
891 4426 1158 4492 Idumaeas.
1189 4436 1244 4484 et
1287 4445 1412 4485 cum
1446 4445 1509 4487 ea
1537 4433 1935 4488 consentiebat.
1977 4433 2001 4487 Il

2167 4437 2369 4508 Βαιμὰν
2418 4435 2476 4490 δὲ
2523 4435 2678 4498 πόλις
2706 4437 2806 4506 τῆς
2848 4435 3172 4504 Ἰδουμαίας,
3203 4434 3296 4487 καὶ
3330 4434 3516 4487 Δαιδὰν
3543 4429 3683 4484 ὡσαύ-

481 4480 552 4572 iis
579 4480 792 4586 quem
833 4480 932 4573 nos
966 4480 1240 4587 periitsi;
1278 4480 1997 4595 sigiiLIiQJQIt'iiiéiigéi

2164 4480 2302 4592 tu);
2321 4527 2431 4581 τῶν
2463 4527 2570 4581 ἀπὸ
2606 4480 2919 4597 Χεττούρας
2961 4480 3271 4594 γένομένων
3307 4526 3382 4596 τῷ
3416 4522 3680 4593 πατριάργῃ

479 4607 746 4662 transfert
798 4609 1224 4678 praedictionem.
1287 4612 1507 4668 Idumaei
1568 4616 1747 4679 enim,
1804 4630 1929 4670 cum
1985 4631 1995 4668 ι

2168 4619 2441 4691 Ἀϐραὰμ,
2475 4618 2752 4690 ἐπώνυμοι
2785 4617 2842 4670 δὲ
2873 4613 3012 4688 ἦσαν
3059 4617 3170 4672 τῶν
3207 4617 3476 4672 οἰκιστῶν.
3525 4614 3679 4679 Ἐπλη-

485 4698 670 4753 lsaaco
702 4701 920 4754 oriundi
967 4701 1098 4768 sint,
1148 4719 1253 4757 non
1300 4713 1430 4760 sunt
1473 4706 1790 4778 alienigena:
1823 4726 1837 4762 :
1875 4724 2001 4778 neqt

2163 4709 2310 4774 σίαζε
2338 4711 2442 4780 δὲή
2472 4708 2666 4762 Δαιδὰν
2694 4711 2760 4778 τῇ
2790 4707 3084 4780 Ἰδουμαία,
3115 4709 3209 4762 καὶ
3243 4703 3679 4778 συνεφώνειεοΰτω

483 4789 828 4857 Annuanitae,
860 4802 954 4846 aut
981 4793 1248 4859 Moabitae,
1272 4797 1363 4866 qui
1393 4812 1422 4849 a
1451 4796 1587 4852 L010
1619 4814 1790 4869 genus
1821 4799 1999 4855 ducun

2164 4803 2222 4858 τὰ
2253 4805 2392 4858 κατὰ
2422 4803 2644 4866 τούτους
2673 4803 3105 4875 προαγορεύσας,
3142 4805 3234 4857 ἐπὶ
3259 4806 3382 4867 τοὺς
3394 4800 3680 4870 ἀλλοφύλοκ

487 4880 753 4950 Allophyli
790 4883 958 4948 igitur
999 4892 1157 4936 erant
1185 4884 1333 4956 Tyrii
1369 4894 1423 4940 et
1459 4885 1690 4951 Sidonii,
1723 4898 1777 4943 et
1808 4889 1898 4942 alii
1934 4905 2003 4944 on

2161 4893 2456 4964 μεταφέρει
2484 4895 2582 4965 τὴν
2615 4893 2942 4966 πρόρρησιν.
3000 4893 3288 4964 Ἰδουμαῖοι
3322 4894 3424 4965 γὰρ
3447 4894 3538 4946 οὐκ
3560 4887 3677 4943 ἁλλό-

484 4983 584 5021 ttes
622 4972 813 5022 horum
857 4973 1027 5042 888
1063 4975 1274 5030 ﬁnitimi
1311 4995 1324 5030 :
1367 4979 1460 5032 sed
1493 4979 1762 5049 praecipue
1791 4981 2000 5053 allophj

2162 4983 2327 5053 ρυλοι,
2361 4984 2456 5038 τοῦ
2491 4984 2676 5038 Ἰσαὰκ
2699 4985 2850 5048 ὄντες
2890 4986 2929 5017 ¹¹
2975 4985 3232 5054 ἀπόγονοι
3252 5005 3266 5018 ι
3300 4985 3416 5040 οὕτε
3442 4985 3541 5054 μὴν
3574 4982 3678 5048 Ἀμ-

487 5059 567 5112 los
596 5059 780 5112 divina
818 5061 1100 5131 Scriptura
1128 5076 1291 5119 vocat
1315 5068 1677 5134 Ascalonitas,
1703 5079 1755 5126 et
1791 5071 2003 5126 Gazaeos

2161 5078 2369 5145 ιανῖται
2399 5077 2494 5129 καὶ
2551 5075 2861 5139 Μωαϐῖται,
2899 5077 2963 5129 ὲκ
3006 5075 3099 5129 τοῦ
3131 5077 3257 5130 Λὼτ
3299 5076 3531 5142 τὸγένος
3576 5085 3677 5124 κατ·

485 5159 538 5203 et
577 5148 872 5214 Gctthaeos,
901 5161 954 5206 et
988 5154 1332 5220 Acaronitas,
1374 5167 1426 5212 et
1455 5161 1699 5227 Azotios,
1732 5164 1858 5232 quia
1895 5162 1998 5219 Jud

2164 5161 2588 5233 dyovrcc.'ﬂaav
2618 5165 2721 5236 μὲν
2753 5161 2846 5220 οὖν
2870 5151 3157 5237 ἀλλόφυλοι
3189 5168 3285 5222 καὶ
3316 5167 3491 5238 Τύριοι
3512 5163 3594 5218 καὶ
3612 5161 3680 5213 2t-

582 5312 608 5340 ι’
644 5301 782 5358 Gen.
807 5319 976 5371 xxv",
1009 5306 1096 5360 41.

1768 5435 2007 5491 ΫΑΒΗΕ
2039 5435 2443 5497 LECTIONES.

546 5585 1001 5667 'B_7rapa)niain.u
1047 5584 1129 5638 ‘B
1153 5579 1459 5667 πολεμίωνδ
1495 5589 1539 5667 ,⁸
1579 5589 1694 5667 ἐκδ.
1725 5591 1784 5643 ἐν
1815 5590 2098 5667 μήν-θος.
2137 5594 2192 5650 in
2226 5595 2292 5650 Δ.
2371 5599 2392 5630 ⁸
2423 5599 2522 5654 ἀπ’
2560 5604 2683 5658 αύτ.
2735 5604 2855 5662 Des.
2888 5607 2943 5662 in
2973 5599 3040 5662 Α.
3139 5609 3159 5640 ⁷
3184 5610 3277 5663 καὶ
3319 5606 3450 5662 Δαιδ.
3486 5603 3595 5656 Des.
3632 5599 3674 5650 in

487 5656 552 5709 Δ.
629 5657 858 5724 ⁸μου.Λ
882 5657 1048 5724 addit,
1085 5657 1176 5712 καὶ
1197 5656 1335 5710 κατὰ
1374 5656 1460 5710 τὸν
1493 5657 1659 5730 θυμόν
1691 5656 1826 5730 μου]
1877 5656 1908 5694 ’ν
1951 5663 1989 5717 Β
2023 5663 2190 5736 ἔργῳ.
2267 5667 2309 5700 ¹⁰
2351 5668 2522 5724 Ἥσαῦ
2547 5656 2758 5745 infla;
2782 5656 3056 5750 vlt}-
3120 5679 3158 5710 “
3521 5670 3673 5742 suppl.
