3840 6202
237 264 351 327 ιοδε,
1331 248 1410 308 ΙΝ
1437 247 1753 307 EZECHIE

1913 247 2069 306 CAP.
2093 247 2299 307 XXVI-
3293 242 3426 305 1066

229 379 400 438 δὼνιοι,
433 369 518 424 καὶ
548 368 593 422 oi
629 365 777 421 ἄλλοι
800 365 1000 428 πάντες
1025 365 1073 418 oi
1112 363 1315 416 τούτων
1342 362 1706 433 πλησιόχωροι
1732 377 1743 388 ο

1912 361 2022 416 ibui
2055 361 2407 430 conjunctam
2439 355 2710 414 habebant
2735 364 2958 422 terram,
2993 365 3046 413 et
3079 357 3233 412 valde
3261 357 3425 411 vicini

229 461 555 533 διαφερόντως
597 457 652 510 δὲ
707 455 1034 524 ἀλλοφύλους
1092 456 1125 524 ἡ
1186 453 1306 507 θεία
1355 453 1515 506 καλεῖ
1560 452 1745 524 Γραφὴ

1913 457 2013 502 ant
2064 463 2126 503 ac
2175 448 2412 506 ﬁnitimi.
2466 446 2607 501 Dicit
2656 446 2824 519 igitur
2846 446 3011 502 etiam
3073 461 3136 500 ea
3175 461 3297 520 quae
3344 447 3429 502 his

239 550 602 610 Ἀσκαλωνίτας
642 548 734 601 καὶ
760 545 1045 610 Γαζαίους,
1067 542 1354 606 Γετθαίους
1378 561 1437 595 τε
1467 543 1562 596 καὶ
1591 544 1752 596 Ἀκαο

831 545 1045 610 ιζαίους,
1067 542 1354 606 Γετθαίους
1378 561 1437 595 τε
1467 543 1562 596 καὶ
1591 544 1752 596 Ἀκαο
1853 548 2112 594 eventura
2141 551 2347 597 essent.

231 646 449 721 ρωνίτας,
489 643 581 696 καὶ
619 639 924 705 Ἀζωτίους,
957 635 1144 706 ἐπειδὴ
1183 639 1248 706 τῇ
1281 635 1375 689 τοῦ
1425 633 1591 688 Ἰούδα
1617 634 1753 704 φυλῇ
1793 633 2142 704 συνημμένην
2206 629 2350 704 εἶχον
2395 633 2495 705 τὴν
2553 635 2675 704 γῆν,
2730 634 2822 688 καὶ
2871 634 2991 687 λίαν
3042 629 3180 705 ἦσαν
3220 634 3429 708 ὅμοροιν

229 739 305 792 καὶ
331 735 693 806 πλησιόχωροι.
737 730 898 798 Λέγει
938 728 1118 782 τοίνυν
1153 728 1244 781 καὶ
1283 726 1352 778 τὰ
1374 725 1582 790 τούτοις
1613 725 2021 796 συμϐησόμενα.

290 828 449 892 ιε’-ιζ.’
491 825 629 881 Τάδε
683 826 843 894 λέγει
875 822 1125 877 Ἀδωναῒ
1183 822 1429 889 Κύριος·
1493 822 1634 873 ’Δγ-θ’
1679 813 1767 872 ὧν

1941 818 2107 874 Vens.
2164 821 2344 873 15-17.
2399 819 2527 875 Haec
2573 820 2700 874 dicit
2742 820 2958 874 Adonai
3008 819 3262 874 Dominus
3303 835 3322 873 :
3355 820 3435 876 Eo

227 922 493 986 ἐποίησαν
511 919 563 968 οἱ
580 913 920 982 ἀλλόφυλοι
936 913 1005 964 ἐν
1019 908 1222 980 μήνιδι
1239 911 1302 973 ¹¹,
1325 909 1420 961 καὶ
1446 906 1739 972 ἐξανέστη

1921 907 2006 959 rod
2060 907 2290 976 fecerunt
2349 909 2657 979 alienigenw
2706 911 2762 964 in
2809 911 2914 974 ira,
2957 919 3006 965 et
3052 911 3437 967 suscitaverunt

228 1028 333 1066 σαν
357 1007 661 1075 ἐκδίκησιν
687 1004 1097 1072 ὲπιχαίροντες
1145 1000 1214 1064 ἐξ
1261 999 1410 1066 ὅλης
1446 997 1652 1068 ψυχῆς
1698 999 1741 1028 1³

1921 997 2121 1051 itionem
2147 998 2429 1068 gaudentes
2459 1013 2524 1052 ex
2571 1007 2682 1052 tota
2712 999 2914 1068 anima,
2959 1007 3016 1052 ut
3047 1009 3437 1069 corrumperent

227 1101 317 1155 τοῦ
329 1096 652 1166 διαφθεῖραι
672 1097 716 1126 ι’
743 1095 870 1147 κατ’
895 1093 1116 1162 ἔχθραν
1135 1090 1392 1145 αἰώνιον.
1439 1090 1541 1143 Διὰ
1589 1089 1743 1142 τοῦτι

1920 1092 2156 1143 rcundum
2209 1089 2386 1144 odium
2440 1091 2840 1158 sempiternum.
2897 1089 3108 1144 Idcirco
3148 1089 3258 1146 hazc
3307 1089 3436 1142 dicit

228 1190 348 1244 τάδε
374 1187 528 1256 λέγει
556 1184 796 1239 Ἀδωνατ
815 1184 1026 1250 Κύριος
1046 1198 1062 1213 ο
1107 1182 1260 1236 Ἰδοὺ
1287 1181 1403 1252 ἐγὼ
1421 1179 1643 1235 ἐκτενῶ
1663 1182 1744 1246 τὰς

1921 1181 2079 1236 danai
2117 1181 2372 1236 Dominus
2402 1197 2421 1236 :
2453 1181 2588 1235 Ecce
2618 1199 2710 1253 ego
2757 1182 3034 1236 extendam
3079 1199 3265 1237 manus
3294 1199 3437 1237 meas

227 1280 406 1352 xeipa'c
424 1296 540 1347 μου
570 1279 613 1310 ’⁵
651 1277 748 1331 ἐπὶ
795 1275 938 1341 τοὺς
996 1275 1406 1342 ἀλλοφύλους,
1445 1273 1542 1326 καὶ
1565 1273 1743 1337 ἐξολο

1922 1289 2026 1340 ψει·
2054 1273 2401 1344 alienigenas,
2431 1284 2482 1328 et
2508 1273 2868 1328 exterminabo
2908 1271 3202 1339 Cretenses,
3238 1281 3287 1327 et
3320 1290 3438 1342 per-

227 1371 430 1438 θρεύσω
476 1366 618 1432 τοὺς
663 1365 918 1434 Κρῆτας,
943 1365 1039 1418 καί
1092 1362 1298 1418 ἀπολῶ
1321 1363 1462 1428 τοὺς
1499 1363 1743 1416 καταλσὶ

1923 1380 1992 1417 tm
2013 1362 2238 1433 reliquos
2271 1362 2570 1418 habitantes
2598 1379 2746 1417 oram
2774 1363 3115 1416 maritimam.
3153 1361 3218 1416 Et
3240 1363 3439 1430 faciam

225 1476 358 1524 πους
375 1457 511 1523 τοὺς
572 1453 1000 1520 κατοικοῦντας
1051 1453 1166 1520 τὴν
1212 1453 1512 1521 παραλίαν
1547 1453 1608 1507 ¹⁶.
1664 1455 1741 1507 Ka

1922 1474 1924 1500 ι
1959 1452 2102 1520 ipsos
2151 1451 2376 1506 ultiones
2417 1469 2635 1522 magnas
2661 1453 2713 1505 in
2752 1451 3213 1522 redargutionibus
3240 1452 3438 1521 furoris

225 1547 433 1613 ποιήσω
470 1549 558 1612 εὶς
603 1544 827 1611 αὐτοὺς
879 1543 1220 1610 ἐκδικήσεις
1243 1541 1510 1612 μεγάλας
1552 1543 1622 1596 ἐν
1646 1541 1741 1596 ὲλε

1926 1543 1992 1606 ei,
2032 1551 2082 1596 et
2122 1552 2432 1612 cognoscent
2479 1559 2558 1596 me
2590 1557 2703 1597 esse
2736 1541 2944 1596 Adonai
2986 1542 3290 1607 Dominum,
3323 1559 3442 1596 cum

224 1637 373 1707 γμοῖς
413 1637 602 1706 θυμοῦ
649 1653 791 1706 μου,
858 1634 957 1688 καὶ
1007 1633 1459 1704 ἐπιγνώσονται,
1521 1634 1608 1687 ὅτι
1660 1635 1740 1703 ἐτι

1927 1633 2064 1688 ιάετο
2093 1633 2346 1689 ultionem
2386 1651 2557 1689 meam
2596 1650 2753 1704 super
2777 1651 2886 1690 eos.
2916 1634 3011 1690 His
3043 1637 3061 1656 ⁶
3091 1637 3259 1691 etiam
3288 1651 3443 1706 aeque

237 1729 462 1783 Ἀδωναῒ
483 1729 722 1798 Κύριος,
755 1727 824 1781 ἐν
847 1725 926 1792 τῷ
951 1726 1161 1780 δοῦναι
1188 1726 1303 1795 τὴν·
1319 1725 1633 1793 ἐκδίκησιν
1652 1743 1753 1794 μοι

1925 1740 1939 1779 ι
1990 1724 2240 1780 Ιάιιωιείε
2292 1725 2482 1780 odium
2532 1725 2669 1780 vitio
2719 1725 2899 1780 vertit.
2955 1725 3224 1782 Memores
3268 1728 3441 1791 enim,

223 1820 304 1873 ἐπ’
344 1819 575 1884 αὐτούς.
621 1819 734 1872 Καὶ
789 1818 998 1880 τούτοις
1042 1817 1244 1888 ὁμοίως
1294 1818 1423 1882 τοῖς*
1455 1815 1739 1887 ἰδουμαίοι

1924 1815 2068 1884 ιηιιίι,
2121 1815 2451 1884 injuriarum
2509 1831 2539 1869 a
2597 1817 2797 1886 populo
2865 1833 2987 1874 meo
3046 1825 3440 1888 acceptarum,

226 1910 368 1981 μῆνιν
391 1909 631 1978 ἐγκαλεῖ.
651 1910 1180 1981 Μνησικακὴσαντες
1213 1909 1342 1979 γάρ,
1382 1909 1538 1978 φησὶ,
1561 1907 1639 1977 τῷ
1660 1907 1742 1960 λαὶ

1926 1907 2030 1960 tasi
2079 1921 2109 1959 a
2141 1906 2351 1962 victore
2394 1915 2449 1962 et
2495 1909 2721 1977 proprio
2779 1923 2945 1978 regno
2984 1909 3180 1978 potito,
3213 1909 3442 1963 calami-

225 2018 332 2072 μου,
353 2001 423 2064 ὡς
451 2000 765 2071 νενικηκότι
799 2000 893 2054 καὶ
924 2001 1025 2068 τὴν
1062 1999 1270 2052 οἰκείαν
1322 1997 1600 2069 βασιλείαν
1642 2016 1741 2069 κρα

1933 1998 2005 2051 tis
2035 2004 2252 2066 tempus
2299 1997 2525 2052 ultionis
2573 2005 2792 2068 tempus
2845 1997 3116 2063 fecerunt,
3151 2007 3206 2054 et
3249 1999 3303 2053 in
3348 2013 3443 2054 eos

221 2093 433 2155 τύναντι,
464 2091 552 2144 τὸν
581 2090 688 2158 τῆς
720 2091 1004 2160 συμφορᾶς
1049 2087 1238 2160 καιρὸν
1285 2088 1556 2158 τιμωρίας
1585 2087 1737 2159 καιρδ

1931 2088 2196 2144 vadentes
2259 2088 2567 2144 innumeris
2615 2092 2777 2148 malis
2812 2107 2907 2147 eos
2952 2091 3201 2146 all‘ecere.
3233 2090 3346 2144 Hac
3379 2090 3447 2143 de

223 2182 549 2251 ἐποιήσαντο,
593 2180 697 2232 καὶ
742 2178 1142 2241 ἐπαναστάντες
1188 2177 1356 2247 μυρία
1398 2177 1644 2230 διέθεσαν
1680 2177 1739 2230 αὖ

1931 2195 2044 2234 lusa
2079 2195 2181 2250 ego
2212 2194 2404 2250 ptenas
2433 2181 2542 2236 odii
2574 2181 2644 2236 ab
2679 2183 2788 2240 illis
2817 2183 3053 2254 exigam.
3085 2191 3141 2236 et
3180 2181 3447 2236 divinitus

221 2275 318 2336 τοῖς
352 2262 522 2326 κακά’
553 2271 754 2324 τούτου
784 2271 940 2342 χάριν
969 2269 1081 2338 ἐγὼ
1118 2270 1274 2333 δίκας
1307 2271 1501 2334 αὐτοὺς
1536 2271 1635 2340 τῆς
1669 2270 1737 2339 μή

1931 2272 1986 2327 is
2020 2272 2211 2342 plagas
2263 2272 2526 2342 inﬂigam,
2565 2279 2620 2328 et
2656 2287 2762 2327 una
2806 2289 2931 2328 cum
2963 2271 3310 2346 principibus
3351 2287 3447 2328 eos

226 2363 348 2426 νιδος
383 2363 683 2434 πράξομαι,
743 2363 837 2416 καὶ
885 2361 1166 2432 θεηλάτοις
1227 2362 1422 2424 αὐτοὺς
1470 2361 1742 2432 παραδῶσι

1933 2364 1972 2418 ιί
2001 2363 2237 2434 subjecti
2270 2372 2399 2419 sunt
2438 2364 2548 2421 illis
2574 2366 2927 2430 interticiam,
2957 2372 3014 2421 et
3046 2365 3101 2420 in
3131 2365 3294 2430 mala,
3327 2380 3449 2435 quia

215 2457 457 2523 πληγαῖς,
497 2455 593 2508 καὶ
648 2455 747 2508 σὺν
797 2456 910 2518 τοῖς
951 2453 1179 2524 ἄρχουσι
1210 2453 1338 2516 τοὺς
1363 2451 1635 2522 ὑπηκόους
1659 2450 1731 2504 διο

1931 2453 2114 2509 vadere
2145 2462 2444 2524 nequeant,
2479 2456 2783 2526 impellam,
2818 2463 2878 2510 ut
2914 2471 3009 2525 per
3037 2470 3098 2510 ea
3123 2471 3245 2525 qua:
3275 2455 3447 2511 susti-

224 2544 408 2613 φθερῶ,
434 2544 526 2597 καὶ
561 2543 828 2613 ἀφύκτοις
853 2545 1049 2606 αὐτοὺς
1096 2541 1315 2596 ἐκδώσω
1337 2545 1524 2604 κακοῖς
1546 2557 1560 2571 ο
1596 2542 1683 2594 ἵνα
1711 2541 1740 2594 δ

1931 2547 2102 2602 uerint
2140 2547 2245 2601 mei
2276 2547 2504 2602 dominii
2543 2547 2670 2617 jura
2710 2555 3069 2618 cognoscant.
3115 2545 3227 2602 Nos
3265 2557 3447 2602 autem

223 2627 287 2688 ὧν
309 2635 631 2705 ὑπομένουσι
660 2635 762 2705 τῆς
825 2635 965 2704 ἐμῆς
1014 2633 1330 2697 δεσποτείας
1383 2631 1649 2701 ὲπιγνῶσι
1682 2634 1739 2702 τὶς

1935 2654 1952 2695 3
1999 2651 2406 2710 exspectemus,
2445 2641 2575 2695 dum
2618 2641 2887 2695 malorum
2950 2640 3286 2710 experientia
3342 2639 3451 2695 Do-

223 2724 448 2793 δύναμιν.
509 2725 708 2794 Ἡμεῖς
760 2724 816 2777 δὲ
875 2723 950 2794 μὴ
1002 2724 1359 2795 ἀναμένωμεν
1401 2724 1488 2777 διὰ
1529 2722 1632 2792 τῆς
1672 2723 1739 2776 τιῖ

1943 2729 2093 2783 inum
2145 2738 2396 2785 nostrum
2451 2745 2843 2800 agnoscamus,
2897 2731 2989 2786 sed
3045 2745 3110 2785 ex
3166 2729 3451 2801 perpetuis

224 2813 390 2867 κακῶν
417 2813 614 2885 πείρας
667 2814 761 2868 τὸν
821 2815 1086 2886 ἡμέτερον
1133 2814 1429 2882 ἐπιγνῶναι
1463 2815 1740 2886 Δεσπότην

1939 2816 2035 2872 lius
2058 2817 2219 2873 donis
2251 2825 2510 2888 percepta
2556 2819 2891 2889 cognitione,
2925 2833 3054 2889 erga
3093 2819 3243 2873 illius
3289 2819 3455 2873 bene-

224 2906 342 2960 ἁλλά
370 2907 453 2960 διὰ
480 2906 588 2961 τῶν
615 2905 860 2960 ἀεννάων
907 2905 1070 2959 αὑτοῦ
1126 2905 1344 2977 δωρεῶν
1373 2905 1656 2976 δεξάμενοι
1681 2905 1740 2976 τὴ

1939 2907 2009 2960 :ia
2039 2916 2365 2976 gratos-nos
2398 2909 2760 2977 praebeamus,
2791 2908 3128 2978 ultionisque
3159 2907 3330 2979 889
3359 2923 3455 2962 cu-

222 2999 518 3066 ὲπίγνωσιν,
583 2997 930 3067 εὐγνώμονες
985 2999 1113 3068 περὶ
1149 2973 1246 3060 τας
1280 2973 1595 3068 εὐεργεσίας
1621 3005 1738 3065 γενο

1949 2973 2172 3054 ditatem
2198 2973 2438 3070 cognitis
2466 3001 2640 3070 ipsius
2681 3001 3010 3070 perniciosis
3039 2973 3319 3055 lructibus
3340 3001 3455 3055 evi-

227 3089 372 3156 μεθα,
394 3090 487 3141 καὶ
517 3088 788 3157 φύγωμεν
820 3087 920 3156 τῆς
954 3087 1172 3157 μήνιδος
1201 3087 1263 3140 τὸ
1300 3086 1489 3153 πάθος,
1513 3089 1638 3149 τοὺς
1668 3087 1743 3140 όλε

1938 3106 2090 3154 mus,
2131 3092 2549 3161 apostolieoque
2610 3099 2881 3162 praecepto
2936 3105 3248 3162 pareamus,
3307 3089 3454 3144 haud

223 3178 390 3250 Θρίους
421 3179 614 3233 τούτου
654 3178 919 3250 μαθόντες
963 3177 1210 3250 καρπούς
1236 3194 1247 3206 ·
1276 3179 1373 3232 καὶ
1412 3178 1511 3249 τὴν
1555 3180 1739 3231 amem

1939 3190 2272 3252 {spectantes
2304 3190 2363 3236 ut
2395 3197 2561 3252 super
2589 3190 2810 3237 mutuas
2838 3181 3074 3236 oll'ensas
3106 3180 3321 3236 occidat
3349 3181 3455 3243 sol,

221 3269 362 3340 λικὴν
393 3269 726 3341 φυλάξωμεν
769 3269 1008 3340 ἐντολὴν,
1053 3270 1127 3339 μὴ
1177 3269 1532 3338 ἀναμένοντες
1553 3273 1619 3341 τῇ
1641 3270 1737 3323 λύτ

1942 3270 1984 3324 ιιι
2005 3278 2133 3325 ante
2149 3270 2294 3324 illius
2314 3284 2573 3325 occasum
2599 3270 2734 3325 iram
2759 3270 3031 3326 sedemus.
3054 3269 3131 3324 Ita
3147 3270 3292 3324 enim
3324 3269 3458 3340 justi

221 3362 278 3431 τῇ
304 3363 416 3414 κατ’
445 3361 704 3432 ἀλλήλων
748 3360 992 3414 ὲπιδῦναι
1038 3361 1128 3413 τὸν
1154 3361 1302 3430 ἥλιον
1324 3378 1336 3390 ο
1380 3361 1514 3413 ἀλλὰ
1548 3362 1653 3431 πρὸ
1681 3362 1737 3414 τᾶ

1953 3361 2096 3416 dicis
2137 3370 2329 3416 contra
2362 3376 2464 3417 nos
2516 3363 2654 3416 iram
2696 3362 3099 3432 mitigabimus,
3127 3361 3462 3428 amabilique

221 3450 412 3505 ἐκείνου
441 3452 674 3522 δυσμῶν
699 3451 797 3522 τὴν
837 3451 1004 3523 ὀργὴν
1030 3451 1474 3522 κατασϐέσωμεν.
1498 3451 1656 3504 Οὕτω
1677 3451 1737 3518 γὸ

1946 3453 1986 3506 la
2025 3460 2080 3508 et
2127 3452 2473 3522 optatissima
2519 3452 2899 3507 benevolentia
2953 3452 3253 3508 fruemur:
3300 3453 3462 3522 cujus

221 3542 305 3595 καὶ
324 3543 416 3613 τὴν
441 3543 564 3597 καθ’
595 3544 760 3614 ἡμῶν
799 3542 969 3614 «ὀργὴν
997 3543 1090 3597 τοῦ
1130 3543 1336 3596 δικαίου
1374 3543 1559 3614 κριτοῦ
1587 3543 1737 3596 παύση

1946 3546 2108 3598 tinam
2145 3551 2435 3614 compotes
2461 3558 2652 3600 omnes
2694 3545 2872 3600 simus
2906 3544 3083 3614 gratia
3113 3551 3166 3598 et
3211 3543 3462 3613 benigni-

225 3649 336 3701 μεν,
359 3637 452 3688 καὶ
477 3633 580 3705 τὴν
616 3633 884 3704 ἐράσμιον
933 3633 1147 3704 ἐκείνην
1194 3635 1287 3687 καὶ
1332 3633 1662 3705 τριπόθητον
1697 3634 1741 3686 εἰ

1957 3643 2009 3690 te
2057 3635 2276 3690 Domini
2326 3635 2504 3692 nostri
2543 3635 2672 3692 Jesu
2714 3637 2959 3702 Christi,
2991 3652 3115 3691 cum
3170 3651 3282 3707 quo
3316 3636 3466 3692 l’aui

223 3721 428 3790 μένειαν
461 3723 916 3795 καρπωσόμεθα·
952 3720 1019 3798 ἦς
1046 3726 1130 3798 εἴη
1174 3726 1380 3790 πάντας
1425 3727 1572 3796 ἡμᾶς
1604 3727 1739 3778 ὲπιτι

1951 3734 1970 3780 ι
2013 3727 2208 3800 gloria,
2235 3742 2362 3783 cum
2407 3735 2600 3784 sancto
2646 3727 2876 3798 Spiritu,
2910 3728 2962 3782 in
3010 3726 3466 3794 sarculasaeculo-

221 3816 345 3883 χεῖν,
379 3815 566 3886 χάριτι
620 3815 724 3868 καὶ
772 3815 1150 3888 φιλανθρωπίᾳ
1200 3815 1295 3870 τοῦ
1348 3817 1552 3888 Κυρίου
1633 3816 1788 3886 ἡμῶν
1897 3832 2041 3871 rum.
2078 3819 2274 3871 Amen.

231 3902 392 3972 Ἰησοῦ
425 3904 696 3974 Χριστοῦ,
751 3906 868 3975 μεθ’
918 3899 978 3960 οὗ
1029 3906 1106 3977 τῷ
1144 3907 1374 3977 Πατρὶή
1405 3906 1550 3974 δόξα,
1585 3907 1681 3959 σὺν
1739 3906 1816 3976 τῷ
1849 3907 1989 3978 ἁγίῳ
2048 3907 2363 3978 Πνεύματι,
2426 3909 2504 3970 εἰς
2572 3908 2696 3971 τοὺς
2745 3907 2946 3969 αἰῶνας
2996 3908 3106 3961 τῶν
3142 3907 3350 3962 αἰώνων
3401 3905 3463 3941 "'-

233 3995 285 4048 ’Δ
292 3998 391 4068 μήν
401 4035 412 4049 .

1461 4152 1696 4207 νΑΒΙΑΞ
1726 4151 2108 4206 LECTIONES

288 4337 326 4368 ¹¹
354 4340 410 4391 ἐν
450 4341 581 4410 μήν.
617 4339 666 4391 A
689 4335 996 4416 ἐκδικήσει.
1095 4334 1232 4398 ηεξ.
1257 4334 1336 4415 βλ.
1465 4332 1594 4417 Asx
1621 4333 1815 4418 ψυχῆς.
1891 4334 1934 4365 ίδ
1953 4331 2135 4399 διαφθ.
2162 4361 2231 4372 -—
2258 4336 2410 4388 αἰών.
2443 4333 2784 4403 Αὲξαλεῖψαι
2826 4335 2937 4416 ἕως
2991 4333 3205 4419 αἰῶνος.
3340 4343 3465 4455 Best

288 4408 519 4455 ιωθεϊοαι
567 4409 728 4455 ιιιΙιΙΙΙ.
762 4406 824 4455 ὲκ
847 4405 1042 4455 (law/nc.
1118 4403 1221 4455 "A
1253 4420 1478 4455 εκτεινω
1502 4419 1599 4455 την
1633 4419 1789 4455 νειοα
1823 4419 1972 4455 μου.·
2018 4401 2062 4432 ⁸⁸
2085 4404 2129 4455 Α
2158 4403 2627 4455 παοαθαλασσίαν.
2697 4407 2737 4434 "
2782 4421 2891 4455 των
2914 4404 3067 4455 αἱων.
3113 4402 3236 4455 Des.
3269 4420 3324 4455 In
3392 4441 3406 4455 .

222 4401 526 4479 διαφθεῖραί
567 4407 728 4463 addit
762 4406 824 4457 ὲκ
847 4401 1042 4475 ψυχῆς.
1118 4403 1221 4455 ¹⁵Α
1253 4401 1478 4456 ἐκτείνω
1502 4403 1599 4472 τὴν
1633 4401 1789 4472 χεῖρά
1821 4419 1972 4472 μου.·
2018 4401 2062 4432 ¹⁶
2085 4404 2129 4455 Α
2158 4403 2627 4473 παραθαλασσίαν.
2697 4401 2737 4434 ’⁷
2782 4404 2891 4457 τῶν
2914 4402 3067 4457 αἰών.
3113 4402 3236 4459 Des.
3269 4401 3406 4457 inB.

262 4599 671 4614 M

3170 4601 3415 4615 ὴ

1564 4749 1945 4834 ΤΟΜΟΣ
2020 4751 2141 4832 ΙΑ’

1801 4955 1870 4967 ρο.

1282 5097 1640 5184 LIBER
1746 5091 2482 5184 UNDECIMUS.

1803 5313 1873 5323 ..-

799 5438 1050 5492 ΚΕΦΑΛ.
1083 5439 1227 5502 Kq'.
1841 5437 1881 5489 D
2463 5425 2692 5482 CAPUT
2733 5425 2922 5479 XXVI.
2961 5468 2964 5478 .

296 5549 363 5598 α’,
389 5538 419 5606 β
442 5576 454 5588 .
494 5530 609 5588 Kal
629 5527 866 5598 ἐγένετο
893 5529 962 5582 ἐν
991 5528 1072 5593 τῷ
1109 5528 1400 5592 ἑνδεκάτῳ
1428 5527 1562 5591 ἔτει,
1584 5524 1688 5594 μιᾷ
1712 5525 1815 5577 τοῦ
1991 5524 2152 5577 Vens.
2185 5524 2235 5587 1,
2265 5522 2317 5576 2.
2353 5519 2418 5574 Et
2450 5521 2648 5590 factum
2694 5530 2770 5573 est
2803 5536 2938 5572 anno
2979 5517 3268 5606 undecimo,
3308 5513 3476 5606 primo

231 5601 435 5692 μηνὸς,
460 5622 711 5693 ἐγένετο
735 5620 914 5686 λόγος
972 5619 1191 5686 Κυρίου
1240 5619 1388 5684 πρὸς
1452 5617 1544 5686 μὲ,
1582 5616 1807 5683 λέγων·
1923 5616 2048 5685 (die)
2107 5613 2320 5678 mensis,
2375 5612 2571 5678 factum
2628 5620 2701 5664 est
2762 5611 2968 5663 t'crbum
3033 5605 3237 5659 Domini
3291 5601 3356 5654 ml
3400 5617 3480 5656 me

640 5713 910 5773 PATROL.
947 5711 1062 5770 Gn.
1098 5711 1360 5770 LXXXI.
3020 5695 3091 5757 34
