3840 6202
275 356 399 423 1069

1396 364 1477 425 IN
1518 366 1961 430 EZECIIIELIS
1997 372 2155 434 CAP.
2190 374 2399 435 XXVI.

3364 380 3499 442 1070

332 465 479 518 (λ’-ιδ’.
539 464 613 520 Τὰ
659 465 825 534 τείχη
872 480 1009 527 σου,
1068 466 1160 520 καί
1217 468 1356 534 τοὺς
1395 472 1662 542 πύργους
1702 489 1801 528 σοι

1994 477 2156 534 Vens.
2187 479 2327 535 9-H.
2382 479 2571 534 Muros
2615 491 2752 545 ltus,
2799 496 2846 540 et
2886 496 3057 541 turres
3103 495 3220 542 tuas
3264 488 3495 546 destruet

268 554 496 610 καθελεῖ
513 555 582 607 ἐν
607 554 731 621 τοῖς
756 556 971 622 ὅπλοις
987 556 1033 588 ³⁸
1057 557 1295 615 ἑαυτοῦ.
1344 560 1485 615 Ἀπὸ
1525 563 1630 618 τοῦ
1667 564 1821 631 πλή-

267 650 395 711 θους
432 643 546 699 τῶν
574 646 772 700 litetur
802 646 847 677 ³⁷
878 647 1068 701 αὐτοῦ
1098 652 1517 721 κατακαλύψει
1549 667 1625 707 σε
1649 657 1681 708 ό
1719 672 1819 710 κο-

263 737 482 806 νιορτὸς
520 736 736 803 αὐτῶν,
782 739 879 793 καί
910 740 1029 794 ἀπὸ
1063 739 1173 807 τῆς
1210 743 1416 814 φωνῆς
1445 743 1564 799 τῶν
1592 747 1819 802 ίππέων

261 827 465 888 αὑτοῦ,
525 826 624 881 καί
674 826 795 881 τῶν
834 828 1065 897 τροχῶν
1113 830 1232 884 τῶν
1274 833 1550 902 ἁρμάτων
1600 838 1816 906 αὐτοῦ,

260 919 629 988 σεισθήσεται
650 918 721 972 τὰ
744 921 912 989 τείχη
936 937 1073 985 σου,
1103 925 1605 993 διαπορευομένου
1630 930 1817 985 αὐτοῦ

260 1009 356 1075 τὰς
389 1008 582 1074 πύλας
619 1025 756 1075 σου,
791 1011 872 1077 ὠς
907 1013 1414 1083 είσπορευομένου
1436 1017 1481 1049 ³⁸
1520 1019 1607 1085 εἰς
1636 1022 1817 1074 πόλιν

256 1101 317 1155 ἐκ
354 1099 578 1154 πεδίου.
625 1102 721 1154 Ἐν
763 1102 893 1170 ταῖς
946 1105 1164 1172 ὁπλαῖς
1209 1105 1328 1161 τῶν
1381 1108 1583 1163 ἵππων
1627 1110 1814 1166 αὐτοῦ

256 1190 733 1260 καταπατήσουσι
785 1193 987 1261 πάσας
1030 1196 1139 1264 τὰς
1165 1202 1453 1268 πλατείας
1492 1219 1607 1258 σου
1637 1221 1649 1234 ·
1708 1203 1816 1260 τὸν

253 1283 391 1337 λαόν
415 1297 529 1335 σου
549 1286 819 1354 μαχαίρᾳ
858 1286 1081 1355 ἀνελεῖ,
1124 1291 1221 1344 καί
1260 1291 1375 1358 τὴν
1410 1295 1754 1351 ὑπόστασιν
1768 1297 1812 1329 ³³

253 1374 348 1443 τῆς
370 1376 578 1444 ἰσχύος
606 1393 722 1431 σου
756 1378 853 1431 ἐπὶ
889 1378 1003 1448 τὴν
1027 1381 1145 1450 γῆν
1166 1384 1430 1447 κατάξει.
1461 1387 1569 1441 Καὶ
1599 1405 1813 1456 προνο-

246 1467 442 1534 Its-das:
461 1465 575 1535 τὴν
596 1467 856 1538 δύναμιν
884 1484 1021 1536 σου,
1048 1472 1145 1527 καὶ
1174 1478 1500 1532 σκυλεύσει
1527 1478 1599 1532 τὰ
1620 1481 1809 1551 ὑπάρ-

250 1556 421 1626 χοντά
450 1572 588 1623 σου,
621 1560 718 1613 καί
750 1563 1164 1629 καταϐαλεῖ,τὰ
1186 1566 1352 1636 τείχη
1379 1583 1516 1632 σου,
1542 1571 1638 1625 καί
1670 1572 1812 1639 τοὺς

250 1647 438 1713 οἰκους
461 1663 576 1702 σου
597 1648 742 1716 τοὺς
766 1651 1166 1722 ἐπιθυμητοὺς
1194 1656 1439 1712 καθελεῖ
1452 1659 1519 1723 ⁸ο,
1548 1662 1643 1713 καὶ
1669 1662 1812 1728 τοὺς

249 1738 440 1804 λίθους
459 1753 601 1805 σου,
643 1740 742 1794 καί
774 1742 847 1796 τὰ
880 1742 1038 1808 ξύλα
1063 1760 1200 1809 σου,
1237 1749 1333 1801 καί
1370 1749 1476 1802 τὸν
1508 1752 1661 1820 χοῦν
1693 1768 1809 1808 οοου

1929 569 2094 623 armis
2133 571 2265 625 suis.
2300 569 2380 626 0b
2428 570 2820 626 multitudinem
2859 591 3108 644 equorum
3141 579 3226 648 eju
3304 584 3497 649 aperiet

1930 666 1976 711 te
2006 660 2175 725 pulvis
2224 678 2426 725 eorum,
2453 680 2485 717 a
2516 664 2693 717 sonitu
2736 666 2965 734 equitum
3003 668 3137 737 ejus,
3166 684 3223 727 et
3258 684 3496 727 rotarum

1926 766 2176 804 curruum
2199 753 2385 820 ipsius,
2408 756 2870 810 commovebuntur
2896 761 3036 812 muri
3059 761 3155 828 tui,
3171 761 3498 833 ingrediente

1924 841 2020 897 illo
2048 853 2229 910 portas
2277 854 2394 898 tuas
2445 855 2694 916 tanquam
2751 850 3072 920 ingrediente
3114 853 3167 906 in
3213 854 3390 909 urbem
3432 858 3495 910 de

1923 947 2128 1001 campo.
2150 932 2370 1004 Ungulis
2399 928 2650 1001 equorum
2678 954 2892 994 suorum
2918 943 3294 999 conculcabunt
3318 963 3493 1003 omnes

1920 1020 2125 1085 plateas
2153 1030 2272 1075 tuas
2300 1025 2582 1092 :populum
2605 1036 2751 1081 tuum
2774 1029 2954 1100 gladio
2980 1033 3282 1102 interﬁciet,
3305 1045 3354 1090 et
3377 1038 3494 1091 sub-

1920 1110 2174 1162 stantiam
2200 1113 2401 1168 roboris
2436 1116 2515 1168 tui
2558 1117 2614 1170 in
2640 1127 2834 1173 terram
2863 1120 3101 1178 deducet.
3129 1122 3196 1177 Et
3220 1127 3495 1195 deprteda-

1922 1193 2062 1247 bitur
2084 1199 2374 1265 potentiam
2403 1211 2568 1267 tuam,
2593 1214 2643 1258 et
2687 1206 2938 1275 spoliabit
2967 1209 3253 1279 facultates
3278 1193 3418 1281 tuas,
3441 1229 3491 1273 et

1919 1284 2149 1341 destruet
2173 1305 2352 1345 muros
2380 1301 2515 1356 tuos,
2536 1304 2587 1349 et
2614 1295 2797 1353 domas
2825 1310 2944 1354 tuas
2965 1302 3337 1363 desiderabiles
3357 1326 3493 1364 erer-

1920 1383 2071 1437 tet,et
2091 1377 2326 1447 ‘lapides
2346 1389 2553 1447 tuos,et
2578 1384 2723 1454 ligna
2754 1400 2869 1454 tua,
2892 1398 2941 1442 et
2966 1391 3225 1457 pulverem
3250 1403 3396 1449 tuum
3435 1399 3490 1449 in

1919 1466 2145 1519 medium
2165 1469 2329 1523 maris
2347 1470 2564 1540 injiciet.
2586 1473 2656 1527 Et
2675 1476 2926 1530 dissolvet
2956 1480 3351 1537 multitudinem
3376 1503 3491 1540 mu-

1917 1557 2145 1612 sicorum
2178 1570 2408 1629 tuorum,
2432 1575 2482 1619 et
2512 1582 2610 1621 vox
2628 1569 3004 1637 psalteriorum
3023 1583 3235 1630 tuorum
3260 1594 3364 1634 non
3391 1598 3488 1635 aue-

1917 1648 2089 1703 dietur
2109 1653 2356 1721 amplius.
2378 1655 2440 1709 Et
2457 1658 2594 1713 dabo
2615 1669 2662 1714 te
2683 1662 2738 1715 in
2764 1663 2939 1718 ltevem
2956 1677 3156 1735 petram
3171 1686 3189 1724 :
3203 1673 3488 1730 exsiccalio

1917 1757 2232 1810 sagenarum
2276 1747 2405 1813 eris,
2435 1756 2485 1802 et
2517 1766 2620 1805 non
2651 1750 2816 1823 892
2849 1756 3196 1827 azdi/icaberis
3235 1764 3481 1832 amplius.

248 1829 326 1894 εἰς
360 1827 553 1897 μέσον
610 1830 719 1899 τῆς
763 1833 1083 1903 θαλάσσης
1126 1830 1389 1907 ἐμϐαλεῖ.
1456 1842 1567 1895 Kal
1625 1859 1801 1899 uara-

1909 1829 2035 1897 qnia
2062 1845 2154 1900 ego
2181 1832 2388 1888 locutus
2417 1852 2557 1903 sum,
2596 1838 2729 1893 dicit
2756 1843 2967 1898 Δάοηαὶ
3004 1844 3284 1903 Dominus.
3321 1827 3485 1920 Vera,

246 1920 465 1973 λύσειρΜ
512 1920 578 1974 τὸ
618 1920 848 1992 πλῆθος
892 1925 1008 1979 τῶν
1057 1928 1370 1995 μουσικῶν
1420 1945 1571 1997 σου,
1630 1934 1727 1988 καί
1775 1938 1811 2005 ἡ

244 2010 395 2078 φωνὴ
415 2010 533 2064 τῶν
553 2013 907 2083 ψαλτηρίων
926 2031 1041 2072 σου
1067 2020 1137 2073 οὐ
1161 2019 1247 2088 μὴ
1274 2021 1550 2092 ἀκουσθῇ
1566 2025 1673 2078 ἔτι.
1702 2027 1810 2080 Kal

242 2101 396 2155 δώσω
417 2118 491 2156 σε
511 2105 602 2170 εἰς
622 2104 669 2137 δ’
693 2108 1079 2176 λεωπετρίαν,
1104 2112 1343 2180 ψυγμὸς
1365 2114 1650 2182 σαγηνῶν
1669 2114 1807 2186 ἔσῃ,

242 2192 328 2247 καί
362 2197 432 2247 οὐ
462 2194 550 2265 μὴ
584 2196 988 2267 οίκοδομηθῆς
1015 2200 1124 2266 ἔτι,
1155 2201 1244 2255 ὅτι
1272 2202 1386 2273 ἐγὼ
1412 2205 1724 2276 λελάληκα
1739 2208 1808 2273 ⁸³,

241 2283 385 2354 λέγει
425 2286 674 2340 Ἀδωναῒ
705 2288 935 2357 Κύριος.
983 2290 1201 2361 Ἀληθῆ,
1227 2294 1380 2362 φησί,
1412 2295 1593 2350 πάντα
1622 2297 1691 2351 τὰ
1716 2298 1807 2351 ὑπ’

242 2374 362 2445 ἐμοῦ
403 2380 914 2451 προαγορευόμενα.
968 2381 1055 2447 Ὠς
1089 2382 1292 2454 ἀψευδῆ
1322 2384 1500 2440 τοίνυν
1530 2386 1678 2453 δέξαι
1706 2389 1807 2460 τὴν

244 2467 549 2538 πρόρρησιν,
586 2470 674 2523 ὅτι
717 2471 809 2524 καὶ
846 2472 914 2528 τὰ
952 2474 1102 2545 τείχη
1146 2492 1239 2529 σου
1273 2475 1589 2532 καθελοῦσιν
1616 2482 1665 2533 οἱ
1698 2480 1804 2535 Βα-

242 2554 488 2625 ϐυλώνιοι,
517 2560 609 2612 καὶ
644 2560 744 2624 τὰς
782 2561 958 2625 οἰκίας
987 2579 1081 2617 σου
1111 2565 1514 2630 καταλύσαντες
1540 2567 1640 2633 τὰς
1673 2570 1806 2641 πλη-

243 2648 533 2715 σιαζούσας,
566 2651 744 2716 αὐτὰς
772 2654 837 2705 ὲκ
870 2653 977 2706 τῶν
1009 2654 1173 2709 λίθων
1206 2657 1548 2728 ὲμπλήσουσι
1568 2678 1581 2688 ·
1615 2661 1803 2714 τοσοῦ-

240 2757 319 2802 τος
343 2740 395 2793 δὲ
426 2741 575 2796 ἔσται
610 2742 724 2796 τῶν
753 2743 936 2798 ἵππων
964 2747 1057 2800 καὶ
1086 2747 1192 2801 τῶν
1226 2749 1484 2819 ἁρμάτων
1509 2752 1538 2803 ὁ
1572 2751 1799 2827 κτύπος,

241 2831 304 2895 ὡς
334 2831 502 2886 δοκεῖν
537 2833 753 2904 σεισμῷ
790 2852 895 2889 τινι
924 2839 1310 2893 κατασεὶεσθαι
1346 2840 1447 2911 τὴν
1482 2841 1657 2896 πόλιν.
1690 2844 1801 2897 Καὶ

238 2924 299 2978 τὰ
328 2926 637 2997 ὑπάρχοντά
674 2945 766 2982 σου
797 2929 1093 3000 ληῖσονται,
1126 2932 1249 2996 τοὺς
1293 2933 1349 2986 δὲ
1382 2936 1671 3006 οἰκήτοράς
1707 2954 1798 2990 σου

237 3017 737 3088 ἐξανδραποδίσουσι
765 3034 780 3049 °
825 3021 1062 3093 τοσαύτη
1093 3022 1149 3076 δὲ
1176 3023 1545 3105 καταλῄψεται
1569 3027 1795 3098 ἐρημία,

237 3104 303 3168 ὠς
338 3107 392 3158 ὲν
432 3109 514 3161 σοὶ
558 3111 692 3173 τοὺς
722 3110 906 3175 ἁλιέας
938 3112 1209 3183 ξηραίνειν
1241 3114 1337 3177 τὰς
1372 3114 1666 3186 βραχείσας
1704 3133 1798 3171 σα-

237 3196 407 3266 γήνας,
446 3199 538 3253 καὶ
579 3201 731 3270 ἅπερ
773 3205 944 3257 ποιεῖν
972 3203 1221 3259 εἰώθασιν
1249 3206 1307 3258 ἐν
1338 3210 1457 3270 ταῖς
1483 3207 1655 3272 λείαις
1700 3209 1795 3261 πέ-

238 3302 394 3355 τραις,
426 3292 543 3352 ταῖς
574 3293 652 3363 τῇ
686 3290 919 3365 θαλάττῃ
951 3293 1395 3365 πλησιαζούσαις,
1429 3296 1587 3351 τοῦτο
1614 3300 1670 3351 ἐν
1713 3300 1795 3351 σοὶ

234 3377 309 3441 διὰ
328 3379 420 3451 τὴν
445 3381 649 3453 πολλὴν
680 3384 912 3454 ἐρημίαν
952 3387 1254 3458 ποιήσουσι.
1298 3386 1372 3440 Τὸ
1402 3388 1479 3453 δὲ,
1527 3407 1545 3440 ι
1574 3390 1686 3444 Οὐκ
1714 3389 1792 3443 ἔτι

233 3470 287 3522 οὐ
311 3470 380 3542 μὴ
398 3473 825 3546 οἰκοδομηθήσῃ,
858 3493 876 3527 ι
917 3479 981 3531 ἐκ
1011 3478 1111 3548 τῆς
1135 3479 1227 3531 τοῦ
1267 3480 1537 3551 μακαρίου
1571 3481 1791 3536 Ἡσαΐου

233 3559 315 3613 τοῦ
360 3565 642 3636 προφήτου
676 3560 1055 3638 ’μαθησόμεθα
1116 3569 1471 3640 προφητείας.
1529 3573 1793 3637 Κάκεῖνος

231 3648 328 3721 γὰρ
348 3654 374 3705 ὁ
392 3656 680 3725 προφήτης
699 3655 919 3726 λυπηρὰ
944 3660 1009 3728 τῇ
1036 3658 1195 3731 Τύρῳ
1222 3660 1632 3730 προεθέσπισεν,
1658 3663 1793 3718 ἀλλὰ

229 3742 388 3814 χρόνῳ
416 3746 519 3799 τινὶ
552 3745 708 3818 ρητῷ
734 3747 801 3801 τὰ
833 3748 1052 3821 λυπηρὰ
1100 3751 1396 3824 περιώρισε
1421 3770 1434 3783 ’
1478 3773 1496 3806 ι
1524 3756 1790 3808 Καταλει-

229 3832 473 3904 φθήσεται
520 3837 657 3910 γὰρ,
712 3839 868 3911 φησὶ,
924 3840 1099 3911 Τύρος
1152 3842 1519 3915 ἐϐδομήκοντα
1566 3845 1681 3917 ἔτη,
1717 3846 1791 3910 ὡς

227 3921 398 3990 χρόνον
446 3923 719 3995 βασιλέως
770 3928 908 3993 ἐνὸς,
954 3930 1028 3995 ὡς
1080 3931 1270 4001 χρςνον
1320 3933 1603 4002 ἀνθρώπου
1636 3953 1647 3965 ·
1700 3939 1791 3989 καὶ

226 4009 380 4079 ἔσται,
415 4018 551 4086 μετὰ
581 4018 653 4072 τὰ
685 4017 1052 4091 ἐϐδομήκοντα
1075 4021 1167 4093 ἔτη
1195 4025 1497 4097 ἐπισκοπὴν
1523 4029 1733 4097 ποιήσει
1762 4032 1789 4082 ὁ

225 4100 341 4167 Θεὸς
382 4106 582 4178 Τύρου,
637 4111 733 4163 καὶ
769 4111 928 4166 πάλιν
978 4114 1558 4187 ἀποκατασταθὴσεται
1608 4123 1688 4184 εἰς
1730 4123 1789 4176 τὸ

225 4191 452 4264 ἀρχαῖον,
488 4202 584 4253 καὶ
611 4199 766 4255 ἔσται
800 4202 1063 4274 ἐμπόριον
1094 4205 1294 4270 πάσαις
1330 4210 1444 4273 ταῖς
1495 4209 1788 4279 βασιλείαις

220 4284 308 4353 τῆς
337 4288 663 4362 οἰκουμένης
708 4292 800 4344 ἐπὶ
855 4293 1147 4364 πρόσωπον
1194 4297 1373 4366 πάσης
1397 4298 1495 4367 τῆς
1524 4301 1646 4371 γῆς,
1696 4305 1786 4354 καὶ

223 4373 359 4432 ἐσται
404 4381 436 4451 ή
486 4382 730 4453 ἐμπορία
777 4385 948 4455 αὐτῆς
994 4386 1123 4454 ἁγία
1151 4387 1225 4454 τῷ
1274 4390 1483 4460 Κυρίῳ,
1517 4412 1534 4443 ι
1586 4393 1678 4446 καὶ
1721 4395 1787 4446 τὰ

1917 1920 2116 1990 inquit,
2147 1926 2332 1980 omnia
2360 1936 2489 1981 sunt
2534 1945 2656 1998 quae
2694 1947 2723 1985 a
2769 1948 2854 1989 me
2896 1937 3288 2004 prtedicuntur.
3315 1943 3487 2014 Igitur

1918 2020 1974 2064 ut
2005 2027 2034 2067 a
2067 2017 2355 2071 menuacio
2385 2034 2612 2074 vacuam
2647 2023 2841 2093 excipe
2883 2028 3324 2100 praedictionem;
3361 2050 3481 2090 nam

1913 2117 2101 2160 muros
2138 2115 2263 2161 tuos
2295 2106 2516 2165 diruent
2546 2110 2856 2184 Babylonii,
2881 2125 2935 2171 et
2954 2117 3149 2177 domos
3182 2131 3305 2180 tuas
3332 2142 3484 2181 ever-

1912 2202 2114 2260 teutcs,
2141 2197 2405 2266 quasillis
2456 2204 2783 2273 propinqua:
2822 2214 2976 2271 sunt,
3022 2208 3296 2279 lapidibus
3335 2229 3482 2271 com-

1908 2283 2136 2352 plebunt
2171 2302 2183 2339 :
2212 2293 2518 2358 tantusque
2548 2291 2651 2345 erit
2676 2305 2946 2362 equorum
2974 2304 3030 2351 et
3058 2311 3322 2354 curruum
3345 2311 3486 2358 stre-

1908 2374 2078 2444 pitus,
2115 2385 2174 2431 ut
2218 2377 2474 2434 videatur
2497 2382 2737 2452 quodam
2771 2385 2942 2440 veluti
2981 2394 3141 2445 teme
3163 2401 3311 2446 motu
3351 2394 3483 2450 urbs

1908 2470 2262 2523 commoveri.
2292 2473 2355 2525 Et
2384 2470 2678 2529 facultates
2714 2484 2838 2532 luas
2876 2476 3158 2550 diripiant,
3182 2491 3237 2537 et
3275 2482 3482 2542 incolas

1908 2566 2036 2614 tuos
2069 2561 2318 2633 redigent
2370 2564 2424 2617 in
2465 2567 2788 2622 servitutem
2824 2586 2838 2623 :
2874 2577 3135 2642 tantaque
3188 2575 3485 2633 solitudine

1906 2652 2291 2721 occupaberis,
2333 2662 2392 2708 ut
2446 2656 2501 2709 in
2542 2664 2593 2711 te
2652 2658 2962 2727 piscatores
3021 2675 3252 2733 sagenas
3292 2667 3483 2722 Iliade-

1908 2738 2083 2798 factas
2129 2744 2431 2810 exsiccem,
2469 2754 2524 2802 et
2572 2762 2693 2817 quas
2749 2750 2802 2803 in
2859 2750 3087 2808 laevibus
3142 2756 3288 2810 saxis
3342 2759 3481 2812 mari

1904 2832 2231 2902 propinquis
2280 2833 2467 2890 facere
2522 2847 2978 2906 consueverunt,
3026 2855 3090 2898 ea
3150 2845 3204 2898 in
3257 2855 3309 2902 te
3366 2862 3481 2917 prae

1903 2922 2075 2976 multa
2122 2923 2426 2981 solitudine
2459 2925 2664 2982 facturi
2701 2930 2831 2984 sint.
2870 2930 3006 2987 illud
3061 2944 3264 3002 autem,
3315 2957 3334 2989 ι
3370 2955 3479 2993 ηοη

1902 3013 2138 3083 amplius
2176 3015 2568 3083 mditlcabcris,
2612 3038 2630 3070 ι
2684 3037 2750 3075 ex
2798 3023 2942 3077 beati
2992 3024 3146 3081 lsaize
3198 3030 3481 3099 prOpbetm

1901 3106 2193 3175 prephetia
2271 3124 2704 3180 cognoscemus.
2764 3113 2980 3170 Etenim
3054 3122 3318 3189 prephela
3389 3123 3481 3178 ille

1902 3198 2088 3251 itidem
2134 3202 2475 3259 calamitates
2531 3202 2679 3274 Tyro
2733 3207 3067 3264 vaticinatus
3115 3218 3218 3272 est.
3281 3227 3477 3266 verum

1899 3299 2141 3359 tempore
2169 3293 2408 3362 quodam
2455 3295 2685 3352 deﬁnito
2716 3297 2968 3354 miserias
3015 3301 3476 3374 circumscripsit.

1902 3396 1920 3428 ι
1960 3380 2387 3452 Derelinqnetur
2442 3384 2589 3439 enim
2627 3384 2828 3458 Tyrus,
2882 3388 3085 3458 inquit,
3132 3393 3477 3463 septuaginta

1896 3474 2078 3536 annis,
2108 3473 2252 3528 sicut
2286 3481 2505 3546 tempus
2541 3478 2686 3548 regis
2733 3478 2920 3545 unius,
2953 3481 3101 3535 sicut
3147 3489 3363 3551 tempus
3385 3484 3478 3539 lio-

1896 3567 2078 3620 minis.
2116 3566 2181 3621 Et
2232 3568 2357 3633 erit,
2384 3578 2510 3638 post
2535 3572 2886 3642 septuaginta
2912 3587 3092 3629 annos
3109 3575 3474 3633 visitationem

1897 3655 2026 3727 Tyri
2074 3657 2242 3712 faciet
2299 3658 2465 3723 Deus,
2508 3666 2562 3714 et
2603 3675 2801 3717 rursus
2852 3664 3177 3720 restituetur
3236 3666 3291 3720 in
3334 3668 3476 3721 anti-

1894 3762 2088 3817 quum,
2116 3757 2170 3801 et
2191 3748 2295 3801 erit
2316 3748 2623 3817 emporium
2643 3751 2900 3808 omnibus
2916 3754 3103 3823 regnis
3122 3756 3273 3812 orbis
3292 3768 3472 3822 terrae,

1895 3853 2060 3907 super
2094 3838 2287 3893 faciem
2333 3840 2508 3895 totius
2568 3849 2729 3896 terra
2758 3861 2770 3895 :
2798 3850 2853 3897 et
2887 3845 2994 3898 erit
3020 3848 3319 3917 negotiatio
3350 3850 3473 3920 ejus

1894 3939 2084 3985 sancta
2123 3929 2378 3996 Domino,
2414 3950 2433 3983 ι
2471 3940 2525 3987 et
2550 3947 2673 4002 quae
2699 3943 3015 4004 sequuntur
3037 3952 3080 3991 ο.
3119 3937 3256 3995 Illud
3284 3939 3469 4010 igitur,

1898 4041 1916 4072 ι
1958 4037 2064 4077 non
2105 4023 2495 4087 aeditlcabitur,
2538 4041 2556 4075 ι
2601 4038 2817 4079 morum
2847 4027 3027 4082 innuit
3064 4031 3466 4089 minutionem:
3518 4068 3526 4076 -

1892 4115 2020 4184 quia
2061 4114 2368 4167 secundum
2410 4114 2700 4183 pristinam
2739 4116 3073 4185 impietatem
3100 4135 3207 4175 non
3234 4123 3467 4177 :ediilca-

1892 4210 2062 4271 bitur,
2082 4207 2175 4262 sed
2204 4207 2367 4260 aliam
2394 4214 2447 4260 ct
2476 4215 2662 4275 aperte
2684 4208 3020 4262 contrariam
3047 4209 3464 4267 mditicationcm

1893 4301 2271 4362 nanciscetur,
2326 4312 2448 4365 quae
2509 4296 2810 4351 secundum
2873 4299 3195 4369 prophetam
3269 4300 3463 4357 Isaiam

1890 4400 2081 4445 sancta
2140 4390 2254 4443 erit
2295 4388 2544 4441 Domino.
2571 4386 2638 4440 Et
2691 4403 2780 4443 res
2845 4395 3140 4455 testantur,
3196 4399 3360 4461 atque
3399 4408 3461 4448 ea

224 4466 353 4538 ἑξῆς.
388 4472 460 4526 Τὸ
480 4472 684 4539 τοίνυν,
720 4495 739 4528 ι
764 4476 838 4531 Οὐ
876 4477 952 4548 μὴ
980 4478 1480 4550 οἰκοδομηθήσεται,
1511 4501 1528 4533 ι
1561 4483 1659 4552 τὴν
1679 4485 1786 4537 τῶν

1909 4499 2013 4554 pne
2049 4497 2197 4535 nunc
2231 4480 2374 4549 viget
2415 4478 2609 4546 pietas.
2642 4477 2804 4549 893
2845 4479 2889 4532 A
2928 4480 3159 4550 pristina
3191 4480 3336 4536 enim
3368 4497 3460 4537 su-

222 4561 423 4630 τρόπων
471 4567 778 4637 μεταϐολὴν
806 4568 1100 4623 αἰνίττεται
1132 4587 1145 4602 ’
1187 4570 1267 4623 ὅτι
1300 4572 1439 4625 κατὰ
1468 4574 1567 4643 τὴν
1594 4576 1783 4645 προτέ-

221 4666 310 4718 ραν
339 4654 595 4709 ἀσέόειαν
641 4658 738 4711 οὐκ
766 4659 1275 4731 οἰκοδομηθήσεται,
1316 4662 1428 4715 ἀλλ’
1461 4664 1653 4735 ἑτέραν
1688 4667 1782 4719 καὶ

1892 4574 2218 4645 perstitione
2268 4578 2321 4623 et
2366 4583 2555 4622 errore
2590 4569 2741 4622 circa
2795 4569 2964 4635 idola,
2997 4570 3063 4624 ad
3119 4570 3289 4627 Deum
3333 4587 3461 4628 con-

1891 4681 2069 4730 versa,
2101 4661 2304 4717 divina:
2336 4659 2667 4729 cognitionis
2693 4658 2876 4714 lumen
2908 4663 3142 4733 excepit.

218 4741 458 4817 ἄντικρυς
479 4748 732 4803 ἐναντίαν
759 4749 1044 4820 οἰκοδομὴν
1069 4751 1318 4822 λήψεται,
1345 4752 1485 4823 ἥτις,
1520 4755 1659 4808 κατὰ
1688 4756 1779 4808 τὸν
1816 4758 2100 4826 προφήτην
2141 4752 2385 4814 Ἡσαΐαν,
2416 4748 2545 4815 ἁγία
2576 4748 2725 4801 ἔσται
2768 4749 2845 4820 τῷ
2878 4752 3087 4823 κυρίῳ·
3148 4755 3256 4807 καὶ
3319 4772 3457 4827 μαρ-

215 4837 358 4902 τυρεῖ
399 4836 468 4889 τὰ
511 4839 833 4909 πράγματα,
872 4843 967 4894 καὶ
1004 4843 1037 4912 ἡ
1070 4842 1165 4895 νῦν
1197 4843 1474 4915 κρατοῦσα
1504 4846 1773 4902 εὐσέϐεια.
1818 4849 1950 4901 Ἀπὸ
1986 4849 2094 4920 γὰρ
2125 4848 2222 4916 τῆς
2250 4844 2521 4916 προτέρας
2574 4843 2989 4915 δεισιδαιμονίας
3033 4849 3126 4901 καὶ
3177 4850 3277 4920 τῆς
3333 4855 3459 4925 περὶ·

213 4922 274 4977 τὰ
303 4925 492 4981 εἴδωλα
523 4928 757 5000 πλάνης,
810 4931 946 5001 πρὸς
978 4932 1068 4987 τὸν
1112 4933 1243 4988 Θεὸν
1287 4936 1686 5006 ἐπιστρέψασα,
1722 4939 1782 4993 τὸ
1823 4940 1920 5010 τῆς
1954 4939 2280 5008 θεογνωσίας
2309 4934 2524 4999 ἐδέξατο
2557 4935 2669 5004 φῶς

280 5022 353 5080 ιε’,
381 5026 476 5082 ις’.
519 5019 653 5072 Ὀτι
695 5020 835 5076 τάδε
872 5023 1034 5092 λέγει
1077 5026 1290 5094 Κύριος
1336 5027 1410 5096 τῇ
1440 5031 1585 5097 Σόρ·
1629 5033 1722 5099 Μὴ
1745 5032 1789 5064 ’δ”

215 5109 335 5176 οὐκὶ
381 5111 498 5165 ἀπὸ
546 5113 817 5179 φωνῆςη
865 5114 974 5182 τῆς
1022 5118 1299 5186 πτώσεὼς
1339 5137 1475 5185 σου,
1522 5123 1590 5174 ἐν
1623 5123 1664 5154 ια
1704 5122 1779 5188 τῷ

281 5274 303 5300 ο
333 5268 434 5323 lsa.
474 5286 640 5334 nul,
681 5272 989 5340 15,17,18.

1968 5032 2129 5086 Vens.
2180 5028 2264 5089 15,
2321 5028 2405 5080 16.
2451 5026 2589 5090 Quia
2636 5026 2745 5080 lucc
2799 5028 2927 5081 dicit
2973 5029 3228 5088 Dominus
3273 5040 3442 5107 Tyro:

1892 5121 2080 5175 Nonne
2107 5138 2139 5172 a
2179 5133 2297 5173 voce
2332 5118 2500 5170 ruina:
2532 5126 2655 5178 tum,
2691 5132 2807 5170 eum
2860 5124 3150 5183 qemuerint
3197 5125 3454 5180 vulnerati

1565 5431 1798 5486 VARIIE
1832 5430 2239 5490 LECTIONES.

279 5534 319 5565 ³⁸
351 5534 481 5615 καθ..
505 5567 576 5576 -
596 5537 804 5615 ὅτε).ἒ
825 5540 1122 5595 καταϐαλεῖ
1168 5542 1226 5595 ἐν
1266 5544 1388 5615 ταῖς
1446 5545 1760 5615 μαχαίραις·

1861 5548 2049 5606 "inn.
2081 5548 2355 5622 Biaﬂltnv,
2406 5552 2643 5622 ascripta
2695 5566 2873 5611 tamen
2908 5556 3250 5613 lect.altera.
3327 5558 3444 5616 ³⁸Α

210 5603 670 5691 εἰσπορευρμενος.
700 5606 856 5691 Ιίςὸν.
889 5620 1147 5691 tanguam
1178 5627 1280 5691 per
1306 5603 1572 5691 introitus
1590 5603 1744 5691 urbis
1776 5603 2054 5691 disrupttn'.
2098 5689 2106 5691 _
2135 5621 2180 5652 "
2220 5620 2320 5691 τὴν
2338 5603 3008 5679 satiant—er};Quadi;
3078 5627 3122 5658 ⁸ο
3153 5603 3280 5683 καθ.
3316 5603 3440 5686 Des:

215 5671 273 5751 ιιι·
297 5671 547 5762 Α.’“⁸ξ’Λ
578 5678 886 5732 καταδύσει.
965 5671 1138 5762 “sic.
1177 5671 1301 5762 Des.
1340 5682 1394 5736 in
1419 5682 1483 5738 A.
1563 5686 1607 5716 ⁸⁸
1631 5685 1739 5738 λελ.
1773 5686 1815 5738 A
1838 5671 2250 5762 pt'tertti:K6pto;.

213 5741 319 5812 τῆς.
392 5744 436 5775 ⁵⁸
458 5746 596 5797 ἐνσ-
631 5763 828 5817 τραυμ.
869 5767 981 5803 σου.
1023 5741 1145 5807 Des.
1183 5751 1315 5805 inA.

2331 5692 2375 5723 δί
2415 5692 2528 5761 Μή.
2559 5691 2677 5748 Des.
2717 5695 2767 5747 in
2794 5695 2857 5746 A.
2935 5695 2979 5725 ⁵³⁵
3014 5711 3148 5762 (ρων.
3182 5696 3220 5750 Α
3253 5712 3439 5769 praem.
