3840 6202
333 257 485 322 1075

1311 257 1798 318 THEODORETI
1829 259 2166 320 EPISCOPI
2199 259 2563 321 CYRENSIS

3437 251 3556 322 1275

323 357 437 415 tiuu
480 371 692 431 tempus
726 362 828 435 ipsi
852 363 1140 420 delinitum
1178 385 1192 422 :
1226 367 1344 423 sive
1375 370 1429 423 in
1465 369 1733 425 inferiora
1767 372 1886 427 velit

2002 371 2162 442 βάθος
2214 390 2299 438 τις
2344 372 2592 440 βούλεται
2639 370 2963 434 καταδῦναι,
3020 368 3244 440 εὑρήσει
3277 368 3444 422 ,πάλιν
3472 372 3560 442 τήν

324 454 524 524 aliquis
550 464 864 525 penetrare,
885 457 1122 527 reperiet
1147 473 1346 517 rursus
1375 456 1580 533 Tyrum
1610 477 1716 518 non
1748 462 1898 517 illam

326 544 529 616 Tyrum
557 561 708 613 esse,
733 546 827 602 sed
857 546 934 601 illi
969 550 1197 605 omnino
1228 551 1587 607 contrariam.

881 634 1112 694 CAPUT
1139 639 1354 696 XXVII.

395 724 563 782 Vens.
592 725 706 781 1-5.
738 724 804 779 Et
836 726 1039 796 factum
1073 740 1149 785 est
1195 730 1403 786 verbum
1433 731 1648 788 Domini
1682 736 1751 790 ad
1793 752 1893 801 me,

324 817 503 871 dicens
530 833 549 871 :
576 815 643 870 Et
676 827 751 882 tu,
805 819 886 889 ﬁli
933 819 1182 886 hominis,
1245 824 1460 879 institue
1490 843 1646 897 super
1698 827 1897 899 Tyrum

323 907 613 976 planctum.
641 907 709 962 Et
733 907 873 964 dices
917 910 1057 982 Tyro
1077 911 1339 967 habitanti
1369 914 1424 967 in
1461 915 1681 971 introitu
1706 916 1892 982 maris,

321 999 553 1067 emporio
594 999 908 1070 populorum
951 1001 1016 1055 ab
1065 1004 1257 1060 insulis
1316 1006 1517 1060 multis.
1579 1005 1895 1064 Clementiae

324 1087 417 1144 Dei
434 1087 807 1161 bonitatisque
827 1094 1271 1163 exsuperantiam
1291 1096 1607 1168 signiﬁcant
1633 1098 1798 1170 897
1830 1114 1893 1155 ea

320 1197 444 1251 quae
493 1180 641 1236 dicta
687 1190 840 1239 sunt.
894 1184 1066 1241 Docet
1115 1195 1298 1242 autem
1332 1204 1433 1244 nos
1471 1189 1587 1246 ba'c
1620 1191 1820 1258 oratio,
1846 1191 1892 1247 si

323 1275 682 1345 peccantibus
737 1279 1139 1335 correctionem
1198 1282 1491 1352 quamdam
1544 1283 1890 1348 adhibemus.

322 1380 428 1420 non
460 1368 670 1424 exodio
717 1370 901 1440 aliquo
942 1379 1037 1426 aut
1090 1373 1376 1428 inimicitia
1432 1375 1486 1430 id
1536 1374 1737 1444 facere,
1796 1375 1892 1432 sed

320 1458 778 1517 commiserantes
807 1471 861 1518 et
889 1463 1183 1519 admodum
1214 1464 1487 1522 dolentes.
1527 1467 1748 1523 Etenim
1772 1469 1892 1539 ipse

320 1548 442 1619 jure
474 1557 528 1605 et
552 1550 856 1614 iustissime
891 1553 1171 1623 judicans,
1209 1557 1493 1628 prophetae
1529 1559 1800 1629 praecipit,
1832 1568 1892 1616 ut

321 1639 391 1694 ob
414 1640 688 1696 civitatem
725 1644 974 1712 punitam
1028 1646 1358 1702 lamentetur
1423 1648 1732 1716 declarans,
1782 1665 1889 1721 qua

320 1728 490 1783 animi
521 1728 815 1789 aﬁ'cctione
844 1735 992 1789 illam
1017 1737 1257 1806 puniret.

395 1900 520 1956 llaec
536 1902 664 1958 dicit
689 1906 897 1961 Adonei
917 1908 1174 1966 Dominus
1200 1910 1378 1982 Tyro:
1410 1912 1489 1966 Tu
1517 1913 1707 1967 dixisti
1732 1929 1750 1969 :
1779 1912 1890 1983 Ego

318 1994 641 2049 circumdedi
665 1996 941 2070 mihi,ipsi
968 2000 1207 2057 decorem
1243 2019 1446 2059 meum.
1482 2002 1675 2074 (Vens.
1711 2005 1793 2075 4.)
1823 2003 1889 2059 In

317 2085 474 2140 corde
497 2087 664 2141 maris
695 2090 797 2158 ipsi
826 2090 1044 2147 Beelim.
1089 2092 1183 2150 His
1206 2095 1411 2163 ingrati
1447 2095 1571 2166 ejus
1592 2097 1760 2152 animi
1811 2098 1891 2153 vi-

319 2174 456 2229 tium
484 2176 766 2247 redarguit
791 2188 844 2236 et
870 2184 1214 2254 superbiam,
1249 2201 1370 2256 quae
1409 2201 1439 2241 a
1491 2186 1598 2242 Deo
1648 2188 1890 2258 acceptis

317 2264 535 2322 decoris
561 2269 974 2330 occasionibus.
1022 2274 1242 2345 ingrata
1273 2291 1402 2346 erga
1455 2277 1728 2332 bonorum
1782 2280 1890 2334 lar-

316 2357 552 2426 gitorem
588 2359 713 2427 fuit,
742 2365 1088 2435 proprizeque
1124 2367 1411 2437 sapientiae
1443 2383 1507 2423 ac
1534 2370 1751 2426 viribus
1772 2371 1890 2426 suis

315 2448 584 2503 bonorum
630 2467 858 2507 suorum
910 2457 1169 2527 aseripsit
1224 2452 1670 2516 abundantiam:
1724 2476 1888 2532 quam

315 2537 445 2594 item
484 2540 677 2596 Beelim
730 2546 1005 2602 attribuit.
1078 2548 1154 2603 Ita
1188 2560 1368 2606 autem
1418 2552 1565 2607 idola
1609 2561 1891 2624 nuncupat

316 2642 476 2684 sacra
497 2630 802 2703 Scriptura.
828 2635 1036 2707 Duplex
1071 2639 1236 2711 igitur
1277 2640 1383 2696 fuit
1438 2642 1719 2713 impietas.
1768 2643 1888 2699 Non

317 2720 467 2776 enim
493 2723 673 2778 solum
701 2725 974 2782 bonorum
999 2728 1245 2787 datorem
1278 2733 1576 2804 ignoravit,
1602 2735 1697 2790 sed
1725 2735 1888 2790 etiam

314 2812 384 2867 iis
410 2814 503 2883 qui
526 2830 756 2883 prorsus
780 2818 1083 2879 imbecilles
1125 2812 1364 2888 suntfet
1415 2840 1483 2881 ne
1522 2827 1890 2897 pulchritudi-

316 2918 440 2959 nem
478 2907 697 2976 quidem
737 2925 857 2980 quae
889 2927 1053 2968 sensu
1080 2916 1403 2986 percipitur,
1455 2918 1562 2973 sibi
1608 2918 1890 2975 vindicare

316 3004 573 3064 possunt,
604 3013 796 3053 eorum
831 3002 1408 3061 subministrationem
1445 3007 1732 3077 assignare
1755 3023 1888 3064 ansa

316 3092 425 3138 est.
449 3083 658 3142 Deinde
679 3097 896 3155 narrat,
920 3101 1055 3162 quot
1081 3100 1135 3148 et
1173 3095 1359 3165 qualia
1385 3096 1531 3151 dona
1555 3097 1885 3168 perceperit,

314 3180 457 3229 etex
493 3186 631 3245 quot
663 3180 928 3249 gentibus
986 3183 1089 3254 ipsi
1142 3186 1500 3243 abundantiae
1562 3190 1889 3245 occasiones

316 3265 743 3325 adducerentur.

388 3354 553 3413 Vens.
582 3360 706 3421 5,6.
728 3360 861 3417 Filii
883 3365 959 3418 tui
985 3367 1443 3426 circumdederunt
1468 3373 1561 3427 tibi
1588 3374 1885 3443 pulchritu-

315 3447 734 3505 dinem..Cedrus
765 3469 831 3506 ex
862 3453 1026 3509 Sanir
1041 3458 1307 3527 wdiﬁcata
1338 3470 1414 3515 est
1450 3463 1566 3527 tibi,
1610 3466 1780 3520 uenia:
1806 3475 1888 3520 ta-

317 3537 559 3592 bularum
585 3544 842 3610 cyparissi
865 3560 928 3597 ea:
948 3544 1151 3601 Libano
1180 3560 1348 3618 captaa
1375 3561 1515 3606 sunt.
1546 3554 1612 3607 Ut
1658 3554 1886 3623 facerent

315 3628 486 3682 malos
502 3629 768 3701 abiegnas,
787 3650 850 3687 ea:
876 3636 1185 3693 Basanitide
1206 3641 1438 3708 fecerunt
1462 3660 1630 3698 remos
1661 3653 1798 3700 tuos.
1821 3645 1885 3701 Hi

317 3728 531 3775 montes
561 3721 732 3792 898
759 3723 980 3782 diversa
1013 3728 1160 3798 ligna
1205 3733 1538 3800 producunt.
1585 3734 1887 3792 Enumerat

312 3808 501 3895 igitur,
535 3827 657 3879 quae
688 3814 933 3886 undique
958 3817 1066 3887 ipsi
1117 3820 1497 3879 all‘erebantur
1530 3844 1543 3880 :
1571 3835 1628 3881 et
1685 3828 1883 3895 malos,

314 3894 516 3964 inquit,
549 3913 580 3952 a
619 3898 835 3957 Libano
878 3905 1097 3961 excisos
1131 3911 1541 3979 eomportabas,
1574 3920 1628 3967 et
1658 3928 1687 3966 a
1715 3894 1883 3970 Basa?

314 3984 489 4040 nitide
542 4002 749 4053 remos,
811 3998 866 4047 et
926 3994 1160 4049 aediﬁcia
1193 4011 1222 4050 a
1264 3998 1446 4055 Sanir.
1483 4000 1582 4055 His
1638 4000 1826 4070 adjicit
1866 4023 1879 4059 :

317 4093 336 4125 ι
367 4074 589 4147 Templa
623 4088 715 4134 tua
746 4080 996 4137 fecerunt
1017 4099 1083 4138 ex
1115 4086 1304 4150 ebore,
1335 4087 1528 4143 domos
1561 4104 1883 4147 nemorosas

310 4167 381 4221 ab
407 4165 604 4225 insulis
629 4170 912 4230 Chettiim.
944 4193 964 4227 ι
999 4175 1106 4230 Pro
1140 4179 1333 4248 templa
1376 4187 1469 4234 tua
1486 4182 1576 4236 alii
1611 4182 1882 4254 interpre-

310 4261 429 4313 tes‘
455 4273 628 4315 cornu
660 4270 816 4318 tuum
856 4277 1186 4335 posuerunt,
1217 4277 1279 4322 ut
1305 4269 1373 4326 iis
1402 4287 1522 4340 quae
1558 4280 1685 4328 ante
1732 4272 1880 4328 dicta

2007 464 2181 535 Τύρον
2214 465 2312 519 οὐκ
2360 464 2571 538 ἐκείνην
2602 457 2765 519 οὖσαν
2793 463 2892 532 τὴν
2940 458 3137 532 Τύρον,
3166 457 3282 513 ἀλλ’
3323 459 3559 532 ἄντικρυς

2006 556 2254 611 ἐναντίαν
2283 556 2485 630 ἐκείνῃ.
2576 561 2599 593 ί

2588 645 2841 702 ΚΕΦΔΛ.
2882 642 3011 699 ΚΖ’.

2075 743 2220 806 α’-γ’.
2260 736 2371 792 Καὶ
2408 736 2645 807 ἐγένετο
2680 738 2865 806 λόγος
2900 733 3121 804 Κυρίου
3148 731 3303 801 πρὸς
3330 728 3428 800 μὲ,
3470 730 3562 785 λέ-

2004 845 2124 898 γων
2143 846 2157 860 ι
2183 828 2288 883 Καὶ
2316 827 2419 891 σὺ,
2442 829 2534 882 υἱὲ
2550 826 2888 897 ἀνθρώπου,
2908 824 3057 879 λάϐε
3075 824 3171 878 ἐπὶ
3196 822 3314 890 Σὸρ
3333 820 3561 890 θρῆνον.

2003 917 2112 972 Καὶ
2136 919 2289 988 ἐρεῖς
2312 918 2385 989 τῇ
2409 920 2546 988 Σὸρ,
2573 917 2648 988 τῇ
2683 917 3046 984 κατοικούσῃ
3070 914 3169 969 ἐπὶ
3199 911 3311 981 τῆς
3339 913 3561 967 εἰσόδου

2002 1009 2112 1079 τῆς
2139 1011 2478 1079 θαλάσσης,
2505 1010 2584 1076 τῷ
2604 1010 2863 1081 ἐμπορίῳ
2889 1008 3009 1064 τῶν
3027 1005 3194 1063 ,λαῶν
3222 1004 3344 1061 ἀπὸ
3371 1004 3563 1073 νήσων

2000 1103 2271 1158 πολλῶν.
2307 1102 2721 1175 Φιλανθρωπίας
2749 1100 2883 1156 Θεοῦ
2919 1100 3013 1153 καὶ
3044 1097 3381 1168 ἀγαθότητος
3413 1097 3564 1168 ὑπερ-

2000 1178 2163 1265 ϐολὴν
2194 1193 2447 1265 σημαίνει
2475 1192 2545 1246 τὰ
2572 1189 2856 1263 είρημένα.
2888 1189 3141 1243 Διδάσκει
3167 1187 3227 1241 δέ
3258 1185 3353 1240 καὶ
3365 1187 3410 1218 ⁸⁸
3432 1188 3563 1256 ἡμᾶς

1998 1284 2027 1336 ὁ
2049 1280 2227 1350 λόγος,
2262 1279 2508 1335 παιδείαν
2551 1279 2674 1333 τινὰ
2707 1281 2818 1342 τοῖς
2849 1277 3263 1349 ἁμαρτάνουσιν
3293 1276 3564 1345 ἐπιφέρον-

1998 1390 2119 1438 τας,
2167 1372 2242 1444 μὴ
2283 1371 2581 1443 δυσμενείᾳ
2613 1369 2720 1423 τινὶ
2760 1369 2856 1424 καὶ
2907 1367 3171 1439 ἀπεχθείᾳ
3204 1366 3563 1436 κεχρημένους

1998 1462 2152 1517 τοῦτο
2182 1463 2376 1526 ποιεῖν,
2418 1460 2555 1514 ἀλλά
2586 1459 3008 1531 συμπάσχοντας
3035 1457 3130 1511 καὶ
3158 1456 3284 1510 λίαν
3313 1456 3564 1524 ὀδυνωμέ-

1997 1556 2203 1620 vaec".
2253 1554 2364 1609 Καὶ
2395 1553 2504 1624 γὰρ
2547 1552 2710 1615 αὐτὸς
2757 1550 2979 1613 ἐνδίκως
3025 1548 3118 1615 καὶ
3161 1547 3314 1619 μάλα
3358 1545 3562 1608 δικαίως

1996 1646 2253 1711 δικάζων,
2280 1645 2497 1716 θρηνεῖν
2516 1642 2593 1714 τῷ
2616 1641 2870 1715 προφήτῃ
2888 1640 2986 1712 τὴν
3007 1638 3383 1710 κολαζομένην
3410 1654 3564 1709 παραυ

1922 1731 1966 1786 Β
1992 1734 2274 1790 κελεύεται
2302 1734 2458 1788 πόλιν
2480 1750 2494 1765 ·
2534 1730 2857 1803 παραδηλῶν
2886 1730 2987 1803 τὴν
3012 1729 3279 1796 διάθεσιν,
3316 1722 3350 1801 ᾖ
3379 1744 3562 1797 κεχρη-

1996 1825 2155 1897 μένος
2184 1824 2425 1889 ἐκόλαζε.

2066 1914 2216 1969 Τάδε
2243 1915 2407 1984 λέγει
2444 1913 2682 1969 Ἀδωναῒ
2708 1914 2923 1982 Κύριος
2952 1911 3028 1982 τῇ
3059 1913 3176 1980 Σόρ
3200 1928 3217 1941 ’
3264 1910 3351 1966 Σὺ
3367 1907 3556 1974 εΤπαςσ

2004 2007 2145 2078 ,Εγὼ
2167 2007 2489 2076 περιέθηκα
2518 2003 2747 2076 ἐμαυτῇ
2771 2003 3000 2071 κάλλος
3020 2022 3141 2074 μου
3161 2003 3234 2058 τι.
3264 2003 3374 2073 (δι’)
3413 2001 3561 2056 om."

1990 2097 2204 2166 καρδίᾳ
2239 2096 2556 2165 θαλάσσης
2594 2094 2674 2175 τῷ
2711 2095 2962 2165 Βεελείμ
2979 2096 3046 2150 ⁷³.
3088 2094 3162 2149 Τὸ
3192 2093 3448 2163 ἀγνῶμον
3472 2093 3559 2147 αὐ-

1988 2190 2089 2260 τῆς
2119 2188 2207 2243 διὰ
2237 2187 2442 2241 τούτων
2475 2187 2685 2257 ἐλέγχει
2714 2186 2809 2241 καὶ
2840 2186 3189 2257 ὑπερήφανον
3226 2201 3242 2216 ·
3285 2184 3434 2255 παρά
3461 2183 3558 2254 γάρ

1990 2279 2084 2334 τοῦ
2133 2277 2269 2333 Θεοῦ
2321 2279 2587 2350 δεξαμένη
2633 2279 2733 2350 τῆς
2781 2277 3116 2348 εὐπρεπείας
3162 2277 3267 2340 τὰς
3300 2276 3554 2344 ἀφορμὰς,

1990 2368 2285 2440 ἀχάριστος
2312 2369 2408 2437 μὲν
2430 2367 2558 2439 περὶ
2579 2367 2668 2421 τὸν
2691 2366 2926 2438 χορηγὸν
2944 2366 3053 2420 τῶν
3074 2365 3302 2433 ἀγαθῶν
3326 2366 3554 2432 ἐγένετο’

1990 2461 2057 2530 τῇ
2091 2458 2267 2530 οἰκείᾳ
2296 2459 2352 2511 δὲ
2384 2458 2547 2530 σοφίᾳ
2579 2459 2674 2513 καὶ
2698 2458 2925 2527 δυνάμει
2956 2457 3243 2529 ἐπέγραψε
3270 2456 3368 2527 τὴν
3401 2472 3554 2525 προσ-

1990 2550 2289 2622 γενομένην
2330 2549 2466 2620 αύτῇ
2499 2549 2607 2602 τῶν
2635 2548 2854 2618 ἀγαθῶν
2882 2547 3144 2618 ἀφθονίαν
3171 2564 3185 2579 ο
3243 2544 3476 2600 ἀνετίθει
3508 2544 3558 2597 δὲ

1990 2643 2194 2712 ταύτην
2242 2639 2337 2694 καὶ
2383 2638 2460 2710 τῷ
2505 2638 2733 2709 Βεελείμ
2752 2653 2765 2666 ·
2803 2637 2949 2703 οὕτω,
2977 2637 3035 2690 δὲ
3064 2635 3134 2690 τὰ
3161 2635 3363 2690 εἴδωλα
3390 2636 3422 2704 ἡ
3451 2633 3556 2687 θεία

1992 2727 2388 2803 προσαγορεύει
2419 2729 2630 2799 Γραφή.
2666 2728 2837 2798 Διπλῆ
2889 2726 3072 2780 τοίνυν
3105 2728 3140 2798 ἡ
3189 2724 3419 2779 ἀσέϐεια
3443 2738 3457 2754 ο
3501 2723 3554 2775 οὐ

1991 2821 2099 2893 γὰρ
2135 2821 2296 2892 μόνον
2329 2820 2563 2891 ἠγνόησε
2597 2819 2690 2873 τὸν
2732 2818 2935 2890 δοτῆρα
2967 2817 3075 2877 τῶν
3125 2817 3385 2884 ἀγαθῶν,
3435 2812 3558 2868 ἀλλά

1992 2914 2085 2967 καὶ
2114 2914 2224 2977 τοῖς
2251 2910 2531 2974 παντελῶς
2565 2908 2842 2979 ἀδρανέσι,
2878 2908 2974 2961 καὶ⁸
3015 2908 3137 2961 ούδέ
3170 2908 3390 2968 ἑαυτοῖς
3417 2920 3555 2974 περιο

1993 3003 2164 3057 θεῖναι
2186 3003 2245 3055 τὸ
2276 3000 2532 3070 αἰσθητὸν
2556 2999 2873 3071 δυναμένοις
2900 2998 3114 3063 κάλλος,
3144 2996 3425 3051 ἀναθεῖναι
3445 2995 3556 3049 τού-

1990 3111 2098 3148 των
2127 3092 2225 3163 τὴν
2259 3090 2521 3164 χορηγίαν
2553 3090 2911 3160 τετόλμηκεν.
2957 3084 3091 3141 Εῐτα
3127 3087 3404 3158 διηγεῖται
3430 3087 3555 3139 ὅσων

1991 3184 2085 3237 καὶ
2128 3182 2255 3236 οἴων
2300 3180 2586 3250 ἀπήλαυσε
2620 3176 2859 3249 δωρεῶν,
2911 3176 3006 3230 καὶ
3050 3178 3115 3231 ἐκ
3167 3175 3357 3228 πόσων
3402 3173 3556 3227 ἐθνῶν

1990 3275 2128 3346 αὐτῇ
2157 3273 2556 3346 προσεφέροντο
2583 3270 2680 3339 τῆς
2710 3269 2970 3340 εὐπορίας
3001 3271 3056 3323 αἱ
3090 3266 3362 3338 ἀφορμαί.

2060 3370 2121 3426 ε’,
2166 3362 2240 3428 ς’.
2285 3365 2348 3415 Ol
2394 3363 2514 3416 υίοί
2546 3360 2595 3392 ⁷⁸
2635 3376 2751 3413 σου
2781 3357 3139 3427 περώθηκάν
3182 3373 3287 3411 σοι
3321 3356 3551 3419 κάλλος.

1991 3453 2211 3521 Κέδρος
2235 3451 2282 3482 ⁷⁸
2332 3450 2401 3504 ἐκ
2456 3448 2667 3515 Σανεὶρ
2735 3445 3086 3517 ᾠκοδομήθη
3159 3461 3297 3504 σοι,
3358 3443 3556 3497 ταινίαι

1989 3541 2256 3597 σανίδων
2294 3538 2737 3607 xvxapio‘crov"
2768 3540 2837 3592 ἐκ
2874 3537 2980 3591 τοῦ
3008 3535 3270 3590 Λιϐάνου
3308 3534 3554 3603 ἐλήφθη-

1989 3644 2129 3683 σαν.
2162 3626 2270 3682 Τοῦ
2294 3625 2539 3694 ποιῆσαι
2565 3625 2772 3692 ἱστοὺς
2799 3625 3115 3690 ἐλαι-[γους
3131 3624 3198 3691 ⁷⁷,
3226 3623 3298 3677 ἐκ
3325 3623 3432 3692 τῆς
3455 3625 3553 3675 Ba-

1989 3695 2295 3782 σανίτιδος
2324 3716 2624 3782 ἐποίησαν
2666 3714 2772 3781 τὰς
2809 3714 3013 3780 κώπας
3040 3727 3177 3766 σου.
3220 3713 3365 3782 Ὄρη
3398 3707 3555 3765 ταῦτά

1989 3809 2105 3861 ἐστι
2128 3805 2397 3876 διαφόρων
2432 3803 2602 3868 ξύλων
2632 3801 2950 3872 γεννητικά.
2995 3800 3419 3872 Ἀπαριθμεῖται
3452 3797 3555 3851 τοί-

1988 3917 2084 3954 νυν
2124 3900 2192 3952 τά
2236 3893 2500 3950 πάντοθεν
2546 3894 2682 3965 αὐτῇ
2729 3892 3173 3964 προσφερόμενα,
3206 3890 3302 3943 καὶ
3333 3891 3413 3943 ὅτι
3439 3888 3553 3951 τοὺς

1991 3991 2088 4060 μὲν
2118 3988 2297 4052 ἱστοὺς
2329 3986 2437 4040 ἀπὸ
2467 3984 2560 4038 τοῦ
2590 3984 2824 4038 Λιϐάνου
2863 3982 3135 4053 τέμνουσα
3168 3977 3549 4051 μετεκόμιζες·

1985 4081 2085 4145 τάς
2107 4080 2166 4135 δὲ
2204 4079 2395 4142 κώπας
2433 4078 2539 4132 ἀπὸ
2579 4078 2677 4147 τῆς
2708 4074 3054 4138 Βασανίτιδος
3076 4090 3089 4103 ·
3132 4073 3229 4137 τὰς
3264 4074 3323 4126 δὲ
3362 4072 3549 4127 οἰκοδο-

1991 4173 2120 4245 μίας
2148 4170 2257 4225 ἀπὸ
2287 4168 2382 4223 τοῦ
2418 4168 2635 4239 Σανείρ.
2675 4166 2900 4228 Τούτοις
2930 4165 3162 4232 ἐπάγει·
3214 4184 3232 4215 ι
3261 4163 3346 4217 Τά
3385 4162 3550 4234 ίεράη

1989 4281 2080 4317 σου
2115 4262 2378 4332 ἐποίησαν
2410 4260 2468 4325 ἐξ
2500 4258 2812 4326 ἐλέφαντος,
2857 4256 3040 4318 οἴκους
3089 4252 3352 4318 ἀλσώδεις
3369 4256 3413 4288 τ’
3452 4253 3549 4307 ἀπὸ

309 4358 441 4407 sunt
475 4355 877 4423 responderet:
914 4358 1122 4413 malum
1148 4361 1297 4415 enim
1321 4369 1375 4415 et
1417 4378 1598 4418 remos
1639 4373 1878 4419 antenna

1996 4358 2162 4426 νήσων
2190 4352 2297 4407 τῶν
2324 4350 2600 4420 Χεττιείμ.
2632 4369 2651 4400 ›
2716 4348 2863 4400 ’Λντὶ
2893 4347 2948 4401 δέ
2990 4345 3107 4409 τοῦ,
3154 4347 3226 4399 τὰ
3270 4345 3396 4416 ἱερὰ
3419 4361 3545 4408 σου,

307 4453 526 4509 quoque
552 4442 933 4513 consequitur.
965 4444 1122 4511 Quod
1153 4448 1199 4502 si
1224 4457 1404 4502 autem
1445 4450 1511 4504 de
1543 4450 1712 4507 idolis
1747 4467 1880 4522 quo-

306 4544 413 4600 que
444 4531 651 4588 dictum
681 4534 774 4599 sit,
805 4551 834 4590 a
868 4538 1087 4593 ratione
1139 4555 1248 4594 non
1294 4541 1573 4600 abhorret.
1622 4543 1877 4601 Eburnea

304 4621 452 4675 enim
483 4622 650 4686 idola,
704 4626 913 4696 inquit,
954 4630 1291 4694 construxit,
1318 4639 1372 4685 et
1403 4649 1423 4682 ι
1457 4632 1652 4688 domos
1683 4650 1877 4689 nemo-

307 4727 486 4779 rosas,
526 4733 545 4765 ι
578 4716 630 4769 id
663 4723 767 4783 est,
800 4718 1005 4774 tabulis
1034 4728 1355 4775 contectas:
1393 4721 1467 4775 ita
1500 4723 1645 4777 enim
1677 4724 1875 4794 Aquila

306 4800 704 4871 interpretatus
728 4815 832 4861 est.
866 4805 1169 4864 Deelarans
1188 4820 1395 4875 autem,
1422 4827 1585 4881 quam
1632 4817 1875 4882 pretiosa

304 4899 495 4946 essent
530 4894 680 4964 ligna
714 4897 830 4963 illa,
855 4912 1045 4952 eorum
1076 4916 1301 4972 quoque
1351 4902 1469 4957 loca
1526 4904 1872 4975 s?gniticavit.

307 4983 431 5037 llmc
465 4984 610 5036 enim
653 4984 946 5055 aﬂerebas,
1003 4990 1199 5060 inquit,
1227 4995 1297 5046 ab
1350 4994 1554 5050 insulis
1590 4995 1872 5050 Chettiim.

306 5071 565 5127 Cbettiim
599 5088 730 5129 vero
757 5074 981 5134 Grzecas
1012 5080 1224 5138 insulas
1249 5085 1505 5153 appellat.
1541 5086 1755 5140 Etenim
1783 5101 1879 5156 pcr

304 5158 599 5215 Jeremiam
646 5161 792 5218 Deus
828 5164 943 5219 ait:
982 5187 1000 5217 ε
1034 5166 1291 5225 Transito
1346 5172 1411 5225 ad
1456 5174 1666 5227 insulas
1714 5173 1875 5229 Chet-

1984 4449 2034 4501 οί
2065 4446 2213 4501 ἄλλοι
2249 4440 2579 4516 ἐρμηνευταὶ
2607 4440 2674 4493 τὸ
2720 4439 2902 4506 κέρας
2945 4453 3062 4492 σου
3083 4436 3384 4502 τεθείκασι,
3418 4434 3546 4489 κατά

1985 4538 2093 4592 τῶν
2122 4533 2531 4609 προειρημένων
2576 4529 2897 4584 ἀκολουθίαν
2927 4545 2940 4558 ·
3002 4527 3082 4599 τῷ
3128 4528 3236 4598 γὰρ
3285 4526 3416 4597 ίστῷ
3460 4525 3547 4577 καὶ

1984 4631 2105 4693 ταῖς
2138 4626 2373 4689 κώπαις,
2396 4623 2493 4677 καὶ
2519 4622 2581 4674 τὸ
2609 4622 2777 4693 κέρας
2806 4620 3106 4674 ἀκολουθεῖ.
3139 4620 3202 4672 Ei
3233 4618 3291 4673 δὲ
3321 4619 3411 4673 καὶ
3430 4615 3545 4687 περὶ

1985 4718 2107 4774 τῶν.
2140 4715 2370 4771 εἰδώλων
2423 4712 2638 4785 ῥηθείη,
2687 4711 2838 4765 οὐδὲν
2888 4711 3137 4775 ἀπεικός.
3205 4710 3543 4780 Ἐλεφάντινα

1984 4813 2115 4883 γὰρ,
2150 4808 2305 4881 φησὶ,
2339 4803 2739 4868 κατεσκεύαζεν
2767 4802 2980 4866 εἴδωλα,
3010 4801 3103 4855 καὶ¹
3134 4820 3152 4853 ι
3180 4801 3360 4864 οἴκους
3378 4798 3540 4854 ἀλσώ-

1983 4906 2113 4968 δεις,
2143 4921 2161 4953 ι
2214 4899 2480 4962 τουτέστι,
2534 4897 2712 4952 σανίσι
2746 4893 3198 4964 κεκαλυμμένους
3222 4909 3237 4923 ·
3284 4892 3421 4946 οὕτω
3443 4891 3540 4961 γὰρ

1983 4994 2078 5047 καὶ
2123 4994 2152 5046 ὁ
2198 4989 2425 5053 Ἀκύλας
2454 4989 2790 5059 ἡρμήνευσε.
2821 4985 2896 5039 Τὸ
2923 4985 2980 5038 δὲ
3021 4984 3203 5055 τίμιον
3246 4984 3353 5036 τῶν
3383 4982 3539 5046 ξύλων

1985 5082 2351 5157 παραδηλῶν,
2416 5080 2511 5133 καὶ
2568 5078 2715 5159 τοὺςχ
2741 5076 2949 5130 τούτων
3013 5076 3257 5145 ἐσήμαινε
3311 5073 3535 5159 τόπονς.

1989 5193 2008 5226 ι
2036 5175 2269 5241 Ἔφερες
2310 5168 2420 5240 γὰρ
2446 5165 2637 5232 ταῦτα,
2680 5158 2877 5236 φησὶν,
2913 5164 3022 5218 ἀπὸ
3066 5162 3249 5234 νήσων
3282 5161 3385 5214 τῶν
3413 5158 3536 5211 Χετ-

1608 5287 1834 5342 νΑῐιιτΕ
1869 5286 2256 5346 LECTIONES

401 5366 446 5398 θ’
478 5366 592 5419 καί.
657 5364 781 5421 Des.
818 5368 870 5422 in
903 5368 963 5421 Β.

1092 5375 1138 5405 7°
1154 5374 1214 5452 Ιξ-
1231 5377 1320 5452 δδυ
1331 5379 1626 5452 ρῳμένους.
1683 5395 1784 5450 pro
1829 5381 2051 5452 δδυρομ.

2533 5393 2586 5428 κ.
2626 5388 2757 5441 μου.
2789 5371 2954 5441 Hebr.
2999 5367 3239 5441 perfecta
3262 5380 3390 5441 sum
3418 5359 3530 5432 pul-

2141 5381 2185 5411 “
2219 5396 2344 5456 nep:
2400 5379 2490 5456 ἐμ.

303 5435 650 5521 ςίπὶί¹¹ε¹ίῐ¹ει
701 5437 830 5521 ’33"
865 5442 1122 5521 1W}.-
1145 5435 1342 5521 ,ἕζεθνῖ
1382 5435 1440 5500 ¹ῖι
1490 5435 1846 5521 meil’io'mari
1875 5435 2071 5521 teiein)
2117 5435 2337 5521 ιπηιίῖιὶ
2368 5435 2467 5500 mi.
2543 5435 2662 5521 ἶῖἐ-
2702 5439 2855 5521 Bs“.-
2898 5435 3221 5521 εοιίτιπκίεᾲ
3257 5435 3527 5521 δριάέῗῖῗ·

381 5506 429 5557 oi
462 5506 587 5559 υἱοί.
691 5506 807 5576 υίῷ.
854 5506 1017 5566 Hebr.
1054 5511 1438 5570 IEdiﬁcatores
1486 5519 1585 5571 tui.

304 5574 347 5605 '"
381 5578 479 5655 τοῦ.
507 5605 580 5655 :—
606 5574 860 5655 ἐ).ατ.’-Αά
879 5594 1019 5641 vers.
1057 5584 1090 5639 5
1154 5586 1258 5641 ista
1291 5586 1584 5655 pertinent.

305 5657 350 5696 ε.
385 5644 716 5702 nitidissimo
741 5647 924 5704 ebore.

1663 5521 1708 5551 ⁷⁸
1743 5520 1888 5593 κέδρ.
1928 5520 2089 5576 Hebr.
2149 5520 2443 5573 abietibus.
2548 5520 2593 5546 "
2624 5520 2667 5566 A
2698 5520 3048 5581 κυπάρισσοι.
3109 5520 3275 5587 ﬂeor.
3330 5520 3522 5584 caurus.

1685 5590 1731 5621 ⁷⁸
1760 5590 1825 5645 τὰ
1870 5593 1971 5665 ἱερ.
2018 5589 2178 5644 llebr.
2217 5597 2478 5643 transtra.
2555 5585 2600 5615 ’³
2624 5582 2730 5635 οῖκ.
2759 5580 2879 5635 ἀλσ.
2921 5578 3080 5633 Hebr.
3119 5576 3230 5632 [illa
3263 5584 3522 5633 striarum,

2548 5514 2593 5546 "°
2624 5511 2667 5566 A
2698 5502 3056 5581 κυπάρισσοιῖ
3109 5502 3303 5581 ῌεὺνξ
3330 5502 3526 5581 cedrus.
