3840 6202
489 343 622 408 1087
1467 344 1566 404 ΤΗ
1573 341 1951 403 EODORETI
1990 342 2005 399 ]

2129 339 2327 400 SCOPI
2350 340 2714 401 CYRENSIS
3545 340 3645 407 1088

492 473 684 531 tesque
727 469 777 515 te
805 460 870 515 ad
909 466 1210 514 extremam
1247 458 1601 514 solitudinem
1643 456 1945 522 redactam,
1977 471 2004 511 s

2159 454 2417 527 θρηνοῦσι
2445 454 2489 485 ⁶³
2523 449 2853 523 βασιλεῦσιν,
2885 449 3120 522 ὁρῶντες
3159 449 3253 520 τὴν
3287 450 3434 502 πάλαι
3463 467 3646 521 περιφα‹

493 554 602 608 bilo
631 555 828 608 mentis
867 569 979 606 sua:
1013 560 1296 622 stuporem
1345 550 1756 622 significabunt.
1796 548 1931 602 Illud
1961 563 2009 601 ai

2159 546 2424 615 νεστάτην
2455 544 2607 597 πόλιν
2632 543 2677 575 ⁶⁴
2706 543 2899 612 ἀθρόον
2923 542 3100 610 ἀφανῆ
3130 541 3220 594 καὶ
3248 540 3451 610 φροῦδον
3471 557 3651 613 γεγενη-

493 655 622 711 tein,
662 662 681 693 ι
720 659 825 696 non
852 644 963 696 eris
1005 642 1241 711 amplius
1272 644 1326 695 in
1365 640 1654 703 saeculum,
1694 657 1713 690 ι
1753 636 2009 692 secundm

2164 638 2366 709 μένην·
2422 634 2791 707 Θαυμάζοντες
2835 635 2892 687 δὲ
2925 634 3023 703 τὴν
3056 634 3156 695 είς
3210 630 3425 703 ἐρημίαν
3467 632 3650 703 ἐσχάτην

492 748 610 787 eam
642 729 1172 802 interpretationem,
1205 746 1327 800 qua:
1352 729 1464 799 jam
1500 745 1528 781 a
1560 728 1718 782 nobis
1751 727 1917 781 allata
1952 741 2008 779 es

2164 728 2463 798 μεταϐολήν
2492 744 2609 794 σου,
2639 727 2716 797 τῷ
2747 725 2995 797 συριγμῷ
3023 724 3121 795 τὴν
3140 722 3234 791 τῆς
3260 721 3475 785 διανοίας
3499 720 3654 790 ἔκπληο

495 822 1053 892 intelligemus.Quod
1078 823 1122 877 si
1148 823 1318 876 altera
1346 836 1562 891 quoque
1589 819 1654 872 ad
1682 833 1745 873 ea
1769 834 1888 885 quae
1918 818 2005 871 dic

2163 821 2246 887 ξιν
2278 819 2596 890 σημανοῦσι.
2642 819 2714 869 Τὸ
2753 816 2834 882 δὲ,
2881 836 2899 868 ι
2936 813 3229 885 ούκέτιέση
3248 815 3321 876 είς
3356 812 3436 865 τὸν
3459 813 3648 876 αίῶνα,ι

494 920 626 966 sunt
661 912 907 966 addenda
940 919 1045 975 est,
1082 912 1134 965 id
1171 910 1354 965 facere
1382 925 1484 964 nos
1517 924 1623 963 non
1648 908 1874 978 pigebit.
1896 908 2010 959 Aud

2164 911 2303 965 κατὰ
2341 911 2437 980 τὴν
2466 912 2566 981 ήδη
2603 911 2901 980 γενομένην
2934 908 3023 977 ὑφ’
3048 907 3204 988 ἡμῶν
3232 905 3497 976 ἑρμηνείαν
3512 906 3657 975 νοήσο-

493 1002 674 1056 vimus
696 1011 975 1057 auctorem
999 1003 1242 1056 omnium
1267 1017 1449 1057 rerum
1468 1000 1633 1055 Deum
1660 1015 1757 1068 per
1771 997 2006 1052 Jeremia

2168 1022 2287 1074 μεν.
2332 1005 2392 1056 Εἰ
2432 1003 2488 1056 δὲ
2527 1003 2622 1055 καὶ
2663 1001 2855 1074 ἑτέραν
2892 1001 2972 1054 δεῖ
3007 997 3315 1069 προσθεῖναι
3358 998 3457 1058 τοῖς
3482 996 3657 1065 εἰρημέ-

497 1093 814 1161 prophetam
839 1092 1112 1147 dicentem
1145 1110 1158 1144 :
1190 1108 1209 1141 ι
1247 1091 1329 1144 Ad
1362 1104 1633 1146 summam
1662 1090 1858 1158 loquar
1901 1103 2013 1156 Sllpi

2166 1113 2295 1159 νοις,
2338 1097 2437 1149 οὐκ
2487 1094 2890 1164 ἀποκνήσομεν.
2938 1088 3278 1157 Ἦκούσαμεν
3310 1086 3395 1139 τοῦ
3435 1084 3547 1138 Θέοὖ
3580 1084 3657 1138 τῶν

497 1191 711 1252 gentem
748 1192 802 1237 et
831 1199 1084 1251 regnum,
1120 1193 1181 1238 ut
1219 1182 1465 1237 auferam
1499 1196 1620 1245 eos,
1657 1190 1712 1235 et
1759 1180 2013 1234 destruan

2167 1188 2302 1242 ὅλων
2330 1186 2416 1240 διὰ
2454 1185 2718 1256 Ἰερεμίου
2743 1182 2838 1238 τοῦ
2867 1183 3145 1253 προφήτου
3176 1178 3441 1247 λέγοντος’
3476 1195 3492 1226 ι
3523 1178 3658 1247 Πέρας

496 1283 552 1329 et
578 1273 825 1343 perdam.
865 1273 931 1328 Et
969 1274 1015 1329 si
1047 1289 1312 1329 conversa
1347 1274 1513 1328 fuerit
1553 1287 1686 1343 gens
1715 1272 1805 1324 illa
1834 1286 1863 1323 a
1905 1270 2012 1322 mal

2169 1279 2382 1350 λαλήσω
2422 1278 2514 1330 ἐπὶ
2542 1277 2693 1339 ἔθνος
2737 1275 2830 1328 καὶ
2865 1275 2958 1326 ἐπὶ
2985 1260 3279 1342 βασιλείαν,
3307 1268 3393 1320 τοῦ
3421 1267 3580 1337 ἐξᾶραι
3597 1268 3660 1320 αὖ·

500 1366 636 1428 suis,
666 1366 953 1435 pmnilebit
997 1382 1084 1421 me
1125 1367 1419 1430 malorum,
1454 1381 1576 1434 qua:
1619 1364 1854 1434 cogitavi
1892 1361 2016 1417 facei

2168 1373 2315 1433 τοὺς,
2346 1371 2440 1423 καὶ
2468 1369 2733 1428 καθελεῖν,
2775 1367 2870 1420 καὶ
2912 1362 3237 1418 ἀπολλύειν·
3277 1359 3373 1412 κᾶν
3415 1361 3658 1429 ἐπιστραφῇ

501 1457 634 1511 illis.
669 1454 734 1508 Et
774 1456 840 1510 ad
876 1472 1145 1511 summam
1189 1457 1387 1526 loquar
1434 1470 1598 1525 super
1632 1463 1847 1525 gentem
1886 1461 1942 1507 et
1985 1467 2017 1506 τι

2169 1462 2231 1516 τὸ
2260 1461 2409 1526 ἔθνος
2448 1462 2622 1514 ἐκεῖνο
2664 1458 2771 1512 ἀπὸ
2816 1456 2925 1510 τῶν
2966 1452 3152 1509 κακῶν
3186 1449 3374 1513 αὐτῶν,
3412 1451 3662 1519 μετανοήπω

502 1563 690 1617 gnum,
715 1554 776 1600 ut
807 1552 1004 1601 iterum
1043 1546 1349 1601 aediﬁcetur
1377 1554 1432 1601 et
1471 1547 1771 1616 plantetur.
1802 1545 1867 1598 Et
1910 1544 1955 1599 si
1995 1543 2018 1597 li

2173 1553 2429 1624 περὶτῶν
2451 1550 2658 1614 κακῶν,
2687 1544 2762 1602 ὧν
2794 1544 3124 1615 ἐλογισάμην
3156 1541 3250 1594 τοῦ
3285 1539 3487 1607 ποιῆσαι
3510 1539 3660 1599 αὐτοῖς·

503 1638 682 1693 cerint
736 1639 880 1692 mala
929 1654 1112 1694 coram
1167 1653 1274 1704 me,
1316 1647 1376 1693 ut
1424 1654 1533 1692 non
1589 1638 1819 1693 audiunt
1880 1652 2014 1692 voce

2174 1646 2268 1700 καὶ
2296 1643 2465 1714 πέρας
2492 1641 2713 1712 λαλήσω
2746 1639 2840 1691 ἐπὶ
2869 1636 3019 1698 ἔθνος
3051 1635 3145 1688 καὶ
3187 1632 3276 1685 ἐπὶ
3320 1628 3577 1700 βασιλείαν,
3597 1627 3664 1680 τοῦ

507 1745 704 1796 meam,
744 1731 1027 1799 paenitebit
1064 1745 1152 1785 me
1190 1730 1461 1784 bonorum
1503 1745 1623 1800 qua:
1664 1730 1882 1784 locutus
1922 1744 2023 1802 spn

2175 1733 2636 1806 ἀνοικοδομείσθαι
2677 1732 2768 1785 καὶ
2797 1728 2890 1782 τοῦ
2932 1722 3420 1795 καταφυτεύεσθαι·
3448 1722 3533 1773 κᾶν
3556 1722 3669 1788 md)-

507 1832 562 1874 ut
600 1819 837 1876 facerem
879 1820 960 1875 eis
997 1829 1046 1874 γ.
1089 1840 1107 1873 ι
1148 1819 1321 1891 Igitur
1360 1829 1414 1876 et
1452 1821 1782 1875 sententiam
1826 1821 1931 1875 fert
1972 1820 2023 1872 Dl

2150 1833 2313 1880 ’σωσι
2341 1802 2434 1878 τάν
2458 1822 2668 1895 πονηρὲ
2705 1819 2945 1875 ἐναντίον
2980 1835 3101 1888 μου,
3148 1813 3243 1869 τοῦ
3280 1813 3351 1884 μὴ
3388 1811 3573 1895 ἀκούειν
3595 1811 3666 1879 τῆς

509 1912 711 1976 minus,
745 1920 800 1965 et
827 1911 990 1964 latam
1036 1911 1308 1980 antiquat,
1340 1926 1521 1979 neque
1558 1911 1762 1965 veritas
1792 1910 2020 1966 mentitu

2179 1916 2362 1986 φωνῆς
2400 1932 2524 1984 μου,
2560 1894 2876 1983 μετανοήσω
2907 1908 3035 1979 περὶ
3077 1906 3187 1959 τῶν
3234 1903 3459 1971 ἀγαθῶν,
3492 1894 3553 1954 ὧν
3577 1900 3667 1952 ἑλά-

511 2003 637 2058 Fert
662 2005 810 2058 enim
853 2003 1179 2059 sententiam
1217 2013 1410 2059 contra
1451 2020 1559 2059 non
1601 2006 1931 2075 poenitentes
1972 2004 2027 2077 :‘l

2177 2007 2318 2078 λησα
2344 2004 2439 2058 τοῦ
2467 2004 2688 2073 ποιῆσαι
2720 2002 2921 2063 αὐτοῖς.
2966 2020 2983 2052 ι
3020 1996 3232 2052 Οὐκοῦν
3267 1996 3357 2049 καὶ
3383 1992 3668 2060 ἀποφαίνεται

511 2094 579 2148 iis
628 2108 784 2159 vero,
823 2094 917 2163 qui
961 2095 1299 2163 poenitentiae
1354 2095 1659 2150 remedium
1710 2108 2027 2165 exceperum

2177 2101 2206 2152 ὁ
2233 2096 2531 2165 Δεσπότης,
2561 2093 2655 2146 καὶ
2686 2092 2801 2145 λύει
2840 2089 2940 2154 τὰς
2978 2088 3302 2158 ἀποφάσεις,
3335 2086 3422 2139 καὶ
3448 2086 3477 2155 ἠ
3502 2082 3670 2148 ἀλήθεια

513 2146 784 2254 supplicii,
806 2146 1105 2240 decretum
1121 2146 1333 2244 nullum
1357 2146 1540 2241 iure;
1551 2146 1774 2241 '.‘.'.;...;.';
1788 2146 1927 2241 re;
1952 2146 2029 2241 1..

2287 2187 2559 2259 ψεύδεται.
2615 2182 2999 2253 Ἀποφαίνεται
3028 2181 3139 2251 γάρ
3178 2177 3321 2233 κατά
3352 2176 3450 2229 τῶν
3476 2174 3674 2245 μετανοὶᾳ

514 2276 636 2345 tigit
664 2276 830 2330 etiam
858 2284 1104 2346 tempore
1134 2276 1535 2342 Ninevitarum,
1558 2293 1698 2347 quos
1728 2278 2030 2333 damnaver;

2303 2277 2631 2350 χρωμένωνο
2674 2275 2764 2327 ἐπὶ
2799 2273 2855 2327 δὲ
2905 2271 3013 2325 τῶν
3040 2271 3108 2324 τά
3154 2270 3253 2339 τῆς
3285 2265 3542 2337 μετανοίας
3575 2262 3675 2352 φάρ-

514 2368 717 2432 cxitio,
746 2367 935 2422 dicens
967 2387 980 2423 :
1016 2387 1034 2419 ι
1070 2367 1265 2424 Adhuc
1300 2378 1412 2424 tres
1445 2380 1574 2424 sunt
1618 2369 1756 2435 dies,
1793 2379 1847 2425 et
1889 2369 2030 2424 Nini‘

2187 2350 2337 2440 μακα
2364 2364 2671 2435 δεξαμένων
2700 2365 2733 2432 ἡ
2754 2363 2851 2433 τῆς
2873 2359 3146 2431 τιμωρίας
3171 2358 3348 2428 ψῆφος
3372 2355 3528 2424 ἀργεῖ.
3552 2350 3675 2403 Τοῦτο

518 2463 926 2516 ειιιινθιοῑοῑυτι.
957 2481 975 2513 ›
1009 2462 1176 2532 908
1210 2460 1276 2515 At
1308 2477 1439 2517 vero
1488 2463 1821 2532 posuitentes
1848 2464 2034 2532 excepi

2272 2480 2279 2512 ι
2310 2455 2533 2511 ἐπὶτῶν
2569 2452 2868 2507 Νινευῖτῶν
2906 2451 3120 2520 ἐγένετο
3142 2465 3157 2478 ·
3202 2444 3573 2516 κατεψηφίσατο
3600 2441 3676 2510 γὰρ

519 2555 958 2622 sententiamque
1001 2553 1274 2608 dissolvit.
1324 2553 1532 2623 Sicque
1580 2553 1670 2607 hic
1720 2555 1884 2607 etiam
1939 2554 2035 2607 lon

2272 2548 2365 2602 τῶν
2409 2544 2802 2615 πανωλεθρίαν,
2832 2541 3068 2613 εἰρηκώς
3092 2559 3105 2572 ·
3144 2559 3165 2591 ι
3194 2540 3313 2591 Ἔτι
3347 2540 3483 2607 τρεῖς
3511 2532 3676 2603 ἡμέραι,

518 2643 777 2713 supplicii
816 2643 1098 2699 decretum
1142 2644 1427 2714 abrogavit
1456 2651 1799 2714 posterorum
1841 2659 2034 2700 comm:

2187 2641 2283 2697 καὶ
2329 2637 2519 2692 Νινευῒ
2558 2635 3096 2707 καταστραφήσεται.
3135 2652 3158 2684 ι
3205 2628 3362 2683 Ἀλλὰ
3385 2626 3678 2698 μετανοήσαν-

520 2734 675 2789 latio.
1291 2713 1301 2714 ί
1458 2713 1469 2714 7
2187 2748 2285 2793 τας
2318 2727 2553 2792 ἐδέξατο,
2585 2726 2678 2779 καὶ
2709 2724 2806 2796 τὴν
2836 2723 3109 2793 ἀπόφασιν
3141 2720 3348 2775 ἔλυσεν.
3382 2719 3481 2772 Καὶ
3507 2713 3679 2769 ἐνταῦθα

1594 2810 1599 2815 ’
2190 2821 2368 2876 τοίνυν
2412 2818 2513 2888 τῆς
2551 2814 2833 2888 διηνεκοῦς
2857 2816 2902 2848 ⁸⁸
2948 2815 3222 2885 τιμωρίας
3256 2812 3404 2865 ἔλυσε
3434 2809 3517 2880 τὴν
3553 2806 3682 2876 ψῆφον

1719 2941 1727 2945 ν
2189 2918 2222 2984 ή
2256 2913 2359 2967 τῶν
2381 2910 2661 2979 ἀπογόνων
2697 2906 2986 2979 μεταϐολή.

1014 3001 1035 3025 *
1072 2998 1303 3055 CAPUT
1355 2999 1595 3053 XXVIII.

2754 3000 3002 3052 ΚΕΦΑΛ.
3057 2998 3202 3051 κη’.

597 3093 757 3148 Vens.
794 3089 843 3155 l,
859 3088 918 3143 ‘2.
940 3088 1004 3143 Et
1023 3090 1224 3159 factum
1250 3100 1326 3145 est
1350 3090 1559 3145 verbum
1580 3089 1875 3143 Domi'm'ad
1892 3107 1991 3157 me,
2010 3090 2092 3144 di-

2272 3083 2336 3157 α’,
2369 3093 2432 3162 β’.
2467 3092 2573 3145 Kal
2599 3090 2833 3159 ἐγένετο
2861 3089 3042 3156 λόγος
3099 3086 3324 3154 Κυρίου
3356 3083 3491 3151 πρὸς
3519 3080 3596 3151 μὲ,
3620 3078 3686 3132 ,ιέ-

525 3196 644 3233 cens
664 3194 682 3232 :
702 3179 765 3232 Et
795 3189 873 3245 tu,
895 3180 974 3250 ﬁli
991 3182 1238 3247 hominis,
1257 3181 1342 3236 dic
1371 3183 1596 3249 principi
1628 3181 1790 3251 Tyri:
1817 3181 1945 3236 Hau:
1963 3182 2041 3234 dic

2196 3203 2319 3256 των
2345 3201 2356 3213 ·
2395 3183 2505 3237 Καὶ
2541 3182 2643 3241 σὺ,
2690 3180 2783 3234 υἱὲ
2835 3175 3177 3246 ἀνθρώπου,
3227 3174 3356 3230 εἰπὲ
3399 3172 3471 3238 τῷ
3505 3171 3686 3256 ἄρχοντι

529 3270 739 3324 Adonei
757 3269 1043 3326 Dominus:
1061 3272 1161 3327 Pro
1179 3291 1238 3327 eo
1256 3272 1393 3343 quod
1412 3274 1707 3327 exaltatum
1723 3284 1800 3327 est
1819 3290 1910 3327 cor
1927 3283 2045 3327 (uun

2203 3254 2389 3342 Τύρου
2420 3288 2436 3305 ·
2495 3270 2637 3325 Τάδε
2694 3268 2854 3336 λέγει
2906 3266 3145 3321 Ἄδωνατ
3193 3267 3434 3333 Κύριος·
3486 3254 3687 3316 Ἀνθ’ὧν

528 3374 577 3417 et
606 3365 794 3419 dixiin
816 3408 829 3421 .
867 3366 1004 3423 Deus
1041 3385 1132 3439 ego
1150 3369 1686 3433 sum,habitalionem
1720 3368 1820 3424 Dei
1867 3370 2044 3424 habita

2198 3363 2408 3433 ὑψώθη
2446 3363 2483 3429 ἡ
2515 3360 2728 3425 καρδία
2764 3376 2902 3423 σου,
2934 3357 3033 3411 καί
3060 3353 3237 3423 εἶπας
3261 3372 3273 3385 ·
3307 3356 3441 3421 Θεός
3462 3356 3560 3424 εἰμι
3593 3351 3686 3419 ἐγὼ.

531 3456 585 3507 in
620 3456 773 3510 corde
806 3460 1008 3520 maris;
1049 3471 1105 3513 tu
1136 3471 1310 3515 autem
1346 3478 1399 3515 es
1433 3461 1608 3528 homo,
1634 3471 1682 3515 et
1725 3480 1829 3515 non
1864 3461 2019 3524 Deus,

2272 3454 2511 3508 ιτοικίαν
2557 3451 2703 3506 Θεοῦ
2744 3447 3062 3518 κατῴκησα
3090 3447 3137 3480 ⁶⁶
3180 3447 3252 3501 ἐν
3298 3446 3493 3515 καρδίᾳ
3523 3441 3690 3498 aaddc-

533 3542 724 3596 dedisti
745 3560 836 3597 cor
868 3554 1015 3598 tuum
1041 3548 1195 3616 quasi
1221 3564 1311 3601 cor
1344 3547 1463 3602 Dei.
1491 3548 1839 3603 Exsecranda
1879 3550 2044 3618 quide

2201 3561 2319 3613 σης
2348 3562 2362 3575 ’
2389 3546 2470 3598 σὺ
2500 3543 2568 3597 δὲ
2594 3539 2646 3597 εὶ
2671 3541 2979 3610 ἅνθρωπος
3005 3538 3102 3593 καί
3124 3541 3205 3593 οὐ
3236 3537 3396 3604 Θεὸς,
3421 3536 3506 3590 καί
3523 3533 3689 3595 ἔδωκας

534 3633 716 3686 omnia
758 3645 1107 3704 peccatorum
1147 3653 1372 3707 genera,
1424 3638 1519 3693 sed
1570 3639 1813 3693 omnium
1866 3642 2050 3693 maxin

2202 3636 2317 3704 τὴν
2356 3635 2608 3702 καρδίαν
2630 3648 2745 3686 σου
2772 3632 2853 3697 ὡς
2896 3629 3151 3698 καρδίαν
3189 3628 3357 3683 Θεοῦ.
3385 3623 3591 3695 Βδελυρά
3625 3622 3690 3690 μὲν

535 3724 882 3781 detestabilis
952 3728 1236 3796 superbia.
1300 3747 1319 3780 ι
1375 3728 1550 3784 Omne
1595 3728 1740 3783 enim
1788 3730 2051 3783 excelsun

2272 3742 2420 3779 ταντα
2443 3724 2513 3778 τὰ
2544 3724 2640 3794 τῆς
2663 3721 2934 3793 ἁμαρτίας
2955 3719 3092 3789 εἴδη,
3129 3717 3494 3791 βδελυρωτάτη
3528 3714 3574 3767 δὲ
3599 3712 3693 3765 πάν·

538 3811 741 3880 inquit,
778 3815 1113 3870 ahominatio
1142 3831 1330 3871 coram
1369 3817 1605 3873 Domino
1638 3830 1684 3873 α.
1725 3838 1744 3870 ι
1790 3819 1853 3873 Et
1887 3838 1901 3874 :
1932 3838 1951 3871 ι
2000 3818 2054 3874 SI

2272 3834 2313 3870 ιν
2341 3819 2374 3887 ἡ
2405 3814 2753 3888 ὑπερηφανία
2779 3830 2795 3844 ο
2847 3830 2867 3863 ι
2915 3812 3031 3865 Πᾶν
3076 3811 3189 3881 γὰρ
3212 3811 3430 3881 ὑψηλὸν,
3460 3808 3588 3877 φησὶ,

541 3903 726 3970 perbis
769 3902 1031 3958 Dominus
1067 3907 1349 3960 resistitb.
1399 3926 1416 3959 ι
1464 3907 1526 3961 Ει
1564 3908 1722 3964 divus
1761 3909 2055 3977 Apostolus

2274 3922 2390 3975 γμα
2416 3902 2596 3958 ἔναντι
2628 3901 2835 3973 Κυρίου
2868 3916 2883 3930 ·
2924 3919 2942 3952 ι
2983 3900 3075 3953 καί
3100 3916 3113 3931 ο
3153 3917 3174 3951 ι
3226 3897 3589 3968 ’Υπερηφάνοις
3619 3889 3693 3944 Κύ-

547 4009 566 4042 ι
611 3990 732 4045 Νοη
765 3994 1120 4064 ncophytum,
1152 3998 1352 4066 inquit,
1382 4014 1451 4053 ne
1485 3999 1540 4053 in
1586 4001 1896 4069 superbiam
1930 4001 2063 4055 elate

2212 4013 2324 4068 ριος
2362 3994 2743 4048 ἀντιτάσσεται
2774 4006 2789 4020 °
2831 4008 2848 4041 ι
2874 3990 2969 4043 καὶ
2994 3992 3022 4043 ὁ
3054 3988 3199 4052 θεῖος
3235 3986 3534 4048 Ἀπόστολος
3558 4000 3569 4013 ·
3592 4001 3607 4032 ι
3632 3978 3692 4046 Μὴ

543 4081 596 4136 in
632 4082 900 4152 judicium
932 4085 1136 4139 incidat
1170 4085 1375 4142 diaboli
1404 4100 1451 4142 ο.
1503 4108 1520 4139 ι
1562 4089 1677 4144 lloc
1718 4092 1911 4146 morbo
1958 4092 2059 4147 labl

2208 4087 2486 4156 νεόφυτον,
2510 4085 2692 4156 φησὶν,
2721 4083 2807 4136 ἴνα
2831 4082 2905 4152 μὴ
2932 4080 3210 4150 τυφωθεὶς
3243 4082 3322 4143 είς
3358 4081 3513 4148 κρῖμα
3539 4072 3693 4144 ἐμπέσῃ

542 4173 699 4227 rabat
748 4175 913 4228 etiam
968 4177 1223 4247 princeps
1278 4178 1432 4247 Tyri,
1475 4186 1588 4234 tum
1639 4181 1687 4235 is
1737 4182 1831 4251 qui
1887 4196 2058 4253 consp

2208 4180 2302 4233 τοῦ
2352 4177 2616 4232 διαϐόλου.
2658 4193 2677 4227 ι
2726 4172 2943 4244 Ταύτην
2987 4173 3113 4242 ἔσχε
3143 4172 3245 4242 τὴν
3285 4172 3433 4226 νόσον
3480 4169 3558 4221 καὶ
3585 4168 3608 4218 ὁ
3631 4163 3694 4253 τῆς

543 4265 828 4329 ciebatur,
865 4275 980 4321 tum
1032 4268 1081 4322 is
1130 4269 1223 4339 qui
1278 4271 1431 4325 cerui
1468 4286 1578 4325 non
1620 4281 1854 4342 poterat.
1892 4275 2059 4329 Etenil

2210 4271 2388 4342 Τύρου
2409 4270 2608 4340 ἄρχων,
2639 4268 2669 4320 ὅ
2693 4283 2752 4318 τε
2789 4263 3084 4336 ὁρώμενος,
3107 4265 3135 4317 ὅ
3173 4280 3234 4316 τε
3265 4262 3499 4332 ἀόρατος.
3521 4257 3605 4310 Καὶ
3623 4252 3694 4319 γὰρ

544 4372 646 4411 nos
681 4358 752 4427 pii
786 4359 1024 4428 regimur
1053 4361 1274 4430 proprie
1298 4376 1363 4417 ac
1379 4377 1506 4418 vere
1526 4364 1595 4418 ab
1617 4372 1840 4420 auctore
1866 4368 2060 4421 omniui

2212 4364 2372 4433 ἡμεῖς
2434 4362 2483 4413 οί
2528 4358 2772 4421 εὐσεϐεῖς
2813 4354 3215 4427 βασιλευόμεθα
3272 4356 3371 4426 μὲν
3426 4351 3597 4422 κυρίως
3635 4346 3696 4397 καὶ

545 4463 725 4502 rerum
754 4447 862 4503 Deo
887 4468 900 4503 :
929 4457 983 4505 et
1008 4453 1249 4523 regimur
1287 4454 1414 4507 item
1459 4454 1526 4509 ab
1565 4455 1884 4512 hominibus
1910 4458 2061 4527 pictai

2180 4473 2187 4513 ι
2217 4453 2430 4525 ἀληθῶς
2456 4452 2560 4505 ὑπὸ
2583 4450 2678 4504 τοῦ
2725 4450 2833 4504 τῶν
2879 4450 3015 4503 ὅλων
3069 4448 3207 4503 Θεοῦ
3240 4465 3256 4480 ο
3298 4442 3641 4518 βασιλευόμεθα
3661 4436 3696 4486 δὲ

547 4539 816 4609 praeditis.
859 4541 925 4596 Et
962 4543 1139 4614 Tyrus
1189 4544 1376 4614 igitur,
1426 4561 1573 4600 nunc
1605 4546 1828 4615 quidem
1884 4549 2063 4620 perint

2218 4546 2313 4600 καὶ
2359 4546 2463 4598 ὑπὸ
2507 4541 2811 4613 ἀνθρώπων
2838 4541 3090 4613 εὐσεϐείᾳ
3116 4539 3547 4611 κεκοσμημένων.
3583 4527 3697 4620 Καὶ-ἧ

549 4646 612 4686 ac
650 4647 771 4695 nos,
794 4647 976 4703 regem
1002 4634 1169 4689 Deum
1197 4636 1381 4700 habet,
1402 4645 1456 4692 et
1483 4653 1579 4693 eos
1612 4618 2065 4708 homines,quibi

2218 4638 2393 4709 Τύρος
2438 4635 2637 4700 τοίνυν,
2674 4633 2766 4687 νῦν
2822 4634 2918 4703 μὲν
2949 4632 3349 4703 παραπλησίως
3385 4631 3521 4699 ἡμῖν,
3548 4618 3698 4677 καὶτὸν

549 4722 619 4775 ab
639 4737 703 4775 eo
731 4723 784 4776 in
817 4724 992 4793 ipsam
1020 4740 1250 4795 regnum
1280 4729 1635 4783 commissum
1668 4737 1772 4784 est.
1798 4730 1938 4784 Olim
1964 4746 2065 4785 ven

2217 4728 2349 4782 Θεὸν
2382 4726 2494 4797 ἔχει
2547 4724 2790 4795 βασιλέα,
2830 4725 2925 4777 καὶ
2964 4726 3088 4787 τοὺς
3137 4724 3230 4778 ὑπ’
3263 4719 3422 4776 αὐτοῦ
3470 4710 3699 4789 βασιλεύειν

552 4810 644 4865 Dei
686 4813 1027 4881 ignoratione
1075 4818 1234 4885 quasi
1278 4820 1469 4873 morbo
1497 4820 1777 4886 laborans,
1814 4829 1870 4875 et
1922 4822 2068 4891 impii

2217 4819 2513 4890 ταχθέντας
2563 4815 2903 4886 ἀνθρώπους.
2956 4815 3131 4869 Πάλαι
3167 4815 3246 4878 δὲ,
3288 4814 3495 4881 ἄγνοιαν
3532 4800 3699 4891 vomis?

551 4903 649 4955 tati
682 4902 920 4968 addicta,
952 4905 1250 4976 principem
1285 4909 1477 4964 habuit
1507 4920 1562 4965 et
1595 4928 1800 4982 regem,
1842 4887 2067 4968 scelerul

2220 4887 2378 4972 Θεοῦ,
2411 4908 2507 4961 καὶ
2539 4909 2604 4978 τῇ
2640 4906 2863 4977 ἀσεϐείᾳ
2890 4904 3239 4970 δουλεύουσα,
3265 4904 3484 4974 ἄρχοντα
3530 4891 3620 4964 εἶχε

551 4991 961 5062 impietatisque
1008 5007 1286 5051 auctorem
1324 5010 1378 5052 et
1408 4979 1750 5070 magistrum,
1780 5003 2058 5058 diabolum

2226 5001 2443 5071 βασιλέα
2492 4998 2583 5052 τὸν
2613 4998 2712 5067 τῆς
2742 4998 2939 5061 κακίας
2968 4999 3063 5051 καὶ
3110 4997 3363 5057 ἀσεϐείας
3389 4991 3586 5063 εὑρετὴν
3608 4979 3699 5052 δίιθῦ

554 5081 745 5134 habuit
787 5082 916 5135 item
965 5092 1020 5137 et
1056 5087 1360 5156 principem
1406 5091 1499 5158 qui
1546 5093 2018 5162 conspiciebatur,
2048 5109 2070 5147 a

2225 5094 2320 5148 καὶ
2371 5087 2685 5144 διδάσκαλον
2733 5088 2976 5142 διάϐολον
3002 5105 3016 5118 ·
3049 5084 3160 5158 εἶχε
3188 5088 3246 5141 δὲ
3275 5086 3364 5140 καὶ
3390 5082 3621 5155 ὁρώμενον
3637 5073 3702 5141 ἂρ·

556 5172 662 5225 islo
726 5173 865 5228 male
927 5174 1203 5241 amatum,
1263 5187 1319 5233 et
1389 5181 1651 5252 impietati
1721 5187 2072 5255 manc’ipalun

2226 5200 2409 5256 χοντα,
2456 5180 2545 5233 τὸν
2579 5178 2684 5233 ὑπὸ
2709 5178 2896 5233 τούτου
2926 5180 3109 5243 κακῶς
3145 5176 3533 5249 ὲνεργούμενον,
3570 5162 3700 5229 “Hi

626 5338 653 5378 y
678 5327 877 5387 Jerem.
910 5350 1063 5396 XVIII,
1120 5336 1274 5391 7-10.
1352 5347 1375 5375 ι
1404 5338 1627 5406 Jon.m,
1661 5346 1715 5399 4.
1810 5344 2012 5399 'Prov.
2037 5361 2068 5398 ι

560 5395 582 5423 ⁸
616 5396 636 5452 l
667 5398 808 5458 Tim.
843 5417 925 5466 ιιι,
961 5404 1014 5457 6.

2189 5343 2262 5413 5;
2295 5344 2425 5399 coll.
2467 5343 2600 5400 Luc.
2662 5357 2774 5407 xw,
2816 5342 2903 5397 15.
3014 5338 3044 5378 δ
3069 5334 3185 5391 Jac.
3221 5350 3294 5400 Iv,
3327 5327 3581 5396 6;|Petr.
3607 5316 3701 5381 n5-

1828 5528 2063 5584 VARIE
2100 5527 2506 5586 LECTIONES.

631 5681 676 5714 ⁸³
700 5682 738 5734 Β
774 5683 1119 5754 ορηνὴσουσι.
1169 5682 1215 5716 ⁸⁸
1235 5679 1407 5737 πόλιν.
1441 5682 1515 5740 Ex
1550 5682 1588 5737 Β
1615 5687 1794 5757 suppl.
1872 5689 1916 5723 °'
1937 5689 2075 5760 διην.
2106 5689 2182 5744 Ita
2212 5687 2255 5743 B
2280 5703 2378 5758 pro
2409 5685 2693 5757 διηνεκῶς,
2728 5695 2786 5742 ut
2804 5688 2958 5744 habet
2981 5687 3065 5743 ed.
3083 5683 3253 5755 prior.
3330 5681 3374 5715 “
3401 5669 3702 5741 Αωτῴκηιω»
