3840 6202
177 327 310 394 1089

1267 314 1349 376 IN
1381 308 1829 374 EZECHIELIS
1851 306 2010 369 CAP.
2051 306 2323 368 XXVIII.

3273 302 3408 369 1090

170 431 455 504 δυσσεϐείᾳ
482 426 876 501 δεδουλωμένον
900 428 967 482 ⁵⁷.
994 427 1135 499 Πρὸς
1164 422 1511 495 ἀμφοτέρους
1556 421 1737 475 τοίνυν

1863 416 1921 471 id
1989 426 2285 487 utrumque
2338 413 2504 485 igitur
2542 415 2783 486 pertinet
2824 413 3020 480 oratio,
3075 412 3173 470 sed
3232 427 3411 484 neque

168 532 199 584 ὁ
222 528 398 597 λόγος,
430 525 546 579 ἀλλ’
575 522 698 576 οὗτε
722 521 918 591 τούτῳ,
941 518 1055 573 οὔτ’
1084 517 1279 588 ἐκείνῳ
1307 515 1484 570 πάντα
1538 511 1740 584 ἁρμότ-

168 638 251 676 τει
272 638 288 652 ο
318 618 440 673 ἔνια
485 617 542 670 δὲ
587 614 890 684 ἑκατέροις,
918 610 1037 666 τινὰ
1066 605 1124 662 δὲ
1155 608 1368 679 θατέρῳ
1391 625 1405 640 ο
1459 606 1529 659 τὰ
1555 606 1612 658 δὲ
1645 603 1742 657 νῦν

168 709 590 778 ἀναγνωσθέντα
617 707 881 776 ἑκατέρῳ.
907 704 975 757 Ὀ
1005 720 1063 756 τε
1096 702 1204 772 γὰρ
1231 698 1472 762 διάϐολος
1495 700 1574 761 είς
1599 695 1744 748 ὲκεί-

170 816 271 869 νην
328 796 431 867 τὴν
492 795 689 867 μανίαν
716 791 991 858 ἐξώκειλε,
1041 790 1134 843 καὶ
1162 789 1426 858 λυττήσας
1455 785 1588 838 Θεὸν
1622 785 1745 839 ἐαυ-

165 890 258 943 τὸν
302 886 721 959 προσηγόρευσε
747 884 813 948 ⁸⁸,
835 879 1109 935 καὶτοῦτο
1136 877 1464 950 προσφέρειν
1493 873 1641 944 αὐτῷ
1683 874 1745 926 τὸ

175 979 341 1042 σέϐας
375 979 502 1041 τοὺς
535 974 856 1046 ἀνθρώπους
889 973 1176 1026 ἀνέπεισε·
1232 971 1327 1025 καὶ
1384 968 1412 1020 ὁ
1470 965 1746 1037 ὁρώμενος

168 1068 281 1124 τῶν
308 1068 529 1141 Τυρίων
568 1067 772 1137 ἄρχων,
828 1062 1018 1117 τοῦτον
1047 1062 1282 1133 νοσήσας
1308 1059 1399 1113 τὸν
1434 1059 1623 1127 τῦφον,
1650 1058 1746 1110 καὶ

170 1167 251 1227 εἰς
286 1163 392 1232 τὴν
422 1161 628 1230 πολλὴν
659 1157 880 1229 ἀφορῶν
914 1155 1230 1228 εὐημερίαν,
1282 1153 1550 1207 ὑπέλαϐεν
1609 1148 1747 1205 εἶναι

170 1255 326 1318 Θεός.
359 1253 454 1306 Διὸ
478 1252 613 1322 πρὸς
633 1251 796 1304 αὑτὸν
823 1252 851 1303 ὁ
873 1249 1005 1312 Θεός
1030 1266 1162 1318 φησι
1186 1265 1199 1278 ·
1231 1266 1250 1299 ι
1287 1249 1360 1299 Σὺ
1381 1246 1437 1299 δὲ
1460 1240 1512 1299 εἷ
1543 1244 1749 1317 ἄνθρω-

169 1367 293 1412 πος,
327 1349 425 1401 καὶ
452 1348 514 1399 οὐ
544 1345 695 1408 θεός.
742 1363 761 1395 ι
794 1343 905 1396 Καὶ
933 1341 1075 1395 κατὰ
1102 1340 1387 1411 σύγκρισιν
1414 1356 1429 1369 ⁸
1520 1366 1539 1383 κ

240 1533 313 1595 γ’.
351 1524 449 1592 Μὴ
490 1521 829 1592 σοφώτερος
860 1516 918 1575 εἶ
943 1519 1024 1573 σὺ
1071 1519 1177 1573 τοῦ
1201 1517 1462 1586 Δανιήλς
1496 1517 1676 1586 σοφοὶ
1705 1516 1748 1550 ⁶⁹

167 1622 279 1674 οὐκ
324 1614 701 1672 ἐπαίδευσὰν
733 1629 807 1668 σε
843 1612 916 1682 τῇ
949 1613 994 1644 ⁷⁰
1041 1611 1337 1681 ἐπιστήμῃ
1367 1607 1583 1666 αὐτῶν.
1613 1611 1750 1662 Τοσ-

168 1711 353 1773 οὖτον,
416 1709 604 1777 φησὶν,
639 1705 852 1760 ἀποδέω
900 1703 995 1757 τοῦ
1028 1703 1148 1774 θείᾳ
1182 1702 1340 1771 φύσει
1386 1699 1750 1771 παρεξετάσαι

168 1802 235 1855 τὰ
269 1800 369 1866 σὰ,
408 1801 493 1854 ὅτι
522 1798 617 1852 uel.
641 1796 876 1849 συνετῶν
905 1794 1207 1865 ἀνθρώπων
1237 1793 1531 1847 ἀποδέοντα
1567 1791 1745 1853 δείξω,

180 1895 237 1947 ’0
278 1892 388 1962 μὲν
416 1890 529 1961 γὰρ
549 1889 748 1960 Δανιὴλ
784 1888 877 1942 καὶ
922 1888 1020 1958 τὴν
1052 1887 1201 1941 θείαν
1233 1881 1346 1955 εἶχε
1408 1882 1622 1953 σοφίαν,
1654 1881 1749 1934 καὶ

168 1986 266 2054 τὴν
298 1983 581 2037 Χαλδαίαν
608 1982 652 2012 "
685 1979 1020 2052 προσέλαϐεν
1049 1980 1358 2049 ἐπιστήμην
1384 1993 1396 2006 ·
1439 1977 1503 2028 σὺ
1563 1974 1619 2028 δὲ
1658 1975 1753 2028 καὶ

168 2076 267 2145 τῆς
303 2074 463 2137 θείας
514 2072 806 2143 ὲστέρησαι
848 2070 1093 2142 χάριτος,
1121 2071 1213 2123 καὶ
1248 2067 1396 2139 παρὰ
1428 2067 1606 2134 σοφῶν
1659 2067 1753 2119 ἀν-

171 2167 412 2237 θρώπων
445 2165 509 2218 οὐ
557 2161 891 2237 προσέλαϐες
941 2162 1270 2231 ἐπιστήμην.
1322 2155 1457 2212 Εἶτα
1489 2158 1598 2213 ἀπὸ
1642 2158 1751 2210 τῶν

170 2256 523 2328 πραγμάτων
548 2255 578 2307 ὁ
605 2253 821 2322 ἐλεγχος
843 2269 858 2283 ·

186 2372 209 2398 ι
236 2345 304 2409 δ’,
338 2344 405 2398 ε’.
426 2343 527 2412 Μὴ
549 2343 619 2397 ἐν
648 2339 721 2411 τῇ
752 2340 1053 2411 ἐπιστήμῃ
1087 2356 1224 2404 σου,
1253 2339 1291 2407 ἢ
1325 2339 1394 2392 ἐν
1415 2337 1489 2407 τῇ
1533 2337 1754 2407 φρονή-

171 2455 262 2491 σει
312 2452 465 2502 σου,
495 2434 786 2502 ἐποίησας
816 2431 1052 2497 σεαυτῷ
1094 2432 1371 2500 δύναμιν,
1440 2429 1539 2486 καί
1595 2445 1754 2498 περι-

170 2528 445 2594 matrima
471 2527 753 2597 ἀργύριον
777 2526 877 2581 καὶ
908 2525 1164 2595 χρυσίον
1192 2526 1237 2557 ⁷⁸
1288 2523 1359 2576 ἐν
1381 2523 1504 2588 τοῖς
1532 2526 1755 2588 θησαυ-

165 2619 301 2688 [οἷς
356 2633 525 2681 σου;
590 2618 665 2670 Ἦ
699 2617 769 2669 ἐν
808 2614 884 2684 τῇ
918 2613 1120 2683 πολλῇ
1152 2630 1268 2668 σου
1317 2613 1618 2683 ἐπιστήμῃ
1653 2611 1750 2666 καὶ

174 2710 246 2780 τῇ
274 2709 543 2780 ἐμπορίᾳ
566 2724 701 2774 σου,
742 2708 1087 2773 ὲπλήθυνας
1117 2707 1375 2776 δύναμιν
1410 2721 1547 2771 σου,
1582 2705 1679 2759 καί
1709 2706 1754 2737 ⁷³

172 2801 392 2870 ὑψώθη
426 2802 468 2869 ἠ
500 2799 714 2867 καρδία
737 2813 852 2854 σου
888 2799 959 2853 ὲν
977 2797 1051 2866 τῇ
1083 2798 1333 2867 δυνάμει
1371 2811 1488 2851 σου
1513 2813 1532 2861 ;
1558 2798 1632 2849 Δι’
1655 2796 1753 2849 αὑ-

172 2894 306 2959 τῶν,
336 2893 501 2963 φησὶ,
530 2890 667 2963 μάθε
695 2891 803 2945 τῶν
824 2891 1185 2962 πραγμάτων,
1211 2890 1286 2954 ὡς
1313 2889 1413 2942 οὐκ
1446 2890 1510 2942 ἐκ
1532 2889 1632 2959 τῆς
1655 2889 1754 2958 σῆς

174 2985 396 3053 σοφίας.
426 2982 542 3037 ἀλλ’
564 2985 629 3036 ἐκ
652 2985 752 3053 τῆς
774 2982 911 3052 ἐμῆς
931 2981 1214 3051 χορηγίας,
1237 2979 1442 3050 ταύτην
1471 2980 1629 3049 ἔσχες
1657 2980 1755 3051 τὴν

1839 507 2005 578 909
2033 508 2182 573 huic,
2217 521 2396 578 neque
2428 505 2507 560 illi
2545 506 2728 560 omnia
2772 505 3128 569 conveniunt,
3162 511 3411 576 quaedam

1843 608 2025 654 autem
2060 599 2113 652 in
2146 607 2458 667 utrumque,
2484 604 2540 651 et
2568 597 2675 650 alia
2701 597 2756 651 in
2788 597 3024 652 alterum
3082 605 3321 659 tantum,
3359 604 3415 651 et

1841 703 1961 758 quae
1999 705 2147 743 nunc
2184 689 2326 743 lecta
2378 695 2528 753 sunt,
2577 687 2632 741 in
2674 695 2971 758 utrumque
3009 687 3236 742 cadunt.
3289 687 3413 742 Dia-

1842 780 2002 835 bolus
2040 780 2185 836 enim
2214 780 2268 833 in
2306 780 2455 833 illam
2487 779 2761 833 insaniam
2797 779 2989 847 lapsus
3027 786 3134 843 est,
3175 787 3227 833 et
3263 780 3416 835 rabie

1844 872 2090 942 percitus
2118 870 2286 926 Deum
2328 886 2387 925 se
2415 870 2592 936 ipsum
2619 870 2937 939 appellavit,
2963 869 3414 941 hominibusque,

1846 971 1906 1017 ut
1932 962 2078 1016 hunc
2109 961 2213 1017 sibi
2261 961 2469 1015 cultum
2512 960 2861 1025 exhiberem,
2891 960 3188 1030 persuasit.
3219 960 3286 1014 Et
3323 963 3415 1031 qui

1847 1053 2176 1108 cernebatur
2199 1051 2488 1123 Tyriorum
2521 1051 2923 1120 princeps,hoc
2963 1049 3109 1106 fastu
3140 1052 3418 1119 laborans,

1847 1162 1974 1202 cum
2004 1146 2072 1200 ad
2114 1144 2341 1200 multam
2371 1143 2674 1213 respiceret
2712 1142 3054 1207 felicitatem,
3091 1145 3423 1214 opinabatur

1849 1252 1909 1293 se
1950 1251 2074 1291 esse
2121 1234 2311 1290 Deum.
2345 1234 2558 1288 Idcirco
2599 1234 2665 1287 ad
2699 1235 2879 1303 ipsum
2913 1232 3057 1290 Deus
3105 1236 3181 1291 ait
3218 1253 3231 1287 :
3279 1253 3297 1286 ι
3338 1233 3418 1290 Tu

1850 1338 2030 1383 autem
2076 1343 2137 1383 es
2188 1327 2354 1381 homo
2387 1333 2442 1382 et
2480 1341 2587 1380 non
2616 1324 2781 1381 Deus.
2830 1344 2849 1377 ι
2893 1325 2958 1379 Et
2998 1342 3097 1397 per
3135 1341 3422 1398 comparas

1856 1420 2062 1474 tionem
2104 1436 2117 1472 :

1922 1508 2088 1564 Vens.
2130 1508 2165 1564 5
2221 1508 2494 1578 Numquid
2524 1508 2813 1571 sapientior
2840 1525 2893 1562 es
2935 1517 2994 1562 tu
3026 1506 3294 1565 Daniele?
3327 1526 3421 1562 sae

1851 1602 2048 1671 pientes
2079 1617 2183 1655 non
2216 1600 2522 1653 erudierunt
2555 1601 2608 1653 in
2636 1609 2683 1654 te
2712 1600 2976 1667 sapientia
3020 1616 3140 1654 sua.
3184 1598 3423 1654 Tantum

1855 1693 2038 1756 abest,
2069 1692 2282 1761 inquit,
2315 1700 2374 1745 ut
2404 1706 2494 1745 res
2524 1698 2650 1746 tuas
2680 1706 2804 1744 cum
2838 1691 3021 1744 divina
3050 1701 3246 1744 natura
3272 1705 3423 1744 com-

1852 1797 2075 1851 parem,
2113 1790 2171 1834 ut
2215 1781 2378 1836 etiam
2431 1786 2484 1833 te
2532 1780 2901 1848 prudentibus
2926 1780 3243 1834 hominibus
3265 1779 3424 1848 longe

1852 1873 2172 1928 inferiorem
2211 1872 2522 1927 ostendam.
2565 1870 2758 1925 Daniel
2792 1872 2938 1925 enim
2962 1912 2976 1936 ,
3015 1878 3069 1926 et
3108 1871 3293 1926 divina
3333 1886 3425 1925 sa-

1853 1963 2056 2034 pientia
2105 1963 2370 2032 praditus
2424 1962 2565 2029 fuit,
2616 1970 2669 2017 et
2705 1962 3088 2018 Chaldazorum
3132 1962 3423 2018 scientiam

1853 2055 1956 2111 sibi
1996 2055 2213 2124 paravit
2243 2073 2257 2108 :
2294 2061 2351 2109 tu
2384 2069 2516 2108 vero
2549 2062 2603 2110 et
2634 2056 2820 2109 divina
2853 2057 3030 2124 gratia
3066 2056 3297 2110 orbatus
3330 2070 3424 2121 es,

1851 2156 1905 2201 et
1935 2146 2004 2200 ab
2031 2145 2347 2199 hominibus
2373 2146 2509 2215 ipsis
2534 2145 2876 2214 sapientibus
2908 2146 2923 2164 ‘
2956 2145 3101 2199 haud
3130 2144 3425 2216 percepisti

1853 2237 2140 2294 scientiam
2200 2234 2408 2289 Deinde
2437 2250 2468 2289 a
2503 2236 2666 2290 rebus
2702 2236 2981 2305 redarguit
3019 2250 3034 2287 :

1927 2326 2091 2382 Vsus.
2122 2327 2176 2389 4,
2205 2326 2257 2380 5.
2296 2324 2573 2395 Numquid
2602 2327 2657 2379 in
2689 2326 2913 2380 scientia
2948 2336 3061 2390 tua,
3094 2336 3186 2381 aut
3220 2328 3273 2381 in
3301 2343 3428 2397 pru-

1853 2417 2032 2473 dentia
2063 2426 2154 2473 tua
2186 2416 2359 2485 fecisti
2392 2415 2486 2469 tibi
2519 2417 2686 2483 vires,
2716 2426 2765 2471 et
2792 2418 3120 2485 comparasti
3150 2430 3425 2487 argentum

1854 2516 1903 2561 et
1941 2523 2134 2560 aurum
2171 2509 2225 2560 in
2267 2506 2528 2560 thesauris
2565 2506 2719 2561 tuis?
2759 2508 2864 2559 Aut
2902 2508 2958 2561 in
3000 2508 3169 2561 multa
3208 2510 3428 2564 scientia

1857 2609 1952 2653 tua
2023 2608 2073 2653 et
2150 2599 2506 2670 negotiatione
2561 2606 2653 2651 tua
2707 2599 3078 2667 multiplicasti
3138 2602 3426 2667 potentiam

1857 2701 2035 2755 tuam,
2091 2699 2142 2745 et
2197 2690 2495 2743 exaltatum
2549 2699 2627 2742 est
2699 2705 2790 2742 cor
2856 2699 3002 2742 tuum
3074 2691 3130 2743 in
3189 2693 3428 2758 potentia

1858 2784 1992 2837 tua?
2056 2782 2226 2851 Ipsis,
2276 2783 2486 2850 inquit,
2537 2781 2700 2834 rebus
2761 2779 2956 2843 disce,
3008 2795 3118 2834 non
3174 2791 3267 2835 tua
3330 2798 3425 2837 sa-

1856 2873 2097 2944 pientia,
2160 2871 2255 2927 sed
2332 2886 2417 2925 Inc
2499 2869 2993 2935 subministrante,
3074 2870 3244 2927 fuisse
3327 2868 3428 2927 tibi

1858 2966 2001 3019 hanc
2055 2952 2522 3033 negotiationem,
2575 2961 2959 3029 bonorumque
3007 2961 3424 3019 abundantiam.
3485 3018 3497 3027 ,

174 3051 459 3146 ἐμπορίαν
491 3073 558 3137 ⁷⁵,
586 3075 680 3127 καὶ
843 3071 1063 3141 ἀγαθῶν
1094 3072 1193 3142 τὴν
1230 3070 1507 3140 ἀφθονίαν.
1555 3070 1756 3141 Βουλή-

1863 3057 1993 3112 Nam
2036 3058 2081 3111 si
2123 3055 2350 3108 voluero
2401 3068 2539 3123 ego,
2599 3051 2787 3107 statim
2831 3061 2880 3106 te
2920 3051 3006 3105 his
3043 3053 3306 3108 omnibus
3338 3068 3428 3107 or-

1863 3149 1998 3171 ι.-ι.,.
2071 3146 2501 3171 -ᾏΛηξρΙ-Λανιηιιη
2535 3144 2632 3171 ιζῑιὲ
2663 3158 2847 3171 ...ιι-...ιη
2879 3142 3266 3171 Α-ηη..2,...οἶιι...
3294 3160 3403 3171 ...ιι-ι

174 3169 287 3229 θεὶς
331 3166 450 3236 γὰρ
500 3164 632 3233 ἐγὼ,
691 3162 1003 3233 παραυτίκα
1036 3181 1094 3216 σε
1127 3162 1330 3215 τούτων
1361 3162 1613 3215 ἁπάντων
1656 3178 1758 3229 γυ-

176 3257 408 3325 μνὼσω,
444 3255 541 3308 καὶ
585 3254 903 3308 διδάσκαλόν
954 3270 1036 3307 σοι
1082 3253 1191 3306 τῶν
1240 3254 1581 3325 πραγμάτων
1637 3255 1760 3307 ἐπι-

176 3352 366 3419 στήσω
386 3346 491 3417 τὴν
517 3349 730 3417 πεῖραν.
762 3348 825 3400 Εἰ
856 3347 961 3418 γὰρ
985 3349 1048 3399 ὲκ
1078 3347 1176 3417 τῆς
1211 3347 1312 3417 σῆς
1340 3346 1532 3415 σοφίας
1555 3346 1760 3418 ταύτην

173 3443 337 3512 ἔσχες
383 3438 490 3509 τὴν
524 3440 741 3508 κτῆσιν,
783 3443 850 3509 τῇ
909 3439 1046 3510 αὐτῇ
1091 3438 1252 3509 σοφίᾳ
1286 3439 1632 3509 χρησάμενος
1684 3440 1759 3510 μὴ

175 3532 513 3603 ἑγυμνώθης
537 3532 581 3563 ⁷³
610 3525 685 3586 ὧν
715 3532 928 3602 ἐκτήσω
953 3547 965 3561 ·
992 3530 1363 3601 γυμνούμενος
1384 3530 1463 3596 δὲ,
1497 3531 1591 3583 καὶ
1629 3529 1762 3601 ἕρη-

179 3641 281 3693 μος
305 3622 523 3675 τούτων
551 3620 807 3674 ἁπάντων
832 3618 1170 3687 γιγνόμενος,
1198 3618 1324 3680 τοὺς
1367 3618 1465 3687 μὲν
1500 3618 1762 3688 ἀνοήτους

177 3712 498 3784 ἀπόρριψον
524 3711 837 3780 λογισμοὺς,
883 3709 1040 3783 uati}
1081 3708 1249 3777 γνῶθι
1294 3709 1368 3772 ὼς
1400 3711 1511 3778 ἐγώ
1558 3728 1641 3763 σοι
1668 3710 1765 3764 καὶ

176 3802 397 3854 δέδωκα
430 3798 625 3862 ταῦτα,
657 3797 753 3851 καὶ
781 3798 941 3851 πάλιν
966 3797 1175 3850 ἔλαϐον.
1207 3798 1424 3869 Ἐπειδὴ
1449 3798 1559 3870 γὰρ
1587 3798 1764 3854 λαϐὼν

178 3893 281 3945 οὐκ
303 3891 484 3961 ἔγνως
514 3907 605 3960 με,
633 3889 849 3960 μαθήσῃ
876 3904 943 3958 με
973 3887 1298 3957 γυμνωθείς.

252 3983 392 4041 ς’·ι’.
428 3977 533 4028 Διὰ
560 3975 736 4027 τοῦτο
758 3975 800 4004 ⁷⁷
841 3972 980 4026 τάδε
1022 3973 1183 4042 λέγει
1220 3973 1457 4028 Ἀδωναϊ
1503 3977 1715 4043 Κύριος
1746 3994 1761 4010 ο

192 4065 450 4133 Ἐπειδὴ
505 4065 733 4129 ἔδωκας
783 4063 897 4131 τὴν
930 4062 1182 4130 καρδίαν
1228 4079 1344 4117 σου
1392 4065 1472 4131 ὡς
1516 4067 1766 4135 καρδίαν

183 4157 342 4211 Θεοῦ
372 4174 387 4188 ·
446 4154 593 4210 Ἀντί
642 4156 858 4208 τούτου
903 4153 1033 4207 ἰδοὺ
1070 4154 1267 4223 ἐπάγω
1312 4155 1411 4207 ἐπὶ
1465 4156 1539 4208 σὲ
1586 4158 1766 4213 ἁλλο-

180 4251 398 4318 τρίους
428 4248 678 4315 λοιμοὺς
715 4245 832 4299 ἀπὸ
869 4244 1077 4309 ἐθνῶν,
1104 4244 1202 4299 καί
1225 4245 1632 4301 ἐκκενώσουσι
1660 4249 1766 4314 τὰς

175 4340 493 4410 μαχαίρας
520 4334 719 4392 αὐτῶν
756 4335 850 4389 ἐπὶ
885 4335 978 4399 σὲ,
1014 4334 1113 4387 καὶ
1138 4334 1237 4387 ἐπὶ
1269 4334 1334 4387 τὸ
1379 4336 1607 4402 κάλλος
1657 4338 1768 4406 τῆς

1860 3149 2003 3206 babo
2025 3188 2040 3213 ,
2071 3146 2502 3217 magistramque
2535 3144 2635 3199 tibi
2663 3158 2848 3198 rerum
2877 3142 3266 3213 experientiam
3293 3160 3422 3216 prae.

1860 3238 2062 3293 liciam.
2101 3233 2159 3289 Si
2192 3235 2341 3289 enim
2374 3243 2467 3287 tua
2502 3233 2774 3303 sapientia
2806 3232 2971 3302 910
3012 3229 3171 3288 istam
3205 3248 3429 3303 posses-

1860 3329 2072 3384 sionem
2098 3325 2328 3394 adeptus
2356 3338 2527 3388 esses,
2548 3323 2736 3379 eadem
2762 3321 3036 3393 sapientia
3062 3337 3196 3378 usus
3217 3324 3285 3380 iis
3309 3341 3429 3395 quae

1863 3418 2154 3493 possedisti
2183 3416 2326 3471 haud
2359 3414 2565 3470 fuisses
2588 3414 2819 3470 orbatus
2844 3432 2858 3468 :
2892 3412 2987 3469 sed
3018 3413 3309 3484 spoliatus,
3339 3431 3429 3470 va-

1863 3523 2111 3579 cuusque
2149 3508 2218 3562 ab
2249 3508 2373 3563 istis
2408 3507 2670 3561 omnibus
2704 3505 2988 3571 redditus,
3028 3505 3253 3562 insanas
3292 3507 3427 3577 abji-

1865 3601 1974 3658 cito
2011 3600 2413 3671 cogitationes,
2450 3605 2505 3653 et
2566 3610 2843 3668 cognosce
2893 3611 2980 3651 me
3014 3611 3138 3652 esse
3176 3612 3299 3652 eum
3337 3597 3430 3667 qui

1865 3694 2109 3749 dederim
2142 3692 2290 3758 haec,
2326 3689 2532 3761 quique
2565 3689 2669 3745 ista
2704 3704 2900 3743 rursus
2933 3687 3256 3743 ademerim.
3292 3688 3432 3755 Quia

1865 3785 2010 3839 enim
2044 3800 2151 3838 non
2183 3782 2486 3852 cognovisti
2521 3797 2607 3836 me
2635 3795 2761 3835 cum
2792 3794 2857 3834 ea
2897 3781 3179 3849 acciperes
3203 3820 3219 3845 ,
3248 3780 3433 3836 disces

1866 3892 1953 3931 me
1973 3917 1988 3941 ,
2024 3876 2244 3945 quando
2275 3875 2410 3944 ipsis
2440 3872 2708 3943 spoliatus
2738 3870 2934 3926 fueris.

1939 3968 2103 4024 Vens.
2146 3967 2303 4020 6-H).
2348 3964 2630 4033 Propterea
2665 3962 2774 4017 haec
2813 3962 2940 4015 dicit
2991 3960 3202 4015 Adonai
3250 3960 3433 4016 Domi-

1868 4079 1966 4117 nus
2002 4078 2020 4115 :
2062 4059 2203 4126 Quia
2242 4056 2433 4110 dedisti
2468 4070 2560 4107 cor
2593 4062 2737 4106 tuum
2773 4054 2909 4106 sicut
2942 4068 3033 4105 cor
3064 4051 3192 4115 Dei,
3222 4062 3438 4120 propter

1868 4155 1964 4208 hoc
1985 4194 2000 4218 ,
2031 4168 2146 4207 ecce
2169 4166 2260 4220 ego
2289 4146 2495 4201 adduco
2523 4161 2682 4214 super
2712 4154 2757 4198 te
2786 4146 2991 4198 alienas
3020 4144 3347 4212 pestilentias
3373 4146 3437 4197 de

1869 4243 2108 4317 gentibus
2127 4255 2145 4292 :
2168 4236 2516 4309 eraginabunt
2536 4234 2744 4305 gladios
2769 4251 2892 4288 suos
2917 4249 3072 4300 super
3102 4241 3178 4297 te,
3204 4242 3253 4285 et
3284 4249 3433 4299 super

1868 4330 2314 4404 pulchritudinem
2349 4328 2584 4381 scientia:
2618 4334 2722 4379 tua:
2745 4367 2760 4391 ,
2801 4333 2849 4377 et
2882 4333 3112 4376 sternent
3141 4322 3437 4391 pulchritu-

180 4427 538 4495 ἐπιστήμης
574 4442 711 4485 σου,
751 4424 847 4478 καί
892 4423 1232 4492 στρώσουσι
1275 4422 1341 4475 τὸ
1377 4423 1596 4490 κάλλος
1647 4443 1756 4480 σου

1871 4426 2046 4478 dinem
2082 4432 2228 4474 tuam
2263 4420 2315 4472 in
2348 4416 2713 4486 perditionem.
2755 4412 2821 4467 Et
2855 4413 3109 4466 deducent
3141 4420 3215 4476 te,
3246 4422 3294 4465 et
3325 4429 3437 4466 mo-

181 4522 275 4586 είς
313 4515 639 4573 ἀπώλειαν.
694 4515 801 4569 Καὶ
849 4514 1316 4568 καταϐιϐάσουσί
1349 4528 1443 4579 σε,
1475 4514 1572 4567 καὶ
1619 4517 1768 4571 ἀπο-

185 4610 352 4678 θανῇ
400 4608 635 4675 θανάτῳ
676 4606 1047 4677 τραυματιῶν
1068 4607 1138 4659 ἐν
1171 4605 1384 4673 καρδίᾳ
1427 4605 1765 4674 θαλάσσης.

184 4702 292 4769 Μὴ
327 4701 524 4766 λέγων
553 4697 735 4764 ἐρεῖς·
769 4699 912 4761 Θεός
941 4697 1056 4763 ειμι
1082 4694 1149 4757 ⁷⁸,
1181 4694 1434 4747 ἐνώπιον
1472 4692 1593 4747 τῶν
1613 4695 1771 4749 ἀναι-

178 4792 471 4859 ρούντων
508 4804 623 4851 σε;
652 4786 734 4841 Σὺ
782 4786 849 4839 δὲ
889 4782 945 4839 εἷ
988 4786 1317 4851 ἄνθρωπος,
1342 4785 1439 4837 καί
1484 4786 1556 4838 οὐ
1607 4786 1770 4852 Θεὸς,

185 4882 263 4935 ἐν
282 4879 337 4912 τ’
365 4879 516 4948 χειρί
548 4876 666 4930 τῶν
682 4877 727 4909 ⁸⁰
742 4877 1189 4944 τιτρωσκόντων
1215 4889 1306 4927 σε.
1325 4875 1611 4941 Θανάτοις
1635 4876 1771 4930 ἀπε·

180 4969 500 5039 ριτμήτων
525 4964 799 5034 ἀποθανῇ
826 4967 897 5020 ἐν
929 4963 1101 5034 χερσὶ
1139 4963 1258 5017 τῶν
1291 4965 1646 5033 ἀλλοτρίων,
1682 4965 1772 5018 ὅτι

188 5059 319 5129 ἐγὼ
376 5056 691 5123 λελάληκα
715 5096 730 5119 ,
770 5054 931 5123 λέγει
995 5053 1244 5107 Ἀδωναϊ
1293 5054 1525 5120 Κύριος.
1586 5054 1770 5117 Ὅταν,

190 5149 361 5221 φησὶ,
418 5148 518 5218 τῆς
567 5145 849 5215 βασιλικῆς
898 5160 958 5196 σε
1009 5140 1368 5212 γυμνώσωσιν
1425 5143 1672 5207 ἐξουσίας
1724 5146 1772 5196 οἱ

191 5237 491 5311 παρ’ἐμοῦ
540 5236 683 5292 κατὰ
723 5235 817 5289 σοῦ
862 5233 1203 5306 πεμπόμενοι
1224 5232 1528 5302 ᾶδσμενεῖς,
1557 5234 1651 5286 καὶ
1686 5233 1774 5287 διὰ

1868 4518 2023 4573 rieris
2058 4522 2224 4567 morte
2257 4510 2651 4564 vulneratorum
2682 4507 2734 4558 in
2772 4504 2927 4558 corde
2961 4506 3148 4557 maris.
3184 4501 3328 4555 Num
3363 4505 3440 4557 lo-

1866 4623 2026 4678 quens
2059 4604 2239 4655 dices:
2272 4600 2411 4653 Deus
2441 4615 2560 4651 sum
2585 4637 2599 4661 ,
2633 4613 2813 4650 coram
2846 4594 3285 4662 interﬁcientibus
3343 4605 3391 4647 te
3417 4596 3442 4648 ?

1874 4698 1951 4752 Tu
1981 4704 2154 4749 autem
2182 4710 2235 4746 es
2265 4693 2418 4745 homo
2447 4701 2497 4744 et
2534 4705 2635 4741 non
2673 4688 2810 4740 Deus
2831 4730 2846 4753 ,
2874 4688 2926 4740 in
2956 4702 3118 4739 manu
3157 4686 3438 4740 vulneran-

1877 4790 2005 4841 tium
2036 4795 2104 4839 te.
2135 4780 2397 4835 Mortibus
2429 4778 2919 4832 incircumcisorum
2947 4775 3189 4829 morieris
3218 4790 3310 4844 per
3333 4791 3442 4828 ma-

1876 4894 2000 4932 num
2034 4874 2357 4937 alienorum,
2388 4871 2511 4941 quia
2536 4886 2629 4939 ego
2661 4869 2866 4921 locutus
2897 4883 3043 4933 sum,
3073 4867 3201 4919 dicit
3232 4866 3444 4921 Adonai

1878 4970 2152 5023 Dominus.
2197 4964 2429 5030 Quando
2463 4970 2550 5028 te,
2588 4961 2798 5028 inquit,
2833 4960 2982 5030 regia
3021 4966 3290 5029 potestate
3328 4964 3442 5029 pri-

1874 5059 2078 5113 vabunt
2110 5057 2143 5108 ii
2173 5095 2188 5120 ,
2221 5069 2362 5124 quos
2395 5060 2586 5105 contra
2614 5058 2666 5104 te
2695 5051 2881 5104 hostes
2908 5049 3141 5114 misero,
3173 5058 3334 5119 teque
3364 5051 3445 5104 in-

1876 5148 2188 5209 telﬁcient,
2241 5160 2371 5199 num
2433 5142 2671 5196 fremens
2720 5149 2775 5194 et
2826 5139 3142 5209 arrogantia
3199 5141 3445 5194 insolens

1876 5251 2072 5290 rursus
2103 5233 2271 5288 Deum
2304 5241 2358 5287 te
2400 5232 2577 5300 ipsum
2609 5228 2922 5284 nominabis
2946 5266 2961 5293 ,
3007 5229 3168 5297 quasi
3210 5243 3306 5283 eos
3348 5227 3443 5282 Dei

1479 5341 1712 5397 VARle
1749 5343 2154 5400 LECTIONES.

272 5467 322 5503 ⁸⁷
354 5463 536 5533 καὶτῇ
561 5458 848 5533 δυσσ.Δ
884 5456 1008 5533 Des.
1040 5454 1095 5533 in
1126 5454 1188 5509 B.
1257 5454 1301 5487 ⁸⁸
1331 5453 1740 5533 Βάνηγόρευσε,
1776 5523 1790 5533 _
1823 5455 1870 5485 "
1910 5471 2114 5533 σοφ.τ-
2145 5451 2454 5533 αὐτίιίίρὶι-ις.
2480 5467 2554 5533 ap
2586 5449 2861 5533 occultth
2882 5447 3188 5533 Aquidq'uam
3224 5462 3330 5501 non
3363 5454 3446 5533 est

203 5518 595 5590 absconditum
634 5529 768 5584 tibi?
802 5529 845 5581 Α
873 5527 1025 5597 ponit
1060 5525 1094 5593 ή
1130 5535 1256 5597 ante
1284 5525 1455 5597 σοφοί.

190 5676 261 5728 in
286 5676 343 5729 Β.
364 5665 377 5676 ’
407 5665 486 5705 ἠ’
509 5673 648 5739 είμι.
666 5737 685 5739 Α
707 5666 749 5719 Α
775 5667 899 5739 add.
933 5665 1064 5739 syri):

199 5746 469 5814 ἀποθάνῃ.
537 5733 583 5773 ⁸⁵
619 5737 747 5793 τῶν.
783 5735 905 5794 Des.
945 5738 998 5788 in
1033 5733 1092 5790 Β.

1554 5524 1600 5554 ’¹⁰
1641 5526 1728 5593 τῇ.
1762 5523 1804 5576 Δ
1841 5540 2028 5593 praem.
2053 5527 2128 5578 ὲν.

201 5609 299 5658 καὶ
322 5603 610 5676 ἀργύριον.
703 5598 750 5676 ’.³
777 5593 889 5676 uati:
921 5599 1046 5676 Des.
1069 5597 1123 5648 in
1246 5666 1258 5676 _
1290 5597 1337 5628 "
1366 5593 1407 5645 B
1428 5593 1725 5676 εὐπορίαν..
1771 5594 1816 5625 ⁷⁵

2243 5525 2285 5555 ⁷²
2323 5522 2364 5575 Β
2395 5521 2696 5574 Χαλδαίων.
2795 5520 2839 5550 7'
2869 5519 2913 5568 Α
2945 5516 3204 5587 ἐποίησας
3226 5516 3445 5587 χρυ-σίον

1904 5594 2212 5665 γυμνωθῇς.
2290 5594 2336 5665 τέ
2366 5592 2478 5646 καί.
2520 5591 2641 5646 Des.
2674 5592 2729 5665 in
2762 5589 2820 5665 BA.
2906 5587 2953 5665 '"
2977 5583 3277 5665 Διὸι’τοῦτοζ
3311 5583 3441 5665 ,Ποδτ

1159 5666 1204 5696 ⁷³
1243 5666 1299 5718 ἐν
1324 5693 1391 5702 -
1419 5653 1580 5717 ἀποθξ
1634 5662 1677 5716 Α
1708 5665 1764 5716 ὲν
1802 5653 1993 5733 πλήθεὶ
2038 5653 2518 5735 τροίυ-ματιζόντων
2547 5679 2605 5714 σε
2635 5676 2647 5690 ·
2702 5661 2760 5712 ἐν
2790 5655 3037 5715 θανάτοις
3059 5653 3442 5723 ἀπεριτμήτων
