3840 6202
490 306 618 372 1091
1473 294 1959 359 THEODORETI
1991 293 2328 356 EPISCOPI
2358 290 2721 355 CYRENSIS
3555 302 3660 369 1093

488 422 858 493 appellatione
891 414 1401 489 perterrefaciens?
1432 412 1639 469 Verum
1676 414 1784 469 hoc
1817 413 1935 469 ﬁeri
1971 429 2052 468 ne-

2169 412 2381 483 σφαγῆς
2421 428 2480 463 σε
2528 405 2941 479 παραπέμψωσι
2974 404 3053 475 τῷ
3083 403 3311 477 θανάτῳ,
3351 408 3418 479 μὴ
3461 411 3660 484 βρενθυά.

488 516 646 585 quit:
684 529 863 569 rerum
905 511 1050 565 enim
1099 508 1461 564 commulatio
1515 507 1795 577 superbia:
1843 522 2058 578 quoque

2168 520 2328 573 μενος
2374 501 2470 555 καὶ
2501 498 2959 568 ἀλαζονευόμενος
3001 496 3162 551 πάλιν
3187 497 3313 552 Θεὸν
3341 505 3537 560 σεαυτὸν
3573 510 3662 563 ὀνο.

487 605 846 660 mulationem
884 601 1102 665 aﬂeret,
1140 600 1468 670 discesqne,
1507 599 1784 654 hominem
1820 614 1944 654 esse
1977 606 2058 663 te,

2168 591 2383 661 μάσεις,
2415 590 2603 659 ῶσπερ
2643 588 2841 652 αὐτοὺς
2869 586 3232 658 δεδιττόμενος
3283 592 3344 660 τῇ
3389 591 3497 665 θείᾳ
3530 586 3664 669 προσ.

491 713 597 749 nun
633 695 819 757 Deum,
847 706 970 746 cum
1001 692 1328 745 vulneratus
1351 732 1364 754 ,
1398 698 1451 746 et
1481 705 1689 756 caesus,
1714 706 1869 759 aeque
1903 698 2058 759 atque

2164 682 2364 752 ηγορίᾳ
2395 697 2409 746 ;
2467 680 2629 733 Ἀλλά
2653 677 2811 732 τοῦτο
2837 679 2936 750 οὐχ
2967 673 3079 732 οἷον
3115 676 3354 748 γίνεσθει
3375 696 3387 710 .
3411 683 3442 753 ἡ
3469 686 3562 756 γὰρ
3582 690 3665 745 τῶν

489 782 861 839 ineircnmcisi
921 782 1022 836 tibi
1086 780 1680 850 subjecti,occideris.
1736 778 1925 833 Valida
1981 790 2058 834 est

2168 774 2510 843 πραγμάτων
2536 770 2810 841 μεταὸολὴ
2840 771 2935 823 καὶ
2958 767 3054 823 τοῦ
3082 771 3412 840 φρονήματος
3433 775 3666 843 ἐργάσεται

486 874 630 929 enim
655 913 669 936 ,
703 880 758 926 et
785 873 873 926 cui
906 873 1087 927 resisti
1120 880 1395 941 nequeat,
1424 887 1544 926 mea
1576 872 1849 928 sententia
1874 888 1888 937 ;
1917 869 2058 939 quod

2163 862 2263 933 τὴν
2297 862 2619 933 μεταϐολὴν,
2651 861 2747 915 καὶ
2780 859 3001 933 μαθήσῃ
3031 861 3112 914 ὅτι
3140 862 3410 933 ἄνθρωπος
3437 861 3481 918 ei
3520 871 3597 923 καὶ
3620 874 3664 926 οὐ

484 963 854 1036 signiﬁcavit,
888 963 1048 1033 911
1083 962 1274 1018 dicens
1301 980 1314 1016 :
1341 982 1359 1014 ι
1398 961 1534 1029 Quia
1552 977 1651 1032 ego
1679 961 1896 1015 locutus
1917 975 2058 1023 sum,

2165 951 2319 1015 Θεὸς,
2346 952 2800 1024 τιτρωσκόμενος,
2837 951 2931 1004 καὶ
2977 948 3382 1022 ἀναιρούμενος,
3406 957 3488 1008 καὶ
3529 975 3665 1030 παρα.

484 1056 616 1108 dicit
637 1053 844 1107 Adonai
869 1054 1154 1107 Dominus.
1180 1071 1198 1104 ι
1220 1054 1347 1106 Haec
1379 1053 1544 1105 etiam
1581 1051 1832 1121 improbo
1861 1050 2064 1104 daemo-

483 1144 576 1207 ni,
610 1142 703 1212 qui
751 1141 1162 1212 improbitatem
1218 1141 1272 1195 in
1319 1142 1567 1211 principe
1610 1141 1937 1211 Tyriorum,
1971 1140 2064 1209 qui

482 1233 836 1295 cernebatur,
875 1240 1137 1301 operatus
1178 1232 1391 1296 fuerat,
1424 1233 1787 1286 Conveniunt.
1851 1230 2064 1284 Idcirco

484 1326 552 1379 ab
582 1324 776 1378 alienis
808 1340 1024 1393 quoque
1054 1324 1189 1392 ipsi‘
1224 1324 1469 1376 minatur
1498 1323 1751 1387 exitium,
1809 1332 1865 1376 et
1894 1322 2065 1391 pesti-

485 1415 705 1479 lenliis,
739 1422 792 1468 et
837 1413 1115 1482 gentibus.
1154 1412 1315 1467 Tales
1355 1422 1536 1466 autem
1577 1412 1707 1464 olim
1748 1410 1927 1476 fuere,
1971 1412 2063 1480 qui

484 1522 584 1574 per
613 1505 993 1576 evangelicum
1037 1504 1373 1574 przeconium
1425 1505 1491 1557 ad
1537 1503 1918 1572 pmoitentiam
1965 1504 2064 1557 ad-

486 1598 630 1651 ducti
666 1596 833 1652 Deum
871 1611 1158 1663 agnovere.
1196 1595 1379 1662 Quare
1412 1595 1636 1649 divinus
1668 1610 1889 1665 quoque
1920 1594 2058 1664 Apo-

2168 1592 2274 1645 ἀπὸ
2310 1591 2625 1663 ἀλλοτρίων,
2660 1592 2755 1647 καὶ
2789 1593 3016 1663 λοιμῶν,
3051 1595 3149 1648 καὶ
3194 1592 3379 1650 ἐθνῶν.
3414 1597 3669 1655 Τοιοῦτοιδὲ

486 1690 669 1744 stoius
705 1690 781 1741 ait
806 1705 819 1741 :
849 1705 867 1736 ι
903 1686 1134 1740 Eramus
1165 1688 1310 1741 enim
1354 1685 1652 1756 aliquando
1690 1692 1744 1739 et
1783 1700 1884 1740 nos
1925 1686 2058 1739 insi-

2166 1682 2334 1736 πάλαι
2364 1679 2502 1754 ἦσαν
2530 1685 2580 1738 οἱ
2609 1683 2699 1737 διὰ
2740 1683 2838 1737 τοῦ
2865 1684 3221 1753 εὐαγγελικοῢ
3262 1688 3579 1759 κηρύγματος
3597 1692 3669 1764 τὴν

484 1782 701 1851 pientes
724 1821 737 1844 ,
770 1778 1041 1834 increduli
1066 1819 1079 1838 .
1107 1785 1366 1834 errantes
1387 1818 1400 1839 ,
1431 1778 1738 1832 servientes
1769 1776 2058 1833 desideriis

2162 1776 2242 1837 είς
2265 1773 2595 1842 θεογνωσέαν
2634 1773 2935 1844 μεταΰολὴν
2965 1774 3271 1845 δεξάμενοι.
3303 1776 3389 1831 Διὸ
3407 1779 3490 1831 καὶ
3516 1783 3543 1834 ὁ
3564 1781 3669 1847 θεῖος

483 1881 537 1925 et
571 1871 946 1941 voluptatibus
980 1870 1185 1936 variis,
1224 1869 1278 1923 in
1315 1868 1528 1923 malitia
1563 1876 1619 1922 et
1651 1867 1859 1923 invidia
1893 1883 2058 1939 agen-

2173 1864 2496 1928 Ἀπόστολος
2544 1865 2692 1934 λέγει
2788 1882 2807 1917 ι
2844 1861 3027 1935 Ἶῐμεν
3080 1867 3192 1938 γάρ
3246 1884 3373 1921 ποτε
3417 1871 3500 1923 καὶ
3548 1874 3669 1943 ἡμεῖς

483 1972 597 2023 tes.
630 1962 756 2016 odio
791 1960 974 2031 digni,
1009 1960 1257 2015 odientes
1292 1975 1394 2015 nos
1430 1959 1665 2013 invicem
1702 1957 1754 2012 d.
1788 1978 1807 2010 ι
1839 1956 1902 2012 Et
1944 1960 2058 2028 ipse

2161 1956 2394 2026 ἀνόητοι,
2446 1957 2714 2021 ἀπειθεῖς,
2754 1957 3119 2028 πλανώμενοι,
3168 1958 3491 2024 δουλεύοντες
3527 1965 3670 2018 ἐπιθυ-

484 2054 628 2107 Deus
661 2068 759 2123 per
791 2068 1050 2122 magnum
1085 2051 1273 2105 Mosen
1300 2068 1313 2104 :
1344 2068 1362 2101 ι
1395 2049 1526 2116 isti,
1557 2048 1771 2121 inquit,
1807 2063 2058 2119 provoca-

2164 2048 2318 2119 μίαις
2352 2050 2447 2103 καὶ
2491 2049 2706 2120 ἡδοναῖς
2758 2050 3055 2117 ποικίλαις,
3110 2053 3173 2105 ὲν
3231 2057 3394 2125 κακίᾳ
3420 2054 3502 2108 καὶ
3535 2056 3670 2128 φθόνῳ

482 2154 679 2198 verunt
714 2159 799 2197 me
832 2159 896 2197 eo
922 2141 1068 2213 quod
1105 2156 1213 2195 non
1250 2150 1336 2196 est
1370 2140 1514 2195 Deus
1536 2182 1550 2206 ,
1587 2140 1942 2196 irritaverunt
1976 2154 2058 2195 me

2162 2139 2460 2208 διάγοντες,
2495 2140 2773 2211 στυγητοὶ,
2812 2141 3098 2212 μισοῦντες
3130 2143 3408 2215 ἀλλήλους.
3439 2165 3457 2198 ι
3490 2147 3579 2200 Kal
3600 2148 3669 2201 αύ-

484 2235 651 2289 idolis
684 2234 832 2298 suis,
862 2245 914 2287 et
945 2248 1045 2302 ego
1076 2232 1388 2303 provocabo
1415 2245 1511 2286 eos
1542 2247 1639 2302 per
1670 2246 1778 2286 non
1807 2238 2023 2301 gentem
2043 2272 2058 2298 ,

2159 2232 2250 2295 τὸς
2275 2231 2333 2285 δὲ
2366 2233 2395 2285 ὁ
2421 2231 2554 2295 Θεὸς
2585 2231 2674 2285 διὰ
2696 2231 2790 2286 τοῦ
2839 2233 3076 2303 μεγάλου
3109 2235 3348 2301 Μωσέως
3368 2237 3410 2270 ⁸¹
3440 2254 3455 2270 ’
3487 2257 3505 2291 ι
3529 2240 3668 2302 Δύτοῖ,

483 2342 579 2396 per
608 2332 820 2396 gentem
857 2327 1081 2380 stultam
1111 2324 1338 2379 irritabo
1381 2326 1505 2380 illos
1552 2336 1595 2382 θ.
1631 2343 1649 2377 ι
1681 2324 1787 2380 Per
1821 2326 1922 2380 hos
1956 2326 2058 2397 igi-

2161 2322 2318 2391 φησὶ,
2361 2321 2759 2392 παρεζήλωσάν
2798 2340 2869 2393 με
2905 2325 3073 2379 ὲπόὐ
3102 2325 3247 2397 Θεῷ,
3283 2329 3599 2400 παρώργισάν
3621 2343 3669 2402 με

491 2416 865 2484 tur,qniolim
893 2416 1045 2471 fuere
1072 2415 1400 2486 insipientes
1421 2424 1475 2471 et
1523 2416 1718 2484 stulti,
1771 2424 2062 2472 errantes-

483 2523 589 2576 que
645 2519 699 2562 et
751 2508 911 2584 odio_
943 2506 1137 2578 digni,
1198 2519 1252 2562 et
1314 2508 1677 2577 pestilentes,
1741 2516 1798 2564 et
1858 2509 2058 2574 alieni,

474 2607 536 2652 et
606 2598 877 2668 gentiles,
958 2598 1238 2653 diabolum
1333 2597 1734 2654 destruendum
1824 2598 2061 2669 prophe-

472 2688 587 2742 tica
659 2689 995 2759 przenuntiat
1059 2689 1260 2744 oratio.
1321 2688 1388 2742 Et
1442 2690 1690 2744 invenire
1741 2689 1901 2755 licet,
1952 2689 2061 2757 piis

481 2796 703 2851 quoque
726 2823 740 2844 ,
776 2782 868 2852 qui
903 2782 1189 2836 credidere
1214 2822 1229 2847 ,
1264 2780 1563 2834 alienorum
1597 2795 1798 2835 nomen
1831 2780 2060 2851 imposi-

468 2878 613 2924 ‘tum.
644 2890 662 2923 ι
692 2869 803 2926 Vos
847 2872 993 2926 enim
1019 2912 1033 2937 ,
1092 2871 1298 2940 inquit,
1331 2871 1425 2939 qui
1470 2870 1598 2925 olim
1652 2870 1815 2940 longe
1858 2869 2058 2924 remoti

396 2992 401 2997 -
472 2965 649 3019 "eratis
672 3005 685 3027 ,
717 2962 845 3018 facti
876 2964 1009 3019 estis
1036 2961 1299 3033 proper.»
1327 2962 1438 3018 Hos
1465 2962 1765 3035 aitggladiis
1792 2963 1911 3018 suis
1937 2962 2057 3017 dia-

468 3055 586 3110 boli
624 3055 875 3113 scientiae
917 3050 1387 3125 pulchritudinem
1422 3053 1703 3111 deletur-os
1726 3094 1741 3119 ,
1775 3064 1831 3110 et
1865 3056 1932 3110 ad
1964 3056 2059 3110 ni-

484 3146 657 3201 hilum
721 3144 1049 3208 redaeturos
1093 3161 1107 3199 :
1165 3144 1271 3199 hcc
1319 3156 1433 3209 cst,
1490 3152 1616 3198 luas
1650 3145 1936 3201 nsachinas
1970 3146 2066 3201 de-

478 3244 724 3301 struent,
775 3244 829 3292 et
877 3236 1113 3291 insidias
1134 3274 1148 3299 ,
1175 3251 1311 3306 quas
1344 3244 1534 3289 contra
1560 3235 1811 3291 homines
1834 3237 2058 3295 molitus

480 3328 680 3390 fueris,
710 3336 1084 3396 compescent,
1105 3342 1333 3398 quaeque
1369 3328 1438 3382 ab
1458 3327 1593 3397 ipsis
1616 3328 1718 3383 tibi
1737 3337 2056 3384 constructa

478 3412 688 3468 fuerint
721 3414 979 3473 delubra.
1019 3429 1048 3468 ιι
1084 3413 1457 3472 fundamentis
1488 3424 1770 3482 evertent,
1807 3427 1861 3473 et
1887 3418 2053 3473 veluti

475 3504 639 3557 morti
668 3503 888 3557 tradent
909 3514 963 3558 te
989 3503 1284 3569 oblivioni,
1321 3510 1547 3574 accepta
1577 3512 1854 3574 potestate
1882 3524 1900 3556 ι
1935 3505 2047 3559 cal-

473 3595 636 3647 candi
671 3609 833 3663 super
865 3601 1149 3664 serpentes
1180 3602 1233 3649 et
1264 3595 1588 3664 scorpiones
1610 3636 1624 3661 ,
1652 3604 1707 3650 et
1736 3610 1903 3665 super
1929 3610 2046 3650 om-

476 3702 599 3740 nem
632 3695 779 3739 tuam
817 3684 1081 3741 virtutem
1118 3688 1164 3740 ε.
1197 3706 1216 3739 ι
1244 3686 1423 3755 Atque
1459 3686 1597 3756 ipsis
1629 3688 1796 3744 rebus
1828 3687 2044 3753 disces,

475 3776 757 3831 incassum
788 3784 840 3831 te
876 3776 1193 3832 hominibus
1226 3778 1570 3847 persuasisse
1609 3778 1771 3848 912
1826 3786 1880 3834 te
1927 3793 2048 3835 esse

2156 3775 2410 3841 λαϐόντες
2440 3772 2687 3843 ἐξουσίαν
2722 3797 2743 3831 ι
2777 3784 2969 3836 πατεῖν
3002 3785 3190 3840 ἐπάνω
3232 3787 3406 3853 ὄφεων
3435 3789 3519 3842 καὶ
3543 3804 3664 3858 mp-

476 3864 669 3919 Deum.
704 3866 767 3918 Et
799 3866 912 3920 haec
950 3867 1178 3936 patieris
1199 3906 1215 3931 ,
1244 3867 1378 3936 quia
1410 3867 1862 3924 incircumcisam
1896 3885 2049 3925 men-

2156 3868 2421 3931 πίων,καὶ
2451 3870 2543 3922 ἐπὶ
2574 3872 2750 3926 πᾶσάν
2780 3889 2873 3926 σου
2895 3873 3124 3945 δύναμιν
3152 3877 3221 3933 ⁸³.
3265 3896 3284 3929 ι
3316 3880 3420 3933 Καὶ
3444 3881 3505 3933 δι’
3528 3879 3663 3933 αὐτῶν

475 3962 584 4009 tem
616 3954 891 4022 habuisti,
922 3972 1257 4027 gravemque
1290 3965 1399 4013 tuae
1433 3960 1767 4031 arrogantia:
1794 3960 2048 4017 morbum

2158 3960 2378 4033 μαθήσῃ
2414 3961 2521 4014 τῶν
2565 3964 2927 4035 πραγμάτων,
2947 3967 3021 4032 ώς
3046 3970 3229 4041 μάτην
3259 3973 3530 4036 ἀνέπεισας
3572 3974 3663 4034 τοὺς

476 4063 821 4119 nequaquam
860 4051 1291 4108 circumcidisti.

2160 4053 2503 4124 ἀνθρώπους,
2550 4056 2632 4110 ὅτι
2681 4057 2812 4122 Θεὸς
2844 4055 2911 4114 εἴ.
2965 4056 3151 4116 Ταῦτα
3185 4065 3244 4118 δὲ
3299 4066 3473 4139 πείσῃ,
3519 4066 3661 4135 ἐπειδὴ

474 4139 844 4211 ἀπερίτμητον
882 4141 1038 4211 ἔσχες
1067 4142 1124 4195 τὸ
1148 4142 1425 4215 φρόνημα,
1482 4144 1577 4198 καὶ
1636 4144 1698 4198 τὸ
1730 4145 1968 4217 χαλεπὸν
2018 4147 2122 4217 τῆς
2153 4144 2472 4211 ἀλαζονείας
2502 4164 2595 4201 σου
2628 4148 2702 4220 μὴ
2732 4150 2779 4183 ⁸⁸
2807 4152 3129 4229 περιέτεμες
3151 4156 3345 4222 πάθος.

547 4234 714 4288 Vens.
735 4237 754 4287 -i
772 4234 920 4290 i-l5.
946 4234 1010 4289 Et
1029 4235 1228 4305 factum
1255 4246 1333 4292 est
1372 4237 1583 4293 verbum
1612 4239 1824 4294 Domini
1845 4239 1914 4294 ad
1937 4256 2038 4304 me,

2216 4246 2396 4309 ια’-ιγ’.
2422 4239 2537 4293 Kal
2564 4241 2803 4312 ἐγένετο
2842 4247 3025 4314 λόγος
3068 4246 3295 4319 Κυρίου
3325 4251 3466 4320 πρὸς
3482 4250 3564 4322 μὲ,
3584 4250 3659 4305 λέ-

474 4322 689 4379 dicens:
730 4324 839 4380 Fili
867 4328 1118 4392 hominis,
1145 4327 1363 4383 institue
1398 4331 1828 4386 lairzentationem
1885 4349 2041 4402 super

2156 4347 2266 4400 raw
2289 4347 2304 4362 ·
2343 4330 2440 4384 Υἱέ
2470 4331 2807 4400 ἀνθρώπου,
2838 4335 3000 4391 ,λάϐε
3047 4338 3275 4408 θρῆνον
3321 4342 3417 4396 ἐπί
3463 4344 3555 4396 τὸν
3585 4340 3660 4410 6p-

470 4419 752 4486 principcm
788 4418 935 4489 Tyri.
975 4417 1040 4472 Et
1070 4419 1157 4473 dic
1184 4421 1233 4475 ei
1261 4438 1280 4476 :
1311 4421 1441 4479 Ha'c
1467 4422 1596 4476 dicit
1622 4424 1830 4478 Adonai
1865 4423 2044 4478 Denti-

2156 4440 2332 4491 κοντα
2360 4423 2566 4491 Τύρου.
2601 4425 2709 4478 Kal
2759 4426 2889 4480 εἰπὲ
2913 4424 3072 4495 αὑτῷ
3102 4448 3115 4464 ·
3162 4433 3314 4488 Τάδε
3345 4434 3495 4505 λέγει
3524 4434 3657 4489 Ἀδω-

474 4525 573 4562 nus
600 4524 617 4562 :
643 4508 724 4563 Tu
752 4526 805 4564 es
831 4511 1164 4579 signaculum
1199 4512 1566 4568 similitudinis
1586 4556 1600 4579 ,
1623 4515 1807 4583 plenus
1833 4518 2043 4586 sapien-

2156 4480 2250 4567 tZai'
2272 4480 2487 4582 Κύριος
2505 4530 2518 4543 ⁸
2548 4513 2632 4568 Σὺ
2660 4511 2719 4569 εἷ
2732 4517 2781 4549 ⁸⁵
2808 4480 3278 4594 ἀποσφράγισμα
3299 4480 3596 4596 ὁμοιώσεώς
3610 4524 3656 4587 ⁸⁸.

466 4600 561 4651 tia:
583 4637 597 4659 ,
623 4609 671 4652 et
702 4617 896 4653 corona
928 4601 1360 4669 pulchritudinis.
1392 4601 1458 4656 Et
1489 4604 1543 4657 in
1570 4603 1770 4658 deliciis
1802 4604 2043 4674 paradisi

2156 4604 2382 4674 πλήρης
2411 4606 2657 4674 σοφίας,
2698 4608 2798 4661 καὶ
2828 4610 3132 4680 στέφανος
3179 4617 3445 4684 κάλλους
3482 4619 3539 4674 ⁸’.
3572 4615 3654 4667 Καὶ

472 4686 569 4743 Dei
606 4690 790 4756 fuisti,
829 4707 1031 4745 omnem
1073 4691 1303 4760 lapidem
1350 4693 1640 4762 pretiosum
1689 4692 1902 4748 indutus
1944 4709 2035 4759 es,

2156 4695 2212 4748 ir
2228 4694 2301 4765 τῇ
2334 4696 2528 4765 τρυφῇ
2558 4698 2665 4752 τοῦ
2690 4701 3059 4769 παραδείσου
3087 4707 3193 4761 τοῦ
3223 4709 3371 4763 Θεοῦ
3397 4706 3654 4779 ἐγενήθης“

471 4779 741 4846 sardium,
782 4789 831 4833 et
863 4782 1129 4847 topazium
1154 4822 1170 4847 ,
1209 4791 1259 4834 et
1292 4782 1674 4852 smaragdum,
1724 4790 1773 4835 et
1812 4781 2034 4852 hyacin-

2156 4783 2341 4840 rrdrta
2383 4787 2560 4857 λίθον
2604 4789 2802 4858 τίμιον
2845 4791 2891 4824 ⁸⁸
2923 4793 3255 4858 ἑνδέδεσαι,
3301 4797 3549 4867 σάρδιον,
3583 4794 3654 4848 καί

472 4868 613 4922 thum
632 4914 644 4929 .
673 4881 721 4924 et
756 4870 1158 4939 carbunculum,
1202 4881 1252 4926 et
1283 4872 1594 4942 sapphirum
1616 4913 1630 4936 ,
1662 4881 1717 4926 et
1730 4873 1998 4944 jaspidem
2018 4915 2033 4941 ,

2156 4874 2439 4944 τοπάζῗονν
2486 4879 2586 4933 καὶ
2622 4881 2992 4952 σμάραὶτπν,
3024 4885 3121 4941 καί
3172 4888 3458 4944 ὑάκινθον
3479 4889 3536 4955 ”,
3582 4886 3655 4940 καί

468 4968 518 5011 ct
554 4970 862 5029 argentum,
927 4971 976 5015 et
1042 4978 1270 5029 aurum,
1324 4973 1373 5017 et
1413 4963 1694 5034 ligurium,
1761 4973 1813 5019 et
1881 4965 2040 5020 arlta-

2156 4967 2428 5037 ἄνθρακα,
2465 4971 2563 5026 καὶ
2602 4971 2959 5043 σάπφειρον,
2989 4977 3086 5033 καί
3135 4979 3369 5047 ἴασπιν,
3398 4981 3487 5035 καί
3511 4978 3653 5048 ἀρτύ-

2167 1041 2410 1111 πλησίως
2438 1043 2549 1105 τοῖς
2576 1042 2975 1113 ἀπεριτμήτοις
3004 1059 3097 1095 σου
3130 1043 3385 1112 ὑπηκόοις
3426 1050 3649 1120 σφαττόμε

2165 1152 2276 1198 νος.
2323 1134 2542 1205 ’ἰσχυρὰ
2564 1128 2673 1206 γάρ
2709 1150 2810 1204 μου
2836 1134 2932 1187 καὶ
2956 1133 3345 1205 ἀναντίρρητος
3373 1136 3404 1207 ἡ
3431 1139 3663 1208 ἀπόφασις·

2163 1227 2322 1280 τοῦτο
2350 1220 2762 1297 γὰρὲσήμανεν
2787 1243 2801 1257 ο
2830 1244 2849 1277 ι
2878 1224 3009 1279 Ὀτι
3045 1226 3156 1296 ἐγὼ
3179 1226 3424 1298 ἐλάλησα,
3457 1229 3581 1299 λέγει
3604 1234 3667 1287 ’Δέ

2164 1317 2329 1372 δωναῒ
2354 1320 2592 1389 Κύριος.
2637 1337 2657 1370 ο
2689 1317 2873 1372 Ταῦτα
2921 1318 3185 1388 ἁρμόττει
3233 1319 3325 1371 καὶ
3357 1320 3429 1390 τῷ
3467 1322 3667 1393 ἀλάσπιρι

2163 1409 2375 1479 δαίμονι
2402 1408 2479 1480 τῷ
2516 1408 2611 1478 τὴν
2637 1409 2905 1480 πονηρίαν
2943 1411 3298 1480 ὲνεργήσαντι
3338 1411 3394 1464 ἐν
3420 1412 3489 1481 τῷ
3507 1417 3669 1486 ὁρωμέ.

2164 1516 2240 1570 νῳ
2277 1500 2490 1570 Τυρίων
2519 1499 2739 1571 ἄρχοντι
2764 1517 2780 1533 σ
2815 1500 2897 1553 διὸ
2927 1501 3021 1554 καὶ
3065 1502 3283 1555 ἀπειλεῖ
3325 1504 3463 1574 αύτῷ
3498 1507 3669 1579 ὄλεθρον

2161 2411 2214 2464 ὲν
2242 2415 2354 2475 τοῖς
2380 2411 2622 2474 εἰδώλοις
2651 2412 2830 2467 αὐτῶν
2858 2428 2872 2444 °
2927 2414 3085 2483 κάγὼ
3132 2418 3499 2490 παραζηλώσω
3521 2421 3670 2485 αὐτοὺς

2161 2504 2247 2554 ἐπ’
2282 2502 2383 2555 οὐκ
2409 2503 2573 2566 ἔθνει,
2603 2503 2695 2556 ἐπὶ
2725 2503 2867 2557 ἔθνει
2901 2505 3146 2577 ἀσυνέτῳ
3164 2510 3439 2579 παροργιῶ
3457 2511 3666 2575 auratis.»

2159 2591 2258 2645 Διά
2305 2594 2512 2646 τούτων
2541 2588 2719 2649 τοίνυν
2748 2594 2856 2648 τῶν
2901 2595 3071 2650 πάλαι
3116 2598 3413 2666 ἀσυνέτων,
3442 2602 3526 2657 καὶ
3548 2603 3669 2675 ἀνοή-

2157 2699 2287 2748 των,
2317 2683 2414 2737 καὶ
2445 2683 2834 2755 πλανωμένων,
2882 2686 2978 2739 καὶ
3017 2689 3325 2759 στυγητῶν,
3348 2692 3450 2745 καὶ
3493 2693 3667 2764 λοιμῶν,

2158 2775 2255 2829 καὶ
2283 2774 2597 2847 ἀλλοτρίων,
2634 2777 2728 2830 καὶ
2751 2774 2999 2844 ἐθνικῶν,
3031 2778 3130 2850 τὴν
3161 2780 3258 2835 τοῦ
3289 2776 3518 2836 διαϐόλου
3541 2786 3665 2839 κατά-

2158 2866 2308 2920 λυσιν
2355 2868 2384 2920 ό
2438 2868 2776 2940 προφητικὺς
2827 2871 3199 2943 προαγορεύει
3250 2873 3419 2943 λόγος.
3466 2878 3596 2930 Ἐστι
3629 2877 3669 2930 δὲ

2157 2957 2252 3010 καὶ
2277 2958 2322 2990 ⁸³
2366 2957 2545 3027 εὑρεῖν
2578 2960 2672 3011 καὶ
2704 2960 2766 3013 τὸ
2793 2960 2904 3014 τῶν
2928 2961 3230 3031 ἀλλοτρίων
3281 2965 3445 3036 ὄνομα
3473 2967 3670 3037 κείμενον

2159 3047 2251 3101 ἐπὶ
2272 3045 2382 3102 τῶν
2403 3050 2845 3103 πεπιστευκότων
2874 3049 3167 3106 εύσεΰῶνοι
3195 3054 3381 3125 Ὑμεῖς
3404 3056 3668 3126 γὰρ,φησὶν,

2085 3099 2128 3158 c
2164 3139 2221 3193 oi
2272 3155 2405 3193 ποτε
2456 3140 2608 3204 ὅντες
2652 3136 3089 3212 μακράν,ὲγγὺς
3112 3099 3671 3218 εγεντζθτξτείῖίόύτνονξ

2163 3229 2311 3299 λέγει
2342 3232 2461 3294 ταῖς
2500 3231 2709 3284 ἑαυτῶν
2746 3233 3041 3304 μαχαίραις
3074 3237 3176 3306 τῆς
3211 3237 3307 3291 τοῦ
3336 3239 3556 3292 διαῦὁλου
3581 3242 3670 3291 ἔπιε

2163 3323 2378 3393 στήμης
2404 3321 2465 3376 τδ
2492 3323 2686 3387 κάλλος
2704 3325 2986 3393 ἀφανίζειν
3009 3328 3102 3382 καὶ
3130 3330 3362 3400 φροῦδον
3389 3333 3556 3397 ποιεῖν,
3579 3331 3669 3384 ἀντὶ

2158 3413 2278 3477 τοῦ,
2313 3413 2414 3477 τὰς
2473 3412 2573 3476 σὰς
2627 3415 2989 3470 καταλύσουσι
3047 3421 3320 3489 μηχανὰς,
3347 3422 3544 3486 καὶτὰς
3567 3424 3669 3476 κατὰ

2156 3506 2269 3558 τῶν
2300 3502 2602 3575 ἀνθρώπων
2632 3506 2931 3560 παύσουσιν
2956 3509 3272 3576 επιϐουλὰς,
3303 3512 3477 3566 καὶτὰ
3505 3513 3666 3565 ὑπἀὐ-

2154 3592 2265 3647 τῶν
2305 3611 2386 3647 σοι
2434 3594 2701 3665 γενόμενα
2733 3596 2798 3650 ὲκ
2834 3596 3049 3670 βάθρων
3079 3601 3447 3657 ἀνασπάσουσι
3492 3604 3665 3674 τεμένη,

2154 3684 2249 3739 καί
2293 3701 2354 3738 σε
2399 3681 2512 3739 οἷόν
2559 3702 2664 3740 τινι
2711 3685 2926 3761 θανάτῳ
2990 3686 3376 3763 παραδώσουσι
3432 3698 3493 3766 τῇ
3543 3694 3664 3765 λήθῃ,

540 5135 565 5175 d
593 5135 697 5189 T.t.
732 5152 813 5203 tu,
839 5139 894 5193 '5.
974 5150 997 5179 ε
1023 5139 1180 5197 Deut.
1214 5156 1388 5209 xxxn,
1415 5143 1508 5200 2|.
1591 5145 1613 5185 ί
1639 5145 1839 5217 Ephes.
1872 5164 1932 5213 ιι,
1965 5152 2052 5206 15.
2134 5152 2160 5191 ⁸
2183 5151 2316 5210 Luc.
2350 5157 2520 5224 ι,19.

1733 5300 1970 5359 νΑιιιΑι
1997 5304 2398 5368 LECTIONES.

508 5381 580 5469 ."
616 5379 976 5483 E'Mwiiaéwc.
1049 5382 1103 5464 f'
1140 5383 1254 5439 καί.
1275 5383 1403 5443 Des.
1437 5388 1490 5443 in
1523 5388 1585 5442 B.
1689 5390 1736 5423 ⁸³
1762 5408 1856 5445 σου
1883 5393 1997 5449 δύν.
2035 5395 2167 5453 Rec.
2211 5401 2339 5457 lect.
2380 5402 2420 5457 1.
2453 5419 2505 5459 c.
2529 5413 2614 5461 est
2652 5406 2992 5478 δύναμιντοῦ
3024 5411 3239 5483 ἐχθροῦ.
3319 5415 3470 5469 “ceu
3499 5413 3579 5483 μή.
3615 5405 3648 5461 Β

508 5472 550 5503 υ.
702 5447 768 5503 εί.
800 5451 858 5503 In
882 5453 969 5503 ed.
1007 5451 1173 5503 Strm.
1202 5458 1539 5503 nrmcmlniml
1569 5458 1647 5503 δέ-
1680 5464 1822 5503 mlml
1850 5471 2031 5503 ιςιιηρη
2076 5468 2167 5503 τιμε
2216 5469 2268 5503 ι..
2319 5474 2345 5503 Α
2388 5481 2437 5503 ..ρ
2488 5472 2527 5503 n
2586 5476 2692 5503 :.....
2721 5493 2932 5503 -..μμ
2969 5495 3070 5503 -__-
3094 5485 3108 5503 .
3162 5483 3179 5503 Ι
3204 5483 3291 5503 vv
3372 5486 3465 5503 ..η
3504 5488 3645 5503 μμ-..

508 5452 521 5469 ⁹
625 5452 671 5483 Ill
1049 5452 1060 5464 '
2133 5451 2166 5453 ⁷“
2211 5451 2339 5481 ἰ⁷⁷⁷⁷
2381 5451 2419 5457 ’⁷
2456 5451 2504 5459 *⁷
2532 5451 2614 5487 *“¹’,“
2654 5451 2874 5478 ""'l""
2909 5451 2992 5464 ""'
3024 5451 3239 5483 'L'I’V‘"
3385 5451 3470 5469 νυν
3499 5451 3579 5483 P'i'
3615 5451 3645 5461 "

468 5467 584 5577 ξιξ.
612 5451 772 5591 alii;
799 5451 1174 5591 il.:.‘f',§tf,"lz
1202 5458 1649 5585 £3??%‘3°“-‘=‘£::
1672 5464 2273 5591 ἓὲθίὲιὲῖιῗθιξιτὶἒξῖιῐιὲ
2302 5472 3320 5591 nihil.:."?°.9':::2:§:.:e"9...5;§3§;
3369 5486 3647 5591 tanta:

759 5540 955 5611 merl
977 5540 1112 5611 μισ,
1140 5540 1325 5611 ι.1ν,ο;
1357 5540 1409 5581 ις.
1472 5540 1519 5611 ’ς
1547 5540 1646 5582 απ.
1672 5540 1764 5600 ομ.
1797 5540 1954 5611 ἐξεὸν.
1985 5540 2273 5611 ρθιίίεἱςιιιε
2302 5557 2613 5598 mensuram
2640 5587 2656 5611 ,
2694 5540 2749 5604 εξ
2775 5540 3029 5604 omnibus
3081 5556 3321 5610 numeris
3379 5556 3640 5608 absolt.tus-

1740 5589 3343 5728 De‘;
