3840 6202
457 260 594 325 1095

1400 259 1883 322 THEODORETI
1919 256 2255 318 EPISCOPI
2294 259 2658 320 CYRENSIS

3516 266 3626 333 1096

456 377 510 430 hi
548 373 787 445 lapides,
831 373 886 427 itt
929 380 1151 451 pectore
1190 379 1447 443 gestans,
1479 374 1534 428 in
1567 373 1768 428 Sancta
1798 379 2018 426 sancto-

2143 373 2323 444 ρέρων,
2355 375 2434 436 εἰς
2471 374 2541 426 τά
2573 375 2739 441 ’Ἀγια
2777 371 2887 425 τῶν
2911 371 3080 439 ἁγίων
3106 372 3271 443 είσῄει
3303 389 3314 402 ·
3366 374 3422 426 τὸ
3448 375 3495 430 δὲ
3524 382 3626 450 στῆ-

455 484 578 523 rum
615 465 1044 538 ingrediebatur,
1079 475 1272 534 peetus
1305 481 1432 520 vero
1463 473 1548 520 est
1615 464 1787 519 veluti
1842 462 2018 533 quod-

459 555 585 610 dam
637 556 818 610 cordis
863 570 1002 623 penu
1065 563 1117 608 et
1166 555 1588 610 munimentum.
1640 554 1706 608 Et
1762 570 1883 624 qua:
1935 570 2020 607 se-

460 655 705 718 quuntur
732 645 942 710 omnia,
978 660 1086 698 non
1127 645 1365 716 principi
1412 645 1573 716 Tyri,
1614 645 1709 716 qui
1755 645 2023 698 cerneba-

463 751 572 801 tur,
610 738 704 792 sed
739 739 787 791 ei
812 775 826 800 ,
859 737 954 805 qui
987 737 1138 791 cerni
1171 753 1280 790 non
1314 747 1491 807 potest
1525 736 1882 791 conveniunt.

537 849 696 902 Vens.
742 847 829 902 14.
871 847 1214 915 Prwparatus
1261 848 1396 900 enim
1431 847 1620 917 fuisti,
1661 846 1866 915 inquit,
1909 860 2026 896 cum

2124 461 2214 526 θος
2250 458 2359 516 οἷόν
2400 482 2454 517 τι
2499 465 2721 534 ταμεῖόν
2749 465 2864 515 ἐστι
2887 463 2985 534 τῆς
3007 463 3248 533 καρδίας,
3280 465 3367 516 καὶ
3396 466 3630 539 φυλακτή-

2125 571 2264 624 ριον.
2298 555 2408 606 Καὶ
2454 554 2523 607 τά
2547 553 2861 624 ἐπαγόμενα
2890 553 2945 605 δὲ
2992 553 3184 619 πάντα,
3219 555 3278 606 οὺ
3313 553 3385 622 τῷ
3414 555 3632 628 ὁρωμένῳ

2125 647 2342 716 ἄρχοντι
2372 647 2469 717 τῆς
2497 646 2696 716 Τύρου,
2728 645 2863 698 ἀλλά
2890 644 2965 716 τῷ
2986 645 3199 714 ἀοράτῳ
3233 645 3492 714 ἁρμόττει.

2201 822 2278 874 ιδ’.
2313 821 2360 873 Κ
2366 821 2818 889 ατεσκευάσθης
2843 822 2886 854 °"
2923 822 3051 892 γὰρ,
3081 821 3232 892 φησὶ,
3273 821 3413 890 μετὰ
3441 822 3532 876 τοῦ
3557 826 3638 876 Χε-

465 939 685 1002 Clierub,
708 948 893 993 unctus
919 957 950 992 a
982 939 1090 993 Deo
1115 941 1167 992 in
1201 939 1537 993 tabernaculo
1568 936 1856 990 habitante.
1891 934 2025 989 Cum

2143 909 2288 973 90b6,
2310 909 2699 979 κεχρισμένος
2723 911 2768 942 ⁹⁸
2797 912 2956 980 παρὰ
2999 911 3148 963 Θεοῦ
3186 911 3229 942 ³⁸
3258 911 3360 963 τοῦ
3389 927 3639 980 natamq-

464 1033 670 1086 sanctis
706 1031 850 1085 enim
888 1030 999 1085 illis
1033 1039 1087 1085 et
1122 1030 1370 1100 angustis
1403 1028 1771 1099 potestatibus
1804 1027 2027 1096 opiﬁcio

463 1132 517 1177 et
549 1125 806 1176 unctione
837 1123 1095 1192 dignatus
1123 1139 1204 1178 es.
1237 1124 1302 1175 Et
1337 1124 1629 1175 unctionem
1659 1121 1761 1175 hoc
1789 1121 1913 1174 loco
1943 1133 2030 1174 vo-

464 1223 554 1271 cat
588 1214 1081 1268 sanetiticationem
1104 1254 1118 1278 ,
1150 1229 1176 1266 a
1209 1215 1392 1268 divino
1424 1215 1631 1284 Spiritu
1665 1212 1912 1281 corporis
1943 1226 2031 1265 ex-

466 1306 712 1374 pertibus
755 1313 808 1358 et
855 1307 1064 1360 sanctis
1100 1307 1472 1374 potestatibus
1523 1303 2028 1359 subministratam.

472 1415 490 1446 ι
523 1396 589 1448 Ει
619 1395 774 1463 posui
807 1402 860 1449 te
893 1395 945 1448 in
972 1407 1155 1450 monte
1185 1405 1375 1451 sancto
1399 1396 1490 1450 Dei
1521 1413 1534 1449 :
1562 1395 1736 1449 factus
1763 1409 1822 1448 es
1847 1395 1898 1447 in
1925 1408 2032 1447 me-

468 1487 558 1540 dio
592 1485 833 1555 lapidum
869 1486 1189 1556 ignitorum.
1225 1507 1242 1538 ι
1271 1488 1504 1542 Montem
1532 1495 1784 1541 sanctum
1818 1485 1908 1540 Dei
1938 1500 2027 1539 co-

469 1576 730 1645 gnitionis
759 1577 1067 1632 celsitatem
1099 1590 1291 1643 vocat,
1318 1586 1372 1631 et
1398 1579 1608 1648 lapides
1637 1579 1874 1648 ignitos,
1905 1591 2034 1632 san-

469 1668 750 1721 ctissimas
801 1678 1140 1738 potestates:
1189 1672 1388 1725 etenim
1438 1671 1492 1725 id
1533 1671 1683 1740 quod
1726 1670 2029 1739 pretiosum
2065 1699 2105 1754 Β

469 1769 551 1811 est
579 1759 896 1825 continent,
925 1769 982 1815 et
1012 1761 1326 1815 illustrandi
1353 1762 1402 1816 vi
1433 1762 1674 1831 praedita:
1702 1768 1832 1816 sunt
1858 1779 1870 1814 :
1906 1775 2035 1814 eon-

470 1851 757 1918 Suevitque
788 1866 931 1920 saepe
965 1853 1146 1906 divina
1181 1852 1466 1921 Scriptura
1488 1896 1502 1919 ,
1535 1855 1656 1922 pios
1685 1867 1905 1922 quoque
1937 1851 2035 1905 lto-

471 1937 646 1992 tnines
678 1948 902 1993 sanctos
945 1941 1155 2010 lapides
1199 1956 1537 2010 nuncupare.
1569 1959 1587 1992 ι
1619 1941 1858 2010 Lapides
1886 1940 2035 1995 enim

472 2028 684 2094 sancti,
715 2029 932 2098 inquit,
962 2031 1260 2085 volvuntur
1290 2047 1453 2100 super
1483 2038 1690 2086 terram
1724 2032 1772 2084 ι.
1797 2051 1815 2084 ι
1844 2030 1950 2086 Sed
1979 2031 2035 2084 h-i

471 2123 651 2176 sancti
718 2122 971 2189 quidem,
1005 2138 1116 2176 non
1147 2129 1332 2176 tamen
1383 2124 1561 2193 igniti.
1611 2123 1685 2177 De
1729 2123 2038 2194 superiori-

473 2210 576 2263 bus
608 2224 738 2262 vero
773 2212 1140 2277 potestatibus
1173 2212 1463 2267 audiamus
1506 2212 1767 2269 Daridem
1809 2215 2039 2284 loquen-

476 2309 582 2352 tem
611 2317 624 2352 :
656 2318 674 2350 ‹
705 2300 808 2364 Qui
864 2300 993 2354 facit
1041 2303 1266 2371 angelos
1306 2318 1439 2359 suos
1483 2302 1749 2373 spiritus,
1782 2312 1838 2360 et
1869 2305 2038 2359 mini-

473 2397 620 2442 stros
667 2389 937 2443 ﬂammant
991 2392 1133 2460 ignis
1167 2389 1212 2447 ι.
1271 2411 1290 2446 ι
1326 2392 1534 2449 Horum
1585 2395 1722 2448 nihil
1773 2395 1830 2450 in
1875 2392 2038 2466 915

475 2477 764 2548 Tyriorum
791 2481 1113 2550 principem,
1139 2482 1230 2551 qui
1258 2484 1609 2552 cernebatur,
1627 2485 1795 2552 cadit,
1819 2487 2039 2540 etiamsi

476 2568 673 2621 millies
697 2570 920 2640 litigiosi
950 2573 1170 2641 quidam
1215 2576 1624 2642 eontenderint,
1666 2577 1876 2646 lapides
1901 2576 2042 2648 igni-

475 2665 560 2710 tos
589 2655 807 2712 Judacos
841 2674 990 2725 esse,
1027 2669 1081 2715 et
1107 2662 1398 2732 Tyriorum
1431 2679 1553 2718 cum
1592 2667 1730 2735 ipsis
1763 2683 2039 2722 commer—

474 2748 841 2820 cium.Neque
863 2752 1008 2806 enim
1032 2751 1204 2808 Judaei
1234 2755 1442 2825 lapides
1466 2756 1642 2826 igniti.
1673 2757 1826 2824 Quod
1842 2759 1886 2812 si
1912 2773 2040 2828 pro-

472 2839 702 2907 phetas,
739 2841 834 2910 qui
871 2842 926 2895 in
962 2843 1323 2912 ipsistfuere,
1362 2845 1573 2916 lapides
1603 2847 1804 2917 ignitos
1839 2849 2039 2918 aliquis

475 2931 884 2996 nominaverit,
943 2949 1012 2987 ne
1065 2935 1143 2988 sie
1196 2937 1414 3006 quidem
1469 2953 1667 2994 sensus
1742 2942 2036 2995 constabit.

2127 1003 2399 1069 νοῦντος.
2459 1006 2561 1056 Σὺν
2587 1003 2695 1075 γὰρ
2748 1005 2864 1067 ταῖς
2894 1003 3074 1070 ἁγίαις
3105 1003 3336 1066 ἐκείναις
3379 1004 3462 1056 καὶ
3512 1003 3640 1056 656a-

2131 1093 2318 1163 σμίαις
2349 1095 2628 1164 δυνάμεσι,
2653 1096 2747 1148 καὶ
2781 1095 2879 1166 τῆς
2916 1095 3294 1165 δημιουργίας,
3322 1095 3408 1146 καὶ
3430 1094 3515 1163 τῆς
3544 1095 3639 1165 χρί-

2131 1199 2266 1246 σεως
2293 1183 2529 1254 ἡξιώθης
2553 1202 2567 1216 ο
2603 1185 2780 1254 χρίσιν
2814 1185 2870 1237 δὲ
2907 1183 3138 1238 ἐνταῦθα
3168 1183 3260 1236 τὸν
3299 1184 3544 1251 ἀγιασμὺν
3565 1200 3641 1236 κα·

2129 1273 2230 1337 λεῖ,
2263 1274 2352 1326 τὸν
2385 1275 2489 1330 ὑπὸ
2521 1275 2615 1328 τοῦ
2672 1275 2816 1328 θείου
2857 1275 3174 1344 ΙῙνεύματος
3219 1277 3334 1337 ταῖς
3379 1273 3642 1342 ἀσωμάτοις

2132 1363 2225 1415 καὶ
2254 1363 2434 1432 ἁγίαις
2459 1365 2717 1434 δυνάμεσι
2752 1365 3173 1437 χορηγούμενον.
3203 1382 3221 1414 ι
3256 1364 3360 1415 Καὶ
3381 1362 3532 1422 ἔθηκὰ
3560 1364 3573 1392 ¹
3600 1380 3644 1414 σε

2133 1454 2189 1506 ἐν
2222 1453 2337 1525 ὄρει
2377 1455 2515 1526 ἁγίῳ
2541 1455 2674 1508 Θεοῦ
2701 1470 2715 1485 ο
2757 1456 3018 1527 ἐγενήθης
3052 1457 3110 1508 ἐν
3150 1457 3170 1486 ⁸
3207 1456 3356 1525 μέσῳ
3397 1453 3540 1506 λίθων
3569 1471 3645 1505 πν-

2137 1543 2316 1614 ρίνων.
2353 1564 2372 1596 ι
2432 1547 2606 1614 Ὄρος
2659 1545 2831 1614 ἅγιον
2890 1547 3036 1600 Θεοῦ
3087 1546 3247 1599 καλεῖ
3300 1543 3360 1596 τὸ
3419 1543 3536 1612 ὕψος
3570 1543 3646 1612 τῆς

2133 1634 2405 1703 γνώσεως,
2440 1637 2648 1704 λίθους
2677 1637 2732 1690 δὲ
2765 1639 3059 1707 πυρίνους
3082 1639 3179 1700 τάς
3207 1634 3502 1704 ἁγιωτάτας
3524 1633 3648 1685 δυνὰ-

2139 1744 2258 1796 μεις
2276 1744 2289 1758 ο
2327 1726 2421 1780 καὶ
2444 1728 2504 1779 τὸ
2537 1726 2718 1796 τίμιον
2743 1727 2851 1798 γὰρ
2886 1727 2980 1781 καὶ
3005 1727 3064 1778 τὸ
3085 1727 3104 1756 ³
3128 1723 3408 1795 φωτοειδὲς
3444 1722 3620 1792 ἔχουσιν
3636 1739 3647 1751 ·

2136 1815 2278 1871 οἶδεν
2323 1818 2381 1870 δὲ
2435 1819 2691 1882 πολλάκις
2722 1819 2755 1889 ἡ
2784 1818 2902 1871 Θεία
2928 1817 3119 1889 Γραφὴ
3160 1817 3254 1869 καὶ
3283 1816 3404 1876 τοὺς
3451 1811 3650 1873 εὐσεϐεῖς

2135 1907 2454 1979 ἀνθρώπους
2476 1907 2654 1972 λίθους
2685 1910 2868 1978 ἁγίους
2901 1907 3108 1962 καλεῖν.
3135 1929 3154 1959 ι
3183 1905 3474 1975 Λίθοιγάρ,
3501 1903 3650 1972 φησὶν.

2138 1999 2282 2067 ἆγιοι
2340 1999 2613 2053 κυλίονται
2669 2001 2762 2052 ἐπὶ
2808 2000 2910 2071 τῆς
2959 1999 3084 2070 γῆς.
3123 2015 3144 2050 ι
3189 1996 3333 2050 Ἀλλ’
3361 1988 3495 2048 οὗτοι
3538 1993 3652 2060 am

2142 2090 2261 2160 μὲν,
2314 2091 2374 2143 οὐ
2432 2090 2648 2162 πύρινοι
2701 2090 2776 2143 δέ.
2827 2091 2964 2161 Περὶ
3015 2091 3070 2143 δὲ
3109 2089 3218 2142 τῶν
3282 2086 3390 2140 ἄνω
3425 2084 3654 2153 δυνάμεων

2140 2179 2430 2249 ἀκούωμεν
2446 2179 2537 2232 τοῦ
2556 2179 2699 2233 θείου
2733 2179 2898 2233 Δαόὶδ
2927 2179 3174 2248 λέγοντος
3193 2193 3208 2207 ο
3242 2195 3263 2228 ι
3309 2176 3366 2228 '0
3391 2173 3539 2227 ποιῶν
3560 2173 3654 2234 τοὺς

2139 2271 2404 2338 ἀγγέλους
2429 2269 2591 2338 αὑτοῦ
2618 2271 2922 2342 πνεύματα,
2946 2272 3037 2324 καὶ
3071 2271 3197 2334 τοὺς
3229 2267 3556 2338 λειτουργοὺς
3582 2264 3656 2316 αὑ-

2139 2363 2233 2416 τοῦ
2262 2363 2430 2436 πυρὸς
2470 2364 2642 2433 φλόγα
2663 2363 2704 2418 ⁸.
2738 2383 2758 2417 ι
2793 2365 3008 2418 Τούτων
3033 2362 3184 2416 οὐδὲν
3215 2361 3297 2432 τῷ
3324 2359 3562 2429 ὁρωμένῳ
3585 2357 3656 2427 ἁρ-

2140 2470 2288 2524 χοντι
2317 2453 2426 2507 τῶν
2456 2455 2669 2526 Τυρίων
2713 2454 2992 2526 ἁρμόττει,
3036 2453 3140 2506 κᾶν
3176 2453 3434 2523 μυριάκις
3456 2449 3550 2502 τῶν
3571 2449 3658 2518 ἐρι-

2141 2544 2342 2598 στικῶν
2372 2563 2514 2610 τινες
2537 2545 2964 2617 φιλονεικοῦντες
3002 2547 3208 2599 εἴποιεν
3237 2544 3417 2606 λίθους
3447 2540 3660 2609 πυρίνους

2139 2637 2267 2703 τοὺς
2315 2639 2620 2703 Ἰουδαίους,
2651 2640 2742 2693 καὶ
2781 2639 2889 2693 τῶν
2932 2639 3145 2710 Τυρίων
3174 2637 3276 2707 τὴν
3309 2633 3437 2706 πρὸς
3482 2630 3662 2692 τούτους

2140 2730 2421 2801 ἐπιμιξίαν
2442 2748 2455 2761 ·
2487 2731 2607 2784 οὐδὲ
2660 2731 2767 2802 γάρ
2805 2732 3048 2784 Ἰουδαῖοι
3079 2729 3216 2783 λίθοι
3260 2726 3487 2798 πύρινοι.
3535 2723 3588 2775 Ei
3618 2718 3659 2772 δὲ

2142 2823 2238 2874 καὶ
2288 2825 2413 2886 τοὺς
2464 2825 2523 2876 ὲν
2576 2824 2758 2887 αὐτοῖς
2790 2824 3076 2894 προφήτας
3116 2820 3303 2882 λίθους
3342 2816 3575 2887 πυρίνους
3599 2828 3661 2873 τις

2141 2916 2480 2987 ὀνομάσειεν,
2533 2915 2652 2968 οὐδὲ
2684 2914 2826 2967 οὕτω
2873 2915 3061 2984 στήσει
3107 2913 3168 2965 τὸ
3218 2911 3418 2980 νόημιυ
3451 2905 3662 2974 οὐδεμίαν

473 3019 634 3075 Nulla
675 3025 819 3076 enim
869 2998 1246 3081 inici-cedetis}
1286 3028 1458 3098 impie
1502 3030 1813 3086 viventibus
1853 3030 2036 3102 Tyriis

2143 3010 2251 3081 γὰρ
2277 3005 2422 3079 εἷλον
2455 3008 2503 3059 οἱ
2542 3006 2729 3078 Τύριοι
2765 3005 3049 3059 κοινωνίαν
3077 3003 3216 3075 πρὸς
3254 3003 3380 3064 τοὺς
3407 2998 3662 3070 προφήτας,

475 3128 596 3167 cum
634 3114 916 3184 prepbetis
949 3119 1319 3184 consuetudo,
1355 3119 1450 3174 sed
1506 3122 1836 3176 commercia
1871 3138 2038 3192 uego-

477 3203 764 3258 tiationnm
807 3221 929 3260 cum
963 3208 1350 3277 abjcctissimis
1402 3217 1457 3264 et
1498 3209 1798 3266 humilibus
1836 3209 2040 3269 Judaeis

480 3295 777 3362 habebant,
820 3315 960 3368 quos
1007 3301 1192 3356 nullus
1237 3316 1480 3371 unquam
1527 3317 1676 3358 sanat
1720 3306 1922 3360 mentis
1970 3306 2042 3360 la-

476 3387 631 3455 pides
662 3389 865 3456 ignitos
899 3405 1070 3446 ausus
1117 3392 1285 3446 fuerit
1330 3393 1642 3462 appellare,
1674 3393 1917 3449 divinam
1963 3396 2044 3452 le-

474 3493 594 3548 gem
649 3481 949 3546 violantes,
996 3490 1050 3538 et
1098 3491 1296 3553 praeter
1341 3483 1488 3540 illius
1541 3487 1869 3540 sententiam
1916 3502 2042 3542 cum

475 3570 732 3638 gentibus
757 3573 1090 3627 commercia
1121 3575 1500 3630 instituentes.
1532 3575 1645 3630 lmo
1674 3591 1742 3629 ue
1769 3576 1902 3630 illud
1929 3577 2046 3645 qui-

476 3656 598 3710 dem
627 3676 639 3710 :
670 3677 686 3709 t
723 3658 887 3714 Posui
925 3668 978 3715 te
1010 3660 1064 3714 in
1109 3671 1297 3716 monte
1323 3671 1518 3717 sancto
1547 3661 1668 3728 Dei,
1703 3681 1721 3714 ›
1745 3663 1875 3718 buic
1903 3677 2042 3718 con-

475 3748 666 3801 venire
696 3749 864 3803 videri
897 3758 1097 3818 potest.
1134 3750 1323 3822 Neque
1353 3754 1499 3808 enim
1543 3753 1600 3807 in
1642 3752 2044 3824 Hierosolymis

477 3837 734 3906 degebat,
764 3846 823 3890 ut
847 3839 1216 3896 concedamus
1246 3843 1361 3898 haec
1393 3844 1558 3898 etiam
1592 3845 1658 3900 de
1690 3853 1881 3902 monte
1911 3846 2042 3903 Sion

479 3925 585 3978 dici
615 3942 628 3976 :
664 3937 718 3980 et
751 3942 873 3995 quae
905 3936 1214 3996 sequuntur
1247 3930 1351 3985 hoc
1380 3939 1565 4000 aperte
1594 3931 1898 3988 declarant.

552 4015 720 4070 Vens.
767 4018 848 4072 15.
891 4018 1183 4074 Ambutasti
1213 4021 1350 4074 enim
1380 4023 1756 4079 immaculatus
1778 4064 1794 4090 ,
1825 4025 2043 4096 inquit,

480 4105 533 4158 in
567 4106 748 4161 diebus
780 4109 883 4160 tuis
903 4148 918 4172 ,
946 4124 1009 4161 ex
1037 4125 1136 4179 quo
1163 4119 1370 4164 creatus
1398 4127 1452 4166 es
1505 4119 1560 4165 tu
1583 4152 1598 4177 ,
1632 4112 1794 4167 donec
1824 4114 2046 4170 iuventte

479 4207 600 4251 sunt
630 4197 927 4266 iniquitates
958 4199 1012 4251 in
1043 4207 1110 4252 le.
1140 4198 1292 4256 Talis
1322 4201 1467 4254 enim
1498 4200 1600 4256 fuit
1649 4210 1780 4260 ante
1824 4204 2042 4274 lapsum

479 4289 753 4346 diabolus.
794 4290 866 4345 De
897 4291 1211 4347 hominibus
1244 4307 1378 4346 vero
1410 4291 1745 4350 audivimus.
1778 4313 1797 4346 ι
1827 4297 1844 4317 ⁶
1872 4293 2044 4350 Nemo

481 4381 718 4436 mundus
768 4395 796 4433 a
846 4381 1030 4444 sorde,
1058 4396 1127 4436 ne
1165 4385 1212 4436 si
1256 4381 1423 4436 unius
1462 4381 1570 4437 diei
1617 4382 1840 4452 quidem
1882 4382 2044 4438 fuerit

477 4472 588 4524 vita
625 4471 798 4542 ipsius
825 4487 992 4542 super
1022 4481 1220 4528 terram
1250 4482 1316 4529 ιη.
1345 4492 1364 4525 ι
1391 4471 1493 4527 Hic
1522 4483 1704 4529 autem
1727 4514 1742 4538 ,
1772 4489 1897 4528 cum
1925 4489 2046 4530 cor-

482 4565 633 4633 poris
659 4580 856 4634 expers
885 4573 1065 4632 esset,
1105 4566 1500 4622 immaculatus
1531 4565 1636 4621 fuit
1666 4583 1695 4620 a
1727 4568 2000 4638 principio
2028 4587 2042 4622 :

483 4655 573 4706 ubi
601 4669 730 4707 vero
757 4655 809 4707 in
841 4654 1167 4709 deteriorem
1203 4663 1420 4724 partem
1453 4656 1812 4711 inclinatione
1855 4657 2038 4711 volun-

482 4745 610 4799 tatis
641 4746 831 4815 lapsus
863 4753 977 4813 est,
1012 4747 1097 4799 via
1127 4747 1347 4814 penitus
1377 4748 1656 4801 c0ntraria
1691 4747 1936 4802 incessit.

557 4836 716 4892 Vens.
759 4837 845 4891 16.
887 4838 928 4889 Α
963 4836 1299 4908 multitudine
1325 4839 1463 4892 enim
1495 4839 1748 4892 circuitus
1780 4840 1858 4891 tui
1888 4838 2045 4907 reple-

484 4927 605 4980 visti
635 4927 855 4981 cellaria
885 4935 974 4981 tua
1000 4929 1305 4998 iniquitate,
1331 4936 1379 4982 et
1411 4929 1680 4996 peccasti,
1709 4935 1758 4982 et
1790 4926 2040 4982 vulnera-

557 5101 583 5141 ι
616 5099 654 5153 Ζ
678 5100 779 5154 .clt.
810 5116 885 5164 ix,
917 5099 999 5155 16.
1082 5101 1098 5140 ι
1132 5102 1280 5158 Psal.
1312 5117 1430 5168 cm,
1457 5104 1512 5156 4.
1592 5114 1632 5141 αι
1655 5101 1757 5160 Job
1809 5121 1919 5170 ειν,
1958 5103 2012 5169 4,
2057 5105 2110 5159 5.

2141 3097 2364 3168 ἀσεϐείᾳ
2419 3095 2688 3160 συζῶντες
2718 3111 2731 3124 °
2765 3095 2863 3158 τὰς
2915 3095 2973 3147 δέ
3021 3092 3334 3163 ἐμπορικὰς
3368 3091 3389 3121 ⁸
3435 3085 3664 3157 ἐπιμιξίας

2141 3188 2276 3258 πρὸς
2305 3190 2428 3252 τοὺς
2460 3186 2830 3258 χαμαιζήλους
2857 3185 2966 3238 τῶν
3009 3183 3281 3238 Ἰουδαίων
3313 3182 3404 3235 καὶ
3425 3178 3666 3239 ταπεινοὺς

2143 3279 2443 3347 ἐποιοῦντο,
2469 3278 2562 3342 οὒς
2607 3280 2706 3332 οὐκ
2755 3278 2820 3332 ἄν
2852 3295 2935 3341 τις
2965 3273 3023 3332 εὖ
3061 3274 3280 3347 φρονῶν
3309 3274 3576 3344 τολμήσειε
3601 3267 3666 3318 λί-

2143 3372 2270 3437 θους
2309 3371 2571 3440 ὀνομάσαι
2607 3370 2890 3440 πυρίνους,
2942 3367 3383 3439 παραϐαίνοντας
3427 3366 3510 3417 τὸν
3556 3361 3666 3413 θεῖον

2142 3464 2327 3536 νόμον,
2363 3464 2455 3518 καὶ
2483 3462 2634 3534 παρὰ
2657 3463 2727 3516 τά
2747 3461 2918 3532 τούτῳ
2949 3460 3209 3514 δοκοῦντα
3245 3457 3538 3529 συμϐόλαια
3563 3454 3665 3526 πρὸς

2143 3556 2389 3618 ἐθνικοὺς
2440 3554 2814 3624 ποιουμένους.
2861 3552 3002 3606 Ἀλλ’
3031 3551 3153 3605 οὐδὲ
3193 3553 3287 3604 τόο
3328 3570 3348 3602 ε
3392 3547 3583 3619 Ἔθηκά
3621 3561 3666 3596 σε

2143 3648 2201 3701 ἐν
2229 3647 2344 3717 δρει
2396 3646 2536 3718 ἁγίῳ
2579 3645 2737 3711 Θεοῦ,
2775 3664 2794 3698 ι
2832 3644 3006 3714 τούτῳ
3039 3641 3311 3715 ἁρμόττον
3363 3642 3501 3694 ἐστιν
3549 3637 3664 3690 ἰδεῖν.

2144 3739 2279 3792 Οὐδέ
2314 3738 2423 3810 γὰρ
2449 3741 2507 3792 ἐν
2548 3739 2659 3802 τοῖς
2702 3735 3094 3807 Ἱεροσολύμοίς
3119 3733 3326 3804 διῆγεν,
3359 3730 3444 3787 ίνα
3473 3729 3556 3783 καὶ
3589 3726 3666 3780 δὼ-

2148 3846 2246 3901 μεν
2298 3830 2427 3901 περὶ
2474 3828 2568 3882 τοῦ
2617 3827 2755 3882 Σιὼν
2789 3827 2946 3899 ὅρους
2976 3826 3146 3879 ταῦτα
3193 3823 3479 3894 λέγεσθαιο
3515 3822 3596 3874 καὶ
3619 3818 3669 3872 τὰ

2145 3922 2462 3994 ἐπαγόμενα
2481 3921 2538 3975 δέ
2573 3921 2759 3990 σαφῶς
2787 3919 2944 3974 τοῦτο
2970 3919 3265 3972 δείκνυσιν.

2217 4020 2298 4069 ιε’.
2348 4014 2708 4084 Ἐπορεύθης
2739 4013 2759 4044 ⁸
2797 4013 2929 4083 γὰρ,
2961 4013 3145 4082 φησιν,
3182 4009 3532 4081 ἆμωμοςὲν
3571 4004 3668 4070 ταῖς

2145 4106 2392 4175 ἡμέραις
2423 4106 2444 4137 ⁷
2487 4120 2604 4159 σου
2629 4122 2644 4137 ο
2677 4105 2776 4173 ἀφ’
2800 4101 2875 4174 ἧς
2908 4103 3130 4174 ἡμέρας
3156 4102 3441 4168 ἐκτίσθης
3471 4097 3563 4165 σὺ,
3586 4096 3670 4160 ἕως

2145 4195 2218 4256 οὗ
2261 4197 2472 4266 εὑρέθη
2525 4197 2598 4249 τὰ
2640 4194 2970 4264 ἀδικήματα
2997 4194 3068 4247 ἐν
3093 4193 3209 4247 σοι.
3238 4191 3488 4254 Τοιοῦτος
3511 4188 3602 4258 γὰρ
3620 4181 3670 4255 ἦν

2147 4291 2252 4360 πρὸ
2280 4290 2378 4359 τῆς
2409 4287 2734 4352 ἐκπτώσεως
2753 4288 2781 4339 ὁ
2813 4285 3077 4348 διάϐολος.
3111 4284 3249 4355 Περὶ
3274 4283 3333 4336 δέ
3364 4282 3470 4336 τῶν
3504 4273 3671 4347 ἀνθρὼ-

2147 4399 2265 4434 πων
2285 4381 2553 4450 ηκούομεν
2577 4378 2619 4410 ⁸·
2661 4397 2680 4429 ι
2718 4378 2905 4438 Οὐδεὶς
2942 4375 3181 4447 καθαρὸς
3223 4376 3334 4429 ἀπὸ
3377 4374 3558 4446 ῥύπον,
3587 4367 3671 4421 οὐδ’

2149 4473 2214 4527 ἂν
2241 4474 2366 4542 μιᾶς
2395 4471 2603 4542 ἡμέρας
2629 4472 2854 4541 γένηται
2878 4471 2906 4522 ὁ
2929 4469 3041 4540 βίος
3064 4467 3231 4521 αὐτοῦ
3283 4467 3378 4520 ἐπὶ
3405 4467 3499 4536 τῆς
3522 4464 3622 4532 γῆς.
3653 4477 3666 4509 ι

2148 4557 2316 4628 Οὗτος
2341 4563 2396 4616 δὲ
2418 4562 2705 4632 ἀσώματος
2731 4560 2806 4614 ὢν
2834 4562 3063 4632 ἄμωμος
3081 4556 3149 4632 ἦν
3177 4559 3277 4631 τὴν
3298 4559 3471 4630 ἀρχήν
3489 4569 3503 4584 °
3524 4551 3672 4619 ἐπειδὴ

2145 4657 2202 4709 δὲ
2228 4659 2295 4727 τῇ
2327 4655 2419 4707 ἐπὶ
2451 4654 2512 4706 τὸ
2540 4654 2720 4723 χεῖρον
2753 4653 3020 4723 ἐχρήσατο
3065 4654 3226 4723 ῥοπῇ,
3255 4652 3336 4713 είς
3365 4649 3463 4706 τὴν
3489 4650 3546 4702 ἐκ
3581 4645 3669 4698 δια·

2151 4748 2347 4818 μέτρου
2375 4748 2395 4778 ⁹
2419 4745 2667 4800 ἐναντίαν
2693 4745 2810 4797 ὁδὸν
2843 4743 3138 4814 ἐπορεύθη.
3447 4777 3452 4782 ρ

2223 4836 2316 4900 ις’.
2352 4835 2496 4891 Ἀπὸ
2542 4837 2651 4905 γὰρ
2709 4833 2980 4901 πλήθους
3031 4833 3134 4902 τῆς
3193 4828 3545 4904 περιδρομῆς
3583 4841 3672 4880 σου

2151 4927 2430 4994 ἕπλησας
2454 4926 2526 4980 τὰ
2543 4924 2770 4995 tam.er
2787 4942 2903 4983 σου
2921 4925 3193 4994 ἀνομίας,
3210 4924 3308 4978 καὶ
3329 4923 3590 4994 ἥμαρτες,
3602 4912 3675 4968 καὶ

1757 5257 1993 5311 νΑιιιΑς
2052 5254 2343 5312 LECTION
2352 5255 2453 5308 ES.

574 5349 620 5382 ⁸⁷
651 5352 788 5428 Κατ..
824 5348 1105 5428 goba:_ret_
1123 5365 1248 5428 cum
1283 5354 1537 5428 ⁸βίαιος-(1.
1590 5352 1718 5428 (v_id_.
1769 5352 1980 5428 _schol._
2012 5350 2274 5428 26},_des.
2324 5360 2514 5428 autem
2554 5348 2615 5428 in_
2656 5351 2704 5428 _A
2772 5349 2836 5428 "8
2867 5362 3020 5416 κεχρ.
3047 5373 3117 5428 -_
3143 5336 3672 5428 xagacu.“De§‘.iinjllo

486 5425 532 5491 ξι
567 5422 714 5491 παρά
738 5421 799 5473 e.
825 5423 948 5491 Des.
982 5420 1035 5474 in
1069 5419 1109 5472 Β
1139 5429 1192 5472 et
1218 5408 1406 5487 inria,’
1440 5408 1735 5491 Ηωνείαι.
1769 5421 1888 5491 l.e.
1967 5408 2216 5491 inito.
2247 5420 2292 5472 A
2322 5420 2544 5491 ἔδωκα.-
2576 5421 2616 5491 ,ι
2653 5419 2731 5472 ἐν.
2759 5408 3168 5491 A_p_raéiii._aii._
3228 5415 3346 5491 ne.
3371 5413 3447 5466 Ex
3469 5408 3670 5491 ειειιιηιιΣ

487 5487 592 5562 ξπ.
625 5487 713 5560 ᾡλ.
750 5492 824 5546 lta
858 5490 1146 5562 llebr.t,_7
1184 5491 1308 5561 leg.,
1341 5494 1436 5548 sed
1475 5487 1751 5562 supratt.
1808 5490 1864 5562 Ι,Δ
1905 5505 1959 5560 p.
1994 5490 2161 5562 {355.
2193 5488 2450 5562 ενοι-πῦρ

2493 5487 2715 5564 φλέ-γον.
2811 5479 2996 5564 ⁸⁵ξιξμπ.
3032 5483 3173 5564 lt_a_B
3202 5499 3301 5564 pro
3324 5479 3674 5564 ἐμπορίας,.ι;ξ

488 5541 614 5639 iis.
635 5541 733 5615 ai.
751 5541 1019 5639 διῖίοιςῖέ
1047 5541 1598 5639 κίεπρρῖῃρ-ῖιῑιοςίιτεέ
1616 5541 1780 5622 initia,
1809 5541 1965 5639 iis};
2003 5541 2477 5639 ίηιῖςιςεηδεω
2505 5541 2672 5614 iam
2699 5541 2983 5628 ἐγενήθῆς.
3067 5541 3392 5639 vimen.
3419 5541 3533 5607 viis.
3599 5541 3674 5594 εις

485 5628 774 5704 ἀκούομενζ
851 5633 954 5686 ⁹ἐκ
981 5629 1130 5700 διαμ.
1168 5628 1244 5686 Ita
1299 5631 1341 5686 Β
1374 5628 1473 5703 pro
1498 5628 1808 5701 διάμετρον,
1844 5636 1902 5684 ιιι
1929 5629 2055 5684 hab.
2088 5628 2174 5685 ed.
2205 5628 2379 5699 prior.
