3840 6202
188 326 318 390 1097

1269 327 1373 397 ΙΝ,
1390 325 1833 386 EZECIIIELIS
1871 324 2026 384 CAP.
2066 325 2315 384 XXVIII

3291 322 3423 389 1093

181 434 656 503 ἐτραυματίσθης
693 433 755 488 ¹⁰.
811 433 900 504 Μὴ
949 434 1234 505 ἀρκεσθεὶς
1281 439 1389 508 γάρ
1422 441 1486 508 τῇ
1538 438 1752 508 δοθείσῃ

1860 448 1940 491 tus
1970 454 2045 491 es.
2077 436 2194 492 Non
2226 444 2519 492 contentus
2547 436 2690 491 enim
2724 437 2850 490 data
2879 435 3045 508 916
3073 436 3170 492 tibi
3207 441 3426 508 sapien-

184 541 260 576 σοι
299 526 392 576 καὶ
426 523 609 592 σοφίᾳ,
646 525 741 576 καὶ
783 524 1019 596 ἐξουσίᾳ,
1076 527 1336 596 μειζόνων
1384 528 1440 581 δὲ
1475 528 1751 599 ἐρασθεὶς,

180 614 414 684 ἀνομίας
447 618 546 683 μὲν
576 615 791 685 πλήρης
825 615 1034 683 ἐγένου,
1066 618 1165 686 τῆς
1193 617 1249 670 δὲ
1278 620 1552 689 ἁμαρτίας
1591 618 1754 682 ἐδέξω

177 707 243 760 τά
271 706 592 776 τραύματα.
616 707 802 760 Ταῦτα
849 711 876 762 6
914 711 1199 780 προφήτης
1240 710 1465 774 Ἡσαΐας
1508 711 1636 780 περὶ
1663 711 1755 762 αὐ-

177 797 269 851 τοῦ
322 815 496 868 φηςιν
534 817 553 850 ‹
613 797 738 860 Πῶς
767 798 1020 864 ἐξέπεσεν
1047 801 1111 851 ἐκ
1147 799 1238 852 τοῦ
1269 797 1506 870 ὀύρανοῦ
1541 802 1569 852 6
1618 801 1754 853 ἐωσ-

175 889 346 959 φὸρος
375 892 404 942 6
440 889 583 959 πρωῒ
617 890 920 943 ἀνατέλλων
951 907 966 955 ;
1027 891 1310 962 συνετρίϐη
1346 894 1424 955 εἰς
1446 893 1542 962 τὴν
1578 893 1680 960 γῆν
1728 893 1756 943 6

174 980 528 1033 ἀποστέλλων
563 979 700 1049 πρὸς
733 981 909 1034 πάντα
935 982 1004 1034 τὰ
1053 982 1178 1050 ἔθνη
1209 999 1222 1048 ;
1264 1001 1282 1033 ι
1334 984 1614 1045 ’Ἀπαντας
1647 983 1755 1053 γάρ

175 1069 312 1141 ἔχων
347 1071 626 1139 ὑπηκόους
655 1070 744 1124 διὰ
783 1072 877 1124 τοῦ
926 1074 1193 1143 σωτηρίου
1245 1074 1479 1144 σταυροῦ
1527 1074 1627 1142 τῆς
1660 1091 1756 1127 τυ-

175 1161 424 1232 ραννίδος
456 1162 730 1227 ἐξέπεσεν.
770 1159 899 1216 Εἶτα
924 1164 1023 1232 τὴν
1052 1163 1327 1233 προτέραν
1357 1164 1522 1217 αὑτοῦ
1551 1164 1753 1232 διηγεῖο

172 1268 259 1304 ται
317 1252 546 1320 μανίαν,
595 1253 687 1304 καὶ
733 1253 830 1322 τὴν
885 1252 1334 1323 ὑπερϐάλλουσαν
1382 1255 1702 1318 ἀλαζονείαν
1739 1269 1753 1284 ο

177 1365 195 1397 ι
236 1347 310 1398 Σὺ
347 1345 408 1398 δὲ
443 1340 606 1406 εἶπας
649 1346 706 1397 ἐν
748 1348 814 1414 τῇ
841 1345 1050 1415 διανοίᾳ
1099 1363 1190 1398 σου
1214 1363 1227 1377 ·
1260 1347 1352 1408 Είς
1399 1345 1490 1399 τὸν
1525 1345 1752 1412 οὐρανὸν

170 1436 552 1504 ἀναϐήσομαι,
591 1436 777 1488 ἐπάνω
821 1434 930 1487 τῶν
960 1436 1177 1505 άστρων
1221 1436 1316 1488 τοῦ
1344 1433 1574 1506 ούρανοῦ
1603 1435 1757 1505 Θήσω

170 1527 259 1578 τὸν
295 1525 499 1595 θρόνον
539 1543 660 1596 μου,
688 1525 864 1578 καθιῶ
901 1527 960 1578 ὲν
983 1525 1101 1596 ὄρει
1129 1527 1318 1599 ὑψηλῷ
1349 1529 1440 1580 ἐπὶ
1467 1527 1532 1580 τά
1563 1529 1662 1598 ὅρη
1689 1528 1756 1581 τά

170 1617 358 1686 ὑψηλὰ
402 1618 476 1672 τά
511 1618 646 1689 πρὸς
696 1617 918 1689 βορρᾶν,
953 1620 1299 1691 ἀναϐήσομαι
1324 1620 1511 1673 ἐπάνω
1539 1619 1646 1672 τῶν
1668 1637 1754 1672 νε-

168 1707 376 1774 φελῶν,
409 1707 607 1777 ἔσομαι
636 1709 818 1778 ὅμοιος
849 1708 926 1778 τῷ
965 1709 1224 1781 Ὕψίστῳ.
1259 1729 1277 1760 ι
1309 1711 1446 1779 Ὀρη
1463 1710 1601 1762 δὲτὰ
1623 1709 1755 1780 πρὸς

1857 530 1932 582 tia
1960 541 2015 583 ct
2045 537 2313 598 potestate
2335 569 2349 594 ,
2382 529 2474 584 sed
2507 528 2774 598 majorum
2808 528 3106 596 cupiditate
3139 529 3424 595 incensus,

1858 617 2149 685 iniquitate
2208 617 2454 687 repletus
2484 632 2582 680 es,
2631 624 2686 671 et
2732 617 2944 685 peccati
2994 618 3220 672 vulnera
3264 634 3421 674 acce-

1856 709 2004 778 pisti.
2037 707 2161 762 Hzec
2195 708 2323 764 item
2358 709 2624 778 propheta
2655 710 2828 763 Isaias
2865 709 2932 763 de
2973 709 3094 778 ipso
3133 710 3419 779 loquitur:

1862 818 1880 850 ι
1910 799 2193 865 Quomodo
2223 801 2421 855 cecidit
2449 814 2479 853 a
2504 800 2646 854 caelo
2687 799 2884 855 lucifer
2927 816 3086 856 mane
3117 802 3379 857 exoriens
3405 805 3418 856 l

1856 895 2129 950 contritus
2150 903 2236 949 est
2264 895 2317 948 in
2349 901 2552 949 terram
2579 895 2671 962 qui
2705 893 2955 948 mittebat
2983 893 3049 947 ad
3077 909 3267 948 omnes
3296 910 3426 964 geu-

1858 994 1937 1038 tes
1964 993 1994 1024 ιι
2024 986 2036 1040 !
2070 1003 2088 1036 ι
2118 985 2255 1040 Cum
2283 985 2429 1039 enim
2465 999 2657 1039 omnes
2691 984 2793 1037 sibi
2832 983 3110 1052 subjectos
3162 984 3422 1049 haberet,

1859 1092 1954 1143 per
2015 1077 2318 1131 salutarem
2377 1089 2596 1130 crucem
2653 1074 2947 1144 tyrannide
3002 1074 3250 1144 dejectus
3314 1087 3421 1130 cst.

1860 1165 2063 1221 Deinde
2105 1166 2396 1235 pristinam
2441 1165 2620 1235 ipsius
2661 1173 2847 1218 narrat
2888 1165 3198 1230 insaniam,
3239 1174 3296 1220 et
3336 1168 3424 1221 in-

1858 1268 2072 1325 gentem
2109 1257 2481 1327 arrogantiam
2511 1275 2524 1310 :
2557 1276 2574 1307 ι
2605 1256 2686 1311 Tu
2717 1265 2900 1311 autem
2940 1256 3126 1310 dixisti
3170 1257 3223 1310 in
3255 1259 3425 1312 corde

1857 1355 1983 1410 tuo,
2010 1347 2067 1400 In
2099 1348 2298 1401 caalum
2331 1346 2621 1401 ascendam
2643 1388 2656 1410 ,
2693 1362 2860 1416 super
2892 1356 3044 1401 astra
3073 1347 3196 1402 caeli
3222 1363 3422 1417 ponam

1859 1437 2117 1490 thronum
2178 1452 2394 1500 meum;
2455 1435 2655 1492 sedebo
2713 1437 2770 1490 in
2825 1445 3008 1490 monte
3057 1437 3199 1502 alto,
3260 1452 3427 1506 super

1857 1533 2074 1581 montes
2103 1525 2351 1579 excelsos
2384 1523 2451 1577 ad
2497 1524 2814 1592 aquilonem
2840 1562 2856 1587 ,
2909 1525 3204 1580 ascendam
3257 1541 3424 1596 supra

1859 1618 2030 1672 nubes
2050 1658 2062 1682 ,
2093 1632 2186 1671 ero
2218 1617 2412 1671 similis
2445 1615 2732 1671 Altissimo
2752 1621 2806 1671 °.
2840 1633 2859 1667 ι
2889 1615 3100 1672 Montes
3154 1625 3334 1671 autem
3355 1619 3424 1671 ad

1860 1709 2167 1776 aquilonem
2218 1716 2380 1762 vocat
2426 1708 2695 1762 scelerum
2743 1709 3084 1764 occasiones.
3135 1710 3217 1764 Ab
3269 1712 3424 1783 aqui-

170 1797 380 1868 βορρἅ
434 1798 592 1851 καλεί
616 1798 714 1860 τὰς
742 1799 836 1868 τῆς
881 1799 1079 1862 κακίας
1111 1800 1385 1870 ἀφορμάς.
1422 1799 1553 1852 Ἀπὸ
1590 1800 1753 1870 βορρᾶ

1862 1799 1984 1852 lonc
2012 1797 2156 1852 enim
2188 1798 2490 1852 secundum
2523 1803 2848 1867 prophetam
2881 1799 3249 1856 exardescent
3282 1803 3426 1855 mala

166 1887 294 1957 γὰρ,
337 1888 492 1941 κατά
537 1888 627 1941 τὸν
672 1890 978 1959 προφήτην,
1033 1892 1432 1961 ἐκκαυθήσεται
1487 1890 1556 1943 τά
1609 1890 1755 1943 κακά

167 1977 258 2028 ἐπὶ
317 1978 544 2038 πάντας
595 1977 722 2039 τοὺς
793 1979 1180 2040 κατοικοῦντας
1247 1978 1344 2049 τὴν
1391 1981 1515 2050 γῆν.
1571 1979 1756 2043 Οῦτως

166 2065 338 2119 αὑτοῦ
402 2067 706 2135 γυμνώσας
756 2067 848 2121 τὸν
886 2067 1056 2135 τῦφον
1108 2070 1471 2139 προαγορεύει
1523 2072 1613 2124 καὶ
1656 2072 1755 2140 τὴν

166 2157 523 2210 κατάλυσινο
559 2175 577 2208 ι
623 2157 735 2209 Νῦν
789 2157 845 2209 δὲ
900 2159 980 2219 εἰς
1029 2157 1161 2229 ᾅδην
1210 2160 1498 2231 καταδήσῃ
1553 2162 1632 2223 εἰς
1688 2163 1755 2214 τὰ

165 2247 400 2316 θεμέλια
460 2247 558 2315 τῆς
581 2247 704 2316 γῆς.
739 2265 757 2298 ι
795 2247 966 2299 Τοῦτο
1015 2251 1108 2301 καὶ
1130 2251 1159 2300 6
1187 2249 1327 2312 θεῖος
1369 2251 1626 2321 Ἰεζεκιὴλ
1651 2252 1756 2304 ὑπὸ

162 2333 255 2385 τοῦ
289 2333 446 2385 Θεοῦ
475 2333 652 2402 λέγειν
678 2335 1008 2389 διδάσκεται.
1038 2354 1055 2387 ι
1094 2335 1224 2389 Ἀπὸ
1252 2337 1412 2408 ὅρους
1437 2340 1564 2410 γὰρ,
1601 2342 1752 2409 φησι,

163 2424 254 2477 τοῦ
279 2424 434 2478 Θεοῦ
465 2426 740 2496 κατήγαγέ
792 2425 831 2457 ¹¹
878 2443 935 2479 σε
960 2427 1022 2479 τὸ
1047 2429 1260 2498 Χεροὺό
1285 2431 1344 2482 τὸ
1374 2432 1663 2495 συσκιάζον
1689 2433 1754 2484 ἐκ

166 2515 341 2582 μέσου
373 2514 546 2567 λίθων
583 2515 844 2585 πυρίνων.
883 2535 902 2567 ›
942 2516 1077 2570 Τότε
1121 2519 1218 2588 μὲν
1256 2514 1347 2572 οῦν
1371 2521 1531 2574 αὐτὸν
1561 2522 1622 2574 τὸ
1646 2523 1752 2574 Χε-

167 2605 321 2673 9066,
340 2606 454 2676 τὴν
471 2607 512 2637 ¹¹
531 2606 679 2659 θείαν
708 2606 865 2670 δόξαν
883 2607 1203 2677 ἀξιούμενον
1233 2610 1439 2680 φέρειν,
1459 2612 1564 2664 τῶν
1587 2613 1755 2680 ἁγίων

163 2697 410 2767 ἐχώρισε
472 2697 774 2767 δυνάμεων,
824 2698 881 2750 αἶ
927 2698 991 2769 δὴ
1037 2699 1082 2730 ¹³
1116 2700 1210 2752 καὶ
1255 2701 1755 2772 προσαγορεύονται

165 2789 423 2860 πύρινοι·
463 2789 558 2842 νῦν
584 2790 640 2843 δέ
666 2792 713 2842 οἱ
737 2791 834 2860 τῆς
858 2789 1006 2855 θείας
1037 2791 1342 2854 ἐπιϐάσεως
1369 2793 1509 2855 ἄξιοι
1541 2793 1626 2845 διά
1657 2794 1756 2864 τὴν

161 2879 261 2948 τῆς
289 2880 490 2948 ψυχῆς
524 2879 896 2948 καθαρότητα,
924 2873 999 2934 ὧν
1027 2881 1084 2933 ἐν
1133 2883 1252 2944 ταῖς
1282 2882 1530 2950 καρδίαις
1557 2886 1612 2935 αἱ
1662 2885 1756 2936 τοῦ

158 2970 296 3022 Θεοῦ
337 2969 833 3032 άναὸάσεις,-κατὰ
862 2969 955 3022 τὸν
987 2969 1128 3024 θεῖον
1163 2973 1470 3043 προφήτην,
1506 2973 1754 3038 ἐξουσίαν

1857 1903 2022 1956 super
2053 1903 2244 1942 omnes
2278 1889 2591 1944 habitantes
2641 1898 2867 1945 terram.
2913 1889 2979 1944 Et
3026 1891 3103 1945 ita
3152 1891 3426 1960 patefacta

1857 1979 2004 2033 illius
2028 1980 2284 2047 superbia
2303 2020 2315 2042 ,
2345 1980 2591 2048 praedicit
2623 1981 2787 2034 etiam
2813 1981 3154 2036 eversionem
3183 1999 3196 2034 :
3228 2001 3244 2033 ι
3268 1981 3426 2036 Nunc

1857 2075 2036 2120 autem
2073 2067 2124 2119 in
2161 2067 2436 2121 infernum
2473 2068 2780 2122 descendcs
2825 2069 2880 2122 in
2927 2068 3283 2126 fundamenta
3312 2080 3424 2128 ter-

1857 2170 1929 2208 rae
1962 2165 2009 2208 ι).
2044 2175 2062 2206 ι
2089 2155 2204 2210 Hoc
2237 2157 2364 2211 item
2398 2157 2620 2212 divinus
2651 2157 2909 2212 Ezechiel
2943 2174 2971 2211 a
3008 2158 3118 2213 Deo
3149 2161 3297 2230 loqui
3328 2164 3425 2216 do-

1856 2257 2027 2301 cetur.
2056 2267 2074 2298 ι
2104 2246 2146 2299 Α
2172 2237 2353 2301 monte
2371 2247 2519 2302 enim
2548 2246 2677 2311 Dei,
2705 2249 2915 2317 inquit,
2947 2249 3175 2305 deduxit
3201 2262 3253 2306 te
3284 2251 3424 2308 Che-

1857 2338 1960 2392 rub
2010 2339 2347 2394 obumbrans
2391 2338 2460 2393 de
2512 2339 2692 2394 medio
2746 2341 2986 2409 lapidum
3049 2342 3418 2410 ignitorum.»

1856 2428 2010 2483 Tunc
2043 2430 2210 2499 igitur
2233 2444 2359 2484 eum
2383 2429 2632 2495 Cherub,
2663 2431 2809 2500 quod
2840 2441 2897 2485 ut
2927 2431 3168 2485 divinam
3195 2432 3422 2500 gloriam

1859 2519 2021 2574 ferret
2058 2521 2282 2590 dignum
2331 2520 2658 2584 habebatur,
2707 2535 2738 2575 a
2795 2524 3008 2578 sanctis
3055 2524 3424 2592 potestatibus

1858 2611 2168 2679 separavit,
2217 2627 2340 2680 quae
2391 2611 2559 2666 etiam
2612 2613 2798 2683 ignitae
2835 2615 3226 2684 appellantur;
3277 2630 3424 2670 nunc

1857 2715 1986 2755 vero
2016 2701 2083 2763 ii,
2116 2701 2210 2769 qui
2247 2711 2377 2756 sunt
2403 2701 2594 2757 divino
2619 2717 2852 2758 ascensu
2881 2704 3033 2774 digni
3061 2715 3286 2773 preptcr
3311 2705 3426 2758 aui-

1859 2792 1930 2847 mi
1958 2790 2314 2855 munditiem,
2350 2791 2403 2844 in
2435 2805 2667 2860 quorum
2700 2793 2963 2847 cordibus
2993 2802 3123 2848 sunt
3156 2808 3424 2850 ascensus

1863 2881 1956 2935 Dei
2011 2881 2313 2936 secundum
2374 2881 2622 2935 divinum
2677 2883 3032 2952 prophetam,
3097 2890 3422 2953 potestatem

1861 2971 2040 3040 ipsum
2075 2969 2305 3038 pedibus
2332 2969 2693 3025 conculcandi
2730 2984 3013 3040 accepere.

159 3061 362 3114 ἔλαόον
388 3061 509 3122 τοῖς
541 3061 694 3112 ποσὶν
715 3060 876 3113 αὐτὸν
901 3060 946 3092 ¹⁴⁵
974 3065 1296 3130 συμπατεῖν.

233 3154 324 3217 ιζ’.
377 3153 392 3170 ⁹
410 3149 625 3219 Υψὼθη
662 3151 698 3217 ἡ
740 3151 953 3219 καρδία
975 3166 1114 3214 σου,
1145 3151 1244 3205 ἐπὶ
1273 3152 1352 3216 τῷ
1378 3152 1589 3208 κάλλει
1613 3170 1750 3210 σου.

1927 3139 2091 3195 Vsus.
2136 3141 2221 3192 17.
2257 3139 2531 3194 Elevatum
2559 3149 2635 3192 est
2663 3156 2754 3193 cor
2779 3149 2926 3193 tuum
2949 3150 3158 3210 propter
3185 3143 3421 3210 pulchri-

1857 3229 2086 3282 tudinem
2115 3238 2279 3282 luam.
2312 3229 2520 3298 Ingenti
2539 3267 2553 3290 ,
2587 3229 2798 3296 inquit,
2828 3229 3087 3298 superbia
3116 3231 3298 3287 elatus
3323 3248 3384 3288 es
3403 3271 3419 3296 ,

1854 3320 2167 3388 conspectis
2202 3320 2269 3395 iis
2303 3319 2463 3374 bonis
2489 3362 2502 3385 ,
2532 3318 2694 3389 917
2729 3334 2850 3388 qua:
2881 3334 2909 3371 a
2946 3335 3032 3374 me
3074 3322 3170 3376 tibi
3218 3339 3422 3392 suppe-

1853 3412 2023 3464 ditata
2055 3418 2205 3466 sunt.
2235 3429 2252 3461 ‹
2283 3411 2557 3479 Corrupta
2589 3419 2674 3464 est
2719 3410 2953 3465 scientia
2998 3420 3090 3466 tua
3131 3426 3255 3466 cum
3299 3415 3419 3483 pul-

1855 3501 2168 3557 chritudine
2200 3509 2316 3556 tua.
2339 3519 2358 3552 ι
2384 3499 2654 3556 Omnibus
2678 3539 2692 3564 ,
2726 3499 2910 3569 inquit
2929 3539 2944 3565 ,
2973 3502 3199 3558 orbatus
3227 3503 3381 3561 fuisti
3401 3545 3420 3568 ,

160 3244 354 3311 Μέγα,
386 3241 581 3310 φησὶν,
613 3240 918 3311 ἐφρόντισας
948 3241 1015 3293 τά
1041 3243 1174 3312 παρ’
1195 3241 1328 3311 ἐμοῦ
1380 3259 1462 3295 σοι
1519 3261 1756 3315 χορηγη-

158 3334 330 3387 θέντα
378 3333 723 3400 θεασάμενος
767 3330 965 3399 ἀγαθά.
1004 3350 1022 3382 ι
1063 3331 1338 3400 Διεφθάρη
1390 3333 1422 3400 ἡ
1477 3334 1752 3403 ἐπιστήμη

158 3442 254 3478 σου
311 3421 467 3494 μετὰ
508 3421 602 3474 τοῦ
654 3423 884 3484 κάλλους
929 3439 1044 3474 σου.
1081 3440 1099 3470 ι
1132 3421 1376 3485 Πάντων,
1410 3423 1592 3490 φησὶν,
1632 3425 1755 3490 ἐγυ-

160 3513 427 3584 μνώθης,
462 3511 560 3581 τὴν
581 3510 829 3563 δοθεῖσάν
859 3528 941 3563 σοι
968 3510 1122 3576 τάξιν
1144 3508 1478 3562 καταλιπών.
1517 3529 1534 3561 ι
1581 3510 1680 3564 Διὰ
1711 3512 1754 3542 ¹⁸

156 3606 218 3658 τὸ
244 3602 473 3674 πλῆθος
499 3601 609 3653 τῶν
631 3602 917 3672 ἁμαρτιῶν
949 3618 1042 3654 σου
1074 3601 1167 3654 ἐπὶ
1193 3600 1290 3672 τὴν
1323 3603 1426 3672 γῆν
1449 3601 1648 3672 ἕρῤιψά
1671 3619 1750 3654 σε·

1856 3605 1978 3644 cum
2016 3590 2355 3659 assignatum
2391 3589 2491 3642 tibi
2525 3587 2778 3642 ordinem
2812 3588 3111 3657 reliquisti.
3141 3607 3158 3640 ι
3189 3591 3422 3661 Propter

158 3693 422 3749 ἐναντίον
466 3690 728 3761 βασιλέων
769 3691 977 3745 δέδωκά
1013 3692 1056 3722 ¹⁶
1095 3708 1154 3743 σε
1211 3692 1752 3762 παραδειγματισθῆ-

1856 3681 2265 3736 multitudinem
2297 3689 2652 3750 peccatorum
2683 3687 2904 3733 tuorum
2950 3680 3007 3734 in
3050 3689 3250 3735 terram
3287 3698 3412 3750 pro-

157 3805 268 3840 ναι.
314 3804 337 3835 ι
379 3783 562 3854 Πολλῇ
597 3763 852 3854 πονηρίᾳ,
895 3783 1060 3852 φησι,
1093 3782 1460 3852 χρησάμενος,
1508 3782 1607 3852 τῆς
1640 3782 1752 3835 άνω

1856 3771 1953 3838 ieci
1981 3781 2072 3826 te:
2113 3785 2298 3825 coram
2329 3769 2553 3840 regibus
2583 3767 2709 3825 dedi
2752 3777 2806 3823 te
2856 3777 2914 3823 ut
2963 3770 3356 3827 traducereris.
3393 3793 3413 3826 ι

159 3872 260 3942 μὲν
296 3871 582 3936 ὲξέπεσας
609 3869 813 3934 τάξεως
850 3869 912 3932 ¹⁷,
945 3870 1091 3921 κάτω
1113 3868 1169 3920 δὲ
1195 3868 1526 3940 άπεῤῥίφης,
1574 3873 1653 3933 εἰς
1691 3871 1752 3923 τὺ

1856 3861 2052 3928 Multa,
2090 3861 2306 3930 inquit,
2360 3861 2715 3929 improbitate
2760 3859 3038 3929 superiori
3092 3862 3288 3916 ordine
3322 3865 3419 3932 qui

155 3960 445 4028 γελᾶσθαι
477 3958 628 4028 παρὰ
657 3958 767 4010 τῶν
796 3959 896 4025 τὴν
949 3957 1195 4010 δοθεῖσαν
1241 3958 1425 4021 αὐτοῖς
1456 3959 1750 4026 φυλαττόν-

1856 3952 2122 4016 excidisti,
2156 3960 2210 4005 et
2231 3957 2246 3972 '
2277 3952 2538 4006 deorsum
2562 3949 2845 4019 projectus
2876 3965 2959 4014 es,
2993 3958 3051 4005 ut
3073 3951 3142 4006 ab
3165 3952 3234 4006 iis
3278 3957 3419 4007 assi-

153 4067 266 4104 των
303 4049 491 4113 τάξιν,
520 4049 613 4100 καὶ
643 4047 822 4112 καλῶς
857 4047 1158 4117 βασιλεύειν
1191 4047 1298 4100 τῶν
1331 4049 1388 4100 ἐν
1423 4049 1602 4112 αὐτοῖς
1631 4052 1750 4102 ἐπι-

1856 4050 2075 4111 gnatum
2125 4043 2234 4098 sibi
2288 4043 2537 4098 ordinem
2590 4049 2945 4107 servassent,
3003 4043 3209 4113 quique
3263 4055 3414 4099 recte

155 4141 466 4211 σταμένων
499 4138 707 4191 παθῶν.

1856 4134 1968 4188 suis
2000 4132 2385 4188 ali‘ectiouibus
2418 4135 2689 4202 imperare
2721 4135 3026 4197 novissent,
3058 4133 3416 4188 deridereris.

229 4237 333 4300 ιη’.
375 4229 482 4282 Διὰ
535 4230 598 4281 τὸ
630 4228 864 4296 πλῆθος
905 4228 1023 4282 τῶν
1072 4229 1373 4299 ἁμαρτιῶν
1401 4230 1443 4262 ¹⁸
1474 4245 1610 4293 σου,
1648 4232 1746 4284 καὶ

1926 4223 2090 4279 Vsus.
2134 4224 2221 4278 18.
2261 4223 2368 4277 Per
2395 4223 2784 4277 multitudinem
2820 4234 3152 4292 peccatorum
3182 4235 3414 4285 tuorum.

153 4315 426 4371 ἀδικιῶν
453 4317 495 4348 ¹⁹
526 4316 638 4384 τῆς
666 4316 950 4385 ἐμπορίας
993 4331 1130 4380 σου,
1155 4316 1538 4385 ἐϐεϐήλωσας
1563 4318 1608 4349 ¹⁰
1643 4318 1749 4369 τὸν

1856 4326 1898 4368 et
1921 4316 2223 4385 iniquitates
2251 4315 2626 4384 negatiationis
2666 4325 2791 4378 tute,
2838 4313 3135 4380 profanain
3175 4313 3418 4380 sanctiﬁ-

151 4407 478 4477 ἁγιασμόν
506 4408 548 4438 ¹¹
583 4421 720 4461 σου.
749 4406 1073 4461 Είπάτωσαν
1096 4409 1144 4460 οἱ
1181 4407 1566 4474 ἀντιλέγοντες,
1599 4411 1747 4460 ποῖον

1856 4407 2109 4460 sationem
2165 4416 2333 4458 tuam.
2388 4404 2583 4458 Dicant
2642 4404 2677 4456 ii
2726 4404 2818 4471 qui
2870 4409 3198 4472 repugnant,
3249 4415 3414 4471 quam

152 4451 452 4569 ἁγιασιῗὺν
495 4494 641 4568 εἶχεν
690 4500 718 4551 6
765 4498 1027 4570 δυσσεϐὴς
1061 4499 1159 4566 τῆς
1204 4451 1383 4569 Τύρού
1443 4451 1698 4566 βασίλεύς
1727 4517 1742 4532 ο

1856 4451 2108 4460 -_..-..-..-
2165 4451 2333 4458 mm.--
2388 4451 2582 4458 ηπ---
2643 4451 2677 4456 --
2730 4451 2818 4471 1"-
2870 4451 3198 4472 προπίω,

1856 4494 2344 4549 sanetilicationem
2377 4491 2631 4546 habuerit
2663 4490 2864 4560 impius
2906 4505 3000 4544 rex
3034 4489 3182 4560 Tyri.
3219 4488 3414 4544 Verum

149 4594 273 4648 ἁλλ’
301 4592 410 4643 οὐκ
445 4589 510 4642 ἂν
547 4589 723 4657 ἔχοιεν
759 4588 945 4654 δεῖξαι.
1001 4583 1166 4651 Οὗτος
1199 4589 1278 4654 δὲ,
1330 4589 1457 4658 περὶ
1496 4583 1556 4641 οῦ
1600 4588 1692 4641 νῦν
1718 4591 1746 4642 ὁ

149 4683 352 4750 λόγος,
386 4680 551 4749 ἡνίκα
571 4673 651 4740 εἷς
675 4679 780 4730 τῶν
803 4678 972 4745 ἁγίων
1001 4678 1356 4746 ἁρχαγγέλων
1389 4677 1658 4746 ὑπῆρχεν,
1683 4681 1741 4731 ἐν

154 4769 441 4844 μετουσίᾳ
488 4764 556 4838 ἧν
611 4767 915 4837 ἁγιωσύνης
971 4769 1188 4836 ἀπάσης
1214 4784 1226 4796 ·
1298 4767 1412 4820 ἀλλ’
1438 4769 1599 4831 αὑτὸς
1655 4769 1745 4820 τὸν

149 4857 448 4928 ἀγιασμὸν
473 4856 780 4926 ἐϐεϐήλωσε
805 4859 948 4927 κακῇ
989 4859 1334 4927 χρησάμενος
1364 4859 1626 4928 ἐμπορία,
1651 4860 1746 4912 καὶ

149 4948 254 5004 τοῦ
287 4947 544 5008 πλείονος
574 4947 918 5018 ἐπιθυμήσας
949 4947 1045 4999 καὶ
1066 4948 1174 5000 τῶν
1201 4947 1461 5001 δοθέντων
1495 4948 1740 5012 ἐξέπεσε.

752 5126 774 5152 ο
811 5118 940 5173 ibid.
975 5118 1179 5180 15,14.

220 5121 252 5148 ι’
305 5118 411 5174 lsa.
441 5134 556 5182 ιιν,
586 5115 675 5172 1-2.
752 5126 774 5152 ο
811 5118 940 5173 ibid.
975 5118 1179 5180 13,14.
1295 5131 1320 5169 P
1346 5120 1477 5173 ibid.
1513 5119 1598 5173 15.

1853 4601 1960 4637 non
1998 4589 2258 4654 poterunt
2295 4583 2608 4635 ostendere.
2639 4579 2748 4635 Iste
2789 4589 2996 4642 autem,
3027 4579 3095 4634 de
3123 4593 3234 4648 quo
3268 4593 3416 4634 nunc

1853 4675 2149 4745 loquimur,
2179 4673 2401 4740 quando
2427 4685 2572 4725 unus
2604 4681 2924 4726 sanctorum
2951 4669 3410 4738 arehaugelorum

1851 4775 1988 4830 erat,
2025 4765 2204 4821 omnis
2247 4765 2707 4821 sanctiﬁcationis
2757 4771 2877 4818 erat
2938 4763 3209 4831 particeps
3246 4781 3262 4816 :
3316 4763 3412 4818 sed

1853 4861 1971 4929 ipse
1999 4858 2304 4928 profanavit
2343 4856 2865 4918 sanetilicationem,
2897 4853 3038 4908 mala
3072 4868 3208 4907 usus
3242 4868 3412 4923 nego-

1852 4949 2080 5004 tiatione
2108 4969 2121 5000 :
2154 4948 2472 5016 majoraquc
2501 4953 2767 5014 expetens
2796 4943 2961 4998 etiam
2995 4941 3280 4998 concessis
3306 4941 3411 4996 sibi

1475 5271 1704 5325 VARl/E
1748 5268 2149 5325 LECTIONES.

222 5426 275 5498 Ψ
314 5427 431 5498 ἐτρ.
456 5426 710 5498 Cohaeret
736 5439 858 5498 eum
887 5424 994 5498 illis
1023 5422 1368 5498 quaedeinde
1402 5440 1515 5498 seq.
1555 5424 1662 5498 ἀπὸ
1693 5425 1876 5498 ᾇρους,
1913 5444 1968 5480 κ.
1998 5443 2049 5498 τ.
2082 5425 2130 5478 λ.
2158 5425 2320 5498 Hebr.
2364 5423 2486 5498 ideo
2504 5422 2864 5498 profanatum
2902 5423 3406 5498 dejiciam_te1_etc-

238 5497 308 5576 A_
346 5493 439 5576 ita}
475 5497 904 5576 gyaye,_omisso
931 5493 1010 5576 σέ,
1044 5501 1097 5546 et
1125 5493 1182 5544 τὸ
1222 5510 1375 5576 σὲσκ.
1436 5563 1446 5573 _
1474 5497 1514 5524 ”
1545 5495 1662 5576 τήν.
1691 5494 1730 5545 Β

151 5567 203 5599 ¹⁵
269 5567 310 5619 Β
363 5561 608 5621 αὐτῶν(
665 5564 708 5596 ¹⁸
736 5563 1033 5630 διά-ἀμ.
1077 5579 1190 5614 σου.
1244 5562 1366 5615 Des.
1434 5563 1488 5616 in
1549 5561 1714 5617 Hebr.

149 5637 348 5714 "_1:d§_.
379 5639 420 5690 Β
458 5636 687 5714 λήξεωςἶ
739 5633 781 5714 ξ’
807 5634 903 5714 ἀμ.
934 5633 1009 5683 lta
1056 5632 1144 5714 Α..
1169 5632 1259 5714 sed
1293 5631 1338 5714 Β.
1353 5633 1512 5686 habet
1537 5633 1794 5714 art-aptari,
1827 5630 2398 5714 sicqueninfranlltcr.
2435 5633 2543 5714 fab:
2576 5630 2684 5714 l."c.

153 5707 296 5759 τῶν.
325 5709 398 5762 Ita
432 5701 654 5777 quoque
677 5701 840 5764 infra,
877 5702 911 5755 Ι.
941 5717 991 5752 c.
1056 5702 1098 5730 '°
1132 5701 1292 5764 lnl'ra,
1329 5703 1362 5755 Ι.
1390 5717 1440 5755 c.
1475 5712 1558 5756 est
1587 5701 1918 5772 ἐϐεϐήλωσα.

493 5797 764 5857 ΡΑτιιοιη
805 5793 922 5851 Gn.
977 5792 1234 5851 LXXXI.

1761 5510 1946 5563 praem.
1973 5496 2051 5547 τό.

2167 5494 2318 5561 ¹³δή.
2364 5491 2438 5545 Ita
2504 5491 2543 5544 Β
2592 5508 2688 5562 pro
2740 5494 2818 5554 δέ,
2855 5500 2914 5546 ιιι
2955 5491 3080 5547 liab.
3113 5493 3200 5548 ed.
3233 5493 3399 5546 Sirm-

1844 5565 1886 5594 ³⁸
1909 5565 1950 5615 Α
1984 5573 2038 5618 et
2080 5564 2117 5614 Β
2150 5563 2345 5615 ἔδωκα.
2385 5563 2458 5615 Ita
2503 5561 2722 5632 quoque
2757 5563 2917 5623 infra,
2958 5563 3104 5616 Ηων.
3131 5561 3247 5681 [σὺ.
3277 5562 3312 5613 Ι.
3345 5577 3396 5614 c-

1844 5633 2013 5683 ticuue
2045 5633 2216 5683 infra.
2255 5630 2398 5683 Iltcr.
2437 5633 2543 5683 fab.
2576 5633 2608 5683 l.
2637 5647 2684 5683 c.
2805 5632 2844 5661 ¹⁹
2867 5632 2955 5683 άδ.
2978 5632 3022 5683 Α
3052 5641 3098 5683 et
3151 5632 3170 5680 Β
3210 5645 3393 5683 mann-

2046 5641 2216 5692 inl'ra,
2255 5641 2398 5684 Mter.
2435 5641 2543 5698 (ab.
2576 5641 2608 5684 I.
2637 5647 2684 5684 c.
2805 5641 2844 5661 "
2867 5641 2955 5683 ᾱσ.
2978 5641 3022 5683 A
3052 5641 3098 5685 el
3132 5641 3170 5681 IS
3209 5645 3371 5699 praua

2023 5703 2062 5732 ²¹
2095 5703 2184 5752 τὸν
2219 5703 2304 5768 ἀγ.
2347 5702 2384 5752 Λ
2431 5702 2495 5752 τὰ
2522 5702 2658 5769 ἱερά.

2967 5792 3040 5848 33
