3860 6206
270 344 396 412 lilii

1422 363 1501 422 IN
1546 364 1987 423 EZECHIELIS
2025 366 2180 426 CAP.
2222 367 2402 427 XXX.

3359 368 3493 430 ιιιι

258 459 552 526 Αἴγυπτον.
587 462 773 516 Ταῦτα
812 462 867 515 δὲ
911 466 1003 518 καὶ
1045 466 1131 520 διὰ
1175 469 1438 541 Ἱερεμίου
1481 475 1577 526 τοῦ
1611 481 1824 546 προφη-

1933 479 1980 532 in
2010 487 2153 534 terra
2181 479 2420 548 lEgypti,
2453 478 2738 556 cujusnam
2775 479 2999 534 verbum
3033 489 3276 545 maneat,
3313 497 3491 534 meum

256 567 346 603 του
376 551 594 622 εἴρηται
617 569 631 584 ·
686 573 702 604 ι
734 555 1038 610 Γνώσονται
1060 559 1189 629 γὰρ,
1217 564 1369 632 φησὶ,
1411 565 1611 629 πάντες
1639 567 1689 619 oi
1721 585 1824 620 κα-

253 641 505 695 τάλοιποι
544 645 640 696 τοῦ
681 645 872 710 Ἰούδα,
923 649 971 700 οἱ
1013 652 1402 722 παροικοῦντες
1452 658 1511 708 ἐν
1558 659 1627 726 γῇ
1667 656 1832 724 Αίγύ-

252 749 411 796 πτου,
443 734 601 802 λόγος
635 737 778 800 τίνος
822 739 1065 808 ὲμμενεϊ,
1098 742 1126 793 ὁ
1158 742 1310 811 ἐμὸς,
1343 747 1374 814 ἢ
1413 748 1440 798 ὁ
1475 747 1652 798 αὐτῶν
1672 761 1686 776 ·
1737 748 1831 800 καὶ

251 823 408 877 τοῦτο
440 826 570 893 ὑμῖν
599 827 660 878 τὸ
691 832 939 898 σημεῖον,
987 833 1118 902 φησὶ
1164 834 1396 905 Κύριοςο
1437 835 1568 889 Ἰδοὺ
1612 837 1724 904 ἐγὼ
1755 837 1833 890 δί-

248 916 390 983 δωμι
430 916 525 969 τὸν
568 919 772 987 Φαραὼ
819 921 1042 992 θύαφρῆ
1091 922 1316 992 βασιλέα
1345 927 1620 995 Αἰγύπτου
1671 928 1823 981 ἐκδο-

247 1022 338 1057 τον
365 1007 445 1069 είς
475 1010 662 1078 χεῖρας
688 1009 991 1080 ζητούντων
1014 1013 1189 1084 ψυχὴν
1217 1016 1403 1081 αὐτοῦ,
1437 1017 1620 1080 καθὼς
1650 1018 1826 1071 ἔδωκα.

245 1095 338 1148 τὸν
388 1097 643 1151 Σεδεκίαν
688 1099 909 1168 βασιλέα
955 1103 1122 1158 Ἰούδα
1165 1107 1244 1169 εἰς
1275 1109 1461 1178 χεῖρας
1493 1108 1824 1177 Ναϐουχοδο-

248 1185 410 1255 νόσορ
462 1186 724 1255 βασιλέως
776 1191 1093 1256 Βαϐυλῶνος
1130 1197 1324 1266 ἐχθροῦ
1378 1197 1562 1263 αὑτοῦ,
1609 1199 1700 1250 καὶ
1732 1197 1827 1266 ζη-

249 1275 472 1338 τοῦντος
517 1278 695 1349 ψυχὴν
741 1283 924 1337 αὐτοῦ.
958 1303 978 1335 ι
1014 1284 1301 1355 Συμφωνεῖ
1341 1289 1521 1341 τοίνυν
1573 1289 1825 1360 ἀλλήλοις

245 1364 317 1417 τὰ
387 1367 495 1419 ὑπὸ
559 1369 666 1421 τῶν
745 1371 901 1424 θείων
966 1375 1260 1443 προφητῶν
1341 1379 1823 1448 προηγορευμένα·

248 1455 508 1526 ἑνὸςὶγᾶρ
567 1461 875 1529 Πνεύματος
928 1463 1163 1533 ῥήματα.
1229 1466 1388 1519 οὖτω
1439 1467 1602 1520 πάλιν
1631 1483 1824 1536 προει-

1927 584 1993 621 an
2035 569 2316 638 ipsorum?
2349 569 2412 623 Et
2445 569 2545 624 hoc
2572 571 2729 624 VOblS
2755 571 2996 639 signum,
3024 571 3156 625 dicit
3189 569 3491 633 Dominus,

1929 657 2067 713 Ecce
2097 675 2196 729 ego
2229 662 2300 714 do
2337 661 2671 715 Pharaonem
2723 661 2994 730 Vaphrem
3042 678 3220 732 regem
3250 661 3492 730 JEgypti,

1929 749 2183 802 traditum
2211 750 2263 802 in
2293 766 2487 805 manus
2521 751 2870 806 inimicorum
2901 767 3124 806 suorum
3151 791 3165 815 ,
3203 759 3252 803 ct
3287 751 3340 803 in
3379 766 3495 803 Ina-

1929 852 2034 892 nus
2057 840 2418 907 quaerentium
2450 842 2684 895 animam
2715 843 2854 910 ejus,
2885 842 3028 896 sicut
3058 840 3180 894 dedi
3209 838 3492 892 Sedeciam

1927 944 2110 999 regem
2157 931 2311 986 Judze
2358 934 2410 985 in
2461 949 2683 986 manum
2736 931 3297 987 Nabuchodonosoris
3349 931 3494 999 regis

1927 1015 2218 1087 Babylonis
2275 1020 2480 1074 inimici
2542 1023 2704 1091 ejus,
2779 1031 2834 1077 et
2903 1023 3200 1090 quaerentis
3256 1021 3491 1073 animam

1924 1108 2044 1176 ejus
2067 1118 2113 1162 ι.
2143 1130 2162 1162 ι
2206 1109 2573 1165 Consentiunt
2606 1113 2774 1182 igitur
2803 1113 2944 1166 inter
2981 1127 3041 1166 se
3074 1127 3195 1181 quae
3233 1125 3260 1163 a
3291 1109 3493 1163 divinis

1927 1198 2183 1267 praedicta
2229 1208 2356 1255 sunt
2410 1201 2690 1269 prophetis
2747 1220 2761 1255 :
2836 1201 3000 1254 unius
3058 1201 3204 1254 enim
3267 1199 3498 1266 spiritus

1926 1289 2091 1342 verba
2128 1298 2274 1344 sunt.
2311 1290 2454 1362 [6-8]
2496 1289 2572 1344 Ita
2611 1307 2806 1345 rursus
2840 1291 3104 1360 prwdicta
3132 1297 3495 1357 accurateque

1925 1375 2148 1430 deﬁnita
2172 1379 2391 1448 [Egypti
2421 1381 2739 1446 solitudine,
2770 1390 2825 1436 et
2852 1390 3168 1452 nuncupato
3191 1381 3316 1449 igne
3335 1381 3498 1447 Assy-

1924 1465 2133 1518 riorum
2170 1482 2316 1536 rege,
2350 1469 2577 1535 subjicit
2610 1485 2622 1520 :

251 1544 438 1614 ρηκὼς
481 1547 617 1616 μετὰ
644 1550 736 1604 τοῦ
779 1551 1058 1623 διορισμοῦ
1101 1555 1202 1624 τῆς
1269 1557 1547 1626 Αἰγύπτου
1602 1557 1703 1628 τὴν
1762 1556 2018 1626 ἐρημίαν,
2084 1556 2178 1609 καὶ
2229 1557 2339 1628 πῦρ
2394 1558 2484 1612 τὸν
2559 1559 2838 1630 Ἀσσύριον
2897 1556 3338 1629 προσαγορεύσας
3404 1554 3495 1626 βα-

248 1637 399 1690 σιλέα
420 1639 464 1704 ⁸,
490 1642 704 1708 ἐπάγει·

318 1731 382 1784 θ’.
434 1735 531 1786 Ἐν
556 1734 633 1802 τῇ
664 1735 854 1804 ἡμέρᾳ
881 1737 1080 1807 ἐκείνῃ
1109 1740 1535 1803 ἐξελεύσονται
1579 1743 1818 1812 ἄγγελοι

244 1821 367 1876 ἀπὸ
385 1823 404 1853 ⁸
425 1827 749 1892 προσώπου
777 1845 896 1895 μου
917 1829 987 1882 ἐν
1013 1831 1151 1900 Σεὶμ
1165 1832 1208 1897 ⁷,
1241 1835 1642 1900 σπεύδοντεςδ
1675 1836 1825 1903 ἀφα-

1995 1737 2153 1792 Vans.
2187 1738 2237 1793 9.
2269 1739 2366 1793 Die
2397 1741 2488 1793 illo
2521 1740 2855 1811 egrediantur
2881 1738 3049 1792 nuntii
3107 1736 3270 1806 930
3297 1752 3330 1789 a
3359 1737 3494 1803 facie

1920 1846 2036 1883 mea
2068 1832 2120 1884 in
2152 1831 2299 1895 Sim,
2336 1833 2647 1900 festinantes
2683 1833 2856 1885 delere
2905 1829 3263 1896 Ethiopiam,
3302 1842 3442 1896 spem
3469 1839 3489 1879 .'

246 1914 415 1966 νίσαι
450 1915 562 1981 τὴν
587 1920 896 1972 Αἰθιοπίαν
941 1922 1058 1990 τὴν
1085 1924 1305 1978 ἐλπίδα
1331 1942 1344 1954 ⁸
1381 1927 1478 1979 καὶ
1517 1926 1687 1979 ἔσται
1729 1942 1824 1978 τα-

1933 1930 1975 1976 et
2024 1924 2120 1975 erit
2168 1924 2492 1991 perturbatio
2537 1926 2664 1992 ipsis
2718 1925 2770 1976 in
2825 1923 2910 1975 die
2940 1919 3184 1991 Afgypti,
3219 1921 3343 1989 quia
3379 1936 3494 1974 ecce

245 2007 406 2072 ρειχὴ
452 2009 686 2074 αὐτοῖς’
729 2011 798 2065 ἐν
839 2013 914 2082 τῇ
955 2015 1144 2083 ἡμέρᾳ
1180 2017 1501 2085 Αἰγύπτου,
1556 2017 1643 2070 ὅτι
1698 2017 1826 2070 ίδοὺ

245 2098 494 2180 ἥκει-ο
532 2102 774 2156 Ἐλπίδα
836 2106 933 2176 τὴν
978 2108 1261 2161 Αἰθιοπίαν
1307 2110 1531 2163 ἐκάλεσε
1558 2151 1572 2174 ,
1627 2109 1716 2160 διὰ
1765 2109 1826 2162 τὸ

245 2188 374 2250 τοὺς
405 2190 732 2255 Αἰγυπτίους
772 2197 838 2264 τῇ
872 2195 1090 2248 ἐκείνων
1125 2197 1342 2268 βοηθείᾳ
1374 2198 1598 2269 θαρρεῖν
1619 2212 1634 2228 ⁶
1683 2199 1743 2251 τὸ
1769 2199 1824 2251 δὲ

247 2277 390 2344 Sel};
433 2282 499 2348 τῇ
545 2280 751 2333 Ἐλλάδι
799 2287 945 2353 φωνῇ
978 2285 1047 2336 ἐν
1097 2286 1448 2355 ίσχύῖδηλοῖ.
1519 2284 1700 2338 Ταῦτα
1744 2287 1822 2350 δὲ,

245 2369 405 2436 φησι,
450 2370 558 2421 τῶν
602 2373 912 2439 Αἰγυπτίων
956 2377 1354 2444 ὑπομενόντων,
1392 2375 1825 2446 ταραχθὴσονται

244 2456 507 2522 Αἰθίοπες
545 2461 594 2512 οί
625 2461 832 2516 τούτων
863 2464 1166 2536 ἐπίκουροι,
1196 2467 1256 2518 οὺ
1299 2467 1458 2536 μόνον
1485 2466 1574 2518 διὰ
1603 2467 1672 2518 τὰ
1699 2466 1823 2518 τού-

245 2561 364 2608 τοις
399 2548 701 2602 ἐπελθόντα
741 2552 905 2618 κακὰ,
937 2553 1072 2607 ἀλλὰ
1104 2556 1198 2607 καὶ
1221 2554 1266 2586 ιο
1289 2554 1376 2607 διὰ
1406 2555 1503 2618 τὰς
1551 2557 1691 2623 σφᾶς
1727 2555 1826 2608 αύ-

245 2637 378 2698 τοῦς
433 2639 881 2710 καταληψομένας
927 2645 1211 2714 συμφορὰς
1269 2645 1332 2697 δι’
1376 2645 1621 2712 ἀγγέλων
1663 2646 1824 2697 τινῶν

246 2725 342 2778 ὑπ’
390 2729 528 2796 ἐμοῦ
571 2732 958 2801 πεμπομένων,
995 2735 1090 2788 καὶ
1125 2735 1497 2805 ἐπειγομένων
1529 2735 1823 2806 πληρῶσαι

243 2817 319 2870 τὰ
351 2820 781 2889 προσταχθέντα.

320 2913 427 2959 ι’-
456 2909 543 2976 ιβ’.
580 2909 725 2963 Τάδε
745 2911 908 2982 λέγει
938 2912 1188 2967 Ἄδωναῐ
1211 2915 1426 2982 Κύριος
1451 2929 1465 2945 '
1488 2913 1596 2968 Kal
1617 2911 1824 2967 ἀπολῶ

243 2998 317 3049 τὸ
345 2997 582 3065 πλῆθος
607 3000 726 3053 τῶν
741 3005 1078 3070 Αἰγυπτίων
1098 3005 1195 3058 διὰ
1218 3022 1308 3074 χει
1314 3005 1425 3072 ρὸς
1453 3004 1822 3072 Ναϐουχοδοο

244 3087 440 3155 νόσορ
472 3090 781 3156 βασιλέως
827 3093 1205 3160 Βαϐυλῶνος.
1248 3093 1502 3148 Αὑτοῦίί
1525 3135 1540 3157 ,
1577 3095 1673 3147 καὶ
1715 3094 1823 3148 τοῦ

244 3175 402 3229 λαοῦ
417 3177 603 3230 αὐτοῦ
615 3178 743 3246 μετ’
766 3181 951 3235 αὑτοῦ
976 3183 1016 3212 "
1041 3199 1054 3212 ·
1096 3184 1289 3252 λοιμοὶ
1331 3183 1451 3238 ἀπὸ
1495 3183 1686 3238 ἐθνῶν
1718 3184 1822 3238 ἀπ-

1929 2014 2084 2066 venit.
2111 2043 2182 2052 —
2208 2012 2360 2080 Spem
2401 2013 2611 2067 vocavit
2654 2012 2984 2080 {Ethiopian}
3017 2053 3031 2076 ,
3073 2025 3137 2063 eo
3167 2010 3310 2078 quod
3341 2007 3494 2077 Ᾱίςίο

1928 2104 2024 2172 ptii
2069 2103 2220 2157 illius
2265 2118 2368 2171 ope
2414 2102 2750 2156 conﬁderent
2793 2120 2804 2155 :
2865 2100 2976 2154 Sim
3027 2107 3205 2151 autem
3255 2094 3443 2151 Graeca
3473 2098 3494 2121 '

1928 2199 2109 2268 lingua
2147 2199 2199 2250 in
2238 2197 2424 2250 robore
2465 2196 2759 2264 signiﬁcat.
2794 2193 2916 2246 Haec
2959 2200 3139 2245 autem
3181 2191 3488 2260 Egyptiis,

1927 2287 2133 2355 inquit,
2170 2286 2572 2340 sustinentibus
2595 2324 2610 2349 ,
2661 2281 3128 2350 perturbabuntur
3158 2293 3345 2332 eorum
3394 2278 3490 2330 ad-

1923 2379 2134 2448 jutores
2167 2376 2454 2446 IEthiopcs
2483 2416 2498 2440 ,
2538 2389 2645 2428 non
2681 2373 2858 2426 solum
2892 2379 3114 2439 propter
3145 2368 3285 2420 mala
3307 2406 3321 2430 ,
3370 2382 3490 2435 quae

1928 2469 2050 2522 illos
2078 2467 2403 2529 invaserint,
2435 2465 2527 2519 sed
2559 2465 2721 2519 etiam
2758 2470 2980 2530 propter
3012 2459 3115 2513 sibi
3152 2457 3288 2527 ipsis
3317 2456 3492 2509 immi-

1925 2564 2120 2610 nentes
2147 2556 2489 2609 calamitates
2517 2594 2532 2618 ,
2561 2567 2683 2622 qua:
2713 2566 2808 2605 eos
2846 2547 3190 2618 occupabunt
3223 2561 3321 2614 per
3350 2559 3490 2599 nun-

1926 2647 2029 2700 tios
2049 2647 2315 2715 quosdam
2343 2661 2374 2700 a
2404 2660 2488 2699 me
2513 2644 2736 2708 missos,
2761 2642 3193 2707 festinantesque
3225 2637 3490 2706 imperata

1926 2736 2206 2806 perlicere.

1993 2911 2160 2966 Vens.
2191 2910 2380 2965 10-12.
2409 2909 2538 2963 Hau:
2566 2909 2692 2960 dicit
2718 2905 2926 2960 Adonai
2955 2901 3209 2956 Dominus
3235 2914 3253 2955 :
3286 2897 3355 2953 Et
3375 2913 3491 2968 per—

1923 2990 2045 3057 dam
2077 3000 2470 3056 multitudinem
2503 2997 2878 3068 Egyptiorum
2929 3008 3018 3062 per
3056 3005 3268 3045 manum
3304 2986 3521 3070 Nabu:

1921 3092 2296 3147 chodonosoris
2327 3091 2460 3159 regis
2499 3087 2806 3156 Babylonis.
2854 3083 3050 3153 Ipsius,
3085 3089 3134 3135 et
3165 3077 3342 3148 populi
3379 3077 3490 3144 ejus

1925 3200 2041 3237 cum
2097 3199 2154 3238 eo
2206 3196 2226 3236 :
2274 3183 2434 3250 pestis
2478 3197 2510 3233 a
2556 3177 2792 3250 gentibus
2846 3176 3011 3228 missa
3057 3173 3124 3225 ad
3174 3167 3491 3239 perdendam

245 3269 615 3336 εσταλμένοι
643 3271 941 3324 ἀπολέσαι
971 3274 1084 3338 τὴν
1124 3273 1239 3342 γῆν
1259 3290 1271 3302 ·
1295 3275 1391 3327 καί
1413 3275 1823 3329 ἐκκενώσουσι

1933 3281 2159 3339 terram;
2201 3282 2250 3326 et
2290 3268 2637 3340 euaginabunt
2695 3284 2872 3322 omnes
2923 3264 3128 3335 gladios
3171 3277 3291 3315 suos
3340 3272 3495 3327 super

245 3361 479 3426 πάντας
505 3361 609 3426 τὰς
620 3365 918 3431 μαχαίρας
951 3365 1150 3418 αὐτῶν
1166 3366 1260 3418 ἐπ’
1291 3368 1592 3435 Αἰγύπτου
1609 3368 1651 3399 ¹³
1673 3405 1689 3430 ,
1728 3367 1827 3420 καί

246 3450 671 3516 πλησθήσεται
710 3454 746 3518 ἡ
786 3453 860 3520 τῆ
914 3455 1304 3523 τραυματιῶν.
1343 3457 1451 3510 Kal
1482 3455 1654 3509 δώσω
1685 3457 1825 3522 τοὺς

247 3541 557 3608 ποταμοὺς
603 3541 802 3596 αὐτῶν
836 3542 1117 3612 ἐρήμους,
1147 3548 1244 3599 καὶ
1287 3547 1674 3617 ἀποδώσομαι
1713 3549 1829 3615 τὴν

247 3628 367 3699 γῆν
398 3633 486 3697 εἰς
543 3631 810 3698 χεῖρας¹⁴
841 3634 1139 3701 πονηρῶν,
1174 3636 1273 3689 καὶ
1315 3636 1524 3692 ἀπολῶ
1550 3639 1664 3706 τὴν
1712 3637 1830 3708 γῆν

248 3723 348 3775 καί
382 3722 451 3774 τὸ
493 3722 789 3791 πλήρωμα
831 3725 1040 3792 αὐτῆς,
1079 3726 1148 3779 ἐν
1198 3728 1410 3796 χερσίν
1461 3729 1824 3796 ἀλλοτρίων·

245 3811 366 3880 ἐγὼ
407 3813 622 3879 Κύριος
669 3815 1000 3882 λελάληκα.
1044 3815 1169 3879 Τοῖς
1213 3818 1323 3870 τῶν
1369 3819 1570 3883 ὲθνῶν,
1633 3821 1825 3890 φησὶν,

251 3901 512 3955 ἁπάντων
567 3902 868 3974 ώμοτέροις
934 3905 1294 3969 Βαϐυλωνίοις
1358 3907 1665 3976 παραδώσω
1729 3909 1828 3979 τὴν

251 3992 554 4058 Αιγυπτον,
587 3995 730 4047 ὥστε
755 3995 936 4048 πᾶσαν
980 3995 1159 4048 αὐτῶν
1194 3997 1293 4065 τὴν
1333 3998 1437 4066 γῆν
1476 3998 1828 4070 πληρωθῆναι

255 4083 503 4150 σφαγῶν,
559 4086 656 4139 καὶ
693 4087 818 4148 τοὺς
859 4087 1137 4156 ποταμοὺς
1175 4088 1414 4158 ἐρήμους
1436 4089 1685 4157 γενέσθαι
1719 4090 1828 4143 τῶν

252 4173 702 4241 παροικούντων·
751 4175 811 4226 τὸ
841 4174 918 4236 δὲ,
961 4193 978 4226 ι
1018 4174 1395 4245 Ἀποδώσομαι
1443 4176 1540 4246 τὴν
1590 4179 1694 4248 γῆν
1747 4180 1831 4241 είς

252 4265 444 4332 χεῖρας
497 4262 776 4333 πονηρῶν,
802 4281 819 4313 ι
869 4263 990 4315 ἀντὶ
1030 4263 1124 4316 τοῦ
1181 4263 1510 4331 παραδώσω
1563 4266 1825 4318 τέθεικεν.

267 4350 556 4423 Ἀρμόττει
586 4352 644 4404 δὲ
685 4352 780 4404 καὶ
809 4353 967 4404 τοῦτο
1007 4357 1117 4415 τοῖς
1152 4355 1570 4424 προειρημένοις
1594 4369 1608 4383 ⁸
1642 4356 1829 4425 μισθὸν

256 4443 365 4513 γὰρ
400 4442 506 4511 ἔφη
541 4441 734 4496 δώσειν
768 4443 844 4513 τῷ
893 4445 1382 4514 Ναϐουχοδονόσορ,
1426 4447 1524 4515 τῆς
1555 4446 1830 4514 Αίγύπτου

255 4537 354 4604 τὴν
395 4535 849 4603 δούλωσιν,’ὑτιὲρ
888 4534 994 4588 τῶν
1032 4536 1411 4606 γεγενημένων
1453 4538 1600 4607 αὐτῷ
1649 4539 1827 4591 πόνων

258 4627 314 4677 ἐν
345 4628 419 4696 τῇ,
445 4626 732 4698 πολιορκίᾳ
767 4627 864 4696 τῆς
896 4626 1094 4696 Τύρου.
1131 4622 1262 4681 Εἶτα
1293 4628 1567 4698 προλέγει,
1600 4631 1682 4682 ὅτι
1718 4630 1835 4699 βδε-

258 4716 514 4786 λύγματα
569 4718 748 4770 αὐτῶν
776 4759 791 4782 ,
837 4719 1104 4778 τουτέστι.
1145 4719 1214 4772 τὰ
1265 4719 1458 4772 εἴδωλα
1502 4720 1569 4772 τὰ
1615 4720 1836 4789 βδελυγ-

262 4807 392 4875 pia;
453 4807 664 4875 μεστὰ.
716 4807 821 4858 ὑπὸ
866 4806 974 4860 τῶν
1025 4807 1297 4875 πολεμίων
1346 4807 1794 4878 καταλυθήσεται.

332 4903 422 4966 ιγ’.
450 4898 562 4951 Καὶ
585 4899 626 4929 ⁸⁵
646 4898 950 4963 λήξουσιν
974 4899 1029 4951 οἱ
1051 4897 1160 4966 τῆς
1199 4898 1484 4967 Μέμφεως
1527 4899 1832 4967 ἡγεμόνες.

258 4987 580 5059 Τηνικαῦτα
638 4990 737 5060 τῆς
785 4989 1060 5058 Αίγύπτου
1115 4990 1214 5052 τὰς
1265 4990 1419 5060 ἡνίας
1473 4991 1837 5060 πεπιστευμέ-

343 5173 372 5202 κ
402 5162 604 5220 Jerem.
635 5180 784 5230 μιν,
811 5163 1011 5227 28-50,
1047 5165 1130 5219 vel
1174 5163 1326 5233 juxta
1357 5162 1514 5229 LXX,
1569 5180 1641 5227 ιι,
1682 5160 1869 5217 28-50.

1928 3363 2240 3434 Egyptum,
2274 3373 2324 3416 et
2354 3361 2654 3429 implebitur
2678 3371 2819 3412 terra
2843 3355 3148 3410 vulneratis.
3187 3351 3256 3407 Et
3296 3351 3490 3419 [ariam

1926 3455 2150 3522 ﬂumina
2190 3467 2370 3506 eorum
2414 3452 2624 3504 deserta
2648 3492 2662 3516 ,
2709 3458 2760 3502 et
2797 3447 2933 3500 dabo
2973 3455 3168 3499 terram
3206 3443 3261 3497 in
3302 3457 3490 3496 manus

1927 3546 2302 3614 improborum,
2336 3555 2386 3598 et
2407 3544 2625 3608 perdam
2655 3554 2850 3596 terram
2871 3551 2921 3595 et
2944 3538 3318 3609 plenitudinem
3354 3536 3489 3604 ejus,

1928 3638 2171 3690 manibus
2223 3637 2556 3698 alienorum;
2623 3649 2716 3703 ego
2778 3632 3030 3685 Dominus
3092 3629 3296 3683 loeutus
3349 3643 3489 3679 sum.

1929 3728 2267 3800 Babyloniis,
2299 3729 2498 3797 inquit,
2527 3727 2620 3795 qui
2653 3725 2910 3780 omnibus
2937 3721 3192 3792 gentibus
3213 3717 3492 3773 crudelioc

1927 3839 2018 3879 res
2047 3832 2197 3889 sunt,
2224 3822 2517 3892 {Egypttuu
2549 3821 2778 3881 tradam,
2814 3827 2872 3871 ut
2905 3816 3084 3871 omnis
3119 3829 3306 3868 eorum
3349 3822 3492 3865 terra

1929 3913 2168 3969 caedibus
2188 3913 2550 3981 compleatur,
2579 3919 2633 3964 et
2661 3908 2884 3963 ﬂumina
2908 3907 2976 3961 ab
3007 3904 3202 3959 incolis
3229 3903 3494 3957 deseran-

1929 4016 2038 4061 tur.
2075 4007 2208 4060 lllud
2240 4013 2420 4060 autem
2455 4025 2468 4060 :
2507 4024 2525 4057 ι
2563 4004 2626 4057 Et
2659 4005 2800 4058 dabo
2838 4010 3040 4056 terram
3080 4000 3135 4052 in
3168 4011 3361 4051 manus
3394 3995 3495 4048 im-

1929 4099 2220 4167 proborum
2252 4138 2267 4159 ,
2306 4115 2324 4147 ι
2386 4110 2482 4165 pro
2531 4093 2738 4147 tradam
2792 4092 2992 4163 posuit.
3027 4089 3293 4145 Convenit
3330 4086 3492 4141 etiam

1932 4190 2032 4242 hoc
2065 4189 2133 4242 iis
2162 4201 2284 4256 quae
2325 4194 2485 4240 antea
2521 4183 2670 4238 dicta
2717 4192 2865 4238 sunt.
2915 4181 3214 4236 Mercedem
3243 4178 3386 4231 enim
3435 4190 3494 4229 se

1928 4278 2182 4331 daturum
2207 4291 2330 4330 esse
2361 4276 2502 4328 dixit
2545 4270 3067 4327 Nahuchodonosori
3093 4268 3249 4337 931
3278 4265 3490 4333 Egypti

1928 4368 2245 4422 servitutem
2270 4407 2284 4431 ,
2315 4380 2414 4432 pro
2443 4362 2720 4416 laboribus
2751 4362 2804 4414 in
2832 4357 3234 4428 oppugnatione
3265 4353 3392 4422 Tyri
3427 4352 3494 4403 ab

1931 4459 2050 4527 ipso
2110 4455 2417 4512 exhaustis.
2478 4452 2686 4506 Deinde
2757 4449 3001 4520 praedicit
3064 4441 3495 4498 abominationes

1938 4549 2179 4616 ipsorum
2206 4588 2220 4612 ,
2266 4546 2319 4599 id
2361 4551 2466 4608 est,
2493 4541 2789 4597 simulacra
2835 4532 3260 4593 abominationis
3311 4532 3491 4600 plena,

1937 4639 2006 4692 ab
2045 4637 2296 4693 hostibus
2324 4647 2580 4690 eversum
2611 4632 2699 4686 iri.

2017 4897 2180 4952 Vens.
2215 4895 2301 4950 15.
2349 4895 2412 4949 Et
2445 4895 2719 4948 cessabunt
2765 4887 3013 4957 Memphis
3049 4883 3325 4953 principes.
3370 4880 3500 4946 Qui—

1944 4992 2048 5046 bus
2089 5001 2224 5044 tunc
2246 4986 2469 5059 Aﬁgypti
2497 4985 2722 5042 habenae
2745 4981 2966 5037 credita:
2999 4978 3232 5032 fuerant.
3283 4969 3502 5045 [ιι-161

1576 5321 1660 5375 VA
1673 5321 1810 5377 ΙίΙλΕ
1852 5316 2257 5375 LECTIONES.

339 5438 362 5470 ⁸
389 5435 515 5506 βασ.
551 5433 675 5489 Des.
705 5436 756 5490 in
779 5435 841 5491 B.

273 5509 310 5562 1.
342 5505 397 5561 c.
433 5505 596 5560 habet
647 5506 712 5558 ὲκ
752 5522 910 5575 προλσ.
943 5522 1063 5575 μου.

273 5591 548 5633 securam.
623 5578 646 5608 ⁸
673 5566 870 5631 αὑτξέῖ
902 5566 1084 5643 praem.
1117 5575 1196 5628 ὲν.

277 5645 684 5712 (violentissimi
756 5643 1041 5715 gentium),
1099 5644 1458 5715 adducentur.

280 5716 322 5748 “
348 5717 460 5772 Καὶ
495 5745 564 5758 -—~
614 5713 780 5788 ἠγεμῖ
838 5714 1006 5770 Aliter
1049 5715 1096 5767 οἱ
1135 5713 1295 5770 LXX.

950 5435 970 5466 ⁶
1001 5437 1108 5489 ἀπὸ
1138 5466 1204 5475 -
1253 5437 1460 5494 ἐλπίδα.
1501 5439 1574 5490 lla
1603 5438 1712 5492 fere
1751 5436 1959 5504 Compl.
2015 5435 2080 5489 A.
2149 5431 2464 5504 σπεύδοντες
2513 5424 2768 5504 ἀφανίσαι
2805 5422 2932 5504 Δτην
2971 5407 3499 5504 Αἰθιοπῑὲγῖιεξίρξξξξς

1164 5506 1184 5536 ⁷
1216 5506 1274 5558 ὲν
1338 5507 1490 5575 Σείμ.
1539 5507 1699 5561 Hebr.
1744 5507 1995 5560 navibus.

1307 5576 1348 5606 ¹⁰
1373 5577 1483 5632 καί.
1523 5577 1599 5632 Ex
1635 5577 1672 5629 Β
1702 5577 1881 5645 suppl.
1986 5576 2026 5606 ¹¹
2058 5576 2178 5628 αὐτ.
2211 5576 2406 5626 ἀπεστ.
2431 5576 2586 5624 Hebr.
2615 5576 2729 5627 Ille,
2763 5576 2821 5645 et
2849 5576 3080 5628 populus
3120 5576 3164 5654 ἃ

1328 5652 1365 5662 κ.
1569 5649 1611 5662 ιο
1756 5647 1768 5662 1
1852 5645 1864 5662 ν
1978 5645 2078 5662 ιινμ
2172 5643 2222 5662 ε..
2288 5642 2307 5662 Δ
2422 5641 2464 5662 LI
2502 5639 2521 5662 Δ
2589 5646 2632 5662 .-ι
2681 5634 2718 5662 Ω
2759 5635 3044 5662 Anvnmnu,

1569 5610 1611 5679 Γπ
1635 5610 1928 5718 ’ξλὲἓνέἱξὶτ.
1977 5610 3048 5708 be§."in"1i.'";51i"ci'ii'Sabinam
3120 5610 3228 5673 “'A
3265 5610 3500 5686 ὲνχειρέ·

2107 5478 2486 5556 εὲἆὶῖῖζ
2517 5478 2714 5551 ΨῘΙίεθν.
2762 5501 2822 5546 ut
2882 5478 3118 5544 iel'rcant
3164 5478 3496 5556 {Etltiopiatn

1986 5554 2026 5606 ίί
2058 5554 2178 5628 αὐτ.
2199 5554 2406 5626 linear.
2431 5570 2586 5624 Hebr.
2615 5568 2729 5627 lllc,
2763 5572 2817 5615 et
2849 5559 3080 5628 populus
3122 5554 3398 5628 Δςζὶιιειιιιηι
3433 5560 3500 5628 ορ
