3860 6206
383 339 524 408 1119

1393 350 1878 412 TIIEODORETI
1908 352 2244 412 EPISCOPI
2283 352 2646 412 CYRENSIS

3454 357 3569 423 1120

383 464 532 510 ctum
568 454 699 509 illud
738 463 858 510 est:
896 472 915 504 ι
970 453 1274 509 Ascendam
1330 470 1494 526 super
1551 458 1746 521 nubes,
1780 471 1935 526 super

2044 456 2153 510 τῶν
2191 457 2467 529 λογισμῶν
2488 455 2653 513 αὑτοῦ
2682 454 2780 523 τὴν
2810 453 3130 521 ἀλαζονείαν
3145 454 3406 529 ἐξέφηνεν
3426 467 3571 524 αὖτοῦ

384 553 529 601 astra
558 545 682 599 cmli
714 556 909 613 ponam
948 542 1207 597 thronum
1235 560 1412 599 meum
1434 556 1502 614 ις
1543 565 1563 598 ›
1603 547 1752 618 quod
1786 546 1945 602 undi-

382 648 491 702 que
524 648 554 686 e
583 631 767 685 divina
805 630 1090 699 Scriptura
1126 633 1435 704 perspicere
1459 636 1606 691 licet.
1639 634 1775 688 Nam
1805 635 1943 691 Sen-

383 722 643 775 nacherib
672 721 1013 774 exclamabat
1037 740 1049 774 :
1075 740 1096 773 ι
1120 721 1471 795 Nequaquam
1493 736 1645 782 eruet
1682 728 1944 784 Dominus

370 814 811 884 _llierosolymam
845 814 912 869 de
940 832 1102 870 manu
1139 834 1256 873 mea
1285 829 1331 874 ι.
1377 839 1394 873 ι
1428 820 1944 877 Nabuchodonosor

384 917 512 956 vero
549 910 918 957 constructam
968 907 1257 977 imaginem
1291 925 1508 965 auream
1538 923 1566 952 ι
1591 926 1780 967 omnes
1802 911 1905 966 sibi
1924 912 1943 933 ⁸

383 991 683 1060 subjectos,
712 1000 768 1046 ct
809 994 1088 1064 principes
1125 1006 1177 1052 et
1211 998 1519 1069 principum
1552 1011 1808 1070 parentes
1844 1001 1948 1055 im-

384 1082 557 1157 perio,
597 1084 856 1153 praecepit
886 1084 1050 1156 935
1078 1088 1326 1143 adorare.
1362 1087 1463 1144 Hic
1508 1090 1675 1161 igitur
1720 1106 1946 1161 quoque

379 1173 674 1241 superbam
708 1175 856 1229 illius
886 1186 1121 1232 mentem
1148 1192 1246 1247 per
1284 1181 1573 1250 aenigmata
1617 1181 1940 1237 declaravit.

377 1263 457 1317 Ad
500 1263 615 1318 haec
647 1263 835 1334 adjicit
862 1284 878 1320 :

445 1431 612 1489 Vens.
652 1435 707 1489 4.
744 1434 898 1505 Aqua
923 1437 1172 1491 enutrivit
1199 1437 1375 1503 illam,
1419 1440 1643 1511 abyssus
1687 1443 1945 1498 exultavit
1982 1484 1989 1489 ι

375 1540 533 1589 eam;
564 1526 753 1593 ﬂuvios
787 1544 910 1581 suos
939 1526 1093 1583 duxit
1123 1531 1177 1583 in
1211 1531 1437 1585 circuitu
1459 1533 1765 1599 plantarum
1803 1537 1940 1605 ejus,

375 1623 425 1668 et
454 1626 614 1670 coetus
641 1634 765 1672 suos
805 1621 976 1673 emisit
1005 1620 1075 1675 ad
1105 1623 1283 1676 omnia
1319 1622 1461 1693 ligna
1493 1627 1688 1695 campi.
1730 1629 1941 1696 Aquam

377 1714 430 1759 et
467 1707 722 1779 abyssum
756 1709 1001 1766 inﬁnitas
1030 1720 1220 1782 gentes
1269 1714 1337 1768 ab
1396 1729 1461 1770 eo
1513 1716 1571 1771 in
1622 1719 1938 1774 servitutem

2042 547 2150 616 γάρ
2175 549 2288 600 ἐστι
2321 548 2469 619 φωνή
2496 564 2510 579 ο
2553 564 2572 597 ι
2614 545 2982 614 Ἀναδήσομαι
3015 545 3199 601 ἐπάνω
3216 547 3321 600 τῶν
3341 553 3570 622 νεφελῶν,

2043 634 2228 688 ἐπάνω
2244 636 2351 688 τῶν
2367 636 2582 706 ἄστρων
2596 633 2690 687 τοῦ
2712 634 2940 705 οὐρανοῦ
2958 635 3109 706 θήσω
3127 635 3217 688 τὸν
3234 637 3408 709 θρόνον
3427 660 3531 713 μου·
3548 664 3565 699 ι

2043 722 2136 775 καὶ¹
2167 722 2325 776 τοῦτο
2365 723 2701 794 πανταχόθεν
2727 722 2875 776 ἔστιν
2902 725 2966 777 ὲκ
2989 725 3087 794 τῆς
3117 724 3265 787 θείας
3296 727 3573 802 διδαχθῆναι

2043 810 2283 882 Γραφῆς.
2332 812 2390 865 '0
2431 812 2531 882 μὲν
2554 812 2660 883 γάρ
2688 813 3061 883 Σενναχηρεὶμ
3089 813 3239 876 ἐϐόα,
3261 817 3339 869 ὅτι
3375 836 3392 870 ι
3418 821 3481 872 0-5
3506 824 3571 893 μὴ

2046 902 2487 975 ρύσεταιΚύριος
2518 903 2983 975 τὴνίερουσαλὴμ
3012 906 3077 957 ὲκ
3095 905 3273 977 χειρός
3305 925 3419 977 μου’
3446 929 3464 963 ι
3487 912 3573 965 ὁδέ

2042 994 2529 1065 Ναϐουχοδονόσορ,
2544 994 2724 1048 εἰκόνα
2739 995 2971 1065 ποιήσας
2982 996 3207 1065 χρυσῆν,
3221 997 3410 1068 ταύτην
3421 997 3570 1054 ἅπαν.

2041 1099 2141 1145 τας
2176 1084 2303 1147 τοὺς
2337 1083 2629 1153 ὑπηκόους,
2673 1082 2768 1136 καὶ
2806 1083 3075 1152 ἄρχοντας
3106 1084 3200 1136 καὶ
3241 1085 3568 1156 ἀρχομένους,

2042 1171 2344 1241 προσέταξε
2403 1173 2749 1240 προσκυνεῖν.
2780 1170 3074 1224 Κάνταῦθα
3101 1171 3282 1226 τοίνυν
3310 1175 3403 1244 τὴν
3428 1176 3568 1246 ὑπερ-

2042 1264 2254 1334 ήφανον
2278 1262 2442 1315 αὐτοῦ
2469 1262 2695 1333 γνώμην
2721 1262 2788 1316 δι’
2810 1261 3149 1332 αἰνιγμάτων
3182 1262 3424 1334 ἐδήλωσε.
3454 1267 3571 1321 Τούο

2040 1367 2157 1414 τοις
2183 1351 2400 1420 ὲπάγειυ

2112 1442 2175 1495 δ’.
2208 1441 2402 1511 ’Υδωρ
2431 1440 2754 1510 ἐξέθρεψεν
2773 1440 2821 1473 ³⁵
2856 1441 3063 1504 αὐτὸν,
3090 1440 3130 1508 ἡ
3157 1440 3416 1508 ἄϐυσσος
3435 1444 3572 1512 61,61»-

2041 1546 2155 1587 σεν
2184 1532 2391 1599 αὐτὸν,
2423 1532 2563 1599 τοὺς
2597 1533 2645 1565 ³⁸
2667 1532 2973 1602 ποταμοὺς
3008 1531 3200 1599 αὐτῆς
3216 1532 3260 1564 ⁸⁸
3296 1533 3466 1602 ἤγαγε
3489 1537 3583 1590 κύ-
3629 1550 3639 1561 ·

2042 1627 2167 1688 suo)
2205 1623 2325 1677 τῶν
2353 1622 2559 1693 φυτῶν
2604 1625 2813 1686 αὐτοῦ,
2858 1622 2958 1676 καὶ
2999 1622 3073 1676 τὰ
3109 1623 3455 1693 συστήματα
3488 1629 3576 1680 ab-

2041 1713 2152 1782 τῆς
2188 1713 2233 1744 ³⁷
2297 1711 2727 1778 ἐξαπέστειλεν
2781 1715 2869 1778 εἰς
2922 1711 3119 1767 πάντα
3174 1715 3248 1768 τὰ
3299 1714 3448 1779 ξύλα
3487 1716 3577 1770 τοῦ

378 1799 628 1853 redactas
646 1801 962 1869 appellavit,
982 1817 1117 1871 quas
1141 1804 1374 1874 vectigal
1399 1814 1454 1859 et
1472 1805 1759 1873 tributum,
1784 1810 1935 1879 quasi

2043 1805 2273 1860 πεδίου.
2309 1804 2495 1875 ’Υδωρ
2534 1805 2591 1858 δὲ
2631 1804 2727 1857 καὶ
2769 1804 3007 1858 ἄϐυσσον
3037 1805 3107 1856 τὰ
3152 1804 3352 1876 ἄπειρα
3386 1805 3499 1878 ἔθνη
3521 1808 3579 1862 τὰ

375 1888 668 1955 quamdam
697 1890 1070 1962 irrigationem
1108 1895 1371 1949 exercitui
1413 1896 1730 1966 aﬂ'erentes,
1772 1901 1939 1955 veluti

376 1981 606 2036 arbores
640 1984 904 2052 quasdam
954 1986 1239 2051 enutrivit,
1273 1985 1560 2058 eﬂ'ecitque
1593 1997 1651 2044 ut
1682 1992 1801 2061 ejus
1835 2009 1943 2048 coa-

377 2077 488 2136 tus,
520 2071 572 2125 id
608 2081 714 2139 est,
772 2074 992 2132 ordines
1046 2076 1332 2140 militares,
1374 2094 1392 2128 ι
1438 2079 1505 2133 ad
1572 2082 1756 2135 omnia
1794 2083 1939 2153 ligna

376 2161 556 2229 campi
592 2179 610 2211 ι
648 2163 1018 2228 mitterentur,
1052 2166 1158 2219 hoc
1191 2172 1298 2230 est,
1340 2166 1407 2221 ad
1447 2182 1545 2222 eos
1583 2170 1675 2240 qui
1706 2175 1938 2230 necdum

376 2248 611 2315 subacti,
643 2267 820 2321 neque
853 2253 905 2307 in
933 2250 1252 2311 servitutem
1279 2255 1484 2312 redacti
1513 2269 1730 2331 essent,
1774 2275 1834 2320 ut
1859 2264 1938 2321 illi

374 2338 538 2392 etiam
566 2340 992 2411 subjicerentur.
1724 2363 1728 2367 ‘

446 2601 612 2660 Vens.
638 2604 691 2661 5.
721 2605 948 2678 Propter
967 2609 1063 2665 hoc
1098 2614 1338 2669 exaltata
1364 2623 1442 2671 est
1469 2617 1778 2688 magnitudo
1822 2620 1936 2690 ejus

370 2709 533 2762 supra
560 2697 736 2750 omnia
759 2698 905 2768 ligna
932 2703 1123 2771 campi,
1150 2713 1202 2759 et
1227 2705 1348 2761 inde
1381 2706 1600 2762 dilatati
1633 2719 1756 2764 sunt
1794 2714 1933 2768 rami

368 2783 504 2853 ejus,
525 2794 577 2840 et
595 2788 848 2844 multata:
871 2802 995 2845 sunt
1013 2796 1321 2866 propagines
1349 2799 1464 2868 ejus
1487 2799 1550 2853 ab
1578 2818 1717 2872 aqua
1740 2807 1932 2873 multa,

365 2890 488 2928 cum
514 2878 809 2936 extenderet
839 2898 913 2938 se.
960 2882 1094 2949 Hoc,
1128 2887 1328 2958 inquit,
1368 2890 1473 2960 ipsi
1510 2896 1838 2964 arrogantia:
1881 2907 1935 2954 et

368 2967 641 3058 superbia:
673 2985 844 3028 causa
877 2972 979 3028 fuit
1017 2990 1031 3029 :
1094 2977 1165 3033 ab
1198 2979 1430 3037 infinitis
1475 2984 1620 3039 enim
1678 2989 1933 3058 gentibus

364 3153 471 3201 est.

441 3322 608 3384 Vens.
653 3328 706 3384 6.
761 3331 828 3386 In
872 3336 1247 3407 propaginibus
1298 3339 1452 3410 ejus,
1507 3343 1728 3415 inquit,
1781 3348 1932 3404 nidos

364 3426 674 3474 struxerunt
704 3425 885 3477 omnia
922 3426 1165 3483 volatilia
1196 3430 1334 3485 caeli.
1393 3430 1499 3488 Per
1549 3435 1653 3492 hoc
1696 3440 1933 3508 pruden-

367 3509 534 3565 tiores
566 3511 835 3578 bomines,
861 3524 917 3571 et
942 3517 1107 3572 veluti
1139 3530 1325 3577 mente
1353 3524 1601 3581 volantes
1644 3527 1930 3587 indicavit.

371 3616 393 3650 ι
455 3597 520 3654 Et
573 3601 676 3657 sub
726 3604 899 3661 ramis
949 3606 1072 3678 ejus
1140 3610 1439 3682 gignebant
1491 3631 1684 3673 omnes
1745 3619 1934 3677 bestiae

364 3692 569 3761 campi.
604 3710 623 3744 ι
670 3692 764 3749 llis
797 3695 1063 3754 barbaras
1103 3709 1296 3770 gentes
1346 3705 1693 3776 signiﬁcavit,
1716 3717 1771 3764 et
1801 3710 1934 3766 feri-

365 3795 486 3843 nas,
518 3790 572 3836 et
609 3782 840 3839 humilia
872 3789 1216 3846 sentientes:
1251 3794 1399 3863 quod
1448 3798 1566 3866 ipse
1602 3813 1822 3869 quoque
1850 3802 1935 3857 in-

365 3880 701 3942 terpretatus
729 3887 833 3943 est,
855 3878 1044 3937 dicens
1071 3898 1085 3934 :
1122 3902 1141 3934 ι
1182 3884 1238 3938 In
1268 3888 1459 3942 umbra
1492 3890 1640 3946 illius
1668 3893 1934 3951 habitavit

365 3963 546 4055 omnis
595 3966 887 4022 multitudo
924 3969 1089 4043 936
1134 3976 1392 4044 gentium.
1426 3996 1445 4028 ι
1472 3978 1537 4033 Ει
1562 3983 1705 4050 quod
1763 3999 1931 4055 supra

363 4053 585 4111 divisim
615 4064 675 4111 et
715 4073 812 4128 per
851 4063 1264 4118 translationem
1290 4064 1448 4132 dixit,
1483 4067 1586 4125 hoc
1626 4053 1933 4130 communi-

363 4152 448 4200 tet'
469 4156 523 4201 et
550 4156 736 4216 aperte
770 4149 858 4206 hic
888 4151 1109 4223 adjecit.
1139 4153 1491 4227 Umbramque
1516 4159 1688 4230 ipsius
1720 4171 1774 4219 et
1809 4181 1933 4235 pro-

361 4235 576 4305 pagines
611 4246 665 4294 et
707 4256 905 4307 ramos,
958 4259 1066 4299 non
1114 4246 1290 4301 solum
1341 4249 1625 4318 praafectos
1654 4261 1709 4307 et
1737 4256 1929 4322 duces,

362 4327 459 4381 sed
507 4328 672 4383 etiam
728 4332 979 4401 gentibus
1022 4334 1356 4405 imperantes
1397 4349 1649 4414 satrapas
1692 4349 1925 4413 vocavit,

2042 1895 2136 1949 ὑπ’
2174 1895 2340 1949 αὐτοῦ
2367 1894 2701 1949 δουλωθέντα
2731 1895 3199 1967 προσηγόρευσεν,
3227 1894 3263 1949 ἃ
3292 1896 3378 1950 τὸν
3402 1897 3578 1968 δασμὸν

2040 1985 2251 2039 καὶτὸν
2284 1984 2470 2055 φόρον,
2517 1986 2778 2057 καθάπερ
2817 1985 2940 2039 τινὰ
2978 1984 3202 2055 άρδείαν
3244 1988 3309 2057 τῇ
3353 1987 3579 2060 στρατείᾳ

2042 2073 2439 2144 προσφέροντα,
2492 2069 2602 2128 οῗὸν
2657 2090 2779 2127 τινα
2823 2072 2966 2142 φυτὰ
3006 2072 3298 2144 ἐξέθρεψε,
3340 2076 3429 2126 καὶ
3458 2092 3577 2146 παρ-

2038 2164 2305 2219 εσκεύασε
2324 2165 2393 2219 τὰ
2423 2165 2626 2236 ταύτης
2661 2167 3004 2236 συστήματα,
3039 2164 3309 2230 τουτέστι,
3343 2165 3408 2218 τὰ
3440 2182 3580 2236 στραο

2037 2256 2268 2309 τιωτικὰ
2302 2256 2679 2327 συντάγματα,
2719 2255 3092 2325 ἀποσταλῆναι
3140 2257 3223 2317 εἰς
3258 2254 3430 2308 πάντα
3471 2254 3579 2319 ξύλα

2036 2344 2128 2397 τοῦ
2155 2345 2360 2411 πεδίου,
2406 2343 2528 2398 ἀντὶ
2569 2343 2663 2397 τοῦ
2689 2328 2757 2407 έθ,
2780 2344 2907 2406 τοὺς
2956 2342 3187 2414 μηδέπω
3229 2343 3577 2413 χειρωθέντας,

2040 2435 2177 2506 μηδὲ
2204 2436 2601 2503 δουλωθέντας,
2635 2435 2708 2499 ὡς
2748 2436 2842 2490 καὶ
2874 2433 3100 2498 τούτους
3141 2433 3415 2505 ὑπηκόους
3451 2435 3578 2503 γενέ-

2035 2525 2186 2580 σθαι.

2104 2616 2168 2670 ε’.
2200 2617 2449 2671 Ἕνεκεν
2492 2616 2709 2671 τούτου
2762 2615 2976 2685 ὑψώθη
3014 2615 3082 2670 τὸ
3120 2615 3377 2686 μέγεθος
3417 2612 3580 2670 αὑτοῦ

2034 2707 2195 2777 παρὰ
2218 2706 2413 2761 πάντα
2436 2706 2509 2761 τὰ
2527 2707 2573 2740 ³³
2603 2706 2762 2771 ξύλα
2786 2705 2896 2760 τοῦ
2922 2705 3156 2769 πεδίου,
3183 2706 3281 2759 καὶ
3314 2705 3579 2760 ἐκεῖθεν-⁵⁵

2032 2797 2503 2864 ἐπλατύνθησαν
2534 2798 2589 2851 οἱ
2624 2794 2839 2851 κλάδοι
2884 2794 3095 2860 αὑτοῦ,
3131 2795 3233 2850 καὶ
3275 2794 3580 2864 sedeam

2032 2893 2093 2945 αἱ
2127 2888 2513 2959 παραφυὰδες
2557 2889 2743 2943 αὐτοῦ
2791 2889 2892 2958 ἀφ’
2925 2887 3147 2954 ὕδατος
3192 2888 3422 2943 πολλοῦ
3460 2882 3577 2941 er“

2032 2981 2113 3047 τῷ
2148 2981 2401 3036 ἐκτεῖναι
2431 2981 2638 3035 αὐτόν.
2679 2980 2871 3043 Τοῦτο,
2902 2980 3091 3052 φησὶν,
3133 2980 3309 3035 αἴτιον
3341 2978 3478 3051 αὐτῷ
3500 2978 3579 3034 καὶ

365 3057 648 3129 excipiens
695 3061 1094 3135 irrigationem,
1150 3084 1274 3125 cum
1307 3057 1702 3146 propaginibus
1735 3088 1931 3137 auctus

365 3153 471 3201 est.

2042 3075 2132 3146 τῆς
2157 3072 2498 3138 ἀλαζονείας,
2523 3074 2618 3128 καὶ
2645 3074 2744 3143 τῆς
2766 3072 3148 3144 ὑπερηφανίας
3176 3073 3394 3142 ἐγένετο
3411 3087 3426 3105 ·
3451 3071 3581 3143 παρὰ

2042 3165 2140 3236 γὰρ
2170 3165 2379 3236 μυρίων
2419 3164 2592 3219 ὲθνῶν
2629 3165 2731 3237 τὴν
2757 3162 2981 3236 άρδείαν
3020 3162 3337 3235 δεχόμενος,
3365 3163 3454 3218 σὺν
3478 3164 3577 3224 ταῖς

2032 3182 2140 3236 γαρ
2170 3182 2379 3236 μυριων
2419 3182 2592 3219 ευνων
2629 3182 2731 3236 την
2757 3182 2981 3236 αροειαν
3020 3182 3337 3235 οεχομενος,
3365 3182 3454 3218 συν
3478 3182 3577 3224 ταις
3668 3224 3673 3229 δ

2031 3256 2382 3328 παραφυάσιν
2417 3254 2652 3327 ηὐξήθη.

2101 3353 2176 3411 ς’.
2219 3348 2323 3401 Ἐν
2349 3346 2479 3413 ταῖς
2510 3345 2901 3416 παραφυάσιν
2928 3344 3139 3415 αὐτοῦ,
3179 3345 3395 3416 φησιν,
3430 3344 3578 3400 ἐνόσ-

2030 3451 2221 3494 σευσε
2243 3437 2290 3472 ⁸³
2323 3437 2520 3493 πάντα
2544 3437 2619 3492 τὰ
2641 3439 2884 3493 πετεινὰ
2909 3437 3019 3493 τοῦ
3040 3438 3329 3508 οὐρανοῦ.
3363 3436 3455 3492 Διὰ
3477 3435 3580 3489 τού-

2030 3544 2124 3581 του
2175 3527 2301 3592 τους
2351 3527 2747 3599 λογικωτέρους
2785 3527 2897 3581 τῶν
2938 3528 3271 3600 ἀνθρώπων,
3324 3529 3417 3584 καὶ
3444 3525 3579 3581 οἱονεὶ

2031 3619 2268 3689 πτηνοὺς
2312 3611 2686 3690 παρεδήλωσε.
2743 3637 2763 3672 ι
2801 3619 2913 3674 Καὶ
2959 3620 3225 3675 ὑποκάτω
3259 3621 3368 3675 τῶν
3398 3618 3580 3674 κλάδων

2031 3707 2195 3763 αὐτοῦ
2249 3708 2442 3777 ἐγέννα
2462 3708 2507 3741 ⁸³
2544 3709 2723 3763 πάντα
2760 3708 2833 3765 τά
2866 3709 3039 3782 θηρία
3084 3711 3182 3765 τοῦ
3220 3712 3424 3765 πεδίου.
3460 3728 3478 3761 ι
3511 3707 3581 3762 Τὰ

2032 3799 2282 3871 βάρϐαρα
2328 3800 2385 3853 δὲ
2413 3800 2522 3854 τῶν
2562 3800 2734 3856 ἐθνῶν
2775 3800 2865 3857 διὰ
2905 3802 3114 3856 τούτων
3165 3803 3476 3875 ὲσήμανε⁸⁵
3499 3803 3581 3872 0n-

2032 3888 2199 3960 ριώδη
2244 3889 2394 3954 ὄντα,
2442 3891 2537 3945 καὶ
2584 3891 2686 3962 τὴν
2735 3891 2913 3963 ψυχὴν
2958 3893 3312 3963 χαμαίζηλαο
3350 3891 3498 3946 τοῦτο
3530 3889 3579 3942 δὲ

2030 3979 2126 4032 καὶ
2151 3979 2313 4043 αὐτὸς
2344 3980 2710 4052 ἡρμήνευσεν,
2740 3979 3013 4052 εἰρηκὼςο
3054 4000 3073 4033 ι
3125 3983 3218 4035 Ἐν
3250 3985 3318 4053 τῇ
3350 3982 3470 4053 σκιᾷ
3494 3980 3577 4034 αὑ-

2028 4068 2123 4122 τοῦ
2151 4068 2439 4139 κατῴκησε
2463 4069 2669 4141 πλῆθος
2695 4070 2887 4133 ἐθνῶν.
2919 4089 2938 4122 ι
2972 4070 3082 4125 Καὶ
3110 4072 3253 4142 ὅπερ
3273 4071 3385 4126 ἄνω
3408 4070 3571 4143 διῃρη-

2035 4157 2211 4229 μένως
2252 4152 2375 4211 εἷπε
2416 4157 2511 4212 καὶ
2557 4161 2834 4222 τροπικῶς
2853 4199 2868 4223 ,
2908 4157 3069 4212 τοῦτο
3128 4157 3371 4213 ἐνταῦθα
3408 4154 3578 4217 κοινῶς

2032 4251 2124 4304 καὶ
2153 4247 2339 4319 σαφῶς
2371 4249 2748 4321 προστέθεικε.
2780 4249 2966 4305 Σκιὰν
2983 4251 3041 4304 δὲ
3071 4250 3267 4315 αὐτοῦ,
3295 4249 3388 4304 καὶ
3411 4261 3576 4316 παρα-

2029 4339 2282 4409 φυάδας,
2307 4341 2399 4393 καὶ
2413 4340 2697 4408 κλάδους,
2718 4342 2781 4396 οὐ
2813 4341 2973 4412 μόνον
2991 4342 3272 4413 ὑπάρχους
3290 4341 3385 4395 καὶ
3409 4352 3579 4409 στρατ-

361 4417 563 4510 quibus
617 4422 847 4493 subjecti
891 4426 1073 4495 populi
1137 4430 1469 4487 serviebant.
1526 4433 1653 4491 Haec
1705 4453 1927 4510 quoque

2042 4432 2200 4502 τιγοὺς
2219 4472 2234 4495 ,
2303 4432 2440 4486 ἀλλὰ
2491 4435 2582 4487 καὶ
2623 4435 2752 4497 τοὺς
2795 4434 2904 4487 τῶν
2944 4433 3116 4488 ὲθνῶν
3167 4431 3575 4505 ήγεμονεύοντιις

362 4505 868 4569 Nabuchodonosor
917 4516 1037 4584 ipse
1081 4518 1218 4574 vidit
1266 4521 1323 4575 in
1370 4539 1587 4592 somno,
1630 4534 1686 4581 et
1723 4505 1927 4585 beatus

362 4596 550 4655 Daniel
580 4603 794 4662 arboris
818 4605 1217 4680 interpretatus
1253 4620 1340 4669 est
1368 4616 1642 4671 somnium
1661 4617 1713 4671 ι’.

430 4861 596 4917 Vnus.
623 4864 677 4919 7.
708 4865 774 4920 Et
801 4867 927 4936 fuit,
959 4868 1159 4940 inquit,
1186 4872 1524 4941 pulchritudo
1555 4876 1614 4931 in
1641 4877 1923 4937 altitudine

355 4951 472 5020 (jus
500 4964 716 5022 propter
748 4959 1141 5015 multitudinem
1171 4979 1445 5020 ramorum
1473 4967 1608 5037 ejus.
1638 4967 1807 5026 Docet
1829 4987 1922 5028 au-

361 5048 470 5098 tem
502 5059 606 5100 nos
637 5049 958 5122 (ramorum)
1010 5055 1420 5114 multitudinem
1465 5059 1660 5118 beatus
1710 5061 1921 5134 Daniel,

2029 4524 2313 4597 σατράπας
2337 4525 2613 4591 ἐκάλεσεν,
2649 4522 2733 4589 οἷς
2775 4525 3045 4580 διετέλουν
3062 4525 3403 4587 δουλεύοντες
3425 4523 3471 4576 oi
3494 4520 3577 4572 ὐπ-

2034 4617 2209 4687 ήκοοι.
2242 4616 2428 4670 Ταῦτα
2458 4618 2553 4672 καὶ
2578 4616 2742 4681 αὐτὸς
2763 4619 2792 4671 ὁ
2818 4616 3292 4688 Ναϐουχοδονόσορ
3315 4616 3443 4684 ὄναρ
3463 4608 3573 4668 εἶδε.

2029 4708 2124 4762 καὶ
2153 4710 2183 4761 ὁ
2231 4708 2501 4780 μακάριος
2557 4709 2873 4781 ἡρμήνευσε
2917 4707 3114 4780 Δανιὴλ
3140 4708 3206 4762 τὸ
3248 4706 3345 4762 τοῦ
3382 4703 3576 4774 δένδρου

2028 4797 2304 4853 ἐνύπνιον.

2100 4885 2166 4951 ζ’·
2202 4887 2313 4941 Καὶ
2334 4884 2387 4919 ⁸⁸
2410 4886 2668 4956 ἐγένετο,
2707 4886 2862 4958 φησὶ,
2888 4885 3116 4950 κάλλος
3135 4884 3182 4918 ⁵⁸
3234 4883 3307 4939 ἐν
3355 4879 3433 4946 τῷ
3454 4878 3575 4947 ὕψει

2027 4977 2213 5032 αὐτοῦ
2236 4977 2335 5032 διὰ
2360 4976 2429 5031 τὸ
2452 4977 2688 5047 πλῆθος
2713 4978 2757 5011 ⁸⁷
2790 4977 2912 5032 τῶν
2937 4974 3181 5032 κλάδων
3208 4972 3414 5028 αὐτοῦ,
3434 4965 3576 5024 Atid-

2034 5083 2155 5121 σκει
2180 5066 2240 5121 δὲ
2265 5068 2415 5138 ἡμᾶς
2436 5067 2498 5121 τὸ
2521 5065 2616 5122 τοῦ
2646 5067 2887 5140 πλήθους
2919 5067 3015 5121 καὶ
3030 5067 3059 5121 ὁ
3080 5065 3351 5136 μακάριος
3374 5051 3573 5127 Δανιὴλ.

431 5224 461 5267 r
486 5214 592 5274 lsa.
629 5234 744 5288 xiv,
778 5221 868 5277 Li.
945 5233 967 5261 ²
1001 5226 1066 5283 ιν
1096 5225 1233 5301 Reg.
1258 5245 1420 5302 xvm,
1450 5236 1542 5293 35.
1581 5249 1607 5278 ι
1637 5237 1776 5297 Dan.
1807 5257 1890 5307 ιιι,
1929 5252 1935 5298 1

2042 5257 2158 5314 sqq.
2244 5244 2274 5285 ι)
2308 5241 2440 5300 Dan.
2474 5260 2535 5314 ιι,
2567 5245 2632 5301 51
2667 5259 2824 5317 seqq.

1641 5393 1881 5452 nam
1914 5395 2320 5459 LECTIONES.
2841 5470 2848 5477 ο

432 5495 482 5528 ³⁸
525 5495 571 5550 Α
624 5497 871 5580 ἐθρεψεν.
962 5502 1007 5536 ³⁸
1056 5502 1200 5568 τοὺς.
1229 5535 1299 5546 -
1326 5510 1449 5565 αὐτ.
1486 5510 1649 5567 Hebr.
1684 5512 1935 5571 ﬂuentis:

433 5564 482 5642 A_
499 5567 701 5642 absab.
770 5572 814 5604 ³⁷
834 5570 905 5625 τὰ
933 5590 1086 5631 συστ.
1126 5575 1247 5630 αὐτ.
1280 5575 1436 5633 Hebr.
1473 5583 1831 5642 aqumductns
1868 5600 1933 5640 su

2042 5517 2277 5598 tobibat
2305 5516 2593 5641 ἑυιιῇεειιε)
2657 5517 3086 5600 circumquaque
3145 5514 3412 5614 plantagia
3437 5509 3563 5631 ei):

2118 5588 2278 5641 ³⁸του
2350 5603 2381 5642 x
2473 5589 2652 5642 sunnl.
2733 5588 2779 5620 ³⁹
2804 5588 3118 5642 τὰ.1)ρσιη
3154 5587 3219 5642 Β.
3309 5586 3329 5617 ⁸
3373 5584 3433 5634 ὲκ
3548 5614 3563 5631 ο

362 5564 409 5597 ³⁸
433 5564 476 5619 Α
499 5567 683 5625 αὑτοῦ.

365 5634 420 5688 in
456 5635 524 5714 Αἶ
623 5639 667 5714 ff
689 5641 747 5714 εν
776 5643 987 5714 eam.
1023 5643 1148 5701 Des.
1184 5645 1238 5701 in
1260 5647 1325 5704 Α.
1404 5650 1449 5682 δι
1475 5634 1895 5714 remansi.

366 5705 549 5773 suppl.
624 5706 671 5742 “
691 5709 735 5764 A
770 5712 929 5779 καλός
953 5716 1162 5772 omisso
1189 5719 1296 5791 ὲν..
1340 5721 1384 5753 ⁸⁷
1407 5720 1556 5775 πλ.Δ
1590 5721 1782 5813 μῇκοςο

770 5572 814 5604 ³⁷
834 5570 905 5625 τὰ
933 5590 1086 5631 συστ.
1126 5575 1247 5630 αὐτ.
1280 5575 1436 5633 Hebr.
1473 5583 1831 5651 aqumductns
1868 5570 1933 5640 su

776 5643 987 5730 —‘atbr.
1023 5643 1148 5728 Des.
1184 5645 1238 5730 in
1260 5647 1325 5704 Δ.
1344 5721 1384 5730 ‘_
1404 5650 1895 5730 “.Atvogoeucav.

2042 5570 2045 5573 ’
2082 5570 2278 5641 Ὶάῖεόῢ
2305 5570 2944 5659 Εἷῐιέιῖῥῇ1Γ⁷³ἷέὲάῗι

2067 5656 2114 5713 Δ
2151 5657 2475 5728 ὲγεννῶσαν.
2563 5659 2610 5693 ⁵⁸
2636 5658 2677 5711 Β
2705 5657 2944 5730 ἐσήμηνε

2473 5604 2535 5644 su
2574 5584 2652 5656 pl.
2733 5588 2779 5620 ³³
2804 5584 2899 5643 τάξ
2924 5584 3030 5647 1)ρέ
3064 5588 3118 5643 in
3147 5584 3219 5642 Β.
3309 5584 3433 5634 δ’ἐκ
3458 5584 3563 5631 Des.

2473 5701 2475 5711 ι
2542 5605 2610 5693 p“
2636 5658 2677 5711 B
2705 5657 2968 5713 ἐσήμηνε.
3075 5659 3123 5691 ⁸⁵
3149 5658 3262 5713 καί.
3294 5652 3429 5711 ΕιΑ
3453 5654 3502 5705 et
3530 5644 3565 5699 Β

2118 5588 2164 5620 ιο
2184 5585 2278 5641 τοῦ
