3860 6206
249 297 364 365 1121
1312 294 1396 357 ΙΝ
1431 294 1770 357 EZECHIE]

1909 296 2066 358 CAP.
2107 299 2320 362 XXXI.
3304 310 3439 372 1122

250 409 414 466 ἑκατὸν
443 407 610 461 εἴκοσι
654 403 934 474 σατράπας
970 403 1206 474 είρηκὼς
1241 404 1530 476 ἐσχηκέναι
1558 407 1648 459 τὸν
1678 409 1770 458 Δα-

1882 408 1974 476 qui
2007 409 2144 463 dixit
2179 418 2396 466 centum
2421 412 2614 485 viginti
2643 418 2896 484 satrapas
2924 416 3094 474 fuisse
3127 417 3309 485 Dario,
3343 423 3436 490 qui

250 503 395 573 ρείον,
430 497 522 566 τὴν
571 495 664 548 τοῦ
717 495 1010 564 Βαλτάσαρν
1048 494 1425 565 διαδεξάμενον
1479 496 1770 565 βασιλείαν.

1879 501 2150 556 Baltazari
2175 505 2228 556 in
2253 519 2422 574 regno
2437 508 2727 561 successit.
2756 505 2959 564 Deinde
2977 525 3194 578 quoque
3213 525 3436 564 caiisam

247 587 362 643 Εἶτα
389 589 476 640 καὶ
507 586 598 639 τοῦ
633 586 869 654 πλήθους
898 587 998 657 τὴν
1039 585 1218 639 αἰτίαν
1262 586 1538 640 διδάσκειο
1601 605 1615 638 ι
1655 587 1770 640 Ὅτι

1878 593 2251 649 multitudinis
2280 595 2454 650 docet.
2503 615 2521 646 ι
2565 596 2700 662 Quia
2733 597 2890 653 factae
2919 609 3048 654 sunt
3069 601 3282 655 radices
3315 601 3440 670 ejus

245 677 550 748 ἐγενήθησαν
583 676 639 728 αἱ
671 677 819 746 ῥίζαι
854 673 1017 728 αὐτοῦ
1048 674 1190 746 ὕδωρ
1214 675 1279 707 ⁸⁷·
1309 675 1465 729 πολύ.
1509 695 1528 728 ι
1566 679 1770 730 Παντα·

1878 696 2014 750 aqua
2048 683 2271 738 multa.»
2315 685 2566 742 Extcnsis
2591 688 2762 752 enim,
2792 689 2988 758 inquit,
3013 691 3439 760 circumquaque

245 769 328 842 χοῦ
357 768 476 838 γὰρ,
496 767 678 836 φησὶν,
707 766 950 829 ἐκτείνας
977 764 1072 828 τὰς
1108 764 1282 837 ῥίζας,
1321 767 1414 819 καὶ
1445 766 1641 837 πολλὴν
1675 768 1770 838 ἁρ-

1878 773 2176 836 radicibus,
2203 776 2482 847 multaque
2508 787 2736 847 excepta
2761 781 3100 850 irrigatione,
3136 781 3235 836 lios
3257 796 3438 837 ramos

243 861 376 916 δείαν
398 857 702 925 δεξάμενος,
733 857 858 919 τοὺς
883 855 1111 918 κλάδους
1127 857 1348 920 τούτους
1367 855 1642 928 ἐξέθρεψε.
1667 858 1770 910 Καὶ

1878 865 2155 919 enutrivit.
2189 869 2205 888 ⁶
2241 867 2306 920 Ει
2337 868 2391 922 in
2427 871 2784 926 translatione
2814 887 3200 928 commorans:

244 949 491 1018 ἐπιμένων
514 949 579 1017 τῇ
612 949 810 1017 τροπῇ,

300 1040 362 1110 η’.
391 1038 751 1105 Κυπαρίσσῳ
772 1039 838 1101 ⁸⁸,
871 1039 1053 1108 φησὶν,
1103 1040 1216 1108 οὐχ
1258 1040 1562 1108 ὑπερῆραν
1592 1040 1778 1095 αὐτὸν

240 1134 299 1186 ἐν
327 1131 398 1196 τῷ
423 1129 762 1197 παραδείσῳ
787 1130 892 1184 τοῦ
918 1131 1086 1185 Θεοῦ.
1111 1131 1299 1194 Οὐδεὶς
1327 1131 1453 1202 γὰρ,
1487 1134 1639 1202 φησι,
1667 1133 1776 1184 τῶν

241 1223 364 1275 κατὰ
389 1222 482 1290 τὴν
519 1219 844 1291 οἰκουμένην
874 1221 1171 1290 τηνικαῦτα
1205 1221 1594 1291 βασιλευόντων
1628 1239 1776 1292 περι-

241 1311 543 1380 φανέστερος
590 1309 801 1362 ἐκείνου
851 1311 1099 1377 ἐγένετο·
1148 1309 1515 1379 παράδεισον
1546 1311 1654 1381 γὰρ
1687 1315 1775 1364 ὲν-

238 1400 387 1453 ταῦθα
415 1399 512 1468 τὴν
543 1398 869 1468 οἰκουμένην
901 1399 1126 1453 ἐκάλεσε
1147 1417 1163 1434 ο
1205 1402 1480 1472 τροπικῶς
1506 1403 1614 1472 γὰρ
1641 1402 1777 1466 τέως

239 1489 428 1543 ἅπαντα
470 1487 636 1556 λέγει.
674 1507 692 1539 ι
723 1489 832 1540 Kal.
860 1488 1066 1552 πίτυες,
1097 1492 1282 1561 φησὶν,
1328 1490 1426 1561 οὐχ
1455 1493 1637 1560 ὅμοιαι
1663 1495 1775 1556 τοῖς

201 1577 428 1639 ’κλάδοις
449 1578 490 1608 ⁸³
539 1576 726 1638 αὑτοῦ,
778 1578 872 1630 καὶ
923 1579 1109 1633 ἐλάται
1157 1581 1255 1633 οὐκ
1302 1582 1549 1648 ἐγένοντο
1595 1584 1776 1653 ὅμοιαι

237 1671 336 1730 ταῖς
385 1667 737 1736 παραφυάσιν
759 1667 804 1700 ¹¹⁰
859 1669 1045 1722 αὐτοῦ.
1094 1688 1112 1719 ι
1166 1671 1240 1722 Οὐ
1293 1671 1450 1740 μόνον
1494 1673 1549 1723 δὲ
1589 1673 1771 1737 αὐτὸς,

237 1758 371 1828 φησι,
399 1758 858 1830 περιφανέστερος
889 1758 995 1813 τῶν
1029 1760 1203 1814 ἄλλων
1236 1761 1450 1828 ἐγένετο
1490 1763 1770 1832 βασιλέων,

235 1849 350 1902 ἀλλὰ
375 1849 463 1902 καὶ
491 1850 540 1901 oi
571 1847 765 1902 τούτου
804 1850 988 1904 κλάδοι
1035 1851 1130 1904 καὶ
1173 1853 1545 1921 παραφυάδες,
1593 1854 1772 1925 πολλῷ

233 1937 301 2007 τῷ
341 1938 513 2008 μέτρῳ
557 1939 904 2009 νενικήκασι,
949 1940 1043 1993 καὶ
1074 1941 1152 2011 τῷ
1179 1941 1322 2009 ὕψει,
1363 1945 1455 1995 καὶ
1480 1948 1545 2014 τῇ
1577 1947 1775 1999 πυκνό⁹

234 2045 356 2098 τητι,
383 2030 504 2092 τοὺς
525 2028 638 2082 τῶν
677 2029 849 2083 ἀλλων
878 2031 1046 2085 ὲθνῶν
1080 2032 1351 2102 βασιλέας.
1383 2037 1565 2101 Πίτυς
1589 2037 1645 2088 δὲ
1679 2038 1774 2089 καὶ¹

233 2119 428 2186 ἐλάτας
455 2120 732 2188 τροπικῶς
756 2121 977 2175 ἐκάλεσε
999 2123 1122 2185 τοὺς
1155 2122 1452 2178 ἐλαττόνων
1485 2125 1656 2178 ἐθνῶν
1683 2126 1774 2194 βας

234 2209 410 2274 σιλέας,
441 2204 522 2274 οἷς
557 2210 689 2274 τοὺς
729 2212 1010 2283 σατράπας
1038 2213 1354 2283 ἐπέστησεν,
1387 2215 1436 2268 οἳ
1479 2215 1772 2269 ὑπακούειν

233 2295 426 2359 τούτους
451 2297 786 2367 ἠνάγκαζον.
817 2301 979 2369 Λέγει
1005 2300 1204 2365 τοίνυν,
1234 2302 1316 2355 ὅτι
1337 2303 1443 2355 τῶν
1483 2304 1580 2371 μὲν
1613 2304 1770 2373 μεγί-

235 2401 356 2438 στων
380 2387 639 2455 βασιλέων
693 2388 895 2458 μείζων
937 2390 1180 2458 ἐγένετο·
1221 2390 1332 2443 τῶν
1377 2390 1434 2443 δὲ
1474 2392 1772 2446 ἐλαττόνων

231 2476 318 2528 οὐκ
338 2478 489 2541 αὐτὸς
530 2479 719 2548 μόνον,
749 2480 883 2533 ἀλλὰ
911 2482 1005 2534 καὶ
1034 2482 1083 2533 οἱ
1107 2481 1298 2534 τούτου
1331 2483 1587 2551 ἄρχοντες
1613 2481 1768 2535 δυναο

231 2564 431 2637 τώτεροι
471 2570 798 2641 γεγένηνται
842 2571 936 2624 καὶ
974 2573 1443 2642 περιφανέστεροι.
1482 2569 1615 2627 Εἶτα
1647 2591 1772 2628 συν-

230 2656 420 2725 um-

291 2746 406 2801 Πᾶν
456 2747 654 2812 ξύλον
697 2749 768 2802 ἐν
811 2749 892 2815 τῷ
933 2751 1277 2820 παραδείσῳ
1321 2755 1428 2809 τοῦ
1463 2755 1612 2810 Θεοῦ
1657 2757 1769 2825 οὐχ

231 2838 464 2907 ὡμοιώθη
493 2841 659 2908 αὐτῷ
680 2842 749 2895 ἐν
773 2841 854 2908 τῷ
884 2843 1095 2897 κάλλει
1129 2846 1334 2908 αὐτοῦ,
1369 2846 1480 2915 (θ’.)
1510 2848 1604 2902 διὰ
1625 2849 1668 2880 ⁸¹
1701 2847 1769 2902 τὸ

231 2929 437 2996 πλῆθος
456 2931 573 2984 τῶν
598 2931 843 2987 κλάδων
881 2935 1088 2989 αὑτοῦ.
1115 2969 1182 2978 -
1210 2937 1449 3003 Κάλλος
1476 2939 1532 2991 δὲ
1559 2941 1620 2993 τὸ
1641 2942 1770 3012 ὀρώ-

1947 1015 2116 1092 Vens:
2145 1037 2198 1092 8.
2231 1037 2542 1107 Cyparisso,
2586 1043 2792 1111 inquit,
2826 1060 2934 1097 non
2985 1045 3438 1114 superextulerunt

1875 1142 1989 1180 eam
2025 1127 2080 1179 in
2129 1129 2379 1194 paradiso
2432 1128 2549 1182 Dei.
2601 1130 2771 1187 Nemo
2815 1135 2984 1200 enim,
3019 1136 3215 1203 inquit,
3247 1151 3308 1189 ex
3348 1137 3436 1198 iis,

1877 1217 1968 1284 qui
2006 1229 2134 1270 tunc
2164 1232 2259 1286 per
2287 1219 2474 1272 orbem
2502 1227 2774 1275 terrarum
2811 1224 3136 1292 regnabant,
3173 1224 3440 1278 illustrior

1878 1307 1972 1360 illo
2005 1305 2143 1360 fuit:
2176 1310 2493 1376 paradisum
2533 1313 2733 1382 quippe
2765 1314 2868 1368 hoc
2895 1315 3018 1367 loco
3048 1315 3236 1368 orbem
3266 1322 3439 1368 terra-

1878 1413 1998 1451 rum
2038 1401 2397 1469 nuncupavit.
2438 1400 2684 1472 Namque
2720 1404 2903 1456 omnia
2937 1404 3100 1458 modo
3125 1420 3222 1474 per
3258 1414 3438 1460 trans-

1878 1491 2136 1546 lationem
2170 1493 2432 1562 loquitur.
2473 1513 2492 1546 ι
2530 1494 2594 1548 Ει
2623 1496 2804 1566 pinus,
2844 1497 3040 1566 inquit,
3094 1513 3200 1550 non
3231 1499 3438 1555 similes

1879 1583 2047 1635 ramis
2075 1583 2220 1651 ejus,
2246 1591 2300 1638 et
2327 1585 2536 1641 abietes
2570 1602 2682 1638 non
2721 1586 2941 1642 fuerunt
2991 1587 3204 1642 similes
3239 1603 3438 1656 propa-

1878 1671 2098 1741 ginibus
2122 1673 2264 1742 ejus.
2313 1693 2332 1726 ι
2399 1675 2516 1730 Non
2562 1677 2738 1731 solum
2797 1685 2976 1731 autem
3037 1678 3172 1746 ipse,
3238 1677 3435 1746 inquit,

1879 1762 2147 1816 illustrior
2204 1763 2330 1819 aliis
2387 1766 2642 1820 omnibus
2705 1767 2926 1836 regibus
2965 1766 3087 1830 fuit,
3139 1768 3231 1822 sed
3271 1768 3436 1822 etiam

1875 1849 1994 1918 ejus
2019 1851 2156 1905 rami
2188 1853 2625 1924 propaginesquc
2665 1857 2826 1925 longo
2877 1858 3167 1911 intervallo
3205 1867 3259 1912 et
3306 1875 3436 1928 pro-

1874 1942 2101 1996 ceritate
2137 1951 2190 1996 et
2234 1943 2508 1999 densitate
2538 1945 2766 2000 aliarum
2805 1947 3047 2016 gentium
3089 1964 3243 2018 reges
3292 1949 3438 2002 vice-

1872 2039 2020 2084 runt.
2051 2032 2214 2102 937
2249 2033 2518 2105 Pinusque
2557 2045 2611 2090 et
2649 2038 2842 2091 abiete:
2889 2054 2987 2108 per
3024 2039 3436 2094 translationem
3519 2029 3522 2033 ’

1873 2121 2146 2176 minorum
2171 2126 2413 2192 gentium
2436 2140 2591 2194 reges
2613 2129 2926 2196 appellavit,
2960 2131 3160 2197 quibus
3187 2141 3448 2200 satrapas

1871 2213 2140 2280 praefecit,
2177 2229 2410 2284 quorum
2449 2232 2652 2272 munus
2679 2229 2797 2273 erat
2844 2228 2904 2272 ut
2949 2221 3050 2273 hos
3089 2221 3314 2276 obedire
3346 2238 3440 2276 co-

1878 2312 2088 2372 gerent.
2111 2304 2200 2358 Ait
2232 2306 2420 2374 igitur,
2451 2309 2704 2363 maximis
2725 2310 2944 2379 regibus
2979 2311 3239 2379 majorem
3273 2313 3428 2366 illum

1871 2393 2063 2458 fuisse,
2105 2395 2462 2451 inferioribus
2486 2406 2668 2452 autem
2702 2414 2808 2452 non
2847 2400 3022 2469 ipsum
3071 2409 3309 2465 tantum,
3341 2403 3438 2457 sed

1869 2483 1988 2551 ejus
2018 2484 2304 2554 prmfectos
2329 2490 2664 2555 potentiores
2691 2489 3100 2566 nobilioresque
3129 2494 3436 2550 exstitisse.

1869 2573 2073 2631 Deinde
2104 2577 2428 2647 compendio
2455 2578 2714 2648 quodam,

1942 2756 2108 2812 Omne
2137 2757 2358 2826 lignum,
2401 2759 2599 2827 inquit,
2633 2760 2687 2812 in
2730 2762 2981 2828 paradiso
3027 2762 3118 2816 Dei
3147 2780 3251 2817 non
3299 2765 3438 2819 aui-

1870 2846 2113 2899 milatum
2134 2857 2210 2901 est
2239 2850 2286 2901 ei
2321 2851 2373 2902 in
2399 2850 2792 2917 pulchritudine
2813 2852 2951 2920 ejus,
2987 2852 3181 2922 (Vens.
3206 2855 3289 2924 9.)
3322 2873 3440 2924 pro-

1866 2947 1980 3005 pter
2018 2939 2410 2994 multitudinem
2457 2958 2728 2995 ramorum
2772 2943 2910 3010 ejus.
2962 2943 3436 3002 Pulchritudinem

233 3037 372 3088 μενον
387 3022 544 3092 λέγει,
575 3023 643 3076 τὸ
669 3025 796 3094 περὶ
825 3025 885 3079 τὸ
915 3026 1094 3097 σῶμα,
1117 3029 1422 3099 ἁλουργίδα,
1448 3031 1764 3101 στεφάνους,

1878 3027 2022 3080 illam
2051 3027 2205 3093 dicit,
2235 3046 2355 3098 qua:
2377 3031 2526 3085 circa
2560 3033 2810 3100 corporis
2849 3042 3105 3087 ornatum
3164 3025 3437 3104 cons’pici-

232 3107 426 3178 θρόνους
461 3111 896 3182 λιθοκολλήτους,
950 3115 1307 3187 δορυφόρους,
1361 3119 1768 3191 άσπιδιφόρους,

228 3198 392 3253 καὶτὰ
427 3200 560 3254 ἄλλα
588 3203 694 3255 ὅσα
727 3203 1064 3275 λαμπρύνειν
1092 3203 1200 3260 οἶδε
1234 3210 1376 3262 κατὰ
1408 3210 1468 3263 τὸ
1500 3209 1771 3281 ὁρώμενον

227 3289 334 3350 τοὺς
360 3288 607 3358 βασιλέας
625 3304 642 3319 ⁸
673 3291 820 3360 λέγει
844 3293 1047 3360 τοίνυν,
1068 3295 1152 3348 ὅτι
1170 3297 1344 3359 οὐδεὶς
1368 3299 1597 3371 ἐξισώθη
1624 3301 1772 3372 αὐτῷ

228 3377 321 3430 τῶν
354 3381 600 3450 τηνικάδε
634 3383 737 3452 τῆς
760 3385 866 3454 γῆς
911 3384 1370 3454 βεϐασιλευκότων
1391 3406 1406 3420 ·
1448 3393 1771 3464 προστίθησι

225 3468 275 3555 δὲ
296 3470 368 3522 ὅτι
394 3473 485 3524 καὶ
510 3473 756 3544 ζηλωτὸς
783 3475 1003 3543 ἐγένετο
1048 3479 1213 3530 πᾶσιν
1241 3479 1487 3544 ἐκείνοις.
1545 3502 1562 3534 ι
1617 3483 1773 3555 Ἐζή-

228 3554 347 3610 λωσε
369 3559 410 3590 ⁵¹
440 3561 548 3632 γὰρ
582 3562 771 3627 αὐτὸν,
802 3565 956 3634 φησὶ,
990 3567 1170 3620 πάντα
1187 3568 1235 3599 ⁸³
1263 3569 1330 3620 τὰ
1360 3568 1492 3634 ξύλα
1523 3575 1622 3643 τῆς
1647 3591 1773 3644 τρυ⁹

229 3646 318 3714 φῆς
335 3647 380 3680 ⁸⁸
423 3649 515 3704 τοῦ
575 3653 906 3722 παραδείσου
955 3655 1050 3707 τοῦ
1099 3656 1253 3711 Θεοῦ.
1297 3677 1316 3710 ι
1368 3655 1502 3714 Είτα
1553 3663 1645 3714 τὸν
1671 3663 1772 3732 τῆς

227 3734 382 3807 ψυχῆς
407 3740 570 3795 αὐτοῦ
608 3741 782 3811 τῦφον
808 3749 1162 3815 παραγυμνοῖ
1184 3764 1199 3780 ο

281 3914 333 3971 ι’,
359 3915 445 3963 ια’.
492 3911 596 3965 Διὰ
635 3913 810 3967 τοῦτο
841 3915 980 3968 τάδε
1022 3920 1184 3985 λέγει
1236 3919 1476 3976 Ἀδωναῒ
1523 3925 1768 3991 Κύριος·

233 3995 371 4052 Ἀνθ“
432 3997 519 4055 ὧν
579 4003 821 4072 ἐγένετο
861 4006 907 4036 ⁵⁵
973 4007 1162 4076 μέγας
1213 4011 1294 4076 τῷ
1343 4014 1576 4081 μεγέθει
1598 4057 1612 4082 ,
1671 4018 1769 4070 καὶ

223 4085 450 4142 ἑίδωκεδ6
486 4093 604 4160 τὴν
637 4093 836 4163 ἀρχὴν
871 4098 1059 4150 αὐτοῦ
1100 4103 1187 4165 εἰς
1225 4102 1417 4169 μέσον
1445 4103 1564 4157 τῶν
1595 4113 1769 4174 νεφε-

221 4175 353 4242 λῶν,
393 4186 489 4234 καὶ
511 4183 555 4214 ³⁷
607 4184 836 4252 ἐπήρθη
865 4187 903 4252 ἡ
942 4189 1157 4256 καρδία
1193 4194 1378 4246 αὐτοῦ
1405 4195 1475 4247 ἐν
1506 4194 1585 4260 τῷ
1630 4198 1771 4265 ὕψει

223 4267 410 4331 αὐτοῦ,
453 4271 550 4325 καὶ
575 4273 624 4305 ⁸⁸
666 4270 830 4327 εἶδον
867 4276 937 4330 ἐν
974 4279 1054 4342 τῷ
1084 4281 1388 4350 ὑψωθῆναι
1424 4288 1626 4342 αὐτόν.
1657 4291 1768 4344 Kal

1873 3127 1984 3180 tur,
2017 3133 2345 3188 purpuream
2395 3127 2622 3187 vestem,
2657 3137 2910 3188 coronas,
2959 3126 3117 3180 sedes
3161 3125 3435 3195 lapidibus

1872 3216 2117 3270 ornatas,
2177 3210 2426 3268 hastatos
2463 3221 2821 3283 sculatosquc
2877 3217 3166 3279 satellites,
3215 3228 3271 3272 et
3329 3219 3434 3272 alia

1872 3297 2052 3352 omnia
2100 3314 2224 3368 quae
2279 3312 2686 3357 consueverunt
2751 3319 2938 3358 coram
2999 3307 3435 3374 inspectantibus

1873 3407 2029 3462 reges
2061 3394 2361 3448 illustrare.
2423 3393 2635 3449 Asserit
2692 3394 2860 3464 igitur
2907 3398 3181 3450 neminem
3241 3413 3432 3452 eorum

1871 3485 1964 3554 qui
1991 3493 2121 3540 tunc
2153 3493 2425 3539 terrarum
2451 3501 2622 3556 regno
2649 3489 2801 3556 potiti
2835 3495 2987 3554 sunt,
3017 3487 3119 3557 ipsi
3157 3497 3434 3557 aequatum

1873 3576 2072 3640 fuisse;
2106 3575 2371 3644 additque
2393 3577 2670 3644 ejusmodi
2707 3579 2899 3641 fuisse,
2937 3593 3097 3645 quem
3130 3579 3208 3632 illi
3241 3593 3436 3634 omnes

1871 3667 2276 3720 aemularentur.
2311 3685 2329 3716 ι
2359 3665 2633 3720 Αἳιιηυιοιιι
2663 3670 2808 3723 enim
2847 3677 2976 3724 sunt
3007 3670 3207 3738 ipsum,
3232 3668 3432 3737 inquit,

1871 3755 2054 3810 omnia
2089 3755 2235 3825 ligna
2263 3756 2582 3810 deliciarum
2607 3757 2846 3824 paradisi
2875 3757 2992 3814 Dei.
3027 3777 3046 3809 ι
3079 3756 3285 3811 Deinde
3314 3757 3435 3811 aui-

1871 3847 1942 3900 mi
1985 3847 2133 3900 illius
2164 3845 2366 3901 fastum
2415 3849 2640 3916 exponit
2681 3867 2695 3902 :

1940 3934 2106 3990 Vnus.
2124 3937 2211 3998 10,
2233 3937 2317 3991 Η.
2342 3937 2625 4007 Propterea
2655 3938 2763 3992 lucc
2779 3938 2907 3992 dicit
2922 3938 3128 3992 Adonai
3146 3936 3434 3993 Dominus:

1873 4029 1979 4083 Pro
2010 4047 2069 4084 eo
2097 4031 2236 4102 quod
2264 4033 2436 4101 factus
2469 4041 2547 4086 est
2581 4048 2799 4102 magnus
2827 4032 3204 4102 magnitudine,
3229 4040 3276 4084 et
3293 4031 3437 4084 dedit

1869 4121 2220 4190 principatum
2253 4139 2404 4176 suum
2434 4125 2488 4177 in
2523 4123 2752 4178 medium
2782 4123 3019 4184 nubium,
3061 4133 3108 4176 et
3138 4123 3434 4176 exaltatum

1869 4221 2052 4264 estcor
2070 4213 2182 4275 eius
2208 4213 2261 4265 in
2283 4213 2603 4267 exultatione
2631 4216 2819 4282 ipsius,
2843 4223 2892 4267 et
2938 4212 3045 4265 vidi
3075 4229 3191 4264 cum
3219 4212 3434 4265 extolle-

1871 4308 2013 4353 retur
2036 4303 2165 4370 ipse.
2203 4301 2272 4354 Et
2315 4303 2516 4356 tradidi
2551 4320 2668 4356 eum
2708 4304 2762 4356 in
2780 4319 2966 4356 manus
3019 4301 3268 4370 principis
3310 4317 3433 4368 gen-

222 4357 510 4424 παρέδωκα
553 4364 745 4419 αὐτὸν
789 4369 875 4433 εις
923 4369 1124 4437 χεζοας
1161 4373 1451 4441 ἄρχοντος
1475 4378 1518 4409 ⁸⁸
1557 4380 1765 4446 ἐθνῶν,

1878 4393 2025 4455 tium,
2055 4404 2101 4444 et
2125 4391 2247 4459 fecit
2265 4393 2608 4460 perditionem
2628 4394 2792 4460 ipsius
2813 4392 3096 4445 secundum
3117 4393 3433 4457 impietatem

222 4449 308 4540 καὶ
334 4451 579 4520 ἐποίησε
612 4455 729 4524 τὴν
769 4457 1070 4514 ἀπώλειαν
1114 4466 1299 4519 αὐτοῦ
1324 4467 1367 4498 ⁶⁰
1404 4470 1552 4522 κατὰ
1577 4472 1618 4502 ⁶¹
1653 4472 1768 4540 τὴν

220 4535 479 4632 ἀσέϐειαν
505 4547 713 4602 αὐτοῦ.
757 4549 974 4620 Ἐπειδὴ
1007 4553 1136 4623 γὰρ,
1171 4557 1357 4625 φησὶν,
1387 4559 1488 4612 οὐκ
1523 4535 1767 4632 ἠρκέσθη

220 4629 278 4722 τῇ
298 4633 429 4722 κατὰ
451 4636 558 4688 τῶν
581 4638 677 4690 ἀνθ
684 4639 880 4708 ρώπων
913 4643 1200 4714 ἡγεμονίᾳ,
1229 4647 1364 4700 ἀλλὰ
1379 4649 1472 4702 καὶ
1488 4652 1606 4704 κατ’
1631 4629 1765 4722 sueti

219 4719 277 4812 τῇ
307 4721 590 4798 ἀλαζονείᾳ
638 4730 928 4801 ἐχρήσατο,
978 4752 997 4784 ι
1030 4736 1318 4805 παρέδωκα
1353 4741 1535 4804 αὑτὸν,
1579 4719 1764 4812 φησὶν,

217 4810 289 4904 είς
315 4816 497 4884 χεῖρας
524 4819 780 4888 ἄρχοντος
828 4824 1016 4878 ἐθνῶν.
1063 4845 1081 4877 ι
1119 4828 1279 4895 Λέγει
1311 4829 1365 4882 δὲ
1408 4831 1498 4884 τὸν
1545 4810 1760 4904 Κῦρον·

215 4891 356 4966 οὗτος
382 4904 490 4976 γὰρ
522 4911 789 4980 μητρόθεν
818 4913 922 4983 μὲν
945 4917 1146 4986 Μῆδος,
1170 4891 1438 4990 πατρόθεν
1464 4923 1521 4976 δὲ
1549 4891 1764 4996 Πέρσης

1867 4481 1999 4548 ejus.
2036 4481 2173 4546 Quia
2213 4483 2382 4547 enim,
2410 4483 2611 4551 inquit,
2648 4482 2790 4535 haud
2822 4490 3113 4535 contentus
3138 4480 3241 4533 fuit
3265 4480 3433 4532 homi-

1869 4586 1997 4623 num
2028 4571 2275 4639 impcrio,
2304 4573 2397 4626 sed
2426 4582 2616 4625 contra
2649 4587 2733 4624 me
2754 4572 2915 4625 etiam
2946 4569 3201 4640 superbia
3225 4569 3430 4622 abusus

1867 4669 1951 4716 est
1985 4680 2002 4712 ι
2046 4660 2243 4714 tradidi
2269 4675 2418 4725 eum,
2461 4663 2659 4731 inquit,
2691 4662 2746 4715 in
2772 4675 2971 4714 manus
3001 4658 3268 4729 principis
3295 4673 3428 4726 gen-

1868 4751 2026 4804 tium.
2063 4767 2083 4800 ι
2115 4748 2316 4819 Cyrum
2347 4757 2525 4803 autem
2554 4749 2720 4820 938
2750 4747 3026 4819 intelligit,
3059 4747 3150 4815 qui
3184 4753 3430 4800 materno

1866 4854 2061 4908 genere
2111 4838 2318 4903 Medus,
2364 4847 2594 4908 paterno
2633 4839 2800 4893 Persa
2831 4847 2973 4900 erat,
3021 4846 3075 4891 et
3123 4852 3154 4890 a
3213 4836 3427 4890 duabus

1873 4927 2182 4981 nationibus
2219 4926 2502 4996 profectus
2536 4928 2886 4999 Assyriorum
2925 4935 2979 4982 et
3006 4926 3425 4996 Babyloniorum

1496 5101 1582 5156 VA
1592 5101 1729 5158 RUE
1767 5104 2166 5161 LECTIONES.

288 5235 456 5327 ὖδ·
553 5249 610 5297 ει
645 5243 686 5298 Β
715 5261 903 5327 Ριξεεῐη-
932 5251 1032 5327 ειὶςι
1107 5251 1153 5283 ⁸⁸
1185 5253 1339 5327 Κυπ;
1372 5285 1437 5296 -
1467 5255 1646 5327 αιξτόν.
1675 5257 1828 5312 Hanc
1877 5259 2058 5315 minus
2091 5259 2424 5327 frequentem
2467 5259 2754 5314 lectionem
2797 5265 2997 5321 tuetur,
3034 5257 3094 5322 Β,
3127 5257 3219 5326 qui
3244 5266 3422 5311 tamen

214 5302 361 5396 habet
383 5302 792 5396 κυπάρισσοιΞΑ
819 5302 1155 5396 κυπάρισσοι
1174 5322 1453 5396 Δτοιαῦται.
1479 5325 1643 5396 Hebr.
1666 5327 1826 5382 Ccdri
1854 5302 2319 5384 nonuolitexis'sent
2349 5344 2487 5382 eam.
2560 5330 2604 5360 δ’
2629 5346 2679 5382 τ.
2712 5327 2796 5380 κλ.
2833 5328 2876 5378 Α
2903 5302 3022 5391 ταίς
3051 5302 3417 5396 πάξαφυάᾳινο

217 5373 273 5479 :1
280 5393 328 5433 τ.
346 5373 555 5479 παραιρὲ
585 5383 631 5434 Α
650 5388 756 5479 τοῖς
784 5373 1014 5479 κλάδοις.
1048 5373 1058 5374 ί
1092 5391 1137 5479 ξς
1169 5373 1289 5456 διὰ,
1318 5373 1453 5479 ᾆξ’-ξ.
1478 5373 1613 5479 ᾗ]ἰί
1632 5373 1796 5476 "Quid;
1812 5373 2827 5479 'néiiifiiiieiiiﬁiiiﬁﬁ:Euphrati:'[gcg
2850 5373 3019 5479 εηιεηῖῖ
3075 5373 3189 5479 "ra
3210 5373 3422 5479 1mg):

216 5458 327 5513 σαν.
396 5450 440 5479 ⁸³
464 5451 662 5506 πάντα.
702 5454 826 5509 Des.
851 5459 902 5511 in
929 5450 994 5513 Α.

219 5529 326 5594 you,
355 5533 452 5594 pro
475 5521 658 5594 αρτοὖ.
752 5527 806 5594 [⁷
839 5528 929 5580 καὶ
973 5559 1040 5569 -
1068 5530 1253 5584 αὐτοῦ.
1282 5521 1417 5586 Ἠεε.
1443 5533 1496 5585 in
1538 5532 1602 5587 A.

216 5588 298 5634 επ.
319 5601 369 5641 τ.
398 5588 569 5643 ἀπώλ.
600 5593 714 5650 αὐτ.
740 5593 905 5652 Hebr.
929 5601 1140 5671 agendo
1169 5607 1292 5672 aget
1322 5616 1447 5657 cum
1491 5617 1576 5659 eo.

1701 5535 1748 5565 ⁸⁸
1779 5537 1874 5588 καὶ
1902 5565 1972 5574 —-
2004 5535 2182 5588 αὐτόν.
2207 5537 2332 5591 Des.
2372 5537 2427 5590 in
2461 5537 2624 5593 llebr.

1675 5604 1716 5636 "
1741 5605 1882 5659 κατὰ
1913 5605 2035 5661 αὐτ.
2069 5607 2190 5662 Des.
2229 5607 2280 5660 in
2299 5607 2361 5659 A.

1091 5460 1138 5537 δέ
1168 5479 1228 5537 τζ
1246 5479 1334 5537 τε.
1388 5463 1455 5537 ln_
1508 5464 1564 5537 ΑΔ
1609 5467 1830 5537 ponitur
1867 5477 1990 5535 post
2014 5459 2212 5537 παραδ.
2290 5468 2336 5499 ⁵³
2366 5459 2409 5518 Α
2439 5469 2646 5534 ἐγένου.
2720 5459 2767 5498 ⁵⁸
2799 5467 2838 5537 Α
2866 5467 3089 5537 ἔδωκας,
3140 5469 3194 5515 et
3227 5459 3421 5537 deinde

2729 5537 2772 5569 '9
2797 5536 2843 5590 Α
2867 5535 3160 5604 ἀρχόντων.
3255 5529 3301 5560 ⁸⁸
3327 5529 3420 5579 καὶ
