3860 6206
400 263 535 330 ι123

1379 242 1863 308 THEODORETI
1901 239 2238 301 EPISCOPI
2277 239 2642 301 CYRENSIS

3455 251 3566 318 ii‘li

397 387 626 444 regnum
659 344 936 425 dissolvit.
972 379 991 416 ι
1029 360 1096 415 Et
1125 357 1282 422 fecit,
1341 355 1548 423 inquit,
1591 351 1952 423 perditionem

2069 345 2341 444 ὅπάρχων,
2369 348 2462 400 καὶ
2485 347 2550 400 ἐκ
2571 347 2664 402 δύο
2683 347 2851 403 ἐθνῶν
2871 347 3209 422 ὁρμώμενος,
3231 353 3322 426 τὴν
3349 357 3442 410 τῶν
3472 363 3570 418 Ἀσ.

395 441 571 536 ipsius
610 459 911 516 secundum
950 452 1287 521 impietatem
1327 447 1470 517 ejus.
1510 465 1528 497 ι
1564 443 1772 515 Digna'
1809 441 1956 498 cnim

394 533 463 610 iis
491 566 610 624 quae
645 547 862 603 admisit
911 541 1179 612 supplicia
1215 538 1466 608 pertulit.
1517 534 1835 589 Secundum
1870 533 1958 586 hi-

395 623 622 702 storiam
649 642 815 711 igitur
865 637 981 690 haec
1012 629 1538 687 Nabuchodonosori
1563 625 1834 688 accidere,
1862 623 1958 695 qui

395 744 561 791 tanta:
593 728 933 786 crudelitatis
955 724 1337 794 superbiaeque
1357 729 1411 775 et
1444 717 1742 788 impietatis
1770 715 1961 770 morbo

396 823 684 882 laboravit.
720 819 778 874 Si
811 833 938 873 vero
973 818 1086 870 hac
1119 819 1378 868 accurate
1405 809 1608 878 aliquis
1639 807 1768 861 velit
1799 805 1960 874 inspi-

393 933 541 980 cere,
577 909 879 981 comperiet
926 907 1092 962 etiam
1131 916 1477 958 communem
1533 899 1815 952 hominum
1866 910 1962 966 pe-

395 1015 555 1069 stem,
588 1003 696 1055 Deo
729 999 988 1055 infestum
1023 1005 1076 1050 et
1099 992 1380 1048 inimicum
1414 988 1691 1043 diabolum
1727 1001 1824 1056 per
1845 985 1960 1039 hate

395 1093 666 1151 indicari:
714 1092 806 1161 qui
843 1097 987 1143 recte
1022 1094 1076 1141 et
1101 1083 1329 1155 pulchre
1357 1081 1712 1137 fabrefactus.
1754 1075 1962 1146 princi-

394 1188 665 1258 pibusque
703 1178 1075 1252 potestatibus
1104 1182 1448 1242 exaequatus,
1491 1167 1964 1234 inferioribusque

397 1253 633 1331 nobilior
664 1270 995 1341 (paradisum
1036 1266 1184 1321 enim
1232 1262 1560 1321 deliciarum,
1606 1265 1672 1341 et_
1715 1256 1858 1325 ligna
1905 1253 1962 1306 in

396 1366 536 1434 ipso,
567 1359 875 1417 secundum
907 1354 1182 1425 allegoriae
1213 1351 1383 1420 leges,
1429 1335 1677 1416 corporis
1709 1350 1964 1414 expertes

397 1461 628 1508 naturas
651 1448 914 1515 vocavit),
944 1452 1137 1499 contra
1160 1440 1422 1511 Opiticem
1447 1451 1634 1501 suum,
1661 1448 1690 1486 a
1723 1447 1834 1503 quo
1883 1440 1961 1485 ta-

396 1543 504 1597 lem
533 1541 786 1595 decorem
816 1543 1251 1608 potestatemque
1276 1534 1584 1598 acceperat,
1615 1523 1779 1580 veluti
1813 1521 1965 1576 rabie

395 1632 623 1698 cxarsit,
665 1629 1071 1696 meditatusque
1111 1620 1478 1694 tyrannidem,
1517 1631 1642 1672 cum
1689 1630 1749 1670 se
1795 1613 1962 1667 Deum

2061 437 2262 510 συρίων
2285 437 2380 491 καὶ
2417 437 2775 494 Βαϐυλωνίων
2805 442 3071 496 κατέλυσε
3105 441 3384 512 βασιλείαν.
3428 467 3442 501 ι
3483 453 3574 508 Καὶ

2062 529 2305 598 εποίησε,
2339 529 2524 599 φησὶν,
2557 530 2656 600 τὴν
2693 531 2970 586 ἀπώλειαν
3007 534 3172 587 αὑτοῦ
3199 537 3330 590 κατὰ
3361 539 3447 609 τὴν
3472 544 3575 598 ἀσέ-

2061 617 2214 671 ϐειαν
2242 618 2403 672 αὐτοῦ
2421 632 2435 646 ⁸
2462 637 2480 670 ι
2511 620 2671 685 ’Ἃξια
2701 619 2830 692 γὰρ,
2867 622 3055 693 φησὶν,
3089 624 3363 694 ὑπέμεινεν
3385 621 3451 683 ὧν
3475 633 3577 700 ὴνά-

2065 726 2204 779 μησε
2229 711 2294 763 ⁸⁸.
2348 712 2504 764 Κατὰ
2539 710 2639 781 μ’ὲν
2666 708 2759 766 οὖν
2798 713 2897 783 τὴν
2927 715 3186 786 ἱστορίαν,
3217 717 3377 771 ταῦτα
3399 721 3468 790 τῷ
3490 723 3580 778 Na-

2061 799 2444 873 6ουχοδονόσορ
2478 802 2698 872 συνέϐη,
2727 803 2994 874 τοσαύτην
3019 805 3274 877 ὠμότητα
3301 810 3388 861 καὶ
3422 811 3584 876 ἀλαζο-

2060 892 2210 946 νείαν
2261 893 2358 945 σὺν
2401 894 2627 965 ἀσεϐείᾳ
2665 899 2997 968 νενοσηκότι.
3035 899 3098 951 El
3145 898 3202 951 δέ
3251 916 3330 963 τις
3381 902 3585 974 ἀκριϐῶς

2062 985 2293 1038 συνιδεῖν
2319 983 2646 1055 ἐθελήσειεν,
2679 987 2905 1059 εὑρήσει
2934 990 3030 1042 καὶ
3063 989 3155 1042 τὸν
3193 990 3362 1044 κοινὸν
3386 990 3482 1045 τῶν
3506 996 3578 1048 ὰν-

2061 1073 2295 1145 θρώπων
2337 1075 2634 1146 ἀλάστορα,
2670 1077 2762 1132 τὸν
2793 1079 2886 1132 τοῦ
2917 1077 3052 1131 Θεοῦ
3085 1080 3316 1151 δυσμενῆ
3352 1083 3435 1134 καὶ
3454 1084 3588 1136 πολέ-

2065 1180 2187 1232 μιον
2208 1163 2450 1219 διάϐολον
2476 1165 2564 1220 διὰ
2589 1166 2792 1220 τούτων
2825 1168 3320 1239 παραδηλούμενον,
3352 1169 3406 1232 ὃς
3439 1171 3588 1236 καλῶς

2062 1253 2158 1306 καὶ
2182 1253 2401 1320 άγαθῶς
2424 1254 2472 1286 ⁸³
2501 1253 2948 1327 δημιουργηθεὶς,
2986 1259 3079 1310 καὶ
3102 1260 3222 1320 ταῖς
3257 1259 3350 1328 μὲν
3372 1260 3591 1329 ἀρχικαϊς

2061 1343 2356 1414 δυνάμεσιν
2400 1345 2769 1416 ἐξισούμενος,
2799 1347 2908 1400 τῶν
2941 1348 2998 1400 δὲ
3033 1350 3424 1420 ὑποδεεστέρων
3445 1353 3590 1422 ὑπάρ-

2062 1453 2174 1505 χων
2241 1437 2700 1508 περιφανέστερος
2772 1437 3160 1509 (παράδεισον
3221 1444 3326 1512 γὰρ
3379 1442 3592 1511 τρυφῆς,

2064 1527 2160 1580 καὶ
2199 1527 2271 1580 τὰ
2312 1528 2370 1581 ἐν
2413 1529 2587 1598 τούτῳ
2634 1529 2812 1595 ξύλα,
2857 1530 2996 1583 κατὰ
3029 1531 3156 1593 τοὺς
3183 1534 3280 1602 τῆς
3307 1532 3594 1602 ἀλληγορίας

2064 1618 2281 1688 νόμους,
2331 1617 2428 1683 τὰς
2471 1619 2800 1690 ἀσωμάτους
2841 1621 3034 1689 φύσεις
3078 1621 3495 1687 ὲκάλεσε),κατὰ
3515 1623 3594 1676 τοῦ

397 1725 519 1779 fore
561 1721 892 1778 somniasset
923 1717 1234 1789 (dignitate)
1262 1711 1485 1768 excidit.
1519 1707 1636 1762 Hoc
1687 1706 1817 1760 item
1873 1704 1962 1757 in-

2069 1708 2426 1778 πεποιηκότος
2445 1710 2539 1762 καὶ
2564 1710 2834 1780 τοσαύτην
2861 1711 3192 1781 εὐπρέπειαν
3211 1711 3343 1781 ὁμοῦ
3366 1712 3451 1764 καὶ
3474 1711 3597 1764 δύνα-

398 1813 519 1867 nuit
546 1812 739 1865 beatus
769 1807 994 1869 Paulus,
1020 1805 1210 1860 dicens
1247 1815 1264 1854 :
1300 1819 1320 1852 ι
1351 1798 1470 1853 Non
1502 1796 1859 1866 neophytum,
1895 1807 1963 1847 ne

399 1905 454 1958 in
490 1902 801 1973 superbiam
831 1899 1011 1954 elatus
1036 1897 1090 1950 in
1117 1893 1385 1963 judicium
1406 1888 1613 1945 diaboli
1644 1887 1854 1940 incidat
1877 1896 1958 1938 ο.»

398 1992 668 2047 Νοεοίἐηε
697 1992 841 2046 enim
877 1996 1044 2060 prout
1069 2001 1209 2055 opus
1246 1991 1332 2039 est
1369 1985 1578 2036 honore
1610 1981 1714 2042 uti,
1761 1979 1962 2034 similia

399 2085 469 2140 iis
492 2085 754 2154 patietur,
786 2095 908 2150 quae
925 2078 1180 2132 diabolus
1212 2089 1410 2145 passus
1434 2081 1540 2138 est,
1568 2072 1663 2141 qui
1699 2070 1963 2125 tributum

401 2175 507 2231 sibi
530 2176 793 2227 honorem
831 2170 1008 2225 fastus
1049 2178 1103 2223 et
1147 2166 1473 2237 arrogantia:
1529 2163 1660 2218 fecit
1718 2160 1966 2216 occasio-

401 2276 547 2316 nem.
585 2259 742 2314 Hunc
771 2258 848 2311 ait
881 2275 900 2306 ι
957 2255 1198 2327 principi
1244 2254 1490 2325 gentium
1521 2249 1781 2304 traditum
1815 2246 1904 2300 iri.
1940 2263 1959 2297 ι

400 2351 537 2418 Quis
565 2359 745 2403 autem
766 2349 860 2402 hic
885 2349 1140 2417 princeps
1171 2344 1439 2416 gentium,
1479 2341 1588 2396 nisi
1622 2338 1965 2410 unigenitum

402 2441 500 2496 Dei
560 2439 824 2505 Verbum,
857 2439 1114 2493 Christus
1167 2431 1562 2489 Dominus?ad
1613 2445 1780 2501 quem
1838 2443 1967 2498 pro-

401 2533 560 2602 pheta
588 2533 700 2585 ait:
741 2548 758 2580 ι
798 2529 933 2595 Quis
958 2542 1066 2582 non
1101 2525 1315 2580 timebit
1348 2534 1420 2587 te,
1451 2538 1544 2577 res
1577 2517 1906 2592 gentiumd?
1941 2533 1966 2569 ι

403 2632 459 2678 et
487 2623 684 2676 beatus
705 2619 876 2674 Jacob
913 2637 925 2672 :
961 2637 978 2669 ι
1014 2617 1131 2670 Νοη
1162 2614 1380 2668 deficiet
1413 2613 1671 2682 princeps
1710 2625 1774 2665 ex
1803 2607 1965 2671 Iuda,

400 2721 457 2768 et
493 2713 602 2768 dux
624 2711 790 2783 939
815 2709 882 2764 de
913 2708 1215 2763 femoribus
1246 2706 1395 2775 ejus,
1431 2703 1609 2757 donec
1649 2700 1833 2756 veniat
1877 2697 1966 2752 cui

399 2803 702 2874 repositum
741 2809 848 2861 est,
877 2808 928 2854 et
954 2801 1075 2869 ipse
1103 2796 1444 2866 exspectatio
1483 2793 1723 2864 gentium
1750 2803 1797 2857 ο,
1835 2809 1854 2843 ι
1893 2789 1968 2843 Ea

400 2906 622 2962 quoque
653 2889 830 2946 Isaias
854 2888 1148 2943 exclamat.
1187 2903 1207 2934 ι
1244 2883 1358 2937 Erit
1385 2883 1528 2938 enim
1557 2879 1735 2943 radix,
1767 2879 1967 2950 inquit,

399 2981 574 3045 Jessc,
607 2989 660 3036 et
685 2979 776 3050 qui
807 2978 1095 3047 consurgit
1116 2984 1180 3030 ut
1210 2976 1471 3046 princeps
1509 2972 1868 3043 sit-gentium,
1909 2970 1966 3024 in

403 3073 525 3142 ipso
577 3080 767 3142 gentes
814 3066 1183 3140 sperabunt‘.
1235 3085 1254 3118 ›
1299 3065 1363 3118 Et
1426 3065 1589 3120 Pater
1648 3063 1716 3118 ad
1771 3077 1896 3116 eum
1950 3078 1965 3114 :

407 3182 427 3214 ι
462 3160 735 3217 Constitui
765 3169 819 3214 te
849 3158 1028 3214 fmdus
1049 3155 1288 3228 generis,
1313 3154 1491 3210 lucem
1516 3153 1779 3224 gentium,
1803 3156 1863 3204 ut
1889 3148 1972 3205 sis

403 3255 568 3311 saluti
603 3267 782 3324 usque
817 3251 887 3305 ad
903 3258 1210 3305 extremam
1245 3255 1456 3302 terram
1474 3247 1521 3298 δ.
1561 3263 1580 3296 ι
1617 3243 1683 3297 Et
1710 3243 1828 3312 ipse
1851 3254 1973 3294 rur—

403 3359 500 3400 sus
545 3343 806 3414 propheta
853 3341 903 3396 ei
954 3339 1130 3394 dicit:
1178 3356 1196 3389 ι
1239 3336 1537 3392 Laboravit
1589 3333 1887 3406 Egyptus,
1917 3338 1975 3386 et

405 3438 702 3508 negotiatio
727 3433 1071 3503 Ethiopum,
1104 3437 1160 3486 et
1197 3429 1404 3485 Sabain
1431 3429 1533 3482 viri
1571 3426 1778 3482 excelsi
1822 3423 1892 3480 ad
1921 3431 1975 3480 te

402 3526 729 3592 ascenderit,
756 3532 812 3578 et
850 3522 958 3576 tibi
991 3529 1154 3576 erunt
1201 3520 1348 3575 servi
1379 3537 1394 3572 :
1426 3525 1548 3587 post
1580 3526 1633 3571 te
1673 3521 1972 3585 sequentur

406 3618 571 3672 vincti
611 3615 989 3685 compedibus,
1021 3620 1077 3666 et
1111 3611 1167 3666 in
1203 3620 1257 3666 te
1298 3608 1715 3680 supplicabunt,
1747 3605 1879 3676 quia
1914 3604 1971 3656 in

404 3716 462 3762 te
495 3707 638 3762 Deus
673 3716 779 3769 est,
805 3713 862 3759 et
890 3718 1004 3758 non
1042 3709 1129 3757 est
1169 3701 1316 3756 Deus
1356 3708 1559 3770 praeter
1586 3709 1664 3764 te,
1699 3717 1718 3750 ι
1762 3705 1820 3752 et
1853 3711 1976 3766 quae

407 3797 779 3866 sequunturh.
831 3794 954 3863 Ipse
1006 3807 1230 3864 quoque
1281 3807 1379 3863 per
1433 3792 1656 3847 beatum
1715 3788 1973 3842 Davidem

405 3887 580 3944 dicit:
617 3905 635 3936 ι
673 3885 1132 3954 Ροριιιιιε,ιηιιθιη
1162 3897 1271 3936 non
1305 3881 1562 3954 cognovi,
1603 3880 1831 3936 servivit
1863 3879 1971 3933 mi-

409 3977 463 4030 hi
489 3976 533 4029 ί.
561 3994 578 4028 ι
620 3974 688 4028 Et
728 3974 948 4030 inﬁnita
985 3974 1094 4028 alia
1145 3974 1275 4028 licet
1311 3971 1559 4028 invenire
1616 3969 1969 4034 testimonia,

403 4080 530 4137 quae
555 4067 659 4120 hoc
697 4065 842 4119 idem
872 4064 1098 4120 docent.
1139 4063 1282 4120 Huic
1327 4063 1498 4134 igitur
1538 4061 1808 4117 traditum
1847 4075 1972 4116 esse

407 4159 610 4214 asserit
637 4171 762 4212 eum
793 4157 894 4227 qui
925 4157 1240 4212 communis
1263 4163 1353 4211 est
1379 4154 1558 4225 pestis
1591 4163 1646 4207 et
1687 4151 1894 4216 hostis,
1915 4161 1971 4209 et

406 4249 474 4303 ab
510 4248 616 4301 hoc
647 4245 920 4316 perditum
948 4245 1112 4301 illum
1150 4244 1326 4301 fuisse
1357 4241 1671 4301 secundum
1712 4241 1966 4314 impietav

407 4347 518 4392 tcm
550 4352 730 4394 suam.
755 4335 856 4392 His
881 4336 1112 4407 subjicit
1139 4349 1157 4390 :

480 4597 548 4655 Et
576 4599 702 4669 ejeci
725 4616 847 4656 cum
871 4617 984 4671 ego.
1017 4600 1205 4673 (-Vstts.
1230 4601 1342 4673 12.)
1381 4600 1450 4657 Et
1493 4603 1974 4658 exterminans-unt

409 4700 525 4744 eum
559 4693 714 4748 alieni
743 4695 1044 4762 pestilentes
1062 4714 1101 4748 τι
1125 4696 1386 4764 gentibus,
1415 4703 1470 4752 ιι
1492 4697 1824 4766 prajecerttnt
1857 4712 1975 4751 eum

409 4799 565 4851 super
599 4793 819 4840 montes.
841 4788 857 4805 ‘
899 4785 1034 4840 Cum
1075 4786 1225 4841 enim
1260 4785 1525 4842 Dominus
1547 4787 1698 4841 illum
1726 4787 1976 4854 vicisset,

407 4881 467 4928 et
493 4874 807 4945 principatu
842 4890 908 4930 ac
938 4877 1238 4965 tyrannide
1261 4876 1576 4947 deiecisset,
1605 4879 1697 4949 qui
1723 4879 1853 4934 olim
1883 4895 1977 4950 pe-

409 4965 658 5021 stilentes
685 4975 960 5021 eranteta
990 4965 1100 5022 Deo
1121 4967 1283 5022 alieni
1307 4983 1370 5022 ex
1403 4969 1680 5039 gentibus,
1713 4981 1765 5026 et
1789 4971 1978 5026 divino

411 5054 694 5125 prmconio
755 5055 1130 5119 crediderunt,
1163 5055 1200 5110 ii
1236 5070 1466 5125 prorsus
1489 5072 1614 5115 eum
1646 5062 1979 5119 extermina-

482 5222 505 5252 ε
529 5211 548 5263 l
571 5210 715 5264 'l‘im.
749 5224 832 5272 tn,
854 5209 919 5264 -6.

1019 5211 1046 5250 ἀ
1081 5209 1283 5267 Jerem.
1310 5228 1369 5278 ι,
1399 5213 1455 5267 7.

429 5286 439 5317 '
466 5279 607 5338 Psal.
635 5295 768 5346 xm,
801 5281 890 5335 6'5.

1997 4374 2044 4431 Ι)

1550 5225 1572 5253 ε
1599 5212 1739 5270 Gen.
1779 5231 1928 5283 nix,
1957 5217 2042 5273 10.

2071 1816 2162 1869 μιν
2193 1798 2486 1862 δεδωκότος
2531 1799 2811 1872 ὶλύττησε,
2847 1803 2941 1855 καὶ
2988 1793 3278 1873 τυραννῖδα
3311 1803 3595 1873 μελετήσας,

2066 1889 2159 1942 καὶ
2183 1889 2314 1952 Θεὸς
2337 1888 2555 1942 ἔσεσθαι
2574 1891 2994 1962 ὀνειροπολήσας
3013 1891 3260 1956 ἐξέπεσε.
3283 1891 3443 1946 Τοῦτο
3457 1894 3508 1946 δὲ
3523 1895 3597 1947 καὶ

2064 1980 2092 2032 6
2123 1980 2390 2051 μακάριος
2415 1981 2711 2035 αἰνίττεται
2741 1983 2991 2049 Παῦλος,
3033 2002 3052 2036 ι
3082 1986 3175 2053 Μὴ
3216 1984 3490 2053 νεόφυτον,
3527 1985 3598 2038 u-

2064 2088 2196 2138 γων,
2228 2072 2316 2124 ἵνα
2365 2072 2439 2143 μὴ
2477 2073 2748 2142 τυφωθεὶς
2772 2077 2853 2139 εἰς
2885 2078 3061 2147 κρῖμα
3089 2077 3307 2147 ἐμπέσῃ
3335 2077 3599 2130 1-655:an-

2064 2161 2177 2215 λου.
2211 2179 2230 2214 ι
2263 2161 2378 2215 Οὐκ
2406 2161 2562 2226 ειδὼς
2602 2165 2712 2235 γὰρ
2755 2167 2833 2230 εἰς
2875 2166 2997 2221 δέον
3037 2167 3346 2238 χρήσασθαι
3392 2170 3456 2237 τῇ
3489 2170 3601 2240 τιμῇ

2065 2251 2419 2323 παραπλήσια
2447 2253 2690 2307 πείσεται
2726 2254 2806 2325 τῷ
2831 2255 3084 2328 διαϐόλῳ,
3127 2256 3188 2320 ὃς
3221 2257 3464 2327 ἀφορμὴν
3491 2257 3602 2310 ἀλα·

2065 2342 2274 2408 ζονείας
2295 2346 2391 2398 καὶ
2410 2343 2578 2414 τύφου
2594 2345 2692 2417 τὴν
2711 2345 2957 2400 δοθεῖσαν
2971 2346 3122 2418 αὐτῷ
3143 2347 3309 2418 τιμὴν
3321 2347 3601 2416 ἐποιήσατο.

2065 2433 2266 2487 Τοῦτον
2294 2433 2442 2502 λέγει
2472 2452 2491 2486 ι
2525 2436 3000 2508 παραδοθήσεσθαι
3021 2438 3247 2508 ἄρχοντι
3274 2437 3454 2491 ἐθνῶν.
3485 2456 3502 2488 ι
3529 2438 3606 2499 Τις

2066 2524 2120 2578 δὲ
2149 2520 2300 2588 οὗτος
2328 2527 2356 2579 6
2385 2526 2570 2598 ἄρχων
2600 2527 2709 2582 τῶν
2729 2526 2923 2594 ἐθνῶν,
2947 2529 2980 2601 ἢ
3009 2531 3036 2582 6
3070 2528 3367 2599 μονογενὴς
3388 2526 3473 2580 τοῦ
3495 2522 3606 2578 θεοῦ

2065 2616 2237 2685 Λόγος
2268 2619 2297 2670 6
2347 2618 2624 2688 Δεσπότης
2671 2619 2928 2689 Χριστὸς,
2983 2619 3122 2690 πρὸς
3170 2619 3231 2671 ὃν
3283 2620 3312 2672 6
3360 2618 3610 2688 προφήτης

2066 2706 2230 2776 φησί’
2254 2724 2274 2758 ε
2298 2705 2394 2769 Τίς
2417 2707 2480 2759 οὐ
2507 2705 2880 2776 φοϐηθήσεταί
2906 2725 2986 2772 σε,
3013 2706 3239 2779 βασιλεῦ
3265 2706 3371 2760 τῶν
3393 2704 3544 2758 ἐθνῶν
3560 2721 3574 2770 ;
3591 2723 3606 2752 ι

2066 2795 2178 2847 Καὶ
2228 2797 2256 2850 ό
2307 2795 2576 2866 μακάριος
2636 2797 2859 2850 Ἰακώϐ·
2895 2797 3012 2852 Οὐκ
3057 2798 3311 2867 ἐκλείψει
3361 2797 3530 2867 ἄρχων
3564 2795 3614 2858 ἐξ

2079 2885 2265 2951 Ἰούδα,
2291 2887 2384 2940 καὶ
2409 2885 2712 2957 ἡγούμενος
2744 2890 2807 2944 ὲκ
2841 2890 2954 2944 τῶν
2982 2890 3178 2962 μηρῶν
3218 2888 3408 2956 αὑτοῦ,
3440 2889 3533 2952 ἕως
3560 2888 3613 2941 ἄν

2069 2973 2196 3046 ἔλθῃ
2229 2967 2274 3044 ᾧ
2311 2976 2624 3042 ἀπόκειται,
2668 2979 2763 3034 καὶ
2813 2981 2977 3045 αὐτὸς
3028 2980 3338 3050 προσδοκία
3391 2977 3563 3034 ἐθνῶν.
3595 2995 3610 3029 ι

2075 3064 2260 3120 Ταῦτα
2283 3066 2378 3121 κα)⁵
2412 3067 2638 3132 Ἡσαΐας
2662 3068 2786 3140 βοᾷ·
2821 3088 2842 3120 ι
2877 3071 3074 3123 Ἔσται
3099 3070 3236 3142 γὰρ,
3260 3071 3443 3141 φησὶν,
3462 3071 3494 3138 ἡ
3516 3069 3617 3140 ῥίζα

2070 3156 2167 3210 τοῦ
2214 3157 2431 3218 Ἰεσσαὶ.
2466 3159 2563 3213 καὶ
2603 3161 2630 3213 6
2659 3159 3018 3231 ἀνιστάμενος
3053 3162 3244 3236 ἄρχων
3270 3161 3320 3194 ⁸⁸
3350 3160 3528 3226 ἐθνῶν,
3549 3159 3618 3212 ἔπ’

2071 3248 2221 3319 αὑτῷ
2267 3249 2395 3321 ἔθνη
2445 3251 2709 3306 ὲλπιούσι.
2763 3271 2782 3304 ι
2819 3252 2930 3305 Καὶ
2974 3253 3008 3306 6
3061 3251 3257 3324 Πατὴρ
3293 3252 3427 3324 πρὸς
3455 3251 3619 3305 αὐτόν·

2074 3357 2098 3390 ι
2138 3339 2356 3392 Δέδωκά
2387 3356 2448 3392 σε
2496 3343 2576 3403 είς
2622 3339 2888 3412 διαθήκην
2919 3340 3136 3408 γένους,
3183 3341 3274 3404 εἰς
3301 3341 3418 3412 φῶς
3462 3338 3622 3402 ὲθνῶνν

2069 3427 2164 3482 τοῦ
2205 3425 2343 3482 εἶναί
2377 3446 2435 3483 σε
2484 3431 2566 3494 εἰς
2602 3431 2877 3501 σωτηρίαν
2906 3430 3012 3493 ἕως
3037 3430 3279 3500 ἐσχάτου
3309 3430 3408 3500 τῆς
3453 3429 3563 3498 γῆς.
3597 3442 3616 3479 ι

2073 3519 2184 3572 Καὶ
2203 3520 2232 3572 6
2252 3519 2417 3583 αὑτὸς
2442 3520 2499 3574 δὲ
2529 3522 2815 3592 προφήτης
2841 3521 3009 3576 πάλιν
3036 3521 3178 3594 πρὸς
3205 3520 3403 3574 αὐτόν’
3441 3536 3461 3572 ι
3500 3518 3626 3572 Ἐπιο-

2067 3608 2268 3661 ιπίασεν
2309 3609 2602 3678 Αἴγυπτος,
2645 3612 2740 3664 καὶ
2768 3611 3009 3683 ἐμπορία
3037 3611 3322 3666 Αἰθιόπων
3350 3611 3441 3664 καὶ
3469 3611 3516 3663 οἱ
3539 3609 3628 3664 Σαο

2074 3698 2195 3754 δαῒν
2240 3699 2433 3772 ἄνδρες
2479 3701 2674 3770 ὑψηλοὶ
2725 3703 2820 3756 ἐπὶ
2879 3703 2940 3756 σὲ
2984 3702 3381 3774 ἀναδήσονται,
3430 3700 3518 3756 καὶ
3558 3700 3628 3752 σοὶ

2073 3791 2289 3846 έσονται
2312 3791 2489 3846 δοῦλοι
2507 3807 2524 3823 ⁸
2557 3793 2733 3847 ὀπίσω
2777 3811 2871 3847 σου
2915 3793 3348 3864 ἀκολουθήσουσι
3390 3790 3628 3861 δεδεμένοι

2073 3883 2438 3955 χειροπέδαις,
2486 3884 2583 3938 καὶ
2629 3885 2689 3938 ἐν
2735 3886 2819 3939 σοὶ
2853 3884 3280 3956 προσεύξονται,
3312 3886 3396 3938 ὅτι
3427 3885 3484 3936 ὲν
3513 3879 3630 3936 aeu

2067 3973 2204 4038 Θεός
2251 3975 2389 4042 ἐστι,
2446 3976 2541 4029 καὶ
2571 3975 2672 4030 οὐκ
2705 3974 2820 4029 ἔστι
2857 3975 2992 4040 Θεὸς
3035 3976 3187 4048 πλὴν
3245 3976 3366 4041 σοῦ,
3403 3994 3420 4026 ι
3468 3973 3551 4026 καὶ
3571 3971 3628 4029 τὰ

2073 4065 2221 4136 ἑξῆς.
2253 4066 2363 4119 Καὶ
2397 4067 2558 4129 αὐτὸς
2589 4067 2646 4125 δὲ
2685 4066 2771 4124 διὰ
2800 4066 2895 4120 τοῦ
2943 4067 3221 4139 μακαρίου
3269 4068 3418 4135 λέγει
3457 4062 3625 4118 Δαϐίδ-

2071 4173 2096 4209 ‹
2131 4156 2273 4220 Aab;
2307 4157 2365 4208 δν
2389 4157 2489 4212 οὐκ
2511 4158 2682 4224 ἔγνων
2709 4156 2994 4210 ὲδούλευσέ
3024 4175 3138 4228 μοι.
3178 4175 3198 4209 ι
3237 4159 3352 4212 Καὶ
3378 4152 3630 4228 μυρίαςᾶ

2069 4246 2418 4315 ἑτέμραςεστιν
2429 4247 2608 4317 εὑρεῖν
2623 4247 2926 4318 μαρτυρίας
2935 4247 3101 4302 ταὺτὸ
3109 4248 3277 4302 τοῦτο
3286 4244 3626 4304 διδασκούσας·

2069 4336 2256 4412 Τούτῳ
2268 4335 2448 4390 τοίνυν
2466 4335 2861 4407 παραδεδόσθαι
2885 4337 3032 4406 λέγει
3053 4337 3146 4390 τὸν
3177 4336 3366 4391 κοινὸν
3393 4335 3631 4401 ἀλάστορα

2074 4428 2169 4482 καὶ
2193 4427 2474 4498 πολέμιον,
2500 4427 2595 4482 καὶ
2617 4427 2724 4480 ὑπὸ
2752 4427 2942 4482 τούτου
2968 4427 3231 4497 γενέσθαι
3259 4431 3364 4500 τὴν
3393 4425 3629 4481 ἀπώλειαν

2073 4517 2240 4574 αὑτοῦ
2273 4517 2416 4573 κατὰ
2444 4518 2544 4586 τὴν
2589 4517 2842 4573 ἀσέϐειαν
2871 4518 3058 4575 αὐτοῦ.
3110 4519 3343 4584 Τούτοις
3363 4518 3574 4586 ἐπάγει⁹

2148 4610 2257 4664 nat
2285 4610 2330 4643 ο·
2381 4609 2674 4674 ἐξέϐαλον
2718 4611 2908 4666 αὑτὸν
2948 4611 3080 4681 ἐγώ.
3121 4613 3266 4683 (ιβ’.)
3302 4611 3414 4667 Καὶ
3441 4603 3628 4672 swa-

2067 4704 2342 4770 Opsvaar
2369 4701 2557 4756 αὐτὸν
2579 4702 2888 4771 ἀλλότριοι
2925 4703 3124 4772 λοιμοὶ
3165 4703 3295 4758 ἀπὸ
3325 4701 3531 4765 ἐθνῶν,
3553 4693 3631 4750 καὶ

2079 4792 2410 4848 κατέϐαλον
2442 4794 2628 4848 αὐτὸν
2660 4793 2760 4848 ἐπὶ
2786 4794 2907 4849 τῶν
2938 4794 3140 4862 ὁρέων.
3173 4794 3290 4848 Τοῦ
3317 4794 3427 4864 γὰρ
3453 4788 3629 4859 Κυρίου

2082 4883 2427 4956 νενικηκότος
2456 4885 2639 4949 αὐτὸν,
2675 4885 2770 4938 καὶ
2809 4887 2910 4958 τῆς
2955 4885 3284 4948 δυναστείας
3304 4885 3408 4939 καὶ
3442 4883 3536 4953 τῆς
3559 4896 3634 4933 τυ·

2084 4974 2323 5045 ραννίδος
2350 4975 2455 5041 ἔξω
2481 4975 2862 5046 πεποιηκότος,
2905 4978 2953 5030 oi
2997 4977 3166 5032 πάλαι
3196 4977 3403 5047 λοιμοὶ,
3439 4975 3527 5028 καὶ
3553 4967 3630 5023 τοῦ

2082 5061 2218 5119 Θεοῦ
2242 5064 2287 5098 ⁸⁸
2313 5065 2584 5136 ἀλλότριοι
2625 5067 2672 5120 οἱ
2719 5067 2783 5120 ὲκ
2811 5068 2918 5123 τῶν
2961 5068 3150 5134 ἐθνῶν,
3176 5068 3263 5142 τῷ
3293 5069 3424 5138 θείῳ
3454 5062 3627 5135 κηρῦγ’

2146 5218 2165 5258 ί
2201 5216 2306 5275 lsa.
2343 5234 2420 5286 χι,
2461 5219 2548 5277 10.

2647 5224 2671 5263 ³
2715 5221 2818 5278 lsa.
2857 5237 3002 5290 χιιι,
3029 5221 3088 5279 6.
3196 5225 3226 5267 ιι
3262 5224 3370 5282 lsa.
3396 5239 3518 5290 ιω,
3550 5218 3626 5274 ιι.

1646 5437 1880 5494 VAR‘IE
1936 5438 2232 5500 LECTION
2241 5446 2339 5502 ES.

482 5527 527 5557 ι’
551 5525 1086 5616 Εὴνόηλσεῖιοεξτίρῑο
1123 5527 1772 5616 εειηιςιιιοξιοιιοιιοοῑῇοιιε.
1851 5532 1894 5564 ⁸³
1925 5530 1965 5584 Β

2069 5535 2150 5599 λὸς
2176 5539 2267 5592 καὶ
2292 5541 2512 5609 ἀγαθός.
2590 5543 2637 5574 ³⁵
2662 5543 2702 5596 Β
2733 5543 2940 5616 ἄρχειν.
2971 5546 3017 5579 ⁸⁸
3051 5545 3250 5600 Καὶ-
3284 5543 3413 5612 ἐγώ.
3446 5541 3557 5598 Des.
3583 5539 3627 5590 ἱιι

409 5597 478 5648 Α.
551 5597 596 5628 ⁶⁶
625 5594 677 5650 τ.
708 5594 770 5651 Θ.
805 5596 878 5652 Ita
906 5597 945 5650 Β
975 5594 1071 5663 pro
1101 5594 1172 5660 οἱ,
1209 5603 1266 5650 ut
1297 5595 1421 5652 hab.
1447 5599 1536 5656 ed.
1569 5601 1735 5668 prior.
