3860 6206
216 348 327 416 1Ξ25

1292 340 1374 399 ΙΝ
1413 329 1856 398 EZECIIIELIS
1895 330 2050 389 CAP.
2091 329 2304 391 XXXI.

3273 319 3295 384 i
3309 318 3412 384 126

214 483 324 537 ματι
355 454 778 518 πεπιστευκότες,
807 452 1081 516 παντελῶς
1115 451 1276 506 αὐτὸν
1309 450 1736 521 ἐξωλόθρευσαν,

1845 451 1994 506 runt,
2034 449 2087 497 et
2115 441 2382 497 radicitus
2408 439 2530 511 ejus
2561 435 2906 511 tyrannidem
2928 433 3328 504 exstirparunt.
3350 446 3405 491 et

213 557 291 612 καὶ
323 549 600 625 πρόρριζον
636 544 800 600 αὑτοῦ
827 547 925 614 τὴν
953 543 1238 614 τυραννίδα
1278 544 1612 605 ἀνέσπασαν,
1644 539 1740 591 καὶ

211 642 477 700 κατέϐαλον
501 635 660 692 αὑτὸν
692 637 783 688 ἐπὶ
811 634 917 688 τῶν
951 633 1144 706 ὀρέων,
1179 631 1306 685 ἔνθα
1334 630 1600 699 πρότερον
1625 625 1739 698 εἶχε

209 737 266 790 τὰ
308 732 495 802 τεμένη
543 729 634 782 καὶ
670 728 798 791 τοὺς
848 725 1084 797 βωμοὺς,
1130 725 1229 788 τὰς
1269 727 1369 793 τῆς
1424 721 1741 790 φιλοσοφίας

213 825 520 898 ἱδρυσάμενοι
546 820 762 890 στήλας.
803 837 820 870 ι
859 820 967 872 Καὶ
1000 821 1056 870 ἐν
1091 819 1287 882 πάσαις
1321 819 1441 878 ταῖς
1472 812 1740 885 φάραγξιν

207 921 374 971 ἔπεσον
418 913 463 965 οἱ
500 910 678 964 κλάδοι
707 909 892 974 αὐτοῦ,
937 911 1031 962 καὶ
1064 907 1350 978 συνετρίϐη
1397 906 1466 958 τὰ
1512 903 1739 973 στελέχη

207 1006 346 1063 αὐτοῦ
374 1007 429 1058 ἐν
450 1005 491 1035 ⁸⁷
516 1003 679 1057 παντὶ
709 1003 877 1072 πεδίῳ
907 1003 1005 1070 τῆς
1029 1000 1153 1070 γῆς.
1187 1019 1205 1050 ι
1244 997 1518 1062 κλάδους
1555 995 1609 1048 δὲ
1643 994 1740 1046 αὐ-

205 1098 283 1152 τοῦ
307 1099 388 1150 καὶ
403 1095 657 1163 στελέχη
684 1094 749 1148 τὰ
773 1093 1088 1147 παντοδαπὰ
1107 1091 1348 1144 εἰδωλεῖα
1373 1089 1738 1159 προσηγόρευο

208 1208 301 1254 σεν,
329 1189 382 1254 ἐξ
419 1186 578 1240 αὐτοῦ
607 1186 873 1256 δεξάμενα
902 1184 998 1248 τάς
1035 1183 1136 1252 τῆς
1167 1181 1424 1253 ἱδρύσεως
1459 1177 1736 1248 ἀφορμὰς,

206 1281 237 1336 ἃ
272 1279 355 1334 καὶ
395 1277 498 1332 ἀπὸ
547 1275 656 1329 τῶν
691 1277 861 1347 ὁρέων
891 1275 984 1329 καὶ
1017 1273 1124 1328 ἀπὸ
1149 1273 1256 1326 τῶν
1295 1270 1493 1326 πεδίων
1535 1269 1739 1341 φροῦδα

208 1367 452 1428 παντελῶς
476 1365 562 1419 διὰ
580 1365 692 1419 τῶν
730 1366 896 1420 πάλαι
924 1363 1022 1436 μὲν
1054 1361 1276 1435 λοιμῶν,
1312 1363 1450 1433 μετά
1480 1363 1536 1416 δὲ
1564 1363 1738 1416 ταῦτα

207 1458 382 1513 πιστῶν
402 1456 586 1520 ἐθνῶν,
621 1457 931 1526 ἀπεφάνθη.
963 1475 982 1508 t
1027 1456 1137 1509 Καὶ
1167 1453 1475 1524 κατέϐησαν
1508 1453 1614 1507 ἀπὸ
1638 1451 1738 1522 τῆς

207 1553 386 1620 σκέπης
434 1548 598 1602 αὐτοῦ
624 1549 670 1581 ⁸⁵
703 1550 901 1611 πάντες
931 1549 980 1602 οἱ
1017 1548 1136 1601 λαοὶ
1177 1551 1276 1618 τῆς
1317 1548 1441 1618 γῆς,
1489 1547 1582 1600 καὶ
1609 1545 1738 1614 ἡδέι-

204 1659 341 1713 φισαν
361 1643 402 1672 ⁸⁵
429 1639 610 1694 αὐτόν.
658 1658 677 1690 ι
718 1638 938 1700 Γνόντες
974 1639 1080 1708 γάρ
1112 1637 1275 1691 αὑτοῦ
1305 1641 1402 1708 τὴν
1437 1635 1734 1706 ἐξαπάτης),

201 1735 249 1787 οὐ
295 1732 440 1802 μόνον
489 1730 691 1798 ἔφυγον
716 1729 879 1782 αὑτοῦ
920 1733 1021 1800 τὴν
1069 1730 1406 1796 δεσποτείαν,
1459 1728 1592 1782 ἀλλὰ
1642 1727 1738 1781 καί.

204 1823 366 1894 μέχρις
378 1821 535 1874 αὑτοῦ
551 1820 649 1873 τοῦ
668 1820 894 1889 ἐδάφους
911 1820 1272 1889 κατήνεγκαν,
1287 1819 1384 1889 τὴν
1401 1817 1738 1886 Δεσποτικὴν

201 1912 387 1982 ἐντολὴν
431 1911 760 1980 πληροῦντες
808 1912 906 1982 τήν
945 1911 1208 1978 λέγουσαν
1235 1928 1248 1942 ·
1318 1929 1334 1960 ι
1359 1911 1488 1964 Ἰδοὺ
1534 1909 1739 1963 δέδωκα

201 2003 306 2072 ὑμῖν
327 2000 560 2065 ἐξουσίαν
586 2003 780 2054 πατεῖν
801 2001 983 2055 ἐπάνω
1007 2001 1181 2068 ὄφεων
1203 2001 1296 2052 καί
1317 2000 1614 2072 σκορπίων,
1643 2000 1739 2053 καὶ

200 2093 276 2145 ἐπὶ
321 2092 555 2145 πάσαν⁷⁰
588 2091 691 2160 τὴν
743 2090 970 2161 δύναμιν
1009 2089 1103 2144 τοῦ
1151 2091 1367 2161 ἐχθροῦ.
1404 2109 1423 2142 ι

257 2188 333 2249 ιγ’.
392 2181 510 2234 Ἐπὶ
570 2180 650 2250 τῇ
711 2180 932 2235 πτώσει
968 2182 1010 2214 ⁷⁸
1068 2181 1256 2236 αὑτοῦ
1312 2181 1738 2235 ἀνεπαύσαντο

201 2273 368 2326 πάντα
419 2273 488 2326 τὰ
547 2273 795 2327 πετεινὰ
860 2273 966 2326 τοῦ
1027 2271 1308 2340 οὐρανοῦ,
1371 2271 1469 2325 καί
1511 2273 1610 2326 ἐπὶ
1665 2273 1738 2326 τὰ

199 2362 425 2430 στελέχη
469 2363 662 2417 αὐτοῦ
714 2362 953 2432 ἐγένετο
978 2363 1023 2394 ⁷⁸
1074 2361 1269 2415 πάντα
1312 2364 1384 2415 τὰ
1425 2363 1600 2431 θηρία
1634 2361 1737 2416 τοῦ

199 2452 371 2523 ἀγροῦ.
403 2453 466 2506 Et
491 2470 574 2516 τις
615 2453 753 2525 γὰρ,
801 2456 952 2524 φησὶ,
990 2453 1210 2523 πτηνὸς,
1252 2453 1345 2506 καὶ
1383 2453 1463 2516 εἰς
1511 2451 1736 2525 οὐρανὸν

199 2542 315 2614 ἔχων
339 2544 428 2614 τῆς
447 2545 689 2609 διανοίας
722 2545 782 2598 τὸ
810 2547 983 2616 ὄμμα,
1013 2545 1361 2616 εὐφραίνεται
1393 2546 1610 2617 θεωρῶν
1640 2545 1738 2600 αὖ·

198 2636 276 2690 τοῦ
307 2636 394 2708 τήν
421 2639 737 2705 κατάλυσιν,
772 2639 990 2709 καὶτῆς
1023 2641 1276 2704 ἀσεϐείας
1299 2643 1398 2711 τὴν
1431 2640 1731 2711 γύμνωσιν.

198 2728 290 2781 Καὶ
311 2729 353 2781 οἰ
377 2729 635 2799 πρότερον
667 2728 724 2781 δὲ
752 2727 1035 2800 θηριώδεις
1061 2729 1202 2783 κατὰ
1237 2731 1345 2783 τῶν
1380 2729 1572 2783 τούτου
1604 2731 1737 2784 κλά-

199 2817 285 2871 δων
305 2821 344 2852 ⁷³
367 2821 693 2891 ὁρμήσουσι,
712 2821 802 2874 καὶ
817 2820 884 2874 τὰ
911 2821 1020 2874 τῶν
1036 2821 1266 2874 εἰδώλων
1286 2821 1514 2886 οἰκείαις
1547 2822 1737 2892 χερσὶν

199 2909 528 2964 ἁνασπάσουσι
558 2913 790 2981 τεμένη’
810 2912 982 2966 ταῦτα
999 2913 1108 2984 γὰρ
1141 2913 1401 2983 στελέχη
1431 2914 1734 2984 ὠνόμασεν.

258 2999 327 3052 ιδ’.
356 3001 540 3068 Ὅπως
576 3001 663 3056 ἂν
678 3001 763 3071 μὴ
790 3002 1072 3071 ὑψωθῶσι
1104 3003 1183 3068 τῷ
1207 3003 1254 3034 ⁷⁸
1276 3004 1511 3074 μεγέθει
1540 3005 1738 3059 αὐτῶν

1843 534 2200 604 projeeernnt
2230 547 2354 587 eum
2383 533 2437 585 in
2467 540 2704 592 montes,
2733 528 2953 594 erectis,
2987 527 3077 582 ubi
3123 525 3275 596 prius
3311 525 3408 579 ha-

1844 625 2044 679 bebant
2076 623 2304 677 delubra
2345 635 2608 691 arasque,
2649 617 2936 690 sapientiae
2969 617 3260 670 columnis.
3285 632 3305 666 ι
3342 614 3410 668 Et

1843 716 1896 768 in
1929 715 2145 768 cunctis
2183 712 2427 766 vallibus
2460 710 2782 765 ceciderunt
2815 707 2952 762 rami
2984 705 3150 777 θω
3180 706 3325 775 ejus,
3353 715 3411 760 et

1841 801 2066 856 contriti
2096 812 2227 856 sunt
2265 802 2488 871 stipites
2519 799 2644 870 ejus
2689 799 2746 852 in
2794 797 2944 852 omni
2981 811 3175 866 eampo
3224 807 3405 850 terrai.

1841 893 2036 947 Ramos
2069 899 2251 946 autem
2287 892 2408 960 ejus
2447 901 2503 946 et
2551 891 2757 959 stipites
2809 889 2995 944 omnis
3028 886 3243 957 generis
3289 885 3411 940 ido-

1842 985 2018 1038 lorum
2056 982 2260 1052 templa
2297 983 2662 1053 nuncupavit,
2692 996 2813 1051 qua:
2830 979 3039 1049 abipso
3061 978 3408 1032 occasionem

1843 1086 1902 1131 ut
1932 1077 2284 1147 erigerentur
2315 1083 2662 1144 acceperant,
2684 1087 2916 1142 quaeque
2963 1086 2994 1125 e
3039 1069 3320 1124 montibus
3355 1074 3412 1122 et

1841 1168 2056 1239 campis
2083 1167 2308 1220 omnino
2333 1166 2509 1221 deleta
2529 1173 2682 1230 sunt,
2707 1179 2810 1234 per
2823 1178 2921 1218 eos
2941 1178 3006 1218 ex
3039 1161 3296 1232 gentibus
3313 1158 3412 1228 qui

1841 1259 1969 1313 olim
1995 1258 2318 1329 pestilentes
2335 1263 2512 1321 erant,
2532 1255 2630 1310 sed
2649 1262 2838 1324 postea
2867 1254 2934 1307 ad
2967 1251 3128 1306 [idem
3154 1247 3408 1304 conversi

1841 1355 1990 1403 sunt.
2031 1366 2049 1398 ι
2091 1345 2154 1399 Ει
2187 1345 2592 1401 descenderunt
2624 1344 2694 1397 ab
2735 1340 3059 1397 umbraculo
3076 1339 3198 1408 ejus
3215 1353 3410 1392 omnes

1839 1438 2030 1508 populi
2062 1445 2243 1500 terrm,
2279 1444 2334 1491 et
2371 1443 2690 1491 straverunt
2727 1449 2875 1489 eunt.
2907 1452 2925 1485 ι
2966 1431 3195 1502 Cognita
3260 1429 3408 1485 enim

1839 1529 1960 1599 ejus
1989 1527 2181 1583 fraude
2207 1543 2315 1581 non
2341 1527 2520 1582 solum
2554 1525 2708 1580 illius
2737 1524 3042 1579 dominium
3073 1520 3406 1592 eﬂ‘ugerunt,

1840 1621 1934 1677 sed
1962 1620 2126 1675 etiam
2157 1635 2330 1690 usque
2362 1617 2430 1672 ad
2489 1617 2672 1687 ipsum
2726 1617 2906 1671 solum
2967 1619 3408 1684 prostraverunt,

1841 1712 2055 1767 Domini
2093 1710 2416 1764 mandatum
2445 1709 2577 1762 illud
2607 1715 2974 1778 exsequentes
3004 1724 3018 1760 :
3054 1723 3074 1757 ι
3106 1704 3249 1760 Ecce
3283 1702 3409 1758 dedi

1771 1778 1810 1833 Β
1840 1805 1998 1859 vobis
2023 1809 2354 1873 potestatem
2377 1800 2630 1856 calcandi
2661 1815 2830 1870 super
2860 1804 3147 1868 serpentes
3175 1802 3230 1849 et
3251 1807 3408 1849 scor-

1837 1896 2052 1966 piones,
2079 1901 2132 1950 et
2159 1907 2332 1964 super
2355 1907 2577 1948 omnem
2616 1892 2882 1946 virtutem
2913 1888 3122 1942 inimici
3147 1884 3194 1939 i.
3230 1903 3250 1937 ι

1912 2174 2076 2230 Vens.
2110 2174 2197 2227 15.
2226 2172 2394 2242 Super
2424 2173 2582 2226 ruina
2599 2171 2712 2240 ejus
2729 2167 3086 2239 requieverunt
3116 2165 3296 2218 omnia
3321 2180 3410 2218 ro-

1839 2266 2013 2322 latilia
2044 2265 2180 2327 cwli,
2207 2274 2255 2319 et
2280 2279 2435 2331 super
2479 2263 2685 2316 truncis
2723 2261 2835 2328 ejus
2867 2259 3078 2327 [uerunt
3105 2272 3285 2310 omnes
3321 2255 3410 2308 be-

1836 2358 1955 2412 stia:
1979 2356 2112 2426 agri.
2147 2355 2202 2408 Si
2230 2354 2357 2424 quis
2379 2354 2549 2414 enim,
2583 2350 2786 2420 inquit,
2825 2348 3135 2402 insublime
3164 2346 3328 2409 volat,
3355 2351 3410 2398 et

1837 2447 1904 2500 ad
1934 2447 2133 2500 coelum
2175 2444 2373 2498 mentis
2403 2443 2596 2496 oculos
2631 2439 2887 2500 intendit,
2941 2441 2990 2492 is
3039 2437 3254 2491 laetatur
3289 2436 3412 2504 ejus

1835 2537 2218 2606 contemplans
2240 2534 2546 2597 interitum,
2578 2531 2985 2601 impietatisque
3003 2529 3409 2598 spoliationem.

1837 2629 1903 2683 Et
1931 2629 2022 2699 qui
2057 2627 2210 2698 prius
2251 2625 2428 2680 ferino
2461 2639 2617 2678 more
2640 2622 2921 2687 vivebant,
2973 2623 3027 2675 in
3057 2622 3179 2690 ejus
3225 2634 3410 2674 ramos

1839 2721 2121 2781 invadent,
2156 2717 2549 2784 idoiorumque
2577 2715 2805 2782 templa,
2831 2727 2956 2783 qua
2985 2712 3192 2781 stipites
3233 2711 3412 2765 notui-

1837 2806 2010 2876 navit,
2038 2809 2156 2865 suis
2189 2808 2518 2864 'su'bvertcnt
2548 2804 2830 2860 manibus.

1912 3011 2078 3067 Vnus.
2106 3009 2191 3064 M.
2223 3006 2292 3062 Ut
2327 3022 2428 3060 non
2461 3005 2764 3060 exaltentar
2786 3003 3146 3074 magnitudine
3176 3020 3272 3057 sua
3297 3019 3413 3057 om-

199 3090 366 3144 :uirra
391 3093 458 3146 τὰ
485 3091 648 3157 ξύλα
677 3093 747 3147 τὰ
768 3094 838 3147 ἐν
867 3093 946 3160 τῷ
978 3094 1168 3159 ὕδατι,
1193 3098 1292 3151 καὶ
1319 3099 1391 3150 οὐ
1409 3095 1496 3166 μὴ
1524 3094 1673 3150 δῶσι
1693 3097 1738 3129 ⁷⁵

1845 3104 1934 3157 nia
1958 3103 2101 3172 ligna
2127 3115 2243 3170 qua:
2268 3107 2394 3154 sunt
2430 3100 2485 3151 in
2525 3113 2684 3169 aqua,
2721 3113 2884 3167 neque
2908 3095 3030 3149 dent
3059 3095 3415 3164 principatum

201 3180 295 3248 τὴν
332 3182 518 3252 ἀρχὴν
552 3183 760 3238 αὐτῶν
804 3184 875 3238 ἐν
900 3185 1068 3254 μέσῳ
1091 3186 1137 3216 ⁷⁸
1173 3186 1294 3240 τῶν
1317 3187 1609 3256 νεφελῶν,
1641 3189 1739 3242 καί

198 3270 267 3339 μὴ
293 3273 554 3330 ἱστῶνται
569 3275 617 3307 ⁷⁷
651 3275 722 3328 ἐν
746 3275 826 3341 τῷ
854 3277 996 3346 ὕψει
1015 3277 1214 3332 αὐτῶν
1242 3280 1390 3348 πρὸς
1411 3280 1600 3334 αὑτὸν
1624 3283 1677 3333 oi
1694 3280 1738 3311 ⁷⁸

201 3361 445 3431 πίνοντες
485 3364 669 3434 ὕδωρ.
731 3365 787 3419 Ὀ
839 3367 1049 3434 τούτου,
1083 3370 1266 3440 φησὶν,
1306 3369 1546 3440 ὄλεθρος,
1586 3371 1740 3442 καὶὴ

199 3452 283 3522 τῆς
317 3455 625 3521 δυναστείας
675 3458 838 3512 αὐτοῦ
865 3459 1190 3527 κατάλυσις,
1235 3463 1419 3532 ὄνησις
1447 3463 1598 3516 ἔσται
1629 3466 1742 3527 τοῖς

200 3542 370 3612 ἀλλοις,
420 3548 512 3601 καὶ
565 3550 796 3619 ἀφορμὴ
839 3551 1172 3620 ἀσφαλείας·
1228 3553 1463 3623 ὁρῶντες
1509 3553 1618 3626 γὰρ
1671 3553 1744 3607 τὰ

200 3637 346 3708 τούτῳ
397 3641 702 3710 συμϐάντα,
759 3641 858 3695 οὐκ
909 3643 1185 3708 ἀνέξονται
1238 3645 1378 3716 ὑπὲρ
1425 3645 1524 3716 τήν
1583 3645 1742 3710 ἀξίαν

203 3731 474 3800 φρονήματι
505 3735 822 3805 χρήσασθαι
842 3751 856 3767 ο
882 3735 1002 3790 οὐδὲ
1039 3737 1458 3810 πειραθήσονται
1497 3742 1742 3812 ἁρπάσαι

199 3820 348 3892 ἀρχὴν
374 3824 466 3894 τὴν
494 3827 814 3898 μηδαμόθεν
851 3831 1237 3900 προσήκουσαν
1256 3847 1268 3863 ο
1301 3832 1512 3901 ἐφόδιον
1537 3836 1618 3898 εἱς
1646 3852 1740 3888 τυ-

202 3913 396 3978 ραννίδα
445 3915 839 3986 λαμϐάνοντες,
893 3919 1144 3991 καθάπερ
1195 3923 1318 3976 τινὰ
1361 3924 1600 3995 άρδείαν,
1641 3926 1744 3995 τὴν

202 4004 312 4072 παρ’
355 4005 482 4073 ἐμοῦ
537 4008 942 4080 χορηγηθεῖσαν
998 4013 1179 4076 αὐτοῖς
1225 4015 1411 4085 τιμήν.
1473 4034 1492 4067 ι
1552 4016 1743 4070 "Oct"

200 4090 371 4156 πάντες
385 4095 651 4168 ἐδόθησαν
667 4100 747 4162 εἰς
777 4099 1026 4156 θάνατον.
1054 4121 1072 4154 ι
1095 4104 1168 4156 Οὐ
1208 4104 1316 4175 γὰρ
1346 4106 1504 4174 μόνον
1525 4107 1687 4171 αὐτὸς
1715 4110 1745 4162 ὁ

198 4179 433 4251 διάϐολος,
461 4188 598 4242 ἀλλὰ
630 4191 726 4243 καὶ
755 4193 804 4244 οἱ
830 4192 928 4262 τῆς
967 4195 1283 4264 τυραννίδος
1310 4197 1458 4268 αὐτῷ
1484 4200 1746 4270 κοινωνή-

202 4287 368 4338 σαντες
397 4279 672 4350 δαίμονες,
699 4283 797 4354 τὴν
821 4285 1194 4357 πανωλεθρίαν
1226 4288 1542 4359 ὑπέμειναν.
1585 4291 1744 4346 Ἀλλὰ

201 4365 367 4435 καιρὸς
403 4371 562 4425 πάλιν
619 4373 713 4426 ἐπὶ
757 4376 855 4447 τήν
912 4377 1149 4448 ἱστορίαν
1178 4379 1522 4434 ἐπανελθείν’
1582 4383 1744 4437 ἰκανά

200 4450 293 4520 γὰρ
324 4458 412 4510 καὶ
442 4459 510 4512 τὰ
539 4464 808 4534 εἰρημένα
855 4464 1084 4530 διδάξαι,
1116 4466 1192 4531 ὡς
1234 4469 1295 4522 οὐ
1341 4471 1502 4540 μόνον
1550 4473 1680 4543 περὶ⁸
1698 4471 1745 4504 ⁸⁸

1841 3211 1996 3250 suum
2035 3195 2089 3248 in
2117 3193 2285 3248 medio
2337 3189 2581 3253 nubium,
2617 3205 2779 3258 neque
2835 3197 2972 3242 stent
3006 3186 3060 3239 in
3111 3185 3418 3239 excelsitate

1840 3303 1938 3340 sua
1964 3285 2031 3338 ad
2063 3282 2223 3355 941
2269 3298 2387 3336 eum
2439 3279 2668 3334 bibentes
2700 3295 2915 3348 aquam.
2965 3276 3152 3343 Istius,
3209 3277 3414 3345 inquit,

1840 3377 2149 3447 pernicies,
2203 3383 2257 3429 et
2318 3373 2666 3443 principatus
2723 3371 2846 3438 ejus
2899 3369 3116 3424 eversio
3172 3367 3418 3437 proderit

1843 3467 1990 3530 aliis,
2019 3476 2073 3520 et
2101 3463 2422 3521 securitatis
2456 3461 2565 3517 erit
2601 3460 2846 3524 occasio,
2890 3459 2983 3529 qui
3027 3473 3090 3513 ea
3122 3466 3418 3512 cernentes

1843 3571 1964 3628 qua:
1993 3555 2095 3626 ipsi
2124 3553 2455 3615 acciderint,
2480 3549 2629 3604 haud
2650 3549 3004 3604 sustinebunt
3043 3563 3208 3617 supra
3250 3545 3416 3601 meri-

1844 3657 1957 3702 tum
1989 3642 2250 3714 superbia
2273 3639 2444 3696 abuti.
2468 3638 2656 3710 Neque
2683 3638 2972 3694 tentabunt
2998 3637 3288 3708 imperium
3311 3636 3414 3692 sibi

1843 3749 2188 3808 nequaquam
2217 3733 2478 3788 decorum
2510 3745 2783 3800 usurpare
2805 3768 2822 3792 ,
2850 3728 3202 3783 occasionem
3233 3726 3299 3780 ad
3333 3735 3418 3798 ty-

1845 3827 2128 3884 rannidem
2160 3823 2331 3890 nacti,
2372 3821 2530 3894 quasi
2560 3818 2942 3890 irrigationetn
2980 3814 3295 3886 quamdam,
3321 3814 3420 3868 bo-

1845 3936 2034 3977 norem
2085 3918 2194 3974 sibi
2227 3931 2258 3972 a
2297 3931 2384 3971 me
2424 3912 2932 3972 subministratum.
2990 3927 3008 3960 ι
3040 3907 3176 3974 Quia
3227 3921 3418 3959 omnes

1845 4010 1956 4065 dati
1980 4015 2110 4066 sunt
2139 4008 2194 4061 in
2230 4013 2483 4060 mortem.
2519 4021 2538 4053 ι
2560 3999 2680 4054 Non
2710 3999 2857 4054 enim
2879 3999 2998 4068 ipse
3026 3997 3207 4052 solum
3227 3996 3416 4050 diabo-

1845 4099 1953 4166 lus,
1991 4097 2087 4152 sed
2110 4098 2274 4152 etiam
2307 4095 2400 4165 qui
2427 4093 2548 4164 ejus
2580 4090 2895 4163 tyrannidis
2927 4089 3224 4160 participes
3262 4085 3417 4140 fuere

1845 4193 2146 4256 dmmones,
2178 4188 2428 4242 funditus
2467 4186 2748 4240 interiere.
2776 4179 2885 4236 Sed
2915 4195 3112 4234 rursus
3145 4179 3210 4232 ad
3239 4178 3415 4231 histo-

1846 4281 1986 4337 riam
2017 4280 2202 4335 redire
2251 4288 2467 4346 tempus
2508 4282 2614 4329 est.
2659 4270 2804 4326 Satis
2848 4269 2994 4324 enim
3031 4274 3159 4321 sunt
3204 4281 3266 4318 ea
3294 4280 3414 4334 qua:

1849 4371 1998 4426 dicta
2032 4378 2162 4423 sunt
2186 4367 2250 4421 ad
2283 4367 2388 4420 hoc
2413 4362 2746 4424 docendum,
2787 4375 2897 4413 non
2955 4364 3168 4410 tantum
3211 4353 3277 4407 de
3302 4351 3412 4405 Na-

1853 4461 2317 4518 buchodowsore
2345 4455 2632 4526 superiora
2681 4451 2856 4505 fuisse
2898 4448 3068 4511 dicta,
3103 4445 3198 4501 sed
3249 4445 3416 4498 etiam

199 4543 281 4596 τοῦ
327 4549 791 4627 Ναϐουχοδονόσορ
837 4559 1036 4630 ἐρρέθη
1069 4561 1137 4615 τὰ
1168 4538 1453 4633 εἰρημένα,
1483 4538 1739 4618 etiam

1852 4553 1920 4608 de
1956 4551 2050 4605 ilio
2078 4549 2171 4619 qui
2204 4549 2259 4602 in
2293 4561 2360 4601 eo
2398 4551 2660 4614 Operatus
2689 4538 3019 4608 est,quique
3039 4551 3160 4590 eum
3192 4548 3288 4588 sua
3324 4547 3410 4586 su-

204 4636 316 4704 περὶ
367 4623 537 4695 αὑτοῦ
575 4643 674 4698 τοῦ
715 4623 773 4700 ἐν
824 4623 1036 4722 ἐκείνῳ·
1062 4623 1474 4724 ἐνεργήσαντοξς
1526 4653 1620 4707 καὶ
1652 4655 1739 4726 τὴκ

1858 4641 2047 4713 perbia
2077 4637 2366 4694 instruxit.
2399 4633 2491 4688 Ait
2529 4633 2700 4703 igitur
2755 4630 2934 4699 ipsum
2977 4623 3423 4679 Nabuchodono~

202 4729 388 4785 οἱκείαν
425 4735 587 4790 αὑτὸν
639 4739 956 4805 ἀλαζονείαν
985 4714 1329 4810 διδάξαντος.
1375 4714 1539 4814 Λέγει
1575 4714 1739 4801 τοίνυι

1857 4747 2039 4790 sorem
2057 4738 2113 4786 et
2139 4741 2332 4782 omnes
2354 4725 2448 4795 qui
2482 4738 2607 4778 cum
2637 4736 2704 4775 eo
2734 4718 2961 4779 fuerint,
2989 4714 3306 4774 morituros,
3331 4717 3418 4764 at-

202 4816 273 4870 δτι
299 4822 452 4911 αθτὸς
481 4828 510 4879 ὁ
537 4803 1028 4906 Ναϐουχοδονόσορ,
1059 4803 1153 4890 καί
1173 4839 1220 4890 οἱ
1246 4803 1341 4891 σθν
1367 4803 1514 4909 αὐτῷ
1541 4837 1739 4911 θανάτιε

1859 4840 1965 4896 que
1977 4821 2165 4879 eadem
2185 4833 2306 4888 qua:
2322 4817 2412 4870 alii
2430 4813 2699 4876 homines,
2718 4823 2977 4881 perpessu
2987 4819 3124 4860 ros.t
3143 4803 3196 4857 in
3218 4812 3418 4856 terram

206 4909 677 4983 παραδοθήσονται,
705 4893 879 4976 ταύτὰ
901 4893 1221 4990 τοίςᾶλλοις
1239 4893 1546 4998 ἀνθρώποις
1575 4893 1739 4984 stated

1862 4893 2286 4990 profunditatis,
2319 4909 2522 4978 inquit,
2560 4907 2617 4959 in
2655 4900 2835 4957 medio
2854 4899 3088 4953 filiorum
3115 4893 3419 4960 hominum,

209 5010 360 5089 μενοι.
389 5021 410 5054 ι
446 5005 538 5070 Εἰς
555 5008 658 5080 γῆν
683 5010 880 5080 βάθους
900 5012 970 5079 ⁸⁸,
995 4983 1270 5085 ⁷φησὶνίέν
1295 4983 1446 5089 μέσῳ
1480 4983 1612 5072 υίῶν
1669 4983 1739 5076 ἀν-

1862 4983 1955 5074 qui
1981 4999 2331 5056 abducuntur
2354 4997 2410 5051 in
2450 4993 2662 5049 foveam
2695 5010 2709 5046 :
2739 5009 2758 5043 ι
2801 4989 2875 5044 Ad
2899 4988 3020 5042 itare
3041 4983 3270 5056 adjicit:

207 5082 420 5156 θρώπων
445 5095 797 5169 ἐπαγομένων
827 5105 905 5169 εἰς
927 5082 1116 5178 βόθρον
1139 5109 1205 5164 ⁸³.
1237 5128 1256 5161 ι
1291 5082 1513 5177 Τούτοις
1543 5113 1759 5183 ἐπάγει·

303 5248 320 5300 ι
355 5247 486 5307 Luc.
521 5269 577 5318 ι,
612 5256 698 5313 19.

1491 5399 1730 5457 VARUE
1772 5397 2178 5457 LECTIONES.

296 5500 339 5578 ξ’
358 5501 424 5578 ἐν,
449 5504 656 5574 -γῆς.
686 5505 844 5562 Hebr.
875 5522 1044 5578 prope
1065 5503 1254 5566 omnes
1291 5519 1561 5568 torrentes
1593 5519 1772 5566 terrae.
1848 5511 1894 5544 ⁸³
1915 5511 1959 5564 Α
1983 5511 2183 5576 αὐτῶν,
2201 5517 2254 5566 et
2269 5508 2466 5564 deinde
2486 5510 2594 5563 τῶν
2619 5507 2809 5572 ἐθνῶν,
2837 5521 2937 5578 pro
2967 5505 3070 5578 τῆς
3084 5504 3206 5578 γῆς.
3257 5503 3310 5578 1'
3338 5501 3424 5570 ἠδ.

296 5521 334 5534 ν·
358 5521 416 5554 εν
449 5521 656 5574 -γης.
686 5521 844 5562 mor.
875 5522 1044 5578 prope
1065 5525 1254 5566 omnes
1291 5521 1561 5568 torrentes
1593 5521 1772 5566 terrae.
1848 5521 1894 5544 σε
1915 5521 1959 5564 Α
1983 5521 2254 5576 αὐτῶν,οῐ
2269 5521 2466 5564 deinde
2486 5521 2594 5563 των
2619 5521 2809 5572 ευνων,
2837 5521 2937 5576 ι)το
2967 5523 3065 5574 της
3161 5521 3206 5566 ςο
3264 5521 3309 5536 "
3338 5521 3424 5570 ησ-

211 5563 355 5661 Ξίέἒῖ·
378 5571 796 5661 ,ἐθὲἒῖυοτεηεικ
869 5579 923 5661 '°.
949 5581 1080 5661 πᾶεξο
1116 5582 1190 5634 Ex
1215 5581 1259 5661 '3.
1289 5582 1468 5661 δευρὶ·
1574 5582 1617 5613 ⁷¹
1659 5580 1837 5661 AW
1871 5581 2124 5661 fuisse
2223 5581 2270 5661 ".
2307 5580 2618 5661 ιὶέγένοντο
2648 5650 2693 5661 ..
2732 5579 2779 5661 ."
2807 5577 2915 5661 ἐὦν
2941 5592 2991 5661 “5-
3021 5521 3219 5661 κλἿιει
3257 5570 3426 5661 1}!“

210 5637 294 5752 ’ἵν
310 5642 594 5744 κλάδον,
629 5654 684 5697 ιιι
709 5646 834 5700 hab.
859 5646 946 5701 ed.
979 5649 1147 5717 prior.
1222 5651 1268 5682 ⁷⁸
1293 5637 1466 5722 τῷ.Ἀ
1498 5666 1686 5738 praem.
1715 5637 1805 5704 ἐνί
1871 5651 1916 5682 ⁷⁵
1956 5651 2038 5752 μή
2060 5650 2208 5704 δῶσι.
2243 5651 2283 5703 Α
2317 5637 2573 5704 δέδὼκαν.
2648 5650 2695 5681 η
2721 5648 2758 5701 Α
2787 5649 2866 5708 εἰς
2896 5645 3076 5712 μέσον.
3151 5643 3194 5672 ⁷⁷
3227 5643 3301 5711 μὴ
3321 5637 3421 5695 ἰστ.

282 5723 373 5752 0a!
405 5709 638 5752 ἔστησαν
749 5716 794 5746 ’18
834 5716 864 5752 Δ
894 5718 1030 5752 αὕη-Α,
1064 5718 1258 5752 θέεις-ει.
1284 5724 1330 5752 ,ης
1431 5722 1476 5752 79
1502 5737 1581 5752 Α...
1625 5719 1727 5752 ΠΜ,
1776 5720 1829 5752 in
1870 5721 1897 5752 Δ
2043 5721 2064 5752 ο
2093 5720 2129 5752 lt
2159 5721 2308 5752 μυιοηᾶ
2409 5721 2451 5752 at
2501 5720 2529 5752 Δ
2571 5720 2646 5752 ει.-
2680 5718 2781 5752 vi;
2811 5715 2969 5752 Rrﬂinr
3063 5712 3108 5742 ⁸³
3144 5708 3182 5752 Β
3212 5711 3419 5752 ἅπαντι.

214 5705 374 5790 ᾼιοὺκ
405 5705 655 5790 ἔστησαν.
749 5716 794 5746 ⁷⁸
816 5716 872 5790 *Α
893 5705 1031 5790 αὐτὰ
1064 5718 1258 5782 πάντες
1284 5709 1356 5774 oi:
1382 5705 1386 5706 ν
1431 5722 1476 5753 ⁷⁸
1500 5705 1603 5774 δτι.
1625 5719 1830 5790 Βεεείη
1862 5721 1927 5775 Α,
1956 5705 1971 5722 ι
2017 5705 2064 5752 to
2091 5720 2130 5772 Β
2159 5721 2329 5790 παρά.
2409 5721 2451 5752 ⁸²
2494 5720 2537 5773 Δ
2570 5720 2646 5781 εἰς
2680 5718 2781 5787 γῆς
2811 5705 2989 5785 βᾶθοςο
3063 5712 3108 5742 ⁸³
3142 5708 3182 5764 Β
3212 5705 3419 5780 ἆπῖιΥΦ

215 5774 376 5841 μένων
422 5774 757 5856 εἰς’βόθρον.
800 5787 844 5840 Α
889 5786 1027 5856 πρὸς
1073 5774 1497 5855 καταϐαίνοντας
1562 5790 1640 5852 εἰς
1705 5789 1915 5860 βόθρον.
