3860 6206
401 285 545 351 112⁵7

1379 268 1863 338 TIIEODORETI
1901 263 2238 327 EPISCOPI
2279 261 2640 324 CYRENSIS

3478 257 3587 324 1128

476 400 641 459 Vens.
672 400 755 456 l5.
794 397 920 452 Ila'c
959 396 1086 448 dicit
1146 390 1348 446 Adonai
1410 390 1664 446 Dominus
1693 403 1710 440 :
1740 384 1837 438 Die
1861 398 1961 452 quo

2138 385 2218 430 ιε’.
2261 377 2404 431 Τιὶδε
2449 376 2611 443 λέγει
2664 370 2903 426 Ἀδωναῒ
2949 369 3195 437 Κύριος·
3250 370 3342 423 Ἐν
3433 373 3591 446 ἡμέρῃ

401 495 654 550 deductus
685 501 762 546 est
793 490 843 542 in
871 487 1154 555 infernum,
1187 482 1322 535 luxit
1353 497 1469 533 eum
1498 479 1739 554 abgssus,
1769 473 1969 542 operuit

402 598 451 644 et
484 585 712 642 coercuit
761 581 984 651 ﬂumina
1039 577 1193 646 ejus,
1248 572 1513 644 prohibuit
1577 568 1966 623 multitudinem

404 692 574 748 αοιιιε.
605 703 677 718 -—
701 672 972 742 Abyssum
1008 681 1140 721 vero
1167 664 1382 720 vocavit
1421 658 1802 728 subjectasilli
1837 672 1967 726 gen-

406 776 510 832 tes,
542 780 662 836 quae
699 777 906 818 cumeo
934 758 1192 814 militaria
1225 767 1454 811 munera
1496 750 1969 819 exsequebantur,

406 859 772 930 lugebantque
806 868 917 907 non
953 850 1100 904 illius
1147 846 1375 907 caedem,
1409 840 1504 897 sed
1552 840 1763 930 cladem
1816 851 1970 892 suam

415 929 865 1007 :tieversionem.
894 943 1049 996 Illum
1093 940 1242 994 enim
1297 951 1403 990 non
1434 932 1599 1004 942
1635 929 1842 985 luxisse
1879 941 1975 981 eos

405 1041 624 1097 abunde
646 1036 969 1100 declaravit,
1001 1033 1195 1088 dicens
1223 1048 1238 1085 :
1270 1048 1286 1080 ι
1320 1025 1610 1081 Probibuit
1658 1019 1974 1076 multitudi-

407 1147 532 1186 nem
551 1143 727 1200 aquae,
755 1146 773 1179 ι
793 1127 897 1181 hoc
912 1131 1018 1191 est,
1037 1137 1142 1177 non
1163 1119 1400 1190 amplius
1423 1115 1520 1169 tibi
1538 1113 1756 1166 mittere
1769 1110 1974 1164 tributa

407 1221 726 1278 sustinebit.
761 1237 778 1269 ι
811 1215 1215 1271 Obtenebratus
1243 1215 1327 1264 est
1365 1220 1530 1277 super
1555 1219 1679 1258 eum
1708 1200 1973 1260 Libanus,

409 1313 592 1368 omnia
609 1311 755 1379 ligna
770 1307 890 1377 agri
907 1319 1074 1374 super
1090 1318 1213 1358 eum
1233 1301 1412 1356 soluta
1427 1304 1576 1352 sunt.
1607 1315 1700 1346 ›-
1717 1291 1976 1344 Libanum

414 1410 596 1457 autem
636 1413 742 1452 non
778 1403 1016 1450 montem
1041 1397 1220 1453 vocat,
1270 1387 1365 1442 sed
1401 1385 1552 1454 regni
1597 1381 1926 1436 densitatem
1962 1392 1976 1440 ;

409 1502 463 1548 et
491 1493 634 1562 ligna
663 1490 801 1559 agri,
838 1485 1137 1557 principes,
1168 1481 1260 1551 qui
1285 1479 1391 1534 sub
1426 1491 1492 1530 eo
1522 1479 1679 1528 erant
1707 1467 1978 1562 przel‘cctis

2071 469 2339 538 κατήχθη
2365 469 2411 500 ⁸³
2444 470 2527 532 είς
2560 465 2728 532 ᾅδου,
2753 463 3092 531 ἐθρήνησεν
3111 462 3155 493 ⁸⁵
3181 461 3358 515 αὑτὸν
3381 465 3412 531 ἡ
3439 465 3592 522 ἄϐυσ.

2068 575 2198 624 σος,
2234 559 2506 627 ἐκάλυψε
2545 555 2643 610 καὶ
2667 554 2714 586 ⁸⁸
2749 554 3052 620 ἐπέστησε
3072 553 3118 585 ⁸⁸
3168 553 3302 619 τοὺς
3337 559 3596 626 ποταμοὺς

2069 651 2282 719 αὐτῆς,
2317 652 2591 705 ἐκώλυσε
2614 649 2658 679 ⁸⁸⁷
2691 646 2926 715 πλῆθος
2959 645 3193 712 ὕδατος.
3225 677 3290 686 -
3341 649 3598 704 Ἀϐυσσον

2073 744 2130 796 δὲ
2189 743 2415 797 ἐκάλεσε
2473 740 2540 794 τὰ
2594 741 2810 811 ὑπήκοα
2868 737 3016 808 ἔθνη,
3069 737 3477 807 συστρατεύοντα
3521 743 3600 811 μὲν

2073 835 2239 904 αὐτῷ,
2273 832 2572 904 θρηνοῦντα
2593 832 2648 885 δὲ
2677 831 2736 882 ού
2759 829 2857 900 τὴν
2883 828 3094 881 ἐκείνου
3122 828 3351 900 σφαγὴν,
3380 829 3499 882 ἀλλὰ
3523 834 3602 901 τὴν

2073 927 2280 980 οἰκείαν
2317 921 2486 999 ἦττάν
2516 941 2576 976 τε
2611 922 2706 977 καὶ
2753 921 3052 991 ἀναίρεσιν.
3088 920 3210 973 Ὀτι
3242 920 3345 992 γὰρ
3374 921 3463 973 οὐκ
3489 923 3604 976 ἐκεῖ·

2076 1035 2166 1071 νον
2241 1015 2541 1086 ὲθρήνουν,
2618 1013 2986 1084 ἀποχρώντως
3051 1011 3313 1082 ἐδήλωσεν
3379 1011 3602 1082 εἰρηκώς*

2091 1106 2362 1161 Ἐκώλυσε
2393 1105 2595 1177 πλῆθος
2644 1103 2836 1166 ὓδατος
2862 1118 2876 1132 ·
2919 1122 2938 1154 ι
2977 1103 3277 1165 τουτέστιν,
3325 1103 3505 1155 Οὐκέτι
3545 1123 3608 1158 σοι

2082 1195 2320 1266 πέμπειν
2371 1195 2500 1257 τοὺς
2545 1193 2744 1263 φόρους
2801 1192 3074 1258 ἀνέξεται.
3131 1211 3150 1244 ι
3202 1189 3504 1244 Ἐσκότασεν
3541 1193 3610 1245 ἐπ’

2080 1286 2240 1338 αὑτὸν
2280 1288 2307 1339 ὁ
2338 1285 2590 1350 Λίϐανος,
2643 1285 2818 1339 πάντα
2861 1284 2932 1338 τὰ
2949 1283 2997 1316 ⁸⁸
3051 1283 3184 1350 ξύλα
3228 1282 3320 1336 τοῦ
3359 1283 3521 1336 πεδίου
3545 1285 3612 1336 ἐπ’

2081 1375 2243 1428 αὑτὸν
2278 1373 2500 1445 ἐξελύθη
2523 1372 2592 1427 ⁸⁸.
2639 1393 2656 1425 ι
2701 1377 2963 1428 Λίϐανον
2997 1372 3053 1425 δὲ
3105 1373 3165 1424 οὐ
3215 1371 3277 1424 τὸ
3319 1371 3434 1440 ὄρος
3470 1373 3611 1434 καλεῖ,

2082 1466 2215 1518 ἀλλὰ
2239 1466 2334 1537 τὴν
2361 1465 2461 1535 τῆς
2496 1465 2772 1536 βασιλείας
2803 1465 3133 1532 πυκνότητα,
3169 1463 3265 1516 καὶ
3297 1463 3447 1526 ξύλα
3466 1465 3506 1496 ’°
3531 1464 3614 1518 τοῦ

410 1552 724 1646 interviews,
749 1552 917 1636 veluti
946 1579 1002 1632 in
1037 1591 1169 1647 agro
1189 1571 1430 1643 quodam
1465 1566 1730 1620 consitos.
1769 1559 1975 1615 intelli-

2096 1555 2311 1620 πεδίου,
2351 1557 2478 1618 τοὺς
2507 1556 2598 1608 ὑπ’
2629 1555 2792 1607 αὑτὸν
2824 1554 3112 1624 ἄρχοντας,
3143 1552 3273 1615 τοὺς
3323 1553 3425 1604 τῶν
3475 1554 3616 1623 ὑπάρ-

411 1680 488 1746 git
512 1692 640 1729 vero
680 1683 930 1742 satrapas
969 1667 1247 1739 praefectis
1287 1671 1342 1718 ct
1365 1660 1600 1716 ducibus
1638 1653 1922 1724 subjettos
1961 1667 1974 1702 :

411 1769 466 1823 in
492 1769 699 1821 Libano
731 1773 912 1818 autem
937 1760 1214 1822 consitos,
1236 1756 1476 1826 majores
1501 1749 1799 1821 principes.
1828 1745 1982 1798 Sicut

413 1863 578 1932 igitur
600 1875 706 1912 non
749 1856 1003 1909 Libanum
1028 1852 1321 1912 Libanum,
1353 1859 1529 1915 neque
1557 1856 1740 1911 agrum
1765 1850 1980 1906 agrum,

415 1968 590 2020 neque
623 1951 766 2018 ligna
800 1949 943 2016 ligna
978 1945 1067 1998 hic
1100 1940 1484 2010 intelligimus,
1518 1937 1592 1988 ita
1628 1946 1801 2000 neque
1830 1945 1984 1998 para-

412 2045 587 2095 disum
619 2040 948 2101 deliciarum,
1011 2049 1135 2089 cum
1177 2032 1270 2101 qui
1305 2029 1592 2100 paradisus
1632 2025 1725 2078 Dei
1760 2028 1986 2075 vocatus

414 2142 500 2186 est
535 2147 549 2183 :
586 2130 680 2184 sed
712 2130 758 2184 si
787 2129 854 2182 de
897 2124 1442 2180 Nabuchodonosore
1489 2117 1698 2171 dictum
1753 2113 1986 2178 accipia-

418 2238 756 2294 mus,regna
792 2221 946 2276 orbis
981 2228 1291 2275 terrarum:
1324 2215 1368 2270 si
1404 2213 1470 2268 de
1514 2210 1756 2274 diabolo,
1786 2205 1987 2262 intelli-

419 2326 609 2388 gentes
633 2325 684 2371 et
710 2315 960 2384 corporis
989 2320 1240 2381 expertes
1271 2313 1593 2379 potestates.

488 2580 656 2637 Vens.
695 2578 784 2634 l6.
815 2578 855 2631 Α
893 2592 1012 2631 voce
1052 2576 1221 2628 ruina:
1261 2571 1394 2640 ejus,
1455 2569 1658 2637 inquit,
1715 2575 1989 2621 commota:

420 2682 540 2729 sunt
568 2680 764 2742 gentes,
792 2667 1002 2739 quando
1024 2663 1344 2719 deducebam
1369 2677 1487 2716 eum
1511 2661 1565 2714 in
1589 2660 1988 2729 infernumcnm

419 2758 850 2816 descendentibus
903 2758 957 2809 in
1021 2756 1215 2809 lacum.
1267 2752 1497 2821 Propter
1534 2759 1834 2819 utrumque
1885 2749 1991 2803 hoc

421 2851 639 2906 accidit.
659 2849 868 2905 Etenim
888 2846 1182 2901 interfecto
1200 2842 1627 2913 Babyloniorum
1651 2855 1795 2910 rege,
1822 2838 1986 2902 fama,

2085 1663 2195 1714 χων
2223 1645 2498 1710 ἐλάττους,
2527 1647 2620 1699 καὶ
2648 1639 2758 1697 οἷον
2787 1647 2845 1698 ὲν
2877 1644 3042 1715 πεδίῳ
3065 1645 3171 1697 τινὶ
3196 1645 3616 1714 πεφυτευμένους.

2085 1739 2244 1805 Λέγει
2290 1736 2346 1789 δὲ
2388 1739 2513 1798 τοὺς
2563 1737 2879 1808 σατράπας,
2933 1738 3058 1799 τοὺς
3103 1739 3217 1798 τοῖς
3268 1736 3514 1805 ὑπάρχοις
3545 1738 3620 1788 καὶ

2088 1831 2411 1897 στρατηγοῖς
2469 1829 2893 1900 ὑποκειμένουςο
2945 1829 3070 1890 τοὺς
3119 1827 3175 1880 δὲ
3227 1825 3403 1897 ἐν,τῷ
3443 1827 3621 1898 Λιϐάνῳ

2087 1920 2548 1990 πεφυτευμένους,
2584 1922 2707 1982 τοὺς
2739 1919 2962 1990 μείζους
3005 1919 3291 1989 ἄρχοντας.
3326 1918 3518 1988 Ὠσπερ
3538 1919 3622 1970 τοί·

2088 2030 2180 2064 νυν
2210 2013 2268 2064 ού
2297 2013 2554 2066 Λίϐανον
2583 2012 2674 2064 τὸν
2703 2012 2959 2072 Λίϐανον,
2995 2011 3116 2063 οὐδὲ
3142 2009 3354 2062 πεδίον
3376 2011 3431 2061 τὸ
3454 2009 3621 2073 πεδίον,

2086 2105 2207 2156 οὐδὲ
2243 2104 2400 2168 ξύλα
2449 2103 2517 2157 τὰ
2575 2104 2708 2170 ξύλα
2761 2103 2990 2170 νοοῦμεν
3040 2100 3296 2164 ἐνταῦθα,
3331 2100 3490 2164 οὕτως
3528 2101 3624 2153 οὐδὲ

2087 2195 2459 2263 παράδεισον
2485 2194 2718 2264 τρυφῆς
2743 2194 2832 2247 τὸν
2854 2192 3122 2262 κληθέντα
3156 2191 3294 2244 Θεοῦ
3323 2193 3623 2263 παράδεισον,

2087 2286 2203 2340 ἀλλ’
2232 2286 2325 2339 ἐπὶ
2364 2285 2464 2356 μὲν
2497 2285 2589 2339 τοῦ
2638 2285 3131 2356 Ναϐουχοδονόσορ,
3162 2283 3265 2348 τὰς
3292 2284 3386 2354 τῆς
3414 2283 3625 2352 οἰκουμέ-

2088 2396 2186 2450 νης
2221 2377 2520 2448 βασιλείας,
2554 2377 2646 2430 ἐπὶ
2688 2377 2742 2430 δὲ
2775 2377 2868 2432 τοῦ
2911 2376 3180 2440 διαϐόλου,
3219 2377 3319 2438 τὰς
3348 2373 3526 2444 νοητὰς
3554 2375 3628 2426 καὶ

2089 2471 2416 2538 ἀσωμάτους
2445 2467 2729 2538 δυνάμεις.

2165 2560 2260 2625 ις’.
2292 2560 2435 2614 Ἀπὸ
2466 2559 2576 2627 τῆς
2605 2557 2814 2627 φωνῆς
2851 2557 2962 2626 τῆς
3006 2556 3292 2621 πτώσεως
3325 2555 3518 2619 αὐτοῦ,
3543 2571 3626 2625 φηο

2093 2650 2201 2714 σίν,
2244 2649 2496 2715 ἐσείσθη
2521 2650 2566 2680 ⁹ι
2599 2648 2670 2702 τὰ
2707 2648 2872 2714 ἔθνη,
2920 2647 3018 2700 ὅτε
3068 2647 3445 2706 κατεϐίϐαζον
3479 2647 3631 2699 αὑτὸν

2090 2741 2178 2802 εις
2211 2737 2360 2805 ᾅδου
2393 2736 2545 2808 μετὰ
2599 2736 2715 2790 τῶν
2763 2738 3251 2791 καταϐαινόντων
3287 2738 3372 2802 είς
3420 2736 3630 2791 λάκκον.

2106 2829 2222 2883 Ἐπ’
2268 2829 2590 2900 ἀμφοτέρων
2637 2827 2694 2880 δὲ
2740 2827 2896 2880 τοῦτο
2944 2827 3262 2897 γεγένηται.
3300 2829 3408 2880 Καὶ
3435 2827 3531 2896 γὰρ
3560 2825 3632 2876 τοῦ

421 2956 544 3011 quae
561 2941 994 3007 circumquaque
1013 2905 1380 3007 persuaserat,
1403 2931 1681 3001 subjectas
1705 2905 1783 2983 illi
1803 2937 1988 2998 gentes

2097 2920 2452 2974 Βαϐυλωνίων
2499 2918 2766 2990 βασιλέως
2810 2919 3217 2988 ἀναιρεθέντος,
3255 2920 3288 2989 ή
3337 2919 3482 2989 φήμη
3523 2917 3634 2970 πάν·

424 3031 770 3101 pcrturbavit
800 3049 812 3083 :
845 3037 898 3083 et
933 3027 1155 3082 diabolo
1192 3025 1500 3096 proﬂigato,
1550 3031 1839 3077 commotae
1868 3030 1996 3076 sunt

421 3130 630 3192 gentes,
662 3129 716 3175 et
742 3135 770 3173 a
794 3119 1023 3190 pristina
1057 3118 1252 3172 fraude
1275 3116 1341 3170 ad
1382 3116 1712 3172 salutarium
1762 3110 1994 3184 dogma-

423 3221 539 3265 tum
584 3209 875 3265 veritatem
934 3207 1262 3263 transivere.
1320 3204 1457 3259 Nam
1527 3207 1723 3261 beatus
1788 3202 1996 3260 Paulus

423 3303 844 3356 commotionem
878 3300 1278 3353 translationem
1315 3305 1495 3352 vocat.

496 3559 566 3612 Et
603 3557 1014 3612 consolabantur
1057 3574 1195 3621 eum,
1249 3557 1448 3626 inquit,
1511 3558 1564 3610 in
1632 3567 1772 3611 terra
1813 3559 2000 3628 inﬁma

426 3651 604 3704 omnia
637 3649 780 3718 ligna
827 3649 1157 3711 deliciarum,
1209 3657 1258 3701 et
1297 3647 1497 3701 delecta
1541 3658 1588 3702 et
1646 3649 2000 3716 pulcherrima

426 3739 638 3804 Libani,
676 3741 854 3792 omnia
888 3739 1116 3792 bibentia
1149 3756 1340 3808 aquam
1370 3755 1388 3792 :
1417 3738 1608 3807 (Vens.
1649 3741 1758 3809 l7.)
1790 3739 1999 3793 Etenim

426 3839 473 3882 et
504 3829 617 3895 ipsa
647 3828 1021 3882 descenderunt
1061 3828 1222 3899 96,3
1251 3845 1368 3882 cum
1396 3845 1454 3884 eo
1479 3831 1534 3883 in
1566 3830 1853 3899 infernum,
1881 3847 2001 3885 cum

428 3915 712 3968 vulneratis
744 3931 835 3984 per
860 3915 1115 3984 gladium.
1147 3945 1216 3956 --
1243 3916 1491 3971 lnﬁmam
1529 3925 1712 3972 autem
1771 3927 1998 3983 terram,

429 4005 705 4068 etlaeum,
765 4014 818 4058 et
859 4005 1092 4072 foveam,
1146 4022 1272 4060 cum
1318 4007 1385 4062 de
1439 4007 2001 4064 Nabuchodonosore‘

432 4097 693 4167 loquitur,
752 4106 982 4151 mortem
1029 4098 1303 4166 appellat;
1342 4113 1466 4152 eum
1517 4099 1583 4154 de
1642 4100 1886 4165 diabolo,
1943 4101 1998 4154 in

430 4199 676 4245 extrema
709 4189 1034 4257 dejectione.
1089 4189 1181 4242 Ait
1245 4189 1413 4259 igitur
1442 4190 1638 4244 borum
1678 4199 1732 4246 et
1780 4192 1998 4246 illorum

433 4278 727 4349 participes
778 4277 891 4332 lore
931 4278 1214 4344 interitus,
1245 4277 1341 4348 qui
1382 4294 1507 4332 cum
1565 4295 1630 4334 eo
1665 4281 1950 4351 regnarint
1985 4302 1998 4337 :

431 4386 620 4425 everso
641 4370 785 4424 enim
822 4384 1010 4439 regno,
1047 4385 1271 4426 necesse
1293 4379 1377 4425 est
1413 4371 1575 4424 etiam
1624 4373 2002 4443 magistratus,

431 4463 523 4530 qui
552 4463 654 4514 sub
674 4476 740 4515 eo
775 4459 1001 4530 degunt,
1033 4461 1380 4516 commutari.
1413 4459 1551 4516 Illud
1590 4478 1725 4518 vero
1757 4481 1776 4517 ι
1805 4479 2004 4520 conso-

433 4553 696 4608 labuntur
723 4554 923 4620 ipsum,
953 4573 970 4605 ι
1009 4554 1168 4608 abiis
1199 4570 1320 4623 qua:
1375 4553 1516 4624 apud
1575 4570 1675 4611 nos
1719 4557 2002 4622 accidunt,

432 4644 780 4714 desumptutn
812 4653 918 4700 est.
953 4646 1254 4700 Consuevit
1286 4646 1433 4701 enim
1464 4647 1871 4716 quodammodo
1904 4666 2001 4704 ca-

436 4736 738 4789 lamitatum
771 4737 1086 4792 communio
1127 4737 1218 4804 iis,
1249 4737 1340 4806 qui
1394 4739 1638 4792 animum
1698 4740 2004 4809 desponde-

434 4835 587 4889 runt,
622 4826 826 4897 aliquid
859 4827 1255 4883 consolationis
1284 4826 1497 4882 all‘erre.
1531 4827 1648 4881 Non
1687 4829 1865 4883 solum
1902 4845 2002 4883 au-

435 4927 544 4974 tem
576 4920 644 4974 ab
685 4921 824 4990 ipso,
856 4919 1058 4990 inquit,
1094 4919 1293 4974 delecti
1343 4919 1623 4989 principes
1659 4929 2000 4986 evertentur,

436 5007 533 5064 sed
559 5009 724 5063 etiam
755 5027 774 5060 ι
808 5007 1002 5065 Semen
1024 5010 1165 5078 ejus,
1187 5009 1501 5063 habitantes
1533 5009 1638 5064 sub
1679 5011 2004 5065 umbraculo

2095 3028 2219 3063 τοσε
2247 3009 2660 3082 περιδραμοῦσα
2696 3009 2764 3061 τὰ
2797 3009 3010 3080 ὑπήκοα
3042 3008 3364 3080 διετάραξεν
3393 3009 3538 3078 ἔθνη⁹
3563 3007 3634 3062 καὶ

2096 3101 2190 3154 τοῦ
2247 3101 2493 3155 διαϐόλου
2547 3099 2946 3163 καταλυθέντος
2988 3100 3211 3172 ἐσείσθη
3269 3101 3342 3155 τὰ
3386 3101 3533 3171 ἔθνη,
3563 3100 3637 3153 καὶ

2101 3193 2334 3262 μετέστη
2389 3194 2454 3245 ὲκ
2506 3193 2606 3262 τῆς
2647 3191 2918 3261 προτέρας
2951 3191 3274 3262 ἐξαπάτης,
3329 3193 3406 3254 εἰς
3443 3190 3529 3262 τὴν
3555 3189 3639 3244 τῶν

2101 3284 2383 3354 σωτηρίων
2418 3282 2702 3354 δογμάτων
2738 3281 3019 3350 ἀλήθειαν.
3069 3283 3179 3335 Καὶ
3205 3283 3254 3314 ⁸⁸
3308 3283 3413 3353 γὰρ
3440 3285 3465 3335 ὁ
3497 3282 3639 3352 μακά-

2101 3390 2216 3444 ριος
2268 3373 2479 3436 Παῦλος
2538 3371 2763 3442 σεισμὸν
2819 3372 2936 3441 τὴν
2970 3371 3356 3441 μετάστασιν
3408 3388 3640 3440 προσαγο-

2105 3482 2269 3536 ρευει.

2171 3557 2280 3610 Καὶ
2331 3555 2717 3623 παρεκάλουν
2757 3555 2942 3609 αὑτὸν
2965 3595 2980 3620 ,
3048 3556 3240 3626 φησὶν,
3271 3558 3344 3611 ἐν
3390 3554 3464 3626 γῇ
3491 3569 3640 3608 κατω-

2102 3643 2248 3713 τάτῃ
2271 3645 2319 3676 ⁸³
2353 3644 2551 3698 πάντα
2576 3645 2648 3698 τὰ
2670 3644 2829 3709 ξύλα
2853 3643 2965 3713 τῆς
3004 3643 3264 3714 τρυφῆς,
3296 3647 3394 3700 καὶ
3427 3647 3491 3698 τὰ
3511 3646 3642 3697 ἐκλε-

2101 3739 2231 3800 κτὰ,
2269 3736 2370 3788 καὶ
2400 3735 2474 3788 τὰ
2509 3735 2810 3789 κάλλιστα
2828 3736 2876 3768 ⁸⁸
2907 3735 3014 3790 τοῦ
3059 3738 3346 3801 Λιϐάνου,
3396 3737 3569 3790 πάντα
3591 3735 3642 3787 τὰ

2102 3823 2358 3877 πίνοντα
2401 3823 2580 3891 ὕδωρ.
2637 3823 2774 3892 (ιζ’.)
2824 3823 2936 3877 Καὶ
2984 3824 3094 3894 γὰρ
3138 3825 3242 3877 καὶ
3279 3825 3430 3879 αὐτὰ
3458 3838 3641 3888 κατην-

2101 3914 2247 3982 έχθη
2269 3914 2314 3946 ⁸⁸
2361 3913 2489 3982 μετ’
2539 3914 2726 3968 αὐτοῦ
2761 3917 2848 3980 εἰς
2888 3913 3057 3981 ᾅδου,
3089 3915 3218 3970 σὺν
3269 3914 3393 3982 τοῖς
3429 3927 3638 3983 τραυμα-

2103 4005 2256 4070 τίαις
2284 4004 2404 4059 ἀπὸ
2439 4005 2762 4075 μαχαίρας.
2799 4006 3153 4074 Κατωτάτην
3183 4006 3243 4060 δὲ
3271 4007 3410 4074 γῆν,
3429 4009 3513 4058 καὶ
3535 4005 3644 4058 ,πάκ-

2104 4111 2240 4156 κον,
2288 4095 2384 4149 καὶ
2407 4095 2660 4164 βόθρον,
2707 4097 2801 4149 ἐπὶ
2837 4097 2936 4168 μὲν
2968 4097 3062 4150 τοῦ
3093 4097 3551 4167 Ναϐουχοδονόσορ
3574 4093 3644 4146 τὸν

2108 4187 2336 4242 θάνατον
2376 4189 2773 4260 προσαγορεύει
2793 4207 2807 4220 ’
2843 4189 2934 4242 ἐπὶ
2959 4189 3016 4243 δὲ
3044 4187 3140 4242 τοῦ
3169 4191 3443 4251 διαϐόλου,
3473 4187 3559 4257 τὴν
3580 4187 3644 4245 εἰς

2107 4279 2336 4350 ἔσχατον
2363 4281 2712 4334 ταπείνωσιν.
2747 4281 2912 4348 Λέγει
2940 4281 3138 4344 τοίνυν,
3171 4280 3259 4333 ὅτι
3282 4280 3481 4332 τούτων
3499 4277 3540 4308 ’⁸
3564 4277 3643 4330 κά-

2105 4371 2302 4424 κείνων
2357 4372 2778 4442 κοινωνήσουσιν
2837 4372 2887 4426 οί
2955 4371 3521 4443 παραδυναστεύοντες
3565 4367 3645 4436 τῆς

2104 4462 2409 4524 ἀπωλείαςο
2443 4461 2719 4531 βασιλείας
2747 4461 2857 4533 γὰρ
2887 4461 3328 4532 καταλυομένης,
3352 4461 3546 4529 ἀνάγκη
3571 4458 3645 4512 καὶ

2103 4555 2204 4618 τὰς
2227 4556 2331 4608 ὑπὸ
2347 4555 2520 4627 ταύτῃ
2541 4555 2800 4619 τελούσας
2815 4555 3111 4626 ἡγεμονίας
3127 4555 3386 4620 δέξασθαι
3403 4555 3497 4626 τὴν
3515 4566 3645 4623 μετα-

2108 4649 2270 4720 ϐολήν
2293 4665 2307 4678 ·
2345 4649 2406 4702 τὸ
2434 4648 2512 4715 δὲ,
2553 4668 2573 4699 ι
2609 4645 3087 4717 Παρακαλέσουσιν
3135 4646 3324 4712 αὐτὸν,
3366 4664 3384 4696 ι
3434 4644 3532 4698 ἀπὸ
3560 4639 3645 4693 τῶν

2111 4742 2243 4812 παρ’
2268 4743 2400 4811 ἡμῖν
2437 4739 2845 4811 συμϐαινόντων
2888 4736 3134 4809 εἴρηταιο
3170 4738 3390 4807 πέφυκε
3426 4736 3525 4806 γάρ
3556 4747 3647 4792 πως

2111 4831 2146 4900 ἡ
2191 4831 2442 4884 κοινωνία
2501 4829 2609 4884 τῶν
2661 4827 2954 4900 συμφορῶν
3010 4827 3348 4899 προσφέρειν
3404 4826 3515 4880 τινὰ

2111 4921 2377 4991 ἀθυμοῦσι
2432 4920 2781 4991 παραψυχήν.
2825 4920 2901 4972 Οὐ
2937 4918 3101 4988 μόνον
3151 4918 3230 4983 δὲ,
3282 4917 3466 4986 φησίν,
3509 4910 3647 4966 οίύπ’

2113 5011 2300 5076 αὐτοῦ,
2332 5013 2381 5064 οί
2412 5009 2883 5082 χειροτονηθέντες
2902 5011 3160 5083 ἄρχοντες
3193 5007 3645 5077 καταλυθήσονται,

1710 5208 1948 5266 VARI/l1}
1984 5208 2394 5268 LECTIONES.

525 5380 572 5413 ⁸³
595 5381 893 5453 Ληκατέϐη.
969 5382 1014 5413 ⁸⁸
1039 5381 1237 5453 ἐθρηΑ
1281 5381 1602 5453 ἐπένθησεν,
1662 5392 1721 5437 ιιι
1781 5385 1962 5449 Alex.,

433 5451 588 5520 juxta
631 5449 790 5504 Hebr.
862 5449 913 5482 ⁷⁸⁵
952 5454 1015 5504 ἐκ
1044 5449 1290 5504 καί.ι)οε.
1346 5453 1400 5506 in
1445 5449 1506 5506 Ᾱ.

441 5530 620 5575 tamen
659 5521 890 5576 lectione
916 5532 1120 5577 nostra.
1208 5520 1254 5552 ⁸⁸
1274 5523 1360 5576 τά.
1385 5521 1508 5576 Des.
1532 5525 1585 5577 in
1616 5522 1676 5576 Β.

443 5656 570 5712 Des.
601 5662 654 5713 in
679 5662 744 5715 A.
849 5663 894 5694 "
929 5680 980 5717 κ.
1003 5656 1124 5717 ain.
1159 5656 1284 5715 κατ.
1313 5665 1354 5715 Δ
1390 5663 1544 5716 αὐτοὶ
1567 5664 1895 5728 κατέϐησαν.

1777 5526 1820 5598 ῗ⁹
1855 5527 1900 5578 Λ
1931 5526 2192 5598 ἐπ’ναύτῷ
2221 5529 2572 5598 ἐξελύθησαν.

442 5587 672 5660 σθησαν.
702 5591 748 5622 ⁹’
772 5593 865 5646 καὶ
890 5623 958 5631 -
997 5608 1228 5660 προσαγ.
1256 5588 1382 5646 Haec
1409 5593 1473 5644 ad
1500 5594 1678 5646 locum
1701 5594 1915 5650 Coloss.
1939 5611 1976 5650 I.
2015 5597 2102 5659 15,
2138 5587 2196 5651 se
2229 5587 2445 5652 referre
2458 5599 2734 5652 videntur.
2768 5587 2784 5593 ⁷
2813 5601 2859 5633 9³
2895 5603 2939 5657 A
2965 5587 3136 5656 κᾶτω.

443 5656 570 5712 Des.
601 5662 654 5713 in
679 5662 744 5715 A.
849 5663 894 5694 "
929 5680 980 5717 κ.
1003 5663 1124 5717 αύτ.
1159 5679 1284 5715 κατ.
1313 5665 1354 5715 Δ
1390 5663 1544 5716 αὐτοὶ
1567 5664 1895 5720 κατέϐησαν.
1998 5666 2044 5696 ⁸⁵
2074 5665 2220 5719 τούτ.
2255 5666 2294 5720 Β
2321 5683 2505 5720 nrimn.
2537 5670 2652 5720 καί.

2074 5665 2220 5719 τούτ.
2255 5666 2294 5720 Β
2319 5683 2505 5738 praem.
2537 5670 2652 5724 καί.

2025 5386 2118 5455 qui
2175 5389 2446 5460 reliquum
2504 5403 2811 5460 sermonem
2851 5390 3070 5447 exhibet
3109 5391 3164 5446 in
3216 5390 3392 5460 prima
3449 5399 3646 5458 persona

1611 5453 1656 5524 ξθ
1686 5457 1728 5505 Α
1773 5453 2069 5524 ἐπέστησα.

2176 5459 2292 5511 "A
2327 5459 2419 5512 καὶ
2479 5459 2750 5513 ἐκώλυσα.
2811 5459 2850 5512 Β
2905 5460 3000 5515 καὶ
3055 5459 3390 5518 ἐκύκλωσεν.
3443 5460 3646 5526 ascripta

2675 5530 2721 5560 ⁹⁰
2758 5527 2908 5593 ξύλα.
2943 5530 3289 5600 Bpmmxd.
3385 5531 3426 5562 ἰ
3461 5528 3503 5579 Α
3531 5525 3646 5578 tan.

2675 5613 2734 5648 Ir.
2813 5601 2859 5633 9³
2896 5603 2936 5648 Α
2965 5603 3136 5648 κάτω-
3231 5602 3278 5632 ⁸⁸
3319 5599 3492 5648 καὶτὰ
3515 5593 3642 5648 ad“.

3319 5613 3410 5654 και
3429 5614 3492 5649 τα
3515 5613 3642 5650 καμ.
