3860 6206
234 282 352 351 1129
1284 286 1367 348 ΙΝ
1406 286 1753 351 EZECHIEI

1890 293 2048 352 CAP.
2089 293 2337 355 XXXII.
3307 308 3444 377 1130

232 396 346 454 ἀλλά
365 391 453 449 καὶ
485 409 502 445 ι
534 390 604 444 Τὸ
626 388 670 421 ’⁷
700 386 920 459 σπέρμα
950 388 1137 457 αὐτοῦ,
1172 394 1218 444 οἱ
1248 394 1626 458 κατοικοῦντες
1658 396 1753 449 ὑπὲ

1866 400 2007 469 ejus,
2037 401 2105 454 in’
2136 401 2316 456 medio
2370 402 2494 457 vita:
2562 417 2675 458 suae
2739 404 3044 475 perierunt.
3081 428 3100 462 ›
3133 409 3445 472 Balthasari

228 491 314 561 τὴν
346 485 545 555 σκέπην
598 479 794 544 αὐτοῦ,
844 484 902 535 ἐν
962 483 1110 554 μέσῳ
1160 484 1261 554 τῆς
1317 485 1460 556 ζωῆς
1517 488 1694 539 αὐτῶν
1717 489 1753 519 ’⁵

1865 493 2011 546 enim
2037 534 2052 554 ,
2090 494 2230 564 proli
2265 502 2314 549 el
2341 495 2451 549 lilio
2479 492 3067 567 Nabuchodonosoris,
3095 514 3316 574 propter
3361 508 3445 562 in-

228 578 496 632 άπιὲιλοντο.
532 592 559 637 r,
594 572 655 625 '0
684 572 791 642 γὰρ
831 571 1130 646 Βαλτάσαρ,
1172 576 1392 647 σπέρμα
1422 576 1496 629 ὣν
1522 580 1620 632 καὶ
1650 580 1763 644 υἱὸς

226 668 306 724 τοῦ
333 664 810 737 Ναϐουχοδονόσορ.
844 665 945 719 οὐκ
971 666 1126 738 εὶάθη
1152 666 1242 720 διὰ
1272 669 1368 738 τὴν
1396 671 1596 742 πολλὴν
1632 673 1763 726 ἀσέ-

224 765 359 817 δειαν
392 762 466 824 εἰς
514 758 691 827 γῆρας
742 756 953 821 ἐλάσαι,
988 759 1124 812 ἀλλά
1173 759 1463 829 μεσοῦντος
1517 762 1616 834 ἤδη
1670 764 1762 818 τοῦ

224 855 320 916 τοῖς
348 848 643 922 ἀνθρώποις
672 846 977 918 ὡρισμένου
1020 847 1212 920 χρόνου
1258 851 1528 922 παρεδόθη
1558 856 1756 923 σφαγῇ.

234 946 340 1000 Ἐπὶ
369 945 422 998 δὲ
455 941 547 996 τοῦ
587 939 858 1002 διαϐόλου,
899 939 1138 1009 σπέρμα
1176 944 1444 1014 προσήκει
1489 946 1631 998 νοεῖν
1663 945 1762 1015 τὴν

222 1039 302 1092 ὑπ’
327 1034 478 1090 αὑτοῦ
512 1033 959 1102 κατασπαρεῖσαν
981 1030 1080 1100 τῆς
1111 1032 1364 1097 ἀσεϐείας
1392 1034 1757 1090 διδασκαλίαν

220 1133 290 1186 ὅτι
319 1128 404 1183 καὶ
432 1126 567 1198 αὐτὴ
612 1124 781 1196 ἄρδην
812 1122 1265 1193 ἀφανισθήσεται,
1317 1126 1413 1180 καὶ
1465 1128 1512 1180 oi
1558 1128 1760 1199 ταὺτης

220 1222 530 1293 ὑπερμαχεῖν
571 1214 1018 1288 φιλονεικοῦντες.
1049 1212 1183 1272 Εἶτα
1213 1217 1349 1291 πρὸς
1377 1218 1539 1272 αὐτὸν
1572 1218 1760 1290 τρέπει

217 1316 298 1370 τὸν
324 1313 490 1382 λόγον.

274 1412 355 1478 ιη’.
393 1404 508 1458 Τίνι
543 1402 848 1472 ὡμοιώθης
876 1403 946 1458 ἐν
967 1404 1012 1436 ³⁸
1040 1403 1310 1474 δυνάμει,
1358 1404 1456 1458 καί
1487 1405 1559 1458 ἐν
1585 1404 1758 1474 δόξῃ,

215 1496 297 1550 καὶ
316 1496 381 1550 ἐν
395 1491 647 1563 μεγέθει,
673 1492 747 1545 ἐν
775 1493 901 1559 τοῖς
938 1490 1151 1557 ξύλοις
1174 1490 1285 1561 τῆς
1311 1492 1329 1523 ¹
1355 1490 1619 1561 τρυφῆςς
1646 1495 1763 1546 Κα-

1865 595 2083 654 gentem
2117 586 2453 658 impietatem
2491 588 2633 644 haud
2678 590 2830 645 licuit
2860 591 2927 647 ad
2951 604 3290 651 senectutem
3327 614 3444 668 pcr-

1865 676 2071 740 venire,
2108 677 2204 731 sed
2239 692 2362 733 cum
2404 679 2494 734 vix
2554 680 2794 736 medium
2853 682 3179 741 hominibus
3227 687 3441 744 deliniti

1866 769 2126 838 temporis
2172 784 2398 824 cursum
2437 771 2794 839 absolvisset,
2849 775 3176 835 interfectus
3234 790 3338 835 est.
3383 768 3461 837 Si-

1863 874 1995 913 vero
2028 859 2093 914 ad
2118 859 2400 916 diabolum
2431 864 2545 918 haec
2576 864 2804 929 referas,
2835 865 3068 940 intelligi
3125 869 3290 927 debet
3344 889 3445 943 per

1864 967 2036 1005 semen
2069 951 2429 1009 disseminata
2487 955 2556 1009 ab
2608 956 2729 1027 ipso
2783 956 3088 1027 impietatis
3142 959 3440 1029 doctrina,

1863 1043 1992 1113 quia
2029 1044 2148 1113 ipsa
2176 1060 2399 1117 quoque
2435 1046 2688 1104 funditus
2733 1048 3028 1117 delebitur,
3079 1053 3284 1124 quique
3342 1071 3444 1126 pro

1863 1150 1929 1189 co
1958 1151 2310 1209 propugnare
2349 1141 2755 1197 contenderiut.
2782 1141 2989 1200 Deinde
3015 1143 3082 1199 ad
3107 1144 3286 1215 ipsum
3318 1161 3444 1203 ora-

1866 1225 2071 1281 tionem
2105 1230 2400 1286 convertit.

1934 1398 2099 1457 Vsus.
2162 1403 2250 1458 18.
2310 1403 2411 1461 Cui
2462 1408 2796 1476 assimilatas
2827 1428 2887 1468 es
2933 1414 2989 1467 in
3041 1415 3254 1479 virtute,
3288 1426 3342 1471 et
3381 1418 3441 1472 in

1861 1491 2057 1562 gloria,
2083 1504 2131 1548 et
2161 1499 2216 1550 in
2240 1499 2599 1568 magnitudine
2621 1503 2758 1558 inter
2785 1504 2926 1575 ligna
2945 1504 3258 1562 deliciarum
3276 1511 3304 1564 ?
3333 1507 3440 1563 De-

214 1588 426 1654 τάόηθι,
479 1583 576 1639 καὶ
632 1582 1097 1650 καταϐιόἀσθητι
1145 1582 1298 1652 μετὰ
1355 1581 1596 1647 ξύλων⁹
1650 1581 1753 1650 τῆς

1863 1585 2069 1652 scende,
2110 1596 2161 1641 et
2192 1589 2446 1647 deducere
2486 1609 2604 1647 cum
2636 1595 2807 1666 lignis
2838 1596 3151 1652 deliciarum
3187 1601 3243 1655 iu
3283 1609 3438 1657 terra:

214 1676 415 1747 τρυφῆς
440 1677 525 1742 εἷς
562 1673 679 1745 τῆς
722 1674 939 1741 βάθος,
1010 1673 1228 1745 Ἐπειδὴ
1274 1673 1405 1744 γὰρ,
1438 1674 1626 1745 φησὶν,
1658 1674 1753 1763 οὐκ

1863 1679 2202 1748 profundum.
2234 1682 2372 1738 Cum
2404 1685 2573 1751 enim,
2605 1688 2810 1759 inquit,
2843 1704 2955 1746 non
2997 1690 3068 1746 iis
3098 1692 3284 1762 lignis,
3315 1708 3438 1763 qua:

214 1766 478 1836 ἐϐουλήθης
521 1764 859 1836 ὁμοιωθῆναι
895 1767 1011 1829 τοῖς
1049 1764 1169 1835 ἅμα
1207 1779 1291 1816 σοι
1339 1763 1653 1833 φυτευθεῖσι
1678 1762 1753 1829 ξύ·

1863 1769 2031 1826 simul
2063 1779 2242 1828 tecum
2278 1783 2402 1831 sata
2440 1784 2592 1842 sunt,
2618 1780 2715 1835 sed
2747 1780 2852 1851 ipsi
2883 1783 3059 1847 satori
3088 1783 3289 1840 similis
3312 1799 3439 1840 esse

214 1860 327 1927 λοις,
354 1857 481 1911 ἀλλά
504 1855 580 1927 τῷ
602 1856 625 1888 ³
658 1857 967 1928 φυτουργῷ,
1007 1855 1143 1928 μετὰ
1183 1854 1389 1909 τούτων
1429 1855 1537 1908 τῶν
1565 1854 1753 1921 ξύλων,

1863 1862 2130 1930 volueris,
2160 1865 2327 1938 944
2354 1882 2482 1922 cum
2528 1868 2723 1926 iisdem
2764 1872 2948 1943 lignis,
2989 1889 3111 1945 qua;
3141 1875 3331 1931 eadem
3368 1890 3437 1928 ac

215 1950 307 2003 τῶν
330 1947 493 2008 ταύτά
527 1964 610 2000 σοι
636 1947 1082 2018 πεφροντικότων,
1113 1945 1436 2018 προστάττω
1464 1963 1524 1999 σε
1540 1950 1561 1978 δ
1586 1947 1753 2018 ἀπορ·

1863 1959 1919 2007 tu
1957 1955 2294 2024 cogitarunt,
2317 1956 2484 2027 jubeo
2512 1967 2567 2015 tc
2606 1961 2819 2030 projici,
2848 1970 2903 2018 et
2940 1964 2994 2017 in
3018 1972 3187 2020 terrae
3207 1965 3439 2035 profun-

216 2041 440 2113 ῥιφῆναι.
498 2037 589 2093 καὶ
652 2039 733 2102 εἰς
756 2038 817 2091 τὸ
866 2038 963 2108 τῆς
994 2037 1097 2109 γῆς
1156 2037 1528 2108 ἀποῤῥιφῆναι
1576 2035 1753 2105 βάθος.

1863 2043 1993 2099 dum
2029 2047 2295 2120 demergi.
2330 2048 2446 2105 Hoc
2477 2052 2644 2120 igitur
2672 2054 2892 2123 utrique
2914 2056 3123 2124 pariter
3155 2059 3433 2114 convenit.

211 2133 304 2185 Καὶ
368 2128 519 2183 τοῦτο
585 2128 771 2182 τοίνυν
846 2128 1178 2199 ἀμφοτέροις
1270 2127 1552 2197 ἁρμόττει.
1622 2125 1753 2179 Τού-

1863 2135 1960 2193 His
1991 2137 2217 2207 subjicit
2243 2157 2256 2192 :
2290 2159 2311 2192 ι
2343 2139 2400 2194 lu
2435 2142 2619 2197 medio
2641 2144 3161 2202 iucircumcisorum
3191 2144 3437 2205 dormies

213 2238 310 2286 τοις
366 2221 552 2289 ἐπάγει
581 2235 596 2251 '
671 2239 690 2272 ι
746 2220 834 2273 Ἐν
896 2221 1046 2292 μέσῳ
1110 2220 1501 2291 άπεριτμήτων
1561 2236 1753 2290 κοιμη-

1863 2241 1988 2283 cum
2043 2229 2343 2285 vulneratis
2398 2231 2605 2302 gladio.
2651 2253 2671 2284 ι
2733 2234 3276 2305 lncircunicisorum,
3321 2256 3436 2297 non

211 2311 328 2383 θήσῃ
373 2311 503 2380 μετά
538 2309 897 2383 τραυματιῶν
951 2311 1225 2382 μαχαίρας
1260 2312 1303 2364 ⁵.
1340 2328 1359 2362 ι
1407 2310 1482 2363 Τὸ
1520 2309 1577 2363 δὲ
1610 2311 1755 2365 circa-

205 2403 484 2472 ριτμὴτων,
531 2404 592 2455 οὗ
645 2403 777 2475 περὶ
817 2402 914 2458 τοῦ
972 2401 1244 2473 σώματος,
1287 2400 1424 2455 ἀλλά
1469 2400 1600 2472 περὶ
1657 2400 1759 2470 τῆς

1861 2332 2117 2387 corpore,
2155 2319 2253 2375 sed
2284 2322 2471 2386 corde,
2512 2322 2653 2378 dixit
2687 2342 2700 2379 :
2742 2327 2900 2381 novit
2923 2329 3071 2384 enim
3112 2346 3220 2385 non
3254 2332 3435 2388 solum

1860 2405 2033 2474 Nova,
2062 2408 2159 2465 sed
2189 2411 2355 2466 etiam
2392 2410 2564 2470 Vetus
2598 2413 3112 2487 Scriptura,eordis
3141 2421 3436 2478 circumci-

210 2493 408 2564 καρδίας
449 2493 638 2563 λέγει·
691 2489 803 2547 οἶδε
836 2493 949 2565 γὰρ
998 2494 1060 2546 οὐ
1097 2492 1255 2565 μόνον
1285 2493 1319 2563 ἡ
1365 2492 1565 2563 Καινὴ,
1619 2491 1758 2545 ἀλλά

208 2586 345 2655 καὶὴ
394 2584 605 2638 Παλαιὰ
669 2584 901 2656 Γραφὴ,
963 2583 1264 2655 περιτομὴν
1292 2585 1316 2615 ⁸
1347 2582 1612 2655 καρδίαςο
1661 2583 1758 2636 καὶ

208 2676 339 2729 τοῦτο
357 2676 440 2728 διὰ
458 2675 550 2730 τοῦ
584 2678 872 2748 προφήτου
902 2677 1066 2749 φησὶν
1089 2678 1118 2731 ὁ
1137 2676 1287 2740 Θεός·
1313 2675 1465 2728 ι”Οτι
1488 2676 1665 2729 πάντα
1689 2673 1757 2729 τά

208 2762 315 2834 ἔθνη
340 2764 687 2837 ἀπερίτμητα
724 2764 910 2836 σαρκὶ,
951 2766 981 2817 ὁ
1029 2764 1082 2818 δὲ
1112 2760 1259 2829 οἶκος
1315 2764 1531 2836 Ἰσραὴλ
1559 2764 1758 2835 ἀπερί-

206 2868 376 2921 τμητοι
414 2854 609 2926 καρδίᾳ
647 2854 670 2886 ⁷
703 2854 904 2909 αὐτῶν.
952 2873 972 2905 ι
1017 2854 1236 2924 Ἐπειδὴ
1278 2852 1460 2906 τοίνυν
1495 2853 1595 2924 τὴν
1626 2853 1758 2906 ἀλα-

207 2943 388 3009 ζσνείαν
434 2947 755 3017 περιτεμεῖν
789 2945 890 2999 οὐκ
934 2944 1229 3015 ἠθέλησας,
1279 2942 1393 2996 ἀλλ’
1428 2940 1756 3012 ὲναπέμεινέ

207 3050 275 3087 σοι
305 3035 360 3088 τὸ
379 3036 473 3105 τῆς
506 3034 831 3099 ἀλαζονείας
873 3034 1213 3106 περίττωμα,
1242 3032 1416 3086 ταύτά
1445 3031 1609 3102 πείσῃ
1640 3031 1755 3093 τοῖς

1861 2497 2118 2554 sionem:
2168 2501 2314 2570 quod
2364 2516 2462 2572 per
2497 2503 2820 2573 prophetam
2866 2504 3010 2562 Deus
3046 2508 3172 2564 ait:
3218 2528 3240 2561 ι
3288 2508 3434 2577 Quia

1859 2605 2050 2646 omnes
2084 2600 2275 2663 gentes
2305 2594 2707 2651 incircumcisa:
2755 2610 2960 2666 carne,
3008 2597 3207 2656 domus
3240 2609 3431 2656 autem

1860 2677 2027 2736 Israel
2056 2681 2433 2737 incircumcisi
2468 2672 2651 2740 corde
2678 2699 2780 2740 suo
2827 2682 2876 2740 ιι.
2914 2705 2934 2739 ι
2982 2685 3216 2754 Quando
3261 2689 3434 2760 igitur

1858 2772 2170 2843 superbiam
2206 2775 2602 2832 circumcidere
2642 2778 2888 2844 noluisti,
2924 2794 3110 2835 verum
3153 2781 3213 2836 iu
3248 2789 3302 2837 te
3329 2796 3431 2838 su-

1856 2864 2060 2932 perbiae
2083 2866 2349 2920 remansit
2368 2866 2727 2933 abundantia,
2755 2869 2944 2925 eadem
2971 2870 3274 2927 sustinebis
3299 2886 3431 2928 cum

1859 2947 1968 3003 illis
1994 2950 2090 3019 qui
2136 2950 2250 3006 lucc
2286 2953 2708 3008 commiserunt.
2742 2954 2947 3013 Deinde
2974 2958 3305 3014 sententiam
3333 2960 3431 3016 ab-

1862 3039 2043 3094 solvit.
2086 3061 2103 3091 ι
2137 3039 2226 3096 Sic
2255 3041 2491 3107 Pharao,
2528 3050 2582 3097 et
2634 3046 2814 3101 omnis
2868 3047 3165 3104 multitudo
3207 3051 3430 3108 roboris

205 3125 352 3179 ταῦτα
369 3127 709 3198 δεδρακόσιν.
736 3123 871 3180 Εἶτα
893 3126 1205 3198 συμπληροῖ
1223 3125 1283 3179 τὸ
1308 3126 1485 3196 νόημα
1501 3141 1515 3155 ⁵
1552 3143 1570 3176 ι
1598 3123 1753 3179 Οὕτω

1863 3129 2001 3198 ejus,
2039 3132 2174 3187 dicit
2196 3132 2409 3187 Adonai
2442 3133 2727 3193 Dominus.
2766 3155 2785 3188 ι
2815 3136 2949 3193 Cum
2977 3139 3126 3195 enirn
3151 3156 3319 3211 supra
3341 3141 3428 3195 di—

202 3218 390 3288 Qapat‘o,
419 3220 511 3273 καὶ
541 3221 657 3273 πᾶν
688 3218 747 3271 τὸ
774 3217 979 3287 πλῆθος
1006 3218 1106 3288 τῆς
1150 3216 1332 3289 ἰσχύος
1370 3216 1556 3282 αὑτοῦ,
1601 3217 1752 3285 λέγει

210 3307 410 3363 ’Δδωναῒ
438 3309 665 3381 Κύριος.
701 3326 719 3359 ι
753 3306 1004 3378 Είρηκὼς
1029 3308 1139 3377 γὰρ
1160 3308 1300 3362 ἄνω·
1340 3326 1358 3358 ι
1395 3307 1511 3360 Τίνι
1534 3308 1750 3378 ὡμοίω-

202 3413 286 3462 ea;
315 3398 530 3452 σεαυτὸν
558 3400 625 3452 ὲν
657 3395 734 3468 τῷ
760 3395 886 3466 ὕψει
918 3413 1047 3458 σονς
1082 3414 1101 3445 ι
1142 3399 1236 3449 καὶ⁸
1264 3396 1662 3467 διηγησάμενος
1682 3397 1752 3449 τά

201 3488 325 3541 κατὰ
353 3489 435 3541 τὸν
484 3488 799 3559 Ἀσσύριον,
844 3481 946 3539 εἶτ’
985 3480 1076 3539 οὖν
1103 3484 1464 3550 Βαϐυλώνιον,
1505 3487 1750 3556 ἐπήγαγε

198 3580 276 3632 τόο
303 3600 320 3632 ι
347 3580 494 3634 Οὕτω
508 3578 717 3651 Φαραὼ
739 3578 834 3633 καὶ
861 3578 970 3631 πᾶν
993 3577 1052 3630 τὸ
1082 3577 1286 3648 πλῆθος
1312 3577 1409 3648 τῆς
1447 3577 1628 3648 ἰσχύος
1657 3579 1753 3633 αὑ·-

198 3669 296 3723 τοῦ.
331 3688 348 3720 ι
380 3671 441 3724 Εἰ
485 3671 595 3742 γὰρ
639 3670 869 3734 ἐκεῖνος,
913 3668 1098 3739 φησὶν,
1138 3669 1167 3721 ὁ
1210 3665 1388 3735 πολλῷ
1423 3683 1515 3720 σου
1548 3668 1752 3737 μείζων

199 3763 277 3817 καὶ
306 3763 761 3837 περιφανέστερος
788 3762 962 3816 ταῦτα
1004 3762 1273 3825 πείσεται,
1319 3754 1612 3834 ἀνάμεινον
1654 3764 1748 3817 καὶ

200 3851 255 3904 σὺ
274 3853 364 3924 τὴν
386 3854 552 3926 αὐτὴν
576 3853 878 3925 τιμωρίαν,
916 3852 1015 3924 τὴν
1044 3853 1224 3925 αὐτὴν
1250 3852 1388 3924 ἔχων
1425 3854 1697 3910 ἀσέϐειαν.

689 3944 1088 3998 ΚΕΦΑΛΛῙΟΝ
1125 3943 1249 3998 ΛΒ⁹.
1686 3934 1689 3937 ’

253 4039 316 4095 α’,
350 4034 412 4104 β’.
452 4036 562 4090 Καὶ
599 4033 844 4104 ἐγένετο
869 4035 941 4088 ἐν
968 4032 1049 4098 τῷ
1096 4032 1408 4101 δωδεκάτῳ
1432 4041 1455 4074 ⁸
1500 4035 1638 4101 ἔτει,
1680 4037 1749 4091 ἐν

193 4121 262 4189 τῷ
279 4122 578 4191 δωδεκάτῳ
600 4126 776 4196 μηνί,
799 4124 904 4195 μιᾷ
936 4124 1043 4179 τοῦ
1063 4128 1278 4194 μηνὸς.
1306 4126 1542 4196 ἐγένετο
1566 4130 1749 4199 λόγος

195 4215 390 4282 Κυρίου
440 4219 594 4285 πρός
640 4233 741 4286 με,
788 4215 1005 4285 λέγων’
1057 4216 1151 4270 Υἱὲ
1194 4216 1508 4285 ἀνθρώπου
1532 4259 1546 4282 ,
1602 4219 1749 4273 λάϐε

1858 3218 2075 3273 sisset1
2115 3238 2128 3275 :
2166 3238 2185 3271 ι
2225 3219 2325 3274 Cui
2365 3221 2688 3277 assimilasti
2725 3225 2965 3294 teipsum
3009 3225 3066 3279 in
3105 3225 3430 3282 excelsitate

1857 3311 1986 3365 tua?
2013 3331 2033 3365 ι
2069 3320 2461 3383 narrassetque
2501 3329 2564 3368 ea
2598 3330 2721 3383 qua:
2766 3315 3103 3385 pertinerent
3138 3316 3211 3370 ad
3255 3319 3429 3388 Assy—

1853 3402 2020 3466 rium,
2068 3403 2183 3458 sive
2209 3404 2588 3475 Babylonium,
2625 3406 2862 3477 subjecit
2894 3425 2909 3462 :
2941 3426 2962 3459 ι
3000 3407 3077 3462 lta
3104 3406 3339 3474 Pharao,
3369 3418 3429 3464 et

1854 3493 2033 3548 omnis
2057 3495 2351 3550 multitudo
2374 3497 2595 3554 roboris
2618 3498 2760 3567 ejus.
2800 3517 2818 3550 ι
2847 3496 2982 3553 Nam
3012 3499 3058 3555 si
3084 3499 3196 3562 ille,
3223 3501 3424 3571 inquit,

1854 3588 1873 3607 ‘
1894 3586 2068 3641 multo
2097 3594 2151 3643 te
2171 3588 2350 3658 major
2380 3597 2434 3644 et
2465 3589 2737 3645 illustrior
2763 3590 2878 3645 luec
2905 3591 3169 3661 patietur,
3202 3597 3260 3646 tu
3289 3607 3433 3662 quo-

1854 3692 1963 3745 que
1993 3677 2137 3733 idem
2186 3688 2507 3751 exspectato
2541 3681 2896 3752 supplicium,
2930 3681 3119 3739 eadem
3164 3683 3426 3754 praeditus

1850 3769 2151 3841 impietate.

2395 3946 2622 4005 CAPUT
2660 3947 2876 4005 XXXII.

1922 4038 2090 4097 Vsus.
2151 4040 2218 4105 1,
2270 4040 2325 4095 2.
2371 4038 2437 4094 Et
2495 4041 2695 4111 factum
2753 4049 2837 4095 est
2884 4057 3026 4095 anno
3078 4039 3423 4108 duodecimo,

1853 4148 2027 4188 mense
2065 4133 2392 4198 duodecimo,
2434 4136 2609 4204 primo
2646 4133 2774 4205 (die)
2824 4134 3038 4200 mensis,
3096 4134 3300 4198 factum
3346 4144 3424 4190 est

1852 4224 2063 4279 verbum
2103 4225 2312 4279 Domini
2344 4225 2413 4278 ad
2445 4243 2544 4290 me,
2569 4226 2745 4280 dicens
2769 4240 2787 4278 :
2812 4224 2920 4279 Fili
2938 4225 3186 4288 hominis,
3207 4227 3425 4279 institue

194 4305 392 4374 θρῆνον
434 4308 536 4363 ἐπὶ
574 4308 689 4363 τὸν
712 4309 732 4341 ⁹
766 4308 1033 4373 βασιλέα
1064 4309 1398 4378 Αἰγύπτου,
1443 4310 1542 4364 καὶ
1592 4311 1748 4379 ἐρεῖς

192 4397 361 4462 αὐτῷ·
397 4400 612 4456 Λέοντι
642 4399 834 4454 ἐθνῶν
878 4399 1183 4469 ὡμοιώθης
1210 4400 1324 4464 σὺ,
1359 4401 1458 4455 καὶ
1501 4403 1580 4469 ὡς
1608 4403 1746 4472 δρά-

192 4502 300 4541 κων
324 4493 356 4544 ό
381 4492 451 4545 ἐν
472 4491 550 4561 τῇ
582 4493 887 4562 θαλάσσῃ,
920 4492 1018 4547 καὶ
1042 4492 1368 4562 ἐκεράτιζες
1397 4495 1441 4526 ³ο
1471 4495 1676 4560 αὐτοῖς
1700 4496 1740 4527 ¹¹

1863 4502 2142 4556 ventitabas
2177 4519 2340 4575 cornu
2364 4502 2491 4570 ipsis
2507 4500 2815 4571 ﬂuminibus
2837 4501 2963 4562 tuis,
2990 4509 3039 4553 et
3060 4498 3420 4553 conturbabas

191 4584 448 4651 ποταμοῖς
479 4599 623 4646 σου,
672 4584 768 4638 καὶ
801 4583 1135 4652 ἐτάρασσες
1180 4586 1335 4654 ὕδωρ
1363 4587 1404 4619 ¹²
1443 4585 1566 4653 τοῖς
1597 4588 1746 4641 ποσί

1863 4610 2039 4662 nquam
2088 4594 2307 4664 pedibus
2364 4596 2492 4660 tuis,
2540 4604 2590 4649 et
2633 4591 2982 4647 conculcabas
3022 4592 3250 4660 [lumina
3301 4602 3416 4645 tua.

189 4683 311 4734 σου,
362 4676 454 4727 καὶ
510 4676 863 4742 κατεπάτεις
898 4676 1040 4741 τοὺς
1090 4679 1394 4746 ποταμούς
1433 4695 1569 4733 σου.
1631 4679 1742 4733 Καὶ

1869 4687 2007 4742 stius
2052 4686 2420 4755 arrogantiam
2452 4700 2648 4739 rursus
2690 4693 2747 4738 et
2787 4683 2989 4737 fastum
3027 4688 3252 4735 accusat
3311 4684 3420 4735 ait-

189 4764 359 4820 τούτου
387 4770 548 4824 πάλιν
573 4770 673 4841 τὴν
697 4771 739 4802 ⁸³
763 4769 1081 4835 ἀλαζονείαν
1116 4774 1411 4843 κατηγορεῖ
1432 4773 1526 4826 καὶ
1552 4774 1739 4844 τῦφον,

1863 4793 1984 4848 lue,
2032 4779 2347 4833 aamulatum
2392 4792 2516 4833 eum
2556 4775 2728 4832 fuisse
2770 4768 3051 4842 draconis,
3080 4774 3173 4844 qui
3228 4780 3313 4829 est
3362 4772 3419 4826 in

188 4856 271 4908 καὶ
292 4856 434 4924 λέγει
472 4861 637 4914 αὐτὸν
665 4861 1002 4932 ἐζηλωκέναι
1025 4862 1118 4915 τοῦ
1151 4864 1209 4915 ὲν
1237 4866 1302 4933 τῇ
1335 4863 1577 4936 θαλάσσῃ
1608 4866 1738 4938 δρά-

1863 4869 1999 4931 nari,
2034 4867 2361 4935 superbiam.
2409 4863 2598 4919 Edocti
2631 4875 2812 4918 autem
2850 4876 3062 4925 sumus,
3103 4863 3267 4918 istum
3294 4875 3419 4916 esse

189 4959 355 5011 κοντος
412 4949 510 5020 τὴν
556 4951 955 5022 ὑπερηφανίαν.
1014 4952 1401 5023 Ἐδιδὰχθημεν
1447 4955 1503 5009 δὲ
1551 4958 1739 5011 τοῦτον

1863 4958 2123 5012 liabolum
2191 4958 2283 5026 qui
2328 4957 2457 5011 olim
2488 4957 2627 5009 inter
2674 4961 2885 5025 gentes,
2918 4967 3044 5008 cum
3071 4953 3248 5007 adhuc
3275 4954 3418 5008 male

187 5026 311 5088 εἶναι
336 5038 422 5093 τὸν
446 5040 708 5107 διάϐολον,
732 5046 821 5095 τὸν
853 5043 1017 5097 πάλαι
1053 5044 1182 5095 ποτε
1211 5044 1318 5096 τῶν
1353 5045 1521 5098 ἐθνῶν
1554 5049 1736 5119 πικρῴ

1863 5046 2055 5101 ιίῐοριεε
2100 5059 2305 5110 essent,
2357 5048 2511 5117 quasi
2554 5052 2936 5100 commoratus
2997 5052 3101 5100 est.
3141 5043 3205 5097 Et
3249 5042 3416 5099 Isaias

1851 4317 2139 4372 (amentum
2156 4334 2311 4388 super
2338 4334 2505 4389 regem
2529 4317 2769 4386 Egypti,
2786 4325 2834 4369 et
2852 4318 2992 4370 dices
3013 4317 3061 4370 ei
3079 4333 3099 4370 :
3116 4316 3280 4370 Leoni
3297 4332 3423 4385 gen-

1854 4409 1986 4462 tium
2012 4410 2344 4463 assimilatas
2377 4425 2430 4463 es
2465 4417 2544 4472 tu,
2575 4418 2625 4461 et
2655 4406 2818 4479 9&5
2847 4417 2904 4459 ut
2928 4407 3091 4460 draco
3121 4407 3178 4458 in
3201 4405 3422 4470 mari,ct

250 5166 275 5206 ι
300 5168 489 5226 Ierem.
534 5188 612 5235 IX,
650 5174 741 5227 96.
821 5171 838 5211 ι
879 5175 1079 5229 Ezecb.
1117 5192 1266 5239 XXXI,
1295 5178 1347 5229 ν.

1356 5282 1597 5337 VARI/E
1634 5282 2036 5339 [.EIJTIONES.

1607 5401 1650 5432 9‘!
1674 5400 1731 5453 ἐν

1863 5401 2084 5471 τρυφῆς.
2114 5399 2236 5455 Des.
2264 5416 2318 5453 In
2359 5399 2424 5452 Α.
2474 5469 2483 5471 _
2530 5400 2544 5429 '
2581 5397 2702 5467 τῆς.
2733 5399 2774 5471 Ιξ
2806 5413 2990 5471 praem.
3015 5403 3145 5463 τοῖς.
3240 5400 3421 5471 Ἀξύλ..

250 5392 291 5424 ’⁷
323 5393 399 5448 τδι
442 5396 484 5450 Β
509 5413 693 5467 Ρτωῐη.
720 5403 869 5456 αὐτό.
971 5404 1016 5433 ’³⁸
1039 5403 1160 5455 αὐτ.
1208 5402 1327 5456 Des.
1365 5401 1418 5453 in
1441 5401 1506 5453 Λ.
1607 5401 1650 5432 9"
1674 5400 1731 5453 ἐν

250 5470 303 5543 ει
331 5461 372 5515 Β
394 5478 579 5543 praeui.
615 5468 738 5543 τῷν.
770 5541 782 5543 _
852 5472 872 5502 ³
905 5471 952 5543 ΔΒ
977 5471 1087 5524 ἀλλ’
1121 5472 1269 5542 αὐτῷ
1305 5469 1405 5543 τῷ.
1480 5539 1493 5543 _
1513 5472 1533 5500 ⁸
1565 5469 1730 5543 Boot.

1863 5401 2084 5471 τρυφῆς.
2114 5399 2236 5455 Des.
2264 5416 2318 5453 In
2359 5399 2424 5452 Α.
2530 5400 2544 5429 ³
2581 5397 2702 5467 τῆς.
2733 5399 2774 5452 Β
2806 5413 2990 5467 praem.
3015 5403 3145 5463 τοῖς.
3240 5403 3259 5431 ²
3294 5400 3409 5465 ξύλ.

1881 5487 2012 5543 pax.
2036 5471 2233 5543 AAadd.
2261 5487 2374 5522 σου.
2468 5469 2703 5543 ἦπεριτ.
2742 5468 2780 5520 Β
2802 5469 2952 5537 ponit
2986 5479 3127 5537 post.
3164 5469 3409 5543 καρδίας.

189 5458 228 5540 _A
243 5470 303 5540 Et
331 5461 372 5515 B
394 5458 579 5540 praei".
615 5468 738 5540 τῷν.
852 5472 872 5502 ³
912 5471 952 5524 Β
977 5471 1087 5524 ἀλλ’
1121 5472 1269 5540 αὐτῷ
1305 5469 1405 5540 τῷ.

300 5528 543 5617 ξιᾳρδςαν.
585 5611 598 5617 Δ
639 5538 875 5617 ξδῳδεκ.
905 5541 982 5594 lta
1008 5557 1075 5617 ex
1123 5544 1162 5593 Α
1193 5528 1662 5617 emendandafuit
1690 5539 1753 5593 Ιρι

1880 5528 2044 5617 δίε-ξιτ.
2075 5540 2307 5617 δεκάτῳ,
2342 5550 2454 5617 tum
2490 5538 2543 5592 h.
2588 5528 2622 5589 Ι’.
2657 5528 2925 5617 tmu_post
2960 5528 3150 5617 pZauca.
3189 5528 3412 5617 B'u'tron

223 5601 421 5680 ue_loeo
440 5604 861 5680 babetbaxa'ttzp.
929 5611 1023 5665 sed
1058 5619 1262 5680 contra
1299 5610 1476 5680 Hebr.
1538 5613 1558 5641 ’
1588 5609 1702 5680 τόν.
1740 5616 1753 5660 l

1863 5607 2020 5680 ιραώ.
2100 5611 2141 5640 ¹⁰
2177 5601 2268 5663 ἐκ.’
2308 5610 2430 5662 αὐτ.
2455 5625 2587 5680 ποτ.
2631 5625 2720 5661 σου
2769 5601 2926 5661 Hebr.
2958 5601 3002 5660 si
3034 5607 3351 5677 erumpebas
3382 5617 3411 5654 ε

224 5670 353 5727 uviis
383 5673 514 5727 tuis.
594 5675 634 5706 “
673 5670 863 5734 αὑτ.Ἀ
895 5681 1028 5743 τοῖς.
1057 5679 1097 5731 Β
1129 5681 1185 5732 ἐν
1210 5684 1341 5744 τοῖς.
1381 5682 1422 5712 ⁸⁸⁵
1455 5679 1536 5735 ὒδ.
1577 5679 1619 5731 Λ
1643 5693 1753 5749 pra:

1868 5670 1947 5733 τό.
1988 5680 2027 5711 ¹²
2054 5681 2176 5733 τήν.
2212 5680 2334 5734 Des.
2375 5679 2427 5731 in
2455 5678 2515 5732 Β.

412 5768 683 5832 Panos.
726 5775 843 5836 ea.
882 5774 1136 5838 LXXXI.
2937 5764 3014 5824 ³⁵
