3860 6206
465 296 595 365 1131

1442 284 1928 379 THEODORETI
1966 283 2304 344 EPISCOPI
2341 285 2706 350 CYRENSIS

3566 289 3672 355 1132

464 415 540 469 ait
585 423 648 478 ιη,
694 410 1042 465 inducturum
1092 418 1218 461 esse
1268 401 1437 458 Deum
1486 402 1725 475 gladium
1777 410 2026 457 sanctum

2131 402 2225 455 καὶ
2257 402 2484 475 ἁλμυρῷ
2516 401 2918 473 ἐνδιαιτηθέντα
2951 402 3283 474 φρονήματι.
3334 405 3470 475 Φησὶ
3505 406 3555 459 δέ
3597 410 3671 462 καὶ

464 518 636 574 super
666 501 980 562 draconem,
1030 496 1123 568 qui
1172 505 1257 551 est
1304 497 1358 550 in
1407 494 1544 549 mari
1580 512 1593 548 :
1625 494 1935 564 asseritque
1969 493 2031 546 il-

460 599 578 651 “lum
613 600 856 649 tentasse
883 588 1047 644 etiam
1084 589 1315 645 similem
1349 585 1464 642 fieri
1496 585 1676 651 leoni;
1709 585 1906 638 leonem
1941 600 2032 639 ve-

465 703 529 744 ro
558 683 799 757 gentium
850 695 1021 752 regno
1056 679 1286 751 potitum
1336 676 1624 733 Dominum
1672 690 1796 732 esse
1833 675 2032 730 didici-

464 792 610 834 mus.
646 794 666 827 ι
699 774 1047 829 Recumbens
1080 772 1227 827 enim
1266 770 1556 841 requievit,
1594 769 1798 839 inquit,
1831 777 1891 821 ut
1920 766 2029 831 leo,

462 875 517 923 et
539 872 599 922 ut
632 862 853 919 catulus
900 861 1096 930 leonis,
1126 860 1251 932 quis
1298 860 1559 915 excitabit
1602 874 1726 914 eum
1757 858 1819 911 n?
1860 877 1878 910 ›
1918 854 2033 911 [loc

461 958 629 1027 igitur
677 954 857 1010 dicit:
896 951 1039 1018 Quia
1089 950 1311 1006 tentasti
1360 950 1558 1005 similis
1614 947 1731 1003 ﬁeri
1784 947 2030 1018 gentium

460 1050 608 1107 leoni
634 1090 650 1118 ,
681 1047 909 1120 perinde
932 1054 1096 1115 atque
1130 1045 1298 1099 draco
1324 1044 1416 1113 qui
1455 1050 1540 1099 est
1562 1043 1615 1096 in
1638 1041 1799 1108 mari,
1818 1047 1872 1096 et
1894 1054 2030 1094 con-

458 1151 545 1197 tra
579 1146 859 1195 auctorem
894 1138 1140 1193 omnium
1177 1147 1360 1189 rerum
1393 1131 1563 1187 Deum
1587 1130 1845 1202 superbia
1876 1128 2034 1184 inﬂa-

459 1240 553 1287 tus
579 1245 660 1296 es,
694 1228 862 1283 ﬂuvio
887 1226 1062 1283 fretus
1092 1225 1323 1294 ejusque
1358 1222 1544 1285 foSsis,
1580 1230 1643 1276 ut
1687 1222 1781 1292 qui
1812 1236 1920 1277 non
1950 1223 2033 1275 in-

460 1324 701 1395 digeres,
736 1334 914 1390 neque
958 1317 1219 1380 nubibus,
1254 1328 1434 1385 neque
1480 1313 1682 1383 pluvia,
1720 1328 1896 1383 neque
1940 1329 2034 1368 su-

461 1427 632 1486 perna
667 1409 1012 1483 providentia
1042 1416 1094 1463 et
1131 1420 1284 1470 cura,
1335 1419 1525 1459 verum
1570 1404 1801 1475 pedibus
1831 1418 2030 1474 aquam

463 1504 802 1562 conturbans
833 1517 953 1558 eam
999 1499 1282 1570 derivares
1335 1497 1403 1552 ad
1453 1511 1617 1569 agros
1671 1495 2028 1567 irrigandos:

462 1597 567 1652 hac
599 1596 667 1651 de
696 1608 862 1649 causa
886 1611 901 1647 :

2131 494 2160 545 ὁ
2206 494 2433 558 Ἡσαΐας
2458 494 2681 559 ἐπάξειν
2710 494 2800 547 τὸν
2830 493 2964 546 Θεὸν
2993 493 3091 563 τὴν
3122 494 3398 564 μάχαιραν
3424 497 3517 566 τὴν
3539 498 3671 565 ἁγίαν

2133 585 2226 638 ἐπὶ
2254 585 2349 639 τὸν
2371 584 2643 656 δράκοντα
2664 585 2754 639 τὸν
2782 586 2840 638 ἐν
2872 587 2936 655 τῇ
2983 583 3227 658 θοίλάσσῃ
3247 600 3261 613 ⁸
3296 586 3443 654 λέγει
3466 588 3519 640 δὲ
3541 590 3674 644 αὐτὸν

2132 674 2478 747 ἐπιχειρῆσαι
2527 675 2621 728 καὶ
2666 673 2839 729 λέοντι
2881 673 3252 745 ὁμοιωθῆναιο
3295 676 3561 731 λέονταδὲ
3586 679 3673 733 τῶν

2132 767 2299 820 ἐθνῶν
2326 766 2678 837 βασιλεύοντα
2697 767 2787 822 τὸν
2811 766 3013 839 Κύριον
3044 767 3447 838 μεμαθήκαμεν
3466 786 3479 799 ο
3507 787 3525 820 ι
3550 771 3673 825 Ἀνα-

2132 856 2337 921 κλιθείς
2381 858 2510 929 γὰρ,
2543 858 2730 929 φησὶν,
2776 858 3143 925 ἀνεπαύσατο,
3191 858 3267 923 ὡς
3317 858 3454 913 λέων
3492 861 3577 915 καὶ
3613 862 3670 926 ὡς

2134 949 2400 1021 σκύμνος,
2431 951 2516 1013 τίς
2541 950 2723 1021 ἐγερεῖ
2750 949 2948 1016 αὑτόν;
2980 948 3145 1018 Λέγει
3171 951 3352 1004 τοίνυν
3373 967 3388 980 ·
3408 948 3530 1005 Ὀτι
3554 953 3670 1006 ἐπει-

2135 1043 2305 1115 ράθης
2350 1040 2683 1113 ὁμοιωθῆναι
2729 1042 2808 1112 τῷ
2844 1042 2951 1095 τῶν
2980 1041 3154 1096 ἐθνῶν
3184 1041 3384 1108 λέοντι,
3416 1044 3671 1115 παραπλη.

2135 1133 2264 1196 σίως
2290 1132 2368 1203 τῷ
2395 1132 2648 1204 δράκοντι
2677 1130 2754 1203 τῷ
2788 1136 2844 1187 ἐν
2875 1134 2942 1204 τῇ
2974 1131 3239 1206 θαλάσσῃ,
3267 1133 3365 1186 καὶ
3391 1132 3669 1199 ἀλαζονικὸν

2132 1224 2274 1278 κατὰ
2299 1222 2393 1277 τοῦ
2422 1223 2555 1276 Θεοῦ
2596 1223 2704 1278 τῶν
2732 1223 2867 1277 ὅλων
2914 1223 3148 1291 ἀνεδέξω
3176 1224 3455 1295 φρόνημα,
3489 1224 3669 1296 θαρρῶν

2130 1313 2210 1385 τῷ
2242 1313 2471 1384 ποταμῷ
2510 1313 2605 1366 καὶ
2626 1317 2744 1377 ταῖς
2767 1314 2958 1369 τούτου
2991 1312 3265 1383 διώρυξιν,
3301 1314 3379 1377 ὠς
3417 1315 3490 1385 μὴ
3516 1314 3667 1385 δεόμε-

2130 1423 2220 1469 νος
2253 1404 2328 1477 μὴ
2369 1407 2547 1475 νέφων
2569 1445 2582 1469 ,
2637 1406 2770 1476 μηδὲ
2805 1404 2983 1471 ὑετοῦ,
3023 1405 3157 1476 μηδὲ
3194 1406 3297 1475 τῆς
3329 1405 3529 1460 ἄνωθεν
3559 1425 3663 1478 προ·

2132 1498 2281 1560 νοίας
2303 1497 2397 1550 καὶ
2432 1496 2780 1567 κηδεμονίας,
2817 1496 2956 1551 ἀλλὰ
2983 1499 3092 1560 τοῖς
3128 1497 3256 1549 ποσὶ
3279 1488 3564 1567 χ’ρώμενος,
3595 1500 3663 1551 καὶ

2130 1588 2418 1658 ταράσσων
2437 1589 2498 1642 τὸ
2524 1588 2687 1660 ὕδωρ,
2710 1592 2802 1643 καὶ
2826 1587 3104 1660 ὀχετηγῶν
3128 1590 3207 1652 εἰς
3228 1587 3447 1657 ἀρδείαν
3465 1605 3477 1617 ·
3508 1588 3659 1641 τούτου

2133 1681 2314 1750 χάριν,
2350 1679 2483 1749 φησί
2504 1696 2517 1707 ·

531 1767 700 1825 Vsus.
739 1768 795 1821 '5.
846 1750 1272 1834 Circumjiciam,
1330 1758 1533 1830 inquit,
1582 1774 1739 1829 super
1786 1768 1832 1814 te
1892 1759 2027 1813 retia

2134 1747 2164 1750 ﬂ
2310 1747 2610 1839 Περιϐαλῶ
2637 1769 2734 1823 ἐπὶ
2763 1769 2838 1823 σὲ
2866 1768 3083 1825 δίκτυᾶ
3103 1787 3224 1840 μου
3258 1769 3330 1823 ἐν
3348 1768 3391 1801 ⁸⁸
3412 1769 3660 1837 ἐκκλησίᾳ

457 1876 578 1917 mea
608 1859 664 1912 in
706 1855 922 1911 ecclesia
969 1852 1284 1924 populorum
1320 1849 1630 1915 multorum,
1675 1856 1725 1903 et
1753 1848 2030 1903 extraham

461 1959 512 2007 te
538 1950 694 2004 hamo
736 1962 868 2002 meo.
904 1945 1284 2015 Congruenter
1309 1939 1498 2007 ﬂuvio,
1529 1946 1584 1996 et
1612 1939 1906 1995 admodum
1936 1954 2032 2010 ap-

454 2041 660 2113 posite,
694 2038 921 2092 hamum
946 2031 1394 2088 eommemoravit
1428 2037 1484 2086 et
1519 2041 1677 2086 rete:
1712 2044 1832 2099 quae
1858 2028 2030 2083 inter-

456 2139 706 2204 pretatus
733 2137 841 2191 est,
868 2127 1058 2181 dicens
1082 2144 1098 2179 ε
1124 2136 1156 2175 ἰ
1186 2125 1246 2178 In
1274 2121 1506 2178 ecclesia
1532 2120 1859 2192 populorum
1891 2120 2032 2174 mul-

460 2233 662 2278 torum.
704 2239 723 2272 »
761 2218 893 2273 Nam
926 2214 1094 2271 veluti
1116 2213 1354 2285 quodam
1385 2213 1487 2268 reti
1509 2212 1756 2268 adhibito
1783 2211 2027 2266 hostium

450 2313 726 2375 exercitu,
753 2319 811 2381 et
837 2308 996 2380 quasi
1024 2310 1258 2377 quodam
1287 2306 1469 2369 hamo,
1493 2302 1661 2376 946
1686 2318 1809 2359 mea
1840 2303 2029 2359 volun.

456 2411 572 2460 tate
595 2402 809 2471 capiam
847 2406 921 2463 te,
962 2406 1016 2453 et
1047 2397 1222 2451 instar
1258 2395 1428 2465 piscis
1450 2395 1713 2449 venabor.

531 2490 698 2547 Vsus.
744 2489 863 2544 4-6.
908 2487 972 2542 Et
997 2485 1276 2541 extendam
1306 2494 1372 2552 te,
1414 2486 1615 2556 inquit,
1640 2500 1794 2554 super
1811 2494 2025 2549 terram,

452 2596 507 2639 et
546 2583 717 2652 campi
747 2582 824 2636 tui
862 2579 1217 2649 rapiebantur,
1263 2587 1312 2633 et
1341 2577 1517 2633 sedere
1559 2578 1754 2647 faciam
1786 2592 1940 2646 super
1981 2587 2028 2631 te

451 2677 637 2732 onmia
674 2673 913 2728 volatilia
941 2670 1076 2735 caeli,
1113 2678 1164 2724 et
1203 2670 1426 2738 implebo
1458 2677 1524 2724 em
1547 2668 1715 2723 medio
1743 2670 1820 2722 tui
1850 2685 2026 2724 omnes

461 2767 654 2824 bestias
679 2774 854 2819 term.
908 2761 971 2815 Et
1009 2760 1147 2816 dabo
1180 2775 1365 2815 carnes
1396 2768 1514 2815 tuas
1545 2774 1698 2828 super
1726 2770 1948 2827 montes,
1978 2769 2029 2814 et

450 2854 682 2927 implebo
728 2854 982 2924 sanguine
1033 2860 1123 2905 tuo
1168 2868 1400 2913 campos.
1454 2849 1526 2905 Et
1562 2850 1832 2921 potabitur
1885 2862 2027 2906 terra

458 2944 775 3003 stercoribus
799 2944 902 2997 tuis
935 2958 1093 3012 super
1118 2942 1401 3010 montibus,
1429 2950 1480 2996 et
1501 2941 1664 2996 valles
1694 2942 1917 3010 implebo
1955 2953 2023 2996 te.

450 3036 714 3106 Quando,
743 3037 761 3058 ‘
793 3036 989 3107 inquit,
1012 3034 1081 3089 ab
1116 3034 1366 3090 hostibus
1400 3044 1592 3104 captus
1618 3041 1673 3088 et
1702 3033 2025 3090 interfectus

458 3128 592 3194 eris,
617 3128 927 3198 insepultus
959 3126 1323 3197 pcrmanebis,
1360 3127 1770 3197 bestiarumque
1791 3135 1845 3182 et
1872 3130 2027 3182 volu-

452 3234 616 3277 crum
643 3228 863 3275 ventres
887 3218 1159 3287 implebis,
1193 3218 1587 3289 sanguinisque
1617 3218 1741 3286 rivi,
1765 3226 1818 3274 et
1846 3227 2032 3290 putre-

458 3310 592 3368 facti
624 3323 852 3366 cruores
881 3309 1007 3380 (hos
1037 3309 1183 3364 enim
1212 3318 1445 3363 stercora
1482 3308 1746 3381 vocavit),
1785 3318 1840 3366 et
1866 3325 2027 3381 agros

457 3409 517 3459 et
539 3407 752 3457 montes
777 3398 1147 3469 complebunt.

2130 1860 2297 1915 λαῶν
2339 1861 2620 1929 πολλῶν,
2663 1865 2761 1918 καὶ
2800 1862 3002 1928 ἀνάξω
3054 1877 3129 1916 σε
3181 1862 3253 1915 ἐν
3289 1859 3368 1926 τῷ
3412 1862 3660 1931 ἀγκίστρῳ

2124 1973 2264 2024 μου.
2310 1955 2611 2026 Ἀρμοδίως
2657 1957 2751 2009 καὶ
2804 1956 2951 2026 μάλα
2988 1954 3317 2027 προσφόρως
3350 1952 3426 2024 τῷ
3470 1954 3655 2024 ποταμῷ

2130 2046 2428 2119 ἀγκίστρου
2456 2047 2552 2102 καὶ
2582 2047 2818 2102 δικτύων
2842 2050 2885 2080 ¹⁵
2916 2046 3323 2118 ἐμνημόνευσεν
3351 2063 3363 2075 ·
3395 2045 3657 2116 ἡρμήνευσε

2129 2140 2186 2193 δὲ
2211 2143 2304 2195 καὶ
2325 2140 2500 2196 ταῦτα
2528 2139 2787 2212 εἰρηκώς⁸
2803 2160 2820 2191 ι
2846 2139 2935 2193 Ἐν
2958 2138 3225 2208 ἐκκλησίᾳ
3250 2137 3399 2191 λαῶν
3427 2136 3653 2190 πολλῶν.»

2130 2222 2255 2282 Οἷον
2285 2229 2394 2299 γάρ
2425 2245 2533 2283 τινι
2564 2226 2768 2299 δικτύῳ
2792 2265 2808 2289 ,
2856 2228 2922 2298 τῇ
2966 2225 3227 2297 στρατείᾳ
3257 2223 3367 2277 τῶν
3407 2221 3655 2293 πολεμίων,

2129 2320 2224 2374 καὶ
2274 2319 2525 2392 καθάπερ
2577 2320 2684 2373 τινὶ
2739 2317 3063 2389 ἀγκίστρῳ,
3115 2316 3193 2386 τῷ
3250 2314 3369 2386 ἐμῷ
3407 2313 3655 2384 βουλήματι

2127 2409 2384 2482 ἀγρεύσω
2425 2427 2485 2462 σε
2515 2410 2611 2464 καὶ
2632 2408 2889 2481 θηρεύσω
2924 2425 3008 2474 σε,
3040 2407 3197 2476 δίκην
3234 2406 3434 2475 ἰχθύος.

2198 2498 2348 2563 δ’-ς¹.
2389 2496 2500 2553 Kal
2538 2496 2761 2553 ἐκτενῶ
2793 2514 2889 2564 σε,
2934 2497 3119 2568 φησὶν,
3158 2495 3256 2549 ἐπὶ
3300 2493 3413 2563 τὴν
3439 2494 3559 2562 γῆν,
3585 2490 3659 2545 καί

2127 2590 2302 2645 πεδία
2331 2588 2753 2657 πλησθήσεταί
2791 2605 2909 2643 σου
2933 2589 3009 2654 ³⁸,
3047 2587 3145 2641 καί
3186 2582 3472 2640 ἐπικαθιῶ
3498 2583 3582 2637 ἐπὶ
3605 2580 3661 2636 σὲ

2127 2680 2325 2735 πάντα
2357 2680 2430 2735 τὰ
2463 2678 2708 2733 πετεινὰ
2740 2674 2849 2734 τοῦ
2875 2676 3160 2747 οὐρανοῦ,
3189 2676 3287 2731 καί
3315 2674 3584 2746 ἐμπλήσω
3607 2673 3659 2725 ἐκ

2121 2773 2316 2843 μέσου
2349 2771 2390 2802 ⁸⁷
2442 2783 2559 2825 σου
2609 2769 2807 2824 πάντα
2859 2768 2932 2825 τὰ
2982 2769 3161 2838 θηρία
3215 2766 3329 2836 τῆς
3372 2765 3477 2836 τῆς
3502 2764 3555 2817 ⁸⁸.
3578 2761 3659 2817 Kal

2076 2894 2079 2898 ›
2126 2863 2296 2916 δώσω
2324 2862 2430 2927 τὰς
2458 2860 2691 2929 σάρκας
2719 2877 2835 2915 σου
2871 2859 2971 2914 ἐπὶ
3002 2860 3073 2915 τὰ
3104 2859 3211 2929 ὄρη
3233 2898 3248 2923 ,
3288 2858 3385 2911 καὶ
3418 2855 3659 2926 ἐμπλήσω

2125 2953 2244 3009 ἀπὸ
2268 2954 2372 3009 τοῦ
2400 2954 2648 3023 αἵματός
2675 2967 2792 3007 σου
2818 2951 2892 3006 τὰ
2916 2953 3098 3005 πεδία
3127 2952 3192 3006 ¹⁹.
3224 2950 3390 3005 Kal”
3423 2944 3661 3010 ποτισθή·

2127 3062 2298 3101 σεται
2328 3047 2366 3113 ἡ
2401 3042 2476 3116 γῆ
2529 3043 2651 3099 ἀπὸ
2704 3042 2824 3097 τῶν
2854 3040 3336 3113 προχωρημάτων
3381 3056 3491 3094 σου
3532 3036 3659 3093 bal“

2134 3134 2252 3188 τῶν
2298 3135 2516 3202 ὀρέων,
2574 3133 2673 3187 καὶ
2721 3132 3031 3203 φάραγγας
3066 3131 3364 3202 ἐμπλήσω
3402 3129 3521 3185 ἀπὸ
3553 3125 3661 3182 σοῦ.

2137 3222 2339 3290 Ὅταν,
2387 3222 2591 3293 φησὶν,
2633 3222 2739 3275 ὑπὸ
2782 3221 2890 3275 τῶν
2947 3221 3225 3293 πολεμίων
3285 3219 3547 3290 ἀγρευθῇς
3589 3215 3664 3271 καὶ

2136 3315 2427 3387 ἀναιρεθῇς
2448 3356 2463 3380 ,
2496 3314 2702 3385 ἄταφος
2738 3316 2955 3384 μενεῖς,
2998 3315 3093 3367 καὶ
3122 3312 3427 3384 ἐμπλήσεις
3472 3309 3558 3373 τὰς
3581 3308 3665 3362 τῶν

2136 3407 2342 3477 θηρίων
2375 3407 2468 3461 καί¹
2513 3407 2614 3470 τὰς
2660 3404 2767 3460 τῶν
2815 3405 3019 3477 ὀρνέων
3059 3404 3363 3475 γαστέραςο
3412 3405 3460 3456 oi
3502 3401 3553 3453 δὲ
3592 3396 3665 3451 τοῦ

456 3495 693 3566 αἵματος
720 3494 920 3566 ὀχετοὶ,
953 3495 1049 3548 καὶ
1081 3498 1180 3566 τῆς
1214 3495 1503 3577 σηπεδόνος
1548 3496 1597 3548 οἱ
1634 3494 1849 3567 ἰχῶρες,
1880 3497 2101 3565 τούτους
2135 3504 2241 3576 γὰῤ
2293 3503 2519 3557 ἐκάλεσε
2578 3484 3039 3573 στροχωρήματα,
3081 3502 3176 3557 καὶ
3240 3501 3309 3555 τὰ
3374 3499 3539 3563 πεδία,
3594 3495 3665 3551 καὶ

459 3587 531 3642 τὰ
555 3587 657 3661 δρη
681 3586 982 3657 πληρώσει.

536 3678 699 3735 Vsus.
737 3679 790 3745 'l,
822 3678 877 3734 8.
916 3678 985 3733 Et
1023 3681 1322 3750 cooperiam
1354 3691 1560 3748 aetum,
1597 3698 1715 3736 cum
1740 3683 2033 3738 exstinctus

464 3769 628 3838 {ueris
665 3779 740 3834 tu,
768 3779 820 3824 et
866 3769 1214 3826 obtenebrabo
1240 3779 1392 3825 astra
1423 3771 1563 3841 ejus,
1595 3774 1755 3827 solem
1782 3773 1915 3828 nube
1954 3783 2032 3828 te-

460 3873 605 3929 gam,
633 3866 683 3911 et
718 3858 843 3912 luna
872 3875 976 3915 non
1003 3860 1240 3915 ostendet
1268 3861 1442 3917 lumen
1472 3879 1648 3917 suum.
1694 3864 1889 3920 Omnia
1916 3881 2033 3935 quia

464 3948 634 4001 lucent
671 3949 726 4001 in
748 3949 875 4003 coelo
904 3949 1246 4006 obtenebrabo
1269 3967 1423 4021 super
1451 3963 1520 4019 te,
1548 3964 1596 4011 et
1625 3955 1761 4010 dabo
1796 3956 2032 4012 tenebras

459 4051 616 4103 super
645 4045 840 4092 terram
874 4047 1041 4105 tuam,
1074 4038 1201 4094 dicit
1233 4042 1442 4097 Adonai
1473 4042 1751 4100 Dominus.
1782 4044 1901 4101 Non
1934 4062 2033 4101 na-

461 4132 580 4181 tura
611 4127 726 4182 haac
755 4130 831 4183 ait
855 4129 1141 4195 accidisse,
1174 4133 1267 4187 sed
1307 4143 1528 4205 propter
1558 4150 1750 4193 eorum
1780 4137 1875 4209 qui
1903 4153 2034 4193 cru-

455 4218 788 4287 ciabantur,
841 4218 1183 4275 aﬁectionem
1235 4240 1248 4276 :
1301 4223 1576 4292 siquidem
1622 4225 2031 4281 calamitatibus

452 4310 708 4378 oppressi
742 4318 905 4365 nocte
933 4309 1312 4367 obscuriorem
1344 4312 1488 4368 diem
1525 4315 1841 4385 epinantur.
1872 4316 2031 4383 Quod

450 4397 680 4469 quidem
731 4399 960 4466 docens,
1003 4401 1121 4457 ait:
1171 4420 1192 4454 ι
1247 4402 1313 4459 Ει
1358 4403 1501 4460 dabo
1554 4408 1811 4463 tenebras
1864 4422 2031 4477 super

2202 3682 2267 3747 ξ’,
2305 3680 2374 3752 η’.
2406 3681 2516 3736 Kal
2552 3681 2958 3749 κατακαλύψω
2990 3679 3098 3733 τὸν
3113 3680 3158 3711 ss
3199 3678 3459 3748 οὐρανὸν
3503 3680 3565 3731 ἐν
3604 3678 3663 3742 τῷ

2132 3771 2470 3841 σϐεσθῆναι
2510 3787 2606 3835 σε,
2643 3771 2740 3825 καί
2771 3770 3138 3825 συσκοτάσω
3166 3770 3239 3822 τὰ
3277 3768 3466 3836 ἄστρα
3488 3766 3662 3822 αὐτοῦ·

2130 3864 2312 3934 ἥλιον
2340 3864 2411 3918 ἐν
2450 3864 2680 3932 νεφέλῃ
2734 3862 3010 3931 καλύψω,
3068 3861 3165 3914 καί
3223 3860 3457 3928 σελήνη
3509 3861 3571 3911 οὐ
3595 3855 3663 3926 μή

2130 3951 2295 4024 φανῇ
2326 3953 2390 4007 τὸ
2440 3951 2566 4022 φῶς
2607 3951 2815 4021 αὐτῆς.
2857 3951 3094 4017 Πάντας
3113 3951 3158 3981 ’³
3198 3949 3342 4016 τοὺς
3386 3945 3665 4019 semotqu

2130 4042 2238 4097 τοῦ
2260 4042 2522 4111 οὐρανοῦ
2554 4042 2922 4099 συσκοτάσω
2949 4040 3047 4095 ἐπὶ
3080 4040 3203 4102 σοὶ.
3238 4039 3340 4094 καὶ
3361 4039 3521 4093 δώσω
3547 4037 3664 4091 σιὸ-

2129 4152 2230 4202 τος
2267 4133 2366 4189 ἐπὶ
2404 4134 2518 4203 τὴν
2553 4133 2674 4203 γῆν
2708 4150 2824 4188 σου
2845 4133 2915 4197 ⁸⁸,
2960 4133 3121 4203 λέγει
3180 4131 3430 4186 Ἀδωναΐ
3471 4130 3665 4197 Κύριος.

2130 4222 2204 4276 Οὐ
2237 4220 2395 4292 φύσει
2451 4218 2627 4274 ταῦτα
2685 4221 2834 4291 λέγει
2890 4218 3258 4289 γεγενῆσθαι,
3319 4218 3451 4272 ἀλλὰ
3494 4219 3554 4287 τῇ
3582 4215 3669 4267 τῶν

2128 4312 2447 4381 ἀνιωμένων
2491 4311 2766 4364 διαθέσει·
2813 4312 2862 4366 οἰ
2913 4310 3022 4381 γὰρ
3082 4311 3140 4363 ἐν
3196 4310 3501 4380 συμφοραῖς
3543 4305 3669 4364 ὄντες

2129 4402 2323 4464 νυκτὸς
2359 4402 2774 4474 ἀφεγγεστέραν
2819 4401 2916 4473 τὴν
2962 4402 3174 4472 ἡμέραν
3224 4399 3666 4470 ὑπολαμϐάνουσι·

458 4494 662 4544 terram
693 4496 867 4556 tuam,
906 4509 926 4543 ι
969 4506 1081 4546 non
1122 4507 1286 4563 super
1325 4508 1541 4549 omnem
1592 4504 1819 4551 terram.
1871 4495 2030 4563 Quod

2134 4490 2229 4543 καὶ
2270 4488 2429 4543 τοῦτο
2468 4489 2735 4545 διδάσκων
2787 4488 2889 4561 ἔφη
2918 4505 2931 4518 ·
2984 4509 3002 4541 ι
3036 4491 3145 4543 Καὶ
3189 4488 3349 4543 δώσω
3384 4488 3558 4550 σκότος
3595 4483 3669 4537 ἐπὶ

451 4576 507 4630 si
541 4578 667 4648 quis
714 4592 903 4634 revera
946 4577 1093 4634 dicat
1141 4581 1395 4637 tenebras
1448 4582 1503 4637 in
1558 4582 1793 4656 Egyplo
1857 4584 2031 4641 fuisse

454 4669 585 4723 belli
630 4678 898 4742 tempore,
930 4671 1051 4741 ipso
1087 4671 1196 4728 Deo
1229 4673 1574 4736 ostendente.
1611 4692 1673 4732 se
1712 4676 2027 4748 Babyloniis

452 4756 525 4809 ad
556 4755 844 4829 Egyptios
875 4760 1182 4829 puniendos
1214 4777 1373 4819 usum
1421 4762 1586 4837 947
1633 4764 1807 4824 fuisse
1865 4783 1894 4822 a
1937 4768 2028 4837 pio

456 4862 625 4903 sensu
656 4863 769 4904 non
799 4850 1100 4907 aberrabit.

532 5166 571 5186 ⁸³
592 5164 698 5224 lsa.
728 5170 984 5234 simul.
1058 5179 1086 5208 π
1115 5170 1252 5230 Gen.
1291 5191 1443 5244 sm,
1475 5176 1530 5233 9.

2124 4580 2225 4651 τὴν
2252 4579 2358 4650 γῆν
2391 4597 2483 4633 σου
2509 4596 2522 4610 ·
2567 4599 2586 4633 ι
2626 4581 2726 4633 οὐκ
2772 4581 2866 4634 ἐπὶ
2917 4582 3098 4634 πᾶσαν
3132 4580 3234 4651 τὴν
3273 4580 3394 4650 γῆν.
3437 4580 3494 4633 Εἰ
3528 4577 3580 4631 δέ
3603 4590 3669 4637 τις

2125 4671 2312 4741 λέγει,
2356 4672 2449 4725 καὶ
2495 4672 2685 4736 σκότος
2713 4670 2789 4742 τῷ
2835 4671 2947 4725 ὄντι
2994 4672 3055 4724 ἐν
3095 4673 3165 4742 τῇ
3228 4669 3482 4741 Αἰγύπτῳ
3537 4681 3668 4735 γεγε·

2124 4762 2319 4833 νῆσθαι
2347 4763 2486 4817 κατὰ
2512 4764 2602 4817 τὸν
2629 4763 2868 4834 πολέμου
2895 4762 3083 4834 καιρὸν
3103 4803 3119 4828 ,
3158 4761 3257 4815 τοῦ
3286 4760 3421 4815 Θεοῦ
3457 4754 3667 4813 δεικνύν-

2124 4871 2237 4918 τος,
2282 4855 2357 4918 ὠς
2408 4854 2570 4917 αὐτὸς
2610 4857 2723 4919 τοῖς
2777 4853 3141 4917 Βαϐυλωνίοις
3187 4854 3269 4918 εἰς
3301 4852 3555 4923 τιμωρίαν
3580 4846 3668 4900 τῶν

2130 4940 2441 5009 Αἰγυπτίων
2486 4943 2797 5015 ἐχρήσατο,
2859 4942 2960 5013 τῆς
3004 4939 3266 5006 εὐσεϐοῦς
3314 4940 3537 5002 διανοίας
3585 4934 3667 5001 οὐχ

2133 5032 2529 5104 ἁμαρτήσεται.

1718 5271 1953 5329 unus
1976 5274 2386 5347 LECTIONES.

496 5350 573 5429 _"
603 5353 681 5405 ἐν.
714 5352 759 5405 Α

458 5432 542 5475 CIII
552 5436 600 5473 m
633 5429 707 5477 te.

454 5552 585 5623 θους
599 5552 725 5617 ἀῶ.
802 5564 846 5593 ³⁸

783 5366 971 5463 praem.
1010 5356 1122 5410 καί.
1201 5357 1623 5435 "dextat:va
1656 5363 1751 5415 καὶ
1775 5363 2005 5445 δίκτυον,
2085 5366 2129 5398 ¹⁶
2160 5384 2215 5422 κ.
2256 5368 2374 5424 πεδ.
2409 5370 2501 5425 πλ.
2548 5387 2665 5425 σου.
2713 5366 2871 5423 Hebr.
2918 5368 2974 5423 in
3012 5370 3351 5442 superﬁciem
3386 5364 3488 5439 agri
3512 5358 3650 5463 fmli‘

878 5440 911 5463 ιι
952 5440 983 5463 rr
1052 5426 1105 5463 In
1140 5419 1284 5463 ΑιΙοο
1335 5428 1374 5463 R
1425 5435 1602 5463 ..έρωη
1704 5427 1804 5463 η..
1856 5450 1961 5463 υ..-
2017 5434 2043 5463 Δ
2077 5451 2238 5463 ...η-ι...
2297 5439 2476 5463 _L__.‘
2588 5441 2628 5463 η
2664 5439 2729 5463 -.ι
2764 5436 2864 5463 ..-ι
2920 5442 2942 5463 ι
2992 5441 3293 5463 -ξι-..--,,ι--
3330 5438 3421 5463 ...ειη
3495 5435 3513 5463 Ι
3562 5427 3647 5463 lini

876 5419 1179 5513 Pis-Ling}
1193 5426 1307 5513 des.
1334 5419 1394 5513 B".
1423 5419 1627 5513 μέσὼν.
1704 5427 1748 5513 ξ’
1776 5449 1822 5486 τ.
1856 5434 1981 5513 γῆς.
2009 5434 2054 5513 A_
2077 5419 2501 5513 maritatae:
2553 5419 2977 5513 ’ἶν”τδῐῖέεα-Ᾱί
2991 5419 3438 5513 τὲᾱὲσῖὗὲἧῦᾖνῗ

753 5491 1436 5582 squalidi.lit’irrigalso
1467 5506 1673 5582 terram
1711 5491 2089 5582 inutilia-tionis
2139 5491 2266 5582 tute,
2304 5491 2727 5582 sanguinetuo.
2805 5507 2848 5540 ⁸⁸
3434 5500 3515 5558 τοῦ

880 5564 991 5644 τόν.
1028 5563 1150 5648 Des:
1178 5566 1231 5618 in
1260 5563 1419 5649 A'ubi
1445 5568 1691 5649 οὐρανὸνΔ
1701 5572 1926 5649 ponitur
1950 5582 2070 5649 post
2092 5563 2265 5649 σϐεσθ
2296 5563 2376 5632 σε.
2412 5563 2817 5644 υίίῇάντας-
2844 5578 2945 5634 σοί.
2978 5563 3527 5649 anei-Ea;th
3555 5563 3652 5638 ἵδῶῖ

3495 5427 3534 5465 1's
3560 5427 3647 5481 Καὶ

3568 5498 3648 5565 λη-

462 5627 525 5678 ἐκ
552 5628 641 5681 τοῦ
668 5632 896 5701 οὐρανοῦ
919 5635 1339 5690 συσκοτάσουσιν
1373 5637 1467 5689 ἐπὶ
1502 5627 1585 5689 σέ.
1673 5627 1720 5673 ²ί
1746 5657 1794 5693 τ.
1818 5657 1873 5707 γ.
1897 5627 2009 5694 σού.
2044 5642 2084 5695 Α
2124 5627 2203 5698 σέ.
