3860 6206
500 319 634 386 H35

1473 265 1957 375 THEODORETI
1996 312 2332 373 EPISCOPI
2371 312 2734 373 CYRENSIS

3558 326 3660 385 11Ἢί

575 430 738 481 Vens.
781 426 867 481 l9.
924 425 1008 480 Ea:
1040 425 1188 496 aquis
1230 426 1464 493 pulchris
1504 425 1776 491 descende,
1822 435 1871 480 et
1897 426 2044 478 dorm

2243 429 2329 480 ιδ’.
2368 427 2465 490 Ἐξ
2496 426 2732 480 ὑδάτων
2751 421 3067 492 εὐπρεπῶν
3080 423 3125 455 ³⁸
3159 422 3440 493 κατάϐηθι,
3472 433 3552 486 καὶ
3574 450 3665 486 xm.

493 533 613 570 (um
653 517 1054 571 incircumcisis.
1095 517 1227 582 Quae
1258 517 1412 584 olim,
1462 519 1661 588 inquit,
1699 520 1857 588 aquis
1887 518 2065 573 ﬂumi-

493 609 582 664 nis
626 606 923 671 oblectata,
966 616 1020 662 et
1075 607 1348 664 fructibus
1395 610 1487 678 qui
1526 611 1652 664 inde
1696 612 2066 665 nascebantur

500 696 760 753 honorem
789 698 981 768 adepta
1009 714 1091 765 es,
1119 715 1296 770 neque
1328 700 1495 772 949
1517 702 1703 755 cordis
1735 701 2064 772 impietatem

495 789 904 854 circumcidisti,
937 805 1064 845 cum
1097 790 1188 857 iis,
1223 793 1426 862 quibus
1473 801 1528 848 te
1572 793 1810 848 similem
1864 795 2069 863 priesti-

495 880 634 945 tisti,
661 879 828 936 caedis
857 882 1134 952 particeps
1160 881 1276 938 ﬁas.
1313 882 1427 955 [20]
1454 882 1593 938 Tum
1627 899 1819 939 rursus
1855 884 2065 938 eisdem

481 974 940 1028 commemoratis
974 974 1176 1041 adjecit
1211 993 1224 1028 :

560 1060 730 1119 Vsus.
766 1063 858 1117 Ἡ.
899 1063 969 1117 Ει
1022 1064 1194 1118 dicent
1250 1065 1343 1118 tibi
1391 1066 1663 1136 gigantes,
1707 1068 1796 1136 qui
1841 1077 1963 1120 sunt
2013 1068 2067 1121 in

489 1155 753 1226 profundo
786 1155 946 1225 foveae
969 1197 984 1222 ,
1029 1157 1117 1212 Sis
1143 1173 1162 1211 :
1188 1175 1289 1228 quo
1320 1159 1459 1212 enim
1493 1159 1682 1213 melior
1715 1175 1768 1213 es
1794 1162 1818 1214 Ζ)
1852 1161 2068 1212 descen-

489 1247 590 1310 de,
622 1246 796 1300 dormi
818 1263 937 1300 cum
965 1248 1352 1304 incircumcisis
1388 1250 1443 1302 in
1476 1249 1646 1304 medio
1674 1251 2067 1304 vulneratorum

490 1338 692 1409 gladio.
735 1336 857 1392 Haec
891 1337 1022 1392 item
1058 1339 1256 1395 beatus
1285 1339 1462 1394 Isaias
1502 1341 1569 1395 de
1612 1340 1915 1410 Babylonio
1949 1341 2064 1395 ait:

494 1449 515 1483 ι
545 1431 610 1484 Et
639 1429 827 1485 dicent
860 1431 955 1484 tibi
983 1433 1262 1503 principes
1294 1433 1386 1501 qui
1411 1433 1662 1488 asaaculo
1698 1441 1828 1488 sunt
1866 1448 1878 1482 :
1915 1432 1980 1485 Et
2009 1440 2066 1485 tu

489 1529 686 1592 captus
717 1536 777 1577 es
801 1563 816 1587 ,
843 1522 999 1578 sicut
1029 1531 1086 1578 et
1118 1539 1221 1579 nos
1243 1563 1256 1584 ,
1291 1525 1452 1579 nobis
1487 1532 1668 1579 autem
1702 1536 2068 1578 connumera—
2108 1542 2112 1544 ·

489 1618 582 1665 tus
601 1625 709 1667 es:
744 1610 1004 1665 decendit
1047 1611 1104 1664 in
1151 1611 1424 1667 infernum
1466 1611 1639 1682 gloria
1664 1618 1780 1674 tua,
1804 1620 1858 1665 et
1893 1608 2068 1663 multa

500 1701 689 1756 latitia
713 1707 814 1756 tua
835 1719 855 1755 τ
893 1701 1082 1757 subter
1114 1711 1168 1758 te
1203 1709 1453 1759 sternent
1494 1702 1699 1757 tineam
1723 1741 1738 1766 ,
1775 1708 1833 1756 et
1880 1698 2066 1771 operi-

2161 519 2378 587 μήθητι
2424 518 2574 586 μετὰ
2606 515 3036 585 ἀπεριτμήτων,
3091 516 3157 568 Ἦ
3207 516 3384 580 πάλαι,
3427 522 3556 589 φησὶ,
3582 530 3667 589 τοῖς

2169 609 2456 678 ποταμίοις
2497 607 2682 660 ὕδασιν
2713 606 3122 678 ἐντρυφήσασα,
3151 607 3242 660 καὶ
3273 609 3333 659 ὲκ
3365 610 3462 662 τῶν
3488 613 3665 678 ἐκείνοις

2169 700 2450 769 φυομένων
2500 700 2730 770 καρπῶν
2769 699 3110 770 εὐπρέπειαν
3139 698 3422 770 δεξαμένη,
3459 703 3523 773 μὴ
3550 722 3668 776 περι-

2167 789 2409 859 τεμοῦσα
2432 790 2488 842 δὲ
2520 791 2620 860 τὴν
2659 789 2760 859 τῆς
2792 789 3021 860 καρδίας
3074 789 3347 853 ἀσέὅειαν,
3386 793 3484 853 τοῖς
3525 810 3666 865 παρα-

2169 881 2416 951 πλησίοις
2453 899 2534 934 σοι
2559 880 2887 951 κοινώνησον
2916 882 3016 952 τῆς
3056 881 3289 952 σφαγῆς.
3315 877 3437 935 Εἶτα
3460 883 3591 938 πάλιν
3618 888 3668 940 τὰ

2168 971 2306 1024 αὐτὰ
2334 972 2572 1042 εἰρηκὼς
2603 974 2882 1042 ἐπήγαγεν
2910 990 2924 1004 ο

2238 1071 2343 1117 κα’.
2388 1065 2496 1117 Καὶ
2540 1065 2751 1132 ἐροῦσι
2782 1081 2881 1118 σοι
2917 1068 2972 1118 oi
3011 1066 3281 1134 γίγαντες
3309 1065 3416 1117 oi”
3450 1065 3510 1118 ὲν
3535 1067 3665 1128 ,ϐάθει

2163 1156 2392 1222 βόθρου
2415 1171 2429 1186 ο
2473 1157 2655 1209 Γίνου
2684 1173 2696 1187 ·
2748 1157 2911 1222 τινος
2948 1156 3058 1224 γὰρ
3097 1157 3373 1223 κρείττων
3414 1152 3490 1219 ei;
3521 1157 3664 1210 Katd-

2169 1244 2359 1311 ϐηθι⁵⁰
2385 1283 2399 1305 ,
2452 1243 2763 1314 κοιμήθητι
2802 1246 2953 1313 μετὰ
3001 1245 3395 1313 άπεριτμήτων
3444 1245 3504 1297 ἐν
3545 1247 3669 1314 μέσῳ

2167 1335 2538 1403 τραυματιῶν
2584 1337 2880 1406 μαχαίρας
2897 1335 2963 1388 ⁸⁸.
3013 1336 3198 1389 Ταῦτα
3252 1335 3342 1387 καὶ
3386 1337 3412 1388 ὁ
3461 1336 3667 1406 μακάριος

2179 1429 2404 1490 Ἡσαΐας
2451 1429 2578 1500 περὶ
2613 1429 2704 1481 τοῦ
2748 1428 3088 1482 Βαϐυλωνίου
3128 1428 3303 1497 φησί·
3338 1445 3355 1477 ι
3397 1429 3492 1480 Kal
3531 1428 3670 1498 ἐροῦτί

2171 1533 2252 1570 σοι
2285 1519 2333 1570 οξ
2359 1521 2404 1557 ⁸³
2437 1520 2696 1588 ἄρχοντες
2744 1520 2792 1571 οἱ
2850 1519 2945 1572 ἀπ’
2996 1519 3190 1582 αἰῶνος
3217 1533 3230 1546 ·
3287 1519 3389 1570 Καὶ
3433 1519 3490 1570 σὺ
3524 1520 3669 1581 ἑάλως,

2168 1607 2356 1677 ὥσπερ
2379 1609 2473 1661 καὶ
2495 1611 2657 1678 ἡμεῖς
2679 1627 2694 1642 ·
2727 1611 2784 1662 ἐν
2815 1612 2945 1679 ἡμῖν
2967 1609 3026 1661 δὲ
3063 1608 3442 1680 κατελογίσθης
3463 1624 3476 1638 ·
3515 1609 3670 1678 κατέϐη

2169 1700 2247 1761 εἰς
2274 1699 2401 1770 ᾇδου
2436 1702 2467 1769 ἡ
2520 1701 2646 1767 δόξα
2677 1718 2770 1754 σου
2791 1741 2804 1764 ,
2851 1701 2947 1754 καὶ
2980 1703 3011 1772 ή
3044 1701 3215 1772 πολλὴ
3255 1700 3535 1772 εὐφροσύνη
3573 1716 3669 1752 σου·

492 1799 743 1848 mentum
771 1779 930 1848 tuum
958 1795 1164 1849 vermis
1195 1801 1243 1848 ο.
1268 1813 1287 1846 ι
1315 1794 1416 1850 Hic
1441 1804 1622 1850 autem
1658 1808 1880 1864 quoque
1909 1810 1924 1848 :
1967 1791 2052 1845 Di-

2165 1787 2420 1842 ύποκάτω
2473 1806 2567 1844 σου
2629 1789 2933 1858 στρώσουσι
2989 1789 3187 1859 σῆψιν,
3254 1791 3344 1843 καὶ
3393 1789 3449 1841 sb
3481 1789 3670 1844 κατακά-

479 1894 614 1940 -cent
645 1884 777 1950 tibi,
814 1884 1029 1953 inquit,
1076 1886 1170 1956 qui
1215 1885 1442 1940 fuerunt
1485 1886 1728 1956 potentia
1774 1885 2056 1946 illustres,

488 1987 544 2032 et
573 1977 702 2031 olim
733 1977 934 2031 mortui
985 1987 1118 2032 sunt
1157 1979 1291 2048 (hos
1315 1979 1460 2033 enim
1501 1979 1751 2050 gigantes
1780 1975 2056 2046 vocavit),

485 2064 614 2130 Sis,
654 2067 915 2121 nimirum
955 2067 1153 2124 similis
1195 2069 1385 2132 nobis,
1429 2075 1725 2123 mortuus:
1760 2083 1870 2137 quo
1911 2067 2058 2122 enim

487 2157 845 2226 praestantior
877 2172 936 2213 cs
961 2199 974 2224 ,
1008 2158 1101 2227 qui
1137 2159 1359 2214 conaris
1396 2159 1514 2213 ﬁeri
1555 2159 1932 2214 immortalis?
1961 2159 2057 2214 de-

489 2245 691 2302 scende
717 2247 904 2316 igitur,
933 2257 987 2303 et
1017 2249 1111 2303 lini
1139 2249 1306 2305 vitam
1329 2291 1344 2314 ,
1372 2257 1427 2305 et
1449 2265 1574 2305 cum
1607 2251 1708 2317 iis,
1741 2251 1835 2319 qui
1865 2251 2056 2306 eadem

487 2351 554 2391 ac
583 2346 640 2392 tu
669 2339 793 2393 ausi
822 2345 982 2406 sunt,
1011 2339 1175 2394 simili
1209 2339 1359 2395 caede
1392 2341 1702 2410 perimaris.
1734 2340 1873 2396 Tum
1905 2357 2058 2397 com-

481 2437 756 2484 memorat
784 2445 882 2486 eos
901 2471 916 2499 ,
949 2429 1045 2502 qui
1074 2431 1322 2501 potentia
1350 2432 1596 2489 illustres
1631 2432 1806 2488 fuere.

555 2679 727 2738 Vens.
769 2684 872 2749 22,
909 2685 1000 2740 23.
1044 2683 1127 2740 Ibi
1176 2687 1366 2753 Assur,
1413 2696 1462 2742 et
1508 2691 1678 2744 omnis
1724 2695 2055 2764 congregatio

484 2774 638 2846 ejus,
685 2792 860 2830 omnes
886 2779 904 2798 ‘
931 2777 1194 2832 vulnerati
1241 2778 1313 2832 ibi
1353 2779 1538 2834 traditi
1578 2792 1721 2835 sunt.
1767 2783 1835 2836 Et
1882 2786 2058 2854 sepul-

485 2882 636 2922 crum
667 2883 848 2938 eorum
878 2869 934 2922 in
962 2868 1225 2938 profundo
1256 2869 1450 2938 fovete,
1479 2883 1528 2926 et
1558 2873 1704 2942 facta
1735 2884 1810 2928 est
1840 2892 2056 2945 congre-

484 2958 632 3028 gatio
657 2959 770 3026 ejus
796 2959 849 3012 in
877 2959 1103 3014 circuitu
1131 2963 1452 3016 monumenti
1481 2964 1616 3032 ejus.
1649 2965 1812 3031 Quis,
1839 2967 2051 3036 inquit,

480 3045 590 3103 fuit
633 3049 769 3104 adeo
835 3050 1070 3132 celeber,
1109 3058 1169 3106 ut
1205 3051 1559 3124 Assyriorum
1598 3057 1739 3110 rex?
1769 3067 2053 3113 verumta-

486 3156 612 3196 men
643 3142 748 3196 iste
777 3157 1001 3212 quoque
1021 3184 1036 3208 ,
1074 3143 1292 3213 inquit,
1325 3145 1559 3200 sortitus
1588 3155 1674 3202 est
1703 3149 1829 3202 vita:
1855 3150 2014 3204 linem
2037 3189 2051 3214 ,

484 3240 541 3286 et
564 3234 746 3288 omnis
771 3233 893 3302 ejus
919 3234 1199 3289 exercitus
1226 3236 1420 3291 mortis
1448 3237 1598 3293 illius
1622 3240 1898 3311 particeps
1930 3241 2052 3295 fuit.

491 3340 511 3374 ι
541 3323 744 3379 Omnes
778 3324 1055 3379 vulnerati
1088 3327 1182 3395 qui
1217 3327 1540 3384 ceciderunt
1579 3330 1801 3400 gladio,
1835 3333 1930 3402 qui
1962 3333 2057 3388 de-

475 3413 687 3470 derunt
732 3418 986 3486 sepulcra
1019 3416 1184 3487 95o
1225 3433 1324 3473 sua
1370 3421 1427 3474 in
1471 3419 1776 3478 femoribus
1821 3423 1992 3478 lacus.
2031 3445 2049 3476 ι

475 3505 879 3577 Sepulcrorum
916 3508 1148 3563 formam
1187 3511 1262 3565 ita
1296 3515 1675 3583 nuncupavit:
1714 3516 1877 3586 longa
1907 3518 2052 3573 enim

488 3599 741 3667 sepulcra
766 3639 781 3663 ,
832 3609 886 3654 et
932 3599 1238 3656 femoribus
1272 3603 1498 3658 similia.
1531 3623 1550 3657 ι
1585 3605 1649 3660 Ει
1681 3605 1821 3662 facta
1851 3617 1936 3663 est
1962 3623 2054 3663 ec-

485 3691 663 3744 clesia
698 3693 752 3745 in
798 3693 1034 3746 circuitu
1075 3695 1314 3764 sepulcri
1350 3698 1506 3767 ejus,
1550 3715 1740 3757 omnes
1780 3704 2053 3759 vulnerati

484 3780 748 3836 cadentes
783 3783 987 3852 gladio.
1023 3802 1042 3835 ι
1077 3783 1558 3850 Quemadmodum
1594 3793 1740 3847 enim
1778 3810 1870 3849 rex
1909 3795 2054 3865 ipso-

475 3883 608 3924 .rum
631 3910 648 3936 ,
678 3872 754 3925 ita
789 3873 894 3942 ipsi
927 3890 1145 3946 quoque
1177 3878 1453 3936 interfecti
1475 3923 1490 3948 ,
1523 3891 1578 3938 et
1606 3886 1747 3954 apud
1781 3887 1932 3942 illius
1965 3903 2053 3944 se-

489 3961 737 4028 pulcrum
769 3965 945 4018 necati
985 3975 1134 4023 sunt.
1175 3967 1243 4023 Et
1280 3970 1430 4039 haec,
1469 3974 1686 4044 inquit,
1724 3977 1879 4046 passi
1922 3987 2053 4034 sunt

481 4051 588 4104 viri
613 4070 628 4106 :
660 4071 676 4102 ι
702 4053 806 4119 Qui
835 4055 1090 4112 viderunt
1119 4059 1372 4116 timorem
1402 4077 1562 4119 suum
1595 4067 1650 4120 in
1687 4077 1831 4122 terra
1847 4070 1992 4124 vitae.
2027 4090 2046 4124 ι

478 4139 737 4197 Attamen
766 4143 1057 4202 illiomnes
1081 4158 1453 4217 perterrentes
1477 4162 1532 4209 et
1554 4157 1770 4220 territi,
1795 4159 2048 4228 capient,

483 4232 695 4302 inquit,
728 4234 970 4292 dedecus
1002 4255 1163 4294 suum
1188 4281 1203 4306 ,
1234 4255 1358 4296 cum
1389 4243 1457 4300 iis
1485 4246 1578 4316 qui
1611 4246 1967 4304 deducuntur
1993 4251 2049 4306 in

471 4325 712 4380 ‘foveam.
750 4327 843 4382 Illa
876 4330 1021 4384 enim
1056 4333 1226 4402 gloria
1262 4335 1462 4404 privati
1498 4353 1622 4394 cum
1661 4342 1931 4399 dedecore
1962 4347 2046 4401 vi-

2159 1879 2349 1948 λυμμά
2374 1878 2417 1911 ⁸³
2464 1896 2559 1932 σου
2623 1879 2857 1950 σκώληξ.
2912 1898 2931 1930 ι
2977 1879 3087 1934 Καὶ
3138 1879 3368 1932 ἐνταῦθα
3419 1879 3469 1930 δέ
3515 1893 3672 1950 φησιν’

2173 1970 2390 2040 Ἐροῦσί
2423 1987 2504 2024 σοι
2545 1973 2593 2024 οἱ
2638 1973 2694 2024 ὲν
2741 1973 2967 2042 δυνάμει
3013 1973 3334 2043 περιφανεῖς
3359 1971 3671 2040 γεγενημένοι,

2160 2063 2253 2114 καὶ
2295 2063 2462 2116 πάλαι
2491 2063 2787 2128 τεθνεῶτες
2811 2083 2823 2094 ·
2857 2065 3080 2128 τούτους
3122 2064 3234 2133 γὰρ
3277 2062 3492 2117 ἐκάλεσε
3527 2063 3672 2130 γίγανο

2159 2170 2259 2216 τας
2283 2169 2295 2182 ·
2336 2154 2492 2206 Γίνου
2513 2193 2528 2218 ,
2563 2155 2878 2221 τουτέστιν,
2911 2157 3109 2227 ὁμοίως
3149 2159 3288 2227 ἡμῖν
3333 2154 3535 2225 νεκρός·
3567 2154 3674 2216 τίνος

2158 2246 2266 2318 γὰρ
2311 2248 2576 2318 κρείττων
2621 2244 2704 2313 εἴ,
2763 2250 2845 2302 ὅτι
2913 2253 3174 2320 πειρᾶσαι
3236 2244 3374 2302 εἶναι
3428 2247 3673 2308 derivatos;

2158 2340 2445 2410 Κατάϐηθι
2479 2341 2654 2398 τοίνυν
2680 2382 2694 2405 ,
2738 2342 2829 2394 καὶ
2860 2342 3007 2409 δέξαι
3039 2341 3134 2395 τοῦ
3167 2342 3285 2412 βίου
3326 2342 3384 2393 sb
3407 2340 3570 2402 τέλος,
3606 2338 3673 2390 καὶ

2157 2433 2268 2494 τοῖς
2293 2430 2456 2502 δμοιὰ
2487 2449 2566 2485 σοι
2608 2433 3002 2504 τετολμηκόσιν
3027 2433 3228 2505 ὁμοίαν
3278 2432 3422 2496 δέξαι
3467 2431 3552 2501 τὴν
3575 2446 3676 2497 σφι-

2157 2525 2260 2593 γήν
2286 2539 2299 2552 ο
2359 2519 2474 2576 εἶτα
2520 2523 2668 2592 λέγει
2703 2526 2830 2588 τοὺς
2884 2527 3191 2596 ἐπισήμους
3233 2527 3290 2578 ὲν
3320 2524 3529 2592 δυνάμει
3553 2536 3673 2588 γεγε-

2156 2631 2220 2685 νη
2229 2613 2439 2683 μένους.

2227 2704 2330 2774 κβ’,
2362 2713 2465 2774 κγ’.
2505 2707 2667 2761 Ἐκεῖ
2699 2709 2984 2778 Ἀσσοὺρ,
3020 2710 3117 2764 καὶ
3149 2711 3322 2766 πᾶσα
3353 2709 3389 2774 ἡ
3413 2705 3675 2775 συναγωγὴ

2157 2799 2364 2859 αὐτοῦ,
2405 2799 2628 2866 πάντες
2683 2803 3033 2869 τραυματίαι
3081 2802 3214 2855 ἐκεῖ
3245 2801 3546 2868 ἐδόθησαν.
3598 2795 3678 2850 Kal

2156 2889 2194 2955 ’ἡ
2225 2889 2382 2956 ταφή
2413 2888 2614 2942 αὐτῶν
2651 2889 2722 2942 ἐν
2760 2889 2936 2952 ,βάθει
2968 2891 3222 2959 βόθρου,
3273 2889 3369 2944 καὶ
3403 2889 3620 2958 ἐγενήθη
3651 2885 3677 2950 ἡ

2155 2980 2477 3050 συναγωγὴ
2505 2979 2689 3034 αὑτοῦ
2711 2994 2875 3048 περικ
2887 2981 3050 3048 ὐκλῳ
3071 2981 3178 3035 τοῦ
3195 2984 3498 3050 μνήματος
3513 2975 3676 3032 αὑτοῦ.

2159 3072 2273 3139 Τίς,
2311 3073 2498 3143 φησὶν,
2532 3074 2749 3142 ἐγένετο
2787 3074 3221 3146 πολυθρύλλητος
3242 3115 3257 3140 ,
3293 3075 3368 3137 ὼς
3394 3073 3495 3126 τῶν
3529 3073 3677 3123 ’Δσσυ-

2161 3161 2289 3232 ρίων
2315 3163 2341 3214 ὁ
2369 3162 2656 3232 βασιλεύς;
2703 3164 2843 3217 Ἀλλ’
2883 3165 3032 3234 ὅμως
3055 3205 3071 3231 ,
3109 3165 3248 3233 φησὶ
3269 3205 3283 3229 ,
3317 3162 3409 3216 καὶ
3442 3155 3577 3221 οὗτος
3598 3157 3679 3210 ἑδέ-

2157 3250 2284 3316 ξατο
2313 3251 2405 3304 τοῦ
2435 3253 2546 3320 βίου
2580 3255 2640 3306 τὸ
2664 3255 2836 3319 τέλος,
2879 3256 2972 3308 καὶ
3015 3257 3164 3308 πᾶσα
3207 3254 3377 3308 αὐτοῦ
3409 3256 3440 3326 ἡ
3472 3249 3679 3324 στρατεία

2155 3341 2253 3412 τῆς
2290 3343 2549 3415 τελευτῆς
2578 3346 2744 3399 αὑτοῦ
2775 3347 3158 3419 κεκοινώνηκε.
3196 3369 3216 3400 ι
3243 3349 3450 3411 Πάντες
3477 3348 3522 3400 οἱ
3548 3363 3678 3414 τραυ-

2158 3432 2345 3502 ματίαι
2376 3435 2721 3499 πεπτωκότες
2735 3436 2779 3467 ⁵⁸
2811 3436 3074 3508 μαχαίρᾳ,
3111 3437 3160 3488 οἳ
3188 3437 3400 3490 ἔδωκαν
3427 3436 3518 3499 τὰς
3542 3432 3680 3500 savii

2155 3523 2391 3577 αύίτῶνδε⁵
2446 3527 2504 3578 ὲν
2554 3529 2748 3598 μηροῖς
2800 3527 3024 3582 λάκκου.
3066 3547 3083 3579 ι
3113 3529 3187 3583 Τὸ
3233 3525 3374 3589 εἶδος
3409 3527 3507 3580 τῶν
3534 3526 3678 3592 τάφων

2154 3613 2325 3678 οὕτως
2353 3615 2604 3688 ὠνόμασε
2623 3635 2636 3649 ·
2663 3621 2968 3694 προμήκεις
2994 3621 3101 3692 γὰρ
3125 3623 3174 3675 οἱ
3197 3623 3382 3690 τάφοι,
3413 3621 3499 3677 καὶ
3527 3619 3679 3690 μηροῖς

2155 3706 2412 3773 ἐοικότες.
2449 3729 2467 3761 ι
2510 3713 2622 3764 Καὶ
2665 3714 2896 3784 ἐγενήθη
2951 3715 3217 3785 ἐκκλησία
3267 3713 3563 3787 περικύκλῳ
3606 3710 3677 3776 τῆς

2152 3801 2331 3872 ταφῆς
2387 3805 2585 3868 αὐτοῦ,
2647 3808 2849 3871 πάντες
2899 3811 2947 3862 oi
2984 3811 3324 3880 τραυματίαι
3378 3800 3679 3870 πίπτοντες⁸⁶

2156 3895 2417 3966 μαχαίρᾳ.
2461 3915 2478 3949 ι
2512 3897 2601 3968 Τῷ
2644 3898 2857 3969 βασιλεῖ
2887 3901 2994 3972 γὰρ
3021 3903 3200 3955 αὐτῶν
3231 3904 3325 3956 καὶ
3354 3903 3500 3956 αὐτοὶ
3521 3899 3676 3971 ὁμοίως

2152 3984 2399 4049 ἐδέξαντο
2444 3988 2542 4059 τὴν
2593 3991 2846 4062 σφαγὴν,
2895 3995 2990 4046 καὶ
3023 3994 3176 4062 παρὰ
3222 3995 3285 4047 τὸ
3332 3993 3529 4047 ἐκείνου
3565 3991 3676 4057 σῆμα

2152 4081 2334 4148 σφαγῇ
2357 4079 2400 4110 ⁸⁷
2451 4082 2851 4152 παρεδόθησαν.
2889 4084 2999 4137 Καὶ
3026 4084 3200 4138 ταῦτα
3224 4125 3238 4147 ,
3279 4086 3474 4155 φησὶν,
3519 4081 3674 4135 ἔπαθον

2151 4167 2363 4239 ἄνδρες,
2393 4190 2409 4221 ι
2447 4170 2664 4236 Ἰδόντες
2683 4174 2727 4205 ⁸⁸
2748 4175 2838 4227 τὸν
2868 4176 3028 4245 φόϐον
3059 4177 3240 4230 αὑτῶν
3262 4179 3356 4230 ἐπὶ
3384 4179 3480 4248 γῆς
3503 4175 3634 4241 ζωῆς
3658 4193 3671 4221 ν

2164 4258 2301 4310 Ἀλλ’
2325 4261 2474 4330 ὅμως
2509 4263 2704 4316 ἐκεῖνοι
2733 4264 2933 4327 πάντες
2960 4265 3416 4335 ἐκδειματούντες
3437 4263 3522 4316 καὶ
3545 4261 3675 4314 δεδιτ-

2148 4346 2366 4413 τόμενοι
2395 4347 2692 4416 λήψονται,
2735 4350 2902 4420 φησὶ,
2947 4352 3036 4405 τὸν
3068 4354 3486 4423 καταισχυμμὸν
3534 4348 3676 4402 αὐτῶν

477 4425 584 4469 tam
619 4409 1065 4484 ﬁnientfeadem
1101 4425 1246 4481 caede
1275 4427 1591 4499 interfecti,
1627 4449 1735 4502 qua
1762 4435 1902 4492 alios
1937 4437 2040 4506 ipsi

2159 4409 2248 4484 σὺν
2294 4434 2406 4495 τοῖς
2449 4409 2861 4506 ’καταγομένοις
2892 4409 2994 4500 ἐίς
3046 4438 3241 4510 βόθρον
3269 4409 3305 4470 'n
3348 4409 3674 4509 γυμνωθέντες

463 4509 817 4564 occiderunt.
855 4509 1058 4570 Deinde
1090 4529 1487 4576 commemorat
1518 4524 1867 4595 singularum
1902 4543 2042 4600 gen-

467 4597 610 4654 .tium
643 4611 1021 4662 monumenta.

534 4851 706 4946 Vsus.
743 4855 835 4910 24.
872 4856 958 4912 Ibi
991 4858 1179 4929 Elam,
1216 4874 1266 4918 et
1310 4869 1478 4923 omnis
1523 4876 1760 4940 potentia
1813 4877 1926 4946 ejus
1977 4882 2029 4932 in

471 4941 692 4996 circuitu
720 4951 1040 5004 monumenti
1076 4953 1223 5024 ejus,
1257 4965 1308 5011 et
1345 4961 1514 5015 omnis
1552 4941 1846 5022 multitudo
1875 4971 1989 5038 ejus
2015 5012 2030 5037 ,

547 5111 568 5134 °
585 5113 689 5172 lsa.
720 5133 828 5187 xlv,
855 5119 941 5187 10,
973 5122 1065 5178 il.

2143 4517 2249 4589 γὰρ
2279 4519 2494 4590 ἐκείνης
2525 4521 2623 4590 τῆς
2677 4522 2836 4592 δόξης
2887 4527 3006 4593 μετ’
3037 4526 3304 4596 αἰσχύνης
3361 4524 3673 4580 καταλύσουσι

2140 4608 2234 4662 τὸν
2282 4608 2428 4678 βίον,
2480 4613 2595 4674 τοῖς
2644 4611 2737 4665 ὑπ’
2787 4614 2964 4668 αὐτῶν
3016 4619 3306 4685 σφαγεῖσιν
3337 4617 3530 4687 ὁμοίως
3553 4612 3671 4682 δεχό-

2143 4717 2293 4769 μενοι
2346 4702 2444 4771 τὴν
2496 4705 2731 4774 σφαγήν.
2791 4701 2926 4760 Εἶτα
2973 4707 3124 4776 λέγει
3170 4709 3316 4763 κατὰ
3353 4709 3414 4762 τὸ
3447 4707 3584 4768 ἔθνος
3620 4704 3671 4757 τὶ

2143 4790 2422 4858 μνήματα.

2215 4886 2313 4938 κδ’.
2367 4887 2528 4940 Ἐκεῖ
2545 4889 2738 4958 Λίλὰμ
2755 4889 2800 4922 "
2840 4891 2936 4944 aea!
2965 4893 3133 4948 πᾶσα
3161 4896 3199 4963 ἠ
3240 4895 3490 4964 δύναμις
3521 4886 3672 4946 αὐτοῦ

2141 4979 2483 5046 περῐκύκλῳ
2531 4980 2657 5049 τοῦ,
2690 4980 3004 5053 μνήματος
3054 4987 3242 5041 αὐτοῦ
3266 5029 3281 5052 ,
3342 4987 3440 5042 καὶ
3490 4981 3668 5042 adrui

1771 5296 2008 5355 VARIAS
2045 5301 2444 5363 LECTION‘ES.

535 5403 1011 5494 :OAfo'npen‘oﬁg.
1095 5395 1138 5448 ⁵⁸
1159 5417 1207 5468 οἱ
1233 5415 1370 5494 Des._
1403 5421 1457 5475 in
1488 5423 1532 5476 A
1567 5426 1660 5494 qui
1695 5428 1768 5483 ita
1807 5430 1965 5490 habet
1999 5455 2011 5490 :
2056 5440 2081 5490 ὲ

461 5474 861 5574 fultum-hil;
883 5474 998 5535 tum
1025 5493 1150 5574 ante
1177 5474 1530 5574 uotuﬁeqstg
1572 5474 1989 5574 ἶῖ

2127 5480 2136 5491 .
2164 5457 2244 5526 σοι
2273 5445 2322 5495 οἱ
2350 5448 2648 5526 γίγαντεςζ
2663 5453 2750 5506 Ἐν
2775 5452 2928 5526 βάθει
2966 5455 3157 5526 βόθρου
3183 5457 3353 5526 γίνου.
3429 5455 3473 5526 ui
3495 5467 3600 5526 καῖ·
3624 5448 3667 5526 ,Α

2107 5511 2303 5594 ²,⁰ί,,-⁴
2361 5511 2593 5594 άὶῶνφςξ
2614 5519 2740 5577 Des.
2775 5511 2820 5577 Ἰ.
2853 5539 2907 5580 c.
2966 5511 3028 5557 ’⁴³
3049 5511 3243 5582 aiatait.
3271 5525 3371 5580 Ed.
3399 5523 3536 5594 prior
3562 5518 3666 5594 bal).

461 5544 768 5642 ξατάλυμα,
796 5564 896 5619 pro
925 5544 1290 5678 κατάλειμμαζ
1311 5544 1368 5613 ut
1400 5544 2052 5630 vitietur.'l—’I5:ﬂes?atra?iitel

470 5677 478 5678 ,
541 5631 706 5668 πεπτι
736 5620 781 5671 Α
805 5627 858 5673 et
880 5619 1134 5678 Bonum.
1164 5643 1192 5678 ο
1220 5665 1235 5678 .
1312 5628 1357 5661 δ’
1379 5631 1420 5678 Α
1446 5633 1632 5678 aurae.
1714 5638 1760 5668 ιο
1782 5640 1915 5678 «rm-
1982 5646 2009 5678 Δ
2051 5663 2052 5668 η

2159 5544 2198 5561 ⁴⁵
2232 5544 2303 5593 ,“”
2363 5544 2573 5581 υιιωνυς.
2615 5544 2740 5577 "US.
2784 5544 2820 5577 ι.
2853 5544 2907 5580 C.
2982 5544 3028 5557 "
3049 5544 3243 5582 κατακ.
3271 5544 3371 5580 na.
3399 5544 3536 5594 prwr
3562 5544 3663 5573 "illl-

2159 5588 2734 5678 Ξίιῖεκπτξιτκεὲἓυμκαο
2773 5605 2892 5678 αντε
2915 5603 3098 5678 exstet
3117 5596 3225 5678 l-s-
3248 5607 3528 5678 .5"??th
3554 5588 3663 5678 Eii:

464 5611 508 5690 ξξ
541 5611 706 5690 star-rs.
736 5620 781 5690 ᾼ
798 5611 858 5690 'et
880 5619 920 5672 B
937 5637 1134 5690 prtem.

466 5677 527 5744 Β,
551 5683 644 5737 scd
672 5685 714 5739 Δ
754 5688 913 5744 habet
933 5677 982 5744 ὀί
1012 5677 1234 5762 δόντες,
1248 5677 1420 5768 juxta

1312 5628 1420 5728 u'A
1446 5633 1634 5728 αὐτῆς,
1669 5713 1683 5728 ⁸
1714 5638 1760 5668 to
1782 5640 1936 5728 “EF-ﬂ,
1974 5628 2580 5728 A‘prﬁg'jﬁ'."},{:"'?7";;

2701 5666 2866 5733 ταφῇ.
2943 5665 2988 5696 ⁸⁸
3030 5665 3118 5718 Ἰδ.
3160 5665 3293 5721 Huic
3323 5661 3529 5720 lectioni
3554 5661 3666 5712 fave!

2073 5718 2116 5748 ιθ
2149 5719 2193 5770 Α
2232 5721 2426 5792 map.
