3860 6206
174 385 290 452 1ί45

1106 408 1115 413 ·
1215 393 1289 451 IN
1327 392 1769 454 EZECHIELIS
1805 397 1962 458 CAP.
2000 398 2278 459 XXXIII.

3259 399 3391 463 1146

171 497 419 568 τρδνοιαν,
468 494 595 548 ίδεϊν
643 494 822 549 αὐτῶν
874 496 1209 570 βουλόμενος
1235 500 1332 571 τήν
1383 500 1705 572 μεταϐολήν.

1821 504 2159 574 providentia
2200 505 2575 577 prosequitur,
2610 514 2671 561 ut
2702 521 2895 562 eorum
2930 507 3235 579 conspiciat
3268 525 3393 566 mu-

169 587 245 640 Διδ
272 585 457 654 ἐπάγει
482 585 753 657 πατρικὴν
786 586 880 639 καὶ
912 587 1295 658 φιλοστοργίας
1348 588 1715 659 πεπληῳμέ·

168 696 250 750 νην
299 676 650 747 παραίνεσιν·
687 696 706 730 ι
754 679 1082 750 Ἐπιστροφῇ
1139 679 1551 749 ἐπιστρέψατε¹⁵
1607 680 1715 733 ἀπὸ

165 771 251 839 τῆς
278 766 392 823 ὁδοῦ
424 768 576 839 ὑμῶν
603 769 702 839 τῆς
730 771 993 841 πονηρᾶς,
1016 770 1111 824 καὶ
1146 772 1286 825 ίνατί
1322 771 1714 841 ἀποθνήσκετε,

165 857 295 925 οἶκος
329 859 580 931 Ἱσρσήλς
617 879 637 912 ι
694 861 752 915 ὐ
791 862 848 915 δέ
872 862 1267 933 διπλασιασμὸς
1295 864 1394 934 τῆς
1447 863 1714 933 Ἐϐραίων

166 951 389 1023 γλώττης
460 952 698 1022 ἰδίωμα,
756 951 908 1025 δηλοῖ
970 953 1029 1007 δέ
1088 955 1190 1025 τῆς
1257 955 1593 1027 ἐπιστροφῆς
1654 956 1716 1008 τὸ

164 1046 384 1116 γνήσιον.
513 1027 581 1090 ο)-

227 1135 306 1205 ιβ’.
332 1133 443 1189 Καὶ
489 1135 593 1200 σὺ,
641 1134 735 1189 vlt}
788 1134 1102 1205 ἀνθρώπου
1142 1137 1181 1203 ⁸,
1221 1137 1354 1190 alae
1389 1137 1539 1205 πρὸς
1575 1136 1715 1204 τοὺς

164 1226 314 1293 υίοὺς
339 1226 447 1281 τοῦ
484 1227 641 1281 λαοῦ
664 1244 816 1282 σου·
859 1230 1218 1298 Δικαιοσύνη
1256 1229 1490 1285 δικαίου
1522 1232 1593 1285 οὐ
1626 1230 1712 1302 μὴ

166 1319 417 1385 ἐξέληται
451 1318 640 1372 αὐτὸν
662 1320 730 1373 ἐν
761 1314 800 1390 ᾖ
816 1318 893 1373 ἂν
908 1321 1096 1389 ἡμέρᾳ
1111 1319 1412 1388 πλανηθῇ,
1442 1322 1539 1375 καί
1573 1322 1714 1376 ἀνο-

162 1412 255 1479 μία
285 1410 508 1477 ἀνόμου
534 1412 606 1463 οὐ
626 1411 713 1479 μὴ
756 1411 1080 1480 ἀποκτείνῃ
1102 1411 1292 1465 αὐτὸν
1314 1412 1385 1466 ἐν
1404 1408 1443 1484 ᾗ
1477 1413 1665 1483 ἡμέρᾳ
1691 1415 1712 1445 ⁷

166 1502 497 1570 ἀποστρέψῃ
534 1501 654 1556 ἀπὸ
684 1500 793 1571 τῆς
833 1502 1085 1571 ἀνομίας
1122 1502 1329 1557 αὑτοῦ.
1361 1504 1549 1556 Πεῖσαι
1588 1503 1712 1574 βου-

166 1592 384 1660 λόμενος,
409 1592 484 1654 ὡς
503 1592 713 1662 δέχεται
744 1592 837 1645 τοῦ
865 1592 1193 1663 ἀμαρτωλοῦ
1251 1593 1347 1662 τὴν
1401 1580 1711 1662 μετάνοιαν,

165 1681 257 1734 ἀπὸ
316 1680 406 1734 τοῦ
470 1682 712 1735 ἐναντίου
763 1679 922 1734 τοῦτο
964 1679 1257 1735 δείκνυσιν.
1310 1682 1523 1753 Ὠσπερ
1583 1683 1712 1757 γὰρ,

166 1770 327 1838 φησὶν,
354 1767 407 1820 εί
452 1784 538 1832 τις
563 1768 672 1821 τῶν
699 1769 757 1822 ἐν
798 1769 967 1841 ἀρετῇ
1003 1766 1342 1838 βεϐιωκότων
1371 1771 1574 1841 ταύτην
1615 1772 1714 1842 μὲν

167 1858 455 1912 καταλείποι
486 1858 584 1929 τὴν
610 1859 750 1922 ὁδὸν,
789 1861 889 1929 τήν
919 1860 976 1913 δὲ
1015 1861 1116 1931 τῆς
1166 1860 1365 1925 κακίας
1411 1861 1709 1933 προέλοιτο,

1825 598 2109 653 tationem.
2146 598 2357 653 Idcirco
2391 598 2616 669 subjicit
2649 609 2931 670 paternam
2967 608 3020 655 et
3057 600 3392 657 benevolen-

1824 687 1914 743 tiar
1937 690 2155 757 plenam
2186 688 2621 744 admonitionem
2656 707 2671 743 :
2702 708 2720 741 ι
2751 689 3125 745 Conversione
3158 706 3393 747 conver-

1822 780 2007 835 timini
2046 795 2075 835 a
2135 781 2218 836 via
2255 788 2438 837 vestra
2489 782 2668 835 mala:
2725 796 2824 836 cur
2862 783 3007 836 enim
3050 783 3384 849 moriemini.

1822 870 2021 926 domus
2072 869 2278 927 lsrael?
2329 891 2349 924 ι
2397 870 2713 943 Duplicatio
2777 870 3129 928 Hebraeorum
3193 875 3394 946 lingua;

1823 962 2030 1017 idioma
2068 971 2174 1030 est,
2219 963 2575 1034 declaratque
2609 965 2907 1034 ingenuam
2950 964 3389 1021 conversionem.

1894 1134 2060 1189 Vens.
2105 1135 2192 1189 ιε.
2233 1133 2300 1188 Ει
2328 1143 2384 1189 ιιι
2405 1177 2419 1202 ,
2448 1136 2530 1205 ﬁli
2554 1135 2816 1209 hominis,
2841 1136 2928 1190 dic
2953 1136 3022 1190 ad
3044 1137 3188 1206 ﬁlios
3210 1139 3393 1207 populi

1827 1228 1906 1280 tui
1929 1241 1949 1280 :
1974 1224 2202 1280 Iustitia
2225 1226 2365 1295 justi
2390 1243 2492 1281 non
2525 1226 2769 1281 liberabit
2796 1244 2914 1282 eum
2942 1228 3025 1283 die
3052 1246 3154 1299 quo
3185 1245 3393 1285 errave-

1823 1320 1931 1385 rit,
1962 1327 2011 1373 et
2043 1319 2300 1389 iniquitas
2332 1319 2503 1389 iniqui
2535 1334 2640 1373 non
2669 1318 2867 1373 occidet
2893 1334 3010 1373 eum
3038 1320 3124 1374 die
3162 1337 3263 1391 quo
3307 1338 3392 1376 re-

1822 1421 2054 1467 vertetur
2090 1410 2155 1465 ab
2196 1412 2478 1482 iniquitate
2513 1428 2631 1465 sua.
2682 1411 2818 1466 Cum
2859 1413 3019 1469 nobis
3061 1414 3392 1483 persuadere

1820 1504 2015 1568 vellet,
2043 1514 2328 1573 acceptam
2359 1506 2463 1560 sibi
2488 1520 2610 1561 esse
2633 1508 2940 1575 peccatoris
2970 1508 3388 1577 paenitentiam.

1823 1610 1850 1648 a
1889 1594 2173 1648 contrario
2204 1594 2308 1649 hoc
2335 1596 2598 1651 ostendit.
2628 1595 3099 1662 Quemadmodum
3133 1597 3310 1661 enim,
3342 1597 3389 1651 si

1820 1686 1947 1756 quis
1980 1700 2171 1741 eorum
2194 1728 2208 1753 ,
2245 1686 2462 1757 inquit,
2494 1687 2587 1758 qui
2624 1687 2678 1742 in
2714 1688 2917 1744 virtute
2952 1689 3247 1753 vixerunt,
3285 1687 3389 1743 hac
3422 1728 3427 1737 .

1820 1778 1906 1832 via
1936 1778 2152 1845 relicta,
2189 1778 2414 1833 alteram
2451 1779 2713 1835 vitiorum
2749 1779 2827 1834 illi
2864 1779 3261 1851 anteposuerit,
3288 1794 3389 1844 ne,-

1819 1878 1975 1919 cesse
2003 1871 2088 1919 est
2122 1872 2183 1919 ut
2216 1864 2443 1935 dignum
2476 1867 2576 1922 vite
2607 1867 2814 1923 exitum
2846 1869 3099 1923 inveniat
3128 1888 3144 1924 :
3187 1870 3262 1924 ita
3285 1908 3302 1934 ,
3338 1867 3388 1924 si

164 1948 355 2017 ἀνάγκη
398 1947 559 2002 αὐτὸν
597 1949 777 2019 εὑρεῖν
808 1949 956 2013 ἀξιον
976 1950 1075 2020 τῆς
1097 1950 1216 2003 ὀδοῦ
1241 1950 1304 2003 τὸ
1328 1951 1480 2013 τέλος
1499 1967 1512 1982 °
1544 1952 1708 2017 οὕτως

1821 1954 1946 2025 quis
1973 1954 2029 2010 in
2059 1955 2369 2012 sceleribus
2392 1956 2667 2013 educatus
2693 1957 2758 2012 ad
2788 1958 3008 2013 virtutis
3040 1959 3181 2011 viam
3209 1956 3390 2014 redire

163 2038 304 2101 εἴτις
321 2038 629 2109 παρανομίᾳ
652 2040 974 2109 συντραφεὶς
1002 2041 1078 2105 είς
1108 2041 1207 2112 τὴν
1235 2041 1336 2111 τῆς
1364 2041 1562 2113 ἀρετῆς
1590 2043 1708 2097 ὁδὸν

162 2130 450 2184 ἐπανελθεῖν
487 2130 815 2202 ἐθελήσειεν,
858 2132 1302 2203 ἀπαλλαγήσεται
1349 2135 1566 2198 πάντως
1608 2138 1708 2207 τῆς

158 2221 261 2284 τοῖς
287 2223 616 2292 παρανόμοις
643 2223 912 2293 τιμωρίας
943 2223 1351 2295 ἀφωρισμένης.

225 2319 385 2380 ιτ-ιέ.
438 2313 540 2367 Ἐν
590 2313 670 2379 τῷ
714 2314 905 2369 εἰπεῖν
940 2333 1019 2385 με
1070 2314 1150 2381 τῷ
1199 2316 1426 2382 δικαίῳ,
1468 2317 1554 2371 ὅτι
1593 2316 1710 2388 ζωῇ

160 2403 340 2470 ζήσει,
378 2404 474 2459 καί
513 2400 691 2471 οὗτος
739 2404 1023 2461 πέποιθεν
1057 2407 1157 2461 ἐπὶ
1213 2407 1289 2477 τῇ
1348 2407 1705 2479 δικαιοσύνῃ

159 2495 347 2558 αὐτοῦ,
395 2496 493 2550 καί
529 2499 770 2565 ποιήσει
807 2497 1083 2567 ἀνομίαν,
1126 2498 1317 2556 πᾶσαι
1368 2502 1429 2555 αἱ
1485 2500 1707 2556 δικαιο-

159 2587 321 2641 σύναι
369 2588 554 2643 αὑτοῦ
606 2591 679 2644 οὐ
712 2589 799 2659 μὴ
844 2589 1224 2659 μνησθῶσιν,
1264 2591 1334 2645 ἐν
1392 2592 1468 2661 τῇ
1506 2593 1707 2661 ἀδικίᾳ

156 2677 328 2731 αὐτοῦ
361 2673 400 2748 ᾗ
433 2680 746 2747 ἐποίησεν,
782 2681 851 2735 ἐν
888 2681 1044 2750 αὐτῇ
1070 2681 1468 2736 ἀποθανεῖται.
1502 2684 1611 2738 Καί
1638 2684 1707 2737 ἐν

155 2768 225 2834 τῷ
256 2770 444 2824 εἰπεῖν
480 2790 559 2840 με
592 2772 672 2838 τῷ
721 2773 953 2828 ἀσεϐεῖ·
1010 2774 1249 2840 Θανάτῳ
1288 2776 1705 2844 θανατωθήσῃν

153 2860 238 2912 καί
298 2861 658 2929 ἀποστρέψει
710 2861 829 2916 ἀπὸ
878 2861 988 2931 τῆς
1028 2864 1281 2932 ἀνομίας
1309 2863 1330 2894 ⁸
1365 2863 1571 2926 αὐτοῦ,
1610 2862 1707 2915 καὶ

153 2950 379 3016 ποιήσει
428 2953 605 3021 κρᾷια
657 2952 757 3007 καί
808 2952 1237 3022 δικαιοσύνην·
1283 2953 1382 3008 καί
1420 2954 1706 3024 ἐνεχυρα-

149 3043 301 3111 σμὶν
333 3044 353 3075 ⁹
389 3044 739 3112 ὀφείλοντος
777 3044 1002 3111 ἀποδῷ,
1045 3046 1143 3100 καὶ
1182 3045 1461 3115 ἅρπαγμα
1511 3046 1709 3100 daret!-

147 3151 246 3195 σει,
288 3136 325 3187 ὁ
360 3135 583 3204 ἄνομος
613 3137 655 3167 ¹⁹
693 3136 763 3190 ἐν
800 3137 925 3203 τοῖς
963 3139 1382 3207 προστάγμασι
1418 3135 1526 3204 τῆς
1560 3135 1708 3205 ζωῆς

143 3224 593 3295 διαπεπόρευται
635 3228 676 3258 ¹¹
724 3229 829 3283 τοῦ
879 3227 965 3299 μὴ
1017 3228 1267 3297 ποιῆσαι
1317 3228 1549 3292 ἄδικον,
1594 3226 1705 3296 ζωῇ

1815 2047 2097 2112 voluerit,
2133 2046 2202 2102 ab
2235 2061 2303 2101 eo
2340 2047 2653 2117 supplicio,
2685 2048 2832 2119 quod
2867 2048 3153 2105 sceleratis
3188 2046 3388 2105 delini-

1815 2148 1931 2194 tum
1963 2146 2082 2205 est,
2120 2154 2353 2210 prorsus
2389 2139 2527 2195 liber
2558 2142 2683 2195 erit.

1886 2309 2053 2367 Vens.
2097 2312 2287 2368 I345.
2327 2311 2461 2368 Cum
2499 2313 2685 2368 dixero
2722 2329 2815 2385 ego
2853 2315 3028 2382 iusto,
3071 2315 3183 2385 fore
3219 2324 3277 2370 ut
3307 2316 3389 2371 vi-

1814 2401 1976 2456 vendo
2006 2401 2142 2456 vivat
2164 2442 2179 2467 ,
2211 2411 2263 2456 et
2293 2402 2404 2471 ipse
2428 2404 2662 2473 conﬁsus
2682 2404 2915 2474 justitia:
2942 2422 3055 2461 sum
3078 2407 3262 2478 fecerit
3287 2407 3390 2462 ini-

1813 2496 2104 2566 quitatem,
2141 2512 2321 2550 onmes
2347 2497 2581 2566 justitiw
2614 2498 2729 2568 ejus
2768 2517 2872 2554 non
2911 2503 3391 2556 commemorabun-

1816 2594 1947 2641 tur:
1974 2588 2028 2640 in
2060 2587 2328 2655 injustitia
2355 2603 2453 2641 sua
2479 2604 2639 2657 quant
2669 2588 2825 2657 fecit,
2869 2591 2923 2644 in
2967 2592 3081 2659 ipsa
3113 2592 3385 2649 morietur.

1816 2676 1885 2730 Et
1914 2694 2033 2730 cum
2064 2676 2250 2732 dixero
2281 2694 2375 2748 ego
2406 2679 2565 2747 impio
2591 2695 2609 2733 :
2642 2679 2815 2735 Morte
2846 2684 3110 2746 morieris,
3141 2691 3191 2737 et
3225 2700 3389 2738 rever-

1815 2785 1905 2823 sus
1937 2769 2098 2837 fuerit
2124 2773 2189 2823 ab
2218 2771 2235 2789 ⁹
2267 2770 2546 2839 iniquitate
2575 2787 2675 2824 sua
2696 2811 2711 2836 ,
2746 2780 2797 2825 et
2830 2771 3012 2839 fecerit
3037 2772 3304 2841 judicium
3337 2782 3389 2826 et

1804 2859 2113 2928 justitiam;
2138 2868 2186 2913 et
2213 2859 2401 2930 pignus
2430 2860 2686 2914 debitoris
2714 2860 3041 2925 reddiderit,
3071 2871 3118 2914 et
3145 2862 3390 2929 rapinam

1815 2949 2138 3013 restituerit,
2183 2949 2396 3019 iniquus
2433 2950 2486 3002 in
2520 2952 2794 3020 praeceptis
2826 2951 2945 3005 vita:
2976 2949 3299 3017 ambulavit,
3330 2961 3388 3007 ut

1815 3058 1917 3095 non
1951 3040 2118 3109 facint
2153 3040 2320 3112 958
2352 3042 2613 3111 injustam
2635 3082 2650 3107 ,
2682 3046 2789 3097 vita
2822 3043 2988 3106 vivet,
3019 3053 3065 3097 et
3116 3059 3219 3096 non
3270 3057 3385 3096 mo-

1816 3135 2003 3187 rietur.
2069 3131 2255 3202 Neque
2300 3133 2494 3201 justo,
2541 3133 2751 3204 inquit,
2798 3132 3068 3205 profuerit
3115 3135 3386 3189 bonorum

1817 3244 1847 3281 a
1882 3244 1968 3283 me
2009 3226 2156 3283 facta
2193 3227 2555 3300 pollicitatio,
2589 3227 2634 3284 si
2667 3229 2723 3283 in
2753 3227 2913 3285 bonis
2941 3228 3203 3300 operibus
3232 3243 3389 3283 exer-

145 3314 392 3383 ζήσεται,
430 3319 533 3373 καί
570 3322 643 3374 οὐ
671 3319 757 3391 μὴ
799 3319 1095 3389 ἀποθάνῃ.
1133 3319 1293 3385 Οὔτε,
1325 3321 1479 3391 φησι,
1502 3320 1593 3373 τὸν
1632 3319 1705 3372 δί-

1821 3319 2001 3376 :endis
2042 3334 2155 3375 non
2205 3321 2684 3391 perseveraverit,
2732 3319 2828 3375 sed
2872 3334 2971 3391 pro
3011 3335 3235 3385 eorum,
3267 3333 3390 3389 quae

147 3426 287 3463 καιον
337 3410 524 3482 ὀνήσει
578 3413 612 3482 ή
667 3414 800 3484 παρ’
828 3414 962 3485 ἐμοῦ
1015 3414 1274 3485 γινομένη
1326 3415 1435 3467 τῶν
1486 3412 1707 3482 ἀγαθῶν

145 3499 446 3570 ὑπόσχεσις,
484 3503 533 3555 εί
566 3503 639 3576 μή
665 3504 923 3576 ἐπιμείνῃ
961 3506 1018 3558 ὲν
1045 3508 1112 3577 τῇ
1146 3505 1255 3559 τῶν
1285 3504 1502 3573 ἀγαθῶν
1540 3505 1706 3574 ἐργα-

145 3589 244 3661 σία,
276 3590 420 3644 ἀλλά
458 3592 617 3648 δώσει
643 3594 797 3657 δίκας
839 3594 945 3649 τῶν
983 3594 1330 3667 βεϐιωμένων
1361 3595 1516 3662 ἀξίας
1536 3610 1549 3625 ⁶
1583 3593 1708 3649 οὔτε

142 3675 221 3731 τδν
243 3681 569 3752 ἁμαρτωλὸν
592 3685 625 3752 ή
647 3683 744 3753 τῆς
772 3683 1043 3754 τιμωρίας
1070 3685 1345 3753 ἀπόφασις
1370 3683 1708 3753 καταδλάψει

138 3769 240 3830 τοῖς
290 3769 402 3839 τῆς
450 3771 739 3839 μετανοίας
795 3774 1106 3844 φαρμάκοις
1151 3773 1473 3844 βουλόμενον
1502 3775 1711 3846 χρήσα-

139 3857 273 3923 σθαι,
304 3860 403 3914 καὶ
459 3862 641 3933 πάσης
685 3864 784 3934 μὲν
825 3864 1039 3927 ἀδικίας
1067 3865 1562 3936 ἀπαλλαττόμενον,
1587 3866 1711 3935 φιλ-

137 3949 414 4024 ανθρωπία
465 3952 522 4006 δὲ
555 3954 692 4025 πρὸς
713 3954 804 4008 τὸν
838 3956 1007 4019 πέλας
1038 3957 1338 4028 χρώμενον,
1381 3957 1477 4011 καὶ
1534 3957 1711 4024 ἁπαξ-

138 4042 310 4106 απλῶς
337 4045 409 4099 τὰ
443 4049 577 4116 παρ’
603 4046 738 4116 ἐμοῦ
772 4048 1166 4119 ὅιηγορευμένα
1196 4050 1483 4116 φυλάττειν
1514 4067 1710 4121 προαι-

1805 3413 1862 3468 in
1890 3413 2003 3466 vita
2032 3413 2239 3484 egerit,
2278 3412 2549 3483 dignitate
2586 3427 2779 3483 prunas
2812 3412 3006 3467 dabit:
3038 3426 3221 3482 neque
3251 3425 3387 3480 sup-

1808 3505 1965 3576 plicii
1997 3505 2275 3560 sententia
2303 3505 2556 3560 nocuerit
2586 3502 2863 3574 peccatori
2885 3542 2900 3568 ,
2927 3502 3019 3572 qui
3048 3499 3387 3573 paenitentia:

1808 3597 2072 3651 remediis
2108 3597 2186 3651 uti
2218 3611 2327 3651 non
2374 3596 2761 3660 recusaverit,
2806 3602 2860 3649 et
2902 3593 2971 3649 ab
3014 3593 3165 3646 omni
3210 3590 3384 3661 impio

1808 3686 2019 3743 scelere
2068 3687 2400 3755 desciverit,
2445 3696 2501 3742 et
2540 3686 2898 3742 clementiam
2946 3699 3076 3755 erga
3119 3699 3244 3739 eum
3286 3682 3384 3754 qui

1811 3776 1919 3832 sibi
1948 3777 2232 3848 proximus
2259 3785 2344 3833 est
2374 3777 2727 3843 adhibuerit,
2755 3787 2808 3832 et
2832 3776 3061 3831 omnino
3084 3775 3386 3830 observare

1811 3868 2117 3923 instituerit
2168 3884 2291 3939 quae
2341 3884 2370 3922 a
2431 3884 2517 3923 me
2569 3875 2842 3939 praecepta
2884 3875 3057 3923 sunt:
3111 3863 3383 3937 siquidem

1809 3961 2180 4015 conversione
2215 3960 2547 4014 sententiam
2586 3966 2834 4024 avertet,
2881 3973 2946 4013 ac
2995 3957 3105 4011 vita
3150 3955 3384 4010 fruetur.

1810 4051 2082 4121 Quodque
2115 4052 2362 4106 omnium
2398 4050 2855 4106 amabilissimum
2890 4057 3015 4105 est:

139 4130 387 4202 οούμενον
413 4149 428 4163 ο
464 4133 616 4188 λύσει
647 4135 757 4207 γὰρ
776 4139 841 4208 τῇ
866 4138 1135 4208 μεταϐολῇ
1161 4138 1259 4209 τὴν
1286 4138 1580 4207 ἀπόφασιν,
1606 4140 1701 4192 καὶ
1727 4138 1871 4211 ζωῆς
1902 4138 2286 4194 ἀπολαύσεται.
2319 4139 2429 4192 Καὶ
2458 4138 2518 4192 τὸ
2553 4141 2771 4194 πάντων
2801 4136 3207 4211 ἐρασμιώτατον

202 4251 291 4309 ις’.
350 4245 579 4311 Πᾶσαι,
641 4247 838 4318 φησιν,
895 4250 957 4303 al
1004 4249 1277 4318 ἁμαρτίαι
1334 4248 1562 4312 αὐτοῦ,
1631 4248 1703 4315 ἃς

133 4334 429 4405 ἥμαρτεν,
487 4339 560 4392 οὐ
605 4337 1208 4408 μνημονευθήσονται
1259 4338 1420 4404 αὐτῷ
1479 4340 1557 4404 ¹²,
1614 4339 1702 4391 ὅτι

130 4446 179 4493 κ]
198 4429 295 4497 ipa
333 4430 439 4484 καί
484 4429 881 4499 δικαὶοσύνην
918 4432 1225 4499 ἐποίησεν,
1266 4433 1336 4485 ἐν
1373 4431 1574 4497 αὐτοῖς
1611 4430 1704 4498 ζ’ιῇ-

128 4534 305 4575 σεται.
336 4519 504 4575 Οὕτω
532 4520 630 4591 τὴν
658 4521 867 4575 οίκείαν
891 4522 1202 4595 ἀγαθὸτητα
1229 4521 1429 4588 δείξας,
1458 4522 1552 4576 τοῦ
1571 4521 1700 4575 λαοῦ

126 4610 384 4683 διελέγχει
416 4612 481 4666 τὸ
511 4610 660 4680 ἅγνω
667 4628 787 4683 μον.

194 4723 255 4788 ιζ’
334 4722 456 4778 Καὶ
509 4723 805 4793 λέγουσιν
845 4725 887 4757 ¹³
924 4728 979 4779 oi
1018 4725 1133 4780 υἱοί
1185 4726 1291 4779 τοῦ
1344 4725 1500 4779 λαοῦ
1550 4740 1704 4779 σουο

127 4817 240 4868 Οὐκ
291 4816 501 4870 εὐθεῖα
552 4816 590 4882 ἡ
646 4814 785 4881 ὁδὸς
837 4818 1088 4884 Κυρίου,
1145 4817 1245 4870 καί
1294 4817 1446 4885 αῦτη
1486 4818 1524 4885 ἠ
1568 4816 1709 4883 ὁδὸς

122 4904 314 4957 αὐτῶν
348 4907 470 4958 οὐκ
509 4904 730 4960 εὐθεῖα.
796 4904 1079 4975 Τοσαύτης
1101 4946 1116 4969 ,
1166 4908 1301 4975 φησὶ
1334 4948 1348 4971 ,
1412 4906 1542 4977 παρ’
1566 4905 1704 4976 ἐμοῦ

123 4995 501 5065 προκειμένης
532 4994 868 5065 ἁγαθότητος
899 4997 993 5049 καὶ
1025 4997 1455 5068 φιλανθρωπίας,
1486 4997 1707 5051 διαϐάλ-

122 5083 227 5135 λειν
278 5086 383 5148 τὰς
433 5084 578 5154 ἐμὰς
622 5084 892 5155 τολμῶσιν
923 5087 1257 5155 οἰκονομίας,
1294 5087 1368 5150 ὡς
1392 5088 1490 5141 οὐκ
1516 5088 1701 5159 ὀρθάς.

122 5173 225 5225 Καὶ
257 5175 368 5245 μὴν
402 5173 517 5226 ἔδει
550 5174 782 5229 συνιδεῖν
810 5176 1004 5239 αὐτοὺς
1037 5176 1142 5230 ἀπὸ
1194 5177 1301 5229 τῶν
1346 5178 1704 5248 πραγμάτων,

1883 4248 2048 4305 Vsus.
2096 4250 2182 4307 16.
2226 4249 2456 4313 Omnia,
2518 4250 2735 4320 inquit,
2791 4258 3008 4317 peccata
3057 4248 3212 4317 ejus,
3269 4262 3382 4316 qua:

1774 4341 2042 4403 .pcccavit
2065 4378 2079 4403 ,
2110 4356 2210 4393 non
2250 4339 2806 4393 commemorabuntur
2842 4340 2924 4403 ei,
2961 4339 3088 4407 quia
3116 4335 3384 4405 judicium

1807 4439 1856 4482 et
1876 4429 2154 4498 justitiam
2177 4430 2338 4511 fecit:
2375 4430 2426 4482 in
2450 4430 2579 4497 ipsis
2602 4430 2753 4483 vivet.
2782 4427 2858 4481 lta
2890 4438 3113 4483 ostensa
3158 4441 3258 4481 sua
3285 4424 3381 4478 bo-

1810 4521 2018 4585 nitate,
2052 4521 2227 4590 iniqui
2263 4528 2318 4576 et
2355 4520 2560 4590 ingrati
2597 4518 2787 4591 populi
2827 4519 3040 4574 crimen
3078 4515 3381 4586 redarguit.

1879 4714 2046 4771 Vsus.
2093 4715 2173 4769 l7.
2214 4714 2284 4769 Et
2322 4714 2507 4767 dicunt
2548 4715 2651 4784 ﬁlii
2686 4713 2868 4783 populi
2907 4713 3029 4766 tui:
3071 4711 3196 4765 Non
3237 4720 3382 4765 recta

1804 4816 1880 4861 est
1923 4807 2007 4860 via
2048 4805 2300 4873 Domini,
2340 4815 2392 4860 et
2425 4805 2536 4859 Ita'c
2572 4807 2656 4859 via
2690 4806 2924 4873 ipsorum
2962 4820 3066 4858 non
3100 4814 3178 4857 est
3215 4811 3379 4858 recta.

1807 4898 1984 4951 Tanta
2007 4939 2021 4963 ,
2054 4897 2269 4968 inquit,
2298 4912 2327 4950 a
2360 4912 2445 4952 me
2475 4897 2761 4967 proposita
2791 4896 3039 4951 bonitate
3071 4902 3239 4964 atque
3268 4894 3382 4949 cle-

1805 4989 2015 5043 mentia
2039 5029 2055 5053 ,
2084 5003 2350 5043 accusare
2384 5002 2536 5044 meas
2561 4986 2985 5042 administrandi
3012 4986 3285 5051 rationes,
3321 4992 3383 5040 ut

1802 5080 1988 5134 minus
2015 5086 2229 5141 rectas,
2266 5078 2493 5134 audent.
2526 5078 2695 5147 Atqui
2728 5078 3029 5148 oportebat
3063 5092 3159 5131 eos
3189 5090 3256 5131 ex
3287 5092 3377 5132 re-

1805 5174 1908 5228 bus
1950 5172 2087 5242 ipsis
2125 5171 2434 5242 intelligerc
2460 5209 2474 5235 ,
2508 5186 2630 5225 mea
2661 5170 2884 5241 quidem
2913 5169 3101 5225 omnia
3135 5177 3191 5225 et
3222 5174 3376 5224 recta

1410 5388 1642 5442 VARixE
1681 5388 2079 5445 LEGTIONES.

190 5525 211 5557 '
231 5527 289 5598 _A
322 5528 650 5598 ἀποστροφῇ
680 5528 1104 5598 ἀποστρέψατεε
1157 5528 1177 5557 ⁶
1218 5528 1326 5580 Καὶ
1356 5528 1418 5581 σὺ
1449 5527 1530 5577 υἱὲ
1559 5528 1693 5598 ᾁνθρ

126 5590 178 5645 In
217 5596 259 5646 Λ
307 5606 364 5651 et
396 5590 528 5651 loco
555 5590 818 5667 jamtcit.
851 5590 1032 5666 praem.
1078 5597 1162 5652 ἄν.
1239 5598 1259 5627 ⁸
1299 5599 1341 5648 Α
1371 5596 1659 5667 ἁμαρτίας.

1756 5526 1887 5599 Des.
1911 5529 1963 5581 in
1997 5530 2055 5582 A.
2094 5530 2295 5584 Eadem
2325 5531 2426 5599 leg.
2460 5530 2623 5594 infra,
2646 5532 2794 5583 Ha’r.
2830 5528 2938 5595 fab.
2970 5527 3004 5599 ί,
3042 5526 3134 5580 cit.
3186 5524 3231 5599 _"
3268 5525 3369 5592 ήμ.

1737 5598 1774 5671 ξ-
1798 5602 1838 5647 Λ
1876 5598 2242 5671 ἐνμεχύρασμα.
2286 5596 2450 5661 Infra,
2492 5599 2637 5653 υτον.
2679 5599 2786 5671 fab.
2811 5599 2919 5671 loc.
2951 5598 3040 5671 cit.
3073 5602 3155 5647 est
3182 5596 3369 5671 ἐνεχυο

126 5666 373 5733 οιασμόν.
457 5667 505 5749 ’.ο
530 5662 664 5749 (ξάνί
704 5665 826 5721 Des.
850 5662 1090 5749 quidemn
1115 5668 1166 5749 in
1201 5662 1687 5749 A,_r-xstat':'ttttcttt
1729 5665 1875 5746 llam
1910 5662 2161 5749 ['abflu'e:
2196 5671 2290 5723 cit.
2326 5672 2412 5723 ubi
2437 5686 2629 5749 Paulli.
2652 5670 2745 5749 εἰ..
2774 5738 2782 5749 Ι
2809 5668 2846 5697 ¹¹
2891 5662 3366 5749 ίὶυδιαρτορεύηται.

148 5743 384 5807 ειμνημ.
419 5734 666 5806 cit-3:59.15
704 5738 1031 5807 μνησοῶσιν.
1077 5736 1241 5804 Inita,
1267 5740 1412 5794 Hu’r.
1452 5737 1537 5803 {ab
1576 5738 1679 5791 ioc.
1716 5738 1807 5791 cit.
1847 5749 1921 5792 es:
1960 5756 1988 5806 ξι

1987 5740 2353 5810 μνησθήσονται
2392 5732 2579 5791 cci-:03.
2652 5739 2689 5765 ’³
2731 5737 2842 5801 λέγ.
2876 5736 2917 5785 Λ
2947 5732 3159 5801 ἐροῦσιν
