3860 6206
470 330 601 397 ΗΠ

1452 328 1552 390 ΤΗ
1564 326 1937 389 EODORETI
1969 319 2309 388 EPISCOPI
2347 323 2713 387 CYRENSIS

3541 334 3660 404 ll-l8‘

463 454 519 502 et
566 446 719 517 justa
767 459 926 507 esse,
973 458 1070 498 sua
1122 456 1251 497 vero
1300 456 1577 512 perversa.
1628 439 1837 496 Deinde
1886 441 2028 496 idem

2151 446 2214 493 ὅτι
2241 438 2312 493 τὰ
2352 440 2453 510 μὲν
2500 439 2609 511 ἐμὰ
2646 441 2860 510 ᾅπαντα
2888 436 2985 492 καὶ
3009 437 3147 511 ὀρθὰ
3174 441 3262 496 καὶ
3303 442 3487 510 δίκαια,
3514 448 3570 502 τὰ
3601 460 3645 512 δὲ

465 537 714 608 apemins
744 551 838 606 per
870 534 1358 606 interrogationem
1385 532 1540 588 dicit:

535 711 696 769 Vsus.
744 712 829 766 l8.
872 710 1063 769 Audite
1107 714 1298 768 domus
1346 713 1524 768 Israel
1563 730 1580 768 :
1627 730 1751 767 num
1793 715 1879 768 via
1924 731 2040 768 mea

465 823 566 860 non
598 815 675 860 est
705 813 848 859 recta
875 807 900 858 1³
942 823 1110 861 nonne
1156 809 1254 861 vite
1296 816 1481 862 vestra:
1520 824 1626 861 non
1667 817 1793 862 sunt
1836 808 2042 863 rectm?

463 898 601 951 Tum
633 905 888 968 repetens
917 914 979 953 ea
1016 915 1136 970 quae
1162 899 1313 954 dicta
1344 908 1508 966 sunt,
1540 900 1613 953 ait
1643 919 1655 953 :
1686 898 1914 961 Justus,
1946 900 2041 968 qui

465 987 675 1043 scelera
726 988 984 1058 persequi
1036 989 1382 1054 instituerit,
1436 990 1703 1060 punietur
1779 987 1917 1062 [19].
1976 989 2041 1042 Et

463 1088 720 1148 peccator
751 1079 816 1134 ad
847 1080 1127 1149 justitiam
1161 1096 1423 1138 reversus
1455 1083 1691 1139 salutem
1720 1081 1887 1154 959
1912 1098 2075 1137 con-‘

464 1179 759 1241 sequetur:
791 1173 949 1228 vobis
980 1181 1164 1228 autem
1196 1175 1301 1230 hoc
1326 1215 1341 1239 ,
1375 1175 1592 1245 inquit,
1639 1175 1786 1229 haud
1825 1176 2043 1247 justum

464 1260 642 1315 visum
678 1271 781 1317 est.
823 1262 1039 1318 Idcirco
1078 1265 1320 1334 subjecit
1352 1283 1366 1316 :

536 1348 702 1405 Vnus.
732 1351 819 1405 20.
849 1351 912 1404 Et
937 1354 1032 1406 hoc
1048 1364 1124 1406 est
1143 1354 1279 1424 quod
1295 1354 1545 1409 dixistis:
1566 1352 1689 1407 Non
1713 1364 1855 1409 recta
1872 1362 1945 1408 est
1962 1353 2047 1406 via

464 1440 701 1497 Domini.
734 1442 938 1498 Deinde
972 1444 1205 1513 positive
1233 1463 1246 1498 :
1284 1464 1301 1497 ι
1329 1443 1812 1516 Unumquemque,
1846 1445 2046 1515 inquit,

467 1533 774 1589 secundum
797 1535 917 1590 vias
940 1537 1433 1605 vestrasjudicabo
1454 1553 1573 1600 vos,
1595 1537 1790 1593 domus
1806 1537 1997 1592 Israel.
2024 1557 2042 1587 ι

468 1624 616 1679 Satis
647 1625 751 1679 hoc
779 1631 864 1679 est
893 1625 960 1679 ad
993 1626 1437 1695 persuadendum
1472 1626 1555 1682 vel
1580 1627 1649 1681 iis
1679 1625 1772 1696 qui
1797 1626 2051 1679 adaman-

465 1712 564 1766 tini
597 1713 729 1776 sint,
769 1719 828 1766 ut
861 1714 1071 1769 relictis
1107 1716 1431 1778 sceleribus,
1459 1716 1589 1770 vita:
1619 1716 1673 1770 in
1702 1716 1899 1773 melius
1923 1731 2048 1768 mu-

466 1803 729 1858 tationem
773 1807 1228 1876 eompleetantur.
1635 1790 1643 1795 7

538 1895 697 1951 Vsus.
722 1898 813 1961 21,
836 1898 925 1953 22.
951 1899 1017 1953 Et
1041 1899 1241 1968 factum
1265 1908 1342 1954 est
1361 1916 1499 1954 anno
1519 1898 1849 1964 duodecimo,
1872 1916 2061 1954 mense

462 1986 665 2042 decimo
693 1990 876 2057 quinto
898 1990 1031 2062 (die)
1059 1992 1251 2045 mensis
1280 1992 1607 2061 captivitatis
1639 2000 1866 2051 nostras.
1907 1991 2044 2043 venit

463 2079 697 2133 salvatus
721 2080 789 2131 ad
818 2096 896 2134 me
922 2081 986 2135 de
1005 2080 1398 2152 Hierosolyma,
1418 2081 1619 2141 dicens,
1640 2078 1812 2150 Capta
1827 2090 1902 2136 cst
1920 2081 2045 2135 civi-

466 2177 570 2219 tas.
593 2165 659 2218 Et
677 2183 865 2221 manus
884 2168 1100 2224 Domini
1114 2171 1259 2239 [acta
1275 2181 1353 2226 est
1379 2189 1534 2241 super
1553 2188 1632 2225 me
1649 2186 1870 2240 vespere,
1892 2182 2043 2225 ante-

462 2273 621 2325 quam
657 2259 852 2312 veniret
878 2261 1151 2328 salvatus,
1190 2272 1239 2317 et
1276 2265 1487 2330 aperuit
1533 2280 1591 2317 os
1632 2279 1835 2325 meum,
1883 2264 2046 2318 donec

465 2349 603 2402 venit
642 2348 713 2403 ad
756 2368 834 2404 me
871 2369 1025 2407 mane
1046 2393 1060 2416 ,
1091 2363 1142 2407 et
1178 2362 1418 2422 apertum
1448 2371 1506 2409 os
1540 2372 1711 2410 meum
1739 2373 1843 2411 non
1874 2356 2042 2409 conti-

466 2441 581 2493 nuit
627 2458 682 2496 se
725 2444 976 2512 amplius.
1033 2442 1205 2515 Syrus
1242 2445 1366 2498 ait:
1409 2465 1428 2497 ι
1463 2445 1770 2501 Undecimo
1802 2461 1948 2501 anno
1992 2456 2047 2501 et

2142 530 2290 599 σφῶν
2310 530 2487 582 αὐτῶν
2520 529 2949 601 διεστραμμένα.
2982 529 3117 585 Εἶτα
3145 531 3203 584 τὸ
3231 534 3353 586 αὐτὸ
3376 536 3648 610 σαφέστερον

2140 624 2257 676 κατ’
2287 621 2557 693 ἐρώτησιν
2587 621 2737 689 λέγει
2758 639 2770 653 ·

2212 716 2299 780 ιη’.
2357 710 2683 764 Ἀκούσατε
2724 710 2767 741 ’⁸
2805 708 2872 762 δὲ
2912 710 2953 741 ¹¹⁵
2976 750 2990 771 ,
3030 706 3192 776 οἶκος
3240 712 3498 780 Ἰσραήλ·
3528 716 3596 784 μὴ
3622 719 3648 786 ἡ

2142 800 2283 867 ὁδός
2324 817 2445 870 μου
2482 802 2612 887 οὐκ
2664 798 2864 855 εὐθεῖα
2879 816 2900 865 ;
2954 800 3092 872 οὐχί
3140 805 3199 856 al
3236 803 3357 887 ὁδοὶ
3393 805 3538 873 ὑμῶν
3566 811 3651 862 οὐκ

2141 891 2364 947 εὐθεῖαι
2389 907 2408 954 ;
2436 886 2569 944 Εἶτα
2600 891 3048 964 ἑπαναλαμῦἀνει
3077 893 3145 947 τά
3165 895 3437 965 εἰρημένα,
3462 898 3539 950 καί
3572 917 3651 969 φη.

2146 1000 2248 1041 σιν,
2286 983 2367 1035 ὃτι
2399 980 2428 1032 6
2461 980 2668 1045 δίκαιος
2714 980 2815 1053 τὴν
2866 981 3064 1037 κακίαν
3104 985 3506 1054 προαιρούμενος
3530 988 3654 1040 κολα-

2147 1073 2425 1145 σθήσεται,
2483 1074 2577 1129 καὶ
2635 1076 2663 1128 6
2720 1074 3050 1147 ἁμαρτωλὸς
3101 1076 3184 1138 εἰς
3231 1073 3324 1146 τὴν
3368 1075 3655 1148 δικαιοσᾶνην

2146 1166 2383 1220 ἐπανιὼν
2412 1166 2687 1238 σωτηρίας
2708 1166 2990 1234 τεύξεται·
3030 1168 3159 1237 ὑμῖν
3194 1166 3271 1231 δὲ,
3294 1167 3436 1236 φησὶ,
3463 1167 3592 1222 τοῦτο
3609 1173 3653 1223 οὐ

2146 1260 2423 1331 κατεφάνη
2458 1260 2689 1313 δίκαιον.
2721 1259 2813 1312 Διὸ
2839 1259 3118 1330 ἐπήγαγεν
3144 1276 3156 1287 ·

2219 1356 2286 1402 κ’.
2342 1349 2451 1404 Καὶ
2491 1349 2670 1403 τοῦτό
2704 1348 2876 1403 ἐστιν
2905 1348 2937 1403 ὅ
2980 1349 3188 1403 εἴπατε
3213 1364 3227 1378 ·
3283 1349 3398 1402 Οὐκ
3437 1348 3600 1402 εὐθεῖα
3631 1351 3659 1417 ἡ

2149 1439 2289 1506 ὁδὸς
2338 1441 2584 1507 Κυρίου.
2642 1440 2874 1493 Ἔπειτα
2925 1439 3346 1510 ἀποφαντικῶς·
3397 1459 3413 1490 ι
3443 1440 3659 1494 "Exacto:

2150 1530 2291 1586 κατὰ
2312 1531 2410 1595 τὰς
2436 1531 2588 1594 ὁδοὺς
2618 1532 2661 1564 ¹⁶
2683 1530 2838 1602 ὑμῶν
2860 1531 3030 1602 κρινῶ
3066 1533 3232 1602 ὑμᾶς,
3256 1526 3397 1592 οἶκος
3425 1532 3622 1602 Ἰσραήλ.
3644 1552 3656 1584 ι

2161 1621 2364 1676 Ἱκανὸν
2404 1622 2458 1674 δὲ
2492 1621 2654 1675 τοῦτο
2680 1625 2867 1675 πεῖσαι
2892 1622 3134 1685 καὶτοὺς
3178 1621 3300 1675 λίαν
3331 1622 3660 1693 ἀδαμαντίνους

2150 1714 2248 1785 τὴν
2279 1714 2376 1785 τῆς
2409 1713 2609 1778 κακίας
2636 1715 2923 1785 ἀγαπῆσαι
2955 1713 3282 1785 μεταϐολήν.
3312 1706 3319 1717 ’

2216 1894 2320 1959 καῖ,
2358 1896 2462 1966 κβ’.
2498 1897 2611 1951 Kal
2661 1896 2895 1967 ἐγένετο
2913 1898 2954 1930 ¹⁷
3005 1898 3076 1951 ἐν
3112 1897 3193 1962 τῷ
3238 1896 3528 1962 δωδεκάτῳ
3556 1898 3662 1957 ἔτει.

2144 1986 2215 2040 ἐν
2259 1986 2338 2053 τῷ
2387 1986 2611 2053 δεκάτῳ
2629 1989 2673 2019 ¹⁸
2724 1988 2889 2056 μηνὶ,
2945 1988 3186 2058 πέμπτῃ
3236 1986 3342 2041 τοῦ
3380 1986 3551 2055 μηνὸς
3585 1984 3664 2053 τῆς

2144 2082 2557 2149 αἰχμαλωσίας
2588 2080 2775 2150 ἡμῶν,
2820 2077 3007 2152 ἦλθεν
3036 2083 3069 2134 ὀ
3097 2080 3431 2146 ἀνασωθεὶς
3468 2079 3594 2148 πρός
3612 2094 3665 2146 με

2145 2169 2265 2224 ἀπὸ
2305 2169 2705 2239 Ἰερουσαλὴμ
2741 2170 2936 2240 λέγων
2959 2186 2974 2201 ⁸
3022 2168 3217 2224 Ἑάλω
3238 2172 3280 2204 ¹⁹
3314 2154 3350 2237 ἦ
3380 2171 3550 2231 πόλις.
3589 2166 3666 2221 Kal

2146 2257 2274 2326 χεὶρ
2318 2259 2543 2327 Kvplov
2584 2259 2821 2328 ἐγένετο
2867 2258 2959 2312 ἐπ’
3005 2259 3109 2330 ἐμὲ
3151 2258 3412 2328 ἑσπέρας
3447 2256 3667 2326 πρὶν¹⁶ἧ

2145 2348 2344 2400 ἐλθεῖν
2372 2347 2478 2401 τὸν
2497 2347 2903 2413 ἀνασωθέντα,
2928 2348 3025 2403 καί
3051 2348 3263 2418 ἤνοιξέ
3281 2366 3396 2418 μου
3424 2347 3484 2400 τὸ
3502 2346 3667 2414 στόμα.

2145 2438 2251 2507 ἕως
2282 2436 2431 2512 ἦλθε
2464 2443 2616 2511 πρός
2637 2460 2714 2513 με
2741 2442 2981 2510 τοπρωῒ,
3006 2442 3103 2496 καὶ
3129 2439 3411 2511 ἀνοιχθὲν
3440 2440 3496 2492 τὸ
3524 2441 3669 2506 στόμα

465 2529 790 2585 duodecimo
818 2536 838 2553 ⁴
871 2549 1095 2599 mense,
1129 2554 1147 2586 ι
1175 2535 1346 2605 idque
1377 2536 1557 2607 magis
1589 2552 1891 2608 congruum
1920 2552 2045 2593 esse

2151 2535 2318 2600 non"
2354 2536 2426 2588 οὐ
2456 2534 2800 2605 συνεσχέθη
2828 2533 2933 2588 ἔτι.
2990 2535 3048 2587 '0
3073 2534 3267 2606 Σύρος,
3306 2552 3324 2583 ι
3355 2532 3439 2602 Τῷ
3460 2530 3670 2597 ἑνδεκάτῳ

465 2619 682 2676 videtur
716 2638 903 2680 :anuo
956 2625 1102 2679 enim
1150 2628 1446 2683 undecimo
1493 2636 1654 2699 capta
1696 2637 1781 2684 est
1822 2628 2042 2685 civitas.

466 2713 681 2767 Asserit
710 2722 893 2769 autem
924 2730 990 2770 eo
1024 2723 1310 2786 tempore,
1360 2718 1509 2788 quod
1551 2720 1761 2774 dictum
1808 2727 1924 2785 est,
1955 2735 2047 2774 ve-

466 2797 618 2860 nissé
642 2807 957 2876 quemdam,
990 2808 1084 2879 qui
1114 2818 1335 2880 captam
1369 2810 1806 2884 Hierosolymam
1838 2828 2045 2868 renun-

464 2897 671 2952 tiaret:
709 2900 804 2954 sed
847 2902 1285 2958 antevenientem
1336 2903 1633 2959 Dominum
1673 2920 1901 2975 vespere
1942 2905 2045 2959 im-

465 2989 718 3057 posuisse
750 2992 917 3046 verba
951 2993 1298 3063 prOphetize;
1342 3010 1581 3066 cumque
1625 3010 1781 3051 mane
1820 2996 1911 3051 ille
1952 3010 2045 3065 ap-

2146 2626 2254 2679 ἔτει
2279 2627 2373 2678 καὶ
2409 2624 2486 2696 τῷ
2508 2625 2793 2695 δωδεκάτῳ
2819 2625 2968 2697 μηνὶ,
2996 2644 3013 2675 ι
3044 2626 3137 2678 καὶ
3161 2623 3365 2696 μᾶλλον
3388 2618 3668 2681 ἀκολούθως·

2145 2721 2222 2792 τῷ
2252 2719 2361 2792 γὰρ
2407 2719 2679 2789 ἑνδεκάτῳ
2720 2718 2828 2771 ἔτει
2873 2718 2987 2788 ἥλω
3020 2718 3054 2788 ἡ
3107 2718 3287 2782 πόλις.
3334 2716 3485 2784 Λέγει
3512 2714 3576 2776 δὲ,
3612 2713 3670 2765 ὅτι

2146 2812 2290 2868 κατὰ
2314 2812 2406 2865 τὸν
2434 2810 2728 2883 εἰρημένον
2758 2810 2951 2881 χρόνον
2993 2804 3097 2881 ἦκέ
3126 2826 3213 2872 τις
3244 2806 3577 2875 ἀπαγγέλλων
3602 2803 3672 2872 τῆς

2158 2904 2514 2976 Ἰερουσαλὴμ
2556 2903 2655 2976 τὴν
2704 2903 2928 2971 ἅλωσιν,
2972 2900 3267 2974 προλαϐὼν
3311 2901 3366 2953 δὲ
3398 2902 3423 2952 ὁ
3451 2895 3672 2963 Δεσπότης

2145 2998 2238 3067 ἀφ’
2288 2996 2524 3067 ἑσπέρας
2580 2995 2673 3048 τὸν
2728 2997 2825 3066 τῆς
2873 2993 3216 3064 προφητείας
3274 2991 3488 3061 ἐνέθηκε
3523 2987 3672 3053 λόγον·

466 3075 782 3144 paruisset,
839 3086 897 3133 et
955 3083 1213 3135 nuntium
1270 3084 1584 3149 attulisset,
1643 3100 1753 3140 non
1807 3085 2045 3154 amplius

2151 3088 2317 3146 ἕωθεν
2347 3087 2403 3140 δὲ
2438 3086 2646 3140 ἐκείνου
2676 3086 2954 3156 φανέντος,
3002 3086 3097 3139 καὶ
3125 3085 3230 3158 τὴν
3274 3082 3520 3152 ἀγγελίαν
3552 3074 3669 3148 uoti!-

465 3179 555 3220 me
585 3167 811 3222 silentio
846 3171 1167 3240 prephctica
1213 3174 1379 3228 verba
1422 3173 1714 3231 continere
1755 3175 2044 3246 permisit,

2154 3197 2365 3243 σαντος,
2404 3179 2588 3233 ούκέτι
2625 3197 2692 3251 με
2743 3182 2869 3251 σιγῇ
2916 3179 3168 3250 κατέχειν
3208 3177 3337 3240 τοὺς
3366 3170 3673 3247 προφητικῶς

465 3256 561 3310 sed
595 3257 974 3317 indesinenter
1002 3279 1064 3318 ca
1102 3264 1352 3335 proferre
1384 3283 1471 3323 me
1495 3269 1685 3336 jussit,
1721 3266 1887 3338 idque
1917 3267 2047 3322 ell'ev

463 3353 563 3407 cit.
594 3352 853 3410 Omnium
884 3358 1033 3412 enim
1065 3365 1120 3412 et
1149 3356 1421 3429 ii‘nprimis
1460 3360 1665 3417 silentii
1710 3376 1777 3416 ac
1808 3360 2053 3416 locutio-

465 3446 553 3502 nis
582 3454 801 3519 tempus
833 3452 986 3505 novit
1024 3451 1319 3507 Dominus.

533 3623 699 3680 Vsus.
739 3626 831 3689 23,
864 3628 956 3681 2i.
1000 3627 1066 3682 Et
1110 3630 1309 3698 factum
1342 3640 1418 3685 est
1462 3630 1675 3685 verbum
1726 3629 1938 3684 Domini
1980 3632 2048 3683 ad

467 3731 548 3769 me
568 3756 583 3777 ,
618 3717 797 3771 dicens
818 3761 833 3783 ,
866 3716 975 3772 Fili
1001 3719 1229 3774 hominis
1252 3763 1266 3786 ,
1294 3723 1649 3776 inhabitantes
1677 3722 1915 3776 desertas
1950 3721 2047 3777 has

467 3809 523 3860 in
547 3817 691 3861 terra
726 3806 924 3873 Israel,
950 3810 1180 3865 dicentes
1206 3813 1360 3865 aiunt
1385 3829 1402 3865 :
1440 3812 1588 3867 Unus
1612 3824 1725 3867 crat
1752 3813 2046 3878 Abraham,

466 3909 515 3952 et
552 3899 780 3952 obtinuit
815 3910 1037 3963 terram,
1080 3910 1129 3953 et
1164 3918 1257 3954 nos
1289 3902 1468 3969 plures
1499 3918 1706 3965 smnus,
1740 3900 1889 3954 nobis
1918 3900 2049 3954 data

466 3998 543 4047 est
579 3998 721 4042 terra
768 3991 824 4043 in
870 3994 1280 4059 possessionem.
1320 3992 1582 4062 Stuporis
1632 3993 1825 4048 morbo
1872 4009 2050 4063 usque

466 4077 604 4136 adeo
644 4080 938 4146 laborant,
976 4092 1035 4136 ut
1079 4083 1217 4137 nihil
1257 4099 1428 4153 supra
1475 4083 1773 4156 excogitari
1816 4085 1991 4154 possit
2028 4102 2043 4139 :

466 4169 673 4239 quippe
702 4170 795 4237 qui
829 4178 956 4241 post
985 4172 1151 4243 960
1178 4180 1258 4227 tot
1281 4180 1543 4243 tantaque
1570 4174 1842 4244 supplicia
1865 4174 2047 4229 adhuc

465 4260 747 4314 temerarii
779 4272 930 4325 sunt.
955 4272 1010 4317 et
1048 4265 1405 4320 solitudinem
1432 4263 1632 4322 Judteze
1656 4267 2044 4336 conspicantes

463 4350 650 4407 dicere
675 4353 906 4408 audent:
942 4355 998 4409 Si
1029 4357 1183 4412 solus
1218 4372 1341 4412 cum
1373 4367 1522 4413 esset
1554 4358 1833 4412 Abraham
1858 4399 1872 4424 ,
1907 4359 2047 4413 hanc

2150 3271 2301 3324 εἴασε
2348 3269 2575 3337 λόγους,
2634 3270 2748 3323 ἀλλ’
2798 3268 3091 3332 ἀπαύστως
3134 3267 3362 3351 τούτους
3406 3263 3676 3335 προσᾳέρειν

2149 3363 2400 3417 ἐκέλευσέ
2435 3380 2493 3414 τε
2525 3362 2619 3415 καὶ
2651 3360 3030 3432 παρεσκεύασε
3056 3376 3069 3390 °
3117 3359 3342 3413 πάντων
3368 3357 3471 3427 γὰρ
3496 3354 3675 3425 μάλιστα

2149 3457 2248 3528 τῆς
2294 3454 2455 3523 σιγῆς
2500 3455 2596 3508 καὶ
2642 3455 2740 3523 τῆς
2789 3453 2978 3515 λαλιᾶς
3019 3451 3215 3519 καιρὸν
3240 3453 3269 3505 6
3307 3448 3562 3515 Δεσπότης
3590 3442 3675 3495 ἐπί-

2153 3563 2371 3601 σταται.

2221 3646 2325 3707 κγ’,
2368 3638 2462 3692 κδ’.
2518 3636 2629 3690 Kal
2676 3634 2911 3703 ἐγένετο
2961 3636 3145 3704 λόγος
3189 3632 3414 3698 Κυρίου
3449 3629 3576 3698 πρός
3603 3640 3675 3692 με,

2149 3730 2373 3799 λέγων·
2426 3728 2519 3782 Υἱὲ
2551 3728 2885 3798 ἀνθρώπου,
2924 3730 2975 3780 ot
3004 3724 3429 3788 κατοικοῦντες
3454 3720 3547 3785 τὰς
3569 3719 3677 3785 ἠρη-

2144 3820 2421 3890 μωμένας
2454 3820 2674 3884 ταύτας
2691 3820 2733 3849 ²²
2761 3817 2858 3871 ἐπὶ
2886 3816 2998 3885 τῆς
3025 3815 3135 3887 γῆς
3162 3815 3276 3870 τοῦ
3318 3811 3569 3883 Ἰσραὴλ,
3606 3804 3677 3859 .16-

2151 3928 2358 3980 γοντες
2386 3910 2709 3980 λέγουσιν’
2750 3904 2858 3974 Εἲς
2896 3905 2975 3979 ἦν
3016 3907 3297 3977 Ἀϐραὰμ,
3342 3906 3437 3959 καὶ
3471 3900 3676 3963 κατέσχε

2150 4004 2265 4073 τὴν
2289 4004 2426 4074 γῆν,
2454 4004 2550 4058 καί
2581 4002 2750 4073 ἡμεῖς
2787 4004 3037 4065 πλείους
3062 4000 3279 4070 ἐσμὲν,
3327 3997 3466 4067 ἡμῖν
3494 3993 3676 4048 δέδοται

2150 4095 2190 4163 ἡ
2216 4093 2291 4163 γῆ
2320 4096 2407 4158 εὶς
2432 4094 2827 4162 κατάσχεσιν.
2878 4090 3247 4161 Ἀναλγησίας
3289 4088 3525 4143 νοσοῦσιν
3550 4085 3676 4149 ὑπερ-

2151 4184 2312 4254 ϐολήν
2330 4200 2342 4213 ·
2376 4183 2513 4254 μετὰ
2538 4183 2645 4254 γὰρ
2673 4183 2772 4247 τὰς
2799 4182 3064 4246 τοσαύτας
3087 4182 3180 4234 καὶ
3204 4178 3528 4251 τηλικαύτας
3551 4190 3677 4242 τιμω·

2153 4275 2294 4347 ρίας,
2323 4275 2403 4328 ἔτι
2434 4274 2815 4346 θρασύνονται,
2841 4276 2934 4329 καὶ
2954 4273 3052 4344 τὴν
3077 4273 3324 4344 ἐρημίαν
3346 4272 3443 4341 τῆς
3474 4262 3676 4321 Ἰουδαίας

2149 4366 2381 4436 ὁρῶντες
2407 4366 2643 4431 τολμῶσι
2667 4364 2847 4432 λέγειν
2865 4380 2879 4393 ·
2913 4366 2974 4418 El
2999 4363 3159 4433 μόνος
3186 4362 3267 4417 ὢν
3310 4359 3545 4432 ’Δϐραάμ
3564 4351 3675 4423 τήνδε

464 4451 672 4501 terram
706 4448 991 4517 possedit,
1024 4451 1198 4507 multo
1234 4452 1408 4522 magis
1441 4468 1576 4520 nos,
1609 4454 1702 4522 qui
1738 4454 1924 4523 plures
1956 4468 2045 4508 su-

2151 4457 2385 4527 κατέσχε
2414 4456 2511 4527 τὴν
2539 4457 2662 4527 γῆν,
2697 4454 2877 4526 πολλῷ
2908 4455 3104 4526 μᾶλλον
3139 4455 3306 4525 ἡμεῖς
3337 4452 3538 4511 πλείους
3566 4448 3675 4535 ὄντες

466 4551 626 4602 mus,
673 4537 851 4609 ipsius
895 4551 1178 4611 compotes
1228 4544 1459 4601 erimus.
1510 4541 1813 4613 Oportebat
1857 4555 2043 4600 autem

466 4626 633 4683 simul
665 4632 885 4688 novisse
916 4633 1148 4689 Abraha:
1176 4636 1437 4691 virtutem
1463 4677 1477 4702 ,
1512 4653 1787 4707 suumque
1810 4638 2004 4691 vitium
2029 4675 2045 4702 ,

468 4734 649 4790 neque
677 4724 1020 4779 multitudini
1049 4725 1334 4782 conlidere
1355 4768 1370 4793 ,
1406 4728 1499 4782 sed
1536 4726 1814 4798 justitiam
1861 4728 2049 4797 inqui-

465 4827 611 4868 rere.
660 4813 839 4880 Quare
897 4818 1061 4873 etiam
1116 4818 1387 4874 Dominus
1438 4820 1583 4874 hanc
1631 4819 1769 4890 ipsis
1819 4819 2048 4874 adhibet

468 4906 877 4962 correctionem
911 4927 923 4963 :

537 4992 705 5051 Vsus.
745 5000 839 5065 ‘25,
877 4999 967 5055 26.
1004 5001 1293 5070 Propterea
1330 5004 1415 5057 dic
1446 5004 1565 5058 eis:
1597 5003 1725 5059 Ηωε
1747 5002 1877 5057 dicit
1903 5004 2047 5058 Ado-

470 5084 560 5142 ttai
593 5085 889 5144 Dominus:
920 5089 1059 5158 Quia
1091 5094 1401 5163 sanguinem
1441 5096 1717 5151 comeditis
1738 5136 1753 5163 ,
1783 5104 1831 5151 et
1858 5098 2042 5150 oculos

2150 4547 2352 4619 ταύτης
2400 4548 2636 4619 ἐσόμεθα
2685 4547 2887 4618 κύριοί-ι
2938 4547 3086 4600 Ἔδει
3136 4547 3194 4600 δὲ
3233 4546 3461 4599 συνιδεῖν
3497 4541 3575 4595 καὶ
3612 4531 3677 4587 τοῦ

2165 4639 2415 4711 Ἀϐραὰμ
2444 4640 2543 4710 τὴν
2566 4639 2766 4710 ἀρετὴν
2815 4639 2910 4692 καὶ
2935 4637 3033 4710 τὴν
3064 4640 3274 4691 οἰκείαν
3301 4636 3510 4697 κακίαν,
3530 4629 3605 4681 καὶ
3623 4625 3675 4695 μὴ

2155 4731 2350 4804 πλήθει
2377 4732 2624 4804 θαρρεῖν,
2663 4730 2798 4785 ἀλλά
2828 4730 3177 4801 δικαιοσύνην
3228 4729 3519 4796 ἐπιζητεῖν.
3561 4718 3677 4773 Ὅθεν

2154 4823 2249 4875 καὶ
2310 4822 2339 4874 6
2406 4822 2681 4891 Δεσπότης
2766 4819 2958 4874 τοῦτον
3025 4821 3212 4884 αὐτοῖς
3284 4816 3565 4890 προσφέρει
3614 4807 3677 4859 τὸυ

2154 4913 2376 4984 ἔλεγχον
2403 4929 2416 4946 ο

2234 5011 2333 5069 κε’,
2367 5003 2481 5070 κς’.
2534 5004 2637 5060 Διά
2684 5003 2859 5059 τοῦτο
2904 5002 3037 5057 εὶπέ
3074 5002 3283 5069 αὐτοῖς
3314 5019 3328 5032 ο
3384 4998 3517 5053 Τάδε
3555 4991 3677 5056 λέγει

2166 5096 2415 5152 Ἀδωνατ
2444 5098 2658 5167 Κύριος
2676 5113 2689 5127 ο
2741 5095 2980 5165 Ἐπειδὴ
3003 5096 3050 5127 ’³
3079 5094 3182 5149 τοῦ
3206 5095 3453 5164 αἵματος
3476 5085 3677 5145 ἐσθίετε,

1774 5274 2010 5329 ῩΑΒΙᾹΞ
2043 5271 2436 5330 LECTIONES

543 5360 587 5393 “
636 5358 949 5435 ’Δκούσλπ-
979 5360 1204 5435 εὐθεῖαι.
1251 5366 1377 5419 Haac
1417 5364 1534 5419 des.
1592 5364 1736 5435 apud
1781 5363 1919 5417 LXX
1961 5372 2015 5417 et
2054 5365 2108 5418 in
2146 5367 2185 5418 A
2219 5373 2274 5420 et
2321 5365 2493 5419 Hebr.
2547 5362 3015 5435 Pertincnt‘enim
3052 5363 3346 5435 adlocum
3383 5353 3675 5435 parallelntttg

471 5445 593 5504 cap.
627 5446 757 5483 xvm
781 5470 803 5504 _.
1045 5432 1254 5504 πῖλος.
1287 5450 1409 5504 esse
1442 5428 1654 5488 videtur
1684 5435 1769 5504 δή.

474 5502 666 5574 llebr,
703 5500 796 5574 sed
827 5500 1187 5574 editioprior
1214 5500 1343 5574 hab.
1375 5504 1681 5574 δωδεκάτῳ.

1873 5436 1916 5465 ’⁸
1954 5435 1997 5485 Δ
2028 5436 2086 5486 ὲν
2111 5437 2233 5498 ταῖς
2263 5435 2423 5497 ὁδοῖς.

1786 5504 1826 5537 ιθ
1866 5504 2029 5557 ἑάλω.
2071 5505 2151 5558 lta
2182 5507 2228 5557 A
2254 5513 2403 5559 recte
2441 5502 2609 5558 Sirm.
2643 5502 2907 5557 ἑάλωκεν.

471 5570 515 5621 Α
548 5571 678 5692 πὲὶν
700 5570 873 5622 ἐλθεῖν
898 5571 1079 5623 αὐτόν.
1156 5574 1201 5602 ἰ
1244 5574 1285 5625 Α
1316 5570 1656 5643 ἀνοιχθέντος
1676 5573 1768 5626 τοῦ
1798 5573 2065 5643 στόματός
2094 5592 2217 5643 μου.
2296 5576 2341 5605 ’³
2369 5575 2593 5636 ταύτας.
2633 5573 2757 5627 Des.
2790 5573 2845 5626 in
2875 5572 2944 5626 A.

474 5641 516 5691 Α
556 5641 569 5658 ‘
620 5641 678 5692 πὶ
700 5638 775 5692 τῶ
808 5640 999 5692 αἵματι
1028 5641 1295 5692 ιοάγεσθαι
1322 5642 1416 5692 καὶ
1443 5642 1751 5692 ὀτθαλιαοϋε
1791 5644 1945 5692 ὑγιῶν
1979 5642 2244 5692 λήψεσθαι
2281 5644 2416 5692 ποὺς
2458 5643 2650 5692 εἴδωλα
2684 5642 2841 5692 ὑμῶν
2883 5662 2944 5692 κα

3050 5435 3092 5466 ιε
3128 5434 3363 5503 δεκάτῳ.
3384 5423 3466 5486 'lta
3497 5423 3673 5503 A‘iuxll

3007 5503 3053 5535 ¹⁰
3094 5505 3223 5575 πρὶν
3253 5495 3674 5575 έάνασωβέντα·

3057 5574 3103 5641 ξι
3137 5565 3371 5641 ’Ἐπειδὴ
3401 5599 3467 5611 -
3496 5565 3674 5641 nam»

2522 5435 2563 5465 ¹⁷
2604 5434 2650 5485 Α
2681 5432 2934 5503 ἐγενήθη.

620 5641 678 5723 πὶ
700 5638 775 5709 τῷ
808 5640 999 5724 aluus:
1028 5641 1295 5711 φάγεσθαι
1322 5642 1416 5695 καὶ
1438 5629 1751 5713 ’ἀτροαλελοϋς
1791 5629 1945 5713 ὑμῶν
1979 5629 2244 5713 λὴᾧεσθαι
2281 5644 2416 5714 πρὸς
2458 5629 2650 5698 εἴδωλα
2684 5642 2841 5713 ὑμῶν
2883 5644 2975 5698 καὶ
3016 5640 3153 5715 αἷμα
3196 5629 3409 5713 ἐκχεῖτε
3430 5680 3444 5705 ,
3488 5629 3675 5697 καῗτὴν

474 5708 574 5777 γῆν
606 5708 1047 5782 κληρονομήσητε
1064 5730 1077 5778 ;
