  <div class='ocr_page' id='page_1' title='image "/cluster/home/n/w/nwhite01/storage/ocr_20150623/81/mdp.39015078384339/600.png"; bbox 0 0 3860 6206; ppageno 0'>
   <div class='ocr_carea' id='block_1_1' title="bbox 216 277 3400 396">
    <p class='ocr_par' dir='ltr' id='par_1_1' title="bbox 216 277 3400 396">
     <span class='ocr_line' id='line_1_1' title="bbox 216 277 3400 396; baseline 0.001 -32"><span class='ocrx_word' id='word_1_1' title='bbox 216 328 325 396; x_wconf 66' lang='lat'><strong>“53</strong></span> <span class='ocrx_word' id='word_1_2' title='bbox 1165 304 1248 365; x_wconf 89' lang='lat' dir='ltr'><strong>IN</strong></span> <span class='ocrx_word' id='word_1_3' title='bbox 1289 302 1736 364; x_wconf 18' lang='lat' dir='ltr'><strong>EZECIAIIELIS</strong></span> <span class='ocrx_word' id='word_1_4' title='bbox 1773 301 1930 362; x_wconf 79' lang='lat' dir='ltr'><strong>CAP.</strong></span> <span class='ocrx_word' id='word_1_5' title='bbox 1970 277 2229 367; x_wconf 76' lang='lat' dir='ltr'><strong>xxxrv.</strong></span> <span class='ocrx_word' id='word_1_6' title='bbox 3263 303 3400 368; x_wconf 64' lang='lat'><strong>1151.</strong></span> 
     </span>
    </p>
   </div>
   <div class='ocr_carea' id='block_1_2' title="bbox 214 413 1761 497">
    <p class='ocr_par' dir='ltr' id='par_1_2' title="bbox 214 413 1761 497">
     <span class='ocr_line' id='line_1_2' title="bbox 214 413 1761 497; baseline -0.014 -13"><span class='ocrx_word' id='word_1_7' title='bbox 214 453 333 497; x_wconf 77' lang='grc' dir='ltr'><strong>σατε</strong></span> <span class='ocrx_word' id='word_1_8' title='bbox 359 430 397 464; x_wconf 78' lang='grc'><strong>⁸⁷</strong></span> <span class='ocrx_word' id='word_1_9' title='bbox 422 424 526 497; x_wconf 73' lang='grc' dir='ltr'>(καὶ</span> <span class='ocrx_word' id='word_1_10' title='bbox 556 420 613 474; x_wconf 78' lang='grc' dir='ltr'>τὸ</span> <span class='ocrx_word' id='word_1_11' title='bbox 650 418 865 475; x_wconf 79' lang='grc' dir='ltr'>πάντων</span> <span class='ocrx_word' id='word_1_12' title='bbox 922 416 1344 489; x_wconf 82' lang='grc' dir='ltr'>χαλεπώτατον),</span> <span class='ocrx_word' id='word_1_13' title='bbox 1374 413 1439 468; x_wconf 76' lang='grc' dir='ltr'><strong>τό</strong></span> <span class='ocrx_word' id='word_1_14' title='bbox 1470 413 1515 444; x_wconf 76' lang='grc'><strong>⁸⁸</strong></span> <span class='ocrx_word' id='word_1_15' title='bbox 1553 415 1725 481; x_wconf 79' lang='grc' dir='ltr'>ἱσχυ-</span> <span class='ocrx_word' id='word_1_16' title='bbox 1759 461 1761 468; x_wconf 81' lang='grc'><strong>,</strong></span> 
     </span>
    </p>
   </div>
   <div class='ocr_carea' id='block_1_3' title="bbox 1866 413 3399 497">
    <p class='ocr_par' dir='ltr' id='par_1_3' title="bbox 1869 415 3399 484">
     <span class='ocr_line' id='line_1_3' title="bbox 1869 415 3399 484; baseline 0.001 -19"><span class='ocrx_word' id='word_1_17' title='bbox 1869 429 1955 466; x_wconf 85' lang='lat' dir='ltr'><strong>um</strong></span> <span class='ocrx_word' id='word_1_18' title='bbox 1992 417 2324 484; x_wconf 85' lang='lat' dir='ltr'><strong>oppressistis</strong></span> <span class='ocrx_word' id='word_1_19' title='bbox 2374 416 2571 483; x_wconf 87' lang='lat' dir='ltr'><strong>labore,</strong></span> <span class='ocrx_word' id='word_1_20' title='bbox 2621 426 2671 471; x_wconf 89' lang='lat' dir='ltr'><strong>et</strong></span> <span class='ocrx_word' id='word_1_21' title='bbox 2732 416 3051 470; x_wconf 73' lang='lat' dir='ltr'><strong>vehementer</strong></span> <span class='ocrx_word' id='word_1_22' title='bbox 3097 415 3399 483; x_wconf 76' lang='lat' dir='ltr'><strong>castignstis</strong></span> 
     </span>
    </p>
   </div>
   <div class='ocr_carea' id='block_1_4' title="bbox 212 503 1761 597">
    <p class='ocr_par' dir='ltr' id='par_1_4' title="bbox 212 503 1724 597">
     <span class='ocr_line' id='line_1_4' title="bbox 212 503 1724 597; baseline -0.013 -23"><span class='ocrx_word' id='word_1_23' title='bbox 212 528 299 597; x_wconf 72' lang='grc' dir='ltr'>ρὸν</span> <span class='ocrx_word' id='word_1_24' title='bbox 351 511 797 584; x_wconf 70' lang='grc' dir='ltr'>κατειργάσασθε</span> <span class='ocrx_word' id='word_1_25' title='bbox 845 511 1049 579; x_wconf 84' lang='grc' dir='ltr'><strong>μόχθῳ</strong></span> <span class='ocrx_word' id='word_1_26' title='bbox 1071 549 1086 574; x_wconf 92' lang='grc'><strong>,</strong></span> <span class='ocrx_word' id='word_1_27' title='bbox 1146 507 1244 561; x_wconf 79' lang='grc' dir='ltr'>καὶ</span> <span class='ocrx_word' id='word_1_28' title='bbox 1293 506 1337 538; x_wconf 77' lang='grc'><strong>³⁹</strong></span> <span class='ocrx_word' id='word_1_29' title='bbox 1390 505 1461 559; x_wconf 76' lang='grc' dir='ltr'>ἐν</span> <span class='ocrx_word' id='word_1_30' title='bbox 1523 503 1724 597; x_wconf 79' lang='grc' dir='ltr'>κράτει</span> 
     </span>
    </p>
   </div>
   <div class='ocr_carea' id='block_1_5' title="bbox 1866 503 3404 597">
    <p class='ocr_par' dir='ltr' id='par_1_5' title="bbox 1866 505 3404 578">
     <span class='ocr_line' id='line_1_5' title="bbox 1866 505 3404 578; baseline 0.001 -20"><span class='ocrx_word' id='word_1_31' title='bbox 1866 522 1941 568; x_wconf 85' lang='lat' dir='ltr'><strong>as,</strong></span> <span class='ocrx_word' id='word_1_32' title='bbox 1999 518 2046 561; x_wconf 88' lang='lat' dir='ltr'><strong>et</strong></span> <span class='ocrx_word' id='word_1_33' title='bbox 2080 509 2260 578; x_wconf 84' lang='lat' dir='ltr'><strong>(relut)</strong></span> <span class='ocrx_word' id='word_1_34' title='bbox 2296 525 2388 578; x_wconf 91' lang='lat' dir='ltr'><strong>per</strong></span> <span class='ocrx_word' id='word_1_35' title='bbox 2410 508 2608 578; x_wconf 72' lang='lat' dir='ltr'><strong>focum.</strong></span> <span class='ocrx_word' id='word_1_36' title='bbox 2642 506 2763 562; x_wconf 89' lang='lat' dir='ltr'><strong>Non</strong></span> <span class='ocrx_word' id='word_1_37' title='bbox 2798 508 2944 563; x_wconf 90' lang='lat' dir='ltr'><strong>enim</strong></span> <span class='ocrx_word' id='word_1_38' title='bbox 2984 506 3212 560; x_wconf 79' lang='lat' dir='ltr'><strong>inﬁrmis</strong></span> <span class='ocrx_word' id='word_1_39' title='bbox 3237 505 3404 576; x_wconf 60' lang='lat'><strong>965</strong></span> 
     </span>
    </p>
   </div>
   <div class='ocr_carea' id='block_1_6' title="bbox 211 596 1761 674">
    <p class='ocr_par' dir='ltr' id='par_1_6' title="bbox 211 596 1724 674">
     <span class='ocr_line' id='line_1_6' title="bbox 211 596 1724 674; baseline -0.017 0"><span class='ocrx_word' id='word_1_40' title='bbox 211 596 547 674; x_wconf 66' lang='grc' dir='ltr'>ἐπαιδεύσατε</span> <span class='ocrx_word' id='word_1_41' title='bbox 577 605 751 669; x_wconf 82' lang='grc' dir='ltr'>αὐτὰ,</span> <span class='ocrx_word' id='word_1_42' title='bbox 778 603 879 657; x_wconf 78' lang='grc' dir='ltr'>και</span> <span class='ocrx_word' id='word_1_43' title='bbox 897 604 968 656; x_wconf 80' lang='grc' dir='ltr'>ἐν</span> <span class='ocrx_word' id='word_1_44' title='bbox 1006 601 1277 671; x_wconf 71' lang='grc' dir='ltr'>παιγνίφ.</span> <span class='ocrx_word' id='word_1_45' title='bbox 1313 599 1387 652; x_wconf 85' lang='grc' dir='ltr'><strong>Οὐ</strong></span> <span class='ocrx_word' id='word_1_46' title='bbox 1433 598 1541 667; x_wconf 80' lang='grc' dir='ltr'><strong>γὰρ</strong></span> <span class='ocrx_word' id='word_1_47' title='bbox 1568 596 1724 666; x_wconf 81' lang='grc' dir='ltr'>μόνον</span> 
     </span>
    </p>
   </div>
   <div class='ocr_carea' id='block_1_7' title="bbox 1866 596 3403 674">
    <p class='ocr_par' dir='ltr' id='par_1_7' title="bbox 1866 596 3403 661">
     <span class='ocr_line' id='line_1_7' title="bbox 1866 596 3403 661; baseline -0.001 -10"><span class='ocrx_word' id='word_1_48' title='bbox 1866 608 2042 652; x_wconf 72' lang='lat' dir='ltr'><strong>autum</strong></span> <span class='ocrx_word' id='word_1_49' title='bbox 2085 600 2342 655; x_wconf 88' lang='lat' dir='ltr'><strong>idoneum</strong></span> <span class='ocrx_word' id='word_1_50' title='bbox 2389 616 2500 654; x_wconf 87' lang='lat' dir='ltr'><strong>non</strong></span> <span class='ocrx_word' id='word_1_51' title='bbox 2553 600 2887 655; x_wconf 88' lang='lat' dir='ltr'><strong>attribuistis</strong></span> <span class='ocrx_word' id='word_1_52' title='bbox 2924 596 3250 661; x_wconf 86' lang='lat' dir='ltr'><strong>remedium,</strong></span> <span class='ocrx_word' id='word_1_53' title='bbox 3308 597 3403 650; x_wconf 78' lang='lat' dir='ltr'><strong>sed</strong></span> 
     </span>
    </p>
   </div>
   <div class='ocr_carea' id='block_1_8' title="bbox 211 687 1761 773">
    <p class='ocr_par' dir='ltr' id='par_1_8' title="bbox 211 687 1720 773">
     <span class='ocr_line' id='line_1_8' title="bbox 211 687 1720 773; baseline -0.016 -10"><span class='ocrx_word' id='word_1_54' title='bbox 211 713 300 773; x_wconf 83' lang='grc' dir='ltr'><strong>τοίς</strong></span> <span class='ocrx_word' id='word_1_55' title='bbox 339 699 598 760; x_wconf 81' lang='grc' dir='ltr'><strong>ἀσθενοῦσι</strong></span> <span class='ocrx_word' id='word_1_56' title='bbox 652 695 751 767; x_wconf 79' lang='grc' dir='ltr'>τὴν</span> <span class='ocrx_word' id='word_1_57' title='bbox 807 695 1187 767; x_wconf 78' lang='grc' dir='ltr'><strong>προσήκουσαν</strong></span> <span class='ocrx_word' id='word_1_58' title='bbox 1240 692 1302 745; x_wconf 85' lang='grc' dir='ltr'>οὐ</span> <span class='ocrx_word' id='word_1_59' title='bbox 1351 687 1720 762; x_wconf 68' lang='grc' dir='ltr'>προσενηνεγ-</span> 
     </span>
    </p>
   </div>
   <div class='ocr_carea' id='block_1_9' title="bbox 1866 687 3404 773">
    <p class='ocr_par' dir='ltr' id='par_1_9' title="bbox 1868 689 3404 761">
     <span class='ocr_line' id='line_1_9' title="bbox 1868 689 3404 761; baseline 0.002 -21"><span class='ocrx_word' id='word_1_60' title='bbox 1868 689 1996 742; x_wconf 86' lang='lat' dir='ltr'><strong>tiam</strong></span> <span class='ocrx_word' id='word_1_61' title='bbox 2027 691 2334 746; x_wconf 84' lang='lat' dir='ltr'><strong>valentibus</strong></span> <span class='ocrx_word' id='word_1_62' title='bbox 2363 692 2568 747; x_wconf 85' lang='lat' dir='ltr'><strong>mullos</strong></span> <span class='ocrx_word' id='word_1_63' title='bbox 2601 690 2944 761; x_wconf 79' lang='lat' dir='ltr'><strong>imposuistis</strong></span> <span class='ocrx_word' id='word_1_64' title='bbox 2976 690 3227 745; x_wconf 79' lang='lat' dir='ltr'><strong>labores:</strong></span> <span class='ocrx_word' id='word_1_65' title='bbox 3258 690 3404 759; x_wconf 87' lang='lat' dir='ltr'><strong>quod</strong></span> 
     </span>
    </p>
   </div>
   <div class='ocr_carea' id='block_1_10' title="bbox 214 779 1761 861">
    <p class='ocr_par' dir='ltr' id='par_1_10' title="bbox 214 779 1727 861">
     <span class='ocr_line' id='line_1_10' title="bbox 214 779 1727 861; baseline -0.017 -6"><span class='ocrx_word' id='word_1_66' title='bbox 214 817 321 855; x_wconf 80' lang='grc' dir='ltr'>κατε</span> <span class='ocrx_word' id='word_1_67' title='bbox 348 797 387 829; x_wconf 75' lang='grc' dir='ltr'><strong>⁸ο</strong></span> <span class='ocrx_word' id='word_1_68' title='bbox 421 788 722 861; x_wconf 79' lang='grc' dir='ltr'><strong>θεραπείαν,</strong></span> <span class='ocrx_word' id='word_1_69' title='bbox 754 785 890 841; x_wconf 84' lang='grc' dir='ltr'>ἀλλὰ</span> <span class='ocrx_word' id='word_1_70' title='bbox 930 785 1026 839; x_wconf 77' lang='grc' dir='ltr'>καὶ</span> <span class='ocrx_word' id='word_1_71' title='bbox 1056 785 1169 848; x_wconf 89' lang='grc' dir='ltr'>τοῖς</span> <span class='ocrx_word' id='word_1_72' title='bbox 1208 782 1505 851; x_wconf 88' lang='grc' dir='ltr'>ὑγιαίνουσι</span> <span class='ocrx_word' id='word_1_73' title='bbox 1531 779 1727 842; x_wconf 80' lang='grc' dir='ltr'>πόνους</span> 
     </span>
    </p>
   </div>
   <div class='ocr_carea' id='block_1_11' title="bbox 1866 779 3404 861">
    <p class='ocr_par' dir='ltr' id='par_1_11' title="bbox 1869 780 3404 853">
     <span class='ocr_line' id='line_1_11' title="bbox 1869 780 3404 853; baseline -0.001 -19"><span class='ocrx_word' id='word_1_74' title='bbox 1869 796 1898 834; x_wconf 82' lang='lat' dir='ltr'><strong>x</strong></span> <span class='ocrx_word' id='word_1_75' title='bbox 1929 781 2176 837; x_wconf 73' lang='lat' dir='ltr'><strong>historiis</strong></span> <span class='ocrx_word' id='word_1_76' title='bbox 2215 780 2377 837; x_wconf 78' lang='lat' dir='ltr'><strong>facile</strong></span> <span class='ocrx_word' id='word_1_77' title='bbox 2405 790 2489 838; x_wconf 91' lang='lat' dir='ltr'><strong>est</strong></span> <span class='ocrx_word' id='word_1_78' title='bbox 2518 783 2819 853; x_wconf 89' lang='lat' dir='ltr'><strong>percipere.</strong></span> <span class='ocrx_word' id='word_1_79' title='bbox 2852 782 2988 837; x_wconf 83' lang='lat' dir='ltr'><strong>Nam</strong></span> <span class='ocrx_word' id='word_1_80' title='bbox 3018 797 3114 837; x_wconf 90' lang='lat' dir='ltr'><strong>eos</strong></span> <span class='ocrx_word' id='word_1_81' title='bbox 3135 783 3226 850; x_wconf 88' lang='lat' dir='ltr'><strong>qui</strong></span> <span class='ocrx_word' id='word_1_82' title='bbox 3263 782 3404 836; x_wconf 88' lang='lat' dir='ltr'><strong>idola</strong></span> 
     </span>
    </p>
   </div>
   <div class='ocr_carea' id='block_1_12' title="bbox 213 865 1761 948">
    <p class='ocr_par' dir='ltr' id='par_1_12' title="bbox 213 865 1727 948">
     <span class='ocr_line' id='line_1_12' title="bbox 213 865 1727 948; baseline -0.013 -7"><span class='ocrx_word' id='word_1_83' title='bbox 213 887 403 948; x_wconf 69' lang='grc' dir='ltr'>πολλοὺς</span> <span class='ocrx_word' id='word_1_84' title='bbox 446 878 761 947; x_wconf 73' lang='grc' dir='ltr'>ἐπεθήκατε.</span> <span class='ocrx_word' id='word_1_85' title='bbox 800 875 913 930; x_wconf 78' lang='grc' dir='ltr'><strong>Καὶ</strong></span> <span class='ocrx_word' id='word_1_86' title='bbox 965 872 1126 928; x_wconf 82' lang='grc' dir='ltr'>τοῦτο</span> <span class='ocrx_word' id='word_1_87' title='bbox 1172 872 1261 927; x_wconf 82' lang='grc' dir='ltr'><strong>διὰ</strong></span> <span class='ocrx_word' id='word_1_88' title='bbox 1312 870 1422 926; x_wconf 88' lang='grc' dir='ltr'><strong>τῶν</strong></span> <span class='ocrx_word' id='word_1_89' title='bbox 1476 865 1727 939; x_wconf 79' lang='grc' dir='ltr'><strong>ἱστοριῶν</strong></span> 
     </span>
    </p>
   </div>
   <div class='ocr_carea' id='block_1_13' title="bbox 1866 865 3406 948">
    <p class='ocr_par' dir='ltr' id='par_1_13' title="bbox 1868 873 3406 936">
     <span class='ocr_line' id='line_1_13' title="bbox 1868 873 3406 936; baseline 0 -10"><span class='ocrx_word' id='word_1_90' title='bbox 1868 873 2079 928; x_wconf 89' lang='lat' dir='ltr'><strong>olerent</strong></span> <span class='ocrx_word' id='word_1_91' title='bbox 2130 874 2436 929; x_wconf 82' lang='lat' dir='ltr'><strong>sceleribus</strong></span> <span class='ocrx_word' id='word_1_92' title='bbox 2481 874 2724 936; x_wconf 86' lang='lat' dir='ltr'><strong>addicti,</strong></span> <span class='ocrx_word' id='word_1_93' title='bbox 2781 889 2981 930; x_wconf 89' lang='lat' dir='ltr'><strong>curare</strong></span> <span class='ocrx_word' id='word_1_94' title='bbox 3013 885 3068 930; x_wconf 92' lang='lat' dir='ltr'><strong>et</strong></span> <span class='ocrx_word' id='word_1_95' title='bbox 3114 873 3180 928; x_wconf 89' lang='lat' dir='ltr'><strong>ad</strong></span> <span class='ocrx_word' id='word_1_96' title='bbox 3237 873 3406 927; x_wconf 85' lang='lat' dir='ltr'><strong>Deum</strong></span> 
     </span>
    </p>
   </div>
   <div class='ocr_carea' id='block_1_14' title="bbox 215 954 1761 1053">
    <p class='ocr_par' dir='ltr' id='par_1_14' title="bbox 215 954 1728 1053">
     <span class='ocr_line' id='line_1_14' title="bbox 215 954 1728 1053; baseline -0.013 -22"><span class='ocrx_word' id='word_1_97' title='bbox 215 954 364 1053; x_wconf 74' lang='grc' dir='ltr'>ῥᾴδιον</span> <span class='ocrx_word' id='word_1_98' title='bbox 397 970 641 1028; x_wconf 79' lang='grc' dir='ltr'><strong>κατιδεῖν.</strong></span> <span class='ocrx_word' id='word_1_99' title='bbox 673 968 812 1031; x_wconf 83' lang='grc' dir='ltr'><strong>Τοὺς</strong></span> <span class='ocrx_word' id='word_1_100' title='bbox 848 967 947 1039; x_wconf 79' lang='grc' dir='ltr'>μὲν</span> <span class='ocrx_word' id='word_1_101' title='bbox 1000 963 1110 1034; x_wconf 83' lang='grc' dir='ltr'>γὰρ</span> <span class='ocrx_word' id='word_1_102' title='bbox 1139 964 1209 1018; x_wconf 80' lang='grc' dir='ltr'>τὰ</span> <span class='ocrx_word' id='word_1_103' title='bbox 1242 962 1438 1018; x_wconf 75' lang='grc' dir='ltr'>εἴδωλα</span> <span class='ocrx_word' id='word_1_104' title='bbox 1485 976 1728 1053; x_wconf 35' lang='grc' dir='ltr'>προσκυῗ</span> 
     </span>
    </p>
   </div>
   <div class='ocr_carea' id='block_1_15' title="bbox 1866 954 3410 1053">
    <p class='ocr_par' dir='ltr' id='par_1_15' title="bbox 1866 960 3410 1036">
     <span class='ocr_line' id='line_1_15' title="bbox 1866 960 3410 1036; baseline 0.001 -21"><span class='ocrx_word' id='word_1_105' title='bbox 1866 964 2141 1021; x_wconf 84' lang='lat' dir='ltr'><strong>ransferre</strong></span> <span class='ocrx_word' id='word_1_106' title='bbox 2174 967 2408 1035; x_wconf 87' lang='lat' dir='ltr'><strong>improbi</strong></span> <span class='ocrx_word' id='word_1_107' title='bbox 2432 975 2685 1036; x_wconf 87' lang='lat' dir='ltr'><strong>pastores</strong></span> <span class='ocrx_word' id='word_1_108' title='bbox 2707 974 3054 1028; x_wconf 82' lang='lat' dir='ltr'><strong>recusarunt,</strong></span> <span class='ocrx_word' id='word_1_109' title='bbox 3083 960 3410 1034; x_wconf 76' lang='lat' dir='ltr'><strong>divinosque</strong></span> 
     </span>
    </p>
   </div>
   <div class='ocr_carea' id='block_1_16' title="bbox 209 1051 1761 1131">
    <p class='ocr_par' dir='ltr' id='par_1_16' title="bbox 209 1051 1729 1131">
     <span class='ocr_line' id='line_1_16' title="bbox 209 1051 1729 1131; baseline -0.011 -11"><span class='ocrx_word' id='word_1_110' title='bbox 209 1051 397 1126; x_wconf 80' lang='grc' dir='ltr'>νοῦντας</span> <span class='ocrx_word' id='word_1_111' title='bbox 435 1060 525 1115; x_wconf 73' lang='grc' dir='ltr'>καὶ</span> <span class='ocrx_word' id='word_1_112' title='bbox 578 1057 893 1131; x_wconf 74' lang='grc' dir='ltr'>παρανομίᾳ</span> <span class='ocrx_word' id='word_1_113' title='bbox 944 1054 1217 1121; x_wconf 78' lang='grc' dir='ltr'>συζῶντας</span> <span class='ocrx_word' id='word_1_114' title='bbox 1241 1093 1257 1118; x_wconf 95' lang='grc'><strong>,</strong></span> <span class='ocrx_word' id='word_1_115' title='bbox 1317 1052 1585 1123; x_wconf 85' lang='grc' dir='ltr'>ἰατρεύειν</span> <span class='ocrx_word' id='word_1_116' title='bbox 1634 1051 1729 1105; x_wconf 78' lang='grc' dir='ltr'>καὶ</span> 
     </span>
    </p>
   </div>
   <div class='ocr_carea' id='block_1_17' title="bbox 1866 1051 3407 1131">
    <p class='ocr_par' dir='ltr' id='par_1_17' title="bbox 1866 1054 3407 1126">
     <span class='ocr_line' id='line_1_17' title="bbox 1866 1054 3407 1126; baseline 0.004 -23"><span class='ocrx_word' id='word_1_117' title='bbox 1866 1054 2136 1124; x_wconf 51' lang='lat' dir='ltr'><strong>prophetas</strong></span> <span class='ocrx_word' id='word_1_118' title='bbox 2168 1071 2380 1111; x_wconf 89' lang='lat' dir='ltr'><strong>summa</strong></span> <span class='ocrx_word' id='word_1_119' title='bbox 2418 1056 2623 1113; x_wconf 87' lang='lat' dir='ltr'><strong>virtute</strong></span> <span class='ocrx_word' id='word_1_120' title='bbox 2668 1056 2927 1126; x_wconf 72' lang='lat' dir='ltr'><strong>praeditos</strong></span> <span class='ocrx_word' id='word_1_121' title='bbox 2960 1055 3143 1126; x_wconf 78' lang='lat' dir='ltr'><strong>ﬂagris</strong></span> <span class='ocrx_word' id='word_1_122' title='bbox 3174 1055 3407 1117; x_wconf 81' lang='lat' dir='ltr'><strong>caedere,</strong></span> 
     </span>
    </p>
   </div>
   <div class='ocr_carea' id='block_1_18' title="bbox 1836 1144 3413 1216">
    <p class='ocr_par' dir='ltr' id='par_1_18' title="bbox 1836 1144 3413 1216">
     <span class='ocr_line' id='line_1_18' title="bbox 1836 1144 3413 1216; baseline 0 -18"><span class='ocrx_word' id='word_1_123' title='bbox 1836 1152 1890 1198; x_wconf 91' lang='lat' dir='ltr'><strong>et</strong></span> <span class='ocrx_word' id='word_1_124' title='bbox 1924 1144 1977 1197; x_wconf 88' lang='lat' dir='ltr'><strong>in</strong></span> <span class='ocrx_word' id='word_1_125' title='bbox 2023 1144 2241 1199; x_wconf 85' lang='lat' dir='ltr'><strong>vincula</strong></span> <span class='ocrx_word' id='word_1_126' title='bbox 2289 1146 2586 1216; x_wconf 88' lang='lat' dir='ltr'><strong>conjicere,</strong></span> <span class='ocrx_word' id='word_1_127' title='bbox 2624 1146 2966 1216; x_wconf 77' lang='lat' dir='ltr'><strong>infinitisque</strong></span> <span class='ocrx_word' id='word_1_128' title='bbox 3012 1146 3174 1200; x_wconf 89' lang='lat' dir='ltr'><strong>malis</strong></span> <span class='ocrx_word' id='word_1_129' title='bbox 3224 1146 3413 1214; x_wconf 89' lang='lat' dir='ltr'><strong>oppri-</strong></span> 
     </span>
    </p>
   </div>
   <div class='ocr_carea' id='block_1_19' title="bbox 1838 1237 3413 1307">
    <p class='ocr_par' dir='ltr' id='par_1_19' title="bbox 1838 1237 3413 1307">
     <span class='ocr_line' id='line_1_19' title="bbox 1838 1237 3413 1307; baseline 0.001 -19"><span class='ocrx_word' id='word_1_130' title='bbox 1838 1250 1987 1289; x_wconf 87' lang='lat' dir='ltr'><strong>mere</strong></span> <span class='ocrx_word' id='word_1_131' title='bbox 2020 1246 2465 1305; x_wconf 82' lang='lat' dir='ltr'><strong>perseverarunt.</strong></span> <span class='ocrx_word' id='word_1_132' title='bbox 2496 1238 2675 1307; x_wconf 80' lang='lat' dir='ltr'><strong>Atque</strong></span> <span class='ocrx_word' id='word_1_133' title='bbox 2703 1238 2820 1293; x_wconf 72' lang='lat' dir='ltr'><strong>haec</strong></span> <span class='ocrx_word' id='word_1_134' title='bbox 2843 1237 3109 1292; x_wconf 78' lang='lat' dir='ltr'><strong>facientes</strong></span> <span class='ocrx_word' id='word_1_135' title='bbox 3129 1237 3260 1303; x_wconf 83' lang='lat' dir='ltr'><strong>ipsis</strong></span> <span class='ocrx_word' id='word_1_136' title='bbox 3288 1237 3413 1289; x_wconf 91' lang='lat' dir='ltr'><strong>illu-</strong></span> 
     </span>
    </p>
   </div>
   <div class='ocr_carea' id='block_1_20' title="bbox 1836 1326 3410 1399">
    <p class='ocr_par' dir='ltr' id='par_1_20' title="bbox 1836 1326 3410 1399">
     <span class='ocr_line' id='line_1_20' title="bbox 1836 1326 3410 1399; baseline 0.001 -18"><span class='ocrx_word' id='word_1_137' title='bbox 1836 1326 2057 1391; x_wconf 85' lang='lat' dir='ltr'><strong>debant,</strong></span> <span class='ocrx_word' id='word_1_138' title='bbox 2086 1344 2147 1382; x_wconf 80' lang='lat' dir='ltr'><strong>ea</strong></span> <span class='ocrx_word' id='word_1_139' title='bbox 2171 1344 2292 1398; x_wconf 69' lang='lat' dir='ltr'><strong>quze</strong></span> <span class='ocrx_word' id='word_1_140' title='bbox 2319 1330 2389 1382; x_wconf 88' lang='lat' dir='ltr'><strong>ab</strong></span> <span class='ocrx_word' id='word_1_141' title='bbox 2419 1329 2560 1399; x_wconf 83' lang='lat' dir='ltr'><strong>ipsis</strong></span> <span class='ocrx_word' id='word_1_142' title='bbox 2587 1330 2904 1385; x_wconf 87' lang='lat' dir='ltr'><strong>dicerentur</strong></span> <span class='ocrx_word' id='word_1_143' title='bbox 2925 1328 3410 1399; x_wconf 82' lang='lat' dir='ltr'><strong>reprehendentes.</strong></span> 
     </span>
    </p>
   </div>
   <div class='ocr_carea' id='block_1_21' title="bbox 1839 1417 3413 1494">
    <p class='ocr_par' dir='ltr' id='par_1_21' title="bbox 1839 1417 3413 1494">
     <span class='ocr_line' id='line_1_21' title="bbox 1839 1417 3413 1494; baseline 0.002 -23"><span class='ocrx_word' id='word_1_144' title='bbox 1839 1417 2049 1474; x_wconf 84' lang='lat' dir='ltr'><strong>Idcirco</strong></span> <span class='ocrx_word' id='word_1_145' title='bbox 2078 1421 2155 1475; x_wconf 84' lang='lat' dir='ltr'><strong>ait</strong></span> <span class='ocrx_word' id='word_1_146' title='bbox 2194 1438 2207 1475; x_wconf 91' lang='lat'>:</span> <span class='ocrx_word' id='word_1_147' title='bbox 2252 1440 2269 1473; x_wconf 85' lang='grc' dir='ltr'><strong>ι</strong></span> <span class='ocrx_word' id='word_1_148' title='bbox 2312 1421 2676 1477; x_wconf 69' lang='lat' dir='ltr'><strong>Vehementer</strong></span> <span class='ocrx_word' id='word_1_149' title='bbox 2705 1422 3019 1494; x_wconf 76' lang='lat' dir='ltr'><strong>castigastis</strong></span> <span class='ocrx_word' id='word_1_150' title='bbox 3066 1437 3163 1475; x_wconf 89' lang='lat' dir='ltr'><strong>eas</strong></span> <span class='ocrx_word' id='word_1_151' title='bbox 3196 1432 3250 1475; x_wconf 87' lang='lat' dir='ltr'><strong>et</strong></span> <span class='ocrx_word' id='word_1_152' title='bbox 3294 1417 3413 1490; x_wconf 81' lang='lat' dir='ltr'><strong>(ve-</strong></span> 
     </span>
    </p>
   </div>
   <div class='ocr_carea' id='block_1_22' title="bbox 209 1508 1761 1581">
    <p class='ocr_par' dir='ltr' id='par_1_22' title="bbox 209 1508 1733 1581">
     <span class='ocr_line' id='line_1_22' title="bbox 209 1508 1733 1581; baseline -0.005 -12"><span class='ocrx_word' id='word_1_153' title='bbox 209 1515 350 1569; x_wconf 81' lang='grc' dir='ltr'>ταῦτα</span> <span class='ocrx_word' id='word_1_154' title='bbox 394 1510 666 1577; x_wconf 78' lang='grc' dir='ltr'>ποιοῦντες</span> <span class='ocrx_word' id='word_1_155' title='bbox 722 1509 1063 1575; x_wconf 73' lang='grc' dir='ltr'>ἐπετώθαζον</span> <span class='ocrx_word' id='word_1_156' title='bbox 1094 1510 1297 1574; x_wconf 79' lang='grc' dir='ltr'>αὐτοῖς,</span> <span class='ocrx_word' id='word_1_157' title='bbox 1346 1508 1733 1581; x_wconf 83' lang='grc' dir='ltr'><strong>κωμῳδοῦντες</strong></span> 
     </span>
    </p>
   </div>
   <div class='ocr_carea' id='block_1_23' title="bbox 1866 1508 3415 1581">
    <p class='ocr_par' dir='ltr' id='par_1_23' title="bbox 1866 1510 3415 1580">
     <span class='ocr_line' id='line_1_23' title="bbox 1866 1510 3415 1580; baseline -0.001 -17"><span class='ocrx_word' id='word_1_158' title='bbox 1866 1510 1941 1580; x_wconf 83' lang='grc' dir='ltr'>ιιι)</span> <span class='ocrx_word' id='word_1_159' title='bbox 1977 1526 2072 1580; x_wconf 89' lang='lat' dir='ltr'><strong>per</strong></span> <span class='ocrx_word' id='word_1_160' title='bbox 2099 1512 2308 1579; x_wconf 81' lang='lat' dir='ltr'><strong>jocum,</strong></span> <span class='ocrx_word' id='word_1_161' title='bbox 2351 1532 2368 1564; x_wconf 76' lang='grc' dir='ltr'><strong>ι</strong></span> <span class='ocrx_word' id='word_1_162' title='bbox 2423 1513 2722 1569; x_wconf 85' lang='lat' dir='ltr'><strong>ostendens</strong></span> <span class='ocrx_word' id='word_1_163' title='bbox 2753 1513 2916 1568; x_wconf 84' lang='lat' dir='ltr'><strong>simul</strong></span> <span class='ocrx_word' id='word_1_164' title='bbox 2946 1528 3042 1567; x_wconf 90' lang='lat' dir='ltr'><strong>eos</strong></span> <span class='ocrx_word' id='word_1_165' title='bbox 3071 1511 3415 1566; x_wconf 78' lang='lat' dir='ltr'><strong>calamitates</strong></span> 
     </span>
    </p>
   </div>
   <div class='ocr_carea' id='block_1_24' title="bbox 207 1600 1761 1675">
    <p class='ocr_par' dir='ltr' id='par_1_24' title="bbox 207 1600 1734 1675">
     <span class='ocr_line' id='line_1_24' title="bbox 207 1600 1734 1675; baseline -0.001 -18"><span class='ocrx_word' id='word_1_166' title='bbox 207 1605 263 1657; x_wconf 84' lang='grc' dir='ltr'>τὰ</span> <span class='ocrx_word' id='word_1_167' title='bbox 288 1604 400 1675; x_wconf 85' lang='grc' dir='ltr'>παρ’</span> <span class='ocrx_word' id='word_1_168' title='bbox 420 1602 596 1657; x_wconf 76' lang='grc' dir='ltr'>αὐτῶν</span> <span class='ocrx_word' id='word_1_169' title='bbox 624 1601 911 1672; x_wconf 83' lang='grc' dir='ltr'>λεγόμενα.</span> <span class='ocrx_word' id='word_1_170' title='bbox 942 1600 1034 1653; x_wconf 91' lang='grc' dir='ltr'><strong>Διό</strong></span> <span class='ocrx_word' id='word_1_171' title='bbox 1065 1616 1232 1671; x_wconf 79' lang='grc' dir='ltr'>φησι·</span> <span class='ocrx_word' id='word_1_172' title='bbox 1272 1618 1292 1652; x_wconf 75' lang='grc' dir='ltr'><strong>ι</strong></span> <span class='ocrx_word' id='word_1_173' title='bbox 1324 1601 1433 1654; x_wconf 71' lang='grc' dir='ltr'><strong>Καὶ</strong></span> <span class='ocrx_word' id='word_1_174' title='bbox 1461 1601 1519 1653; x_wconf 83' lang='grc' dir='ltr'>ὲν</span> <span class='ocrx_word' id='word_1_175' title='bbox 1546 1601 1734 1672; x_wconf 80' lang='grc' dir='ltr'>κράτει</span> 
     </span>
    </p>
   </div>
   <div class='ocr_carea' id='block_1_25' title="bbox 1866 1600 3415 1675">
    <p class='ocr_par' dir='ltr' id='par_1_25' title="bbox 1866 1601 3415 1675">
     <span class='ocr_line' id='line_1_25' title="bbox 1866 1601 3415 1675; baseline -0.001 -21"><span class='ocrx_word' id='word_1_176' title='bbox 1866 1601 2099 1657; x_wconf 87' lang='lat' dir='ltr'><strong>ntulisse</strong></span> <span class='ocrx_word' id='word_1_177' title='bbox 2144 1604 2374 1671; x_wconf 88' lang='lat' dir='ltr'><strong>sanctis,</strong></span> <span class='ocrx_word' id='word_1_178' title='bbox 2424 1613 2479 1661; x_wconf 91' lang='lat' dir='ltr'><strong>et</strong></span> <span class='ocrx_word' id='word_1_179' title='bbox 2516 1605 2703 1675; x_wconf 83' lang='lat' dir='ltr'><strong>jocum</strong></span> <span class='ocrx_word' id='word_1_180' title='bbox 2748 1618 2813 1659; x_wconf 91' lang='lat' dir='ltr'><strong>ac</strong></span> <span class='ocrx_word' id='word_1_181' title='bbox 2842 1603 3031 1658; x_wconf 89' lang='lat' dir='ltr'><strong>ludum</strong></span> <span class='ocrx_word' id='word_1_182' title='bbox 3065 1619 3185 1674; x_wconf 71' lang='lat' dir='ltr'><strong>qua:</strong></span> <span class='ocrx_word' id='word_1_183' title='bbox 3218 1603 3415 1657; x_wconf 81' lang='lat' dir='ltr'><strong>tierent</strong></span> 
     </span>
    </p>
   </div>
   <div class='ocr_carea' id='block_1_26' title="bbox 208 1689 3345 1761">
    <p class='ocr_par' dir='ltr' id='par_1_26' title="bbox 208 1689 3345 1761">
     <span class='ocr_line' id='line_1_26' title="bbox 208 1689 3345 1761; baseline -0.003 -11"><span class='ocrx_word' id='word_1_184' title='bbox 208 1693 521 1750; x_wconf 69' lang='grc' dir='ltr'><strong>ἐπαιδεύσατε</strong></span> <span class='ocrx_word' id='word_1_185' title='bbox 576 1692 737 1756; x_wconf 81' lang='grc' dir='ltr'>αὐτὰ,</span> <span class='ocrx_word' id='word_1_186' title='bbox 772 1692 864 1744; x_wconf 79' lang='grc' dir='ltr'>καὶ</span> <span class='ocrx_word' id='word_1_187' title='bbox 895 1693 955 1746; x_wconf 80' lang='grc' dir='ltr'>ὲν</span> <span class='ocrx_word' id='word_1_188' title='bbox 1002 1690 1276 1761; x_wconf 84' lang='grc' dir='ltr'>παιγνίῳ⁶</span> <span class='ocrx_word' id='word_1_189' title='bbox 1319 1709 1340 1742; x_wconf 78' lang='lat' dir='ltr'><strong>s</strong></span> <span class='ocrx_word' id='word_1_190' title='bbox 1381 1689 1615 1755; x_wconf 81' lang='grc' dir='ltr'>δεικνὺς,</span> <span class='ocrx_word' id='word_1_191' title='bbox 1654 1690 1735 1744; x_wconf 84' lang='grc' dir='ltr'>ὅτι</span> <span class='ocrx_word' id='word_1_192' title='bbox 1842 1689 2088 1745; x_wconf 77' lang='lat' dir='ltr'><strong>duxisse.</strong></span> <span class='ocrx_word' id='word_1_193' title='bbox 3340 1694 3345 1696; x_wconf 67' lang='lat'><strong>&#39;</strong></span> 
     </span>
    </p>
   </div>
   <div class='ocr_carea' id='block_1_27' title="bbox 206 1785 3418 1865">
    <p class='ocr_par' dir='ltr' id='par_1_27' title="bbox 206 1785 3418 1865">
     <span class='ocr_line' id='line_1_27' title="bbox 206 1785 3418 1865; baseline -0.001 -21"><span class='ocrx_word' id='word_1_194' title='bbox 206 1789 325 1844; x_wconf 78' lang='grc' dir='ltr'>κατὰ</span> <span class='ocrx_word' id='word_1_195' title='bbox 363 1786 546 1842; x_wconf 82' lang='grc' dir='ltr'>ταύτὸν</span> <span class='ocrx_word' id='word_1_196' title='bbox 595 1788 711 1851; x_wconf 82' lang='grc' dir='ltr'>τοῖς</span> <span class='ocrx_word' id='word_1_197' title='bbox 770 1787 868 1857; x_wconf 83' lang='grc' dir='ltr'>μὲν</span> <span class='ocrx_word' id='word_1_198' title='bbox 943 1785 1121 1854; x_wconf 79' lang='grc' dir='ltr'><strong>ἁγίοις</strong></span> <span class='ocrx_word' id='word_1_199' title='bbox 1175 1785 1245 1839; x_wconf 76' lang='grc' dir='ltr'>τὰ</span> <span class='ocrx_word' id='word_1_200' title='bbox 1295 1785 1519 1857; x_wconf 82' lang='grc' dir='ltr'>λυπηρὰ</span> <span class='ocrx_word' id='word_1_201' title='bbox 1569 1785 1945 1858; x_wconf 79' lang='grc' dir='ltr'>προσέφερον,</span> <span class='ocrx_word' id='word_1_202' title='bbox 2019 1787 2169 1841; x_wconf 84' lang='grc' dir='ltr'><strong>αύτοί</strong></span> <span class='ocrx_word' id='word_1_203' title='bbox 2218 1788 2275 1842; x_wconf 85' lang='grc' dir='ltr'>δὲ</span> <span class='ocrx_word' id='word_1_204' title='bbox 2323 1792 2543 1845; x_wconf 80' lang='grc' dir='ltr'>παιδιὰν</span> <span class='ocrx_word' id='word_1_205' title='bbox 2588 1792 2818 1865; x_wconf 79' lang='grc' dir='ltr'>ἡγοῦντο</span> <span class='ocrx_word' id='word_1_206' title='bbox 2845 1833 2860 1858; x_wconf 92' lang='grc'><strong>,</strong></span> <span class='ocrx_word' id='word_1_207' title='bbox 2930 1793 3024 1846; x_wconf 69' lang='grc' dir='ltr'>καὶ</span> <span class='ocrx_word' id='word_1_208' title='bbox 3074 1791 3301 1859; x_wconf 82' lang='grc' dir='ltr'>παίγνια</span> <span class='ocrx_word' id='word_1_209' title='bbox 3348 1788 3418 1843; x_wconf 78' lang='grc' dir='ltr'>τὸ.</span> 
     </span>
    </p>
   </div>
   <div class='ocr_carea' id='block_1_28' title="bbox 205 1882 450 1953">
    <p class='ocr_par' dir='ltr' id='par_1_28' title="bbox 205 1882 450 1953">
     <span class='ocr_line' id='line_1_28' title="bbox 205 1882 450 1953; baseline 0 -17"><span class='ocrx_word' id='word_1_210' title='bbox 205 1882 450 1953; x_wconf 84' lang='grc' dir='ltr'>γινόμενα.</span> 
     </span>
    </p>
   </div>
   <div class='ocr_carea' id='block_1_29' title="bbox 261 1967 1761 2060">
    <p class='ocr_par' dir='ltr' id='par_1_29' title="bbox 261 1988 1744 2060">
     <span class='ocr_line' id='line_1_29' title="bbox 261 1988 1744 2060; baseline -0.003 -13"><span class='ocrx_word' id='word_1_211' title='bbox 261 1992 314 2048; x_wconf 85' lang='grc' dir='ltr'>ε’.</span> <span class='ocrx_word' id='word_1_212' title='bbox 341 1995 438 2046; x_wconf 84' lang='grc' dir='ltr'><strong>Διὰ</strong></span> <span class='ocrx_word' id='word_1_213' title='bbox 458 1994 500 2025; x_wconf 79' lang='grc'><strong>⁶¹</strong></span> <span class='ocrx_word' id='word_1_214' title='bbox 529 1991 802 2056; x_wconf 82' lang='grc' dir='ltr'><strong>τούτους,</strong></span> <span class='ocrx_word' id='word_1_215' title='bbox 833 1990 989 2060; x_wconf 64' lang='grc' dir='ltr'>φησι,</span> <span class='ocrx_word' id='word_1_216' title='bbox 1023 1989 1166 2055; x_wconf 86' lang='grc' dir='ltr'>τοὺς</span> <span class='ocrx_word' id='word_1_217' title='bbox 1198 1989 1424 2055; x_wconf 79' lang='grc' dir='ltr'>κακοὺς</span> <span class='ocrx_word' id='word_1_218' title='bbox 1454 1988 1744 2059; x_wconf 70' lang='grc' dir='ltr'>ποιμένας</span> 
     </span>
    </p>
   </div>
   <div class='ocr_carea' id='block_1_30' title="bbox 1866 1967 3415 2060">
    <p class='ocr_par' dir='ltr' id='par_1_30' title="bbox 1916 1982 3415 2060">
     <span class='ocr_line' id='line_1_30' title="bbox 1916 1982 3415 2060; baseline 0.007 -25"><span class='ocrx_word' id='word_1_219' title='bbox 1916 1982 2083 2038; x_wconf 75' lang='lat' dir='ltr'><strong>Vsus.</strong></span> <span class='ocrx_word' id='word_1_220' title='bbox 2130 1984 2182 2038; x_wconf 83' lang='lat'><strong>5.</strong></span> <span class='ocrx_word' id='word_1_221' title='bbox 2228 1983 2453 2053; x_wconf 83' lang='lat' dir='ltr'><strong>Propter</strong></span> <span class='ocrx_word' id='word_1_222' title='bbox 2477 1987 2570 2041; x_wconf 85' lang='lat' dir='ltr'><strong>hos</strong></span> <span class='ocrx_word' id='word_1_223' title='bbox 2599 1989 2885 2057; x_wconf 86' lang='lat' dir='ltr'><strong>improbos,</strong></span> <span class='ocrx_word' id='word_1_224' title='bbox 2920 1988 3121 2060; x_wconf 89' lang='lat' dir='ltr'><strong>inquit,</strong></span> <span class='ocrx_word' id='word_1_225' title='bbox 3155 2001 3415 2058; x_wconf 86' lang='lat' dir='ltr'><strong>pastores,</strong></span> 
     </span>
    </p>
   </div>
   <div class='ocr_carea' id='block_1_31' title="bbox 205 2074 1761 2152">
    <p class='ocr_par' dir='ltr' id='par_1_31' title="bbox 205 2080 1743 2152">
     <span class='ocr_line' id='line_1_31' title="bbox 205 2080 1743 2152; baseline -0.004 -13"><span class='ocrx_word' id='word_1_226' title='bbox 205 2082 477 2151; x_wconf 74' lang='grc' dir='ltr'>διέσπειρα</span> <span class='ocrx_word' id='word_1_227' title='bbox 497 2082 571 2137; x_wconf 80' lang='grc' dir='ltr'>τὰ</span> <span class='ocrx_word' id='word_1_228' title='bbox 605 2080 873 2152; x_wconf 87' lang='grc' dir='ltr'>πρόϐατά</span> <span class='ocrx_word' id='word_1_229' title='bbox 884 2097 1023 2150; x_wconf 83' lang='grc' dir='ltr'>μου,</span> <span class='ocrx_word' id='word_1_230' title='bbox 1052 2081 1151 2135; x_wconf 82' lang='grc' dir='ltr'><strong>καί</strong></span> <span class='ocrx_word' id='word_1_231' title='bbox 1180 2081 1416 2151; x_wconf 78' lang='grc' dir='ltr'>ἐγένετο</span> <span class='ocrx_word' id='word_1_232' title='bbox 1438 2082 1483 2113; x_wconf 75' lang='grc' dir='ltr'>θ’</span> <span class='ocrx_word' id='word_1_233' title='bbox 1515 2082 1604 2146; x_wconf 80' lang='grc' dir='ltr'><strong>εἰς</strong></span> <span class='ocrx_word' id='word_1_234' title='bbox 1635 2096 1743 2133; x_wconf 83' lang='grc' dir='ltr'>κα·</span> 
     </span>
    </p>
   </div>
   <div class='ocr_carea' id='block_1_32' title="bbox 1866 2074 3418 2152">
    <p class='ocr_par' dir='ltr' id='par_1_32' title="bbox 1866 2074 3418 2149">
     <span class='ocr_line' id='line_1_32' title="bbox 1866 2074 3418 2149; baseline 0.008 -22"><span class='ocrx_word' id='word_1_235' title='bbox 1866 2074 2069 2145; x_wconf 85' lang='lat' dir='ltr'><strong>lispersi</strong></span> <span class='ocrx_word' id='word_1_236' title='bbox 2107 2093 2221 2131; x_wconf 85' lang='lat' dir='ltr'><strong>oves</strong></span> <span class='ocrx_word' id='word_1_237' title='bbox 2248 2094 2411 2139; x_wconf 86' lang='lat' dir='ltr'><strong>meas,</strong></span> <span class='ocrx_word' id='word_1_238' title='bbox 2467 2088 2516 2133; x_wconf 88' lang='lat' dir='ltr'><strong>et</strong></span> <span class='ocrx_word' id='word_1_239' title='bbox 2546 2081 2703 2149; x_wconf 66' lang='lat' dir='ltr'><strong>factae</strong></span> <span class='ocrx_word' id='word_1_240' title='bbox 2744 2095 2864 2135; x_wconf 83' lang='lat' dir='ltr'><strong>sum</strong></span> <span class='ocrx_word' id='word_1_241' title='bbox 2893 2082 2947 2135; x_wconf 86' lang='lat' dir='ltr'><strong>in</strong></span> <span class='ocrx_word' id='word_1_242' title='bbox 2985 2083 3373 2139; x_wconf 81' lang='lat' dir='ltr'><strong>devorationem</strong></span> <span class='ocrx_word' id='word_1_243' title='bbox 3398 2088 3418 2109; x_wconf 66' lang='grc' dir='ltr'><strong>θ</strong></span> 
     </span>
    </p>
   </div>
   <div class='ocr_carea' id='block_1_33' title="bbox 206 2166 1761 2245">
    <p class='ocr_par' dir='ltr' id='par_1_33' title="bbox 206 2171 1748 2245">
     <span class='ocr_line' id='line_1_33' title="bbox 206 2171 1748 2245; baseline -0.003 -16"><span class='ocrx_word' id='word_1_244' title='bbox 206 2175 442 2245; x_wconf 79' lang='grc' dir='ltr'>τάόρωμα</span> <span class='ocrx_word' id='word_1_245' title='bbox 464 2172 617 2230; x_wconf 83' lang='grc' dir='ltr'>πᾶσι</span> <span class='ocrx_word' id='word_1_246' title='bbox 642 2172 768 2240; x_wconf 85' lang='grc' dir='ltr'>τοῖς</span> <span class='ocrx_word' id='word_1_247' title='bbox 794 2173 1021 2242; x_wconf 77' lang='grc' dir='ltr'>θηρίοις</span> <span class='ocrx_word' id='word_1_248' title='bbox 1049 2173 1157 2228; x_wconf 83' lang='grc' dir='ltr'>τοῦ</span> <span class='ocrx_word' id='word_1_249' title='bbox 1201 2174 1409 2244; x_wconf 68' lang='grc' dir='ltr'>ἀγροῦ.</span> <span class='ocrx_word' id='word_1_250' title='bbox 1456 2171 1748 2245; x_wconf 85' lang='grc' dir='ltr'>Τροπικῶς</span> 
     </span>
    </p>
   </div>
   <div class='ocr_carea' id='block_1_34' title="bbox 1866 2166 3411 2245">
    <p class='ocr_par' dir='ltr' id='par_1_34' title="bbox 1866 2166 3411 2239">
     <span class='ocr_line' id='line_1_34' title="bbox 1866 2166 3411 2239; baseline 0.007 -22"><span class='ocrx_word' id='word_1_251' title='bbox 1866 2166 2086 2220; x_wconf 73' lang='lat' dir='ltr'><strong>minibus</strong></span> <span class='ocrx_word' id='word_1_252' title='bbox 2119 2167 2297 2221; x_wconf 87' lang='lat' dir='ltr'><strong>bestiis</strong></span> <span class='ocrx_word' id='word_1_253' title='bbox 2342 2171 2476 2239; x_wconf 85' lang='lat' dir='ltr'><strong>agri.</strong></span> <span class='ocrx_word' id='word_1_254' title='bbox 2514 2170 2617 2225; x_wconf 88' lang='lat' dir='ltr'><strong>Per</strong></span> <span class='ocrx_word' id='word_1_255' title='bbox 2658 2171 3074 2227; x_wconf 88' lang='lat' dir='ltr'><strong>translationem</strong></span> <span class='ocrx_word' id='word_1_256' title='bbox 3112 2189 3307 2228; x_wconf 90' lang='lat' dir='ltr'><strong>rursus</strong></span> <span class='ocrx_word' id='word_1_257' title='bbox 3335 2175 3411 2228; x_wconf 86' lang='lat' dir='ltr'><strong>be-</strong></span> 
     </span>
    </p>
   </div>
   <div class='ocr_carea' id='block_1_35' title="bbox 206 2257 1761 2333">
    <p class='ocr_par' dir='ltr' id='par_1_35' title="bbox 206 2260 1747 2333">
     <span class='ocr_line' id='line_1_35' title="bbox 206 2260 1747 2333; baseline -0.003 -15"><span class='ocrx_word' id='word_1_258' title='bbox 206 2264 346 2318; x_wconf 72' lang='grc' dir='ltr'>πάλιν</span> <span class='ocrx_word' id='word_1_259' title='bbox 371 2264 592 2318; x_wconf 75' lang='grc' dir='ltr'>ἐκάλεσε</span> <span class='ocrx_word' id='word_1_260' title='bbox 617 2262 690 2317; x_wconf 80' lang='grc' dir='ltr'>τὰ</span> <span class='ocrx_word' id='word_1_261' title='bbox 732 2263 926 2331; x_wconf 83' lang='grc' dir='ltr'>θηρία,</span> <span class='ocrx_word' id='word_1_262' title='bbox 962 2262 1146 2333; x_wconf 70' lang='grc' dir='ltr'>ἐπειδὴ</span> <span class='ocrx_word' id='word_1_263' title='bbox 1185 2262 1330 2316; x_wconf 80' lang='grc' dir='ltr'>κατὰ</span> <span class='ocrx_word' id='word_1_264' title='bbox 1363 2261 1559 2315; x_wconf 80' lang='grc' dir='ltr'>ταύτδν</span> <span class='ocrx_word' id='word_1_265' title='bbox 1581 2261 1627 2294; x_wconf 80' lang='grc'><strong>⁸³</strong></span> <span class='ocrx_word' id='word_1_266' title='bbox 1654 2260 1747 2314; x_wconf 84' lang='grc' dir='ltr'>τὸν</span> 
     </span>
    </p>
   </div>
   <div class='ocr_carea' id='block_1_36' title="bbox 1866 2257 3412 2333">
    <p class='ocr_par' dir='ltr' id='par_1_36' title="bbox 1866 2257 3412 2332">
     <span class='ocr_line' id='line_1_36' title="bbox 1866 2257 3412 2332; baseline 0.006 -23"><span class='ocrx_word' id='word_1_267' title='bbox 1866 2257 1977 2310; x_wconf 72' lang='lat' dir='ltr'><strong>uias</strong></span> <span class='ocrx_word' id='word_1_268' title='bbox 2002 2259 2237 2326; x_wconf 86' lang='lat' dir='ltr'><strong>vocavit,</strong></span> <span class='ocrx_word' id='word_1_269' title='bbox 2266 2260 2710 2330; x_wconf 83' lang='lat' dir='ltr'><strong>quandoquidem</strong></span> <span class='ocrx_word' id='word_1_270' title='bbox 2756 2262 2859 2315; x_wconf 87' lang='lat' dir='ltr'><strong>hac</strong></span> <span class='ocrx_word' id='word_1_271' title='bbox 2895 2261 3107 2317; x_wconf 84' lang='lat' dir='ltr'><strong>ratione</strong></span> <span class='ocrx_word' id='word_1_272' title='bbox 3133 2278 3250 2316; x_wconf 77' lang='lat' dir='ltr'><strong>oves</strong></span> <span class='ocrx_word' id='word_1_273' title='bbox 3278 2278 3412 2332; x_wconf 81' lang='lat' dir='ltr'><strong>quo-</strong></span> 
     </span>
    </p>
   </div>
   <div class='ocr_carea' id='block_1_37' title="bbox 206 2349 1761 2424">
    <p class='ocr_par' dir='ltr' id='par_1_37' title="bbox 206 2351 1749 2424">
     <span class='ocr_line' id='line_1_37' title="bbox 206 2351 1749 2424; baseline 0.001 -18"><span class='ocrx_word' id='word_1_274' title='bbox 206 2353 337 2424; x_wconf 82' lang='grc' dir='ltr'>λόγον</span> <span class='ocrx_word' id='word_1_275' title='bbox 361 2354 448 2407; x_wconf 74' lang='grc' dir='ltr'>καὶ</span> <span class='ocrx_word' id='word_1_276' title='bbox 468 2353 536 2407; x_wconf 81' lang='grc' dir='ltr'>τὰ</span> <span class='ocrx_word' id='word_1_277' title='bbox 561 2353 835 2421; x_wconf 88' lang='grc' dir='ltr'>πρόϐατα</span> <span class='ocrx_word' id='word_1_278' title='bbox 857 2351 1284 2423; x_wconf 81' lang='grc' dir='ltr'>προσηγόρευσε.</span> <span class='ocrx_word' id='word_1_279' title='bbox 1306 2351 1476 2406; x_wconf 84' lang='grc' dir='ltr'>Καλεῖ</span> <span class='ocrx_word' id='word_1_280' title='bbox 1496 2352 1554 2405; x_wconf 78' lang='grc' dir='ltr'>δὲ</span> <span class='ocrx_word' id='word_1_281' title='bbox 1573 2353 1749 2420; x_wconf 82' lang='grc' dir='ltr'>θηρία</span> 
     </span>
    </p>
   </div>
   <div class='ocr_carea' id='block_1_38' title="bbox 1866 2349 3479 2424">
    <p class='ocr_par' dir='ltr' id='par_1_38' title="bbox 1866 2349 3479 2423">
     <span class='ocr_line' id='line_1_38' title="bbox 1866 2349 3479 2423; baseline 0.003 -22"><span class='ocrx_word' id='word_1_282' title='bbox 1866 2362 1954 2416; x_wconf 71' lang='lat' dir='ltr'><strong>lue</strong></span> <span class='ocrx_word' id='word_1_283' title='bbox 1981 2350 2336 2419; x_wconf 86' lang='lat' dir='ltr'><strong>nuncupavit.</strong></span> <span class='ocrx_word' id='word_1_284' title='bbox 2369 2349 2623 2420; x_wconf 80' lang='lat' dir='ltr'><strong>Appellat</strong></span> <span class='ocrx_word' id='word_1_285' title='bbox 2668 2358 2849 2405; x_wconf 86' lang='lat' dir='ltr'><strong>autem</strong></span> <span class='ocrx_word' id='word_1_286' title='bbox 2883 2351 3078 2407; x_wconf 84' lang='lat' dir='ltr'><strong>bestias</strong></span> <span class='ocrx_word' id='word_1_287' title='bbox 3111 2352 3423 2423; x_wconf 76' lang='lat' dir='ltr'><strong>intelligen-</strong></span> <span class='ocrx_word' id='word_1_288' title='bbox 3462 2366 3479 2377; x_wconf 54' lang='grc' dir='ltr'><strong>ε</strong></span> 
     </span>
    </p>
   </div>
   <div class='ocr_carea' id='block_1_39' title="bbox 205 2441 1761 2516">
    <p class='ocr_par' dir='ltr' id='par_1_39' title="bbox 205 2442 1750 2516">
     <span class='ocr_line' id='line_1_39' title="bbox 205 2442 1750 2516; baseline -0.002 -17"><span class='ocrx_word' id='word_1_289' title='bbox 205 2445 347 2516; x_wconf 81' lang='grc' dir='ltr'>νοητὰ</span> <span class='ocrx_word' id='word_1_290' title='bbox 374 2444 468 2515; x_wconf 79' lang='grc' dir='ltr'>μὲν</span> <span class='ocrx_word' id='word_1_291' title='bbox 503 2445 641 2507; x_wconf 84' lang='grc' dir='ltr'>τοὺς</span> <span class='ocrx_word' id='word_1_292' title='bbox 667 2442 948 2513; x_wconf 88' lang='grc' dir='ltr'>δαίμονας,</span> <span class='ocrx_word' id='word_1_293' title='bbox 975 2443 1085 2496; x_wconf 86' lang='grc' dir='ltr'><strong>τῶν</strong></span> <span class='ocrx_word' id='word_1_294' title='bbox 1126 2443 1314 2514; x_wconf 81' lang='grc' dir='ltr'>ψυχῶν</span> <span class='ocrx_word' id='word_1_295' title='bbox 1342 2443 1470 2507; x_wconf 79' lang='grc' dir='ltr'>τοὺς</span> <span class='ocrx_word' id='word_1_296' title='bbox 1514 2443 1750 2497; x_wconf 84' lang='grc' dir='ltr'>ἀλάστο-</span> 
     </span>
    </p>
   </div>
   <div class='ocr_carea' id='block_1_40' title="bbox 1866 2441 3425 2516">
    <p class='ocr_par' dir='ltr' id='par_1_40' title="bbox 1866 2441 3425 2513">
     <span class='ocr_line' id='line_1_40' title="bbox 1866 2441 3425 2513; baseline 0.003 -19"><span class='ocrx_word' id='word_1_297' title='bbox 1866 2441 1923 2494; x_wconf 82' lang='lat' dir='ltr'><strong>.is</strong></span> <span class='ocrx_word' id='word_1_298' title='bbox 1956 2441 2177 2511; x_wconf 91' lang='lat' dir='ltr'><strong>quidem</strong></span> <span class='ocrx_word' id='word_1_299' title='bbox 2212 2443 2492 2513; x_wconf 72' lang='lat' dir='ltr'><strong>praeditas,</strong></span> <span class='ocrx_word' id='word_1_300' title='bbox 2523 2443 2824 2509; x_wconf 70' lang='lat' dir='ltr'><strong>darmonas,</strong></span> <span class='ocrx_word' id='word_1_301' title='bbox 2863 2447 3170 2500; x_wconf 86' lang='lat' dir='ltr'><strong>animarum</strong></span> <span class='ocrx_word' id='word_1_302' title='bbox 3200 2444 3425 2500; x_wconf 81' lang='lat' dir='ltr'><strong>carniﬁ-</strong></span> 
     </span>
    </p>
   </div>
   <div class='ocr_carea' id='block_1_41' title="bbox 207 2533 1761 2607">
    <p class='ocr_par' dir='ltr' id='par_1_41' title="bbox 207 2533 1751 2607">
     <span class='ocr_line' id='line_1_41' title="bbox 207 2533 1751 2607; baseline -0.001 -17"><span class='ocrx_word' id='word_1_303' title='bbox 207 2553 309 2605; x_wconf 83' lang='grc' dir='ltr'>ρας,</span> <span class='ocrx_word' id='word_1_304' title='bbox 336 2534 558 2607; x_wconf 81' lang='grc' dir='ltr'>αἰσθητὰ</span> <span class='ocrx_word' id='word_1_305' title='bbox 594 2534 659 2589; x_wconf 78' lang='grc' dir='ltr'>δὲ</span> <span class='ocrx_word' id='word_1_306' title='bbox 679 2535 810 2598; x_wconf 83' lang='grc' dir='ltr'>τοὺς</span> <span class='ocrx_word' id='word_1_307' title='bbox 838 2533 1180 2605; x_wconf 83' lang='grc' dir='ltr'>πανταχόθεν</span> <span class='ocrx_word' id='word_1_308' title='bbox 1208 2534 1534 2600; x_wconf 76' lang='grc' dir='ltr'>ἐπελθόντας</span> <span class='ocrx_word' id='word_1_309' title='bbox 1568 2535 1751 2599; x_wconf 84' lang='grc' dir='ltr'>αὐτοῖς</span> 
     </span>
    </p>
   </div>
   <div class='ocr_carea' id='block_1_42' title="bbox 1866 2533 3425 2607">
    <p class='ocr_par' dir='ltr' id='par_1_42' title="bbox 1866 2535 3425 2600">
     <span class='ocr_line' id='line_1_42' title="bbox 1866 2535 3425 2600; baseline 0.003 -12"><span class='ocrx_word' id='word_1_310' title='bbox 1866 2547 1966 2596; x_wconf 84' lang='lat' dir='ltr'><strong>:es,</strong></span> <span class='ocrx_word' id='word_1_311' title='bbox 2014 2549 2184 2589; x_wconf 90' lang='lat' dir='ltr'><strong>sensu</strong></span> <span class='ocrx_word' id='word_1_312' title='bbox 2225 2548 2359 2588; x_wconf 87' lang='lat' dir='ltr'><strong>vero</strong></span> <span class='ocrx_word' id='word_1_313' title='bbox 2393 2541 2604 2588; x_wconf 88' lang='lat' dir='ltr'><strong>tantum</strong></span> <span class='ocrx_word' id='word_1_314' title='bbox 2659 2535 2962 2590; x_wconf 84' lang='lat' dir='ltr'><strong>instructas</strong></span> <span class='ocrx_word' id='word_1_315' title='bbox 3015 2535 3181 2600; x_wconf 79' lang='lat' dir='ltr'><strong>feras,</strong></span> <span class='ocrx_word' id='word_1_316' title='bbox 3235 2536 3425 2593; x_wconf 84' lang='lat' dir='ltr'><strong>hostes</strong></span> 
     </span>
    </p>
   </div>
   <div class='ocr_carea' id='block_1_43' title="bbox 205 2622 1761 2699">
    <p class='ocr_par' dir='ltr' id='par_1_43' title="bbox 205 2626 487 2699">
     <span class='ocr_line' id='line_1_43' title="bbox 205 2626 487 2699; baseline 0.004 -17"><span class='ocrx_word' id='word_1_317' title='bbox 205 2626 487 2699; x_wconf 77' lang='grc' dir='ltr'>πολεμίους.</span> 
     </span>
    </p>
   </div>
   <div class='ocr_carea' id='block_1_44' title="bbox 1866 2622 2682 2699">
    <p class='ocr_par' dir='ltr' id='par_1_44' title="bbox 1866 2622 2682 2694">
     <span class='ocr_line' id='line_1_44' title="bbox 1866 2622 2682 2694; baseline 0.004 -18"><span class='ocrx_word' id='word_1_318' title='bbox 1866 2622 2096 2693; x_wconf 67' lang='lat' dir='ltr'><strong>undique</strong></span> <span class='ocrx_word' id='word_1_319' title='bbox 2122 2626 2178 2678; x_wconf 90' lang='lat' dir='ltr'><strong>in</strong></span> <span class='ocrx_word' id='word_1_320' title='bbox 2208 2623 2361 2694; x_wconf 89' lang='lat' dir='ltr'><strong>ipsos</strong></span> <span class='ocrx_word' id='word_1_321' title='bbox 2388 2624 2682 2680; x_wconf 87' lang='lat' dir='ltr'><strong>irruentes.</strong></span> 
     </span>
    </p>
   </div>
   <div class='ocr_carea' id='block_1_45' title="bbox 211 1142 1731 1229">
    <p class='ocr_par' dir='ltr' id='par_1_45' title="bbox 211 1142 1731 1229">
     <span class='ocr_line' id='line_1_45' title="bbox 211 1142 1731 1229; baseline -0.011 -18"><span class='ocrx_word' id='word_1_322' title='bbox 211 1157 322 1229; x_wconf 81' lang='grc' dir='ltr'>πρὸς</span> <span class='ocrx_word' id='word_1_323' title='bbox 364 1154 446 1206; x_wconf 83' lang='grc' dir='ltr'>τὸν</span> <span class='ocrx_word' id='word_1_324' title='bbox 482 1151 611 1204; x_wconf 80' lang='grc' dir='ltr'>Θεὸν</span> <span class='ocrx_word' id='word_1_325' title='bbox 657 1146 1004 1216; x_wconf 75' lang='grc' dir='ltr'>ἐπιστρέφειν</span> <span class='ocrx_word' id='word_1_326' title='bbox 1038 1146 1138 1199; x_wconf 79' lang='grc' dir='ltr'>οὐκ</span> <span class='ocrx_word' id='word_1_327' title='bbox 1183 1144 1452 1215; x_wconf 77' lang='grc' dir='ltr'>ἠθέλησαν</span> <span class='ocrx_word' id='word_1_328' title='bbox 1486 1145 1535 1196; x_wconf 90' lang='grc' dir='ltr'><strong>οἱ</strong></span> <span class='ocrx_word' id='word_1_329' title='bbox 1569 1142 1731 1197; x_wconf 78' lang='grc' dir='ltr'>κακοὶ</span> 
     </span>
    </p>
   </div>
   <div class='ocr_carea' id='block_1_46' title="bbox 209 1234 1730 1316">
    <p class='ocr_par' dir='ltr' id='par_1_46' title="bbox 209 1234 1730 1316">
     <span class='ocr_line' id='line_1_46' title="bbox 209 1234 1730 1316; baseline -0.005 -22"><span class='ocrx_word' id='word_1_330' title='bbox 209 1245 445 1316; x_wconf 75' lang='grc' dir='ltr'>ποιμένες,</span> <span class='ocrx_word' id='word_1_331' title='bbox 484 1241 610 1304; x_wconf 82' lang='grc' dir='ltr'>τοὺς</span> <span class='ocrx_word' id='word_1_332' title='bbox 648 1240 702 1292; x_wconf 85' lang='grc' dir='ltr'>δὲ</span> <span class='ocrx_word' id='word_1_333' title='bbox 755 1238 930 1302; x_wconf 81' lang='grc' dir='ltr'>θείους</span> <span class='ocrx_word' id='word_1_334' title='bbox 983 1237 1266 1308; x_wconf 77' lang='grc' dir='ltr'>προφήτας</span> <span class='ocrx_word' id='word_1_335' title='bbox 1310 1235 1410 1305; x_wconf 79' lang='grc' dir='ltr'>τὴν</span> <span class='ocrx_word' id='word_1_336' title='bbox 1450 1235 1601 1303; x_wconf 82' lang='grc' dir='ltr'>ἰσχὺν</span> <span class='ocrx_word' id='word_1_337' title='bbox 1631 1234 1730 1303; x_wconf 79' lang='grc' dir='ltr'>τῆς</span> 
     </span>
    </p>
   </div>
   <div class='ocr_carea' id='block_1_47' title="bbox 210 1324 1729 1407">
    <p class='ocr_par' dir='ltr' id='par_1_47' title="bbox 210 1324 1729 1407">
     <span class='ocr_line' id='line_1_47' title="bbox 210 1324 1729 1407; baseline -0.009 -17"><span class='ocrx_word' id='word_1_338' title='bbox 210 1335 376 1407; x_wconf 75' lang='grc' dir='ltr'>ἀρετῆς</span> <span class='ocrx_word' id='word_1_339' title='bbox 420 1329 785 1399; x_wconf 81' lang='grc' dir='ltr'>κεκτημένους</span> <span class='ocrx_word' id='word_1_340' title='bbox 816 1326 1150 1396; x_wconf 83' lang='grc' dir='ltr'>αἰκιζόμενοι</span> <span class='ocrx_word' id='word_1_341' title='bbox 1183 1325 1285 1403; x_wconf 26' lang='grc' dir='ltr'>καὶ.</span> <span class='ocrx_word' id='word_1_342' title='bbox 1330 1324 1729 1397; x_wconf 87' lang='grc' dir='ltr'>καθείργοντες,</span> 
     </span>
    </p>
   </div>
   <div class='ocr_carea' id='block_1_48' title="bbox 210 1413 1733 1494">
    <p class='ocr_par' dir='ltr' id='par_1_48' title="bbox 210 1413 1733 1494">
     <span class='ocr_line' id='line_1_48' title="bbox 210 1413 1733 1494; baseline -0.009 -14"><span class='ocrx_word' id='word_1_343' title='bbox 210 1426 285 1481; x_wconf 82' lang='grc' dir='ltr'><strong>καὶ</strong></span> <span class='ocrx_word' id='word_1_344' title='bbox 309 1421 500 1494; x_wconf 79' lang='grc' dir='ltr'>μυρίοις</span> <span class='ocrx_word' id='word_1_345' title='bbox 532 1420 800 1488; x_wconf 81' lang='grc' dir='ltr'>ἀλγεινοῖς</span> <span class='ocrx_word' id='word_1_346' title='bbox 845 1417 1236 1480; x_wconf 78' lang='grc' dir='ltr'>ὑποϐάλλοντες</span> <span class='ocrx_word' id='word_1_347' title='bbox 1286 1415 1592 1469; x_wconf 80' lang='grc' dir='ltr'>διετέλεσαν</span> <span class='ocrx_word' id='word_1_348' title='bbox 1638 1413 1733 1468; x_wconf 70' lang='grc' dir='ltr'>καὶ</span> 
     </span>
    </p>
   </div>
   <div class='ocr_carea' id='block_1_49' title="bbox 1924 2755 3424 2825">
    <p class='ocr_par' dir='ltr' id='par_1_49' title="bbox 1924 2755 3424 2825">
     <span class='ocr_line' id='line_1_49' title="bbox 1924 2755 3424 2825; baseline 0.004 -15"><span class='ocrx_word' id='word_1_349' title='bbox 1924 2755 2093 2812; x_wconf 65' lang='lat' dir='ltr'><strong>Vens.</strong></span> <span class='ocrx_word' id='word_1_350' title='bbox 2156 2756 2209 2810; x_wconf 88' lang='lat'><strong>6.</strong></span> <span class='ocrx_word' id='word_1_351' title='bbox 2252 2756 2323 2809; x_wconf 89' lang='lat' dir='ltr'><strong>Et</strong></span> <span class='ocrx_word' id='word_1_352' title='bbox 2373 2756 2625 2825; x_wconf 72' lang='lat' dir='ltr'><strong>dispersa:</strong></span> <span class='ocrx_word' id='word_1_353' title='bbox 2673 2766 2797 2810; x_wconf 85' lang='lat' dir='ltr'><strong>sunt</strong></span> <span class='ocrx_word' id='word_1_354' title='bbox 2852 2766 2901 2812; x_wconf 92' lang='lat' dir='ltr'><strong>et</strong></span> <span class='ocrx_word' id='word_1_355' title='bbox 2958 2769 3260 2814; x_wconf 73' lang='lat' dir='ltr'><strong>erraverunt</strong></span> <span class='ocrx_word' id='word_1_356' title='bbox 3309 2777 3424 2816; x_wconf 75' lang='lat' dir='ltr'><strong>oves</strong></span> 
     </span>
    </p>
   </div>
   <div class='ocr_carea' id='block_1_50' title="bbox 1857 2847 3426 2913">
    <p class='ocr_par' dir='ltr' id='par_1_50' title="bbox 1857 2847 3426 2913">
     <span class='ocr_line' id='line_1_50' title="bbox 1857 2847 3426 2913; baseline 0.003 -13"><span class='ocrx_word' id='word_1_357' title='bbox 1857 2863 1983 2901; x_wconf 76' lang='lat' dir='ltr'><strong>mea:</strong></span> <span class='ocrx_word' id='word_1_358' title='bbox 2023 2847 2078 2900; x_wconf 85' lang='lat' dir='ltr'><strong>in</strong></span> <span class='ocrx_word' id='word_1_359' title='bbox 2122 2849 2265 2901; x_wconf 83' lang='lat' dir='ltr'><strong>omni</strong></span> <span class='ocrx_word' id='word_1_360' title='bbox 2311 2856 2499 2913; x_wconf 84' lang='lat' dir='ltr'><strong>monte,</strong></span> <span class='ocrx_word' id='word_1_361' title='bbox 2548 2858 2597 2901; x_wconf 88' lang='lat' dir='ltr'><strong>et</strong></span> <span class='ocrx_word' id='word_1_362' title='bbox 2631 2849 2683 2901; x_wconf 88' lang='lat' dir='ltr'><strong>in</strong></span> <span class='ocrx_word' id='word_1_363' title='bbox 2734 2850 2874 2903; x_wconf 85' lang='lat' dir='ltr'><strong>omni</strong></span> <span class='ocrx_word' id='word_1_364' title='bbox 2922 2851 3055 2904; x_wconf 83' lang='lat' dir='ltr'><strong>colle</strong></span> <span class='ocrx_word' id='word_1_365' title='bbox 3089 2853 3335 2907; x_wconf 77' lang='lat' dir='ltr'><strong>excelso:</strong></span> <span class='ocrx_word' id='word_1_366' title='bbox 3376 2863 3426 2908; x_wconf 85' lang='lat' dir='ltr'><strong>et</strong></span> 
     </span>
    </p>
   </div>
   <div class='ocr_carea' id='block_1_51' title="bbox 264 2759 1755 2830">
    <p class='ocr_par' dir='ltr' id='par_1_51' title="bbox 264 2759 1755 2830">
     <span class='ocr_line' id='line_1_51' title="bbox 264 2759 1755 2830; baseline -0.004 -11"><span class='ocrx_word' id='word_1_367' title='bbox 264 2762 329 2829; x_wconf 87' lang='grc' dir='ltr'>ς’.</span> <span class='ocrx_word' id='word_1_368' title='bbox 350 2762 453 2818; x_wconf 74' lang='grc' dir='ltr'><strong>Καὶ</strong></span> <span class='ocrx_word' id='word_1_369' title='bbox 477 2760 779 2829; x_wconf 77' lang='grc' dir='ltr'>διεσπάρη</span> <span class='ocrx_word' id='word_1_370' title='bbox 811 2759 909 2814; x_wconf 79' lang='grc' dir='ltr'>καί</span> <span class='ocrx_word' id='word_1_371' title='bbox 940 2760 1251 2830; x_wconf 76' lang='grc' dir='ltr'>ἐπλανήθη</span> <span class='ocrx_word' id='word_1_372' title='bbox 1289 2759 1335 2793; x_wconf 71' lang='grc'>⁸⁸</span> <span class='ocrx_word' id='word_1_373' title='bbox 1376 2760 1446 2815; x_wconf 82' lang='grc' dir='ltr'>τὰ</span> <span class='ocrx_word' id='word_1_374' title='bbox 1493 2759 1755 2828; x_wconf 80' lang='grc' dir='ltr'>πρόϐατά</span> 
     </span>
    </p>
   </div>
   <div class='ocr_carea' id='block_1_52' title="bbox 200 2848 1754 2921">
    <p class='ocr_par' dir='ltr' id='par_1_52' title="bbox 200 2848 1754 2921">
     <span class='ocr_line' id='line_1_52' title="bbox 200 2848 1754 2921; baseline -0.003 -15"><span class='ocrx_word' id='word_1_375' title='bbox 200 2870 301 2921; x_wconf 81' lang='grc' dir='ltr'>μου</span> <span class='ocrx_word' id='word_1_376' title='bbox 327 2853 392 2906; x_wconf 80' lang='grc' dir='ltr'>ἐν</span> <span class='ocrx_word' id='word_1_377' title='bbox 418 2852 599 2907; x_wconf 78' lang='grc' dir='ltr'>παντὶ</span> <span class='ocrx_word' id='word_1_378' title='bbox 636 2851 778 2919; x_wconf 77' lang='grc' dir='ltr'>ὄρει,</span> <span class='ocrx_word' id='word_1_379' title='bbox 812 2850 909 2906; x_wconf 78' lang='grc' dir='ltr'><strong>καὶ</strong></span> <span class='ocrx_word' id='word_1_380' title='bbox 947 2850 1045 2904; x_wconf 74' lang='grc' dir='ltr'><strong>ἐπὶ</strong></span> <span class='ocrx_word' id='word_1_381' title='bbox 1082 2851 1259 2904; x_wconf 79' lang='grc' dir='ltr'>παντὶ</span> <span class='ocrx_word' id='word_1_382' title='bbox 1281 2848 1488 2914; x_wconf 82' lang='grc' dir='ltr'>,ϐουνῷ</span> <span class='ocrx_word' id='word_1_383' title='bbox 1515 2849 1754 2918; x_wconf 70' lang='grc' dir='ltr'><strong>ὑψηλῷ,</strong></span> 
     </span>
    </p>
   </div>
   <div class='ocr_carea' id='block_1_53' title="bbox 204 2940 1758 3013">
    <p class='ocr_par' dir='ltr' id='par_1_53' title="bbox 204 2940 1758 3013">
     <span class='ocr_line' id='line_1_53' title="bbox 204 2940 1758 3013; baseline -0.002 -15"><span class='ocrx_word' id='word_1_384' title='bbox 204 2944 286 2998; x_wconf 73' lang='grc' dir='ltr'><strong>καὶ</strong></span> <span class='ocrx_word' id='word_1_385' title='bbox 309 2944 399 2999; x_wconf 74' lang='grc' dir='ltr'><strong>ἐπὶ</strong></span> <span class='ocrx_word' id='word_1_386' title='bbox 445 2942 779 3013; x_wconf 74' lang='grc' dir='ltr'>προσώπου</span> <span class='ocrx_word' id='word_1_387' title='bbox 821 2943 1025 3008; x_wconf 82' lang='grc' dir='ltr'>πάσης</span> <span class='ocrx_word' id='word_1_388' title='bbox 1053 2940 1164 3010; x_wconf 83' lang='grc' dir='ltr'>τῆς</span> <span class='ocrx_word' id='word_1_389' title='bbox 1206 2940 1316 3011; x_wconf 76' lang='grc' dir='ltr'>γῆς</span> <span class='ocrx_word' id='word_1_390' title='bbox 1344 2940 1637 3010; x_wconf 82' lang='grc' dir='ltr'>διεσπάρη</span> <span class='ocrx_word' id='word_1_391' title='bbox 1685 2942 1758 2996; x_wconf 86' lang='grc' dir='ltr'>τὰ</span> 
     </span>
    </p>
   </div>
   <div class='ocr_carea' id='block_1_54' title="bbox 204 3031 1759 3106">
    <p class='ocr_par' dir='ltr' id='par_1_54' title="bbox 204 3031 1759 3106">
     <span class='ocr_line' id='line_1_54' title="bbox 204 3031 1759 3106; baseline 0 -19"><span class='ocrx_word' id='word_1_392' title='bbox 204 3036 442 3102; x_wconf 74' lang='grc' dir='ltr'>πρόϐατά</span> <span class='ocrx_word' id='word_1_393' title='bbox 458 3055 580 3106; x_wconf 82' lang='grc' dir='ltr'>μου</span> <span class='ocrx_word' id='word_1_394' title='bbox 614 3036 683 3099; x_wconf 81' lang='grc'><strong>⁸⁵,</strong></span> <span class='ocrx_word' id='word_1_395' title='bbox 712 3034 808 3088; x_wconf 74' lang='grc' dir='ltr'>καὶ</span> <span class='ocrx_word' id='word_1_396' title='bbox 839 3036 948 3089; x_wconf 81' lang='grc' dir='ltr'>οὐκ</span> <span class='ocrx_word' id='word_1_397' title='bbox 980 3031 1059 3105; x_wconf 78' lang='grc' dir='ltr'>ἦν</span> <span class='ocrx_word' id='word_1_398' title='bbox 1088 3038 1121 3089; x_wconf 91' lang='grc' dir='ltr'><strong>ό</strong></span> <span class='ocrx_word' id='word_1_399' title='bbox 1149 3033 1435 3104; x_wconf 76' lang='grc' dir='ltr'><strong>ἐκζητῶν,</strong></span> <span class='ocrx_word' id='word_1_400' title='bbox 1459 3033 1602 3088; x_wconf 84' lang='grc' dir='ltr'>οὐδὲ</span> <span class='ocrx_word' id='word_1_401' title='bbox 1632 3034 1759 3087; x_wconf 84' lang='grc' dir='ltr'>ἐπι-</span> 
     </span>
    </p>
   </div>
   <div class='ocr_carea' id='block_1_55' title="bbox 204 3113 1800 3195">
    <p class='ocr_par' dir='ltr' id='par_1_55' title="bbox 204 3113 1800 3195">
     <span class='ocr_line' id='line_1_55' title="bbox 204 3113 1800 3195; baseline 0.001 -18"><span class='ocrx_word' id='word_1_402' title='bbox 204 3126 451 3194; x_wconf 72' lang='grc' dir='ltr'>στρέφων</span> <span class='ocrx_word' id='word_1_403' title='bbox 481 3128 546 3181; x_wconf 79' lang='lat'><strong>“.</strong></span> <span class='ocrx_word' id='word_1_404' title='bbox 583 3154 659 3167; x_wconf 84' lang='lat'><strong>——-</strong></span> <span class='ocrx_word' id='word_1_405' title='bbox 696 3127 841 3193; x_wconf 90' lang='grc' dir='ltr'>Ὄρη</span> <span class='ocrx_word' id='word_1_406' title='bbox 884 3125 977 3179; x_wconf 63' lang='grc' dir='ltr'><strong>καὶ⁸</strong></span> <span class='ocrx_word' id='word_1_407' title='bbox 1009 3124 1230 3195; x_wconf 85' lang='grc' dir='ltr'>βουνοὺς</span> <span class='ocrx_word' id='word_1_408' title='bbox 1268 3125 1455 3179; x_wconf 77' lang='grc' dir='ltr'>καὶτὰ</span> <span class='ocrx_word' id='word_1_409' title='bbox 1499 3124 1633 3178; x_wconf 77' lang='grc' dir='ltr'>ἄλλα</span> <span class='ocrx_word' id='word_1_410' title='bbox 1658 3126 1759 3178; x_wconf 82' lang='grc' dir='ltr'>ὅσα</span> <span class='ocrx_word' id='word_1_411' title='bbox 1794 3113 1800 3120; x_wconf 60' lang='grc'><strong>’</strong></span> 
     </span>
    </p>
   </div>
   <div class='ocr_carea' id='block_1_56' title="bbox 203 3215 1761 3289">
    <p class='ocr_par' dir='ltr' id='par_1_56' title="bbox 203 3215 1761 3289">
     <span class='ocr_line' id='line_1_56' title="bbox 203 3215 1761 3289; baseline 0.001 -22"><span class='ocrx_word' id='word_1_412' title='bbox 203 3217 393 3289; x_wconf 74' lang='grc' dir='ltr'>εἰρηκε,</span> <span class='ocrx_word' id='word_1_413' title='bbox 417 3218 517 3289; x_wconf 79' lang='grc' dir='ltr'>τὴν</span> <span class='ocrx_word' id='word_1_414' title='bbox 562 3220 627 3272; x_wconf 79' lang='grc' dir='ltr'>ὲν</span> <span class='ocrx_word' id='word_1_415' title='bbox 664 3217 846 3282; x_wconf 81' lang='grc' dir='ltr'>αὐτοῖς</span> <span class='ocrx_word' id='word_1_416' title='bbox 884 3216 1184 3288; x_wconf 81' lang='grc' dir='ltr'>γενομένην</span> <span class='ocrx_word' id='word_1_417' title='bbox 1236 3216 1345 3269; x_wconf 90' lang='grc' dir='ltr'><strong>τῶν</strong></span> <span class='ocrx_word' id='word_1_418' title='bbox 1384 3215 1619 3269; x_wconf 76' lang='grc' dir='ltr'><strong>εἰδώλων</strong></span> <span class='ocrx_word' id='word_1_419' title='bbox 1665 3215 1761 3268; x_wconf 89' lang='grc' dir='ltr'>λα-</span> 
     </span>
    </p>
   </div>
   <div class='ocr_carea' id='block_1_57' title="bbox 1856 2939 3427 3009">
    <p class='ocr_par' dir='ltr' id='par_1_57' title="bbox 1856 2939 3427 3009">
     <span class='ocr_line' id='line_1_57' title="bbox 1856 2939 3427 3009; baseline 0.003 -16"><span class='ocrx_word' id='word_1_420' title='bbox 1856 2954 2011 3008; x_wconf 87' lang='lat' dir='ltr'><strong>super</strong></span> <span class='ocrx_word' id='word_1_421' title='bbox 2057 2939 2248 3006; x_wconf 80' lang='lat' dir='ltr'><strong>faciem</strong></span> <span class='ocrx_word' id='word_1_422' title='bbox 2295 2941 2454 2994; x_wconf 81' lang='lat' dir='ltr'><strong>totius</strong></span> <span class='ocrx_word' id='word_1_423' title='bbox 2492 2949 2643 2993; x_wconf 70' lang='lat' dir='ltr'><strong>terrre</strong></span> <span class='ocrx_word' id='word_1_424' title='bbox 2685 2941 2938 3009; x_wconf 73' lang='lat' dir='ltr'><strong>dispersa:</strong></span> <span class='ocrx_word' id='word_1_425' title='bbox 2980 2953 3246 2998; x_wconf 82' lang='lat' dir='ltr'><strong>sunt‘oves</strong></span> <span class='ocrx_word' id='word_1_426' title='bbox 3279 2960 3427 3008; x_wconf 78' lang='lat' dir='ltr'><strong>mea&#39;,</strong></span> 
     </span>
    </p>
   </div>
   <div class='ocr_carea' id='block_1_58' title="bbox 1856 3031 3433 3102">
    <p class='ocr_par' dir='ltr' id='par_1_58' title="bbox 1856 3031 3433 3102">
     <span class='ocr_line' id='line_1_58' title="bbox 1856 3031 3433 3102; baseline 0.004 -18"><span class='ocrx_word' id='word_1_427' title='bbox 1856 3039 1907 3084; x_wconf 88' lang='lat' dir='ltr'><strong>et</strong></span> <span class='ocrx_word' id='word_1_428' title='bbox 1933 3046 2035 3083; x_wconf 81' lang='lat' dir='ltr'><strong>non</strong></span> <span class='ocrx_word' id='word_1_429' title='bbox 2064 3037 2191 3084; x_wconf 81' lang='lat' dir='ltr'><strong>‘erat</strong></span> <span class='ocrx_word' id='word_1_430' title='bbox 2218 3031 2516 3102; x_wconf 76' lang='lat' dir='ltr'><strong>exquirens,</strong></span> <span class='ocrx_word' id='word_1_431' title='bbox 2553 3047 2713 3101; x_wconf 88' lang='lat' dir='ltr'><strong>neque</strong></span> <span class='ocrx_word' id='word_1_432' title='bbox 2746 3031 3016 3087; x_wconf 81' lang='lat' dir='ltr'><strong>reducens.</strong></span> <span class='ocrx_word' id='word_1_433' title='bbox 3041 3063 3110 3073; x_wconf 98' lang='lat'><em>—</em></span> <span class='ocrx_word' id='word_1_434' title='bbox 3133 3031 3340 3089; x_wconf 71' lang='lat' dir='ltr'><strong>Montes</strong></span> <span class='ocrx_word' id='word_1_435' title='bbox 3375 3044 3433 3090; x_wconf 83' lang='lat' dir='ltr'><strong>et</strong></span> 
     </span>
    </p>
   </div>
   <div class='ocr_carea' id='block_1_59' title="bbox 1859 3121 3434 3193">
    <p class='ocr_par' dir='ltr' id='par_1_59' title="bbox 1859 3121 3434 3193">
     <span class='ocr_line' id='line_1_59' title="bbox 1859 3121 3434 3193; baseline 0.005 -19"><span class='ocrx_word' id='word_1_436' title='bbox 1859 3121 2037 3187; x_wconf 84' lang='lat' dir='ltr'><strong>colles,</strong></span> <span class='ocrx_word' id='word_1_437' title='bbox 2060 3128 2113 3176; x_wconf 89' lang='lat' dir='ltr'><strong>et</strong></span> <span class='ocrx_word' id='word_1_438' title='bbox 2144 3122 2250 3176; x_wconf 85' lang='lat' dir='ltr'><strong>alia</strong></span> <span class='ocrx_word' id='word_1_439' title='bbox 2280 3137 2625 3193; x_wconf 64' lang='lat' dir='ltr'><strong>quascunque</strong></span> <span class='ocrx_word' id='word_1_440' title='bbox 2655 3122 2819 3187; x_wconf 77' lang='lat' dir='ltr'><strong>dixit,</strong></span> <span class='ocrx_word' id='word_1_441' title='bbox 2848 3124 3057 3178; x_wconf 90' lang='lat' dir='ltr'><strong>cultum</strong></span> <span class='ocrx_word' id='word_1_442' title='bbox 3098 3125 3166 3180; x_wconf 89' lang='lat' dir='ltr'><strong>ab</strong></span> <span class='ocrx_word' id='word_1_443' title='bbox 3199 3126 3280 3181; x_wconf 87' lang='lat' dir='ltr'><strong>eis</strong></span> <span class='ocrx_word' id='word_1_444' title='bbox 3313 3126 3434 3181; x_wconf 91' lang='lat' dir='ltr'><strong>ido-</strong></span> 
     </span>
    </p>
   </div>
   <div class='ocr_carea' id='block_1_60' title="bbox 1860 3213 3434 3286">
    <p class='ocr_par' dir='ltr' id='par_1_60' title="bbox 1860 3213 3434 3286">
     <span class='ocr_line' id='line_1_60' title="bbox 1860 3213 3434 3286; baseline 0.006 -21"><span class='ocrx_word' id='word_1_445' title='bbox 1860 3213 1932 3269; x_wconf 91' lang='lat' dir='ltr'><strong>lis</strong></span> <span class='ocrx_word' id='word_1_446' title='bbox 1974 3217 2278 3284; x_wconf 68' lang='lat' dir='ltr'><strong>przestitum</strong></span> <span class='ocrx_word' id='word_1_447' title='bbox 2332 3217 2689 3286; x_wconf 80' lang='lat' dir='ltr'><strong>nuncupavit.</strong></span> <span class='ocrx_word' id='word_1_448' title='bbox 2742 3215 2800 3270; x_wconf 88' lang='lat' dir='ltr'><strong>In</strong></span> <span class='ocrx_word' id='word_1_449' title='bbox 2857 3219 3139 3273; x_wconf 83' lang='lat' dir='ltr'><strong>montibus</strong></span> <span class='ocrx_word' id='word_1_450' title='bbox 3190 3219 3336 3274; x_wconf 88' lang='lat' dir='ltr'><strong>enim</strong></span> <span class='ocrx_word' id='word_1_451' title='bbox 3378 3228 3434 3275; x_wconf 77' lang='lat' dir='ltr'><strong>et</strong></span> 
     </span>
    </p>
   </div>
   <div class='ocr_carea' id='block_1_61' title="bbox 203 3285 1761 3378">
    <p class='ocr_par' dir='ltr' id='par_1_61' title="bbox 203 3285 1756 3378">
     <span class='ocr_line' id='line_1_61' title="bbox 203 3285 1756 3378; baseline 0.001 -20"><span class='ocrx_word' id='word_1_452' title='bbox 203 3285 369 3377; x_wconf 71' lang='grc' dir='ltr'>τρείᾶν</span> <span class='ocrx_word' id='word_1_453' title='bbox 399 3285 664 3363; x_wconf 69' lang='grc' dir='ltr'>ἐκάλεσεν</span> <span class='ocrx_word' id='word_1_454' title='bbox 682 3325 696 3339; x_wconf 73' lang='grc'><strong><em>⁸</em></strong></span> <span class='ocrx_word' id='word_1_455' title='bbox 739 3310 797 3360; x_wconf 83' lang='grc' dir='ltr'>ὲν</span> <span class='ocrx_word' id='word_1_456' title='bbox 819 3308 969 3378; x_wconf 79' lang='grc' dir='ltr'>όρεσι</span> <span class='ocrx_word' id='word_1_457' title='bbox 998 3285 1106 3377; x_wconf 80' lang='grc' dir='ltr'><strong>γὰρ</strong></span> <span class='ocrx_word' id='word_1_458' title='bbox 1141 3285 1238 3361; x_wconf 78' lang='grc' dir='ltr'>καὶ</span> <span class='ocrx_word' id='word_1_459' title='bbox 1261 3307 1545 3378; x_wconf 81' lang='grc' dir='ltr'>γηλόφοις,</span> <span class='ocrx_word' id='word_1_460' title='bbox 1573 3306 1668 3360; x_wconf 80' lang='grc' dir='ltr'>καὶ</span> <span class='ocrx_word' id='word_1_461' title='bbox 1699 3307 1756 3360; x_wconf 85' lang='grc' dir='ltr'>ὲν</span> 
     </span>
    </p>
   </div>
   <div class='ocr_carea' id='block_1_62' title="bbox 1866 3285 3434 3378">
    <p class='ocr_par' dir='ltr' id='par_1_62' title="bbox 1866 3285 3434 3374">
     <span class='ocr_line' id='line_1_62' title="bbox 1866 3285 3434 3374; baseline 0.003 -17"><span class='ocrx_word' id='word_1_462' title='bbox 1866 3303 2116 3366; x_wconf 83' lang='lat' dir='ltr'><strong>collibus,</strong></span> <span class='ocrx_word' id='word_1_463' title='bbox 2150 3312 2315 3374; x_wconf 88' lang='lat' dir='ltr'><strong>atque</strong></span> <span class='ocrx_word' id='word_1_464' title='bbox 2358 3294 2497 3360; x_wconf 82' lang='lat' dir='ltr'><strong>adeo</strong></span> <span class='ocrx_word' id='word_1_465' title='bbox 2526 3285 2593 3359; x_wconf 88' lang='lat' dir='ltr'><strong>in</strong></span> <span class='ocrx_word' id='word_1_466' title='bbox 2630 3305 2780 3359; x_wconf 90' lang='lat' dir='ltr'><strong>omni</strong></span> <span class='ocrx_word' id='word_1_467' title='bbox 2818 3305 2960 3369; x_wconf 89' lang='lat' dir='ltr'><strong>loco,</strong></span> <span class='ocrx_word' id='word_1_468' title='bbox 2998 3307 3271 3362; x_wconf 87' lang='lat' dir='ltr'><strong>idolorum</strong></span> <span class='ocrx_word' id='word_1_469' title='bbox 3305 3320 3434 3364; x_wconf 81' lang='lat' dir='ltr'><strong>lem-</strong></span> 
     </span>
    </p>
   </div>
   <div class='ocr_carea' id='block_1_63' title="bbox 201 3395 1760 3469">
    <p class='ocr_par' dir='ltr' id='par_1_63' title="bbox 201 3395 1760 3469">
     <span class='ocr_line' id='line_1_63' title="bbox 201 3395 1760 3469; baseline -0.001 -19"><span class='ocrx_word' id='word_1_470' title='bbox 201 3397 347 3450; x_wconf 74' lang='grc' dir='ltr'><strong>⁴ιαντὶ</strong></span> <span class='ocrx_word' id='word_1_471' title='bbox 382 3400 528 3469; x_wconf 86' lang='grc' dir='ltr'>τόπῳ</span> <span class='ocrx_word' id='word_1_472' title='bbox 555 3401 630 3453; x_wconf 79' lang='grc' dir='ltr'>τὰ</span> <span class='ocrx_word' id='word_1_473' title='bbox 662 3398 771 3453; x_wconf 88' lang='grc' dir='ltr'><strong>τῶν</strong></span> <span class='ocrx_word' id='word_1_474' title='bbox 794 3397 1028 3452; x_wconf 80' lang='grc' dir='ltr'>εἰδώλων</span> <span class='ocrx_word' id='word_1_475' title='bbox 1057 3397 1339 3468; x_wconf 78' lang='grc' dir='ltr'>ἱδρύσαντο</span> <span class='ocrx_word' id='word_1_476' title='bbox 1385 3397 1609 3467; x_wconf 78' lang='grc' dir='ltr'>τεμένη,</span> <span class='ocrx_word' id='word_1_477' title='bbox 1636 3395 1760 3449; x_wconf 75' lang='grc' dir='ltr'>οὔτε</span> 
     </span>
    </p>
   </div>
   <div class='ocr_carea' id='block_1_64' title="bbox 204 3486 1756 3561">
    <p class='ocr_par' dir='ltr' id='par_1_64' title="bbox 204 3486 1756 3561">
     <span class='ocr_line' id='line_1_64' title="bbox 204 3486 1756 3561; baseline 0.001 -21"><span class='ocrx_word' id='word_1_478' title='bbox 204 3486 465 3556; x_wconf 74' lang='grc' dir='ltr'>βασιλέων,</span> <span class='ocrx_word' id='word_1_479' title='bbox 488 3488 619 3544; x_wconf 75' lang='grc' dir='ltr'>οὔτε</span> <span class='ocrx_word' id='word_1_480' title='bbox 647 3490 755 3559; x_wconf 78' lang='grc' dir='ltr'>μὴν</span> <span class='ocrx_word' id='word_1_481' title='bbox 792 3487 979 3561; x_wconf 78' lang='grc' dir='ltr'>ἱερέων</span> <span class='ocrx_word' id='word_1_482' title='bbox 1000 3488 1100 3558; x_wconf 79' lang='grc' dir='ltr'>τὴν</span> <span class='ocrx_word' id='word_1_483' title='bbox 1139 3487 1391 3542; x_wconf 77' lang='grc' dir='ltr'>ἁσέΰειαν</span> <span class='ocrx_word' id='word_1_484' title='bbox 1420 3488 1756 3542; x_wconf 87' lang='grc' dir='ltr'>κωλυόντων.</span> 
     </span>
    </p>
   </div>
   <div class='ocr_carea' id='block_1_65' title="bbox 200 3573 1763 3653">
    <p class='ocr_par' dir='ltr' id='par_1_65' title="bbox 200 3573 1763 3653">
     <span class='ocr_line' id='line_1_65' title="bbox 200 3573 1763 3653; baseline -0.002 -19"><span class='ocrx_word' id='word_1_485' title='bbox 200 3573 267 3634; x_wconf 65' lang='lat' dir='ltr'><strong>Ob</strong></span> <span class='ocrx_word' id='word_1_486' title='bbox 294 3580 446 3653; x_wconf 82' lang='grc' dir='ltr'>χάριν</span> <span class='ocrx_word' id='word_1_487' title='bbox 484 3581 625 3653; x_wconf 77' lang='grc' dir='ltr'>ἔφη’</span> <span class='ocrx_word' id='word_1_488' title='bbox 662 3599 681 3631; x_wconf 84' lang='grc' dir='ltr'><strong>ι</strong></span> <span class='ocrx_word' id='word_1_489' title='bbox 722 3579 832 3633; x_wconf 78' lang='grc' dir='ltr'><strong>Καὶ</strong></span> <span class='ocrx_word' id='word_1_490' title='bbox 859 3579 959 3633; x_wconf 83' lang='grc' dir='ltr'>οὐκ</span> <span class='ocrx_word' id='word_1_491' title='bbox 984 3574 1053 3651; x_wconf 77' lang='grc' dir='ltr'>ἧν</span> <span class='ocrx_word' id='word_1_492' title='bbox 1077 3580 1107 3632; x_wconf 93' lang='grc' dir='ltr'><strong>ό</strong></span> <span class='ocrx_word' id='word_1_493' title='bbox 1137 3577 1402 3649; x_wconf 76' lang='grc' dir='ltr'>ἐκζητῶν,</span> <span class='ocrx_word' id='word_1_494' title='bbox 1426 3578 1545 3631; x_wconf 82' lang='grc' dir='ltr'>οὐδὲ</span> <span class='ocrx_word' id='word_1_495' title='bbox 1568 3580 1597 3631; x_wconf 87' lang='grc' dir='ltr'><strong>ό</strong></span> <span class='ocrx_word' id='word_1_496' title='bbox 1625 3580 1763 3631; x_wconf 83' lang='grc' dir='ltr'>ἀπο-</span> 
     </span>
    </p>
   </div>
   <div class='ocr_carea' id='block_1_66' title="bbox 201 3668 1760 3741">
    <p class='ocr_par' dir='ltr' id='par_1_66' title="bbox 201 3668 1760 3741">
     <span class='ocr_line' id='line_1_66' title="bbox 201 3668 1760 3741; baseline 0 -19"><span class='ocrx_word' id='word_1_497' title='bbox 201 3671 459 3740; x_wconf 76' lang='grc' dir='ltr'>στρέφων.</span> <span class='ocrx_word' id='word_1_498' title='bbox 520 3691 541 3725; x_wconf 83' lang='lat' dir='ltr'><strong>s</strong></span> <span class='ocrx_word' id='word_1_499' title='bbox 608 3669 770 3725; x_wconf 79' lang='grc' dir='ltr'>υῦτω</span> <span class='ocrx_word' id='word_1_500' title='bbox 823 3669 921 3741; x_wconf 86' lang='grc' dir='ltr'><strong>τὴν</strong></span> <span class='ocrx_word' id='word_1_501' title='bbox 973 3668 1303 3741; x_wconf 80' lang='grc' dir='ltr'>κατηγορίαν</span> <span class='ocrx_word' id='word_1_502' title='bbox 1360 3669 1760 3740; x_wconf 84' lang='grc' dir='ltr'>ποιησάμενος,</span> 
     </span>
    </p>
   </div>
   <div class='ocr_carea' id='block_1_67' title="bbox 198 3760 1766 3832">
    <p class='ocr_par' dir='ltr' id='par_1_67' title="bbox 198 3760 1766 3832">
     <span class='ocr_line' id='line_1_67' title="bbox 198 3760 1766 3832; baseline 0.001 -19"><span class='ocrx_word' id='word_1_503' title='bbox 198 3760 397 3816; x_wconf 71' lang='grc' dir='ltr'>ἀπειλεῖ</span> <span class='ocrx_word' id='word_1_504' title='bbox 416 3765 535 3827; x_wconf 75' lang='grc' dir='ltr'>τοῖς</span> <span class='ocrx_word' id='word_1_505' title='bbox 557 3760 789 3831; x_wconf 77' lang='grc' dir='ltr'>ποιμέσι</span> <span class='ocrx_word' id='word_1_506' title='bbox 812 3760 911 3832; x_wconf 77' lang='grc' dir='ltr'>τὴν</span> <span class='ocrx_word' id='word_1_507' title='bbox 937 3760 1227 3831; x_wconf 80' lang='grc' dir='ltr'>τιμωρίαν,</span> <span class='ocrx_word' id='word_1_508' title='bbox 1255 3760 1348 3813; x_wconf 90' lang='grc' dir='ltr'><strong>καί</strong></span> <span class='ocrx_word' id='word_1_509' title='bbox 1374 3778 1538 3832; x_wconf 87' lang='grc' dir='ltr'>φησιν</span> <span class='ocrx_word' id='word_1_510' title='bbox 1555 3777 1566 3791; x_wconf 92' lang='grc'><strong>·</strong></span> <span class='ocrx_word' id='word_1_511' title='bbox 1611 3760 1766 3814; x_wconf 73' lang='grc' dir='ltr'>Ἐπεὶ</span> 
     </span>
    </p>
   </div>
   <div class='ocr_carea' id='block_1_68' title="bbox 198 3844 1768 3921">
    <p class='ocr_par' dir='ltr' id='par_1_68' title="bbox 198 3844 1768 3921">
     <span class='ocr_line' id='line_1_68' title="bbox 198 3844 1768 3921; baseline 0.004 -23"><span class='ocrx_word' id='word_1_512' title='bbox 198 3844 279 3901; x_wconf 78' lang='grc' dir='ltr'>διὰ</span> <span class='ocrx_word' id='word_1_513' title='bbox 305 3848 588 3921; x_wconf 77' lang='grc' dir='ltr'>ῥᾳστώνην</span> <span class='ocrx_word' id='word_1_514' title='bbox 612 3866 676 3903; x_wconf 88' lang='grc' dir='ltr'><strong>τε</strong></span> <span class='ocrx_word' id='word_1_515' title='bbox 701 3847 793 3902; x_wconf 76' lang='grc' dir='ltr'>καὶ</span> <span class='ocrx_word' id='word_1_516' title='bbox 813 3846 1073 3918; x_wconf 82' lang='grc' dir='ltr'>ἀμέλειαν</span> <span class='ocrx_word' id='word_1_517' title='bbox 1100 3847 1408 3919; x_wconf 87' lang='grc' dir='ltr'>θηριάλωτα</span> <span class='ocrx_word' id='word_1_518' title='bbox 1427 3850 1495 3903; x_wconf 80' lang='grc' dir='ltr'>τὰ</span> <span class='ocrx_word' id='word_1_519' title='bbox 1520 3850 1768 3920; x_wconf 79' lang='grc' dir='ltr'>πρόϐατά</span> 
     </span>
    </p>
   </div>
   <div class='ocr_carea' id='block_1_69' title="bbox 201 3940 1768 4016">
    <p class='ocr_par' dir='ltr' id='par_1_69' title="bbox 201 3940 1768 4016">
     <span class='ocr_line' id='line_1_69' title="bbox 201 3940 1768 4016; baseline 0.003 -23"><span class='ocrx_word' id='word_1_520' title='bbox 201 3954 294 4009; x_wconf 81' lang='grc' dir='ltr'><strong>μου</strong></span> <span class='ocrx_word' id='word_1_521' title='bbox 336 3941 553 4011; x_wconf 79' lang='grc' dir='ltr'>γέγονε,</span> <span class='ocrx_word' id='word_1_522' title='bbox 585 3941 686 3996; x_wconf 78' lang='grc' dir='ltr'>καὶ</span> <span class='ocrx_word' id='word_1_523' title='bbox 715 3940 975 4012; x_wconf 82' lang='grc' dir='ltr'>οὐδεμιᾶς</span> <span class='ocrx_word' id='word_1_524' title='bbox 1021 3942 1152 4013; x_wconf 84' lang='grc' dir='ltr'>παρ’</span> <span class='ocrx_word' id='word_1_525' title='bbox 1185 3941 1337 4013; x_wconf 82' lang='grc' dir='ltr'>ὑμῶν</span> <span class='ocrx_word' id='word_1_526' title='bbox 1367 3943 1684 4013; x_wconf 74' lang='grc' dir='ltr'>ἐπιμελείας</span> <span class='ocrx_word' id='word_1_527' title='bbox 1730 3943 1768 4016; x_wconf 82' lang='grc' dir='ltr'><strong>ἢ</strong></span> 
     </span>
    </p>
   </div>
   <div class='ocr_carea' id='block_1_70' title="bbox 207 4030 1765 4107">
    <p class='ocr_par' dir='ltr' id='par_1_70' title="bbox 207 4030 1765 4107">
     <span class='ocr_line' id='line_1_70' title="bbox 207 4030 1765 4107; baseline 0.013 -26"><span class='ocrx_word' id='word_1_528' title='bbox 207 4030 443 4100; x_wconf 80' lang='grc' dir='ltr'>προνοίας</span> <span class='ocrx_word' id='word_1_529' title='bbox 464 4030 791 4103; x_wconf 81' lang='grc' dir='ltr'>ἀπήλαυσε·</span> <span class='ocrx_word' id='word_1_530' title='bbox 826 4030 996 4102; x_wconf 87' lang='grc' dir='ltr'>μόνης</span> <span class='ocrx_word' id='word_1_531' title='bbox 1023 4030 1132 4101; x_wconf 78' lang='grc' dir='ltr'><strong>γὰρ</strong></span> <span class='ocrx_word' id='word_1_532' title='bbox 1166 4032 1268 4103; x_wconf 84' lang='grc' dir='ltr'><strong>τῆς</strong></span> <span class='ocrx_word' id='word_1_533' title='bbox 1298 4032 1506 4099; x_wconf 88' lang='grc' dir='ltr'>οἰκείας</span> <span class='ocrx_word' id='word_1_534' title='bbox 1537 4036 1765 4107; x_wconf 76' lang='grc' dir='ltr'>τρυφῆς,</span> 
     </span>
    </p>
   </div>
   <div class='ocr_carea' id='block_1_71' title="bbox 200 4114 1379 4192">
    <p class='ocr_par' dir='ltr' id='par_1_71' title="bbox 200 4114 1379 4192">
     <span class='ocr_line' id='line_1_71' title="bbox 200 4114 1379 4192; baseline 0.003 -21"><span class='ocrx_word' id='word_1_535' title='bbox 200 4114 283 4171; x_wconf 80' lang='grc' dir='ltr'>καὶ</span> <span class='ocrx_word' id='word_1_536' title='bbox 307 4121 638 4192; x_wconf 82' lang='grc' dir='ltr'>σωματικῆς</span> <span class='ocrx_word' id='word_1_537' title='bbox 660 4119 1014 4191; x_wconf 71' lang='grc' dir='ltr'>ἐφροντίσατε</span> <span class='ocrx_word' id='word_1_538' title='bbox 1044 4119 1343 4192; x_wconf 85' lang='grc' dir='ltr'>θεραπείας</span> <span class='ocrx_word' id='word_1_539' title='bbox 1363 4138 1379 4154; x_wconf 87' lang='grc'><strong>·</strong></span> 
     </span>
    </p>
   </div>
   <div class='ocr_carea' id='block_1_72' title="bbox 257 4244 1764 4321">
    <p class='ocr_par' dir='ltr' id='par_1_72' title="bbox 257 4244 1764 4321">
     <span class='ocr_line' id='line_1_72' title="bbox 257 4244 1764 4321; baseline 0 -14"><span class='ocrx_word' id='word_1_540' title='bbox 257 4255 322 4316; x_wconf 80' lang='lat'><strong>&#39;6,</strong></span> <span class='ocrx_word' id='word_1_541' title='bbox 352 4255 405 4306; x_wconf 80' lang='grc' dir='ltr'>ι’.</span> <span class='ocrx_word' id='word_1_542' title='bbox 450 4251 682 4307; x_wconf 86' lang='grc' dir='ltr'>Τούτου</span> <span class='ocrx_word' id='word_1_543' title='bbox 715 4250 908 4321; x_wconf 80' lang='grc' dir='ltr'>χάριν,</span> <span class='ocrx_word' id='word_1_544' title='bbox 942 4244 990 4305; x_wconf 88' lang='grc' dir='ltr'>ὧ</span> <span class='ocrx_word' id='word_1_545' title='bbox 1035 4251 1312 4319; x_wconf 79' lang='grc' dir='ltr'>ποιμένες</span> <span class='ocrx_word' id='word_1_546' title='bbox 1352 4252 1420 4315; x_wconf 80' lang='grc'><strong>⁸⁷,</strong></span> <span class='ocrx_word' id='word_1_547' title='bbox 1460 4253 1764 4308; x_wconf 74' lang='grc' dir='ltr'>ἀκούσατε</span> 
     </span>
    </p>
   </div>
   <div class='ocr_carea' id='block_1_73' title="bbox 194 4337 1771 4411">
    <p class='ocr_par' dir='ltr' id='par_1_73' title="bbox 194 4337 1771 4411">
     <span class='ocr_line' id='line_1_73' title="bbox 194 4337 1771 4411; baseline -0.001 -14"><span class='ocrx_word' id='word_1_548' title='bbox 194 4337 371 4409; x_wconf 64' lang='grc' dir='ltr'>λάτον</span> <span class='ocrx_word' id='word_1_549' title='bbox 395 4341 652 4411; x_wconf 79' lang='grc' dir='ltr'>Κυρίου.</span> <span class='ocrx_word' id='word_1_550' title='bbox 687 4339 831 4396; x_wconf 84' lang='grc' dir='ltr'>Τάδε</span> <span class='ocrx_word' id='word_1_551' title='bbox 854 4338 1014 4411; x_wconf 74' lang='grc' dir='ltr'>λέγει</span> <span class='ocrx_word' id='word_1_552' title='bbox 1054 4339 1293 4395; x_wconf 81' lang='grc' dir='ltr'>Ἀδωναῒ</span> <span class='ocrx_word' id='word_1_553' title='bbox 1314 4342 1526 4410; x_wconf 83' lang='grc' dir='ltr'>Κύριος</span> <span class='ocrx_word' id='word_1_554' title='bbox 1551 4362 1565 4376; x_wconf 79' lang='grc' dir='ltr'><strong>ο</strong></span> <span class='ocrx_word' id='word_1_555' title='bbox 1617 4344 1771 4398; x_wconf 88' lang='grc' dir='ltr'>Ἰδοὺ</span> 
     </span>
    </p>
   </div>
   <div class='ocr_carea' id='block_1_74' title="bbox 197 4427 1775 4503">
    <p class='ocr_par' dir='ltr' id='par_1_74' title="bbox 197 4427 1775 4503">
     <span class='ocr_line' id='line_1_74' title="bbox 197 4427 1775 4503; baseline 0.003 -19"><span class='ocrx_word' id='word_1_556' title='bbox 197 4427 303 4498; x_wconf 74' lang='grc' dir='ltr'><strong>ἐγὼ</strong></span> <span class='ocrx_word' id='word_1_557' title='bbox 326 4431 426 4485; x_wconf 77' lang='grc' dir='ltr'><strong>ἐπὶ</strong></span> <span class='ocrx_word' id='word_1_558' title='bbox 449 4431 604 4498; x_wconf 87' lang='grc' dir='ltr'>τοὺς</span> <span class='ocrx_word' id='word_1_559' title='bbox 635 4430 941 4500; x_wconf 76' lang='grc' dir='ltr'>ποιμένας,</span> <span class='ocrx_word' id='word_1_560' title='bbox 969 4430 1067 4485; x_wconf 83' lang='grc' dir='ltr'><strong>καί</strong></span> <span class='ocrx_word' id='word_1_561' title='bbox 1097 4430 1396 4500; x_wconf 79' lang='grc' dir='ltr'>ἐκζητήσω</span> <span class='ocrx_word' id='word_1_562' title='bbox 1419 4435 1490 4487; x_wconf 79' lang='grc' dir='ltr'>τὰ</span> <span class='ocrx_word' id='word_1_563' title='bbox 1512 4434 1775 4503; x_wconf 82' lang='grc' dir='ltr'>πρόϐατά</span> 
     </span>
    </p>
   </div>
   <div class='ocr_carea' id='block_1_75' title="bbox 199 4520 1773 4592">
    <p class='ocr_par' dir='ltr' id='par_1_75' title="bbox 199 4520 1773 4592">
     <span class='ocr_line' id='line_1_75' title="bbox 199 4520 1773 4592; baseline 0.004 -18"><span class='ocrx_word' id='word_1_564' title='bbox 199 4537 305 4583; x_wconf 79' lang='grc' dir='ltr'>μου</span> <span class='ocrx_word' id='word_1_565' title='bbox 326 4522 395 4576; x_wconf 77' lang='grc' dir='ltr'>ἐκ</span> <span class='ocrx_word' id='word_1_566' title='bbox 428 4521 556 4576; x_wconf 84' lang='grc' dir='ltr'><strong>τῶν</strong></span> <span class='ocrx_word' id='word_1_567' title='bbox 589 4520 803 4592; x_wconf 81' lang='grc' dir='ltr'>χειρῶν</span> <span class='ocrx_word' id='word_1_568' title='bbox 830 4522 1047 4588; x_wconf 81' lang='grc' dir='ltr'>αὐτῶν,</span> <span class='ocrx_word' id='word_1_569' title='bbox 1082 4523 1180 4578; x_wconf 79' lang='grc' dir='ltr'><strong>καὶ</strong></span> <span class='ocrx_word' id='word_1_570' title='bbox 1208 4527 1569 4579; x_wconf 78' lang='grc' dir='ltr'>καταπαύσω</span> <span class='ocrx_word' id='word_1_571' title='bbox 1597 4528 1642 4563; x_wconf 74' lang='grc'><strong>³³</strong></span> <span class='ocrx_word' id='word_1_572' title='bbox 1665 4530 1773 4581; x_wconf 84' lang='grc' dir='ltr'><strong>αὐ-</strong></span> 
     </span>
    </p>
   </div>
   <div class='ocr_carea' id='block_1_76' title="bbox 1862 3393 3434 3470">
    <p class='ocr_par' dir='ltr' id='par_1_76' title="bbox 1862 3393 3434 3470">
     <span class='ocr_line' id='line_1_76' title="bbox 1862 3393 3434 3470; baseline 0.005 -24"><span class='ocrx_word' id='word_1_573' title='bbox 1862 3393 1949 3463; x_wconf 89' lang='lat' dir='ltr'><strong>pla</strong></span> <span class='ocrx_word' id='word_1_574' title='bbox 1984 3403 2306 3462; x_wconf 88' lang='lat' dir='ltr'><strong>posuerant,</strong></span> <span class='ocrx_word' id='word_1_575' title='bbox 2356 3410 2534 3465; x_wconf 87' lang='lat' dir='ltr'><strong>neque</strong></span> <span class='ocrx_word' id='word_1_576' title='bbox 2583 3397 2824 3466; x_wconf 77' lang='lat' dir='ltr'><strong>regibus,</strong></span> <span class='ocrx_word' id='word_1_577' title='bbox 2867 3397 3031 3470; x_wconf 76' lang='lat'><strong>965</strong></span> <span class='ocrx_word' id='word_1_578' title='bbox 3078 3414 3259 3470; x_wconf 88' lang='lat' dir='ltr'><strong>neque</strong></span> <span class='ocrx_word' id='word_1_579' title='bbox 3300 3401 3434 3470; x_wconf 85' lang='lat' dir='ltr'><strong>ipsis</strong></span> 
     </span>
    </p>
   </div>
   <div class='ocr_carea' id='block_1_77' title="bbox 1862 3476 3436 3560">
    <p class='ocr_par' dir='ltr' id='par_1_77' title="bbox 1862 3476 3436 3560">
     <span class='ocr_line' id='line_1_77' title="bbox 1862 3476 3436 3560; baseline 0.004 -19"><span class='ocrx_word' id='word_1_580' title='bbox 1862 3484 2244 3542; x_wconf 87' lang='lat' dir='ltr'><strong>sacerdotibus</strong></span> <span class='ocrx_word' id='word_1_581' title='bbox 2300 3486 2638 3556; x_wconf 86' lang='lat' dir='ltr'><strong>impietatem</strong></span> <span class='ocrx_word' id='word_1_582' title='bbox 2691 3491 3140 3560; x_wconf 84' lang='lat' dir='ltr'><strong>prohibentibus.</strong></span> <span class='ocrx_word' id='word_1_583' title='bbox 3200 3476 3317 3558; x_wconf 83' lang='lat' dir='ltr'><strong>Qua</strong></span> <span class='ocrx_word' id='word_1_584' title='bbox 3366 3494 3436 3548; x_wconf 92' lang='lat' dir='ltr'><strong>de</strong></span> 
     </span>
    </p>
   </div>
   <div class='ocr_carea' id='block_1_78' title="bbox 1862 3577 3436 3652">
    <p class='ocr_par' dir='ltr' id='par_1_78' title="bbox 1862 3577 3436 3652">
     <span class='ocr_line' id='line_1_78' title="bbox 1862 3577 3436 3652; baseline 0.004 -21"><span class='ocrx_word' id='word_1_585' title='bbox 1862 3590 2029 3631; x_wconf 87' lang='lat' dir='ltr'><strong>causa</strong></span> <span class='ocrx_word' id='word_1_586' title='bbox 2065 3594 2079 3627; x_wconf 92' lang='lat'>:</span> <span class='ocrx_word' id='word_1_587' title='bbox 2113 3596 2131 3629; x_wconf 75' lang='grc' dir='ltr'><strong>ι</strong></span> <span class='ocrx_word' id='word_1_588' title='bbox 2165 3577 2286 3632; x_wconf 86' lang='lat' dir='ltr'><strong>Non</strong></span> <span class='ocrx_word' id='word_1_589' title='bbox 2319 3584 2458 3644; x_wconf 89' lang='lat' dir='ltr'><strong>erat,</strong></span> <span class='ocrx_word' id='word_1_590' title='bbox 2498 3579 2698 3648; x_wconf 88' lang='lat' dir='ltr'><strong>inquit,</strong></span> <span class='ocrx_word' id='word_1_591' title='bbox 2747 3582 3066 3650; x_wconf 78' lang='lat' dir='ltr'><strong>exquirens,</strong></span> <span class='ocrx_word' id='word_1_592' title='bbox 3121 3596 3303 3652; x_wconf 88' lang='lat' dir='ltr'><strong>neque</strong></span> <span class='ocrx_word' id='word_1_593' title='bbox 3348 3598 3436 3638; x_wconf 86' lang='lat' dir='ltr'><strong>re-</strong></span> 
     </span>
    </p>
   </div>
   <div class='ocr_carea' id='block_1_79' title="bbox 1864 3666 3435 3744">
    <p class='ocr_par' dir='ltr' id='par_1_79' title="bbox 1864 3666 3435 3744">
     <span class='ocr_line' id='line_1_79' title="bbox 1864 3666 3435 3744; baseline 0.006 -23"><span class='ocrx_word' id='word_1_594' title='bbox 1864 3666 2091 3724; x_wconf 86' lang='lat' dir='ltr'><strong>ducens.</strong></span> <span class='ocrx_word' id='word_1_595' title='bbox 2121 3687 2140 3721; x_wconf 74' lang='grc' dir='ltr'><strong>ι</strong></span> <span class='ocrx_word' id='word_1_596' title='bbox 2181 3669 2261 3740; x_wconf 80' lang='grc'><strong>[7,</strong></span> <span class='ocrx_word' id='word_1_597' title='bbox 2292 3669 2348 3741; x_wconf 92' lang='grc'><strong>8]</strong></span> <span class='ocrx_word' id='word_1_598' title='bbox 2374 3671 2453 3724; x_wconf 83' lang='lat' dir='ltr'><strong>lla</strong></span> <span class='ocrx_word' id='word_1_599' title='bbox 2490 3671 2743 3726; x_wconf 88' lang='lat' dir='ltr'><strong>absoluta</strong></span> <span class='ocrx_word' id='word_1_600' title='bbox 2769 3675 3151 3739; x_wconf 79' lang='lat' dir='ltr'><strong>accusatione,</strong></span> <span class='ocrx_word' id='word_1_601' title='bbox 3200 3677 3435 3744; x_wconf 82' lang='lat' dir='ltr'><strong>pastori-</strong></span> 
     </span>
    </p>
   </div>
   <div class='ocr_carea' id='block_1_80' title="bbox 1864 3759 3436 3835">
    <p class='ocr_par' dir='ltr' id='par_1_80' title="bbox 1864 3759 3436 3835">
     <span class='ocr_line' id='line_1_80' title="bbox 1864 3759 3436 3835; baseline 0.004 -21"><span class='ocrx_word' id='word_1_602' title='bbox 1864 3759 1967 3815; x_wconf 87' lang='lat' dir='ltr'><strong>bus</strong></span> <span class='ocrx_word' id='word_1_603' title='bbox 1998 3775 2187 3829; x_wconf 68' lang='lat' dir='ltr'><strong>poenas</strong></span> <span class='ocrx_word' id='word_1_604' title='bbox 2214 3763 2476 3827; x_wconf 88' lang='lat' dir='ltr'><strong>minatur,</strong></span> <span class='ocrx_word' id='word_1_605' title='bbox 2508 3762 2693 3832; x_wconf 84' lang='lat' dir='ltr'><strong>aitque</strong></span> <span class='ocrx_word' id='word_1_606' title='bbox 2724 3781 2737 3817; x_wconf 91' lang='lat'><strong>:</strong></span> <span class='ocrx_word' id='word_1_607' title='bbox 2766 3762 2901 3818; x_wconf 85' lang='lat' dir='ltr'><strong>Cum</strong></span> <span class='ocrx_word' id='word_1_608' title='bbox 2935 3773 3160 3835; x_wconf 84' lang='lat' dir='ltr'><strong>propter</strong></span> <span class='ocrx_word' id='word_1_609' title='bbox 3181 3766 3436 3820; x_wconf 88' lang='lat' dir='ltr'><strong>inertiam</strong></span> 
     </span>
    </p>
   </div>
   <div class='ocr_carea' id='block_1_81' title="bbox 1867 3840 3435 3923">
    <p class='ocr_par' dir='ltr' id='par_1_81' title="bbox 1867 3840 3435 3923">
     <span class='ocr_line' id='line_1_81' title="bbox 1867 3840 3435 3923; baseline 0.004 -19"><span class='ocrx_word' id='word_1_610' title='bbox 1867 3865 1931 3904; x_wconf 90' lang='lat' dir='ltr'><strong>ac</strong></span> <span class='ocrx_word' id='word_1_611' title='bbox 1967 3851 2357 3922; x_wconf 74' lang='lat' dir='ltr'><strong>negligentiam</strong></span> <span class='ocrx_word' id='word_1_612' title='bbox 2391 3866 2420 3905; x_wconf 90' lang='lat' dir='ltr'><strong>a</strong></span> <span class='ocrx_word' id='word_1_613' title='bbox 2445 3840 2639 3908; x_wconf 85' lang='lat' dir='ltr'><strong>bestiis</strong></span> <span class='ocrx_word' id='word_1_614' title='bbox 2669 3863 2842 3923; x_wconf 71' lang='lat' dir='ltr'><strong>captaa</strong></span> <span class='ocrx_word' id='word_1_615' title='bbox 2878 3854 3088 3909; x_wconf 81' lang='lat' dir='ltr'><strong>fuerint</strong></span> <span class='ocrx_word' id='word_1_616' title='bbox 3111 3870 3242 3911; x_wconf 92' lang='lat' dir='ltr'><strong>oves</strong></span> <span class='ocrx_word' id='word_1_617' title='bbox 3278 3871 3435 3916; x_wconf 67' lang='lat' dir='ltr'><strong>meae.</strong></span> 
     </span>
    </p>
   </div>
   <div class='ocr_carea' id='block_1_82' title="bbox 1869 3934 3437 4014">
    <p class='ocr_par' dir='ltr' id='par_1_82' title="bbox 1869 3934 3437 4014">
     <span class='ocr_line' id='line_1_82' title="bbox 1869 3934 3437 4014; baseline 0.001 -19"><span class='ocrx_word' id='word_1_618' title='bbox 1869 3955 2048 4011; x_wconf 87' lang='lat' dir='ltr'><strong>neque</strong></span> <span class='ocrx_word' id='word_1_619' title='bbox 2083 3942 2256 3996; x_wconf 92' lang='lat' dir='ltr'><strong>ullum</strong></span> <span class='ocrx_word' id='word_1_620' title='bbox 2281 3949 2477 3997; x_wconf 65' lang='lat' dir='ltr'><strong>vestrae</strong></span> <span class='ocrx_word' id='word_1_621' title='bbox 2505 3957 2654 3998; x_wconf 62' lang='lat' dir='ltr'><strong>cura;</strong></span> <span class='ocrx_word' id='word_1_622' title='bbox 2679 3951 2775 3998; x_wconf 90' lang='lat' dir='ltr'><strong>aut</strong></span> <span class='ocrx_word' id='word_1_623' title='bbox 2806 3943 3163 4014; x_wconf 79' lang='lat' dir='ltr'><strong>providentiae</strong></span> <span class='ocrx_word' id='word_1_624' title='bbox 3197 3934 3437 3999; x_wconf 72' lang='lat' dir='ltr'><strong>fructum</strong></span> 
     </span>
    </p>
   </div>
   <div class='ocr_carea' id='block_1_83' title="bbox 1870 4034 3443 4109">
    <p class='ocr_par' dir='ltr' id='par_1_83' title="bbox 1870 4034 3443 4109">
     <span class='ocr_line' id='line_1_83' title="bbox 1870 4034 3443 4109; baseline 0.003 -22"><span class='ocrx_word' id='word_1_625' title='bbox 1870 4034 2214 4103; x_wconf 85' lang='lat' dir='ltr'><strong>perceperint</strong></span> <span class='ocrx_word' id='word_1_626' title='bbox 2242 4034 2439 4091; x_wconf 84' lang='lat' dir='ltr'><strong>(solam</strong></span> <span class='ocrx_word' id='word_1_627' title='bbox 2485 4036 2631 4089; x_wconf 91' lang='lat' dir='ltr'><strong>enim</strong></span> <span class='ocrx_word' id='word_1_628' title='bbox 2676 4036 3011 4106; x_wconf 89' lang='lat' dir='ltr'><strong>voluptatem</strong></span> <span class='ocrx_word' id='word_1_629' title='bbox 3056 4038 3356 4109; x_wconf 84' lang='lat' dir='ltr'><strong>pr0priam,</strong></span> <span class='ocrx_word' id='word_1_630' title='bbox 3387 4046 3443 4092; x_wconf 85' lang='lat' dir='ltr'><strong>ct</strong></span> 
     </span>
    </p>
   </div>
   <div class='ocr_carea' id='block_1_84' title="bbox 1869 4124 2879 4195">
    <p class='ocr_par' dir='ltr' id='par_1_84' title="bbox 1869 4124 2879 4195">
     <span class='ocr_line' id='line_1_84' title="bbox 1869 4124 2879 4195; baseline 0.004 -18"><span class='ocrx_word' id='word_1_631' title='bbox 1869 4124 2118 4193; x_wconf 88' lang='lat' dir='ltr'><strong>corporis</strong></span> <span class='ocrx_word' id='word_1_632' title='bbox 2142 4125 2311 4180; x_wconf 83' lang='lat' dir='ltr'><strong>vestri</strong></span> <span class='ocrx_word' id='word_1_633' title='bbox 2334 4125 2544 4180; x_wconf 89' lang='lat' dir='ltr'><strong>cultum</strong></span> <span class='ocrx_word' id='word_1_634' title='bbox 2573 4126 2834 4195; x_wconf 87' lang='lat' dir='ltr'><strong>curastis)</strong></span> <span class='ocrx_word' id='word_1_635' title='bbox 2863 4143 2879 4181; x_wconf 88' lang='lat'><strong>:</strong></span> 
     </span>
    </p>
   </div>
   <div class='ocr_carea' id='block_1_85' title="bbox 1940 4254 3443 4328">
    <p class='ocr_par' dir='ltr' id='par_1_85' title="bbox 1940 4254 3443 4328">
     <span class='ocr_line' id='line_1_85' title="bbox 1940 4254 3443 4328; baseline 0.002 -20"><span class='ocrx_word' id='word_1_636' title='bbox 1940 4254 2104 4311; x_wconf 76' lang='lat' dir='ltr'><strong>Vens.</strong></span> <span class='ocrx_word' id='word_1_637' title='bbox 2139 4255 2201 4320; x_wconf 90' lang='lat'><strong>9,</strong></span> <span class='ocrx_word' id='word_1_638' title='bbox 2236 4257 2319 4313; x_wconf 76' lang='grc'><strong>10.</strong></span> <span class='ocrx_word' id='word_1_639' title='bbox 2354 4257 2660 4328; x_wconf 85' lang='lat' dir='ltr'><strong>Propterea,</strong></span> <span class='ocrx_word' id='word_1_640' title='bbox 2686 4275 2715 4312; x_wconf 92' lang='grc' dir='ltr'><strong>ο</strong></span> <span class='ocrx_word' id='word_1_641' title='bbox 2738 4268 2999 4327; x_wconf 79' lang='lat' dir='ltr'><strong>pastores,</strong></span> <span class='ocrx_word' id='word_1_642' title='bbox 3029 4257 3210 4313; x_wconf 85' lang='lat' dir='ltr'><strong>audite</strong></span> <span class='ocrx_word' id='word_1_643' title='bbox 3234 4258 3443 4313; x_wconf 83' lang='lat' dir='ltr'><strong>verbum</strong></span> 
     </span>
    </p>
   </div>
   <div class='ocr_carea' id='block_1_86' title="bbox 1872 4347 3444 4419">
    <p class='ocr_par' dir='ltr' id='par_1_86' title="bbox 1872 4347 3444 4419">
     <span class='ocr_line' id='line_1_86' title="bbox 1872 4347 3444 4419; baseline -0.001 -17"><span class='ocrx_word' id='word_1_644' title='bbox 1872 4347 2128 4403; x_wconf 83' lang='lat' dir='ltr'><strong>Domini:</strong></span> <span class='ocrx_word' id='word_1_645' title='bbox 2158 4349 2287 4404; x_wconf 73' lang='grc' dir='ltr'>Ηιεε</span> <span class='ocrx_word' id='word_1_646' title='bbox 2319 4350 2448 4402; x_wconf 84' lang='lat' dir='ltr'><strong>dicit</strong></span> <span class='ocrx_word' id='word_1_647' title='bbox 2473 4350 2683 4404; x_wconf 84' lang='lat' dir='ltr'><strong>Adouai</strong></span> <span class='ocrx_word' id='word_1_648' title='bbox 2712 4350 2969 4405; x_wconf 85' lang='lat' dir='ltr'><strong>Dominus</strong></span> <span class='ocrx_word' id='word_1_649' title='bbox 2994 4365 3013 4403; x_wconf 90' lang='lat'><strong><em>:</em></strong></span> <span class='ocrx_word' id='word_1_650' title='bbox 3045 4348 3179 4402; x_wconf 84' lang='lat' dir='ltr'><strong>Ecce</strong></span> <span class='ocrx_word' id='word_1_651' title='bbox 3222 4366 3316 4419; x_wconf 87' lang='lat' dir='ltr'><strong>ego</strong></span> <span class='ocrx_word' id='word_1_652' title='bbox 3352 4366 3444 4404; x_wconf 83' lang='lat' dir='ltr'><strong>su-</strong></span> 
     </span>
    </p>
   </div>
   <div class='ocr_carea' id='block_1_87' title="bbox 1871 4439 3445 4510">
    <p class='ocr_par' dir='ltr' id='par_1_87' title="bbox 1871 4439 3445 4510">
     <span class='ocr_line' id='line_1_87' title="bbox 1871 4439 3445 4510; baseline 0 -16"><span class='ocrx_word' id='word_1_653' title='bbox 1871 4456 1963 4509; x_wconf 86' lang='lat' dir='ltr'><strong>per</strong></span> <span class='ocrx_word' id='word_1_654' title='bbox 1986 4450 2247 4508; x_wconf 86' lang='lat' dir='ltr'><strong>pastores,</strong></span> <span class='ocrx_word' id='word_1_655' title='bbox 2280 4450 2330 4494; x_wconf 90' lang='lat' dir='ltr'><strong>et</strong></span> <span class='ocrx_word' id='word_1_656' title='bbox 2360 4441 2626 4510; x_wconf 85' lang='lat' dir='ltr'><strong>requiram</strong></span> <span class='ocrx_word' id='word_1_657' title='bbox 2663 4457 2780 4494; x_wconf 81' lang='lat' dir='ltr'><strong>oves</strong></span> <span class='ocrx_word' id='word_1_658' title='bbox 2818 4456 2960 4494; x_wconf 86' lang='lat' dir='ltr'><strong>meas</strong></span> <span class='ocrx_word' id='word_1_659' title='bbox 2992 4439 3054 4494; x_wconf 87' lang='lat' dir='ltr'><strong>de</strong></span> <span class='ocrx_word' id='word_1_660' title='bbox 3084 4440 3327 4494; x_wconf 83' lang='lat' dir='ltr'><strong>manibus</strong></span> <span class='ocrx_word' id='word_1_661' title='bbox 3356 4456 3445 4494; x_wconf 85' lang='lat' dir='ltr'><strong>eo-</strong></span> 
     </span>
    </p>
   </div>
   <div class='ocr_carea' id='block_1_88' title="bbox 1875 4530 3446 4600">
    <p class='ocr_par' dir='ltr' id='par_1_88' title="bbox 1875 4530 3446 4600">
     <span class='ocr_line' id='line_1_88' title="bbox 1875 4530 3446 4600; baseline 0.001 -17"><span class='ocrx_word' id='word_1_662' title='bbox 1875 4548 2015 4598; x_wconf 88' lang='lat' dir='ltr'><strong>rum,</strong></span> <span class='ocrx_word' id='word_1_663' title='bbox 2044 4540 2093 4585; x_wconf 89' lang='lat' dir='ltr'><strong>et</strong></span> <span class='ocrx_word' id='word_1_664' title='bbox 2122 4530 2375 4585; x_wconf 82' lang='lat' dir='ltr'><strong>desistere</strong></span> <span class='ocrx_word' id='word_1_665' title='bbox 2408 4531 2607 4600; x_wconf 81' lang='lat' dir='ltr'><strong>faciam</strong></span> <span class='ocrx_word' id='word_1_666' title='bbox 2635 4548 2721 4586; x_wconf 87' lang='lat' dir='ltr'><strong>eos</strong></span> <span class='ocrx_word' id='word_1_667' title='bbox 2753 4546 2969 4600; x_wconf 86' lang='lat' dir='ltr'><strong>pascere</strong></span> <span class='ocrx_word' id='word_1_668' title='bbox 3009 4547 3125 4585; x_wconf 83' lang='lat' dir='ltr'><strong>oves</strong></span> <span class='ocrx_word' id='word_1_669' title='bbox 3161 4546 3325 4597; x_wconf 88' lang='lat' dir='ltr'><strong>meas,</strong></span> <span class='ocrx_word' id='word_1_670' title='bbox 3358 4548 3446 4585; x_wconf 84' lang='lat' dir='ltr'><strong>ue-</strong></span> 
     </span>
    </p>
   </div>
   <div class='ocr_carea' id='block_1_89' title="bbox 203 4607 1761 4693">
    <p class='ocr_par' dir='ltr' id='par_1_89' title="bbox 203 4607 1761 4683">
     <span class='ocr_line' id='line_1_89' title="bbox 203 4607 1761 4683; baseline 0.009 -26"><span class='ocrx_word' id='word_1_671' title='bbox 203 4607 330 4673; x_wconf 82' lang='grc' dir='ltr'>τοὺς</span> <span class='ocrx_word' id='word_1_672' title='bbox 362 4610 472 4664; x_wconf 89' lang='grc' dir='ltr'>τοῦ</span> <span class='ocrx_word' id='word_1_673' title='bbox 509 4611 855 4679; x_wconf 80' lang='grc' dir='ltr'>ποιμαίνειν</span> <span class='ocrx_word' id='word_1_674' title='bbox 884 4612 929 4645; x_wconf 71' lang='grc' dir='ltr'>θ’</span> <span class='ocrx_word' id='word_1_675' title='bbox 954 4613 1303 4681; x_wconf 76' lang='grc' dir='ltr'>τίιπρόϐατά</span> <span class='ocrx_word' id='word_1_676' title='bbox 1342 4632 1481 4683; x_wconf 84' lang='grc' dir='ltr'>μου,</span> <span class='ocrx_word' id='word_1_677' title='bbox 1504 4615 1602 4669; x_wconf 86' lang='grc' dir='ltr'><strong>καὶ</strong></span> <span class='ocrx_word' id='word_1_678' title='bbox 1623 4616 1669 4648; x_wconf 87' lang='lat'><strong>&quot;°</strong></span> <span class='ocrx_word' id='word_1_679' title='bbox 1703 4619 1761 4672; x_wconf 77' lang='lat' dir='ltr'><strong>oi</strong></span> 
     </span>
    </p>
   </div>
   <div class='ocr_carea' id='block_1_90' title="bbox 1866 4607 3445 4693">
    <p class='ocr_par' dir='ltr' id='par_1_90' title="bbox 1878 4621 3445 4693">
     <span class='ocr_line' id='line_1_90' title="bbox 1878 4621 3445 4693; baseline 0 -17"><span class='ocrx_word' id='word_1_680' title='bbox 1878 4639 1973 4693; x_wconf 85' lang='lat' dir='ltr'><strong>que</strong></span> <span class='ocrx_word' id='word_1_681' title='bbox 2010 4633 2222 4691; x_wconf 74' lang='lat' dir='ltr'><strong>pascant</strong></span> <span class='ocrx_word' id='word_1_682' title='bbox 2262 4639 2351 4677; x_wconf 86' lang='lat' dir='ltr'><strong>eas</strong></span> <span class='ocrx_word' id='word_1_683' title='bbox 2394 4623 2622 4691; x_wconf 85' lang='lat' dir='ltr'><strong>amplius</strong></span> <span class='ocrx_word' id='word_1_684' title='bbox 2667 4633 2928 4690; x_wconf 84' lang='lat' dir='ltr'><strong>pastores,</strong></span> <span class='ocrx_word' id='word_1_685' title='bbox 2978 4631 3028 4676; x_wconf 92' lang='lat' dir='ltr'><strong>et</strong></span> <span class='ocrx_word' id='word_1_686' title='bbox 3068 4621 3299 4676; x_wconf 86' lang='lat' dir='ltr'><strong>liberabo</strong></span> <span class='ocrx_word' id='word_1_687' title='bbox 3330 4637 3445 4676; x_wconf 78' lang='lat' dir='ltr'><strong>oves</strong></span> 
     </span>
    </p>
   </div>
   <div class='ocr_carea' id='block_1_91' title="bbox 195 4695 1782 4774">
    <p class='ocr_par' dir='ltr' id='par_1_91' title="bbox 195 4695 1782 4774">
     <span class='ocr_line' id='line_1_91' title="bbox 195 4695 1782 4774; baseline 0.008 -24"><span class='ocrx_word' id='word_1_688' title='bbox 195 4695 272 4765; x_wconf 67' lang='grc' dir='ltr'>μή</span> <span class='ocrx_word' id='word_1_689' title='bbox 316 4700 736 4769; x_wconf 81' lang='grc' dir='ltr'>ποιμανοῦσιν</span> <span class='ocrx_word' id='word_1_690' title='bbox 764 4702 917 4756; x_wconf 82' lang='grc' dir='ltr'>αὐτὰ</span> <span class='ocrx_word' id='word_1_691' title='bbox 967 4703 1057 4757; x_wconf 80' lang='grc' dir='ltr'>ἔτι</span> <span class='ocrx_word' id='word_1_692' title='bbox 1110 4707 1164 4758; x_wconf 84' lang='grc' dir='ltr'><strong>οἱ</strong></span> <span class='ocrx_word' id='word_1_693' title='bbox 1212 4705 1510 4774; x_wconf 77' lang='grc' dir='ltr'>ποιμένεςο</span> <span class='ocrx_word' id='word_1_694' title='bbox 1557 4706 1655 4761; x_wconf 80' lang='grc' dir='ltr'>καὶ</span> <span class='ocrx_word' id='word_1_695' title='bbox 1688 4710 1782 4772; x_wconf 83' lang='grc' dir='ltr'><strong>ἐξ·</strong></span> 
     </span>
    </p>
   </div>
   <div class='ocr_carea' id='block_1_92' title="bbox 195 4787 1779 4867">
    <p class='ocr_par' dir='ltr' id='par_1_92' title="bbox 195 4787 1779 4867">
     <span class='ocr_line' id='line_1_92' title="bbox 195 4787 1779 4867; baseline 0.01 -29"><span class='ocrx_word' id='word_1_696' title='bbox 195 4787 441 4858; x_wconf 68' lang='grc' dir='ltr'>ελοῦμαι</span> <span class='ocrx_word' id='word_1_697' title='bbox 467 4791 547 4845; x_wconf 79' lang='grc' dir='ltr'>τὰ</span> <span class='ocrx_word' id='word_1_698' title='bbox 569 4792 836 4860; x_wconf 85' lang='grc' dir='ltr'>πρόϐατά</span> <span class='ocrx_word' id='word_1_699' title='bbox 852 4811 972 4863; x_wconf 79' lang='grc' dir='ltr'>μου</span> <span class='ocrx_word' id='word_1_700' title='bbox 998 4796 1068 4848; x_wconf 83' lang='grc' dir='ltr'>ἐκ</span> <span class='ocrx_word' id='word_1_701' title='bbox 1097 4796 1201 4850; x_wconf 87' lang='grc' dir='ltr'>τοῦ</span> <span class='ocrx_word' id='word_1_702' title='bbox 1232 4797 1528 4866; x_wconf 86' lang='grc' dir='ltr'>στόματος</span> <span class='ocrx_word' id='word_1_703' title='bbox 1561 4800 1779 4867; x_wconf 81' lang='grc' dir='ltr'>αὐτῶν,</span> 
     </span>
    </p>
   </div>
   <div class='ocr_carea' id='block_1_93' title="bbox 1878 4710 3447 4782">
    <p class='ocr_par' dir='ltr' id='par_1_93' title="bbox 1878 4710 3447 4782">
     <span class='ocr_line' id='line_1_93' title="bbox 1878 4710 3447 4782; baseline -0.003 -14"><span class='ocrx_word' id='word_1_704' title='bbox 1878 4731 2020 4768; x_wconf 84' lang='lat' dir='ltr'><strong>meas</strong></span> <span class='ocrx_word' id='word_1_705' title='bbox 2043 4713 2107 4767; x_wconf 85' lang='lat' dir='ltr'><strong>de</strong></span> <span class='ocrx_word' id='word_1_706' title='bbox 2135 4730 2223 4767; x_wconf 91' lang='lat' dir='ltr'><strong>ore</strong></span> <span class='ocrx_word' id='word_1_707' title='bbox 2250 4713 2505 4782; x_wconf 87' lang='lat' dir='ltr'><strong>ipsorum,</strong></span> <span class='ocrx_word' id='word_1_708' title='bbox 2529 4721 2578 4767; x_wconf 93' lang='lat' dir='ltr'><strong>et</strong></span> <span class='ocrx_word' id='word_1_709' title='bbox 2611 4729 2715 4767; x_wconf 88' lang='lat' dir='ltr'><strong>non</strong></span> <span class='ocrx_word' id='word_1_710' title='bbox 2752 4712 2978 4776; x_wconf 79' lang='lat' dir='ltr'><strong>amplius</strong></span> <span class='ocrx_word' id='word_1_711' title='bbox 2999 4721 3150 4765; x_wconf 87' lang='lat' dir='ltr'><strong>erunt</strong></span> <span class='ocrx_word' id='word_1_712' title='bbox 3180 4712 3255 4765; x_wconf 87' lang='lat' dir='ltr'><strong>eis</strong></span> <span class='ocrx_word' id='word_1_713' title='bbox 3279 4712 3333 4764; x_wconf 85' lang='lat' dir='ltr'><strong>in</strong></span> <span class='ocrx_word' id='word_1_714' title='bbox 3354 4710 3447 4764; x_wconf 86' lang='lat' dir='ltr'><strong>dc-</strong></span> 
     </span>
    </p>
   </div>
   <div class='ocr_carea' id='block_1_94' title="bbox 1877 4801 3447 4872">
    <p class='ocr_par' dir='ltr' id='par_1_94' title="bbox 1877 4801 3447 4872">
     <span class='ocr_line' id='line_1_94' title="bbox 1877 4801 3447 4872; baseline -0.001 -15"><span class='ocrx_word' id='word_1_715' title='bbox 1877 4805 2220 4859; x_wconf 81' lang='lat' dir='ltr'><strong>vorationem.</strong></span> <span class='ocrx_word' id='word_1_716' title='bbox 2255 4801 2361 4858; x_wconf 86' lang='lat' dir='ltr'><strong>Per</strong></span> <span class='ocrx_word' id='word_1_717' title='bbox 2394 4802 2509 4857; x_wconf 85' lang='lat' dir='ltr'><strong>hace</strong></span> <span class='ocrx_word' id='word_1_718' title='bbox 2541 4803 2709 4857; x_wconf 84' lang='lat' dir='ltr'><strong>verba</strong></span> <span class='ocrx_word' id='word_1_719' title='bbox 2746 4801 3187 4872; x_wconf 81' lang='lat' dir='ltr'><strong>praesigniﬁcavit</strong></span> <span class='ocrx_word' id='word_1_720' title='bbox 3220 4808 3273 4856; x_wconf 88' lang='lat' dir='ltr'><strong>et</strong></span> <span class='ocrx_word' id='word_1_721' title='bbox 3296 4802 3447 4871; x_wconf 82' lang='lat' dir='ltr'><strong>regni</strong></span> 
     </span>
    </p>
   </div>
   <div class='ocr_carea' id='block_1_95' title="bbox 191 4878 1761 4960">
    <p class='ocr_par' dir='ltr' id='par_1_95' title="bbox 191 4878 1761 4960">
     <span class='ocr_line' id='line_1_95' title="bbox 191 4878 1761 4960; baseline 0.009 -29"><span class='ocrx_word' id='word_1_722' title='bbox 191 4878 285 4933; x_wconf 80' lang='grc' dir='ltr'>καί</span> <span class='ocrx_word' id='word_1_723' title='bbox 328 4880 539 4936; x_wconf 77' lang='grc' dir='ltr'>οὐκέτι</span> <span class='ocrx_word' id='word_1_724' title='bbox 575 4882 754 4937; x_wconf 75' lang='grc' dir='ltr'>ἔσται</span> <span class='ocrx_word' id='word_1_725' title='bbox 800 4886 1069 4952; x_wconf 80' lang='grc' dir='ltr'><strong>αὐτοῖς⁷¹</strong></span> <span class='ocrx_word' id='word_1_726' title='bbox 1117 4890 1203 4953; x_wconf 80' lang='grc' dir='ltr'><strong>εἰς</strong></span> <span class='ocrx_word' id='word_1_727' title='bbox 1256 4890 1629 4960; x_wconf 81' lang='grc' dir='ltr'>κατάϐρωμα.</span> <span class='ocrx_word' id='word_1_728' title='bbox 1683 4893 1761 4945; x_wconf 72' lang='lat' dir='ltr'><strong>At.&quot;</strong></span> 
     </span>
    </p>
   </div>
   <div class='ocr_carea' id='block_1_96' title="bbox 1866 4878 3449 4960">
    <p class='ocr_par' dir='ltr' id='par_1_96' title="bbox 1876 4892 3449 4949">
     <span class='ocr_line' id='line_1_96' title="bbox 1876 4892 3449 4949; baseline 0 -1"><span class='ocrx_word' id='word_1_729' title='bbox 1876 4893 2191 4949; x_wconf 72' lang='lat' dir='ltr'><strong>Iudaeorum</strong></span> <span class='ocrx_word' id='word_1_730' title='bbox 2216 4901 2271 4947; x_wconf 84' lang='lat' dir='ltr'><strong>et</strong></span> <span class='ocrx_word' id='word_1_731' title='bbox 2296 4893 2589 4948; x_wconf 88' lang='lat' dir='ltr'><strong>sacerdotii</strong></span> <span class='ocrx_word' id='word_1_732' title='bbox 2615 4893 2796 4947; x_wconf 88' lang='lat' dir='ltr'><strong>linem.</strong></span> <span class='ocrx_word' id='word_1_733' title='bbox 2834 4892 3103 4948; x_wconf 86' lang='lat' dir='ltr'><strong>Liberabo</strong></span> <span class='ocrx_word' id='word_1_734' title='bbox 3128 4893 3276 4948; x_wconf 89' lang='lat' dir='ltr'><strong>enim</strong></span> <span class='ocrx_word' id='word_1_735' title='bbox 3310 4908 3449 4949; x_wconf 86' lang='lat' dir='ltr'><strong>oves</strong></span> 
     </span>
    </p>
   </div>
   <div class='ocr_carea' id='block_1_97' title="bbox 192 4970 1761 5055">
    <p class='ocr_par' dir='ltr' id='par_1_97' title="bbox 192 4970 1761 5050">
     <span class='ocr_line' id='line_1_97' title="bbox 192 4970 1761 5050; baseline 0.008 -28"><span class='ocrx_word' id='word_1_736' title='bbox 192 4970 394 5025; x_wconf 82' lang='grc' dir='ltr'>τούτων</span> <span class='ocrx_word' id='word_1_737' title='bbox 434 4973 790 5045; x_wconf 86' lang='grc' dir='ltr'>προεδήλωσε</span> <span class='ocrx_word' id='word_1_738' title='bbox 820 4976 926 5029; x_wconf 89' lang='grc' dir='ltr'><strong>τῶν</strong></span> <span class='ocrx_word' id='word_1_739' title='bbox 977 4976 1171 5045; x_wconf 86' lang='grc' dir='ltr'>λόγων,</span> <span class='ocrx_word' id='word_1_740' title='bbox 1222 4978 1312 5031; x_wconf 76' lang='grc' dir='ltr'>καὶ</span> <span class='ocrx_word' id='word_1_741' title='bbox 1356 4980 1455 5049; x_wconf 82' lang='grc' dir='ltr'>τῆς</span> <span class='ocrx_word' id='word_1_742' title='bbox 1505 4980 1761 5050; x_wconf 65' lang='grc' dir='ltr'>βασιλείας</span> 
     </span>
    </p>
   </div>
   <div class='ocr_carea' id='block_1_98' title="bbox 1866 4970 3450 5055">
    <p class='ocr_par' dir='ltr' id='par_1_98' title="bbox 1876 4984 3450 5055">
     <span class='ocr_line' id='line_1_98' title="bbox 1876 4984 3450 5055; baseline 0.001 -15"><span class='ocrx_word' id='word_1_743' title='bbox 1876 5000 2050 5051; x_wconf 86' lang='lat' dir='ltr'><strong>meas,</strong></span> <span class='ocrx_word' id='word_1_744' title='bbox 2097 4986 2295 5055; x_wconf 89' lang='lat' dir='ltr'><strong>inquit,</strong></span> <span class='ocrx_word' id='word_1_745' title='bbox 2331 5000 2360 5039; x_wconf 89' lang='lat' dir='ltr'><strong>a</strong></span> <span class='ocrx_word' id='word_1_746' title='bbox 2392 4984 2533 5038; x_wconf 90' lang='lat' dir='ltr'><strong>mala</strong></span> <span class='ocrx_word' id='word_1_747' title='bbox 2570 4984 2805 5039; x_wconf 89' lang='lat' dir='ltr'><strong>istorum</strong></span> <span class='ocrx_word' id='word_1_748' title='bbox 2845 4998 3001 5047; x_wconf 88' lang='lat' dir='ltr'><strong>cura,</strong></span> <span class='ocrx_word' id='word_1_749' title='bbox 3047 4984 3142 5054; x_wconf 89' lang='lat' dir='ltr'><strong>qui</strong></span> <span class='ocrx_word' id='word_1_750' title='bbox 3172 4985 3321 5039; x_wconf 89' lang='lat' dir='ltr'><strong>nulla</strong></span> <span class='ocrx_word' id='word_1_751' title='bbox 3355 5000 3450 5041; x_wconf 84' lang='lat' dir='ltr'><strong>eas</strong></span> 
     </span>
    </p>
   </div>
   <div class='ocr_carea' id='block_1_99' title="bbox 191 5059 1778 5143">
    <p class='ocr_par' dir='ltr' id='par_1_99' title="bbox 191 5059 1778 5143">
     <span class='ocr_line' id='line_1_99' title="bbox 191 5059 1778 5143; baseline -0.001 -26"><span class='ocrx_word' id='word_1_752' title='bbox 191 5059 285 5130; x_wconf 81' lang='grc' dir='ltr'><strong>τῆς</strong></span> <span class='ocrx_word' id='word_1_753' title='bbox 320 5062 431 5117; x_wconf 87' lang='grc' dir='ltr'><strong>τῶν</strong></span> <span class='ocrx_word' id='word_1_754' title='bbox 472 5064 774 5134; x_wconf 70' lang='grc' dir='ltr'>Ἰουδαίων,</span> <span class='ocrx_word' id='word_1_755' title='bbox 816 5069 912 5120; x_wconf 68' lang='grc' dir='ltr'>καὶ</span> <span class='ocrx_word' id='word_1_756' title='bbox 938 5068 1036 5137; x_wconf 86' lang='grc' dir='ltr'>τῆς</span> <span class='ocrx_word' id='word_1_757' title='bbox 1066 5069 1475 5141; x_wconf 84' lang='grc' dir='ltr'>ἀρχιερωσύνης</span> <span class='ocrx_word' id='word_1_758' title='bbox 1500 5073 1599 5143; x_wconf 82' lang='grc' dir='ltr'>τὴν</span> <span class='ocrx_word' id='word_1_759' title='bbox 1635 5072 1778 5126; x_wconf 79' lang='grc' dir='ltr'><strong>παῦ-</strong></span> 
     </span>
    </p>
   </div>
   <div class='ocr_carea' id='block_1_100' title="bbox 1880 5066 3451 5148">
    <p class='ocr_par' dir='ltr' id='par_1_100' title="bbox 1880 5066 3451 5148">
     <span class='ocr_line' id='line_1_100' title="bbox 1880 5066 3451 5148; baseline 0 -16"><span class='ocrx_word' id='word_1_760' title='bbox 1880 5094 2119 5147; x_wconf 90' lang='lat' dir='ltr'><strong>unquam</strong></span> <span class='ocrx_word' id='word_1_761' title='bbox 2153 5076 2495 5147; x_wconf 86' lang='lat' dir='ltr'><strong>providentia</strong></span> <span class='ocrx_word' id='word_1_762' title='bbox 2530 5066 2931 5148; x_wconf 77' lang='lat' dir='ltr'><strong>guberna&#39;runt,</strong></span> <span class='ocrx_word' id='word_1_763' title='bbox 2968 5076 3062 5132; x_wconf 87' lang='lat' dir='ltr'><strong>sed</strong></span> <span class='ocrx_word' id='word_1_764' title='bbox 3103 5083 3318 5133; x_wconf 88' lang='lat' dir='ltr'><strong>tantum</strong></span> <span class='ocrx_word' id='word_1_765' title='bbox 3358 5091 3451 5132; x_wconf 90' lang='lat' dir='ltr'><strong>eas</strong></span> 
     </span>
    </p>
   </div>
   <div class='ocr_carea' id='block_1_101' title="bbox 1492 5272 2179 5355">
    <p class='ocr_par' dir='ltr' id='par_1_101' title="bbox 1492 5272 2179 5355">
     <span class='ocr_line' id='line_1_101' title="bbox 1492 5272 2179 5355; baseline 0.012 -32"><span class='ocrx_word' id='word_1_766' title='bbox 1492 5272 1727 5328; x_wconf 62' lang='lat' dir='ltr'><strong>VARIJE</strong></span> <span class='ocrx_word' id='word_1_767' title='bbox 1771 5276 2179 5355; x_wconf 55' lang='lat' dir='ltr'><strong>LECTIONES.</strong></span> 
     </span>
    </p>
   </div>
   <div class='ocr_carea' id='block_1_102' title="bbox 259 5388 2237 5468">
    <p class='ocr_par' dir='ltr' id='par_1_102' title="bbox 259 5388 2237 5468">
     <span class='ocr_line' id='line_1_102' title="bbox 259 5388 2237 5468; baseline 0.011 -28"><span class='ocrx_word' id='word_1_768' title='bbox 332 5392 381 5441; x_wconf 79' lang='grc' dir='ltr'><strong>Α</strong></span> <span class='ocrx_word' id='word_1_769' title='bbox 406 5388 748 5468; x_wconf 64' lang='grc' dir='ltr'>ἐζητήσατε.</span> <span class='ocrx_word' id='word_1_770' title='bbox 821 5395 867 5428; x_wconf 68' lang='grc'><strong>⁸⁸</strong></span> <span class='ocrx_word' id='word_1_771' title='bbox 904 5396 985 5454; x_wconf 76' lang='grc' dir='ltr'><strong>τό.</strong></span> <span class='ocrx_word' id='word_1_772' title='bbox 1018 5397 1058 5450; x_wconf 85' lang='grc' dir='ltr'><strong>Β</strong></span> <span class='ocrx_word' id='word_1_773' title='bbox 1090 5415 1274 5468; x_wconf 68' lang='lat' dir='ltr'><strong>prtem.</strong></span> <span class='ocrx_word' id='word_1_774' title='bbox 1314 5404 1430 5455; x_wconf 83' lang='grc' dir='ltr'>καί.</span> <span class='ocrx_word' id='word_1_775' title='bbox 1461 5401 1517 5456; x_wconf 89' lang='lat' dir='ltr'><strong>ln</strong></span> <span class='ocrx_word' id='word_1_776' title='bbox 1549 5404 1713 5460; x_wconf 82' lang='lat' dir='ltr'><strong>Hebr.</strong></span> <span class='ocrx_word' id='word_1_777' title='bbox 1751 5407 1872 5464; x_wconf 84' lang='lat' dir='ltr'><strong>des.</strong></span> <span class='ocrx_word' id='word_1_778' title='bbox 1906 5409 2032 5467; x_wconf 80' lang='lat' dir='ltr'><strong>ista.</strong></span> <span class='ocrx_word' id='word_1_779' title='bbox 2075 5408 2136 5461; x_wconf 85' lang='grc' dir='ltr'>τὸ</span> <span class='ocrx_word' id='word_1_780' title='bbox 2168 5434 2237 5447; x_wconf 89' lang='lat'><strong>-—</strong></span> 
     </span>
    </p>
   </div>
   <div class='ocr_carea' id='block_1_103' title="bbox 1455 5477 2129 5547">
    <p class='ocr_par' dir='ltr' id='par_1_103' title="bbox 1455 5477 2129 5547">
     <span class='ocr_line' id='line_1_103' title="bbox 1455 5477 2129 5547; baseline 0.007 -5"><span class='ocrx_word' id='word_1_781' title='bbox 1455 5489 1576 5547; x_wconf 67' lang='grc' dir='ltr'><strong>μρρ-</strong></span> <span class='ocrx_word' id='word_1_782' title='bbox 1618 5478 1665 5547; x_wconf 59' lang='grc' dir='ltr'>Α</span> <span class='ocrx_word' id='word_1_783' title='bbox 1708 5478 1819 5547; x_wconf 63' lang='grc' dir='ltr'><strong>Καὶ</strong></span> <span class='ocrx_word' id='word_1_784' title='bbox 1863 5477 2129 5547; x_wconf 79' lang='grc' dir='ltr'>διεσπάρη</span> 
     </span>
    </p>
   </div>
   <div class='ocr_carea' id='block_1_104' title="bbox 217 5449 1400 5549">
    <p class='ocr_par' dir='ltr' id='par_1_104' title="bbox 217 5449 1400 5549">
     <span class='ocr_line' id='line_1_104' title="bbox 217 5449 1400 5549; baseline 0.014 -40"><span class='ocrx_word' id='word_1_785' title='bbox 342 5449 799 5549; x_wconf 53' lang='grc' dir='ltr'>πρόίηνὶγξατε.</span> <span class='ocrx_word' id='word_1_786' title='bbox 909 5468 950 5499; x_wconf 77' lang='grc'><strong>⁸⁸</strong></span> 
     </span>
    </p>
   </div>
   <div class='ocr_carea' id='block_1_105' title="bbox 210 5527 2169 5602">
    <p class='ocr_par' dir='ltr' id='par_1_105' title="bbox 210 5527 2169 5602">
     <span class='ocr_line' id='line_1_105' title="bbox 210 5527 2169 5602; baseline 0.009 -21"><span class='ocrx_word' id='word_1_787' title='bbox 210 5527 255 5555; x_wconf 64' lang='grc' dir='ltr'>δ’</span> <span class='ocrx_word' id='word_1_788' title='bbox 338 5527 690 5602; x_wconf 60' lang='grc' dir='ltr'>ἐγενήθηζΒ</span> <span class='ocrx_word' id='word_1_789' title='bbox 710 5533 972 5602; x_wconf 79' lang='grc' dir='ltr'>ἐγένοντο.</span> <span class='ocrx_word' id='word_1_790' title='bbox 1048 5538 1092 5569; x_wconf 82' lang='grc'><strong>⁸³</strong></span> <span class='ocrx_word' id='word_1_791' title='bbox 1130 5538 1171 5589; x_wconf 84' lang='grc' dir='ltr'>Β</span> <span class='ocrx_word' id='word_1_792' title='bbox 1196 5527 1403 5594; x_wconf 59' lang='grc' dir='ltr'>τοῦτον.</span> <span class='ocrx_word' id='word_1_793' title='bbox 1455 5527 1467 5542; x_wconf 70' lang='grc'><em>’</em></span> <span class='ocrx_word' id='word_1_794' title='bbox 1497 5539 1542 5573; x_wconf 73' lang='grc'><strong>⁵⁵</strong></span> <span class='ocrx_word' id='word_1_795' title='bbox 1586 5544 1678 5596; x_wconf 81' lang='grc' dir='ltr'><strong>καὶ</strong></span> 
     </span>
    </p>
   </div>
   <div class='ocr_carea' id='block_1_106' title="bbox 2271 5406 3451 5480">
    <p class='ocr_par' dir='ltr' id='par_1_106' title="bbox 2271 5406 3451 5480">
     <span class='ocr_line' id='line_1_106' title="bbox 2271 5406 3451 5480; baseline 0 -21"><span class='ocrx_word' id='word_1_796' title='bbox 2271 5407 2506 5480; x_wconf 39' lang='grc' dir='ltr'>μύχθῳη</span> <span class='ocrx_word' id='word_1_797' title='bbox 2559 5409 2604 5440; x_wconf 75' lang='grc'><em>⁸³</em></span> <span class='ocrx_word' id='word_1_798' title='bbox 2646 5408 2739 5480; x_wconf 47' lang='grc' dir='ltr'><strong>κα)</strong></span> <span class='ocrx_word' id='word_1_799' title='bbox 2763 5439 2831 5480; x_wconf 52' lang='grc' dir='ltr'>έ</span> <span class='ocrx_word' id='word_1_800' title='bbox 2854 5411 3112 5480; x_wconf 64' lang='grc' dir='ltr'>παιγνίῳ.</span> <span class='ocrx_word' id='word_1_801' title='bbox 3148 5408 3273 5464; x_wconf 84' lang='lat' dir='ltr'><strong>Des.</strong></span> <span class='ocrx_word' id='word_1_802' title='bbox 3304 5409 3354 5480; x_wconf 89' lang='lat' dir='ltr'><strong>i_n</strong></span> <span class='ocrx_word' id='word_1_803' title='bbox 3387 5406 3451 5460; x_wconf 90' lang='lat' dir='ltr'><strong>A.</strong></span> 
     </span>
    </p>
   </div>
   <div class='ocr_carea' id='block_1_107' title="bbox 2158 5475 3450 5548">
    <p class='ocr_par' dir='ltr' id='par_1_107' title="bbox 2158 5475 3450 5548">
     <span class='ocr_line' id='line_1_107' title="bbox 2158 5475 3450 5548; baseline -0.002 -18"><span class='ocrx_word' id='word_1_804' title='bbox 2158 5477 2228 5530; x_wconf 85' lang='grc' dir='ltr'>τὰ</span> <span class='ocrx_word' id='word_1_805' title='bbox 2272 5475 2515 5548; x_wconf 70' lang='grc' dir='ltr'>πρόϐατά</span> <span class='ocrx_word' id='word_1_806' title='bbox 2552 5494 2675 5548; x_wconf 88' lang='grc' dir='ltr'>μου,</span> <span class='ocrx_word' id='word_1_807' title='bbox 2705 5478 2792 5531; x_wconf 82' lang='grc' dir='ltr'><strong>διὰ</strong></span> <span class='ocrx_word' id='word_1_808' title='bbox 2817 5479 2877 5531; x_wconf 84' lang='grc' dir='ltr'>τὸ</span> <span class='ocrx_word' id='word_1_809' title='bbox 2908 5475 2980 5548; x_wconf 78' lang='grc' dir='ltr'>μῆ</span> <span class='ocrx_word' id='word_1_810' title='bbox 3008 5475 3144 5548; x_wconf 79' lang='grc' dir='ltr'>εἶναι</span> <span class='ocrx_word' id='word_1_811' title='bbox 3167 5476 3450 5548; x_wconf 77' lang='grc' dir='ltr'>ποιμένας.</span> 
     </span>
    </p>
   </div>
   <div class='ocr_carea' id='block_1_108' title="bbox 2260 5547 3453 5619">
    <p class='ocr_par' dir='ltr' id='par_1_108' title="bbox 2260 5547 3453 5619">
     <span class='ocr_line' id='line_1_108' title="bbox 2260 5547 3453 5619; baseline -0.003 -19"><span class='ocrx_word' id='word_1_812' title='bbox 2260 5547 2412 5619; x_wconf 46' lang='lat' dir='ltr'><strong>usa:</strong></span> <span class='ocrx_word' id='word_1_813' title='bbox 2438 5564 2534 5619; x_wconf 91' lang='grc' dir='ltr'><strong>πρ.</strong></span> <span class='ocrx_word' id='word_1_814' title='bbox 2557 5547 2693 5619; x_wconf 86' lang='grc' dir='ltr'>μου.</span> <span class='ocrx_word' id='word_1_815' title='bbox 2729 5550 2850 5619; x_wconf 68' lang='lat' dir='ltr'><strong>Des.</strong></span> <span class='ocrx_word' id='word_1_816' title='bbox 2876 5547 2929 5601; x_wconf 90' lang='lat' dir='ltr'><strong>in</strong></span> <span class='ocrx_word' id='word_1_817' title='bbox 2962 5550 3022 5600; x_wconf 83' lang='grc' dir='ltr'><strong>Α.</strong></span> <span class='ocrx_word' id='word_1_818' title='bbox 3053 5617 3060 5619; x_wconf 18' lang='grc' dir='ltr'><em>Α</em></span> <span class='ocrx_word' id='word_1_819' title='bbox 3099 5547 3144 5619; x_wconf 75' lang='lat'><strong>‘_‘</strong></span> <span class='ocrx_word' id='word_1_820' title='bbox 3180 5548 3222 5598; x_wconf 84' lang='lat' dir='ltr'><strong>A</strong></span> <span class='ocrx_word' id='word_1_821' title='bbox 3253 5547 3283 5597; x_wconf 87' lang='grc' dir='ltr'><strong>ό</strong></span> <span class='ocrx_word' id='word_1_822' title='bbox 3319 5547 3453 5619; x_wconf 51' lang='lat' dir='ltr'><strong>aito-</strong></span> 
     </span>
    </p>
   </div>
   <div class='ocr_carea' id='block_1_109' title="bbox 200 5597 3455 5686">
    <p class='ocr_par' dir='ltr' id='par_1_109' title="bbox 200 5597 3455 5686">
     <span class='ocr_line' id='line_1_109' title="bbox 200 5597 3455 5686; baseline 0.006 -37"><span class='ocrx_word' id='word_1_823' title='bbox 200 5597 859 5686; x_wconf 54' lang='grc' dir='ltr'>στρέφων.ιιιιοι]υε</span> <span class='ocrx_word' id='word_1_824' title='bbox 888 5612 1010 5686; x_wconf 75' lang='lat' dir='ltr'><strong>po_s_t</strong></span> <span class='ocrx_word' id='word_1_825' title='bbox 1048 5622 1222 5686; x_wconf 63' lang='lat' dir='ltr'><strong>pauca</strong></span> <span class='ocrx_word' id='word_1_826' title='bbox 1258 5597 1830 5686; x_wconf 25' lang='lat' dir='ltr'><strong>apud‘NostrumAleg.</strong></span> <span class='ocrx_word' id='word_1_827' title='bbox 1864 5597 1887 5598; x_wconf 31' lang='grc' dir='ltr'><em>Π</em></span> <span class='ocrx_word' id='word_1_828' title='bbox 1910 5597 1961 5648; x_wconf 53' lang='grc' dir='ltr'><em>δῖ</em></span> <span class='ocrx_word' id='word_1_829' title='bbox 1992 5597 2188 5670; x_wconf 18' lang='grc' dir='ltr'>Ᾰίιίιντὶ</span> <span class='ocrx_word' id='word_1_830' title='bbox 2221 5597 2412 5671; x_wconf 73' lang='grc' dir='ltr'>τούτου</span> <span class='ocrx_word' id='word_1_831' title='bbox 2446 5597 2757 5686; x_wconf 55' lang='grc' dir='ltr'><strong>ᾱιὶέεὶιζιέξῖ</strong></span> <span class='ocrx_word' id='word_1_832' title='bbox 2779 5597 2845 5648; x_wconf 48' lang='grc' dir='ltr'><strong>’δ’</strong></span> <span class='ocrx_word' id='word_1_833' title='bbox 2868 5597 3078 5686; x_wconf 55' lang='grc' dir='ltr'>Ῐάιιὲζλ</span> <span class='ocrx_word' id='word_1_834' title='bbox 3108 5597 3455 5686; x_wconf 60' lang='grc' dir='ltr'>ἀποστρέψῃ).</span> 
     </span>
    </p>
   </div>
   <div class='ocr_carea' id='block_1_110' title="bbox 196 5684 436 5740">
    <p class='ocr_par' dir='ltr' id='par_1_110' title="bbox 196 5684 436 5740">
     <span class='ocr_line' id='line_1_110' title="bbox 196 5684 436 5740; baseline 0.029 -22"><span class='ocrx_word' id='word_1_835' title='bbox 196 5686 241 5719; x_wconf 84' lang='lat' dir='ltr'><strong>ss</strong></span> <span class='ocrx_word' id='word_1_836' title='bbox 272 5684 436 5740; x_wconf 81' lang='grc' dir='ltr'>ποιμ.</span> 
     </span>
    </p>
   </div>
   <div class='ocr_carea' id='block_1_111' title="bbox 468 5669 2182 5757">
    <p class='ocr_par' dir='ltr' id='par_1_111' title="bbox 468 5669 2182 5757">
     <span class='ocr_line' id='line_1_111' title="bbox 468 5669 2182 5757; baseline 0.012 -34"><span class='ocrx_word' id='word_1_837' title='bbox 468 5669 746 5745; x_wconf 56' lang='lat' dir='ltr'><strong>Aprum.</strong></span> <span class='ocrx_word' id='word_1_838' title='bbox 769 5669 909 5743; x_wconf 59' lang='lat' dir='ltr'><strong>Mf</strong></span> <span class='ocrx_word' id='word_1_839' title='bbox 954 5675 995 5709; x_wconf 81' lang='grc'><strong>⁷⁸</strong></span> <span class='ocrx_word' id='word_1_840' title='bbox 1034 5669 1121 5730; x_wconf 60' lang='grc' dir='ltr'>καὶ</span> <span class='ocrx_word' id='word_1_841' title='bbox 1154 5709 1222 5720; x_wconf 93' lang='grc'><strong><em>-</em></strong></span> <span class='ocrx_word' id='word_1_842' title='bbox 1256 5669 1356 5733; x_wconf 67' lang='grc' dir='ltr'>ἔτι.</span> <span class='ocrx_word' id='word_1_843' title='bbox 1395 5683 1440 5734; x_wconf 83' lang='grc' dir='ltr'><strong>Α</strong></span> <span class='ocrx_word' id='word_1_844' title='bbox 1470 5683 1562 5736; x_wconf 73' lang='grc' dir='ltr'>καὶ</span> <span class='ocrx_word' id='word_1_845' title='bbox 1600 5684 1657 5736; x_wconf 78' lang='grc' dir='ltr'><strong>ού</strong></span> <span class='ocrx_word' id='word_1_846' title='bbox 1697 5669 2055 5757; x_wconf 64' lang='grc' dir='ltr'>βοσυκήσουσιν</span> <span class='ocrx_word' id='word_1_847' title='bbox 2083 5669 2182 5742; x_wconf 79' lang='grc' dir='ltr'>ἔτι.</span> 
     </span>
    </p>
   </div>
   <div class='ocr_carea' id='block_1_112' title="bbox 2296 5685 3121 5747">
    <p class='ocr_par' dir='ltr' id='par_1_112' title="bbox 2296 5685 3121 5747">
     <span class='ocr_line' id='line_1_112' title="bbox 2296 5685 3121 5747; baseline -0.002 -7"><span class='ocrx_word' id='word_1_848' title='bbox 2296 5688 2339 5719; x_wconf 73' lang='grc'><strong>⁷³</strong></span> <span class='ocrx_word' id='word_1_849' title='bbox 2379 5688 2424 5740; x_wconf 81' lang='grc' dir='ltr'><strong>Α</strong></span> <span class='ocrx_word' id='word_1_850' title='bbox 2450 5687 2548 5740; x_wconf 81' lang='grc' dir='ltr'>οὐκ</span> <span class='ocrx_word' id='word_1_851' title='bbox 2578 5685 2788 5739; x_wconf 74' lang='grc' dir='ltr'>ἔσονται</span> <span class='ocrx_word' id='word_1_852' title='bbox 2818 5685 2997 5747; x_wconf 80' lang='grc' dir='ltr'>αὐτοῖς</span> <span class='ocrx_word' id='word_1_853' title='bbox 3024 5685 3121 5738; x_wconf 77' lang='grc' dir='ltr'>ἔτι.</span> 
     </span>
    </p>
   </div>
  </div>
