3860 6206
238 388 370 452 1157

1230 382 1308 442 IN
1347 385 1789 445 EZECHIELIS
1826 385 1983 445 CAP.
2025 385 2281 448 XXXIV.

3350 392 3483 459 1158

230 502 629 572 τετυρωμένον,
666 496 788 567 ὅρος
832 497 971 548 πῖον.
1016 514 1033 545 ι
1073 492 1205 549 Εἶτα
1234 499 1344 559 τοῖς
1384 498 1796 568 Ἰσραηλιτικοίς

1908 509 2123 554 montes
2164 499 2479 570 coagulati?
2513 515 2670 556 mons
2706 500 2759 555 in
2795 517 2902 571 quo
2940 503 3344 575 benrplacitum
3393 520 3483 561 est

232 602 377 667 ὄρεσι
449 593 625 664 τούτῳ
691 589 769 661 τῷ
846 591 963 661 δρει
1039 588 1521 659 διαφθονουμένοις
1600 587 1804 656 φησίν·

236 707 255 738 ι
306 686 475 740 Ἵνατί
515 683 926 754 ὑπολαμϐάνετε
972 680 1073 752 δρη
1108 680 1498 752 τετυρωμένα;
1543 679 1616 731 Τὸ
1659 678 1806 750 ὅρος,

231 775 260 828 6
286 776 583 847 εὐδόκησεν
630 776 657 827 6
685 774 815 837 Θεὸς
857 774 1133 828 κατοικεῖν
1175 774 1233 824 ἐν
1267 772 1416 842 αὑτῷ
1442 787 1454 800 ·
1508 773 1603 824 καὶ
1643 771 1751 841 γὰρ
1780 773 1808 824 6

229 867 434 937 Κύριος
480 863 895 935 κατασκηνώσει
953 864 1035 926 είς
1089 861 1261 925 τέλος.
1307 881 1325 913 ι
1360 861 1589 930 Μάτην,
1650 860 1804 930 φησὶ,

228 957 592 1027 ζηλοτυπεῖτε
632 955 788 1009 τοῦτο
825 954 886 1006 τὸ
924 953 1086 1027 ὅρος,
1130 952 1316 1023 ἐπειδὴ
1361 952 1418 1005 ἐν
1452 951 1601 1022 αὺτῷ
1638 969 1809 1005 κατα-

229 1048 469 1117 σκηνοῦν
513 1049 542 1100 6
595 1046 725 1110 Θεὸς
770 1045 1091 1115 εὐδόκησεν·
1154 1045 1234 1107 είς
1282 1044 1436 1106 τέλος
1491 1043 1601 1114 γάρ
1650 1042 1808 1095 τοῦτο

228 1142 473 1208 ποιήσει.
510 1137 667 1190 Οὕτω
716 1136 769 1189 δὲ
801 1138 942 1188 νοεῖν
988 1137 1136 1205 ἡμᾶς
1193 1133 1434 1198 ἐδίδαξαν
1455 1133 1501 1165 ⁸⁸
1554 1135 1602 1186 οἱ
1654 1132 1805 1186 ἄλλοι

227 1230 611 1303 ἑρμηνευταί⁸
676 1230 704 1282 6
765 1229 863 1299 μὲν
931 1227 1162 1290 Ἀκύλας
1225 1224 1498 1297 εἰρηκώς-
1568 1225 1804 1278 Ἱνατί⁸⁸

226 1322 444 1391 ἐρίζετε
491 1320 596 1391 ὅρη
634 1317 1028 1388 τετυρωμένα;
1085 1319 1113 1370 ό
1164 1317 1221 1370 δὲ
1269 1316 1599 1369 Θεοδοτίων·
1643 1315 1805 1368 Ἰνατί

225 1410 521 1475 ὃικάζεσθε
554 1410 682 1481 περὶ
712 1409 903 1462 τούτου
934 1408 1025 1462 τοῦ
1047 1407 1205 1478 ὅρους
1232 1423 1246 1473 ;
1288 1406 1381 1458 καὶ
1429 1406 1656 1468 Ἡσαΐας
1687 1403 1802 1475 βοᾷ,

227 1504 321 1555 καὶ
350 1500 599 1571 Μιχαίας
642 1499 938 1563 ὡσαύτως·
979 1517 997 1551 ι
1038 1499 1232 1551 Ἔσται
1280 1498 1339 1549 ὲν
1380 1498 1501 1560 ταῖς
1551 1497 1805 1567 ἐσχάταις

225 1594 469 1664 ἡμέραις
502 1590 743 1662 ἐμφανὲς
779 1593 839 1643 τὸ
876 1591 1001 1660 ὅρος
1034 1589 1262 1661 Κυρίου,
1296 1589 1388 1642 καὶ
1433 1591 1460 1641 6
1503 1584 1651 1650 οἶκος
1692 1588 1805 1639 Ku-

226 1685 347 1755 ρίου
376 1685 465 1737 ἐπ’
492 1684 677 1751 ἄκρων
706 1681 813 1736 τῶν
842 1681 1035 1752 ὀρέων,
1068 1681 1161 1732 καὶ
1207 1679 1428 1748 ἥξουσιν
1465 1678 1549 1731 ἐπ’
1579 1678 1805 1730 αὑτὸν⁸⁶

223 1771 407 1824 πάντα
440 1769 510 1823 τὰ
539 1768 688 1839 ἔθνη,
723 1787 742 1821 ι
779 1770 871 1822 καὶ
905 1768 974 1820 τά
999 1768 1125 1837 ἑξῆς
1153 1784 1165 1797 ·
1198 1768 1292 1820 καὶ
1320 1768 1347 1818 6
1377 1767 1578 1837 Κύριος
1606 1768 1664 1818 ἑν
1692 1767 1805 1827 τοῖς

1910 588 2018 644 ι)ρο
2051 590 2323 655 habitare,
2359 591 2559 645 etenim
2596 590 2861 647 Dominus
2907 593 3177 648 habitabit
3222 595 3276 648 in
3321 611 3387 650 eo
3425 598 3478 651 in

1909 688 2231 747 perpetuum
2272 690 2320 732 γ.
2366 700 2384 732 ι
2422 680 2672 749 Frustra,
2710 683 2915 753 inquit,
2955 685 3082 738 huic
3121 687 3293 739 monti
3335 690 3471 741 invt-

1907 768 2073 834 detis,
2111 771 2385 840 siquidem
2428 773 2481 826 in
2518 775 2637 844 ipso
2673 775 2920 830 habitare
2956 777 3070 831 vult
3112 775 3276 844 Deus,
3333 780 3476 846 quod

1910 873 2175 930 perpetuo
2212 862 2395 916 faciet.
2452 864 2631 935 Atque
2665 866 2740 918 ita
2780 882 2878 921 nos
2911 866 3221 938 intelligere
3263 869 3356 922 alii
3393 869 3478 923 in-

1908 960 2173 1023 terpretes
2216 955 2542 1010 docuerunt.
2592 958 2790 1026 Aquila
2842 958 3086 1027 quidem,
3124 976 3247 1014 cum
3293 961 3475 1019 dixit:

1912 1063 1931 1096 ι
1966 1045 2077 1098 Cur
2110 1046 2447 1101 contenditis
2479 1055 2693 1104 montes
2727 1051 3041 1119 coagulati?
3084 1050 3476 1119 )lTht’OdOIiOII

1906 1151 2078 1190 vero:
2115 1156 2133 1188 ι
2172 1137 2284 1191 Cur
2319 1138 2547 1206 litigatis
2580 1139 2648 1194 de
2678 1139 2779 1193 hoc
2813 1143 3036 1196 monte?
3078 1160 3094 1192 ι
3135 1142 3305 1199 Isaias
3338 1160 3474 1214 quo-

1906 1241 2013 1296 que
2047 1228 2341 1292 exclamat,
2373 1240 2427 1282 et
2453 1228 2702 1283 Micha‘as
2734 1230 2921 1284 itidem
2957 1248 2971 1284 :
3005 1251 3023 1282 ι
3059 1232 3173 1286 Erit
3206 1234 3259 1288 in
3289 1237 3475 1291 novis-

1908 1317 2065 1372 simis
2111 1317 2309 1372 diebus
2344 1320 2671 1374 manifestus
2718 1336 2875 1376 muns
2910 1321 3147 1388 Domini,
3193 1334 3248 1379 et
3280 1326 3476 1382 domus

1913 1406 2126 1461 Domini
2163 1409 2216 1462 in
2249 1409 2483 1465 summis
2540 1412 2829 1471 montium.
2873 1419 2926 1465 et
2973 1416 3192 1467 venient
3235 1416 3299 1469 ad
3348 1432 3473 1469 eum

1906 1512 2099 1554 omnes
2132 1508 2323 1567 gentes
2358 1509 2402 1566 ι,
2437 1518 2456 1551 ι
2493 1510 2547 1555 et
2580 1517 2700 1571 quae
2743 1511 3068 1570 sequuntur.
3108 1503 3173 1557 Et
3213 1504 3475 1561 Dominus

1906 1589 1963 1643 in
1993 1590 2011 1607 ‘
2043 1590 2217 1645 sacris
2252 1589 2560 1661 Evangeliis
2599 1611 2611 1646 :
2649 1612 2667 1645 ι
2704 1592 2821 1648 Non
2862 1604 3061 1664 potest,
3111 1597 3308 1666 inquit,
3342 1598 3476 1654 civi-

1906 1688 1990 1734 tas
2018 1681 2284 1736 abscondi
2325 1699 2494 1753 super
2526 1693 2764 1739 montem
2812 1685 2992 1755 posita
3030 1698 3078 1740 ο.
3131 1707 3149 1739 ι
3189 1686 3474 1744 Excelsum

1905 1771 2070 1840 igitur
2103 1780 2158 1826 et
2190 1774 2555 1842 conspicuum
2584 1775 2915 1843 evangelica:
2936 1775 3203 1829 doctrina:
3232 1786 3474 1831 montem

226 1862 397 1930 ἱεροῖς
461 1859 852 1928 Εὐαγγελίοιςο
897 1877 916 1909 ι
975 1859 1049 1911 06
1119 1857 1376 1924 δύναται,
1434 1858 1604 1927 φησὶ,
1653 1857 1796 1920 πόλις

1908 1860 1998 1916 hic
2031 1877 2251 1932 quoque
2279 1864 2607 1931 nominavit,
2647 1866 2699 1918 in
2742 1879 2852 1935 quo
2887 1865 3132 1921 futurum
3160 1867 3344 1921 ovium
3381 1868 3475 1922 de-

226 1950 506 2021 κρυϐῆναι
546 1952 728 2004 ἐπάνω
782 1950 944 2021 ὅρους
974 1948 1224 2020 κειμένη.
1254 1968 1274 2000 ι
1309 1949 1381 2002 Τὸ
1402 1948 1605 2019 ὑψηλὸν
1624 1948 1804 2002 τοίνυν

223 2041 320 2099 ial
369 2043 666 2115 περιφανὲς
715 2042 817 2112 τῆς
866 2042 1229 2111 εὐαγγελικῆς
1282 2040 1629 2103 διδασκαλίας
1678 2040 1803 2110 ὅρος

220 2133 508 2189 κάνταῦθα
538 2134 839 2203 ὠνόμασεν,
874 2134 932 2185 ὲν
968 2125 1012 2199 ᾧ
1040 2131 1364 2202 γενήσεσθαι
1397 2131 1497 2201 τὴν
1527 2130 1634 2182 τῶν
1662 2146 1799 2200 προ-

220 2226 407 2279 ϐάτων
434 2224 766 2295 εὐπρέπειαν
788 2222 1175 2293 ἐπηγγείλατο.
1210 2216 1341 2273 Elea
1369 2221 1564 2289 ἐπάγει
1588 2236 1601 2250 '
1640 2238 1660 2272 ι
1688 2220 1800 2273 Kal

221 2315 442 2369 ἔσονται
493 2317 550 2368 αἱ
608 2315 839 2385 μάνδραι
891 2313 1070 2366 αὐτῶν
1126 2313 1259 2365 ἐκεῖ.
1302 2329 1320 2362 ι
1370 2312 1480 2364 Kal
1531 2308 1689 2364 τοῦτο
1742 2311 1799 2364 δὲ

221 2408 489 2476 ἀντικρὺς
519 2408 668 2476 ἡμῖν,
699 2405 815 2458 ἀλλ’
838 2404 939 2457 οὐκ
973 2404 1243 2467 Ἰουδαίοις
1272 2400 1530 2473 ἁρμόττει
1555 2417 1568 2432 ⁸
1601 2403 1799 2456 ἐκεῖνοι

1906 1969 2091 2008 corem
2137 1955 2416 2024 pollicitus
2462 1964 2571 2012 est.
2627 1955 2765 2010 Tum
2820 1957 3084 2026 subjicit:
3126 1978 3143 2010 ι
3200 1958 3265 2012 Ει
3312 1967 3475 2015 erunt

1906 2045 2071 2099 ovilia
2114 2061 2306 2099 eorum
2340 2046 2437 2104 ibi.
2478 2066 2498 2098 ›
2535 2047 2600 2101 Ει
2643 2048 2748 2103 hoc
2778 2056 2965 2118 aperte
3003 2051 3181 2115 nobis,
3216 2066 3328 2107 non
3375 2066 3474 2106 au-

1905 2143 2012 2188 tem
2045 2132 2246 2188 Iudaeis
2271 2135 2438 2205 968
2462 2138 2722 2190 convenit
2753 2154 2765 2190 :
2809 2136 2889 2190 illi
2931 2139 3076 2193 enim
3108 2155 3275 2194 unum
3309 2140 3473 2205 ovile,

1890 2225 2051 2295 .quod
2083 2224 2185 2280 fuit
2222 2224 2617 2298 Hierosolymis
2659 2228 2945 2297 templum,
2988 2229 3325 2294 habuerunt,
3372 2245 3476 2286 nos

1904 2324 2086 2370 autem
2133 2314 2563 2371 innumerabiles
2605 2332 2705 2387 per
2748 2324 2923 2371 totum
2963 2319 3150 2374 orbem
3202 2328 3473 2374 terrarum

1907 2404 2193 2460 ecclesias.

226 2501 329 2574 μὲν
361 2503 473 2573 γὰρ
527 2501 653 2572 μίαν
683 2500 839 2570 ἔσχον
873 2498 1150 2570 μάνδραν,
1181 2498 1271 2552 τὸν
1300 2499 1359 2551 ὲν
1401 2496 1795 2570 Ἰεροσολύμοις
1844 2499 2004 2553 ναόνο
2042 2502 2199 2571 ἡμεῖς
2230 2501 2287 2554 δὲ
2330 2501 2581 2574 ἀριθμῶν
2627 2503 2911 2575 κρείττους
2951 2505 3092 2559 κατὰ
3136 2507 3318 2561 πᾶσαν
3375 2505 3476 2576 τὴν

220 2595 557 2664 οἰκουμένην
586 2591 903 2663 ἐκκλησίας.

291 2686 407 2741 Kal
435 2675 918 2754 κοιμηθήσοίοται,
950 2681 1053 2736 καί
1079 2681 1532 2737 ἀναπαύσονται
1553 2678 1680 2732 ἐκεῖ
1704 2679 1748 2711 ετ
1774 2700 1786 2708 “

220 2776 326 2832 καί
351 2777 423 2830 ἐν
443 2772 693 2844 τρυφῇδδ
723 2771 917 2843 ἀγαθῇ
958 2771 1053 2825 καί
1092 2771 1162 2825 ἐν
1186 2771 1341 2840 νομῇ
1369 2771 1527 2825 πίονι
1556 2770 1795 2838 βοσκη-

219 2866 519 2935 θήσονται
548 2862 654 2917 ἐπι
693 2860 811 2916 τῶν
853 2862 1036 2930 ὀρέων
1083 2860 1353 2931 Ἰσραήλ.
1389 2860 1520 2931 (ιε’.)
1549 2861 1658 2914 Καὶ
1683 2859 1797 2929 ἐγὼ

220 2959 497 3030 ποιμανῶ
516 2960 560 2992 ⁸³
597 2957 669 3012 τὰ
705 2956 969 3025 πρόϐατά
998 2974 1139 3025 μου.
1186 2987 1256 2997 -
1285 2954 1532 3024 Τρυφήν
1561 2953 1799 3024 ἀγαθὴν

218 3055 319 3107 καὶ
357 3052 543 3105 πίονα
591 3048 658 3102 τὰ
705 3048 824 3101 θεῖα
856 3047 1013 3114 λόγια
1059 3046 1493 3118 προσαγορεύειο
1548 3065 1566 3097 ι
1613 3046 1796 3100 Κατα-

217 3145 502 3215 τρύφησον
528 3141 669 3212 γὰρ,
702 3140 838 3210 φησὶ
862 3182 875 3205 ,
923 3138 1017 3192 τοῦ
1051 3138 1252 3210 Κυρίου
1276 3179 1290 3204 ,
1328 3140 1423 3192 καὶ
1458 3137 1568 3210 δῴη
1601 3155 1681 3191 σοι
1730 3137 1799 3191 τά

1969 2677 2133 2732 Vsus.
2182 2679 2267 2732 15.
2304 2678 2369 2730 Et
2419 2679 2702 2745 dormiant,
2748 2689 2798 2734 et
2837 2682 3155 2750 requiescant
3191 2683 3289 2748 ibi,
3325 2696 3375 2740 et
3416 2688 3470 2740 in

1896 2768 2096 2827 deliciis
2124 2769 2272 2822 bonis
2307 2780 2353 2822 et
2384 2770 2437 2822 iu
2472 2783 2625 2838 pastu
2659 2772 2844 2841 pingui
2872 2785 3154 2841 pascentur
3189 2776 3243 2829 in
3281 2779 3473 2831 monti-

1896 2862 1990 2912 bus
2022 2856 2260 2913 Israclis.
2310 2859 2372 2912 Et
2415 2876 2507 2929 ego
2535 2874 2749 2928 pascam
2786 2878 2901 2915 oves
2942 2879 3103 2916 nicas.
3138 2893 3206 2903 -
3241 2864 3471 2921 Delicias

1897 2950 2059 3006 bonas
2098 2960 2147 3004 et
2175 2953 2392 3022 pingues
2427 2954 2609 3008 divina
2651 2962 2937 3024 nuncupat
2966 2957 3188 3011 oracula
3226 2976 3238 3013 :
3283 2958 3471 3013 tDcle-

1902 3054 2053 3098 ctare
2091 3043 2234 3099 enim
2271 3045 2327 3099 in
2371 3044 2622 3111 Domino,
2660 3045 2861 3115 inquit,
2903 3055 2956 3101 et
3001 3047 3092 3102 det
3124 3048 3469 3121 tibi,pctitio-

1904 3151 2001 3189 nes
2026 3135 2210 3190 cordis
2243 3136 2321 3189 tui
2372 3136 2429 3205 b;
2463 3157 2481 3187 ›
2516 3146 2717 3190 montes
2753 3144 2934 3191 autem
2975 3138 3198 3195 lsraelis
3235 3145 3471 3212 prophe-

216 3237 501 3305 αἰτήματα
547 3234 646 3303 τῆς
702 3232 930 3304 καρδίας
978 3247 1101 3284 σουι
1155 3232 1260 3299 ὄρη
1290 3229 1347 3284 δὲ
1403 3228 1649 3297 Ἰσραὴλ
1698 3228 1795 3293 τὰς

1904 3225 2035 3279 ticos
2075 3219 2450 3288 libros'vorat,
2479 3225 2532 3278 in
2563 3223 2764 3294 quibus
2808 3241 3002 3282 rursus
3038 3230 3337 3297 pascimur,
3373 3248 3469 3286 ac-

214 3326 571 3398 προερητικάς
603 3323 816 3394 βίϐλους
840 3362 856 3387 ,
903 3323 988 3391 ἐφ’
1022 3318 1097 3376 ὧν
1126 3323 1288 3375 πάλιν
1317 3321 1597 3392 νεμόμεοα
1620 3361 1634 3385 ,
1681 3320 1799 3373 ὲπί-

214 3417 382 3471 ϐασίν
402 3433 525 3469 τινα
556 3414 623 3468 δι’
651 3416 875 3467 ἐκείνων
907 3414 987 3477 εἰς
1016 3413 1076 3467 τὸ
1120 3411 1375 3483 μέγιστον
1402 3412 1613 3483 ἔχοντες
1642 3410 1794 3481 ὅρος·

211 3507 309 3561 διὰ
337 3508 449 3577 γὰρ
475 3506 583 3559 τῶν
610 3504 965 3576 προφητικῶν
988 3503 1375 3573 Θεσπισμάτων
1402 3503 1494 3554 ἐπὶ
1516 3500 1613 3572 τὴν
1636 3503 1798 3569 εὐαγο

212 3601 447 3672 γελικὴν
481 3598 865 3670 ποδηγούμεθα
908 3596 1254 3650 διδασκαλίαν
1283 3595 1374 3648 ὑπ’
1403 3594 1628 3647 ἐκείνων
1659 3611 1798 3665 μαρ-

102 3696 119 3709 ⁸
210 3690 561 3764 τυρουμένην
584 3707 598 3720 ο
635 3689 829 3759 ἔχομεν
859 3689 915 3741 δὲ
943 3688 1178 3758 ποιμένα
1202 3686 1363 3739 αὐτὸν
1392 3686 1482 3738 τὸν
1520 3685 1795 3754 Δεσπότην

212 3789 315 3838 καὶ
338 3782 545 3853 Κύριον
575 3781 782 3852 βοῶντα
806 3796 820 3810 ο
850 3797 869 3831 ι
916 3779 1058 3848 Ἐγώ
1091 3782 1207 3849 εἰμι
1232 3780 1259 3831 6
1288 3777 1491 3848 ποιμὴν
1521 3781 1549 3832 6
1574 3766 1788 3841 καλός.»

211 3876 392 3930 Τοῦτο
445 3873 542 3928 καὶ
585 3871 822 3926 ἐνταῦθα
875 3869 1263 3942 προαγορεύων
1300 3868 1434 3941 ἔφη*
1485 3888 1503 3920 ι
1534 3870 1644 3922 Καὶ
1684 3867 1794 3937 ἐγὼ

220 3966 481 4037 ποιμανῶ
531 3964 602 4018 τὰ
664 3963 911 4036 πρόϐατά
970 3980 1098 4033 μου.
1158 3962 1271 4016 Kal
1322 3960 1433 4030 ἐγὼ
1481 3959 1787 4015 ἀναπαύσω

209 4061 376 4123 αὐτὰ,
414 4059 507 4113 καὶ
543 4057 858 4127 γνώσονται,
908 4056 991 4108 ὅτι
1027 4053 1140 4123 ἐγώ
1176 4055 1292 4124 εἰμι
1340 4053 1566 4125 Κύριος.
1601 4072 1621 4105 ι
1668 4052 1790 4106 ’Υπ’

207 4152 381 4208 αὑτοῦ
414 4151 521 4221 γὰρ
547 4149 983 4219 ποιμαινόμενοι,
1008 4147 1101 4199 καὶ
1126 4149 1223 4217 τῆς
1246 4145 1411 4200 αὐτοῦ
1440 4145 1792 4207 διδασκαλίας

206 4241 324 4299 οἷον
356 4244 448 4297 ὲπί
478 4258 622 4304 τινος
666 4240 829 4311 χλόης
865 4239 1342 4308 διαναπαυόμενοι,
1393 4236 1789 4305 ὲπιγιγνώσκο-

209 4355 315 4406 μεν
348 4332 514 4389 αὐτοῦ
548 4332 645 4403 τὴν
670 4331 1011 4385 δεσποτείαν.

284 4432 380 4493 ις’.
423 4425 566 4479 Τάδε
597 4423 756 4494 λέγει
804 4422 1053 4477 Ἀδωνατ
1079 4423 1294 4490 Κύριος
1316 4437 1330 4450 °
1373 4421 1441 4474 Τὸ
1474 4421 1787 4484 ἀπολωλὸς

206 4516 517 4585 ἐκζητήσω
538 4515 584 4547 ⁹⁰
609 4554 625 4576 ,
670 4512 770 4568 καὶ
824 4512 889 4566 τό
949 4510 1343 4581 πλανώμενον
1404 4510 1781 4578 ἐπιστρέψω·

207 4610 286 4672 ὡς
317 4607 550 4670 Παῦλον,
579 4606 673 4660 καὶ
702 4606 828 4668 τοὺς
863 4607 983 4657 κατ’
1015 4606 1220 4657 ἐκεῖνον
1245 4617 1256 4629 ·
1296 4621 1313 4654 ι
1354 4603 1464 4655 Kal
1502 4601 1563 4654 τὸ
1605 4618 1790 4653 συντε-

207 4699 510 4770 τριμμένον
545 4696 832 4769 καταδήσω
855 4713 869 4726 ⁸
896 4715 914 4747 ι
961 4697 1035 4758 ὡς
1073 4694 1161 4748 τὸν
1200 4695 1435 4763 τελώνην
1466 4733 1479 4755 ,
1542 4692 1634 4745 καὶ
1692 4691 1792 4761 τὴν

210 4787 451 4858 πόρνην,
488 4788 583 4841 καὶ
632 4789 723 4841 τὸν
768 4786 967 4858 λῃστὴν
990 4826 1004 4849 ,
1040 4788 1135 4840 καὶ
1182 4787 1308 4848 τοὺς
1353 4784 1473 4837 κατ’
1507 4784 1746 4845 ἐκείνους
1774 4801 1786 4812 ·

213 4899 233 4931 ι
276 4881 386 4934 Kal.
446 4880 507 4933 τὸ
556 4879 854 4951 ὴσθενηκδς
891 4878 935 4911 ⁹¹
988 4878 1289 4948 ὲνισχύσω·
1325 4894 1344 4928 ι
1377 4876 1452 4937 ώς
1469 4868 1563 4926 τὸν
1586 4873 1790 4942 Πέτρον

194 4962 593 5043 ’άρνησάμενον
623 4987 638 5002 ο
685 4992 703 5023 ι
735 4971 844 5025 Καὶ
877 4971 937 5024 τὸ
981 4973 1101 5024 πῖον
1132 4970 1229 5023 καὶ
1251 4970 1299 5001 ⁹²
1342 4965 1563 5037 ἰσχυρὸν
1616 4964 1787 5031 φυλά-

209 5063 311 5129 ξω·
353 5082 372 5114 ι
402 5062 479 5126 ὡς
527 5063 652 5125 τοὺς
703 5061 888 5128 ἁγίους
933 5061 1303 5123 ἀποστόλους,
1362 5056 1458 5110 καὶ
1504 5055 1630 5117 τοὺς
1685 5053 1777 5105 τὸν

208 5155 395 5225 ὅμοιον
436 5151 662 5216 ἐκείνοις
704 5152 991 5221 ἑλομένους
1039 5151 1152 5220 βίον
1178 5167 1190 5179 ·
1229 5169 1247 5200 ι
1290 5147 1402 5200 Kal
1452 5144 1702 5214 ποιμάνῶ
1730 5143 1775 5177 9³

275 5324 299 5363 ⁷
328 5333 471 5390 Psal.
502 5347 670 5396 um,
707 5331 794 5385 i7.
876 5340 898 5366 ι
931 5330 1035 5384 lsa.
1071 5345 1130 5392 ιι,
1159 5328 1229 5392 2;
1267 5326 1429 5381 Mich.
1464 5341 1536 5391 Iv,
1570 5327 1620 5378 1.

1732 5337 1759 5364 ει
1798 5322 1991 5376 Matth.
2022 5339 2077 5388 v,
2111 5321 2199 5376 Η.
2284 5320 2310 5359 b
2341 5318 2485 5374 Psal.
2517 5334 2702 5386 xuw,
2730 5319 2785 5373 4.

1905 3331 2117 3370 cessum
2153 3313 2442 3385 quemdam
2474 3331 2569 3385 per
2605 3316 2728 3371 illos
2763 3317 2829 3371 ad
2874 3319 3172 3375 maximum
3225 3333 3467 3378 montem

1904 3406 2189 3460 habentes.
2225 3404 2323 3461 Per
2356 3407 2672 3476 prophetica
2704 3408 2848 3462 enim
2878 3411 3104 3465 oracula
3138 3412 3205 3466 ad
3236 3429 3469 3486 evange-

1904 3498 2064 3551 licam
2115 3497 2371 3551 ducimur
2423 3497 2762 3565 doctrinam,
2815 3515 2977 3569 quam
3024 3502 3113 3555 illa
3155 3510 3464 3573 testantur;

1903 3585 2164 3641 habemus
2198 3597 2375 3640 autem
2417 3595 2686 3656 pastorem
2727 3587 2905 3657 ipsum
2946 3591 3137 3645 herum
3183 3607 3247 3646 ac
3284 3593 3467 3649 Domi-

1901 3693 2030 3731 num
2059 3677 2494 3732 exclamantem:
2553 3696 2572 3729 ι
2629 3678 2743 3749 Ego
2782 3696 2903 3735 sum
2963 3690 3150 3751 pastor
3205 3683 3401 3741 bonus.
3439 3707 3460 3740 ι

1900 3766 2046 3823 Idem
2080 3781 2298 3838 quoque
2330 3767 2433 3822 hoc
2465 3768 2587 3822 loco
2617 3768 2937 3838 praedicens,
2971 3789 2990 3821 ι
3017 3771 3083 3825 Et
3115 3787 3232 3843 ego,
3262 3774 3461 3844 inquit,

1899 3874 2121 3929 pascam
2178 3874 2307 3916 oves
2364 3874 2538 3915 meas.
2586 3860 2653 3914 Et
2704 3875 2804 3930 ego
2867 3863 3210 3933 requiescere
3265 3863 3462 3919 faciam

1900 3966 2016 4019 eas,
2053 3963 2106 4008 et
2167 3960 2503 4024 cegnoscent
2544 3968 2630 4007 me
2661 3967 2783 4008 esse
2815 3952 3124 4021 Dominum.
3161 3974 3179 4007 ι
3223 3957 3304 4011 Ab
3344 3957 3463 4026 ipso

1897 4043 2043 4098 enim
2077 4044 2242 4114 pasti,
2276 4053 2329 4099 et
2362 4044 2418 4098 in
2461 4043 2581 4112 ejus
2623 4042 2873 4099 doctrina
2918 4046 3083 4101 veluti
3124 4049 3176 4101 in
3223 4048 3458 4118 quadam

1897 4134 2065 4190 herba
2092 4136 2521 4208 requiescentes,
2568 4136 2746 4206 ipsum
2778 4154 2903 4198 esse
2946 4139 3236 4199 Dominum
3288 4157 3460 4222 agno-

1899 4242 2122 4284 scxmus.

1965 4405 2131 4463 Vsus.
2173 4409 2257 4464 16.
2306 4409 2431 4464 Hcce
2466 4411 2596 4465 dicit
2630 4410 2840 4466 Adonei
2867 4413 3121 4467 Dominus
3150 4428 3168 4466 :
3193 4412 3348 4479 Quod
3368 4430 3459 4483 pe—

1892 4498 2054 4551 rierat
2111 4501 2393 4568 requiram,
2444 4510 2494 4555 et
2543 4518 2731 4556 errans
2781 4503 3049 4567 reducam,
3099 4512 3159 4558 ut
3192 4504 3454 4570 Paulum,

1821 4580 1867 4636 D
1894 4587 2095 4656 quique
2139 4588 2261 4657 ejus
2308 4590 2514 4645 similes
2563 4604 2751 4658 erant;
2796 4611 2814 4644 ι
2856 4601 2909 4648 et
2958 4593 3255 4648 contritum
3298 4597 3455 4649 colli-

1893 4680 2032 4747 gabo
2073 4698 2090 4730 ι
2124 4689 2182 4732 ιιι
2209 4681 2583 4750 publicanum,
2614 4690 2668 4736 et
2690 4684 3057 4748 meretricem,
3086 4697 3140 4740 et
3160 4684 3450 4752 latronem,

1891 4781 1943 4824 et
1979 4770 2188 4826 similes
2240 4770 2495 4838 illorum;
2554 4791 2570 4824 ι
2608 4773 2672 4826 Ει
2724 4773 2866 4844 quod
2922 4773 3199 4829 inﬁrmum
3251 4774 3450 4841 fuerat,

1889 4862 2280 4926 rorroborabo,
2315 4880 2333 4913 ι
2380 4870 2438 4917 ιιι
2477 4861 2700 4919 Petrum
2751 4865 2844 4934 qui
2888 4866 3130 4935 negavit;
3169 4885 3187 4917 ι
3230 4874 3285 4921 et
3325 4869 3449 4936 pitt-

1886 4970 1991 5025 gue
2023 4962 2076 5009 et
2105 4953 2343 5008 validum
2378 4955 2704 5021 custodiam,
2744 4974 2763 5007 ι
2803 4962 2860 5009 ιιι
2892 4963 3110 5011 sanctos
3148 4958 3448 5026 apostolos,

1886 5057 1939 5100 et
1967 5059 2062 5099 eos
2105 5045 2194 5113 qui
2225 5043 2328 5099 sibi
2376 5045 2590 5097 illorum
2628 5044 2791 5098 vitam
2833 5044 2900 5098 ad
2929 5044 3252 5099 imitandum
3285 5045 3452 5118 969

1887 5137 2157 5208 delegere;
2189 5154 2208 5187 ι
2250 5136 2317 5189 Ει
2340 5151 2555 5205 pascam
2586 5151 2679 5191 eas
2701 5150 2825 5191 cum
2844 5135 3075 5207 judicio,
3098 5154 3117 5188 ›
3147 5136 3287 5193 bona
3319 5143 3449 5193 sub-

2897 5328 2920 5356 ο
2951 5315 3115 5372 Joan.
3156 5333 3214 5382 ι,
3241 5315 3298 5369 2.

1445 5476 1678 5531 VARUS
1720 5473 2123 5531 LECTIONES.

276 5599 322 5633 ιδ
356 5598 432 5651 ὲδ.
464 5600 523 5656 ln
558 5594 600 5648 B

885 5601 1007 5663 post
1040 5593 1208 5647 ἄλλοι.

215 5661 328 5737 [ἰὼ.
371 5666 543 5737 αὐτῷ.

633 5594 854 5666 ponitur

1306 5594 1351 5625 ⁸⁵
1391 5592 1530 5645 ινατί
1557 5620 1627 5633 —-
1658 5606 1844 5659 τετυρ.
1877 5589 2048 5641 Aliter
2091 5601 2278 5655 supra,
2316 5596 2461 5659 tom.
2496 5586 2536 5649 l,

649 5665 692 5696 ⁸⁷
732 5660 967 5718 ὲκεῖ.Ἰιι
1013 5665 1056 5715 Α
1097 5663 1317 5733 ponitur
1362 5671 1486 5733 ante
1512 5660 1802 5733 Αάναπαόσ.

3019 5589 3064 5620 so
3103 5584 3246 5640 Edit.
3297 5584 3445 5649 prior
3522 5560 3531 5565 ’

3034 5657 3079 5723 ῗο
3119 5656 3159 5707 Α
3202 5653 3442 5721 ζητήσω.

2585 5604 2707 5673 [ηιξ.
2754 5588 2912 5673 ιρδι.

1912 5660 1956 5689 ⁸⁸
1997 5659 2037 5709 Β
2062 5660 2251 5729 τροφῇ.
2358 5656 2402 5690 ⁸³
2439 5658 2482 5710 Α
2515 5656 2622 5727 ἐγὼ
2662 5656 2931 5728 βοσκήσω.

222 5735 261 5764 ⁹¹
290 5737 411 5806 ἡσθ-
448 5726 790 5790 Α’ἐκλεῖπον.
864 5734 909 5765 θ’
952 5735 1070 5786 πῖον
1097 5726 1210 5785 καί.
1248 5731 1370 5785 Des.
1409 5732 1460 5783 in
1499 5731 1558 5782 Δ.
1634 5731 1680 5760 ’³
1721 5731 1763 5781 Λ
1800 5726 2070 5797 βοσκήσω.
