3860 6206
248 252 366 320 lilii

1364 262 1443 322 ΙΝ
1488 261 1930 326 EZECl-ILELIS
1963 266 2112 328 CAP.
2171 266 2424 330 XXXIV.

3343 213 3483 332 illi?

242 371 494 443 βάψομαι
534 372 942 441 ἀδικουμένους,
981 373 1118 427 ἀλλὰ
1137 375 1290 439 δίκας
1331 380 1453 442 τοὺς
1487 379 1809 445 ἀδικοῦντας

1927 385 2123 453 ξκὶςτιηι
2157 371 2365 454 ρωπος.
2405 381 2612 436 Deinde
2651 378 2962 434 communis
3008 377 3252 433 omnium
3285 379 3480 434 salutis

242 464 532 536 πράξομαι.
591 459 721 516 Εἶτα
787 463 885 533 τῆς
943 466 1126 536 κοινῆς
1175 466 1389 520 πάντων
1450 471 1722 540 σωτηρίας
1773 473 1806 538 ή

241 556 549 626 ὑπόσχεσις.

277 647 408 712 κγ’.
451 646 556 701 Καὶ
597 647 925 714 ἀναστήσω
973 648 1067 726 ἐπ’
1105 647 1328 714 αὐτοὺς
1376 650 1624 719 ποιμένα
1677 652 1806 716 ἕνα,

235 739 300 801 ὃς
327 739 372 771 ³ο
400 739 685 809 ποιμανεῖ
731 740 975 806 αὐτοὺς,
1041 743 1148 795 τὸν
1185 741 1413 796 δοῦλόν
1457 761 1574 812 μου
1611 745 1806 810 Δαϐὶδ,

237 829 415 892 αὐτὸς
443 831 484 862 ³¹
520 831 798 898 ποιμανεῖ
840 831 1081 897 αὐτοὺς,
1138 831 1238 884 καὶ
1273 833 1316 862 ¹²
1337 834 1519 900 αὐτὸς
1535 835 1808 890 ἀναπαύ-

236 935 328 974 σει
356 915 610 987 αὑτοὺῤ,
641 922 739 976 καὶ
771 921 940 976 ἔσται
975 923 1172 978 αὐτῶν
1199 925 1445 994 ποιμήν.
1477 926 1624 978 ΙἈνω
1655 929 1812 997 εἰρη-

238 1011 410 1074 κὼς,ι
464 1011 603 1077 Ἐγὼ
631 1013 900 1084 ποιμανῶ,
941 1033 960 1066 ι
1021 1015 1256 1070 ἐνταῦθα
1301 1017 1392 1070 τὸν
1432 1017 1596 1072 Δαὸὶδ
1633 1017 1812 1072 αὐτῶν

237 1101 454 1156 ἔσεσθαι
489 1105 723 1175 ποιμένα
755 1106 920 1174 λέγει,
951 1105 1010 1158 ὃν
1043 1109 1134 1160 καὶ
1173 1107 1356 1161 δοῦλον
1379 1109 1808 1179 προσαγορεύει·

234 1193 317 1258 τίς
339 1195 399 1248 δὲ
423 1190 577 1260 οὗτός
603 1197 790 1263 ἐστιν;
829 1199 900 1250 Ἦ
953 1197 1132 1268 δῆλον,
1185 1199 1260 1264 ὼς
1298 1202 1327 1252 6
1368 1201 1644 1270 Δεσπότης
1680 1201 1813 1270 Χρι-

235 1289 380 1351 στὸς,
419 1287 483 1338 ἐκ
509 1287 819 1358 σπέρματος
865 1289 1030 1342 Δαὸὶδ
1075 1289 1218 1346 κατὰ
1263 1291 1445 1363 σάρκα
1479 1292 1810 1362 γενόμενος;

227 1373 326 1432 ’Διὸ
348 1379 444 1432 καὶ
463 1378 670 1444 δοῦλος,
709 1380 784 1444 ὠς
809 1379 1098 1452 ἄνθρωπος
1116 1399 1130 1412 ο
1163 1382 1260 1436 καὶ
1295 1382 1453 1438 τοῦτο
1481 1383 1535 1436 δὲ
1557 1382 1698 1436 κατὰ
1715 1381 1812 1450 τὴν

237 1473 416 1535 φύσιν,
453 1471 513 1524 ού
549 1473 690 1525 κατὰ
715 1472 810 1542 τὴν
847 1473 1002 1540 ἀξίαν
1023 1491 1034 1504 ·
1073 1475 1122 1527 εἰ
1144 1473 1252 1547 γὰρ
1279 1475 1428 1538 olei;
1453 1474 1613 1528 αὐτὸν
1647 1490 1810 1526 πεπι-

235 1563 527 1640 στευκότες
557 1563 616 1616 οὐ
646 1564 840 1626 δοῦλοι,
858 1565 998 1619 ἀλλ).’
1021 1566 1148 1631 υἱοὶ,
1179 1565 1358 1636 πολλῷ
1393 1566 1592 1636 μᾶλλον
1615 1565 1777 1628 αὐτὸς
1795 1607 1810 1632 ,

233 1652 302 1706 δι’
323 1652 383 1706 ὃν
407 1655 458 1706 οἱ
487 1653 662 1708 δοῦλοι
698 1656 795 1726 τῆς
816 1655 1126 1728 ἐλευθερίας
1151 1657 1494 1728 ἀπήλαυσαν,
1523 1657 1584 1710 ού
1605 1656 1810 1724 δοῦλος,

236 1743 354 1797 ἀλλ’
385 1745 519 1810 υἱός.
553 1745 709 1800 Οὕτω
726 1748 820 1802 καὶ
849 1750 876 1800 6
904 1749 1176 1818 μακάριος
1211 1749 1362 1818 λέγει
1390 1749 1603 1812 Παῦλος
1624 1767 1635 1779 ο
1670 1769 1688 1802 ι
1717 1752 1814 1815 Ὃς

235 1837 296 1890 ἐν
324 1841 509 1908 μορφῇ
545 1837 677 1892 Θεοῦ
709 1840 987 1912 ὑπάρχων,
1019 1841 1122 1912 οὐχ
1149 1841 1439 1911 ἁρπαγμὸν
1472 1841 1716 1912 ἡγήσατο
1752 1842 1812 1894 τὸ

235 1925 376 1980 εἶναι
402 1927 492 1982 ἴσα
525 1929 662 1999 Θεῷ,
692 1930 805 1984 ἀλλ’
857 1931 1053 1984 ἐαυτὸν
1083 1932 1318 1985 ἐκένωσε
1361 1933 1576 2003 μορφὴν
1625 1931 1811 1986 δούλου

233 2017 436 2074 λαϐὼν.
477 2041 496 2073 ι
527 2022 636 2074 Καὶ
668 2021 892 2085 Ἡσαΐας
949 2023 1006 2076 δὲ
1047 2025 1110 2076 ἐκ
1160 2024 1452 2094 προσώπου
1503 2023 1667 2078 αὐτοῦ
1716 2023 1814 2093 βοᾷ

235 2109 412 2178 λέγων
436 2131 448 2145 ο
479 2129 500 2160 ι
541 2111 697 2164 Οὕτω
735 2112 882 2180 λέγει
925 2111 1151 2184 Κύριος,
1201 2116 1228 2166 ὁ
1265 2113 1474 2176 πλάσας
1500 2129 1567 2181 με
1599 2112 1662 2165 ἐκ
1693 2129 1810 2164 κοι-

235 2200 356 2265 λίας
413 2202 598 2256 δοῦλον
647 2203 826 2272 ἐαυτῷ
888 2207 1214 2273 συναγαγεῖν
1261 2203 1354 2256 τὸν
1432 2202 1660 2256 Ἰακώϐ·
1719 2203 1814 2255 καὶ

249 2295 471 2365 Ἰσραὴλ
499 2295 892 2367 συναχθήσεται
927 2297 1060 2366 πρὸς
1109 2297 1271 2350 αὐτόν
1297 2311 1310 2326 ·
1355 2296 1482 2350 Ἰδοὺ
1511 2295 1722 2349 δέδωκὰ
1752 2313 1812 2348 σε

236 2384 314 2450 εἰς
337 2387 602 2458 διαθήκην
633 2389 840 2454 γένους,
867 2389 946 2451 εἰς
981 2387 1096 2457 φῶς
1125 2387 1311 2451 ἐθνῶν,
1352 2385 1447 2440 τοῦ
1479 2383 1614 2439 εἷναί
1643 2404 1701 2438 σε
1735 2389 1815 2448 είς

239 2477 515 2546 σωτηρίαν
541 2476 645 2540 ἕως
670 2477 896 2546 ἐσχάτου
921 2479 1019 2546 τῆς
1049 2477 1170 2546 γῆς.
1194 2497 1210 2529 ι
1233 2477 1339 2530 Καὶ
1365 2477 1424 2530 τό
1453 2477 1498 2546 ’ξ
1515 2493 1528 2508 ο
1559 2497 1577 2528 ι
1610 2475 1814 2552 ξΙακὼϐ

234 2566 293 2622 δὲ
350 2568 379 2620 6
447 2569 574 2630 παῖς
618 2585 737 2638 μου,
798 2569 1160 2640 ἁντιλὴψομαι
1223 2567 1411 2621 αὑτοῦ.
1465 2587 1482 2619 ι
1527 2567 1688 2638 Παρὰ
1736 2567 1814 2637 τῷ

250 2661 510 2732 Ἑϐραίῳ,
541 2681 559 2714 ι
602 2663 662 2716 '0
691 2663 872 2726 δοῦλός
927 2680 1026 2734 μου
1069 2681 1086 2714 ι
1125 2665 1319 2716 κεῖται.
1367 2661 1580 2733 Ταύτην
1628 2662 1683 2715 δὲ
1719 2663 1815 2732 τὴν

242 2754 549 2824 μαρτυρίαν
572 2755 666 2808 κα)⁵
693 2757 722 2806 6
743 2753 884 2818 θεῖος
937 2753 1332 2824 εύαγγελιστὴς
1381 2753 1461 2816 εἰς
1497 2753 1588 2806 τὸν
1615 2753 1816 2824 Κύριον

238 2844 400 2915 ήμῶν
459 2837 620 2898 ἔλαϐε
657 2846 884 2915 Ἰησοῦν.
946 2845 1142 2905 Δοῦλος
1189 2845 1364 2898 τοίνυν
1429 2845 1714 2914 κέκληται,
1743 2845 1816 2907 ὡς

237 2937 548 3007 ἄνθρωπος,
562 2938 655 2990 καὶ
684 2935 840 2989 τοῦτο
872 2937 950 2998 δὲ,
975 2937 1050 2998 ὡς
1083 2935 1239 3006 ἔφην,
1261 2938 1318 2989 ού
1345 2936 1482 2988 κατὰ
1507 2935 1602 3007 τὴν
1637 2936 1814 3002 ἀξίαν,

1913 475 2236 544 pollicitatio
2264 474 2532 545 sequitur.

1988 655 2148 712 Vsus.
2181 655 2270 710 25.
2314 653 2380 708 Et
2412 653 2677 708 suscitabo
2710 667 2870 722 super
2897 669 2983 707 eos
3010 661 3274 722 pastorem
3295 666 3476 714 unum,

1911 747 2000 818 qui
2031 755 2206 816 pascet
2225 762 2334 812 eos,
2369 761 2573 800 servum
2601 759 2772 796 meum
2813 741 3016 805 David;
3047 743 3158 808 ipse
3179 751 3352 810 pascet
3371 757 3480 804 eos,

1911 850 1960 894 et
2005 841 2112 908 ipse
2141 840 2460 909 requiescere
2495 837 2653 907 faciet
2683 853 2771 890 eos
2791 877 2807 902 ,
2847 846 2896 890 et
2926 835 3027 890 erit
3065 849 3250 889 eorum
3278 843 3479 902 pastor.

1912 930 2050 985 Cum
2085 945 2252 1000 supra
2283 928 2502 994 dixerit,
2540 945 2559 978 ι
2603 927 2713 998 Ego
2752 940 2996 998 pascam,
3031 942 3050 976 ι
3099 924 3190 980 hic
3225 923 3478 978 Davidem

1913 1021 2129 1076 illorum
2167 1027 2437 1087 pastorem
2471 1019 2546 1070 ait
2593 1016 2730 1082 fore,
2763 1031 2924 1087 quem
2956 1015 3121 1070 etiam
3152 1030 3354 1068 servum
3387 1030 3481 1084 ap-

1915 1113 2102 1182 pellat.
2141 1111 2301 1182 971
2357 1109 2492 1177 Quis
2527 1117 2708 1166 autem
2755 1108 2847 1163 hic
2895 1107 3022 1163 est?
3074 1121 3216 1161 anne
3273 1105 3483 1176 perspi-

1913 1218 2098 1268 cuum,
2147 1217 2272 1258 eum
2321 1215 2444 1257 esse
2495 1199 2787 1254 Dominum
2835 1198 3139 1260 Christum,
3177 1211 3241 1252 ex
3277 1197 3484 1252 semine

1915 1293 2134 1350 Davidis
2189 1292 2488 1349 secundum
2544 1306 2764 1348 carnem
2816 1290 3040 1346 natum?
3091 1299 3146 1344 et
3201 1297 3482 1358 propterea

1915 1391 2177 1454 tanquam
2225 1385 2387 1438 homo
2427 1384 2542 1453 ipse
2587 1397 2780 1438 servus
2825 1388 2931 1446 est,
2979 1380 3144 1452 idque
3182 1379 3482 1436 secundum

1914 1482 2187 1538 naturam,
2217 1476 2233 1492 '
2269 1489 2378 1529 non
2431 1473 2735 1528 secundum
2787 1470 3152 1541 dignitatem:
3204 1468 3251 1524 si
3303 1467 3484 1532 enim,

1913 1565 2006 1634 qui
2035 1565 2089 1620 in
2127 1566 2303 1635 ipsum
2343 1565 2644 1630 credidere,
2675 1580 2786 1619 non
2822 1565 2988 1630 servi,
3017 1563 3114 1620 sed
3153 1563 3281 1626 ﬁlii,
3311 1561 3485 1615 Imdto

1914 1657 2088 1728 magis
2122 1657 2258 1727 ipse,
2295 1673 2390 1727 per
2414 1671 2579 1728 quem
2618 1657 2762 1712 servi
2797 1655 2852 1710 in
2893 1656 3200 1710 libertatem
3225 1653 3484 1709 vindicati

1846 1739 1886 1791 Β
1919 1757 2068 1811 sunt,
2106 1765 2213 1804 non
2245 1763 2436 1805 servus
2461 1755 2568 1813 est,
2597 1747 2696 1805 sed
2735 1746 2900 1803 ﬁlius.
2934 1743 3090 1812 Quod
3131 1746 3258 1800 item
3292 1745 3485 1800 beatus

1915 1839 2120 1896 Paulus
2165 1840 2386 1904 asserit,
2430 1840 2662 1896 dicens:
2716 1857 2736 1891 ι
2783 1837 2890 1904 Qui
2923 1852 3050 1892 cum
3081 1837 3136 1892 in
3177 1833 3355 1890 forma
3393 1835 3484 1890 Dei

1915 1941 2080 2005 esset,
2113 1947 2221 1986 non
2246 1933 2490 2002 rapinam
2532 1933 2834 1986 arbitratus
2875 1937 2962 1986 est
2988 1945 3110 1985 esse
3137 1944 3196 1984 se
3219 1929 3484 1998 aaqualcm

1916 2024 2048 2088 Deo,
2081 2023 2176 2079 sed
2211 2024 2512 2079 exinauivit
2545 2024 2898 2094 semetipsum
2931 2022 3160 2078 fortnam
3201 2019 3348 2077 servi
3393 2037 3486 2076 ac.-

1917 2115 2127 2186 cipiens
2167 2127 2212 2168 ο.
2251 2134 2268 2166 ι
2309 2116 2377 2170 Ει
2405 2115 2575 2170 Isaias
2608 2130 2672 2171 ex
2707 2130 2945 2186 persona
2973 2115 3149 2184 ipsius
3171 2115 3482 2169 exclamat:

1921 2229 1940 2260 ι
1985 2208 2075 2264 Sic
2100 2209 2234 2264 dicit
2267 2209 2551 2275 Dominus,
2578 2211 2672 2280 qui
2696 2209 2950 2264 formavit
2976 2225 3062 2264 me
3091 2225 3157 2268 ex
3188 2217 3344 2263 utero
3368 2223 3488 2263 ser»-

1916 2315 2040 2352 vum
2073 2300 2198 2363 sibi,
2248 2307 2307 2352 ut
2337 2315 2727 2371 congregarem
2757 2298 3046 2365 Jacobum,
3076 2309 3130 2354 et
3159 2299 3325 2354 Israel
3354 2313 3488 2352 cou-

1916 2387 2234 2458 gregabitur
2286 2387 2353 2441 ad
2396 2403 2564 2443 eum:
2601 2388 2740 2444 Ecce
2786 2389 3047 2444 constitui
3089 2395 3144 2444 te
3191 2395 3489 2443 testamen-

1918 2487 2032 2533 tum
2057 2479 2298 2548 generis,
2331 2480 2506 2535 lucem
2529 2481 2794 2550 geutium,
2825 2493 2884 2535 ut
2914 2481 2990 2536 sis
3023 2479 3187 2534 saluti
3220 2495 3392 2548 usque
3420 2479 3488 2531 ad

1916 2577 2221 2626 extremum
2249 2579 2408 2627 terra:
2433 2571 2476 2625 τ.
2503 2592 2520 2624 ι
2551 2572 2618 2626 Et
2648 2593 2661 2627 :
2697 2591 2715 2623 ι
2749 2569 2918 2627 Jacob
2937 2580 3115 2628 autem
3142 2588 3276 2642 puer
3305 2585 3484 2633 meus,

1917 2676 2194 2718 assumam
2225 2678 2350 2718 eum
2391 2664 2439 2718 ⁸.
2479 2682 2497 2715 ι
2532 2663 2686 2734 Apud
2720 2663 3006 2718 Hebraeum
3042 2663 3289 2732 ponitur,
3309 2677 3488 2715 servus

1919 2771 2102 2820 meus;
2130 2765 2294 2825 atque
2329 2756 2430 2810 hoc
2462 2757 2838 2811 tesﬁmonium
2865 2756 3032 2809 etiam
3070 2755 3228 2808 divus
3255 2769 3492 2821 evange-

1920 2845 2044 2900 lista
2071 2847 2100 2886 ιι
2135 2846 2321 2901 retulit
2369 2845 2436 2898 ad
2487 2845 2774 2900 Dominum
2815 2855 3062 2901 nostrum
3107 2843 3316 2900 Iesum.
3363 2843 3491 2899 Ser-

1921 2955 2012 2992 vus
2048 2938 2213 3009 igitur
2255 2947 2483 2995 vocatus
2507 2949 2590 2994 est
2620 2947 2679 2993 ut
2713 2939 2898 3006 homo,
2918 2953 2922 2957 '
2943 2949 2997 2994 et
3031 2939 3154 3003 hoc,
3181 2940 3326 2993 sicut
3352 2937 3489 2998 dixi,

239 3028 376 3082 ἀλλὰ
406 3030 550 3081 κατὰ
599 3027 696 3108 τὴν
745 3029 942 3096 φύσιν·
980 3027 1166 3080 δούλου
1223 3029 1332 3098 γὰρ
1381 3025 1538 3078 ἔλαϐε
1579 3027 1814 3098 μορφήν.

1927 3047 2030 3084 non
2083 3031 2384 3086 secundum
2439 3031 2788 3101 dignitatem,
2825 3029 2920 3085 sed
2970 3029 3274 3084 secumlum
3324 3035 3488 3082 natu-

242 3123 378 3191 Περὶ
403 3120 462 3173 δὲ
483 3119 578 3172 τοῦ
606 3120 653 3152 ⁸⁸
685 3119 781 3172 ἐνα
803 3114 941 3172 εἶναι
982 3119 1074 3173 τὸν
1101 3119 1210 3172 τῶν
1267 3117 1552 3191 προϐάτων
1593 3118 1820 3188 ποιμένα

242 3215 336 3268 καὶ
363 3217 392 3266 6
427 3213 630 3283 Κύριος
657 3213 712 3264 ἐν
740 3214 851 3274 τοῖς
899 3211 1252 3280 Εὐαγγελίοις
1293 3210 1394 3280 ἔφη
1427 3227 1439 3240 ·
1489 3230 1504 3260 ι
1543 3211 1648 3263 Καὶ
1688 3209 1824 3264 ἄλλα

241 3308 492 3378 πρόϐατα
527 3306 654 3376 ἔχω,
711 3305 746 3360 ἃ
792 3305 892 3358 οὑκ
951 3303 1096 3356 ἔστιν
1136 3305 1199 3355 ἐκ
1229 3303 1326 3372 τῆς
1369 3300 1538 3371 αὐλῆς
1593 3299 1818 3368 ταύτης,

242 3399 478 3453 κάκεῖνὰ
513 3416 579 3468 με
607 3398 688 3450 δεῖ
728 3397 976 3466 ἀγαγεῖν,
1005 3395 1097 3448 καὶ
1145 3395 1244 3464 τῆς
1302 3393 1484 3461 φωνῆς
1521 3408 1619 3460 μου
1661 3387 1824 3442 ἁκού-

244 3508 424 3557 σουσι,
471 3490 564 3543 καὶ
619 3490 906 3558 γενήσεται
960 3487 1057 3557 μία
1127 3485 1352 3554 ποίμνη,
1407 3477 1488 3544 εἷς
1533 3483 1757 3551 ποιμήν.
1799 3499 1818 3532 ι

245 3578 386 3635 Εἶτα
413 3582 608 3649 ἐπάγει
631 3595 643 3610 ·

314 3669 413 3725 κδ’.
449 3671 558 3725 Kal
578 3669 692 3740 ἐγὼ
717 3669 931 3736 Κύριος
970 3667 1186 3735 ἔσομαι
1246 3663 1448 3729 αὐτοῖς
1478 3665 1560 3728 εὶς
1585 3661 1734 3716 Θεὸν
1754 3660 1822 3724 ³⁸,

241 3763 342 3817 καὶ
377 3765 412 3816 ὁ
441 3761 659 3826 δοῦλός
688 3777 806 3830 μου
839 3761 886 3793 ’⁸
918 3757 1097 3812 Δαϐὶδ
1125 3756 1326 3825 ἄρχων
1350 3757 1392 3787 ³⁷
1424 3756 1494 3807 ἐν
1521 3753 1687 3823 μέσῳ
1713 3753 1822 3808 αὐσ-

242 3853 384 3908 τῶν.
414 3853 525 3906 Καὶ
557 3852 618 3904 τὸ
649 3851 882 3920 ἀψευδὲς
909 3849 1016 3901 τῶν
1069 3833 1372 3918 εἰρημένων
1393 3849 1502 3908 τοῖς
1549 3845 1824 3914 ἐπαγομέο
1871 3839 1876 3842 ’

244 3963 359 4007 νοις
420 3944 714 3997 δείκνυσιν.
752 3962 772 3997 ι
824 3939 965 4008 Ἐγὼ
1009 3939 1217 4010 Κύριος
1272 3939 1531 4006 ἐλάλησα.
1577 3955 1595 3988 ι
1642 3937 1827 4006 Ἀρκεῖ

243 4037 356 4106 γὰρ
409 4037 490 4098 εἰς
551 4031 838 4102 βεϐαίωσιν
879 4030 988 4084 τῶν
1073 4029 1244 4098 λόγων
1299 4029 1330 4098 ἡ
1393 4027 1488 4080 τοῦ
1537 4027 1824 4098 εἰρηκότος

245 4128 398 4192 ἀξία.

317 4227 419 4274 κε’.
446 4215 922 4286 Καὶδιαθήσομαι
953 4215 1032 4282 τῷ
1055 4213 1230 4268 Δαϐὶδ
1247 4212 1542 4280 διαθήκην
1559 4213 1820 4280 εἰρήνης.

246 4313 455 4368 Τούτου
484 4317 514 4367 ὁ
543 4313 752 4376 Παῦλος
809 4311 1188 4384 ἑρμηνευτής·
1235 4309 1332 4377 βοᾷ
1383 4307 1490 4376 γὰρ
1548 4305 1677 4374 περὶ
1730 4301 1824 4357 τοῦ

1923 3138 2038 3176 ram
2076 3141 2088 3174 ε
2133 3123 2277 3176 servi
2309 3121 2454 3176 enim
2497 3122 2726 3176 formam
2783 3122 3104 3190 assumpsit.
3163 3119 3334 3174 Unum
3363 3135 3492 3174 vero

1923 3229 2044 3268 esse
2077 3223 2347 3283 pastorem
2379 3216 2562 3269 ovium
2596 3213 2860 3268 Dominus
2892 3215 3018 3268 item
3070 3212 3122 3266 in
3176 3211 3488 3282 Evangeliis

1923 3306 2062 3361 dixit
2097 3324 2110 3358 :
2161 3324 2178 3355 σ
2217 3307 2281 3358 Ει
2307 3307 2443 3362 alias
2473 3322 2604 3361 oves
2629 3307 2828 3368 habeo,
2861 3321 2982 3375 quae
3013 3319 3118 3358 non
3143 3311 3356 3358 suntex
3385 3301 3490 3356 lion

1924 3395 2074 3461 ovili,
2102 3403 2156 3450 et
2187 3397 2308 3451 illas
2339 3404 2556 3466 oportet
2579 3411 2664 3451 me
2693 3395 2986 3461 adducere,
3015 3403 3068 3449 et
3091 3407 3282 3448 vocem
3315 3406 3492 3446 meam

1924 3488 2164 3552 audient,
2231 3497 2284 3542 et
2329 3489 2416 3543 ﬁet
2460 3503 2629 3542 unum
2675 3487 2838 3552 ovile,
2887 3494 2940 3542 et
2971 3501 3112 3540 unus
3159 3493 3347 3555 pastor
3389 3486 3431 3538 ί.
3471 3479 3506 3534 ι’

1925 3577 2130 3635 Deinde
2157 3579 2382 3650 subjicil
2407 3597 2421 3636 :

1996 3667 2162 3725 Vens.
2198 3670 2287 3724 ‘26.
2329 3669 2396 3724 Et
2429 3685 2520 3740 ego
2551 3667 2809 3722 Dominus
2839 3685 2928 3722 ero
2962 3669 3090 3738 ipsis
3127 3665 3282 3729 Deus,
3309 3674 3358 3719 et
3387 3681 3498 3718 ssr-

1924 3776 2020 3814 vus
2065 3776 2208 3814 meus
2243 3758 2412 3813 David
2455 3760 2692 3828 princeps
2720 3760 2774 3812 in
2823 3759 2995 3813 medio
3028 3760 3280 3826 ipsorum.
3335 3755 3402 3808 Et
3433 3769 3494 3809 ea

1925 3867 2048 3921 quae
2085 3851 2229 3905 dicta
2255 3861 2400 3916 sunt,
2443 3867 2472 3904 a
2501 3849 2786 3904 ruei'idacio
2814 3851 2986 3904 libera
3010 3864 3132 3904 esse
3159 3847 3411 3902 ostendit
3429 3847 3498 3899 iis

1926 3957 2048 4012 qua:
2095 3951 2422 4012 sequuntur.
2475 3961 2494 3994 ι
2546 3940 2656 4012 Ego
2703 3940 2968 3996 Dominus
3022 3939 3238 3993 locutus
3289 3953 3430 3994 sum.
3473 3958 3492 3988 ι

1929 4034 2076 4091 Satis
2109 4043 2192 4090 est
2241 4035 2386 4090 enim
2420 4035 2485 4090 ad
2535 4033 2913 4090 conﬁrmanda
2959 4031 3122 4102 972
3152 4030 3315 4086 verba
3350 4030 3498 4084 illius

1927 4129 2019 4197 qui
2059 4140 2121 4180 ea
2151 4125 2291 4179 dixit
2325 4126 2647 4180 aueloritas.

2003 4217 2164 4273 Vens.
2205 4219 2296 4272 9.5.
2340 4217 2408 4270 Et
2453 4217 2731 4285 disponant
2777 4215 2971 4268 Davidi
3003 4221 3367 4267 testamentum
3404 4225 3499 4275 pa-

1928 4309 2024 4364 cis.
2054 4307 2232 4377 Iiujus
2264 4308 2342 4362 rei
2382 4305 2588 4361 Paulus
2623 4307 2899 4374 interpres
2929 4311 3032 4364 est,
3069 4317 3192 4355 cum
3229 4301 3298 4354 de
3334 4298 3499 4354 Chri-

252 4401 485 4474 Χριστοῦ
517 4419 530 4431 ο
565 4421 584 4454 ι
641 4401 812 4464 Αὐτός
842 4405 988 4453 ἐστιν
1043 4401 1076 4470 ἡ
1113 4400 1304 4467 εἰρήνη
1332 4397 1506 4466 ἡμῶν,
1531 4397 1558 4448 ὁ
1590 4395 1816 4463 ποιήσας

1927 4413 2014 4457 sto
2045 4402 2318 4454 exclamat
2352 4417 2364 4452 :
2403 4417 2422 4448 ‹
2452 4397 2572 4467 Ipse
2595 4405 2680 4451 est
2709 4411 2810 4465 pax
2839 4401 3046 4456 nostra,
3074 4393 3166 4461 qui
3193 4391 3322 4445 fecit
3349 4398 3500 4444 utra~

249 4492 628 4564 ώὰμῷτερα
659 4493 740 4558 ἒν,
797 4493 892 4545 καὶ
943 4491 1004 4544 τὸ
1059 4491 1371 4560 μεσότοιχον
1419 4488 1514 4540 τοῦ
1575 4488 1828 4558 φραγμοῦ

249 4582 443 4646 λύσας.
475 4603 496 4635 ι
531 4582 704 4636 Τοῦτο
751 4583 809 4636 δὲ
852 4584 944 4636 καὶ
987 4581 1100 4635 ἄνω
1151 4581 1256 4650 ἔφη
1283 4595 1359 4638 ’,ι
1395 4581 1500 4632 Καὶ
1542 4579 1831 4649 ἀναστήσω

250 4679 342 4732 ἐπ’
371 4679 572 4742 αὐτοὺς
630 4677 866 4748 ποιμένα
936 4676 1052 4730 ἕνα.
1105 4694 1124 4727 ι
1163 4672 1256 4738 Εἷς
1306 4674 1416 4744 γὰρ
1469 4674 1561 4727 καὶ
1605 4674 1731 4735 τοὺς
1773 4671 1830 4738 ἐξ

252 4767 425 4822 ἐθνῶν
455 4769 552 4822 καὶ
579 4769 706 4833 τοὺς
736 4768 796 4832 ἐξ
833 4767 1100 4822 Ἰουδαίων
1131 4765 1563 4826 πεπιστευκότας
1605 4763 1830 4832 ποιμαί-

252 4876 400 4914 νει.‹
441 4861 550 4914 Καὶ
597 4861 812 4930 ἀφανιῶ
865 4860 1028 4930 θηρία
1081 4857 1294 4930 πονηρὰ
1336 4857 1444 4910 ἀπὸ
1494 4857 1592 4926 τῆς
1643 4857 1763 4924 γῆς.
1804 4875 1822 4906 ι

145 4959 165 4972 ’
254 4951 366 5004 Καὶ
421 4951 532 5004 τῶν
583 4951 836 5021 πονηρῶν
884 4951 1153 5020 δαιμόνων
1204 4951 1272 5002 τὰ
1331 4950 1515 5017 στίφη,
1569 4948 1663 5000 καὶ
1703 4947 1828 5009 τοὺς

255 5040 551 5113 θηριωδίαν
610 5045 898 5106 νοσοῦντας
957 5041 1297 5114 ἀνθρώπους,
1360 5042 1481 5103 τοὺς
1540 5041 1636 5110 μὲν
1667 5056 1830 5108 μετα-

333 5230 358 5259 ε
389 5217 626 5288 Philipp.
663 5233 722 5282 ιι,
762 5216 815 5284 6,
849 5217 900 5271 7.
943 5216 960 5254 τ
1000 5217 1104 5271 Isa.
1138 5231 1286 5280 xLIx,
1312 5214 1364 5279 5,
1401 5214 1454 5268 6.

1536 5215 1560 5252 Β
1593 5212 1694 5266 Isa.
1736 5228 1867 5276 XLII,
1901 5211 1944 5266 I.

1931 4506 2036 4562 que
2065 4504 2260 4552 unum,
2285 4495 2340 4543 et
2367 4488 2604 4542 medium
2631 4487 2893 4555 parietem
2929 4483 3181 4537 maceria:
3213 4481 3374 4537 solvit
3400 4479 3443 4535 i.
3477 4501 3497 4532 ι

1930 4582 2048 4636 Hoc
2074 4581 2260 4636 itidem
2287 4594 2453 4650 supra
2472 4579 2612 4634 dixit
2637 4596 2651 4630 ι
2680 4596 2698 4628 ι
2725 4576 2792 4630 Et
2813 4574 3093 4631 suscitabo
3115 4589 3281 4644 super
3297 4587 3390 4627 eos
3408 4587 3503 4642 pa-

1931 4687 2135 4734 storem
2163 4689 2388 4729 nnum.»
2413 4672 2568 4727 Unus
2600 4670 2744 4724 enim
2778 4674 2890 4722 tum
2909 4681 3004 4721 eos
3029 4666 3119 4734 qui
3142 4680 3206 4718 ex
3229 4664 3499 4734 gentibus,

1931 4777 2046 4822 tum
2089 4767 2182 4836 qui
2220 4780 2284 4820 ex
2315 4763 2518 4818 Iudaeis
2564 4761 2886 4825 credidere,
2918 4757 3115 4826 pascit.
3150 4773 3168 4806 ι
3197 4754 3263 4809 Et
3307 4753 3502 4808 delebo

1932 4856 2139 4911 bestias
2165 4853 2337 4908 malas
2354 4853 2420 4906 de
2439 4857 2608 4906 terra.
2636 4867 2652 4901 ι
2683 4849 2750 4902 Et
2771 4847 3037 4901 malorum
3057 4843 3364 4900 daemonum
3390 4856 3503 4894 cu:-

1936 4955 2046 5010 tus,
2075 4955 2128 4998 et
2155 4941 2386 4996 feritatis
2419 4939 2610 4994 morbo
2635 4937 2953 4992 laborantes
2991 4933 3272 4998 homines,
3303 4931 3502 5001 partim

1936 5038 2002 5091 de
2031 5033 2302 5090 sententia
2334 5031 2624 5093 deductos,
2647 5037 2702 5084 et
2735 5027 2802 5083 ad
2833 5026 3096 5093 rationem
3123 5024 3372 5080 redactos
3392 5063 3407 5085 ,
3439 5036 3502 5076 ac

2023 5211 2048 5249 ιι
2089 5208 2279 5264 Matth.
2323 5225 2419 5273 xu,
2455 5209 2544 5264 IS.
2589 5209 2604 5248 ί
2643 5207 2810 5263 Joan.
2845 5221 2899 5272 χ,
2924 5205 3014 5262 I6.
3057 5201 3070 5254 i
3103 5203 3302 5273 Ephes.
3327 5199 3496 5264 11,“.

1561 5365 1790 5421 VARle
1831 5363 2229 5450 LECTIONIES.

331 5505 382 5542 ³⁸
416 5510 496 5570 ὃς.
528 5509 570 5559 A
602 5507 714 5560 καί.
789 5507 830 5537 ²¹
875 5505 1035 5568 αὐτὸς
1065 5533 1137 5544 —
1187 5502 1484 5558 ἀναπαύσει
1535 5500 1752 5562 αὐτούς.
1809 5501 1816 5552 l

1927 5543 1936 5555 .
1989 5503 2039 5556 iu
2086 5505 2150 5556 A.
2226 5502 2271 5534 "
2315 5500 2407 5553 καὶ
2434 5529 2504 5542 --
2541 5499 2757 5562 αὐτούς.
2813 5497 3042 5570 Gemith
3075 5483 3494 5570 Δἱιιὶῑεένβνθίεξξῗξίξο

276 5573 321 5608 ³³
343 5579 426 5632 τό.
459 5577 530 5630 Ex
566 5575 603 5628 Β
637 5576 814 5644 suppl.

925 5575 969 5606 ’⁵
1009 5574 1124 5628 τοῦ.
1156 5575 1231 5628 Ita
1269 5575 1307 5626 Β
1339 5573 1508 5628 editio
1542 5572 1692 5638 prior
1722 5572 1952 5624 habebat
2000 5572 2076 5625 τό.

2185 5573 2228 5603 ιε
2269 5551 2604 5634 ageam
2629 5551 2839 5632 6.3;;
2870 5551 2923 5598 3°
2961 5567 2988 5618 6
3014 5561 3155 5614 δοῦλ.
3195 5551 3316 5626 μιὸυ.
3368 5551 3494 5610 Des.

275 5646 392 5703 iuA
489 5647 536 5680 ³⁷
574 5640 779 5716 ἀρχῶν.
811 5645 1010 5714 Supra,
1047 5654 1176 5699 tom.
1212 5647 1264 5710 I,
1297 5658 1419 5714 pag.
1450 5641 1574 5707 7l6,
1599 5643 1626 5694 6
1661 5640 1930 5711 βασιλεύς.

504 5741 778 5800 Ρηιιοι..
812 5739 928 5800 (in.
965 5737 1216 5800 LXXXI

3097 5719 3172 5779 37
