3860 6206
324 308 471 376 1Ῑῦ3¹

1344 286 1835 355 'l‘IIEODORETI
1871 279 2213 344 EPISCOPI
2257 273 2623 339 CYRENSIS

3433 256 3453 322 l
3472 260 3554 331 lini

323 431 543 494 penu-.25
565 435 631 475 ne
658 416 848 474 bestiae
869 422 1054 469 essent
1074 403 1577 474 liberatos,‘partim
1602 414 1727 454 vero
1746 405 1921 453 morte

2036 388 2409 460 δαλλομένους,
2460 387 2556 440 καὶ
2606 382 2858 454 λογικούς
2894 378 3214 452 γινομένους
3262 380 3327 443 η,
3370 381 3455 433 καὶ
3491 385 3576 438 τοῦ

2044 479 2067 494 ι·
2192 481 2216 494 Α
2307 480 2318 494 ι
2554 475 2573 494 κ
2595 475 2621 487 ’⁸
2652 492 2661 494 Α
2725 472 2888 494 2___-‘.\
2908 470 3235 494 ------ι-.--.-
3287 470 3406 494 ..-ἓ.-
3436 470 3482 494 ει
3509 471 3563 494 -⁴’

323 490 705 584 consumptos.
742 529 760 562 ι
782 508 851 562 Ει
871 501 1271 562 habitabuntin
1296 499 1516 553 deserto
1544 490 1905 548 conﬁdentes.

278 602 289 611 ’
322 620 378 663 et
416 607 692 663 dormie‘nt
733 603 789 656 in
839 597 1017 654 silvis.
1058 615 1076 648 ι
1125 594 1437 660 Utrumque
1479 587 1762 641 fructuum
1809 596 1908 635 ex-

324 715 501 772 pers:
548 695 681 752 dicit
727 698 936 757 autem,
973 688 1097 744 fore
1145 696 1206 741 ut
1250 680 1610 739 solitudinem
1662 674 1908 748 gentium

324 793 629 853 obtineant,
656 794 711 843 et
756 799 947 841 earum
987 790 1191 838 terram
1231 777 1435 840 colant,
1468 783 1522 829 et
1561 773 1616 826 in
1651 769 1789 825 silva
1814 763 1912 821 Ju-

325 889 568 943 decorum
598 881 840 954 quietem
876 887 933 933 et
962 875 1304 932 curationem
1334 871 1766 937 consequantur.
1803 865 1820 883 ⁶
1846 858 1912 912 Et

327 990 493 1049 supra
525 977 553 1017 ιι
585 976 736 1040 item,
779 987 905 1028 eum
942 969 1104 1026 vellet
1130 961 1525 1035 Hierosolyma:
1570 956 1911 1016 sterilitatem

326 1070 618 1128 ostendere
652 1085 666 1123 :
705 1085 725 1118 ι
754 1062 1093 1126 Vaticinare,
1128 1057 1329 1129 inquit,
1358 1054 1433 1109 liti
1460 1049 1720 1112 hominis,
1749 1060 1916 1116 super

329 1164 530 1218 saltum
558 1157 766 1231 Nageb.
804 1176 823 1210 ι
872 1154 1084 1211 lndicat
1133 1156 1343 1215 autem,
1392 1154 1455 1200 ut
1496 1142 1612 1214 jam
1646 1139 1911 1203 diximus,
1964 1178 1975 1201 ,

333 1262 604 1311 austrum.

405 1457 569 1512 Vens.
607 1454 697 1510 26.
743 1449 811 1506 Et
843 1449 982 1505 dabo
1011 1449 1065 1502 in
1093 1445 1319 1501 circuitu
1342 1439 1536 1495 montis
1570 1437 1672 1491 mei
1699 1432 1915 1489 benedi-

332 1553 576 1617 ctionem,
605 1556 654 1602 et
690 1544 950 1600 deducam
995 1538 1232 1608 pluviam
1263 1534 1406 1589 vobis
1437 1531 1490 1586 in
1537 1540 1767 1611 tempore
1796 1540 1916 1590 suo,

331 1645 522 1717 pluvia:
556 1637 929 1697 benedictionis
953 1642 1130 1689 erunt.
1166 1630 1329 1684 Tales
1357 1626 1504 1682 enim
1548 1605 1921 1679 sunt'divino-

334 1753 454 1791 rum
512 1731 885 1805 apostolorum
937 1725 1224 1789 doctrinae,
1268 1717 1644 1791 irrigationem
1691 1709 1921 1787 benedi-

2015 479 2155 537 εἶναι
2191 480 2357 552 θηρία
2379 475 2662 538 παντελῶς
2716 470 3255 543 ἀπαλλαττομένους,
3287 470 3406 533 τούς
3433 470 3483 524 δὲ
3507 471 3574 545 τῷ

2016 576 2232 645 θανάτῳ
2293 569 2660 641 παυομένους.
2710 584 2728 617 ι
2794 566 2908 620 Kal
2959 563 3374 633 κατοικήσουσιν
3411 563 3466 617 ἰν
3517 569 3575 638 τῇ

2016 673 2208 746 ἐρήμῳ
2265 667 2591 730 πεποιθότες
2631 667 2698 729 ’⁸,
2736 663 2831 717 καὶ
2863 660 3211 715 ὑπνώσουσιν
3256 660 3311 712 ὲν
3335 659 3438 722 τοῖς
3470 657 3580 728 δρυ-

2021 767 2164 835 μοῖς.
2195 782 2213 815 ι
2265 760 2580 832 Ἀμφότερα
2643 755 2870 826 ἄκαρπα
2894 768 2908 783 ο
2934 752 3086 814 λέγει
3144 750 3225 815 δὲ,
3270 750 3353 803 ὅτι
3385 750 3472 802 καὶ
3497 751 3581 814 τὴν

2018 858 2226 926 ἔρημον
2247 851 2359 906 τῶν
2406 848 2575 903 ἐθνῶν
2633 844 2924 910 καθέξουσι
2966 860 3028 896 τε
3065 842 3163 895 καὶ
3211 840 3583 914 γεωργήσουσι,

2021 948 2115 1003 καὶ
2149 949 2207 1000 ὲν
2240 944 2319 1015 τῷ
2346 940 2540 1013 δρυμῷ
2584 939 2695 994 τῶν
2739 936 3011 992 Ἰουδαίων
3064 935 3373 991 ἀνάπαυσιν
3406 932 3583 999 ἕξουσι,

2020 1043 2117 1096 καὶ
2151 1038 2478 1112 θεραπείαν.
2504 1034 2618 1089 Kal
2638 1033 2752 1088 ἀνω
2770 1032 2825 1085 δὲ
2852 1031 2953 1102 τήν
2969 1028 3253 1101 ἀκαρπίαν
3286 1025 3383 1096 τῆς
3421 1027 3590 1096 Ἰερου-

2024 1134 2209 1206 σαλὴμ
2236 1130 2407 1196 δεῖξαι
2447 1128 2684 1200 θελήσας
2710 1144 2721 1155 ·
2767 1143 2785 1176 ι
2818 1125 3210 1197 Προφήτευσον
3240 1122 3370 1190 γὰρ,
3405 1119 3482 1173 υἱὲ
3512 1122 3592 1172 ἀν-

2024 1230 2268 1303 θρώπου,
2305 1224 2399 1279 ἐπὶ
2433 1223 2525 1277 τὸν
2556 1220 2762 1293 δρυμὸν
2814 1217 2908 1272 τὸν
2943 1213 3134 1286 Ναγέϐ
3154 1230 3171 1245 ο
3204 1233 3223 1267 ι
3254 1214 3406 1285 δηλοῖ
3437 1212 3491 1266 δὲ
3515 1215 3592 1264 τὸν

2024 1322 2197 1383 νότον,
2232 1318 2308 1382 ὼς
2336 1314 2768 1386 προειρήκαμεν.

2096 1438 2207 1496 κς·’.
2252 1428 2363 1484 Kal
2420 1424 2594 1481 δώσω
2652 1420 2995 1490 περικύκλῳ
3018 1417 3064 1450 ⁸ο
3096 1416 3202 1470 τοῦ
3267 1414 3443 1482 ὄρους
3486 1405 3594 1484 μου

2025 1522 2313 1592 εὐλογίαν
2339 1520 2406 1586 ³⁸,
2469 1516 2566 1572 καὶ
2621 1511 3000 1569 καταϐιϐἁσω
3034 1511 3079 1542 ⁸³
3117 1510 3227 1563 τὸν
3271 1507 3448 1563 ὑετὸν
3473 1506 3598 1576 ὑμῖν

2026 1618 2096 1671 ἐν
2126 1617 2171 1648 ³³
2208 1612 2389 1683 καιρῷ
2420 1606 2629 1669 αὑτοῦ,
2670 1604 2831 1661 ὑετοί
2881 1603 3166 1672 εὐλογίας
3198 1599 3463 1654 ἔσονται.
3495 1600 3599 1652 Τοι-

2028 1709 2169 1765 αῦτα
2193 1705 2301 1777 γὰρ
2339 1703 2409 1757 τὰ
2456 1701 2564 1756 τῶν
2599 1698 2758 1752 θείων
2807 1695 3124 1751 ἀποστόλων
3158 1692 3484 1761 διδάγματα,
3513 1692 3599 1762 ἀρ-

513 1782 819 1805 “rm---
1212 1782 1221 1789 ,
1370 1782 1397 1791 _
1878 1784 1879 1787 η

334 1830 518 1885 ctione
561 1825 778 1895 plenam
841 1816 1181 1875 credentium
1234 1811 1435 1868 animis
1485 1807 1800 1863 aﬂ‘erentes.
1853 1797 1919 1854 Et

2036 1800 2176 1854 δείαν
2212 1796 2462 1865 εὐλογίας
2515 1789 2722 1863 μεστὴν
2780 1787 3167 1862 προσφέροντα
3207 1785 3333 1847 ταῖς
3384 1782 3486 1835 τῶν
3528 1800 3603 1834 πι-

2176 1892 2186 1895 -
2405 1886 2418 1895 ι
2540 1887 2562 1895 .-
2677 1883 2742 1895 -Α
2931 1879 3025 1895 1‘!
3175 1879 3189 1895 ο
3257 1875 3375 1895 Λγικ
3436 1873 3599 1895 ‘I‘__“_L

335 1933 480 1990 smpe
507 1892 772 1971 ill—divina
790 1909 1076 1980 Scriptura
1108 1904 1342 1973 pluviam
1370 1897 1680 1955 doctrinam
1709 1892 1921 1958 vocari,

335 1982 492 2066 tes-tis
525 2014 610 2063 est
656 2002 927 2076 propheta
959 1997 1149 2060 Isaias,
1185 1993 1283 2064 qui
1314 2007 1379 2047 ex
1430 2001 1665 2059 persona
1696 1982 1790 2037 Dei
1823 1996 1925 2034 an-

335 2102 501 2170 tiqua:
534 2070 707 2150 vinea:
737 2070 981 2146 minatur
1016 2104 1030 2141 :
1075 2103 1094 2136 ι
1128 2081 1251 2138 Non
1280 2079 1589 2151 putabitur,
1633 2087 1810 2143 neque
1841 2070 1924 2124 fo-

335 2166 552 2251 dietur,
606 2192 658 2239 et
710 2179 956 2237 nubibus
1015 2173 1294 2231 mandabo
1336 2186 1406 2225 ne
1450 2166 1713 2238 depluant
1760 2174 1928 2232 super

333 2279 497 2352 973
527 2291 647 2333 eam
676 2273 919 2347 imbrem
960 2267 1008 2322 ι.
1052 2285 1070 2317 ι

404 2390 575 2446 Vens.
613 2386 704 2443 27.
738 2388 808 2440 Et
840 2383 986 2453 ligna
1011 2381 1064 2435 in
1092 2395 1219 2450 agro
1243 2376 1447 2431 dabunt
1481 2373 1717 2443 fructum
1744 2385 1922 2432 suum,

325 2495 384 2542 ει
409 2493 552 2539 terra
584 2478 731 2533 dabit
763 2475 925 2531 robur
955 2489 1130 2528 suum.
1152 2468 1286 2525 Nam
1325 2476 1381 2523 et.
1418 2467 1452 2521 ii
1477 2465 1571 2536 qui
1601 2462 1786 2517 animo
1818 2468 1931 2515 ter-

266 2592 289 2605 ί
335 2577 458 2631 reni
506 2577 659 2636 sunt,
690 2567 745 2622 id
778 2574 864 2622 est
905 2580 972 2620 ex
1027 2561 1285 2635 gentibus
1323 2556 1585 2629 profecti,
1633 2562 1688 2611 et
1717 2551 1926 2615 Judzei,

337 2669 515 2724 instar
546 2663 813 2720 arborum
838 2657 1113 2715 sterilium
1145 2652 1451 2713 infecundi,
1485 2649 1554 2705 ad
1584 2646 1748 2703 ﬁdem
1775 2660 1931 2699 acce-

337 2761 556 2824 dentes,
573 2765 625 2813 et
650 2750 968 2825 hujusmodi
992 2748 1315 2819 irrigatione
1347 2744 1609 2806 fruentes,
1633 2738 1765 2794 mihi
1794 2752 1931 2807 prae-

336 2851 546 2906 bebunt
576 2847 795 2919 pietatis
847 2843 1111 2897 fructum.
1150 2858 1168 2888 ‹
1207 2838 1276 2892 Et
1321 2834 1649 2889 ltabitabuut
1690 2830 1746 2884 in
1784 2836 1929 2884 terra

340 2925 440 3000 sua
468 2942 522 2995 in
552 2955 648 3009 spe
686 2937 859 3009 pacis.
901 2956 917 2987 ι
952 2933 1016 2986 Ει
1047 2946 1155 2986 non
1186 2929 1325 2983 dixit
1356 2929 1411 2980 in
1441 2940 1588 2996 pace,
1623 2921 1716 2977 sed
1751 2921 1808 2973 in
1841 2935 1930 2988 spe

339 3036 506 3106 pacis.
538 3033 637 3089 His
674 3030 843 3096 enim,
886 3027 978 3099 qui
1014 3025 1069 3079 in
1109 3025 1290 3095 ipsum
1324 3018 1631 3083 credidere,
1666 3014 1930 3070 Dominus

340 3130 479 3185 dixit
512 3146 526 3182 :
565 3146 585 3178 ι
636 3126 694 3180 ln
729 3122 937 3178 mundo
972 3130 1287 3189 pressuram
1339 3112 1574 3176 habetis,
1621 3107 1716 3164 sed
1745 3103 1929 3161 conli-

341 3222 476 3284 dite,
507 3233 610 3290 ego
648 3217 754 3272 vici
788 3211 1057 3268 mundum
1095 3228 1155 3264 ιιι.
1194 3230 1211 3260 ι
1256 3207 1318 3260 Et
1345 3205 1506 3259 divus
1543 3203 1673 3256 item
1694 3199 1929 3269 Aposto—
1957 3176 1999 3235 α

338 3314 429 3367 .lus
460 3326 474 3365 :
512 3329 530 3360 ι
586 3307 695 3378 Spe
728 3306 873 3361 enim
930 3303 1092 3366 salvi,
1138 3300 1336 3368 inquit,
1375 3295 1503 3349 laeti
1539 3306 1772 3356 sumus;
1804 3300 1932 3359 spes

338 3412 525 3458 autem
555 3414 677 3470 quae
698 3399 753 3452 in
790 3391 1259 3453 oculosinenrrit,
1292 3405 1402 3443 non
1437 3394 1522 3442 est
1566 3399 1731 3454 spes;
1783 3378 1933 3451 quod

345 3493 494 3548 enim
525 3468 672 3545 videt
702 3488 849 3559 quis,
885 3485 1016 3554 quid
1060 3484 1224 3538 etiam
1259 3477 1476 3549 sperat?
1501 3475 1557 3538 ,si
1578 3483 1759 3528 autem
1785 3468 1934 3541 quod

348 3600 454 3650 non
490 3583 740 3637 videmus
779 3590 1096 3648 speramus,
1143 3588 1241 3643 per
1277 3569 1600 3642 patientiam
1642 3573 1935 3634 exspecta-

348 3690 469 3730 mus
494 3683 575 3726 ιι.»
624 3670 690 3724 Et
724 3684 922 3724 rursus
956 3686 969 3721 :
1021 3684 1039 3716 ι
1074 3663 1194 3718 Non
1222 3662 1400 3716 solum
1425 3669 1609 3712 autem
1645 3655 1813 3727 (illa),
1839 3651 1933 3708 sed

346 3774 401 3821 et
418 3780 519 3819 nos
567 3763 671 3832 ipsi
708 3759 978 3831 primitias
1010 3757 1240 3827 spiritus
1265 3751 1549 3814 habentes,
1581 3754 1635 3803 et
1656 3745 1761 3816 ipsi
1792 3744 1933 3797 intra

348 3870 449 3909 nos
470 3852 764 3923 gemimus,
784 3848 1133 3916 adoptionem
1156 3844 1393 3898 liliorum
1415 3839 1507 3894 Dei
1526 3841 1933 3906 exspectantes,

347 3943 785 4012 redemptionem
830 3937 1085 4006 corporis
1135 3935 1314 3990 nostri
1357 3941 1405 3985 ο.
1449 3950 1467 3983 ›
1511 3928 1737 3994 Deinde,
1788 3924 1935 3997 quod

328 4034 593 4089 omnium
627 4030 930 4085 maximum
964 4029 1179 4083 lucrum
1215 4035 1301 4081 est
1331 4044 1344 4079 :

420 4147 490 4201 Et
505 4154 814 4217 cognoscent
837 4159 913 4197 me
925 4158 1037 4197 esse
1054 4140 1363 4203 Dominum,
1388 4151 1505 4190 cum
1531 4133 1820 4189 contrivero
1843 4147 1936 4201 ego

348 4245 565 4290 catenas
583 4232 703 4303 jugi
731 4246 937 4297 eorum,
970 4240 1020 4284 et
1060 4227 1292 4284 liberabo
1332 4243 1421 4282 eos
1452 4225 1517 4279 de
1556 4239 1717 4278 manu
1755 4239 1936 4276 eorum

266 4389 269 4391 ς
347 4326 435 4396 qui
463 4341 550 4378 eos
586 4323 639 4376 in
661 4322 966 4376 servitutem
1006 4319 1336 4389 redegerunt.
1379 4316 1569 4387 (Vsus.
1601 4315 1717 4385 28.)
1745 4318 1937 4368 Et-non.

347 4411 745 4480 cruntamplius
791 4411 846 4464 in
899 4408 1137 4478 prmdam
1167 4406 1431 4478 gentibus,
1462 4415 1512 4460 et
1564 4404 1742 4459 bestia:
1783 4414 1938 4459 terra:

348 4521 452 4559 non
485 4503 712 4573 amplius
741 4499 1008 4556 comedent
1039 4516 1149 4555 eos.
1182 4497 1303 4554 lam
1343 4497 1457 4554 dixi
1489 4497 1765 4568 duplicem
1811 4511 1936 4552 esse

350 4595 715 4666 prophetiam,
751 4601 807 4648 et
838 4594 1069 4661 alterum
1117 4591 1349 4655 Judaeis,
1383 4591 1649 4647 alteram-
1674 4589 1933 4646 omnibus

352 4685 668 4741 hominibus
696 4684 1019 4742 convenire.
1047 4683 1263 4739 Ettmim
1297 4680 1521 4738 Jud.eos
1546 4697 1577 4736 a
1609 4680 1939 4753 Babylonio-

354 4794 474 4833 rum
516 4777 838 4847 captivitate
873 4776 1196 4841 vindicavit,
1234 4783 1290 4831 et
1340 4772 1509 4845 974
1557 4789 1661 4828 nos
1684 4787 1878 4827 omnes
1907 4787 1938 4825 a

352 4868 559 4923 diaboli
593 4866 886 4936 tyrannide
932 4867 1216 4923 liberavit.
1270 4866 1502 4922 Calenus
1560 4874 1745 4920 autem
1780 4864 1937 4935 jugi,

353 4958 641 5015 servitutis
684 4958 1074 5014 necessitatem
1128 4959 1398 5024 vocavit;
1454 4967 1629 5029 gentes
1668 4969 1854 5013 autem
1887 4966 1938 5011 et

459 5135 481 5173 κ
520 5134 719 5192 Ezeclt.
752 5151 844 5201 xx,
882 5134 971 5189 46.

2030 1892 2332 1947 στευόντων
2390 1886 2612 1957 ψυχαῖς.
2677 1883 2802 1936 Ὅτι
2860 1879 3123 1943 πολλάκις
3165 1879 3201 1947 ή
3257 1875 3381 1930 θεία
3436 1873 3604 1946 Γραφῆ

2027 1985 2183 2039 ὐετὸν
2229 1983 2327 2053 τὴν
2377 1975 2728 2033 διδασκαλίαν
2776 1972 2955 2038 καλεῖ,
3014 1972 3228 2043 μάρτυς
3268 1970 3300 2022 δ
3333 1969 3602 2039 προφήτης

2037 2078 2272 2140 Ἡσαΐας
2301 2075 2366 2127 ὲκ
2392 2069 2689 2144 προσώπου
2716 2066 2810 2121 τοῦ
2831 2065 2969 2119 Θεοῦ
3017 2063 3092 2134 τῷ
3139 2061 3363 2133 παλαιῷ
3391 2060 3606 2115 ἀπειλῶν

2030 2166 2337 2241 ἀμπελῶνι,
2359 2164 2439 2218 ὅτι
2468 2181 2485 2215 ι
2511 2162 2585 2216 Οὐ
2606 2160 2681 2233 μὴ
2697 2158 2905 2230 τμηθῇ,
2922 2157 3044 2211 οὐδὲ
3072 2155 3146 2228 μὴ
3168 2158 3375 2227 σκαφῇ’
3400 2154 3490 2208 καὶ
3505 2156 3607 2216 ταῖς

2034 2261 2290 2331 νεφέλαις
2307 2253 2629 2326 ὲντελοῢμαι
2662 2251 2756 2306 τοῦ
2788 2251 2862 2322 μὴ
2893 2248 3085 2321 βρέξαι
3102 2250 3190 2301 ἐπ’
3213 2246 3384 2302 αὐτὸν
3404 2245 3563 2298 ὑετόν.
3588 2264 3604 2296 ι

2102 2374 2206 2440 κζ’.
2248 2371 2357 2428 Καὶ
2398 2370 2469 2424 τὰ
2496 2368 2654 2434 ξύλα
2691 2364 2765 2420 τὰ
2783 2365 2830 2397 ³⁸
2857 2363 2928 2417 ἐν
2966 2362 3048 2429 τῷ
3091 2362 3251 2433 ἀγ·ρῷ
3290 2359 3471 2414 δώσει
3508 2359 3602 2413 τόν

2032 2463 2267 2534 καρπὸν
2285 2458 2506 2525 αὐτῶν,
2531 2457 2682 2526 καὶή
2706 2454 2780 2526 γῆ
2804 2454 2984 2509 δώσει
3006 2452 3123 2521 τὴν
3148 2451 3395 2523 ἰσχὺν-³⁵
3417 2447 3609 2517 αὐτῆς.

2032 2557 2100 2610 Oi
2136 2572 2195 2610 τε
2243 2553 2352 2624 γὰρ
2397 2536 2576 2624 γήϊνοι
2618 2551 2717 2621 τὴν
2759 2548 2975 2620 ψυχὴν,
3016 2545 3300 2599 τουτέστιν
3333 2545 3383 2598 oi
3426 2544 3487 2596 ὲκ
3516 2541 3611 2593 τῶι

2032 2648 2204 2703 ἐθνῶν
2225 2644 2559 2716 ὁρμώμενοι,
2582 2642 2676 2696 καὶ
2696 2641 2747 2694 οἱ
2774 2641 2931 2709 δίκην
2956 2637 3165 2709 ἀγρίων
3188 2636 3369 2704 ξύλων
3393 2635 3612 2704 ἄκαρποι

2046 2738 2311 2800 Ἰουδαῖοι,
2360 2737 2425 2806 τῇ
2470 2733 2650 2787 πίστει
2701 2731 3038 2805 προσιόντες,
3088 2729 3182 2783 καὶ
3227 2728 3333 2799 τῆς
3381 2726 3613 2795 τοιαύτης

2033 2831 2254 2902 ἀρδείας
2286 2826 2673 2892 ἀπολαύοντες,
2708 2824 2941 2877 δώσουσί
2984 2840 3074 2894 μοι
3104 2821 3194 2876 τὸν
3220 2820 3327 2892 τῆς
3357 2819 3613 2880 εὐσεϐείας

2033 2922 2267 2994 καρπόν.
2322 2939 2341 2972 ι
2384 2920 2494 2974 Kal
2526 2916 2948 2986 κατοικήσουσιν
2999 2914 3094 2968 ἐπὶ
3139 2912 3240 2984 τῆς
3296 2911 3405 2981 γῆς
3454 2910 3614 2965 αὐτῶν

2034 3017 2123 3069 ἐπ’
2149 3014 2194 3046 ³⁸
2229 3013 2407 3068 ἐλπίδι
2446 3012 2692 3082 εἰρήνης.
2740 3028 2760 3062 ι
2807 3008 2920 3063 Kal
2959 3007 3062 3061 οὐκ
3103 3001 3258 3061 εἶπεν
3302 3005 3375 3058 ἐν
3404 3002 3615 3072 εἰρήνη.

2035 3104 2151 3159 ἀλλ’
2181 3103 2252 3158 ἐν
2291 3100 2495 3156 ἐλπίδι
2535 3097 2784 3167 εἰρήνης
2816 3114 2830 3129 ο
2875 3097 3088 3160 τούτοις
3120 3097 3163 3128 ³⁷
3198 3092 3313 3165 γὰρ
3353 3096 3434 3157 είς
3472 3092 3615 3146 αὐτὸν

2034 3194 2455 3250 πεπιστευκόσιν
2479 3192 2507 3245 ὁ
2530 3190 2736 3261 Κύριος
2768 3188 2873 3259 ἔφη
2897 3204 2910 3218 ο
2959 3207 2978 3240 ι
3015 3185 3203 3257 Ἑντῷ
3233 3186 3428 3256 κόσμῳ
3458 3182 3615 3253 θλίψιν

2036 3289 2189 3361 ἔχετε
2210 3288 2277 3354 ³⁸,
2307 3286 2444 3340 ἀλλά
2474 3283 2749 3356 θαρσεῖτε,
2779 3280 2890 3352 ἐγὼ
2925 3280 3191 3349 νενίκηκα
3225 3277 3318 3331 τὸν
3349 3277 3563 3347 κόσμον.
3594 3292 3611 3326 ι

2036 3381 2149 3436 Kal
2186 3382 2214 3434 ὁ
2260 3378 2402 3441 θεῖος
2450 3376 2508 3431 δὲ
2556 3372 2879 3436 Ἀπόστολός
2913 3386 3115 3442 φησιν·
3158 3389 3178 3423 ι
3205 3370 3286 3440 Τῇ
3320 3368 3431 3441 γὰρ
3460 3365 3615 3419 ἐλπίδι

2039 3471 2325 3543 ἐσώθημεν
2347 3487 2361 3502 ο
2409 3468 2566 3531 ἐλπὶς
2595 3465 2653 3520 δὲ
2696 3462 3006 3536 βλεπομένη
3038 3461 3140 3517 οὐκ
3180 3460 3335 3513 ἔστιν
3367 3459 3516 3522 ἐλπίς
3542 3472 3554 3485 ·
3591 3455 3617 3508 δ

2037 3563 2148 3634 γὰρ
2177 3562 2365 3632 βλέπει
2394 3577 2499 3624 τις,
2530 3558 2582 3612 τί
2613 3559 2707 3611 καὶ
2736 3554 2983 3620 ὲλπίζει;
3035 3553 3099 3605 Ei
3129 3551 3188 3606 δὲ
3214 3551 3243 3605 ὃ
3274 3551 3338 3605 οὐ
3370 3549 3617 3622 βλέπομεν

2038 3654 2351 3725 ἐλπίζομεν,
2380 3653 2447 3706 δι’
2475 3651 2755 3722 ὑπομονῆς
2787 3646 3227 3718 ἀπεκδεχόμεθα.
3258 3664 3279 3698 ι
3313 3645 3425 3700 Kal
3443 3644 3614 3698 πάλιν·

2042 3766 2062 3799 ι
2093 3748 2167 3800 Οὐ
2198 3747 2359 3817 μόνον
2383 3743 2462 3810 δὲ,
2511 3742 2649 3797 ἀλλά
2682 3742 2776 3795 καὶ
2808 3742 2968 3812 ἡμεῖς
2988 3738 3033 3772 ³⁹
3063 3737 3221 3791 αὐτοὶ
3252 3735 3355 3809 τὴν
3384 3733 3617 3806 ἀπαρχὴν

2036 3838 2132 3893 τοῦ
2181 3836 2490 3907 πνεύματος
2536 3833 2783 3904 ἔχοντες,
2847 3834 2906 3885 ὲν
2949 3832 3162 3893 ἑαυτοῖς
3184 3828 3231 3861 ⁸ο
3284 3827 3616 3896 στενάζομεν,

2039 3929 2309 3983 υἱοθεσίαν
2326 3923 2883 3996 ἀπεκδεχόμενοι,τὴν
2907 3919 3289 3991 ἀπολύτρωσιν
3322 3918 3416 3972 τοῦ
3447 3916 3616 3987 σώμα-

2037 4039 2129 4085 τος
2153 4020 2331 4092 ήμῶν.
2367 4040 2382 4071 ι
2429 4013 2565 4071 Εἶτα
2591 4017 2652 4070 τὸ
2686 4016 2905 4070 πάντων
2936 4011 3384 4083 κερδαλεώτατον
3406 4026 3420 4040 ·
3544 4045 3570 4073 κ

2109 4134 2216 4187 Καὶ
2253 4131 2583 4202 γνώσονται
2609 4129 2699 4182 ὅτι
2719 4124 2834 4197 ἐγώ
2862 4127 2980 4196 ειμι
3005 4124 3249 4193 Κύριος,
3281 4123 3353 4177 ἐν
3378 4120 3459 4188 τῷ
3483 4134 3617 4175 συν·

2040 4225 2244 4294 τρῖψαι
2270 4240 2349 4292 με
2377 4222 2519 4287 τοὺς
2553 4218 2800 4285 κλοιοὺς
2839 4217 2945 4272 τοῦ
2991 4214 3169 4286 ζυγοῦ
3188 4216 3233 4247 ⁸¹
3276 4213 3497 4278 αὐτῶν,
3532 4210 3620 4265 καὶ

2040 4316 2364 4385 ὲξελοῦμαι
2404 4313 2632 4378 αὐτοὺς
2667 4312 2740 4366 ἐκ
2779 4309 2985 4381 χειρὸς
3026 4308 3145 4363 τῶν
3173 4305 3618 4362 καταδουλωσα-

2034 4409 2237 4480 μένων
2281 4408 2527 4475 αὐτούς.
2571 4406 2726 4477 (κη’.)
2774 4403 2887 4459 Καὶ
2947 4404 3058 4457 οὐκ
3112 4401 3364 4456 ἔσονται
3417 4398 3503 4452 ἔτι
3542 4397 3618 4459 εἰς

2040 4501 2352 4571 προνομὴν
2379 4501 2424 4533 ⁸³
2466 4499 2593 4564 τοῖς
2633 4498 2841 4552 ἔθνεσι
2870 4512 2884 4526 ο
2931 4494 3031 4549 καὶ
3069 4493 3143 4548 τὰ
3188 4493 3365 4560 θηρία
3388 4490 3498 4558 τῆς
3517 4485 3618 4557 τῆς

2039 4595 2151 4647 οὐκ
2178 4592 2265 4647 ἔτι
2292 4593 2363 4646 οὐ
2401 4591 2487 4662 μὴ
2518 4589 2680 4659 φάγῃ
2710 4588 2755 4620 ’⁵³
2788 4586 3029 4652 αὐτούς.
3084 4585 3199 4638 Kal
3228 4583 3329 4654 ήδη
3364 4581 3517 4651 ἔφην,
3544 4578 3617 4630 ὅτι

2040 4684 2204 4754 διπλῆ
2227 4687 2260 4755 ἡ
2291 4681 2598 4755 προφητεία
2622 4697 2637 4712 ⁵
2669 4680 2730 4734 τδ
2764 4680 2862 4750 μὲν
2889 4677 2998 4751 γὰρ
3025 4677 3209 4740 αὐτοῖς
3247 4672 3535 4733 Ἰουδαίοις.
3564 4666 3615 4718 τὸ

2040 4775 2099 4829 δὲ
2141 4777 2305 4829 πᾶσιν
2354 4772 2660 4845 ἀνθρώποις
2694 4770 2957 4842 ἁρμόττει
2982 4785 2995 4800 ·
3050 4769 3148 4823 καὶ
3193 4766 3305 4837 γὰρ
3352 4760 3618 4819 Ἰουδαίους

2045 4869 2153 4923 ἀπὸ
2182 4871 2280 4938 τῆς
2311 4866 2675 4921 Βαϐυλωνίων
2699 4860 3071 4933 ἠλευθέρωσεν
3103 4856 3501 4930 αἰχμαλωσίας,
3530 4850 3614 4904 καὶ

2045 4960 2257 5025 πάντας
2285 4960 2431 5028 ἡμᾶς
2457 4957 2558 5028 τῆς
2578 4954 2675 5010 τοῦ
2704 4951 2954 5008 διαϐόλου
2985 4949 3307 5022 τυραννίδος
3334 4939 3611 5017 ἀπήλλαξε.

1080 5133 1231 5193 1lsa.
1260 5152 1315 5201 ν,
1346 5134 1398 5191 6.
1470 5145 1509 5172 ω
1535 5135 1693 5190 Joan.
1730 5149 1819 5189 xvi
1842 5175 1855 5196 ,
1890 5135 1927 5187 5η

2055 5145 2080 5171 υ
2111 5133 2268 5187 Rom.
2315 5149 2433 5199 vm,
2476 5131 2568 5198 24,
2599 5132 2692 5186 25.
2782 5140 2803 5161 °
2838 5130 2997 5185 Rom.
3035 5145 3155 5193 vni,
3186 5128 3278 5181 Ξῖ).

1577 5312 1810 5369 νΑἰὶΙᾸί
1862 5311 2271 5368 LECTIONES.

428 5449 473 5482 "
515 5450 557 5503 B
583 5446 956 5518 γιγνομένους.

1033 5449 1077 5481 ⁸³
1109 5448 1325 5500 πεποιο.
1364 5444 1489 5501 Des.
1523 5447 1577 5501 in
1611 5447 1676 5500 A.
1756 5445 1801 5478 ³⁸
1840 5448 2048 5514 περ.·Ᾱ

2086 5461 2273 5516 praem.
2311 5445 2518 5516 αὐτοῖς.
2570 5444 2636 5516 ,ξ’
2669 5443 2940 5516 εὐλογίαν.
2968 5442 3093 5497 Des.
3120 5440 3175 5495 in
3206 5440 3272 5495 A.
3347 5430 3606 5516 "fatali-

358 5504 608 5645 g'dtbaw.‘
654 5504 1118 5600 ’³³’ὲν-έσονται,
1146 5518 1191 5570 Α
1212 5517 1366 5570 ὐετὸν
1388 5516 1654 5584 εὐλογίας.
1706 5515 1759 5559 ι³δ
1782 5514 1852 5568 τὰ
1869 5504 2046 5587 ἀγρῷ.
2074 5504 2119 5569 Ᾱ
2148 5515 2242 5569 τοῦ
2277 5504 2488 5569 πεδίουξ
2564 5514 2609 5547 ³⁵
2637 5517 2745 5585 ίσχ.
2776 5504 2942 5568 Hebr.
2978 5519 3327 5583 proventum.
3397 5506 3443 5537 "
3466 5504 3507 5556 Δ
3528 5504 3607 5558 sv.

408 5607 565 5645 tcuue
599 5596 721 5645 post
768 5602 937 5645 pauca
987 5599 1150 5643 etiam
1191 5589 1295 5643 hoc
1343 5587 1465 5641 loco
1501 5589 1606 5645 lea.
1647 5587 1690 5619 ³⁷
1730 5587 1751 5638 1
1809 5589 1939 5645 τοῖς.
2019 5587 2063 5617 ³⁸
2103 5588 2274 5645 Eva-cs.
2311 5586 2444 5640 Rec.
2479 5585 2647 5640 lectio
2695 5587 2799 5638 loc.
2845 5585 2942 5639 cit.
2979 5591 3066 5637 cst
3114 5581 3284 5645 ἕξετε.
3357 5577 3394 5609 ⁸³
3434 5575 3605 5645 ἡμεῖς.

363 5589 565 5672 Sicque
599 5596 721 5670 post
768 5602 937 5669 pauca
987 5589 1150 5643 etiam
1183 5589 1295 5671 hoc
1343 5587 1465 5641 loco
1501 5575 1690 5657 legf"
1730 5587 1751 5638 1
1809 5575 1957 5648 τοῖς’.’
1996 5575 2063 5617 ’³⁸
2103 5588 2128 5640 ,ξ
2168 5604 2274 5640 ετε.
2311 5586 2444 5640 Rec.
2479 5585 2647 5640 lectio
2693 5575 2799 5638 loc.
2845 5585 2942 5639 cit.
2979 5575 3066 5637 est
3114 5581 3284 5648 ἕξετε.
3357 5577 3394 5609 ⁸³
3434 5575 3605 5643 Ῠμεῐς.

360 5661 596 5717 Additur
626 5670 787 5716 etiam
812 5656 976 5717 mira.
1013 5660 1098 5715 loc
1146 5669 1241 5712 t‘tl.
1273 5657 1420 5717 apud
1453 5655 1732 5712 Nostrum.
1791 5655 1835 5686 ⁸ο
1876 5658 1933 5707 ἐν
1963 5606 2298 5712 ἑαυτχιλοοο
2332 5656 2431 5711 cit.
2469 5655 2728 5717 prmmitti
2769 5656 2908 5711 solet
2943 5653 3036 5708 καὶ
3065 5654 3225 5717 ἡμεῖς
3259 5645 3419 5702 αὐτοὶ.
3453 5619 3465 5644 ’
3498 5646 3537 5675 ⁸·
3562 5640 3603 5692 Δ

923 5674 976 5720 a,
1013 5660 1098 5715 loc
1146 5662 1241 5712 cit.
1273 5657 1420 5729 apud
1453 5640 1732 5729 Νοέἶνιιιῃ.
1761 5655 1835 5729 ,⁸ο
1876 5640 1933 5729 ἐν
1963 5640 2298 5712 ἑαυτ.Ί.οοο
2332 5656 2431 5711 cit.
2469 5655 2728 5725 prmmitti
2769 5656 2908 5711 solet
2943 5653 3036 5708 καὶ
3065 5640 3225 5723 ήμέῖς
3259 5645 3419 5702 αὐτοὶ.
3453 5640 3537 5675 ”⁸¹
3562 5640 3603 5692 Δ

361 5729 453 5785 τὸν
479 5730 641 5798 ζυγὸν
659 5729 753 5782 τοῦ
785 5728 985 5785 κλοιοῦ.
1065 5732 1109 5763 ⁸²
1150 5730 1194 5783 Α
1217 5731 1272 5785 ὲν
1312 5728 1581 5800 προνομῇ.

1661 5727 1705 5757 ⁸³
1745 5727 1787 5777 Α
1822 5728 2091 5793 φάγωσιν.
