3860 6206
352 319 473 384 lltiS

1403 310 1482 371 IN
1512 311 1955 370 EZECHIELIS
1995 311 2151 370 CAP.
2180 313 2439 374 XXXIV.

3470 321 3607 388 illiti

348 428 604 491 Κλσιοὺς
652 425 708 479 δὲ
755 425 928 491 ζυγοῦ
961 422 1057 495 τὴν
1098 424 1192 494 τῆς
1225 423 1468 488 δουλείας
1507 424 1752 492 ἀνάγκην
1792 425 1921 478 ἐκά-

2028 424 2242 486 bestias,
2282 425 2326 478 si
2361 426 2429 479 ad
2458 422 2677 481 Judmos
2712 427 2824 482 hare
2875 428 3199 497 referamus,
3249 432 3456 490 ferinos
3511 443 3605 490 Im-

346 521 500 573 λεσεν
524 535 538 550 ·
586 516 729 584 ἔθνη
769 516 824 569 δὲ
855 515 948 569 καὶ
989 516 1182 583 θηρία,
1214 516 1307 568 ἐπὶ
1351 516 1447 586 μὲν
1497 515 1760 569 Ἰουδαίων
1794 518 1920 579 τοὺς

346 608 628 680 θηριώδεις
672 606 980 676 πολεμίους,
1019 606 1102 674 ἐφ’
1145 605 1301 677 ἡμῶν
1332 606 1387 657 δὲ
1435 605 1502 659 τά
1551 607 1782 674 διάφορα
1811 605 1920 657 τῶν

342 701 611 770 δαιμόνων
645 699 920 769 τάγματα,
958 698 1007 751 οἳ
1046 698 1202 768 δίκην
1249 696 1450 769 Θηρίων
1485 699 1690 767 ἀγρίων
1732 699 1918 751 satis:

343 792 452 854 τοῖς
472 788 798 859 ἀνθρώποις.
826 783 959 841 Εἶτα
993 786 1084 841 καὶ
1113 787 1172 840 τὸ
1199 786 1410 857 ἄμαχον
1433 785 1702 839 δείκνυσιν
1732 785 1917 851 ὅπλον,

341 882 438 951 τὴν
489 883 571 946 είς
625 880 787 935 αὐτὸν
827 880 1018 933 ἐλπίδα
1070 878 1232 950 φημί.
1292 879 1449 932 «Καὶ
1495 880 1919 950 κατοικήσουσιν

343 974 496 1027 ἐπ’δδ
539 972 735 1038 ἐλπίδι,
785 972 879 1027 καὶ
921 972 1022 1027 οὐκ
1069 971 1221 1026 ἔσται
1259 974 1287 1026 6
1334 971 1580 1042 ἐκφοϐῶν
1625 972 1843 1036 αύτούς.
1892 991 1912 1024 ι

355 1065 582 1134 ’Λγαθὸν
627 1065 737 1135 γὰρ
784 1063 1026 1127 ἐλπίζειν
1072 1063 1163 1116 ἐπὶ
1211 1062 1434 1134 Κύριον,
1477 1062 1510 1132 ἢ
1547 1062 1786 1127 ἐλπίζειν
1827 1065 1915 1118 ἐπ’

338 1158 661 1228 ἄνθρωπον*
715 1160 744 1210 6
794 1156 903 1228 γὰρ
953 1157 1156 1227 ταύτην
1202 1154 1340 1226 ἔχων
1392 1155 1492 1225 τὴν
1537 1156 1726 1210 ἐλπίδα
1773 1156 1913 1228 βοᾷ·

344 1266 362 1298 ι
394 1247 578 1301 Πάντα
625 1246 694 1300 τά
748 1245 875 1316 ἔθνη
931 1246 1247 1300 ἐκύκλωσάν
1303 1263 1392 1316 με,
1443 1246 1534 1299 καὶ
1577 1246 1653 1317 τῷ
1691 1248 1915 1317 ὀνόματι

338 1340 540 1408 Κυρίου
575 1339 872 1410 ἠμυνάμην
902 1338 1118 1401 αύτούς.

406 1431 508 1485 κθν.
549 1431 661 1484 Καὶ
683 1430 1010 1495 ἀναστήσω
1041 1429 1246 1494 αὐτοῖς
1277 1430 1471 1499 φυτόν
1494 1431 1739 1500 είρήνης
1754 1431 1800 1463 ⁸⁸
1826 1434 1913 1497 εις

336 1519 523 1589 ὄνομα
541 1519 607 1574 ⁸⁸.
647 1519 816 1573 Τοῦτο
855 1519 950 1573 καὶ
979 1521 1008 1573 6
1046 1522 1329 1591 προφήτης
1389 1520 1613 1585 Ἡσαΐας
1657 1522 1804 1590 λέγει
1825 1523 1867 1554 ⁸⁷
1897 1538 1910 1551 ο

341 1632 359 1664 ι
395 1612 765 1678 Ἐξελεύσεται
788 1612 979 1681 ῥάϐδος
999 1615 1061 1667 ἐκ
1080 1615 1179 1685 τῆς
1204 1614 1362 1686 ῥίζης
1397 1615 1614 1680 Ἰεσσαὶ,
1637 1613 1732 1667 καὶ
1755 1613 1913 1677 ἄνθος

336 1704 400 1754 ἐκ
422 1702 519 1771 τῆς
547 1703 701 1774 ῥίζης
730 1704 1086 1773 ἀναϐήσεται,
1110 1705 1206 1759 καὶ
1234 1705 1681 1760 ἐπαναπαύσεται
1706 1708 1791 1760 ἐπ’
1821 1706 1914 1759 αύ-

2030 526 2162 578 stes,
2192 516 2237 572 si
2274 517 2340 569 ad
2378 533 2481 573 nos
2517 517 2691 587 ipsos.
2734 521 2921 575 varias
2968 521 3279 577 daemonum
3342 528 3605 593 legiones.

2028 608 2122 677 qni
2157 609 2333 662 instar
2361 608 2602 664 ferarum
2653 613 2979 681 agrestium.
3012 613 3263 674 homines
3317 618 3605 678 invadunt.

2030 699 2236 755 Deinde
2263 700 2429 756 etiam
2451 710 2673 758 scutum
2692 704 2938 759 ostendit
2962 706 3408 779 inexpugnabile,
3429 729 3605 783 spem.

2030 791 2287 861 inquam,
2324 793 2381 848 in
2414 794 2615 864 ipsum.
2647 814 2665 846 ι
2715 794 3123 853 Ethabitabunt
3158 800 3235 855 in'
3273 818 3388 872 spe,
3423 814 3478 860 et
3501 823 3607 863 non

2028 884 2135 939 erit
2161 885 2253 954 qui
2289 893 2496 941 terreat
2532 887 2740 957 ipsos.»
2772 886 2969 945 Melius
2994 899 3079 946 est
3099 892 3249 947 enim
3291 910 3518 965 sperare
3552 901 3606 954 in

2028 973 2286 1041 Domino,
2327 991 2492 1046 quam
2522 992 2747 1047 sperare
2768 978 2822 1032 in
2851 979 3075 1036 homine
3096 991 3124 1032 ι)
3147 998 3161 1048 ;
3185 984 3314 1053 quia
3338 988 3432 1056 qui
3467 989 3609 1045 hanc

2026 1081 2177 1136 spem
2219 1067 2408 1132 habet,
2463 1070 2779 1125 exclamat:
2821 1090 2840 1122 ι
2875 1070 3082 1129 Omnes
3122 1084 3313 1144 gentes
3365 1079 3607 1135 circum-

2024 1158 2294 1215 dederunt
2323 1176 2431 1226 me,
2463 1168 2518 1216 et
2555 1162 2779 1219 nomine
2798 1162 3015 1220 Domini
3041 1167 3192 1224 ultus
3224 1184 3346 1225 sum
3368 1188 3489 1229 eos.
3519 1184 3546 1224 tt
3582 1197 3600 1228 ι

2092 1431 2258 1485 Vens.
2286 1430 2380 1484 29.
2408 1428 2480 1485 Et
2516 1432 2786 1487 suscitabo
2810 1434 2885 1487 eis
2917 1433 3160 1501 plantam
3201 1439 3351 1505 pacis
3401 1442 3456 1495 in
3511 1460 3605 1496 no-

2020 1538 2159 1577 men.
2194 1518 2305 1576 Hoc
2329 1519 2458 1576 item
2490 1519 2664 1576 Isaias
2704 1521 2956 1591 praedicit
2985 1541 3000 1577 :
3040 1541 3059 1575 ι
3093 1523 3421 1593 Egredietur
3449 1531 3604 1600 virga

2021 1614 2089 1667 de
2121 1613 2308 1668 radice
2337 1611 2532 1678 Jessze,
2559 1619 2614 1668 et
2644 1613 2744 1668 llos
2772 1612 2840 1668 de
2865 1612 3056 1670 radice
3090 1615 3139 1679 ei
3150 1631 3214 1672 us
3244 1620 3526 1685 ascendet,
3552 1633 3608 1677 et

2023 1702 2333 1771 requiescet
2361 1716 2529 1771 super
2573 1716 2698 1758 eum
2746 1700 2987 1771 Spiritus
3039 1701 3156 1772 Dei,
3193 1723 3211 1757 ι
3243 1713 3296 1760 et
3353 1724 3472 1778 qua:
3516 1728 3605 1767 se-

334 1795 423 1846 τὸν
460 1795 684 1865 Πνεῦμα
727 1795 819 1849 τοῦ
852 1795 1008 1860 Θεοῦ,
1052 1816 1072 1848 ι
1128 1797 1222 1852 καὶ
1260 1797 1329 1852 τὰ
1374 1797 1518 1868 ἑξῆς.
1569 1798 1680 1852 Kal
1713 1797 1874 1852 πάλιν
1898 1814 1912 1829 ο

2019 1799 2332 1860 quuntur'.
2370 1789 2437 1845 Et
2474 1806 2672 1847 rursus
2702 1809 2716 1845 :
2750 1810 2767 1841 σ
2816 1790 2937 1846 Erit
2964 1793 3121 1849 radix
3168 1793 3364 1863 Jessa‘,
3408 1808 3462 1855 et
3509 1806 3603 1870 mn

339 1902 358 1933 ι
388 1885 581 1937 Ἔσται
607 1888 640 1955 ἠ
677 1885 802 1957 ῥίζα
826 1886 919 1938 τοῦ
971 1887 1188 1953 Ἰεσσαὶ,
1223 1887 1317 1941 καὶ
1354 1890 1382 1941 6
1416 1887 1774 1957 ἀνιστάμενος
1810 1886 1913 1956 ἄρ-

331 1990 446 2043 χειν
494 1975 702 2028 ἐθνῶν·
749 1978 837 2029 ἐπ’
868 1976 1015 2046 αὐτῷ
1046 1977 1172 2049 ἔθνη
1230 1977 1499 2042 ἐλπιοῦσι,
1534 1978 1629 2031 καὶ
1675 1976 1826 2029 ἔσται
1879 1979 1913 2046 ἡ

332 2066 639 2130 ἀνάπαυσις
668 2067 833 2123 αὐτοῦ
863 2070 1019 2139 τιμή.
1046 2088 1064 2120 ι
1106 2068 1278 2123 Τοῦτο
1310 2070 1628 2141 ἑρμηνεύων
1660 2072 1689 2123 6
1710 2070 1913 2140 Κύριος

330 2156 433 2228 ἔφη
464 2173 476 2185 ·
510 2176 530 2209 ι
585 2157 724 2227 Ἐγώ
751 2161 866 2230 είμι
896 2160 1138 2230 ἄμπελος
1167 2161 1212 2193 ⁸⁸
1238 2164 1271 2232 ἡ
1303 2161 1531 2232 ἀληθινὴ
1552 2161 1621 2225 ⁸³,
1657 2161 1815 2230 ὑμεῖς
1842 2163 1910 2214 τὰ

331 2246 604 2316 κλήματα.
636 2266 655 2299 ›
700 2250 812 2302 Καὶ
841 2250 899 2303 ἐν
928 2254 1039 2314 τοῖς
1070 2249 1315 2321 ’ᾼσμασι
1342 2251 1450 2304 τῶν
1479 2250 1738 2321 ᾀσμάτων
1764 2250 1910 2322 εὑρί-

333 2355 533 2409 σκομεν
562 2338 669 2408 τὴν
689 2338 907 2411 νύμφην
952 2328 1214 2411 λέγουσαν
1242 2358 1255 2371 ο
1311 2361 1329 2393 ι
1378 2341 1464 2404 Ὠς
1509 2341 1678 2411 μῆλον
1714 2343 1772 2395 ἐν
1798 2345 1912 2406 τοῖς

330 2429 505 2496 ξύλοις
534 2431 627 2484 τοῦ
655 2432 885 2503 δρυμοῦ,
908 2432 1082 2497 οὕτως
1110 2436 1139 2487 ό
1162 2433 1476 2503 ἀδελφιδοῦς
1497 2435 1544 2467 ⁵ο
1578 2453 1679 2505 μου
1703 2436 1912 2504 ἀναμέ-

332 2539 420 2574 σον
455 2523 564 2574 τῶν
594 2523 745 2579 υἱῶν.
777 2543 794 2574 ι
837 2527 946 2579 Kal
973 2524 1206 2579 ἐνταῦθα
1228 2526 1409 2579 τοίνυν
1435 2527 1599 2595 φησίν
1626 2544 1638 2556 ·
1688 2546 1707 2578 ι
1751 2529 1909 2580 Ἀναο

333 2617 512 2685 στήσω
542 2615 725 2678 αὐτοῖς
752 2616 918 2683 φυτὸν
946 2618 1171 2689 εἰρήνης
1198 2618 1278 2680 εἰς
1315 2616 1487 2687 ὄνομα
1516 2634 1527 2647 ·
1562 2637 1581 2669 ι
1631 2619 1910 2671 τουτέστιν

328 2703 778 2773 ὀνομαστότατον,
808 2706 1036 2772 ἔνδοξον,
1062 2707 1517 2779 πολυθρύλλητον.
1551 2710 1712 2773 Ἴσως
1733 2708 1792 2762 δὲ
1816 2712 1911 2762 καὶ

328 2794 511 2867 ἕτερον
536 2798 564 2849 ὀ
583 2795 738 2864 λόγος
766 2797 1084 2864 αἰνίττεται,
1115 2800 1197 2851 ὅτι
1234 2801 1298 2852 ἐκ
1326 2799 1421 2852 τοῦ
1454 2799 1623 2868 φυτοῦ
1654 2800 1713 2852 τὸ
1742 2799 1911 2871 ὄνομα

329 2885 585 2954 λήψονται
609 2903 623 2917 ·
660 2888 767 2940 ἀπὸ
798 2888 908 2959 γάρ
935 2888 1180 2959 Χριστοῦ
1219 2890 1537 2960 Χριστιανοὶ
1567 2890 1825 2954 πάντες⁸¹
1860 2893 1909 2944 οἱ

329 2979 568 3042 εὐσεϐεῖς
594 2996 606 3009 ·
640 2998 658 3030 ι
680 2981 790 3034 Kal
809 2980 854 3012 ⁸³
886 2980 1070 3033 οὐκέτι
1102 2980 1315 3034 ἔσονται
1347 2981 1517 3049 ὀλίγοι
1541 2984 1598 3034 ἐν
1616 2982 1660 3019 ⁸³
1692 2982 1910 3054 ἀριθμῴ

329 3069 385 3121 ἐν
414 3072 480 3141 τῇ
507 3072 599 3140 γῇ.
632 3089 651 3122 ι
706 3070 996 3125 Τουτέστιν
1027 3072 1073 3123 οἱ
1118 3072 1361 3135 εὐσεϐεῖς
1390 3088 1402 3101 ·
1453 3071 1624 3141 ὀλίγοι
1655 3074 1764 3144 γάρ
1789 3074 1908 3127 λίαν

327 3155 466 3230 ἦσαν
495 3162 602 3232 πρὸ
633 3162 734 3233 τῆς
765 3163 1003 3234 Χριστοῦ
1020 3163 1067 3194 ⁸⁸
1102 3164 1423 3234 παρουσίας.
1484 3185 1502 3217 ι
1545 3166 1655 3218 Kal
1692 3167 1793 3219 οὐκ
1826 3165 1906 3220 ἐτι

327 3254 537 3309 ἔσονται
579 3255 722 3327 λιμῷ
766 3256 1128 3327 ἀπολλύμενοι
1182 3258 1273 3310 ἐπὶ
1313 3258 1413 3327 τῆς
1458 3258 1583 3328 γῆς.
1625 3279 1643 3310 ι
1695 3260 1902 3330 namq,

328 3349 483 3417 φησὶ,
513 3348 892 3417 πνευματικῆς
919 3349 1319 3403 ἀπολαύσονται
1352 3351 1557 3420 τροφῆς
1580 3366 1594 3380 ·
1622 3349 1779 3420 λιμὸν
1799 3351 1907 3423 γὰρ

325 3438 559 3492 ἐνταῦθα
604 3438 698 3493 τοῦ
742 3439 904 3508 λόγου
933 3441 1030 3510 τὴν
1067 3441 1321 3512 στέρησιν
1371 3442 1626 3509 ὀνομάζει
1651 3483 1667 3503 ,
1716 3444 1774 3497 ὃν
1819 3445 1908 3499 διὰ

326 3529 432 3582 τῶν
472 3529 767 3602 προφητῶν
810 3532 1104 3601 ἠπείλησεν
1156 3532 1184 3584 ὀ
1228 3532 1360 3595 Θεός
1391 3549 1404 3562 ·
1464 3552 1481 3584 ι
1524 3534 1738 3600 Ἐπάξω
1775 3535 1904 3603 γάρ,

327 3622 512 3692 φησὶν.
532 3622 593 3675 ού
616 3620 773 3692 λιμὸν
802 3621 990 3689 ἄρτου,
1020 3621 1142 3675 οὐδὲ
1170 3622 1328 3691 δίψαν
1354 3621 1563 3688 ὕδατος,
1588 3624 1725 3677 ἀλλὰ
1750 3625 1906 3695 λιμὸν

324 3710 420 3766 τού
451 3712 685 3767 ἀκοῦσαι
715 3713 872 3778 λόγον
912 3696 1140 3785 Κυρίου.
1182 3733 1202 3767 ι
1250 3744 1319 3755 --
1362 3734 1380 3766 ι
1420 3713 1530 3768 Kal
1562 3715 1623 3767 ού
1655 3715 1730 3787 μὴ
1756 3717 1906 3785 ἐνέγ-

326 3821 496 3858 κωσιν
541 3804 622 3857 ἔτι
665 3804 965 3874 ὀνειδισμὸν
996 3805 1187 3858 ἐθνῶν.
1233 3824 1251 3857 ι
1308 3806 1417 3859 Καὶ
1454 3806 1616 3861 τοῦτο
1647 3807 1706 3860 δὲ
1745 3809 1906 3863 πάλιν

326 3896 417 3948 καὶ
442 3898 575 3965 ἡμῖν
604 3896 697 3948 καὶ
745 3896 1016 3959 Ἰουδαίοις
1045 3897 1307 3967 ἁρμόττει
1344 3912 1355 3925 ·
1406 3898 1569 3967 ἡμεῖς
1598 3915 1658 3950 τε
1687 3898 1796 3970 γάρ
1824 3901 1905 3962 εἰς

327 3985 531 4054 πλῆθος
555 3985 900 4056 αὐξηθέντες,
925 3985 1019 4038 καὶ
1041 3986 1139 4055 τὴν
1159 3986 1484 4058 οἰκουμένην
1505 3987 1901 4058 ἐμπλήσαντες,

322 4076 422 4127 οὐκ
446 4075 527 4128 ἔτι
555 4075 659 4128 ὑπὸ
683 4075 791 4127 τῶν
818 4078 875 4127 ἐν
905 4078 970 4146 τῇ
998 4074 1220 4147 ἀσεϐείᾳ
1248 4076 1640 4147 διαμεινάντων
1662 4079 1904 4145 ὀνειδιζό-

326 4166 485 4235 μεθα,
530 4165 667 4219 ἀλλά
712 4165 911 4236 μᾶλλον
953 4166 1407 4236 διαςθονούμεθα,
1441 4170 1534 4223 καὶ
1573 4169 1904 4241 ζηλοτυπού-

325 4259 465 4328 μεθα
489 4275 501 4287 ·
537 4260 632 4312 καὶ
672 4258 912 4312 Ἰουδαῖοι
938 4259 1077 4329 μετὰ
1099 4260 1195 4331 τὴν
1218 4261 1598 4324 Βαϐυλῶνος³³
1619 4263 1898 4331 ἐπάνοδον,

320 4352 418 4421 τῆς
459 4352 835 4421 αἰχμαλωσίας
870 4351 1296 4422 ἀπαλλαγέντες,
1341 4354 1401 4407 τὸ
1428 4355 1628 4408 οἰκεῖον
1670 4356 1901 4427 ἀνεκτή-

324 4457 487 4492 σαντο
513 4441 789 4510 φρόνημα.

387 4531 454 4585 λ’.
488 4533 597 4587 Καὶ
630 4533 984 4603 γνώσονται,
1025 4534 1114 4587 ὅτι
1144 4534 1259 4603 ἐγώ
1296 4537 1410 4603 εἰμι
1448 4537 1662 4604 Κύριος
1691 4540 1724 4591 ὁ
1756 4537 1900 4604 Θεὸς

320 4618 619 4681 αὖτῶνυ,
672 4619 769 4672 καὶ
804 4620 971 4673 αὐτοὶ
1019 4622 1169 4685 λαός
1196 4638 1315 4688 μου
1342 4660 1358 4685 ,
1419 4617 1586 4688 οἶκος
1631 4624 1900 4693 Ἰσραὴλ,

318 4707 481 4777 λέγει
542 4705 794 4761 Ἀδωνιιῒ
849 4709 1083 4774 Κύριος.
1158 4708 1479 4776 Ἀναγκαῖον
1531 4710 1901 4780 μνημονεῦσαι

319 4801 424 4854 τῶν
473 4800 567 4853 τοῦ
613 4800 935 4853 Ἀποστόλου
988 4801 1284 4871 ῥημάτων,
1317 4802 1398 4854 ὅτι
1435 4820 1452 4852 ι
1490 4802 1565 4854 Ού
1614 4804 1815 4866 πάντες
1843 4805 1897 4857 οἱ

318 4892 378 4960 ἐξ
422 4893 776 4965 Ἰερουσαλὴμ
802 4893 868 4957 ³⁷,
935 4888 1078 4947 οὗτοι
1148 4893 1407 4964 Ἰσραὴλ,
1479 4895 1589 4947 οὐδ’
1648 4897 1728 4948 ὅτι
1792 4896 1899 4948 εἰσὶ

2016 1879 2307 1949 consurgit
2332 1887 2394 1933 ut
2426 1878 2688 1949 princeps
2714 1879 2785 1934 sit
2817 1880 3059 1951 gentium
3101 1899 3113 1935 :
3158 1881 3214 1935 in
3258 1884 3381 1953 ipso
3406 1896 3605 1957 gentes

2017 1970 2337 2040 sperabunt,
2373 1977 2429 2024 et
2464 1969 2571 2024 erit
2599 1970 2821 2039 requies
2853 1971 2976 2040 ejus
3012 1973 3188 2031 honor
3226 1982 3249 2010 '
3294 1995 3315 2027 ι
3362 1976 3475 2033 lloc
3510 1978 3601 2033 Ain-

2016 2067 2333 2129 terpretans
2365 2058 2633 2114 Dominus
2661 2059 2799 2115 dixit
2844 2080 2857 2115 :
2896 2081 2914 2114 ι
2953 2062 3067 2134 Ego
3102 2080 3224 2120 sum
3276 2068 3404 2124 vitis
3447 2084 3596 2132 vera,

2015 2166 2114 2207 vos
2143 2151 2405 2220 palmites
2438 2153 2477 2205 ί.
2520 2171 2539 2205 ›
2579 2153 2644 2207 Ει
2685 2154 2741 2206 in
2773 2152 3020 2210 Canticis
3059 2157 3404 2213 canticorum
3444 2175 3598 2215 com-

2016 2242 2263 2312 perimus
2318 2257 2579 2312 sponsam
2628 2244 2906 2301 dicentem
2951 2264 2963 2299 :
3010 2266 3029 2299 ι
3072 2248 3226 2304 Sicut
3278 2253 3483 2308 malum
3544 2256 3599 2309 iu

2015 2333 2183 2403 lignis
2219 2333 2392 2397 silvae,
2424 2334 2507 2389 sic
2540 2350 2712 2405 nepos
2741 2352 2895 2392 meus
2928 2337 2984 2392 in
3019 2341 3199 2395 medio
3236 2342 3473 2399 ﬁliorum
3495 2353 3544 2398 ιι.
3574 2368 3595 2398 ο

2016 2423 2186 2494 Igitur
2220 2424 2310 2478 hic
2332 2441 2576 2496 quoque,
2605 2445 2627 2477 ι
2669 2427 2964 2484 Suscitaho
2995 2431 3098 2495 eis,
3118 2434 3323 2504 inquit,
3350 2436 3597 2505 plantam

2014 2518 2166 2587 pacis
2227 2518 2281 2573 in
2314 2534 2545 2583 nomen,
2589 2540 2607 2573 ι
2654 2520 2711 2575 id
2761 2529 2869 2586 est,
2908 2524 3332 2594 nobilissimam,
3391 2531 3598 2600 glorio-

2013 2624 2153 2673 sam,
2178 2610 2623 2666 celeberrimam.
2661 2611 2727 2666 Et
2766 2612 3005 2671 fortasse
3045 2618 3196 2671 aliud
3235 2635 3458 2691 quoque
3512 2626 3599 2677 in-

2011 2701 2132 2755 nuit
2159 2702 2361 2768 oratio,
2403 2703 2620 2758 scilicet
2659 2718 2688 2757 a
2718 2705 2907 2774 planta
2935 2722 3031 2763 eos
3062 2723 3264 2765 nomen
3298 2712 3597 2783 adepturos

2010 2808 2177 2848 esse:
2213 2810 2244 2849 a
2287 2793 2512 2850 Christo
2556 2797 2703 2851 enim
2740 2812 2935 2854 omnes
2979 2799 3054 2869 pii
3101 2800 3234 2855 dicti
3264 2803 3594 2860 Christiani.

2018 2903 2036 2935 ι
2074 2883 2141 2938 Et
2176 2900 2289 2940 non
2337 2887 2577 2956 amplius
2620 2887 2785 2958 975
2821 2900 2982 2945 erunt
3036 2893 3200 2960 pauci
3257 2908 3490 2950 numero
3542 2898 3597 2952 in

2011 2984 2180 3030 terra.
2224 2995 2243 3028 ι
2273 2976 2388 3032 Hoc
2420 2987 2505 3034 est
2531 2978 2630 3049 pii,
2673 2980 2768 3050 qui
2801 2980 3099 3036 admodum
3144 2985 3328 3055 exigui
3370 2986 3600 3043 fuerunt

2011 3074 2140 3121 ante
2192 3066 2402 3123 Christi
2454 3068 2775 3124 adventum.
2817 3089 2838 3121 ι
2874 3069 2941 3125 Et
2970 3087 3079 3127 non
3133 3077 3369 3145 amplius
3430 3094 3601 3135 erunt

1934 3139 1978 3198 (ἶ
2014 3159 2158 3216 fame
2205 3167 2501 3230 pereuntes
2574 3160 2632 3215 in
2666 3168 2834 3216 terra.
2880 3162 3125 3229 iOmni,
3183 3139 3384 3238 inquit,
3429 3173 3598 3240 spiri-

2011 3251 2147 3304 tuali
2178 3250 2432 3306 fruentur
2456 3252 2737 3307 alimento.
2777 3251 2876 3307 llic
2922 3255 3069 3309 enim
3101 3256 3295 3326 famem
3326 3262 3479 3316 verbi
3509 3263 3596 3316 in-

2010 3343 2314 3414 digentiam
2352 3351 2534 3407 vocat,
2563 3358 2728 3411 quam
2757 3359 2855 3412 per
2885 3347 3190 3416 pr0phetas
3225 3351 3467 3408 minatus
3511 3365 3598 3409 est

2010 3435 2177 3491 Deus.
2216 3452 2235 3484 ι
2271 3434 2536 3489 lnducam
2578 3434 2724 3489 enim
2762 3451 2871 3489 non
2909 3435 3107 3492 famem
3149 3441 3333 3509 panis,
3369 3443 3556 3513 inquit
3581 3486 3594 3502 .

2008 3541 2188 3596 neque
2217 3525 2368 3582 sitim
2413 3540 2593 3595 aqua),
2654 3526 2748 3581 sed
2807 3526 3011 3583 famem
3043 3531 3302 3591 audiendi
3366 3536 3592 3590 verbum

2012 3622 2225 3679 Domini
2248 3630 2296 3676 '.
2341 3641 2444 3673 ›-
2468 3640 2486 3671 ι
2528 3621 2596 3675 Et
2630 3637 2739 3676 non
2768 3625 3073 3692 portabunt
3121 3626 3358 3694 amplius
3386 3643 3595 3698 oppro-

2006 3713 2192 3768 brium
2221 3712 2494 3783 gentinm.
2531 3731 2551 3764 ι
2592 3712 2657 3766 Et.
2711 3712 2816 3769 hoc
2853 3729 3054 3771 rursus
3107 3724 3222 3770 tum
3259 3718 3446 3784 nobis,
3476 3728 3592 3773 tum

2006 3804 2217 3861 Iudaeis
2252 3806 2532 3861 convenit.
2573 3803 2686 3861 Nos
2719 3805 2868 3860 enim
2891 3806 2946 3860 in
2978 3807 3384 3869 multitudinem
3414 3812 3591 3873 aucti,

2008 3912 2132 3951 cum
2162 3895 2354 3951 orbem
2388 3904 2662 3950 terrarum
2691 3894 3178 3965 compleverimus,
3210 3912 3319 3952 non
3350 3901 3594 3970 amplius

2008 3989 2075 4044 ah
2115 3989 2206 4053 iis,
2236 3988 2418 4058 quiin
2477 3986 2762 4059 impietate
2816 3999 3276 4057 permanserunt,
3325 3992 3594 4046 conviciis

2007 4080 2298 4148 atlicimur,
2324 4082 2439 4136 imo
2473 4082 2658 4152 potius
2691 4081 3178 4148 nobisinvidetur,
3230 4092 3285 4139 et
3338 4084 3430 4138 alii
3490 4099 3593 4141 nos

2003 4177 2341 4231 aamulantur
2366 4194 2378 4230 :
2405 4175 2579 4232 Jndwi
2607 4192 2756 4243 vero,
2784 4187 2906 4248 post
2931 4177 3171 4233 reditum
3203 4193 3235 4232 e
3259 4177 3533 4248 Babylone
3559 4193 3588 4230 a

2004 4266 2324 4335 captivitate
2349 4266 2593 4330 liberati,
2632 4283 2788 4322 suam
2843 4267 3312 4323 existimationem
3364 4283 3588 4337 recepe-

2004 4363 2153 4410 ruut.

2074 4531 2241 4587 Vens.
2272 4530 2364 4585 50.
2400 4528 2468 4583 Et
2497 4539 2805 4600 cognoscent
2863 4545 2942 4582 me
2965 4545 3078 4583 esse
3108 4529 3393 4583 Dominum
3420 4531 3583 4585 Deum

2000 4624 2234 4690 ipsorum
2253 4662 2267 4686 ,
2299 4622 2439 4689 ipsos
2460 4636 2580 4675 vero
2604 4621 2854 4689 populum
2880 4636 3086 4684 meum;
3123 4618 3310 4672 domus
3337 4618 3582 4687 Israelis,

1998 4717 2127 4770 dicit
2157 4714 2369 4770 Adonai
2393 4713 2673 4767 Dominus.
2704 4711 3068 4767 Conunodum
3092 4710 3260 4766 fuerit
3286 4712 3581 4770 verborum

1999 4804 2252 4876 Apostoli
2305 4803 2651 4864 meminisse,
2686 4801 2972 4855 dicentis:
3014 4822 3031 4853 ι
3072 4800 3193 4855 Νοη
3240 4817 3437 4859 omnes
3484 4804 3581 4875 qui

1998 4912 2063 4950 ex
2097 4895 2504 4960 Hierosolyma,
2538 4892 2572 4945 ii
2620 4892 2809 4953 Israel,
2843 4906 3025 4960 neque
3064 4891 3193 4961 quia
3228 4899 3360 4947 sunt
3391 4908 3579 4949 semen

321 4986 542 5056 σπέρμα
599 4984 886 5057 Ἁϐραάμ,
933 4986 1133 5047 πάντες
1179 4986 1366 5040 τέκνα.
1414 5006 1431 5038 ι
1468 4989 1791 5058 Προσθείναι
1839 4991 1897 5043 δὲ

2019 4988 2323 5052 tbrahami,
2359 5000 2552 5040 omnes
2588 4984 2683 5039 lilii
2717 4993 2766 5036 κ.
2802 5003 2819 5034 ι
2845 4983 2924 5038 Ad
2953 5000 3076 5054 quas
3113 4985 3315 5043 addere
3362 4994 3579 5058 oportet

388 5173 416 5212 ι)
436 5162 582 5217 Psal.
613 5177 758 5216 οτι-ιι
802 5204 816 5228 ,
842 5163 895 5217 8.

320 5242 345 5271 ν
379 5236 548 5290 Amos
587 5248 703 5297 Vlll,
733 5234 788 5286 2.
871 5247 895 5273 κ
940 5231 1097 5287 llom.
1135 5247 1210 5297 Ix,
1244 5233 1296 5295 ϋ,
1333 5232 1383 5283 7.

1001 5172 1028 5211 ιι
1059 5160 1201 5216 Psal.
1258 5176 1443 5227 cxvu,
1500 5163 1585 5217 lt).
1669 5176 1688 5201 τ
1726 5164 1828 5218 lsa.
1869 5181 1929 5230 ιι,
1973 5132 2097 5227 1,2;
2177 5171 2199 5199 ι
2239 5163 2370 5218 ibid.
2417 5163 2503 5215 ιο.

2614 5165 2631 5197 ι
2659 5160 2820 5215 Joan.
2856 5178 2943 5226 xv,
2978 5162 3030 5215 5.
3158 5176 3185 5202 υ
3217 5162 3374 5219 Cant.
3412 5179 3477 5231 ll,
3518 5164 3571 5216 5.

1595 5366 1830 5443 unum
1857 5362 2262 5419 LECTIGNES.

387 5489 435 5522 “
470 5491 514 5542 Α
542 5491 621 5544 ἐν.
698 5489 742 5520 ⁸³
782 5490 885 5558 sip.
926 5487 1049 5543 Des.
1084 5488 1138 5541 in
1166 5487 1329 5543 Hebr.
1407 5488 1451 5519 δε
1491 5489 1571 5550 εἰς
1589 5488 1666 5541 δν.
1702 5487 1825 5541 Des.
1852 5487 1907 5540 in

2088 5484 2129 5558 ⁸7
2173 5501 2337 5558 προφ.
2373 5484 2485 5558 λέγ.
2526 5485 2896 5558 Βεπρολέγειη
2929 5487 2993 5558 λ⁸³
3034 5487 3177 5555 ἄμπ.
3218 5481 3481 5558 Πυργωιῃ.
3516 5482 3569 5550 ή.

319 5559 364 5629 ff
395 5562 429 5629 ἡ
463 5560 549 5613 ἀλ.
590 5559 819 5629 Advers.
850 5560 873 5612 l
903 5598 916 5618 ,
950 5559 1053 5611 Ioc.
1088 5559 1182 5613 cit.

1221 5558 1475 5628 pertinet.

323 5623 365 5653 ³¹
401 5623 496 5682 καὶ
540 5659 607 5670 -—
639 5627 891 5699 γῇηυυε.
926 5629 980 5699 in
1014 5629 1176 5699 Hebr.

1578 5559 1623 5589 '°
1663 5560 1704 5610 Β
1735 5558 2032 5623 άδελφιδός.

1307 5628 1352 5660 ⁵³
1391 5630 1468 5682 ἐν.
1505 5625 1577 5680 Ex
1608 5628 1647 5680 Α
1682 5637 1736 5681 et
1765 5627 1804 5679 Β
1837 5628 2019 5695 suppl.

2112 5556 2151 5585 ³³
2196 5549 2303 5623 Χρζ
2336 5549 2555 5616 πάντες.
2591 5549 2663 5607 Ita
2694 5555 2734 5607 B
2758 5549 2897 5612 [sed
2928 5549 3143 5607 inverso
3176 5551 3368 5605 ordine
3403 5549 3568 5623 Sirui.

2131 5626 2178 5655 ⁸⁵
2216 5621 2317 5695 Χρ,
2366 5624 2404 5676 Β
2438 5640 2625 5695 puum.
2669 5624 2783 5678 τοῦ.
2897 5624 2941 5654 ⁵⁸
2982 5624 3111 5676 Βαϐ.
3142 5623 3181 5675 Β
3215 5636 3405 5691 prtem.
3442 5621 3569 5676 ἀπὸ.

323 5698 366 5727 δ”
398 5699 598 5763 αὐτῶν.
629 5694 821 5753 Βὶιάᾱ.
853 5698 968 5768 μετ’
996 5698 1192 5751 αὐτῶν.
1268 5699 1311 5729 ⁵⁷
1365 5699 1587 5766 Ἰερουσ.
1625 5699 1754 5754 Rec.
1787 5694 1921 5753 lectii

2019 5710 2093 5750 )c.
2126 5695 2219 5751 cit.
2253 5704 2333 5750 est
2383 5694 2615 5763 Ἰσραήλ,
