  <div class='ocr_page' id='page_1' title='image "/cluster/home/n/w/nwhite01/storage/ocr_20150623/81/mdp.39015078384339/607.png"; bbox 0 0 3860 6206; ppageno 0'>
   <div class='ocr_carea' id='block_1_1' title="bbox 263 301 397 366">
    <p class='ocr_par' dir='ltr' id='par_1_1' title="bbox 263 301 397 366">
     <span class='ocr_line' id='line_1_1' title="bbox 263 301 397 366; baseline -0.03 0"><span class='ocrx_word' id='word_1_1' title='bbox 263 301 397 366; x_wconf 73' lang='grc' dir='ltr'><strong>11θῖ</strong></span> 
     </span>
    </p>
   </div>
   <div class='ocr_carea' id='block_1_2' title="bbox 1241 296 2474 361">
    <p class='ocr_par' dir='ltr' id='par_1_2' title="bbox 1241 296 2474 361">
     <span class='ocr_line' id='line_1_2' title="bbox 1241 296 2474 361; baseline -0.001 -3"><span class='ocrx_word' id='word_1_2' title='bbox 1241 300 1724 360; x_wconf 84' lang='lat' dir='ltr'><strong>THEODORETI</strong></span> <span class='ocrx_word' id='word_1_3' title='bbox 1751 298 2089 359; x_wconf 84' lang='lat' dir='ltr'><strong>EPISCOPI</strong></span> <span class='ocrx_word' id='word_1_4' title='bbox 2112 296 2474 361; x_wconf 74' lang='lat' dir='ltr'><strong>CYRENSIS</strong></span> 
     </span>
    </p>
   </div>
   <div class='ocr_carea' id='block_1_3' title="bbox 3335 293 3475 381">
    <p class='ocr_par' dir='ltr' id='par_1_3' title="bbox 3335 293 3475 381">
     <span class='ocr_line' id='line_1_3' title="bbox 3335 293 3475 381; baseline 0.007 -23"><span class='ocrx_word' id='word_1_5' title='bbox 3335 293 3475 381; x_wconf 71' lang='lat' dir='ltr'><strong>uss</strong></span> 
     </span>
    </p>
   </div>
   <div class='ocr_carea' id='block_1_4' title="bbox 261 407 1843 485">
    <p class='ocr_par' dir='ltr' id='par_1_4' title="bbox 261 408 1835 480">
     <span class='ocr_line' id='line_1_4' title="bbox 261 408 1835 480; baseline -0.001 -13"><span class='ocrx_word' id='word_1_6' title='bbox 261 428 343 469; x_wconf 84' lang='lat' dir='ltr'><strong>ea.</strong></span> <span class='ocrx_word' id='word_1_7' title='bbox 371 427 491 479; x_wconf 73' lang='lat' dir='ltr'><strong>quae</strong></span> <span class='ocrx_word' id='word_1_8' title='bbox 525 427 554 465; x_wconf 79' lang='grc' dir='ltr'><strong>ιι</strong></span> <span class='ocrx_word' id='word_1_9' title='bbox 593 412 782 466; x_wconf 66' lang='lat' dir='ltr'><strong>divino</strong></span> <span class='ocrx_word' id='word_1_10' title='bbox 809 410 1023 464; x_wconf 80' lang='lat' dir='ltr'><strong>Joanne</strong></span> <span class='ocrx_word' id='word_1_11' title='bbox 1051 408 1299 480; x_wconf 83' lang='lat' dir='ltr'><strong>Daptista</strong></span> <span class='ocrx_word' id='word_1_12' title='bbox 1322 410 1639 467; x_wconf 72' lang='lat' dir='ltr'><strong>&#39;Pltariszeis</strong></span> <span class='ocrx_word' id='word_1_13' title='bbox 1679 411 1835 466; x_wconf 80' lang='lat' dir='ltr'><strong>fuere</strong></span> 
     </span>
    </p>
   </div>
   <div class='ocr_carea' id='block_1_5' title="bbox 1949 407 3474 485">
    <p class='ocr_par' dir='ltr' id='par_1_5' title="bbox 1949 407 3474 485">
     <span class='ocr_line' id='line_1_5' title="bbox 1949 407 3474 485; baseline 0.001 -22"><span class='ocrx_word' id='word_1_14' title='bbox 1949 411 2148 477; x_wconf 75' lang='grc' dir='ltr'><strong>τούτοις</strong></span> <span class='ocrx_word' id='word_1_15' title='bbox 2186 414 2452 485; x_wconf 80' lang='grc' dir='ltr'>προσήκει</span> <span class='ocrx_word' id='word_1_16' title='bbox 2502 411 2596 466; x_wconf 73' lang='grc' dir='ltr'>τοῦ</span> <span class='ocrx_word' id='word_1_17' title='bbox 2644 407 2933 464; x_wconf 77' lang='grc' dir='ltr'>θεσπεσίου</span> <span class='ocrx_word' id='word_1_18' title='bbox 2977 407 3223 463; x_wconf 73' lang='grc' dir='ltr'>Ἰωάννου</span> <span class='ocrx_word' id='word_1_19' title='bbox 3256 411 3343 464; x_wconf 81' lang='grc' dir='ltr'>τοῦ</span> <span class='ocrx_word' id='word_1_20' title='bbox 3375 412 3474 463; x_wconf 77' lang='grc' dir='ltr'><strong>Βα-</strong></span> 
     </span>
    </p>
   </div>
   <div class='ocr_carea' id='block_1_6' title="bbox 206 501 1835 572">
    <p class='ocr_par' dir='ltr' id='par_1_6' title="bbox 206 501 1835 572">
     <span class='ocr_line' id='line_1_6' title="bbox 206 501 1835 572; baseline 0.001 -14"><span class='ocrx_word' id='word_1_21' title='bbox 206 540 212 547; x_wconf 58' lang='lat'><strong>.</strong></span> <span class='ocrx_word' id='word_1_22' title='bbox 261 509 407 559; x_wconf 84' lang='lat' dir='ltr'><strong>dicta</strong></span> <span class='ocrx_word' id='word_1_23' title='bbox 449 524 460 558; x_wconf 86' lang='lat'><strong>:</strong></span> <span class='ocrx_word' id='word_1_24' title='bbox 498 523 516 556; x_wconf 78' lang='grc' dir='ltr'><strong>ι</strong></span> <span class='ocrx_word' id='word_1_25' title='bbox 558 503 747 558; x_wconf 88' lang='lat' dir='ltr'><strong>Potest</strong></span> <span class='ocrx_word' id='word_1_26' title='bbox 781 502 922 557; x_wconf 84' lang='lat' dir='ltr'><strong>Deus</strong></span> <span class='ocrx_word' id='word_1_27' title='bbox 963 501 1029 557; x_wconf 92' lang='lat' dir='ltr'><strong>dc</strong></span> <span class='ocrx_word' id='word_1_28' title='bbox 1063 502 1340 572; x_wconf 74' lang='lat' dir='ltr'><strong>lapidibus</strong></span> <span class='ocrx_word' id='word_1_29' title='bbox 1380 502 1504 558; x_wconf 85' lang='lat' dir='ltr'><strong>istis</strong></span> <span class='ocrx_word' id='word_1_30' title='bbox 1561 505 1835 560; x_wconf 88' lang='lat' dir='ltr'><strong>suscitare</strong></span> 
     </span>
    </p>
   </div>
   <div class='ocr_carea' id='block_1_7' title="bbox 265 592 1834 665">
    <p class='ocr_par' dir='ltr' id='par_1_7' title="bbox 265 592 1834 665">
     <span class='ocr_line' id='line_1_7' title="bbox 265 592 1834 665; baseline -0.001 -13"><span class='ocrx_word' id='word_1_31' title='bbox 265 600 404 652; x_wconf 92' lang='lat' dir='ltr'><strong>ﬁlios</strong></span> <span class='ocrx_word' id='word_1_32' title='bbox 448 596 821 651; x_wconf 67' lang='lat' dir='ltr'><strong>Abrahamor.</strong></span> <span class='ocrx_word' id='word_1_33' title='bbox 884 613 902 644; x_wconf 77' lang='grc' dir='ltr'><strong>ι</strong></span> <span class='ocrx_word' id='word_1_34' title='bbox 955 592 1033 647; x_wconf 84' lang='lat' dir='ltr'><strong>Ex</strong></span> <span class='ocrx_word' id='word_1_35' title='bbox 1092 595 1296 664; x_wconf 82' lang='lat' dir='ltr'><strong>quibus</strong></span> <span class='ocrx_word' id='word_1_36' title='bbox 1353 595 1707 665; x_wconf 87' lang='lat' dir='ltr'><strong>perspicuum</strong></span> <span class='ocrx_word' id='word_1_37' title='bbox 1751 604 1834 652; x_wconf 89' lang='lat' dir='ltr'><strong>est</strong></span> 
     </span>
    </p>
   </div>
   <div class='ocr_carea' id='block_1_8' title="bbox 264 687 1832 756">
    <p class='ocr_par' dir='ltr' id='par_1_8' title="bbox 264 687 1832 756">
     <span class='ocr_line' id='line_1_8' title="bbox 264 687 1832 756; baseline -0.001 -13"><span class='ocrx_word' id='word_1_38' title='bbox 264 707 455 746; x_wconf 84' lang='lat' dir='ltr'><strong>onmes</strong></span> <span class='ocrx_word' id='word_1_39' title='bbox 502 690 665 742; x_wconf 88' lang='lat' dir='ltr'><strong>illos&#39;</strong></span> <span class='ocrx_word' id='word_1_40' title='bbox 700 688 794 756; x_wconf 90' lang='lat' dir='ltr'><strong>qui</strong></span> <span class='ocrx_word' id='word_1_41' title='bbox 829 687 1087 753; x_wconf 85' lang='lat' dir='ltr'><strong>credunt,</strong></span> <span class='ocrx_word' id='word_1_42' title='bbox 1150 696 1206 741; x_wconf 91' lang='lat' dir='ltr'><strong>et</strong></span> <span class='ocrx_word' id='word_1_43' title='bbox 1256 694 1539 742; x_wconf 89' lang='lat' dir='ltr'><strong>auctorem</strong></span> <span class='ocrx_word' id='word_1_44' title='bbox 1586 688 1832 742; x_wconf 88' lang='lat' dir='ltr'><strong>omnium</strong></span> 
     </span>
    </p>
   </div>
   <div class='ocr_carea' id='block_1_9' title="bbox 264 779 1837 851">
    <p class='ocr_par' dir='ltr' id='par_1_9' title="bbox 264 779 1837 851">
     <span class='ocr_line' id='line_1_9' title="bbox 264 779 1837 851; baseline -0.003 -14"><span class='ocrx_word' id='word_1_45' title='bbox 264 798 447 840; x_wconf 88' lang='lat' dir='ltr'><strong>rerum</strong></span> <span class='ocrx_word' id='word_1_46' title='bbox 482 780 646 836; x_wconf 91' lang='lat' dir='ltr'><strong>Deum</strong></span> <span class='ocrx_word' id='word_1_47' title='bbox 682 795 777 849; x_wconf 87' lang='lat' dir='ltr'><strong>per</strong></span> <span class='ocrx_word' id='word_1_48' title='bbox 810 779 990 841; x_wconf 86' lang='lat' dir='ltr'><strong>ﬁdem.</strong></span> <span class='ocrx_word' id='word_1_49' title='bbox 1026 789 1293 849; x_wconf 88' lang='lat' dir='ltr'><strong>quantum</strong></span> <span class='ocrx_word' id='word_1_50' title='bbox 1338 795 1366 832; x_wconf 90' lang='lat' dir='ltr'><strong>a</strong></span> <span class='ocrx_word' id='word_1_51' title='bbox 1398 781 1559 836; x_wconf 89' lang='lat' dir='ltr'><strong>nobis</strong></span> <span class='ocrx_word' id='word_1_52' title='bbox 1583 780 1701 836; x_wconf 84' lang='lat' dir='ltr'><strong>ﬁeri</strong></span> <span class='ocrx_word' id='word_1_53' title='bbox 1738 794 1837 851; x_wconf 85' lang='lat' dir='ltr'><strong>po-</strong></span> 
     </span>
    </p>
   </div>
   <div class='ocr_carea' id='block_1_10' title="bbox 265 868 1833 940">
    <p class='ocr_par' dir='ltr' id='par_1_10' title="bbox 265 868 1833 940">
     <span class='ocr_line' id='line_1_10' title="bbox 265 868 1833 940; baseline -0.002 -12"><span class='ocrx_word' id='word_1_54' title='bbox 265 884 392 939; x_wconf 84' lang='lat' dir='ltr'><strong>test,</strong></span> <span class='ocrx_word' id='word_1_55' title='bbox 427 873 634 937; x_wconf 82' lang='lat' dir='ltr'><strong>videut,</strong></span> <span class='ocrx_word' id='word_1_56' title='bbox 678 871 851 925; x_wconf 83' lang='lat' dir='ltr'><strong>Israel</strong></span> <span class='ocrx_word' id='word_1_57' title='bbox 899 873 1207 940; x_wconf 85' lang='lat' dir='ltr'><strong>nuncupari</strong></span> <span class='ocrx_word' id='word_1_58' title='bbox 1243 890 1255 924; x_wconf 90' lang='lat'>:</span> <span class='ocrx_word' id='word_1_59' title='bbox 1290 868 1393 926; x_wconf 84' lang='lat' dir='ltr'><strong>hoc</strong></span> <span class='ocrx_word' id='word_1_60' title='bbox 1431 872 1580 927; x_wconf 88' lang='lat' dir='ltr'><strong>enim</strong></span> <span class='ocrx_word' id='word_1_61' title='bbox 1627 887 1833 927; x_wconf 83' lang='lat' dir='ltr'><strong>nomen</strong></span> 
     </span>
    </p>
   </div>
   <div class='ocr_carea' id='block_1_11' title="bbox 265 963 1838 1034">
    <p class='ocr_par' dir='ltr' id='par_1_11' title="bbox 265 963 1838 1034">
     <span class='ocr_line' id='line_1_11' title="bbox 265 963 1838 1034; baseline 0.001 -15"><span class='ocrx_word' id='word_1_62' title='bbox 265 969 445 1023; x_wconf 86' lang='lat' dir='ltr'><strong>insum</strong></span> <span class='ocrx_word' id='word_1_63' title='bbox 484 964 709 1019; x_wconf 86' lang='lat' dir='ltr'><strong>indicat.</strong></span> <span class='ocrx_word' id='word_1_64' title='bbox 741 963 806 1017; x_wconf 82' lang='lat' dir='ltr'><strong>Et</strong></span> <span class='ocrx_word' id='word_1_65' title='bbox 840 964 951 1017; x_wconf 89' lang='lat' dir='ltr'><strong>illis</strong></span> <span class='ocrx_word' id='word_1_66' title='bbox 981 964 1202 1033; x_wconf 84' lang='lat' dir='ltr'><strong>quidem</strong></span> <span class='ocrx_word' id='word_1_67' title='bbox 1235 964 1338 1017; x_wconf 93' lang='lat' dir='ltr'><strong>hoc</strong></span> <span class='ocrx_word' id='word_1_68' title='bbox 1365 964 1563 1019; x_wconf 88' lang='lat' dir='ltr'><strong>accidit</strong></span> <span class='ocrx_word' id='word_1_69' title='bbox 1595 972 1717 1034; x_wconf 88' lang='lat' dir='ltr'><strong>post</strong></span> <span class='ocrx_word' id='word_1_70' title='bbox 1752 980 1838 1020; x_wconf 87' lang='lat' dir='ltr'><strong>re-</strong></span> 
     </span>
    </p>
   </div>
   <div class='ocr_carea' id='block_1_12' title="bbox 264 1054 1838 1129">
    <p class='ocr_par' dir='ltr' id='par_1_12' title="bbox 264 1054 1838 1129">
     <span class='ocr_line' id='line_1_12' title="bbox 264 1054 1838 1129; baseline 0.003 -21"><span class='ocrx_word' id='word_1_71' title='bbox 264 1060 438 1110; x_wconf 80' lang='lat' dir='ltr'><strong>ditum</strong></span> <span class='ocrx_word' id='word_1_72' title='bbox 471 1075 483 1109; x_wconf 93' lang='lat'>:</span> <span class='ocrx_word' id='word_1_73' title='bbox 526 1055 685 1110; x_wconf 88' lang='lat' dir='ltr'><strong>nobis</strong></span> <span class='ocrx_word' id='word_1_74' title='bbox 714 1054 890 1125; x_wconf 72' lang='lat' dir='ltr'><strong>magis</strong></span> <span class='ocrx_word' id='word_1_75' title='bbox 924 1056 1146 1125; x_wconf 83' lang='lat' dir='ltr'><strong>proprie</strong></span> <span class='ocrx_word' id='word_1_76' title='bbox 1177 1056 1468 1127; x_wconf 79' lang='lat' dir='ltr'><strong>veriusque</strong></span> <span class='ocrx_word' id='word_1_77' title='bbox 1510 1057 1676 1129; x_wconf 77' lang='lat'><strong>976</strong></span> <span class='ocrx_word' id='word_1_78' title='bbox 1701 1073 1838 1112; x_wconf 86' lang='lat' dir='ltr'><strong>cou-</strong></span> 
     </span>
    </p>
   </div>
   <div class='ocr_carea' id='block_1_13' title="bbox 261 1146 1833 1217">
    <p class='ocr_par' dir='ltr' id='par_1_13' title="bbox 261 1146 1833 1217">
     <span class='ocr_line' id='line_1_13' title="bbox 261 1146 1833 1217; baseline -0.001 -16"><span class='ocrx_word' id='word_1_79' title='bbox 261 1147 409 1201; x_wconf 69' lang='lat' dir='ltr'><strong>venit</strong></span> <span class='ocrx_word' id='word_1_80' title='bbox 440 1146 747 1217; x_wconf 79' lang='lat' dir='ltr'><strong>prophetia,</strong></span> <span class='ocrx_word' id='word_1_81' title='bbox 789 1146 1014 1216; x_wconf 82' lang='lat' dir='ltr'><strong>quando</strong></span> <span class='ocrx_word' id='word_1_82' title='bbox 1067 1162 1175 1200; x_wconf 91' lang='lat' dir='ltr'><strong>non</strong></span> <span class='ocrx_word' id='word_1_83' title='bbox 1226 1147 1395 1217; x_wconf 88' lang='lat' dir='ltr'><strong>ﬁgura</strong></span> <span class='ocrx_word' id='word_1_84' title='bbox 1434 1157 1625 1203; x_wconf 87' lang='lat' dir='ltr'><strong>nostra</strong></span> <span class='ocrx_word' id='word_1_85' title='bbox 1681 1156 1833 1215; x_wconf 87' lang='lat' dir='ltr'><strong>sunt,</strong></span> 
     </span>
    </p>
   </div>
   <div class='ocr_carea' id='block_1_14' title="bbox 263 1235 626 1291">
    <p class='ocr_par' dir='ltr' id='par_1_14' title="bbox 263 1235 626 1291">
     <span class='ocr_line' id='line_1_14' title="bbox 263 1235 626 1291; baseline -0.008 0"><span class='ocrx_word' id='word_1_86' title='bbox 263 1236 359 1291; x_wconf 88' lang='lat' dir='ltr'><strong>scd</strong></span> <span class='ocrx_word' id='word_1_87' title='bbox 402 1235 626 1291; x_wconf 83' lang='lat' dir='ltr'><strong>veritas.</strong></span> 
     </span>
    </p>
   </div>
   <div class='ocr_carea' id='block_1_15' title="bbox 332 1415 1839 1484">
    <p class='ocr_par' dir='ltr' id='par_1_15' title="bbox 332 1415 1839 1484">
     <span class='ocr_line' id='line_1_15' title="bbox 332 1415 1839 1484; baseline -0.004 -11"><span class='ocrx_word' id='word_1_88' title='bbox 332 1417 497 1473; x_wconf 72' lang='lat' dir='ltr'><strong>Vens.</strong></span> <span class='ocrx_word' id='word_1_89' title='bbox 532 1417 621 1471; x_wconf 77' lang='lat'><strong>5|.</strong></span> <span class='ocrx_word' id='word_1_90' title='bbox 654 1415 722 1469; x_wconf 87' lang='lat' dir='ltr'><strong>Et</strong></span> <span class='ocrx_word' id='word_1_91' title='bbox 756 1431 843 1469; x_wconf 84' lang='lat' dir='ltr'><strong>vos</strong></span> <span class='ocrx_word' id='word_1_92' title='bbox 876 1430 991 1470; x_wconf 82' lang='lat' dir='ltr'><strong>oves</strong></span> <span class='ocrx_word' id='word_1_93' title='bbox 1016 1431 1160 1481; x_wconf 73' lang='lat' dir='ltr'><strong>mete,</strong></span> <span class='ocrx_word' id='word_1_94' title='bbox 1192 1415 1394 1484; x_wconf 87' lang='lat' dir='ltr'><strong>inquit,</strong></span> <span class='ocrx_word' id='word_1_95' title='bbox 1434 1425 1481 1467; x_wconf 88' lang='lat' dir='ltr'><strong>et</strong></span> <span class='ocrx_word' id='word_1_96' title='bbox 1511 1430 1624 1468; x_wconf 74' lang='lat' dir='ltr'><strong>oves</strong></span> <span class='ocrx_word' id='word_1_97' title='bbox 1656 1415 1839 1483; x_wconf 78' lang='lat' dir='ltr'><strong>pascui</strong></span> 
     </span>
    </p>
   </div>
   <div class='ocr_carea' id='block_1_16' title="bbox 263 1505 1837 1577">
    <p class='ocr_par' dir='ltr' id='par_1_16' title="bbox 263 1505 1837 1577">
     <span class='ocr_line' id='line_1_16' title="bbox 263 1505 1837 1577; baseline -0.003 -14"><span class='ocrx_word' id='word_1_98' title='bbox 263 1511 382 1565; x_wconf 79' lang='lat' dir='ltr'><strong>mei.</strong></span> <span class='ocrx_word' id='word_1_99' title='bbox 409 1507 829 1577; x_wconf 58' lang='lat' dir='ltr'><strong>Ostendeustlue</strong></span> <span class='ocrx_word' id='word_1_100' title='bbox 848 1522 954 1559; x_wconf 86' lang='lat' dir='ltr'><strong>non</strong></span> <span class='ocrx_word' id='word_1_101' title='bbox 979 1508 1156 1561; x_wconf 87' lang='lat' dir='ltr'><strong>solum</strong></span> <span class='ocrx_word' id='word_1_102' title='bbox 1190 1522 1248 1561; x_wconf 90' lang='lat' dir='ltr'><strong>se</strong></span> <span class='ocrx_word' id='word_1_103' title='bbox 1271 1521 1394 1560; x_wconf 86' lang='lat' dir='ltr'><strong>cum</strong></span> <span class='ocrx_word' id='word_1_104' title='bbox 1424 1505 1631 1561; x_wconf 80' lang='lat' dir='ltr'><strong>Israele</strong></span> <span class='ocrx_word' id='word_1_105' title='bbox 1661 1507 1837 1561; x_wconf 90' lang='lat' dir='ltr'><strong>collo-</strong></span> 
     </span>
    </p>
   </div>
   <div class='ocr_carea' id='block_1_17' title="bbox 260 1598 1842 1673">
    <p class='ocr_par' dir='ltr' id='par_1_17' title="bbox 260 1598 1842 1673">
     <span class='ocr_line' id='line_1_17' title="bbox 260 1598 1842 1673; baseline -0.002 -18"><span class='ocrx_word' id='word_1_106' title='bbox 260 1603 377 1673; x_wconf 77' lang='lat' dir='ltr'><strong>qui,</strong></span> <span class='ocrx_word' id='word_1_107' title='bbox 413 1599 507 1656; x_wconf 90' lang='lat' dir='ltr'><strong>sed</strong></span> <span class='ocrx_word' id='word_1_108' title='bbox 554 1614 682 1652; x_wconf 92' lang='lat' dir='ltr'><strong>cum</strong></span> <span class='ocrx_word' id='word_1_109' title='bbox 735 1599 883 1653; x_wconf 90' lang='lat' dir='ltr'><strong>omni</strong></span> <span class='ocrx_word' id='word_1_110' title='bbox 948 1598 1184 1651; x_wconf 88' lang='lat' dir='ltr'><strong>humana</strong></span> <span class='ocrx_word' id='word_1_111' title='bbox 1248 1608 1468 1661; x_wconf 86' lang='lat' dir='ltr'><strong>natura,</strong></span> <span class='ocrx_word' id='word_1_112' title='bbox 1516 1598 1842 1652; x_wconf 88' lang='lat' dir='ltr'><strong>necessario</strong></span> 
     </span>
    </p>
   </div>
   <div class='ocr_carea' id='block_1_18' title="bbox 262 1688 1841 1765">
    <p class='ocr_par' dir='ltr' id='par_1_18' title="bbox 262 1688 1841 1765">
     <span class='ocr_line' id='line_1_18' title="bbox 262 1688 1841 1765; baseline -0.001 -18"><span class='ocrx_word' id='word_1_113' title='bbox 262 1694 520 1765; x_wconf 87' lang='lat' dir='ltr'><strong>apposuit</strong></span> <span class='ocrx_word' id='word_1_114' title='bbox 552 1711 564 1745; x_wconf 89' lang='lat'><strong>:</strong></span> <span class='ocrx_word' id='word_1_115' title='bbox 604 1709 621 1741; x_wconf 76' lang='grc' dir='ltr'><strong>ι</strong></span> <span class='ocrx_word' id='word_1_116' title='bbox 666 1690 930 1745; x_wconf 84' lang='lat' dir='ltr'><strong>Homines</strong></span> <span class='ocrx_word' id='word_1_117' title='bbox 957 1691 1114 1755; x_wconf 84' lang='lat' dir='ltr'><strong>estis,</strong></span> <span class='ocrx_word' id='word_1_118' title='bbox 1151 1698 1205 1745; x_wconf 91' lang='lat' dir='ltr'><strong>et</strong></span> <span class='ocrx_word' id='word_1_119' title='bbox 1238 1705 1338 1760; x_wconf 86' lang='lat' dir='ltr'><strong>ego</strong></span> <span class='ocrx_word' id='word_1_120' title='bbox 1384 1688 1650 1744; x_wconf 88' lang='lat' dir='ltr'><strong>Dominus</strong></span> <span class='ocrx_word' id='word_1_121' title='bbox 1695 1689 1841 1745; x_wconf 85' lang='lat' dir='ltr'><strong>Deus</strong></span> 
     </span>
    </p>
   </div>
   <div class='ocr_carea' id='block_1_19' title="bbox 260 1779 1843 1847">
    <p class='ocr_par' dir='ltr' id='par_1_19' title="bbox 260 1779 1843 1847">
     <span class='ocr_line' id='line_1_19' title="bbox 260 1779 1843 1847; baseline -0.003 -7"><span class='ocrx_word' id='word_1_122' title='bbox 260 1793 463 1847; x_wconf 74' lang='lat' dir='ltr'><strong>vester,</strong></span> <span class='ocrx_word' id='word_1_123' title='bbox 522 1783 657 1837; x_wconf 83' lang='lat' dir='ltr'><strong>dicit</strong></span> <span class='ocrx_word' id='word_1_124' title='bbox 695 1782 906 1836; x_wconf 81' lang='lat' dir='ltr'><strong>Adonai</strong></span> <span class='ocrx_word' id='word_1_125' title='bbox 952 1781 1241 1837; x_wconf 89' lang='lat' dir='ltr'><strong>Dominus.</strong></span> <span class='ocrx_word' id='word_1_126' title='bbox 1273 1800 1292 1833; x_wconf 71' lang='grc' dir='ltr'><strong>ι</strong></span> <span class='ocrx_word' id='word_1_127' title='bbox 1322 1779 1431 1836; x_wconf 83' lang='lat' dir='ltr'><strong>Vos</strong></span> <span class='ocrx_word' id='word_1_128' title='bbox 1459 1781 1604 1835; x_wconf 87' lang='lat' dir='ltr'><strong>enim</strong></span> <span class='ocrx_word' id='word_1_129' title='bbox 1641 1796 1669 1834; x_wconf 91' lang='lat' dir='ltr'><strong>a</strong></span> <span class='ocrx_word' id='word_1_130' title='bbox 1710 1781 1843 1835; x_wconf 81' lang='lat' dir='ltr'><strong>feri-</strong></span> 
     </span>
    </p>
   </div>
   <div class='ocr_carea' id='block_1_20' title="bbox 261 1874 1843 1934">
    <p class='ocr_par' dir='ltr' id='par_1_20' title="bbox 261 1874 1843 1934">
     <span class='ocr_line' id='line_1_20' title="bbox 261 1874 1843 1934; baseline -0.004 -1"><span class='ocrx_word' id='word_1_131' title='bbox 261 1885 376 1934; x_wconf 69' lang='lat' dir='ltr'><strong>tate</strong></span> <span class='ocrx_word' id='word_1_132' title='bbox 403 1874 622 1932; x_wconf 85' lang='lat' dir='ltr'><strong>liberati</strong></span> <span class='ocrx_word' id='word_1_133' title='bbox 654 1874 1074 1930; x_wconf 89' lang='lat' dir='ltr'><strong>convenientem</strong></span> <span class='ocrx_word' id='word_1_134' title='bbox 1129 1874 1414 1928; x_wconf 90' lang='lat' dir='ltr'><strong>hominum</strong></span> <span class='ocrx_word' id='word_1_135' title='bbox 1467 1882 1680 1927; x_wconf 70' lang='lat' dir='ltr'><strong>natura:</strong></span> <span class='ocrx_word' id='word_1_136' title='bbox 1713 1888 1843 1929; x_wconf 85' lang='lat' dir='ltr'><strong>sen-</strong></span> 
     </span>
    </p>
   </div>
   <div class='ocr_carea' id='block_1_21' title="bbox 262 1963 1844 2038">
    <p class='ocr_par' dir='ltr' id='par_1_21' title="bbox 262 1963 1844 2038">
     <span class='ocr_line' id='line_1_21' title="bbox 262 1963 1844 2038; baseline -0.003 -15"><span class='ocrx_word' id='word_1_137' title='bbox 262 1985 383 2023; x_wconf 83' lang='lat' dir='ltr'><strong>sum</strong></span> <span class='ocrx_word' id='word_1_138' title='bbox 437 1967 618 2038; x_wconf 82' lang='lat' dir='ltr'><strong>adepti</strong></span> <span class='ocrx_word' id='word_1_139' title='bbox 662 1967 823 2034; x_wconf 89' lang='lat' dir='ltr'><strong>estis,</strong></span> <span class='ocrx_word' id='word_1_140' title='bbox 876 1980 977 2036; x_wconf 84' lang='lat' dir='ltr'><strong>ego</strong></span> <span class='ocrx_word' id='word_1_141' title='bbox 1025 1972 1210 2019; x_wconf 84' lang='lat' dir='ltr'><strong>autem</strong></span> <span class='ocrx_word' id='word_1_142' title='bbox 1239 1980 1335 2020; x_wconf 90' lang='lat' dir='ltr'><strong>ero</strong></span> <span class='ocrx_word' id='word_1_143' title='bbox 1372 1963 1518 2020; x_wconf 86' lang='lat' dir='ltr'><strong>Deus</strong></span> <span class='ocrx_word' id='word_1_144' title='bbox 1566 1971 1748 2019; x_wconf 80' lang='lat' dir='ltr'><strong>vester</strong></span> <span class='ocrx_word' id='word_1_145' title='bbox 1790 1973 1844 2019; x_wconf 90' lang='lat' dir='ltr'><strong>et</strong></span> 
     </span>
    </p>
   </div>
   <div class='ocr_carea' id='block_1_22' title="bbox 266 2056 1841 2128">
    <p class='ocr_par' dir='ltr' id='par_1_22' title="bbox 266 2056 1841 2128">
     <span class='ocr_line' id='line_1_22' title="bbox 266 2056 1841 2128; baseline -0.004 -13"><span class='ocrx_word' id='word_1_146' title='bbox 266 2061 548 2124; x_wconf 86' lang='lat' dir='ltr'><strong>Dominus,</strong></span> <span class='ocrx_word' id='word_1_147' title='bbox 574 2060 668 2128; x_wconf 89' lang='lat' dir='ltr'><strong>qui</strong></span> <span class='ocrx_word' id='word_1_148' title='bbox 700 2059 854 2113; x_wconf 88' lang='lat' dir='ltr'><strong>omni</strong></span> <span class='ocrx_word' id='word_1_149' title='bbox 892 2073 986 2112; x_wconf 80' lang='lat' dir='ltr'><strong>vos</strong></span> <span class='ocrx_word' id='word_1_150' title='bbox 1022 2056 1315 2126; x_wconf 85' lang='lat' dir='ltr'><strong>prudentia</strong></span> <span class='ocrx_word' id='word_1_151' title='bbox 1346 2063 1400 2111; x_wconf 86' lang='lat' dir='ltr'><strong>et</strong></span> <span class='ocrx_word' id='word_1_152' title='bbox 1435 2070 1568 2110; x_wconf 89' lang='lat' dir='ltr'><strong>cura</strong></span> <span class='ocrx_word' id='word_1_153' title='bbox 1599 2057 1841 2125; x_wconf 91' lang='lat' dir='ltr'><strong>comple-</strong></span> 
     </span>
    </p>
   </div>
   <div class='ocr_carea' id='block_1_23' title="bbox 263 2143 1847 2218">
    <p class='ocr_par' dir='ltr' id='par_1_23' title="bbox 263 2143 1847 2218">
     <span class='ocr_line' id='line_1_23' title="bbox 263 2143 1847 2218; baseline -0.005 -14"><span class='ocrx_word' id='word_1_154' title='bbox 263 2161 404 2204; x_wconf 75' lang='lat' dir='ltr'><strong>ctar.</strong></span> <span class='ocrx_word' id='word_1_155' title='bbox 437 2148 734 2218; x_wconf 85' lang='lat' dir='ltr'><strong>Prophetia</strong></span> <span class='ocrx_word' id='word_1_156' title='bbox 781 2147 951 2217; x_wconf 90' lang='lat' dir='ltr'><strong>igitur</strong></span> <span class='ocrx_word' id='word_1_157' title='bbox 982 2146 1146 2200; x_wconf 87' lang='lat' dir='ltr'><strong>talem</strong></span> <span class='ocrx_word' id='word_1_158' title='bbox 1197 2145 1365 2199; x_wconf 88' lang='lat' dir='ltr'><strong>habet</strong></span> <span class='ocrx_word' id='word_1_159' title='bbox 1427 2158 1675 2198; x_wconf 88' lang='lat' dir='ltr'><strong>sensum.</strong></span> <span class='ocrx_word' id='word_1_160' title='bbox 1727 2143 1847 2213; x_wconf 83' lang='lat' dir='ltr'><strong>Ego</strong></span> 
     </span>
    </p>
   </div>
   <div class='ocr_carea' id='block_1_24' title="bbox 264 2234 1845 2309">
    <p class='ocr_par' dir='ltr' id='par_1_24' title="bbox 264 2234 1845 2309">
     <span class='ocr_line' id='line_1_24' title="bbox 264 2234 1845 2309; baseline -0.004 -15"><span class='ocrx_word' id='word_1_161' title='bbox 264 2258 395 2297; x_wconf 77' lang='lat' dir='ltr'><strong>vero</strong></span> <span class='ocrx_word' id='word_1_162' title='bbox 424 2240 646 2296; x_wconf 66' lang='lat' dir='ltr'><strong>Judaeos</strong></span> <span class='ocrx_word' id='word_1_163' title='bbox 678 2238 901 2309; x_wconf 90' lang='lat' dir='ltr'><strong>quidem</strong></span> <span class='ocrx_word' id='word_1_164' title='bbox 948 2236 1160 2291; x_wconf 86' lang='lat' dir='ltr'><strong>usitato</strong></span> <span class='ocrx_word' id='word_1_165' title='bbox 1207 2249 1362 2290; x_wconf 90' lang='lat' dir='ltr'><strong>more</strong></span> <span class='ocrx_word' id='word_1_166' title='bbox 1402 2234 1657 2303; x_wconf 89' lang='lat' dir='ltr'><strong>desipere</strong></span> <span class='ocrx_word' id='word_1_167' title='bbox 1708 2234 1845 2288; x_wconf 88' lang='lat' dir='ltr'><strong>nihil</strong></span> 
     </span>
    </p>
   </div>
   <div class='ocr_carea' id='block_1_25' title="bbox 266 2328 1842 2397">
    <p class='ocr_par' dir='ltr' id='par_1_25' title="bbox 266 2328 1842 2397">
     <span class='ocr_line' id='line_1_25' title="bbox 266 2328 1842 2397; baseline -0.004 -11"><span class='ocrx_word' id='word_1_168' title='bbox 266 2333 389 2386; x_wconf 83' lang='lat' dir='ltr'><strong>novi</strong></span> <span class='ocrx_word' id='word_1_169' title='bbox 420 2331 699 2386; x_wconf 88' lang='lat' dir='ltr'><strong>arbitror:</strong></span> <span class='ocrx_word' id='word_1_170' title='bbox 736 2328 982 2383; x_wconf 87' lang='lat' dir='ltr'><strong>admiror</strong></span> <span class='ocrx_word' id='word_1_171' title='bbox 1031 2333 1217 2382; x_wconf 88' lang='lat' dir='ltr'><strong>autem</strong></span> <span class='ocrx_word' id='word_1_172' title='bbox 1252 2342 1377 2382; x_wconf 89' lang='lat' dir='ltr'><strong>esse</strong></span> <span class='ocrx_word' id='word_1_173' title='bbox 1403 2341 1485 2388; x_wconf 56' lang='lat' dir='ltr'><strong>ex~</strong></span> <span class='ocrx_word' id='word_1_174' title='bbox 1507 2328 1719 2382; x_wconf 86' lang='lat' dir='ltr'><strong>nostris</strong></span> <span class='ocrx_word' id='word_1_175' title='bbox 1750 2328 1842 2397; x_wconf 90' lang='lat' dir='ltr'><strong>qui</strong></span> 
     </span>
    </p>
   </div>
   <div class='ocr_carea' id='block_1_26' title="bbox 264 2415 1843 2486">
    <p class='ocr_par' dir='ltr' id='par_1_26' title="bbox 264 2415 1843 2486">
     <span class='ocr_line' id='line_1_26' title="bbox 264 2415 1843 2486; baseline -0.002 -13"><span class='ocrx_word' id='word_1_176' title='bbox 264 2421 504 2475; x_wconf 84' lang='lat' dir='ltr'><strong>audeant</strong></span> <span class='ocrx_word' id='word_1_177' title='bbox 531 2418 716 2474; x_wconf 87' lang='lat' dir='ltr'><strong>omnia</strong></span> <span class='ocrx_word' id='word_1_178' title='bbox 744 2419 857 2472; x_wconf 73' lang='lat' dir='ltr'><strong>tunc</strong></span> <span class='ocrx_word' id='word_1_179' title='bbox 903 2417 970 2471; x_wconf 91' lang='lat' dir='ltr'><strong>de</strong></span> <span class='ocrx_word' id='word_1_180' title='bbox 1009 2415 1350 2472; x_wconf 84' lang='lat' dir='ltr'><strong>Zorohabele</strong></span> <span class='ocrx_word' id='word_1_181' title='bbox 1404 2417 1678 2486; x_wconf 83' lang='lat' dir='ltr'><strong>accipere,</strong></span> <span class='ocrx_word' id='word_1_182' title='bbox 1719 2431 1843 2470; x_wconf 90' lang='lat' dir='ltr'><strong>cum</strong></span> 
     </span>
    </p>
   </div>
   <div class='ocr_carea' id='block_1_27' title="bbox 266 2507 1845 2579">
    <p class='ocr_par' dir='ltr' id='par_1_27' title="bbox 266 2507 1845 2579">
     <span class='ocr_line' id='line_1_27' title="bbox 266 2507 1845 2579; baseline -0.002 -14"><span class='ocrx_word' id='word_1_183' title='bbox 266 2527 373 2566; x_wconf 80' lang='lat' dir='ltr'><strong>non</strong></span> <span class='ocrx_word' id='word_1_184' title='bbox 433 2509 769 2579; x_wconf 83' lang='lat' dir='ltr'><strong>intelligant,</strong></span> <span class='ocrx_word' id='word_1_185' title='bbox 824 2522 1019 2563; x_wconf 90' lang='lat' dir='ltr'><strong>eorum</strong></span> <span class='ocrx_word' id='word_1_186' title='bbox 1058 2522 1183 2578; x_wconf 74' lang='lat' dir='ltr'><strong>quae</strong></span> <span class='ocrx_word' id='word_1_187' title='bbox 1220 2507 1369 2562; x_wconf 85' lang='lat' dir='ltr'><strong>dicta</strong></span> <span class='ocrx_word' id='word_1_188' title='bbox 1425 2516 1577 2572; x_wconf 90' lang='lat' dir='ltr'><strong>sunt,</strong></span> <span class='ocrx_word' id='word_1_189' title='bbox 1607 2509 1845 2579; x_wconf 90' lang='lat' dir='ltr'><strong>plurima</strong></span> 
     </span>
    </p>
   </div>
   <div class='ocr_carea' id='block_1_28' title="bbox 265 2598 1843 2673">
    <p class='ocr_par' dir='ltr' id='par_1_28' title="bbox 265 2598 1843 2673">
     <span class='ocr_line' id='line_1_28' title="bbox 265 2598 1843 2673; baseline -0.003 -16"><span class='ocrx_word' id='word_1_190' title='bbox 265 2610 455 2673; x_wconf 80' lang='lat' dir='ltr'><strong>aperte</strong></span> <span class='ocrx_word' id='word_1_191' title='bbox 490 2601 562 2655; x_wconf 92' lang='lat' dir='ltr'><strong>iis</strong></span> <span class='ocrx_word' id='word_1_192' title='bbox 589 2614 712 2655; x_wconf 87' lang='lat' dir='ltr'><strong>esse</strong></span> <span class='ocrx_word' id='word_1_193' title='bbox 743 2600 1043 2659; x_wconf 84' lang='lat' dir='ltr'><strong>contraria.</strong></span> <span class='ocrx_word' id='word_1_194' title='bbox 1070 2613 1192 2668; x_wconf 76' lang='lat' dir='ltr'><strong>qua:</strong></span> <span class='ocrx_word' id='word_1_195' title='bbox 1233 2598 1303 2652; x_wconf 89' lang='lat' dir='ltr'><strong>ab</strong></span> <span class='ocrx_word' id='word_1_196' title='bbox 1343 2599 1438 2653; x_wconf 92' lang='lat' dir='ltr'><strong>illo</strong></span> <span class='ocrx_word' id='word_1_197' title='bbox 1492 2608 1645 2669; x_wconf 79' lang='lat' dir='ltr'><strong>gesta</strong></span> <span class='ocrx_word' id='word_1_198' title='bbox 1692 2606 1843 2654; x_wconf 83' lang='lat' dir='ltr'><strong>sunt.</strong></span> 
     </span>
    </p>
   </div>
   <div class='ocr_carea' id='block_1_29' title="bbox 262 2691 1844 2762">
    <p class='ocr_par' dir='ltr' id='par_1_29' title="bbox 262 2691 1844 2762">
     <span class='ocr_line' id='line_1_29' title="bbox 262 2691 1844 2762; baseline -0.001 -14"><span class='ocrx_word' id='word_1_199' title='bbox 262 2694 408 2749; x_wconf 81' lang='lat' dir='ltr'><strong>illud</strong></span> <span class='ocrx_word' id='word_1_200' title='bbox 425 2694 571 2748; x_wconf 90' lang='lat' dir='ltr'><strong>enim</strong></span> <span class='ocrx_word' id='word_1_201' title='bbox 598 2713 612 2749; x_wconf 87' lang='lat'><strong>:</strong></span> <span class='ocrx_word' id='word_1_202' title='bbox 651 2710 672 2744; x_wconf 71' lang='grc' dir='ltr'><strong>ο</strong></span> <span class='ocrx_word' id='word_1_203' title='bbox 699 2691 996 2760; x_wconf 88' lang='lat' dir='ltr'><strong>Dispouam</strong></span> <span class='ocrx_word' id='word_1_204' title='bbox 1021 2691 1212 2746; x_wconf 84' lang='lat' dir='ltr'><strong>Davidi</strong></span> <span class='ocrx_word' id='word_1_205' title='bbox 1245 2698 1634 2746; x_wconf 84' lang='lat' dir='ltr'><strong>testamentum</strong></span> <span class='ocrx_word' id='word_1_206' title='bbox 1669 2692 1844 2762; x_wconf 87' lang='lat' dir='ltr'><strong>pacis,</strong></span> 
     </span>
    </p>
   </div>
   <div class='ocr_carea' id='block_1_30' title="bbox 263 2783 1845 2847">
    <p class='ocr_par' dir='ltr' id='par_1_30' title="bbox 263 2783 1845 2847">
     <span class='ocr_line' id='line_1_30' title="bbox 263 2783 1845 2847; baseline -0.004 -6"><span class='ocrx_word' id='word_1_207' title='bbox 263 2784 727 2841; x_wconf 78' lang='lat' dir='ltr'><strong>etexterminabo</strong></span> <span class='ocrx_word' id='word_1_208' title='bbox 757 2784 965 2838; x_wconf 86' lang='lat' dir='ltr'><strong>bestias</strong></span> <span class='ocrx_word' id='word_1_209' title='bbox 999 2783 1175 2837; x_wconf 90' lang='lat' dir='ltr'><strong>malas</strong></span> <span class='ocrx_word' id='word_1_210' title='bbox 1199 2783 1267 2838; x_wconf 87' lang='lat' dir='ltr'><strong>de</strong></span> <span class='ocrx_word' id='word_1_211' title='bbox 1309 2790 1478 2847; x_wconf 89' lang='lat' dir='ltr'><strong>terra,</strong></span> <span class='ocrx_word' id='word_1_212' title='bbox 1529 2790 1583 2837; x_wconf 87' lang='lat' dir='ltr'><strong>et</strong></span> <span class='ocrx_word' id='word_1_213' title='bbox 1625 2783 1845 2836; x_wconf 85' lang='lat' dir='ltr'><strong>habita-</strong></span> 
     </span>
    </p>
   </div>
   <div class='ocr_carea' id='block_1_31' title="bbox 266 2874 1839 2939">
    <p class='ocr_par' dir='ltr' id='par_1_31' title="bbox 266 2874 1839 2939">
     <span class='ocr_line' id='line_1_31' title="bbox 266 2874 1839 2939; baseline -0.004 -6"><span class='ocrx_word' id='word_1_214' title='bbox 266 2882 403 2933; x_wconf 78' lang='lat' dir='ltr'><strong>bunt</strong></span> <span class='ocrx_word' id='word_1_215' title='bbox 422 2879 477 2933; x_wconf 91' lang='lat' dir='ltr'><strong>in</strong></span> <span class='ocrx_word' id='word_1_216' title='bbox 494 2878 714 2933; x_wconf 89' lang='lat' dir='ltr'><strong>deserto</strong></span> <span class='ocrx_word' id='word_1_217' title='bbox 735 2874 1092 2939; x_wconf 87' lang='lat' dir='ltr'><strong>conﬁdentes,</strong></span> <span class='ocrx_word' id='word_1_218' title='bbox 1117 2874 1458 2930; x_wconf 85' lang='lat' dir='ltr'><strong>etdormient</strong></span> <span class='ocrx_word' id='word_1_219' title='bbox 1479 2876 1533 2929; x_wconf 90' lang='lat' dir='ltr'><strong>in</strong></span> <span class='ocrx_word' id='word_1_220' title='bbox 1555 2875 1805 2930; x_wconf 83' lang='lat' dir='ltr'><strong>saltibus:</strong></span> <span class='ocrx_word' id='word_1_221' title='bbox 1822 2894 1839 2927; x_wconf 73' lang='grc' dir='ltr'><strong>ι</strong></span> 
     </span>
    </p>
   </div>
   <div class='ocr_carea' id='block_1_32' title="bbox 268 2966 1844 3037">
    <p class='ocr_par' dir='ltr' id='par_1_32' title="bbox 268 2966 1844 3037">
     <span class='ocr_line' id='line_1_32' title="bbox 268 2966 1844 3037; baseline -0.001 -13"><span class='ocrx_word' id='word_1_222' title='bbox 268 2980 341 3037; x_wconf 76' lang='lat' dir='ltr'><strong>et,</strong></span> <span class='ocrx_word' id='word_1_223' title='bbox 370 2989 390 3022; x_wconf 77' lang='grc' dir='ltr'><strong>ι</strong></span> <span class='ocrx_word' id='word_1_224' title='bbox 417 2968 759 3023; x_wconf 85' lang='lat' dir='ltr'><strong>Habitabunt</strong></span> <span class='ocrx_word' id='word_1_225' title='bbox 786 2968 839 3021; x_wconf 88' lang='lat' dir='ltr'><strong>iu</strong></span> <span class='ocrx_word' id='word_1_226' title='bbox 873 2980 993 3037; x_wconf 84' lang='lat' dir='ltr'><strong>spe,</strong></span> <span class='ocrx_word' id='word_1_227' title='bbox 1022 2975 1077 3021; x_wconf 92' lang='lat' dir='ltr'><strong>ct</strong></span> <span class='ocrx_word' id='word_1_228' title='bbox 1107 2981 1216 3020; x_wconf 90' lang='lat' dir='ltr'><strong>non</strong></span> <span class='ocrx_word' id='word_1_229' title='bbox 1244 2966 1348 3022; x_wconf 87' lang='lat' dir='ltr'><strong>erit</strong></span> <span class='ocrx_word' id='word_1_230' title='bbox 1377 2967 1471 3036; x_wconf 90' lang='lat' dir='ltr'><strong>qui</strong></span> <span class='ocrx_word' id='word_1_231' title='bbox 1495 2973 1695 3021; x_wconf 86' lang='lat' dir='ltr'><strong>terreat</strong></span> <span class='ocrx_word' id='word_1_232' title='bbox 1729 2981 1844 3033; x_wconf 85' lang='lat' dir='ltr'><strong>eos,</strong></span> 
     </span>
    </p>
   </div>
   <div class='ocr_carea' id='block_1_33' title="bbox 265 3053 1915 3142">
    <p class='ocr_par' dir='ltr' id='par_1_33' title="bbox 265 3053 1915 3142">
     <span class='ocr_line' id='line_1_33' title="bbox 265 3053 1915 3142; baseline -0.005 -27"><span class='ocrx_word' id='word_1_233' title='bbox 265 3071 320 3115; x_wconf 88' lang='lat' dir='ltr'><strong>ct</strong></span> <span class='ocrx_word' id='word_1_234' title='bbox 347 3058 631 3115; x_wconf 84' lang='lat' dir='ltr'><strong>suscitabo</strong></span> <span class='ocrx_word' id='word_1_235' title='bbox 657 3057 738 3111; x_wconf 88' lang='lat' dir='ltr'><strong>eis</strong></span> <span class='ocrx_word' id='word_1_236' title='bbox 763 3055 1007 3125; x_wconf 87' lang='lat' dir='ltr'><strong>plantam</strong></span> <span class='ocrx_word' id='word_1_237' title='bbox 1051 3054 1205 3124; x_wconf 89' lang='lat' dir='ltr'><strong>pacis</strong></span> <span class='ocrx_word' id='word_1_238' title='bbox 1249 3053 1304 3108; x_wconf 92' lang='lat' dir='ltr'><strong>in</strong></span> <span class='ocrx_word' id='word_1_239' title='bbox 1356 3068 1580 3118; x_wconf 87' lang='lat' dir='ltr'><strong>nomen,</strong></span> <span class='ocrx_word' id='word_1_240' title='bbox 1624 3065 1675 3107; x_wconf 86' lang='lat' dir='ltr'><strong>et</strong></span> <span class='ocrx_word' id='word_1_241' title='bbox 1731 3068 1842 3107; x_wconf 87' lang='lat' dir='ltr'><strong>non</strong></span> <span class='ocrx_word' id='word_1_242' title='bbox 1872 3084 1915 3142; x_wconf 63' lang='grc' dir='ltr'>α</span> 
     </span>
    </p>
   </div>
   <div class='ocr_carea' id='block_1_34' title="bbox 267 3147 1847 3224">
    <p class='ocr_par' dir='ltr' id='par_1_34' title="bbox 267 3147 1847 3224">
     <span class='ocr_line' id='line_1_34' title="bbox 267 3147 1847 3224; baseline -0.004 -16"><span class='ocrx_word' id='word_1_243' title='bbox 267 3153 503 3224; x_wconf 83' lang='lat' dir='ltr'><strong>amplius</strong></span> <span class='ocrx_word' id='word_1_244' title='bbox 533 3160 696 3206; x_wconf 89' lang='lat' dir='ltr'><strong>erunt</strong></span> <span class='ocrx_word' id='word_1_245' title='bbox 731 3156 1032 3221; x_wconf 87' lang='lat' dir='ltr'><strong>pereuntes</strong></span> <span class='ocrx_word' id='word_1_246' title='bbox 1058 3147 1202 3202; x_wconf 79' lang='lat' dir='ltr'><strong>fame</strong></span> <span class='ocrx_word' id='word_1_247' title='bbox 1222 3149 1279 3202; x_wconf 90' lang='lat' dir='ltr'><strong>in</strong></span> <span class='ocrx_word' id='word_1_248' title='bbox 1303 3156 1475 3211; x_wconf 86' lang='lat' dir='ltr'><strong>terra,</strong></span> <span class='ocrx_word' id='word_1_249' title='bbox 1499 3156 1553 3201; x_wconf 88' lang='lat' dir='ltr'><strong>et</strong></span> <span class='ocrx_word' id='word_1_250' title='bbox 1581 3163 1686 3201; x_wconf 91' lang='lat' dir='ltr'><strong>non</strong></span> <span class='ocrx_word' id='word_1_251' title='bbox 1720 3163 1847 3218; x_wconf 90' lang='lat' dir='ltr'><strong>por-</strong></span> 
     </span>
    </p>
   </div>
   <div class='ocr_carea' id='block_1_35' title="bbox 268 3241 1849 3315">
    <p class='ocr_par' dir='ltr' id='par_1_35' title="bbox 268 3241 1849 3315">
     <span class='ocr_line' id='line_1_35' title="bbox 268 3241 1849 3315; baseline -0.003 -16"><span class='ocrx_word' id='word_1_252' title='bbox 268 3246 462 3299; x_wconf 83' lang='lat' dir='ltr'><strong>tabunt</strong></span> <span class='ocrx_word' id='word_1_253' title='bbox 481 3244 718 3315; x_wconf 88' lang='lat' dir='ltr'><strong>amplius</strong></span> <span class='ocrx_word' id='word_1_254' title='bbox 735 3243 1091 3313; x_wconf 76' lang='lat' dir='ltr'><strong>opprobrium</strong></span> <span class='ocrx_word' id='word_1_255' title='bbox 1114 3241 1381 3311; x_wconf 84' lang='lat' dir='ltr'><strong>gentium,</strong></span> <span class='ocrx_word' id='word_1_256' title='bbox 1403 3258 1421 3292; x_wconf 82' lang='grc'><strong>›</strong></span> <span class='ocrx_word' id='word_1_257' title='bbox 1442 3241 1706 3305; x_wconf 68' lang='lat' dir='ltr'><strong>historiae,</strong></span> <span class='ocrx_word' id='word_1_258' title='bbox 1727 3255 1849 3309; x_wconf 65' lang='lat' dir='ltr'><strong>qua:</strong></span> 
     </span>
    </p>
   </div>
   <div class='ocr_carea' id='block_1_36' title="bbox 267 3330 1847 3397">
    <p class='ocr_par' dir='ltr' id='par_1_36' title="bbox 267 3330 1847 3397">
     <span class='ocr_line' id='line_1_36' title="bbox 267 3330 1847 3397; baseline -0.003 -9"><span class='ocrx_word' id='word_1_259' title='bbox 267 3336 336 3389; x_wconf 89' lang='lat' dir='ltr'><strong>de</strong></span> <span class='ocrx_word' id='word_1_260' title='bbox 369 3335 463 3388; x_wconf 91' lang='lat' dir='ltr'><strong>illo</strong></span> <span class='ocrx_word' id='word_1_261' title='bbox 490 3333 744 3397; x_wconf 85' lang='lat' dir='ltr'><strong>habetur,</strong></span> <span class='ocrx_word' id='word_1_262' title='bbox 786 3338 921 3386; x_wconf 90' lang='lat' dir='ltr'><strong>sunt</strong></span> <span class='ocrx_word' id='word_1_263' title='bbox 949 3331 1179 3386; x_wconf 89' lang='lat' dir='ltr'><strong>omnino</strong></span> <span class='ocrx_word' id='word_1_264' title='bbox 1223 3332 1527 3386; x_wconf 85' lang='lat' dir='ltr'><strong>contraria.</strong></span> <span class='ocrx_word' id='word_1_265' title='bbox 1569 3330 1663 3384; x_wconf 92' lang='lat' dir='ltr'><strong>llle</strong></span> <span class='ocrx_word' id='word_1_266' title='bbox 1700 3333 1847 3385; x_wconf 85' lang='lat' dir='ltr'><strong>enim</strong></span> 
     </span>
    </p>
   </div>
   <div class='ocr_carea' id='block_1_37' title="bbox 266 3420 1847 3495">
    <p class='ocr_par' dir='ltr' id='par_1_37' title="bbox 266 3420 1847 3495">
     <span class='ocr_line' id='line_1_37' title="bbox 266 3420 1847 3495; baseline -0.004 -15"><span class='ocrx_word' id='word_1_267' title='bbox 266 3425 596 3495; x_wconf 79' lang='lat' dir='ltr'><strong>eBabylone</strong></span> <span class='ocrx_word' id='word_1_268' title='bbox 650 3438 925 3486; x_wconf 84' lang='lat' dir='ltr'><strong>reversus,</strong></span> <span class='ocrx_word' id='word_1_269' title='bbox 982 3437 1104 3477; x_wconf 90' lang='lat' dir='ltr'><strong>cum</strong></span> <span class='ocrx_word' id='word_1_270' title='bbox 1162 3423 1425 3492; x_wconf 88' lang='lat' dir='ltr'><strong>coepisset</strong></span> <span class='ocrx_word' id='word_1_271' title='bbox 1481 3436 1700 3475; x_wconf 89' lang='lat' dir='ltr'><strong>sacrum</strong></span> <span class='ocrx_word' id='word_1_272' title='bbox 1753 3420 1847 3474; x_wconf 87' lang='lat' dir='ltr'><strong>Dei</strong></span> 
     </span>
    </p>
   </div>
   <div class='ocr_carea' id='block_1_38' title="bbox 269 3512 1848 3587">
    <p class='ocr_par' dir='ltr' id='par_1_38' title="bbox 269 3512 1848 3587">
     <span class='ocr_line' id='line_1_38' title="bbox 269 3512 1848 3587; baseline -0.003 -17"><span class='ocrx_word' id='word_1_273' title='bbox 269 3517 531 3587; x_wconf 82' lang='lat' dir='ltr'><strong>templum</strong></span> <span class='ocrx_word' id='word_1_274' title='bbox 591 3531 790 3570; x_wconf 84' lang='lat' dir='ltr'><strong>rursus</strong></span> <span class='ocrx_word' id='word_1_275' title='bbox 842 3513 1152 3578; x_wconf 82' lang='lat' dir='ltr'><strong>aediﬁcare,</strong></span> <span class='ocrx_word' id='word_1_276' title='bbox 1203 3529 1233 3567; x_wconf 94' lang='lat' dir='ltr'><strong>a</strong></span> <span class='ocrx_word' id='word_1_277' title='bbox 1276 3512 1530 3568; x_wconf 88' lang='lat' dir='ltr'><strong>ﬁnitimis</strong></span> <span class='ocrx_word' id='word_1_278' title='bbox 1583 3512 1848 3581; x_wconf 81' lang='lat' dir='ltr'><strong>gentibus</strong></span> 
     </span>
    </p>
   </div>
   <div class='ocr_carea' id='block_1_39' title="bbox 271 3602 1845 3678">
    <p class='ocr_par' dir='ltr' id='par_1_39' title="bbox 271 3602 1845 3678">
     <span class='ocr_line' id='line_1_39' title="bbox 271 3602 1845 3678; baseline -0.005 -17"><span class='ocrx_word' id='word_1_279' title='bbox 271 3608 587 3678; x_wconf 87' lang='lat' dir='ltr'><strong>prohibitus</strong></span> <span class='ocrx_word' id='word_1_280' title='bbox 616 3614 703 3662; x_wconf 85' lang='lat' dir='ltr'><strong>est</strong></span> <span class='ocrx_word' id='word_1_281' title='bbox 731 3606 883 3676; x_wconf 84' lang='lat' dir='ltr'><strong>operi</strong></span> <span class='ocrx_word' id='word_1_282' title='bbox 914 3605 1073 3659; x_wconf 86' lang='lat' dir='ltr'><strong>ﬁnem</strong></span> <span class='ocrx_word' id='word_1_283' title='bbox 1120 3606 1422 3673; x_wconf 88' lang='lat' dir='ltr'><strong>imponere.</strong></span> <span class='ocrx_word' id='word_1_284' title='bbox 1479 3602 1666 3668; x_wconf 82' lang='lat' dir='ltr'><strong>Quare</strong></span> <span class='ocrx_word' id='word_1_285' title='bbox 1721 3617 1845 3656; x_wconf 89' lang='lat' dir='ltr'><strong>eum</strong></span> 
     </span>
    </p>
   </div>
   <div class='ocr_carea' id='block_1_40' title="bbox 268 3690 1846 3766">
    <p class='ocr_par' dir='ltr' id='par_1_40' title="bbox 268 3690 1846 3766">
     <span class='ocr_line' id='line_1_40' title="bbox 268 3690 1846 3766; baseline -0.004 -17"><span class='ocrx_word' id='word_1_286' title='bbox 268 3713 366 3751; x_wconf 78' lang='lat' dir='ltr'><strong>sex</strong></span> <span class='ocrx_word' id='word_1_287' title='bbox 400 3703 455 3750; x_wconf 91' lang='lat' dir='ltr'><strong>et</strong></span> <span class='ocrx_word' id='word_1_288' title='bbox 479 3696 843 3766; x_wconf 81' lang='lat' dir='ltr'><strong>quadraginta</strong></span> <span class='ocrx_word' id='word_1_289' title='bbox 871 3694 1269 3764; x_wconf 66' lang='lat' dir='ltr'><strong>praeteriissent</strong></span> <span class='ocrx_word' id='word_1_290' title='bbox 1292 3693 1518 3759; x_wconf 88' lang='lat' dir='ltr'><strong>anui,et</strong></span> <span class='ocrx_word' id='word_1_291' title='bbox 1545 3690 1846 3746; x_wconf 90' lang='lat' dir='ltr'><strong>secundum</strong></span> 
     </span>
    </p>
   </div>
   <div class='ocr_carea' id='block_1_41' title="bbox 277 3783 1847 3856">
    <p class='ocr_par' dir='ltr' id='par_1_41' title="bbox 277 3783 1847 3856">
     <span class='ocr_line' id='line_1_41' title="bbox 277 3783 1847 3856; baseline 0 -18"><span class='ocrx_word' id='word_1_292' title='bbox 277 3787 561 3856; x_wconf 85' lang='lat' dir='ltr'><strong>antiquam</strong></span> <span class='ocrx_word' id='word_1_293' title='bbox 583 3787 897 3852; x_wconf 89' lang='lat' dir='ltr'><strong>historiam,</strong></span> <span class='ocrx_word' id='word_1_294' title='bbox 922 3794 975 3839; x_wconf 88' lang='lat' dir='ltr'><strong>et</strong></span> <span class='ocrx_word' id='word_1_295' title='bbox 998 3785 1303 3840; x_wconf 89' lang='lat' dir='ltr'><strong>secundum</strong></span> <span class='ocrx_word' id='word_1_296' title='bbox 1322 3783 1741 3853; x_wconf 81' lang='lat' dir='ltr'><strong>Evangeliorum</strong></span> <span class='ocrx_word' id='word_1_297' title='bbox 1769 3793 1847 3838; x_wconf 69' lang='grc' dir='ltr'><strong>ιον</strong></span> 
     </span>
    </p>
   </div>
   <div class='ocr_carea' id='block_1_42' title="bbox 271 3875 1845 3946">
    <p class='ocr_par' dir='ltr' id='par_1_42' title="bbox 271 3875 1845 3946">
     <span class='ocr_line' id='line_1_42' title="bbox 271 3875 1845 3946; baseline 0 -15"><span class='ocrx_word' id='word_1_298' title='bbox 271 3877 614 3939; x_wconf 86' lang='lat' dir='ltr'><strong>stimonium,</strong></span> <span class='ocrx_word' id='word_1_299' title='bbox 627 3877 792 3946; x_wconf 79' lang='lat'><strong>977</strong></span> <span class='ocrx_word' id='word_1_300' title='bbox 817 3876 993 3931; x_wconf 89' lang='lat' dir='ltr'><strong>solum</strong></span> <span class='ocrx_word' id='word_1_301' title='bbox 1008 3877 1272 3944; x_wconf 84' lang='lat' dir='ltr'><strong>templum</strong></span> <span class='ocrx_word' id='word_1_302' title='bbox 1290 3890 1482 3930; x_wconf 89' lang='lat' dir='ltr'><strong>recens</strong></span> <span class='ocrx_word' id='word_1_303' title='bbox 1501 3875 1711 3929; x_wconf 86' lang='lat' dir='ltr'><strong>factum</strong></span> <span class='ocrx_word' id='word_1_304' title='bbox 1728 3888 1811 3932; x_wconf 90' lang='lat' dir='ltr'><strong>est</strong></span> <span class='ocrx_word' id='word_1_305' title='bbox 1830 3894 1845 3931; x_wconf 88' lang='lat'><strong>:</strong></span> 
     </span>
    </p>
   </div>
   <div class='ocr_carea' id='block_1_43' title="bbox 272 3966 1851 4039">
    <p class='ocr_par' dir='ltr' id='par_1_43' title="bbox 272 3966 1851 4039">
     <span class='ocr_line' id='line_1_43' title="bbox 272 3966 1851 4039; baseline 0 -17"><span class='ocrx_word' id='word_1_306' title='bbox 272 3976 394 4039; x_wconf 88' lang='lat' dir='ltr'><strong>post</strong></span> <span class='ocrx_word' id='word_1_307' title='bbox 410 3968 548 4022; x_wconf 89' lang='lat' dir='ltr'><strong>alios</strong></span> <span class='ocrx_word' id='word_1_308' title='bbox 578 3982 708 4023; x_wconf 74' lang='lat' dir='ltr'><strong>vero</strong></span> <span class='ocrx_word' id='word_1_309' title='bbox 724 3966 834 4021; x_wconf 90' lang='lat' dir='ltr'><strong>duo</strong></span> <span class='ocrx_word' id='word_1_310' title='bbox 857 3976 911 4022; x_wconf 91' lang='lat' dir='ltr'><strong>et</strong></span> <span class='ocrx_word' id='word_1_311' title='bbox 933 3966 1210 4036; x_wconf 86' lang='lat' dir='ltr'><strong>octoginta</strong></span> <span class='ocrx_word' id='word_1_312' title='bbox 1228 3981 1403 4022; x_wconf 88' lang='lat' dir='ltr'><strong>annos</strong></span> <span class='ocrx_word' id='word_1_313' title='bbox 1423 3967 1555 4022; x_wconf 88' lang='lat' dir='ltr'><strong>urbs</strong></span> <span class='ocrx_word' id='word_1_314' title='bbox 1570 3982 1757 4023; x_wconf 91' lang='lat' dir='ltr'><strong>muros</strong></span> <span class='ocrx_word' id='word_1_315' title='bbox 1770 3982 1851 4022; x_wconf 85' lang='lat' dir='ltr'><strong>re-</strong></span> 
     </span>
    </p>
   </div>
   <div class='ocr_carea' id='block_1_44' title="bbox 272 4058 1849 4132">
    <p class='ocr_par' dir='ltr' id='par_1_44' title="bbox 272 4058 1849 4132">
     <span class='ocr_line' id='line_1_44' title="bbox 272 4058 1849 4132; baseline 0 -18"><span class='ocrx_word' id='word_1_316' title='bbox 272 4060 591 4132; x_wconf 75' lang='lat' dir='ltr'><strong>cepit,quos</strong></span> <span class='ocrx_word' id='word_1_317' title='bbox 616 4058 872 4115; x_wconf 85' lang='lat' dir='ltr'><strong>Neemias</strong></span> <span class='ocrx_word' id='word_1_318' title='bbox 900 4061 1077 4115; x_wconf 81' lang='lat' dir='ltr'><strong>erexit</strong></span> <span class='ocrx_word' id='word_1_319' title='bbox 1097 4059 1273 4114; x_wconf 88' lang='lat' dir='ltr'><strong>altero</strong></span> <span class='ocrx_word' id='word_1_320' title='bbox 1300 4067 1354 4114; x_wconf 87' lang='lat' dir='ltr'><strong>et</strong></span> <span class='ocrx_word' id='word_1_321' title='bbox 1381 4061 1669 4116; x_wconf 89' lang='lat' dir='ltr'><strong>tricesimo</strong></span> <span class='ocrx_word' id='word_1_322' title='bbox 1687 4060 1849 4114; x_wconf 84' lang='lat' dir='ltr'><strong>Arta-</strong></span> 
     </span>
    </p>
   </div>
   <div class='ocr_carea' id='block_1_45' title="bbox 272 4152 1845 4222">
    <p class='ocr_par' dir='ltr' id='par_1_45' title="bbox 272 4152 1845 4222">
     <span class='ocr_line' id='line_1_45' title="bbox 272 4152 1845 4222; baseline -0.001 -14"><span class='ocrx_word' id='word_1_323' title='bbox 272 4152 460 4209; x_wconf 76' lang='lat' dir='ltr'><strong>xerxis</strong></span> <span class='ocrx_word' id='word_1_324' title='bbox 488 4152 663 4222; x_wconf 81' lang='lat' dir='ltr'><strong>regni.</strong></span> <span class='ocrx_word' id='word_1_325' title='bbox 689 4152 971 4222; x_wconf 89' lang='lat' dir='ltr'><strong>Docetque</strong></span> <span class='ocrx_word' id='word_1_326' title='bbox 1003 4168 1104 4207; x_wconf 84' lang='lat' dir='ltr'><strong>nos</strong></span> <span class='ocrx_word' id='word_1_327' title='bbox 1123 4152 1312 4207; x_wconf 72' lang='lat' dir='ltr'><strong>Esdra:</strong></span> <span class='ocrx_word' id='word_1_328' title='bbox 1342 4153 1596 4217; x_wconf 88' lang='lat' dir='ltr'><strong>historia,</strong></span> <span class='ocrx_word' id='word_1_329' title='bbox 1633 4161 1845 4209; x_wconf 90' lang='lat' dir='ltr'><strong>tantum</strong></span> 
     </span>
    </p>
   </div>
   <div class='ocr_carea' id='block_1_46' title="bbox 271 4239 1848 4317">
    <p class='ocr_par' dir='ltr' id='par_1_46' title="bbox 271 4239 1848 4317">
     <span class='ocr_line' id='line_1_46' title="bbox 271 4239 1848 4317; baseline 0.001 -18"><span class='ocrx_word' id='word_1_330' title='bbox 271 4257 473 4301; x_wconf 86' lang='lat' dir='ltr'><strong>metum</strong></span> <span class='ocrx_word' id='word_1_331' title='bbox 491 4244 828 4300; x_wconf 66' lang='lat' dir='ltr'><strong>aediﬁcantes</strong></span> <span class='ocrx_word' id='word_1_332' title='bbox 850 4245 1143 4311; x_wconf 82' lang='lat' dir='ltr'><strong>invasisse,</strong></span> <span class='ocrx_word' id='word_1_333' title='bbox 1164 4252 1223 4299; x_wconf 92' lang='lat' dir='ltr'><strong>ut</strong></span> <span class='ocrx_word' id='word_1_334' title='bbox 1236 4239 1577 4316; x_wconf 79' lang='lat' dir='ltr'><strong>cogerentur</strong></span> <span class='ocrx_word' id='word_1_335' title='bbox 1591 4261 1743 4299; x_wconf 92' lang='lat' dir='ltr'><strong>arma</strong></span> <span class='ocrx_word' id='word_1_336' title='bbox 1756 4263 1848 4317; x_wconf 82' lang='lat' dir='ltr'><strong>ge-</strong></span> 
     </span>
    </p>
   </div>
   <div class='ocr_carea' id='block_1_47' title="bbox 269 4333 1846 4407">
    <p class='ocr_par' dir='ltr' id='par_1_47' title="bbox 269 4333 1846 4407">
     <span class='ocr_line' id='line_1_47' title="bbox 269 4333 1846 4407; baseline -0.001 -16"><span class='ocrx_word' id='word_1_337' title='bbox 269 4345 482 4392; x_wconf 87' lang='lat' dir='ltr'><strong>stantes</strong></span> <span class='ocrx_word' id='word_1_338' title='bbox 507 4333 802 4402; x_wconf 85' lang='lat' dir='ltr'><strong>aediﬁcare,</strong></span> <span class='ocrx_word' id='word_1_339' title='bbox 829 4335 1134 4406; x_wconf 86' lang='lat' dir='ltr'><strong>eodemque</strong></span> <span class='ocrx_word' id='word_1_340' title='bbox 1158 4344 1408 4406; x_wconf 90' lang='lat' dir='ltr'><strong>tempore</strong></span> <span class='ocrx_word' id='word_1_341' title='bbox 1433 4345 1488 4392; x_wconf 89' lang='lat' dir='ltr'><strong>et</strong></span> <span class='ocrx_word' id='word_1_342' title='bbox 1516 4337 1728 4407; x_wconf 89' lang='lat' dir='ltr'><strong>lapides</strong></span> <span class='ocrx_word' id='word_1_343' title='bbox 1759 4339 1846 4390; x_wconf 82' lang='lat' dir='ltr'><strong>af-</strong></span> 
     </span>
    </p>
   </div>
   <div class='ocr_carea' id='block_1_48' title="bbox 1938 502 3490 577">
    <p class='ocr_par' dir='ltr' id='par_1_48' title="bbox 1938 502 3490 577">
     <span class='ocr_line' id='line_1_48' title="bbox 1938 502 3490 577; baseline -0.001 -19"><span class='ocrx_word' id='word_1_344' title='bbox 1938 507 2161 559; x_wconf 84' lang='grc' dir='ltr'>πτιστοῦ</span> <span class='ocrx_word' id='word_1_345' title='bbox 2211 507 2279 560; x_wconf 74' lang='grc' dir='ltr'>τὰ</span> <span class='ocrx_word' id='word_1_346' title='bbox 2334 507 2469 577; x_wconf 82' lang='grc' dir='ltr'>πρὸς</span> <span class='ocrx_word' id='word_1_347' title='bbox 2525 505 2654 566; x_wconf 69' lang='grc' dir='ltr'>τοὺς</span> <span class='ocrx_word' id='word_1_348' title='bbox 2708 503 3036 574; x_wconf 75' lang='grc' dir='ltr'>Φαρισαίους</span> <span class='ocrx_word' id='word_1_349' title='bbox 3094 502 3376 574; x_wconf 77' lang='grc' dir='ltr'><strong>εἰρημένα,</strong></span> <span class='ocrx_word' id='word_1_350' title='bbox 3412 506 3490 560; x_wconf 80' lang='grc' dir='ltr'>ὅτι</span> 
     </span>
    </p>
   </div>
   <div class='ocr_carea' id='block_1_49' title="bbox 1944 594 3552 666">
    <p class='ocr_par' dir='ltr' id='par_1_49' title="bbox 1944 594 3552 666">
     <span class='ocr_line' id='line_1_49' title="bbox 1944 594 3552 666; baseline 0.002 -20"><span class='ocrx_word' id='word_1_351' title='bbox 1944 597 2231 652; x_wconf 74' lang='grc' dir='ltr'>«Δύναται</span> <span class='ocrx_word' id='word_1_352' title='bbox 2287 600 2316 651; x_wconf 99' lang='lat'><strong>6</strong></span> <span class='ocrx_word' id='word_1_353' title='bbox 2370 598 2502 660; x_wconf 78' lang='grc' dir='ltr'>Θεὸς</span> <span class='ocrx_word' id='word_1_354' title='bbox 2556 598 2620 649; x_wconf 84' lang='grc' dir='ltr'>ὲκ</span> <span class='ocrx_word' id='word_1_355' title='bbox 2679 594 2789 649; x_wconf 88' lang='grc' dir='ltr'><strong>τῶν</strong></span> <span class='ocrx_word' id='word_1_356' title='bbox 2832 595 2993 648; x_wconf 89' lang='grc' dir='ltr'>λίθων</span> <span class='ocrx_word' id='word_1_357' title='bbox 3037 595 3245 648; x_wconf 83' lang='grc' dir='ltr'>τούτων</span> <span class='ocrx_word' id='word_1_358' title='bbox 3298 596 3492 666; x_wconf 71' lang='grc' dir='ltr'>ἐγεῖραι</span> <span class='ocrx_word' id='word_1_359' title='bbox 3547 628 3552 633; x_wconf 89' lang='lat'><strong><em>-</em></strong></span> 
     </span>
    </p>
   </div>
   <div class='ocr_carea' id='block_1_50' title="bbox 1936 681 3497 761">
    <p class='ocr_par' dir='ltr' id='par_1_50' title="bbox 1936 681 3497 761">
     <span class='ocr_line' id='line_1_50' title="bbox 1936 681 3497 761; baseline -0.001 -18"><span class='ocrx_word' id='word_1_360' title='bbox 1936 692 2102 743; x_wconf 87' lang='grc' dir='ltr'>τέκνα</span> <span class='ocrx_word' id='word_1_361' title='bbox 2134 690 2213 761; x_wconf 82' lang='grc' dir='ltr'>τῷ</span> <span class='ocrx_word' id='word_1_362' title='bbox 2274 689 2538 761; x_wconf 78' lang='grc' dir='ltr'>Ἀϐραάμ.</span> <span class='ocrx_word' id='word_1_363' title='bbox 2577 707 2595 739; x_wconf 72' lang='grc' dir='ltr'><strong>ι</strong></span> <span class='ocrx_word' id='word_1_364' title='bbox 2649 687 2737 754; x_wconf 80' lang='grc' dir='ltr'><strong>Ἐξ</strong></span> <span class='ocrx_word' id='word_1_365' title='bbox 2763 681 2838 741; x_wconf 85' lang='grc' dir='ltr'>ὧν</span> <span class='ocrx_word' id='word_1_366' title='bbox 2891 688 3050 759; x_wconf 81' lang='grc' dir='ltr'>δῆλον</span> <span class='ocrx_word' id='word_1_367' title='bbox 3071 727 3085 751; x_wconf 92' lang='grc'><strong>,</strong></span> <span class='ocrx_word' id='word_1_368' title='bbox 3127 688 3210 741; x_wconf 81' lang='grc' dir='ltr'>ὅτι</span> <span class='ocrx_word' id='word_1_369' title='bbox 3239 688 3427 754; x_wconf 80' lang='grc' dir='ltr'>πάντες</span> <span class='ocrx_word' id='word_1_370' title='bbox 3452 692 3497 742; x_wconf 78' lang='grc' dir='ltr'>οἱ</span> 
     </span>
    </p>
   </div>
   <div class='ocr_carea' id='block_1_51' title="bbox 1938 776 3497 847">
    <p class='ocr_par' dir='ltr' id='par_1_51' title="bbox 1938 776 3497 847">
     <span class='ocr_line' id='line_1_51' title="bbox 1938 776 3497 847; baseline -0.002 -14"><span class='ocrx_word' id='word_1_371' title='bbox 1938 779 2331 842; x_wconf 76' lang='grc' dir='ltr'>πιστεύσαντες</span> <span class='ocrx_word' id='word_1_372' title='bbox 2352 820 2366 837; x_wconf 82' lang='grc'><strong>,</strong></span> <span class='ocrx_word' id='word_1_373' title='bbox 2403 779 2497 832; x_wconf 71' lang='grc' dir='ltr'>καὶ</span> <span class='ocrx_word' id='word_1_374' title='bbox 2527 777 2618 831; x_wconf 85' lang='grc' dir='ltr'><strong>τὸν</strong></span> <span class='ocrx_word' id='word_1_375' title='bbox 2650 777 2759 831; x_wconf 88' lang='grc' dir='ltr'><strong>τῶν</strong></span> <span class='ocrx_word' id='word_1_376' title='bbox 2805 776 2943 830; x_wconf 85' lang='grc' dir='ltr'>ὅλων</span> <span class='ocrx_word' id='word_1_377' title='bbox 2989 776 3124 830; x_wconf 84' lang='grc' dir='ltr'>Θεὸν</span> <span class='ocrx_word' id='word_1_378' title='bbox 3171 776 3258 829; x_wconf 81' lang='grc' dir='ltr'>διὰ</span> <span class='ocrx_word' id='word_1_379' title='bbox 3290 777 3384 847; x_wconf 79' lang='grc' dir='ltr'><strong>τῆς</strong></span> <span class='ocrx_word' id='word_1_380' title='bbox 3414 778 3497 832; x_wconf 56' lang='grc' dir='ltr'><strong>’πί⁸</strong></span> 
     </span>
    </p>
   </div>
   <div class='ocr_carea' id='block_1_52' title="bbox 1941 866 3505 941">
    <p class='ocr_par' dir='ltr' id='par_1_52' title="bbox 1941 866 3505 941">
     <span class='ocr_line' id='line_1_52' title="bbox 1941 866 3505 941; baseline -0.002 -16"><span class='ocrx_word' id='word_1_381' title='bbox 1941 889 2112 934; x_wconf 88' lang='grc' dir='ltr'>στεως</span> <span class='ocrx_word' id='word_1_382' title='bbox 2141 870 2397 941; x_wconf 82' lang='grc' dir='ltr'>ὁρῶντες,</span> <span class='ocrx_word' id='word_1_383' title='bbox 2449 870 2526 933; x_wconf 87' lang='grc' dir='ltr'><strong>ὡς</strong></span> <span class='ocrx_word' id='word_1_384' title='bbox 2560 870 2686 922; x_wconf 82' lang='grc' dir='ltr'>ίδεῖν</span> <span class='ocrx_word' id='word_1_385' title='bbox 2725 867 2968 934; x_wconf 90' lang='grc' dir='ltr'>δυνατὸν,</span> <span class='ocrx_word' id='word_1_386' title='bbox 3018 866 3265 936; x_wconf 71' lang='grc' dir='ltr'>Ἰσραὴλ</span> <span class='ocrx_word' id='word_1_387' title='bbox 3298 876 3505 940; x_wconf 60' lang='grc' dir='ltr'>χρημαο</span> 
     </span>
    </p>
   </div>
   <div class='ocr_carea' id='block_1_53' title="bbox 1939 955 3503 1029">
    <p class='ocr_par' dir='ltr' id='par_1_53' title="bbox 1939 955 3503 1029">
     <span class='ocr_line' id='line_1_53' title="bbox 1939 955 3503 1029; baseline -0.001 -18"><span class='ocrx_word' id='word_1_388' title='bbox 1939 958 2148 1022; x_wconf 78' lang='grc' dir='ltr'>τίξουσι</span> <span class='ocrx_word' id='word_1_389' title='bbox 2175 974 2188 989; x_wconf 75' lang='grc'><strong><em>⁸</em></strong></span> <span class='ocrx_word' id='word_1_390' title='bbox 2239 958 2395 1011; x_wconf 80' lang='grc' dir='ltr'>τοῦτο</span> <span class='ocrx_word' id='word_1_391' title='bbox 2441 957 2552 1026; x_wconf 84' lang='grc' dir='ltr'><strong>γὰρ</strong></span> <span class='ocrx_word' id='word_1_392' title='bbox 2595 955 2888 1029; x_wconf 79' lang='grc' dir='ltr'>ἑρμηνεύει</span> <span class='ocrx_word' id='word_1_393' title='bbox 2929 955 2987 1009; x_wconf 89' lang='grc' dir='ltr'><strong>τὸ</strong></span> <span class='ocrx_word' id='word_1_394' title='bbox 3046 956 3253 1025; x_wconf 74' lang='grc' dir='ltr'><strong>δνομα⁸</strong></span> <span class='ocrx_word' id='word_1_395' title='bbox 3291 958 3382 1010; x_wconf 76' lang='grc' dir='ltr'><strong>καὶ</strong></span> <span class='ocrx_word' id='word_1_396' title='bbox 3420 960 3503 1009; x_wconf 70' lang='grc' dir='ltr'><strong>ἐπ’</strong></span> 
     </span>
    </p>
   </div>
   <div class='ocr_carea' id='block_1_54' title="bbox 1940 1048 3504 1121">
    <p class='ocr_par' dir='ltr' id='par_1_54' title="bbox 1940 1048 3504 1121">
     <span class='ocr_line' id='line_1_54' title="bbox 1940 1048 3504 1121; baseline -0.003 -16"><span class='ocrx_word' id='word_1_397' title='bbox 1940 1051 2165 1105; x_wconf 77' lang='grc' dir='ltr'>ἐκείνων</span> <span class='ocrx_word' id='word_1_398' title='bbox 2216 1050 2273 1103; x_wconf 83' lang='grc' dir='ltr'>δὲ</span> <span class='ocrx_word' id='word_1_399' title='bbox 2317 1049 2476 1103; x_wconf 80' lang='grc' dir='ltr'>τοῦτο</span> <span class='ocrx_word' id='word_1_400' title='bbox 2528 1049 2727 1121; x_wconf 86' lang='grc' dir='ltr'>συνέϐη</span> <span class='ocrx_word' id='word_1_401' title='bbox 2777 1048 2915 1118; x_wconf 84' lang='grc' dir='ltr'>μετὰ</span> <span class='ocrx_word' id='word_1_402' title='bbox 2958 1048 3055 1119; x_wconf 72' lang='grc' dir='ltr'><strong>τὴν</strong></span> <span class='ocrx_word' id='word_1_403' title='bbox 3085 1049 3379 1107; x_wconf 80' lang='grc' dir='ltr'>ἐπάνοδον,</span> <span class='ocrx_word' id='word_1_404' title='bbox 3418 1050 3504 1101; x_wconf 73' lang='grc' dir='ltr'>καὶ</span> 
     </span>
    </p>
   </div>
   <div class='ocr_carea' id='block_1_55' title="bbox 1938 1140 3504 1217">
    <p class='ocr_par' dir='ltr' id='par_1_55' title="bbox 1938 1140 3504 1217">
     <span class='ocr_line' id='line_1_55' title="bbox 1938 1140 3504 1217; baseline -0.004 -18"><span class='ocrx_word' id='word_1_405' title='bbox 1938 1149 2072 1217; x_wconf 89' lang='grc' dir='ltr'>ήμῖν</span> <span class='ocrx_word' id='word_1_406' title='bbox 2143 1143 2477 1216; x_wconf 84' lang='grc' dir='ltr'>κυριώτερον</span> <span class='ocrx_word' id='word_1_407' title='bbox 2555 1142 2649 1197; x_wconf 59' lang='grc' dir='ltr'><strong>καὶ¹</strong></span> <span class='ocrx_word' id='word_1_408' title='bbox 2729 1140 3095 1212; x_wconf 82' lang='grc' dir='ltr'>ἀληθέστερον</span> <span class='ocrx_word' id='word_1_409' title='bbox 3166 1141 3419 1212; x_wconf 78' lang='grc' dir='ltr'><strong>ἁρμόττει</strong></span> <span class='ocrx_word' id='word_1_410' title='bbox 3474 1145 3504 1212; x_wconf 84' lang='grc' dir='ltr'><strong>ἠ</strong></span> 
     </span>
    </p>
   </div>
   <div class='ocr_carea' id='block_1_56' title="bbox 1940 1232 3508 1306">
    <p class='ocr_par' dir='ltr' id='par_1_56' title="bbox 1940 1232 3508 1306">
     <span class='ocr_line' id='line_1_56' title="bbox 1940 1232 3508 1306; baseline -0.003 -17"><span class='ocrx_word' id='word_1_411' title='bbox 1940 1237 2288 1306; x_wconf 74' lang='grc' dir='ltr'>προφητεία,</span> <span class='ocrx_word' id='word_1_412' title='bbox 2344 1237 2453 1306; x_wconf 80' lang='grc' dir='ltr'><strong>ὅσῳ</strong></span> <span class='ocrx_word' id='word_1_413' title='bbox 2478 1236 2524 1268; x_wconf 79' lang='grc'><strong>³⁸</strong></span> <span class='ocrx_word' id='word_1_414' title='bbox 2579 1234 2638 1287; x_wconf 78' lang='grc' dir='ltr'><strong>ού</strong></span> <span class='ocrx_word' id='word_1_415' title='bbox 2696 1234 2864 1297; x_wconf 83' lang='grc' dir='ltr'>τύπος</span> <span class='ocrx_word' id='word_1_416' title='bbox 2914 1233 2981 1286; x_wconf 78' lang='grc' dir='ltr'><strong>τὰ</strong></span> <span class='ocrx_word' id='word_1_417' title='bbox 3046 1232 3332 1303; x_wconf 79' lang='grc' dir='ltr'>ἡμέτερα,</span> <span class='ocrx_word' id='word_1_418' title='bbox 3382 1232 3508 1285; x_wconf 68' lang='grc' dir='ltr'>ἀλλὰ</span> 
     </span>
    </p>
   </div>
   <div class='ocr_carea' id='block_1_57' title="bbox 1940 1326 2769 1397">
    <p class='ocr_par' dir='ltr' id='par_1_57' title="bbox 1940 1326 2769 1397">
     <span class='ocr_line' id='line_1_57' title="bbox 1940 1326 2769 1397; baseline -0.006 -20"><span class='ocrx_word' id='word_1_419' title='bbox 1940 1326 2185 1397; x_wconf 89' lang='grc' dir='ltr'>ἀλήθεια.</span> <span class='ocrx_word' id='word_1_420' title='bbox 2669 1368 2673 1373; x_wconf 83' lang='grc'><strong>.</strong></span> <span class='ocrx_word' id='word_1_421' title='bbox 2765 1356 2769 1360; x_wconf 68' lang='grc'><strong>»</strong></span> 
     </span>
    </p>
   </div>
   <div class='ocr_carea' id='block_1_58' title="bbox 2012 1411 3511 1487">
    <p class='ocr_par' dir='ltr' id='par_1_58' title="bbox 2012 1411 3511 1487">
     <span class='ocr_line' id='line_1_58' title="bbox 2012 1411 3511 1487; baseline -0.003 -18"><span class='ocrx_word' id='word_1_422' title='bbox 2012 1418 2114 1473; x_wconf 84' lang='grc' dir='ltr'>λα’.</span> <span class='ocrx_word' id='word_1_423' title='bbox 2153 1419 2261 1471; x_wconf 78' lang='lat' dir='ltr'><strong>Kal</strong></span> <span class='ocrx_word' id='word_1_424' title='bbox 2310 1417 2479 1487; x_wconf 79' lang='grc' dir='ltr'>ὑμεῖς</span> <span class='ocrx_word' id='word_1_425' title='bbox 2521 1412 2787 1484; x_wconf 79' lang='grc' dir='ltr'>πρόϐατά</span> <span class='ocrx_word' id='word_1_426' title='bbox 2833 1431 2985 1484; x_wconf 82' lang='grc' dir='ltr'>μου,</span> <span class='ocrx_word' id='word_1_427' title='bbox 3024 1415 3196 1484; x_wconf 61' lang='grc' dir='ltr'>φησι,</span> <span class='ocrx_word' id='word_1_428' title='bbox 3254 1411 3352 1466; x_wconf 76' lang='grc' dir='ltr'>καὶ</span> <span class='ocrx_word' id='word_1_429' title='bbox 3382 1414 3511 1481; x_wconf 73' lang='grc' dir='ltr'>πρέ-</span> 
     </span>
    </p>
   </div>
   <div class='ocr_carea' id='block_1_59' title="bbox 1943 1500 3512 1574">
    <p class='ocr_par' dir='ltr' id='par_1_59' title="bbox 1943 1500 3512 1574">
     <span class='ocr_line' id='line_1_59' title="bbox 1943 1500 3512 1574; baseline -0.005 -15"><span class='ocrx_word' id='word_1_430' title='bbox 1943 1507 2089 1559; x_wconf 80' lang='grc' dir='ltr'>6ατα</span> <span class='ocrx_word' id='word_1_431' title='bbox 2112 1504 2303 1574; x_wconf 80' lang='grc' dir='ltr'>νομῆς</span> <span class='ocrx_word' id='word_1_432' title='bbox 2335 1522 2453 1572; x_wconf 82' lang='grc' dir='ltr'><strong>μου</strong></span> <span class='ocrx_word' id='word_1_433' title='bbox 2472 1504 2537 1554; x_wconf 69' lang='grc'><strong>⁸9.</strong></span> <span class='ocrx_word' id='word_1_434' title='bbox 2576 1502 2685 1556; x_wconf 73' lang='grc' dir='ltr'>Καὶ</span> <span class='ocrx_word' id='word_1_435' title='bbox 2713 1500 2950 1564; x_wconf 81' lang='grc' dir='ltr'>δεικνὺς,</span> <span class='ocrx_word' id='word_1_436' title='bbox 2986 1501 3066 1554; x_wconf 78' lang='grc' dir='ltr'><strong>ὅτι</strong></span> <span class='ocrx_word' id='word_1_437' title='bbox 3099 1501 3159 1553; x_wconf 83' lang='grc' dir='ltr'><strong>ού</strong></span> <span class='ocrx_word' id='word_1_438' title='bbox 3195 1500 3356 1571; x_wconf 76' lang='grc' dir='ltr'>μόνον</span> <span class='ocrx_word' id='word_1_439' title='bbox 3387 1503 3512 1570; x_wconf 79' lang='grc' dir='ltr'>πρὸς</span> 
     </span>
    </p>
   </div>
   <div class='ocr_carea' id='block_1_60' title="bbox 1942 1590 3513 1667">
    <p class='ocr_par' dir='ltr' id='par_1_60' title="bbox 1942 1590 3513 1667">
     <span class='ocr_line' id='line_1_60' title="bbox 1942 1590 3513 1667; baseline -0.004 -18"><span class='ocrx_word' id='word_1_440' title='bbox 1942 1597 2034 1649; x_wconf 87' lang='grc' dir='ltr'><strong>τὸν</strong></span> <span class='ocrx_word' id='word_1_441' title='bbox 2087 1594 2301 1667; x_wconf 79' lang='grc' dir='ltr'>Ἰσραὴλ</span> <span class='ocrx_word' id='word_1_442' title='bbox 2333 1598 2361 1648; x_wconf 83' lang='lat'><strong>6</strong></span> <span class='ocrx_word' id='word_1_443' title='bbox 2400 1595 2577 1663; x_wconf 86' lang='grc' dir='ltr'>λόγος,</span> <span class='ocrx_word' id='word_1_444' title='bbox 2609 1593 2744 1647; x_wconf 82' lang='grc' dir='ltr'>ἀλλὰ</span> <span class='ocrx_word' id='word_1_445' title='bbox 2783 1591 2921 1663; x_wconf 87' lang='grc' dir='ltr'>πρὸς</span> <span class='ocrx_word' id='word_1_446' title='bbox 2949 1593 3130 1645; x_wconf 79' lang='grc' dir='ltr'>πᾶσαν</span> <span class='ocrx_word' id='word_1_447' title='bbox 3172 1591 3285 1645; x_wconf 86' lang='grc' dir='ltr'><strong>τῶν</strong></span> <span class='ocrx_word' id='word_1_448' title='bbox 3312 1590 3513 1661; x_wconf 87' lang='grc' dir='ltr'>ἀνθρὼ-</span> 
     </span>
    </p>
   </div>
   <div class='ocr_carea' id='block_1_61' title="bbox 1946 1686 3513 1758">
    <p class='ocr_par' dir='ltr' id='par_1_61' title="bbox 1946 1686 3513 1758">
     <span class='ocr_line' id='line_1_61' title="bbox 1946 1686 3513 1758; baseline -0.003 -15"><span class='ocrx_word' id='word_1_449' title='bbox 1946 1707 2064 1743; x_wconf 88' lang='grc' dir='ltr'>πων</span> <span class='ocrx_word' id='word_1_450' title='bbox 2099 1688 2261 1757; x_wconf 84' lang='grc' dir='ltr'>φύσιν</span> <span class='ocrx_word' id='word_1_451' title='bbox 2288 1727 2304 1752; x_wconf 91' lang='grc'><strong>,</strong></span> <span class='ocrx_word' id='word_1_452' title='bbox 2353 1687 2666 1756; x_wconf 79' lang='grc' dir='ltr'>ἀναγκαίως</span> <span class='ocrx_word' id='word_1_453' title='bbox 2694 1686 3079 1758; x_wconf 74' lang='grc' dir='ltr'>προστέθεικεν</span> <span class='ocrx_word' id='word_1_454' title='bbox 3103 1702 3115 1715; x_wconf 88' lang='grc'><strong>·</strong></span> <span class='ocrx_word' id='word_1_455' title='bbox 3159 1705 3177 1737; x_wconf 75' lang='grc' dir='ltr'><strong>ι</strong></span> <span class='ocrx_word' id='word_1_456' title='bbox 3213 1686 3513 1756; x_wconf 78' lang='grc' dir='ltr'>’Δνθρωποί</span> 
     </span>
    </p>
   </div>
   <div class='ocr_carea' id='block_1_62' title="bbox 1945 1776 3514 1850">
    <p class='ocr_par' dir='ltr' id='par_1_62' title="bbox 1945 1776 3514 1850">
     <span class='ocr_line' id='line_1_62' title="bbox 1945 1776 3514 1850; baseline -0.003 -16"><span class='ocrx_word' id='word_1_457' title='bbox 1945 1783 2066 1834; x_wconf 79' lang='grc' dir='ltr'>ἐστε</span> <span class='ocrx_word' id='word_1_458' title='bbox 2092 1781 2157 1847; x_wconf 77' lang='grc' dir='ltr'><strong>⁸ο,</strong></span> <span class='ocrx_word' id='word_1_459' title='bbox 2202 1781 2295 1834; x_wconf 82' lang='grc' dir='ltr'><strong>καὶ</strong></span> <span class='ocrx_word' id='word_1_460' title='bbox 2325 1779 2434 1849; x_wconf 82' lang='grc' dir='ltr'><strong>ἐγὼ</strong></span> <span class='ocrx_word' id='word_1_461' title='bbox 2456 1778 2661 1850; x_wconf 86' lang='grc' dir='ltr'>Κύριος</span> <span class='ocrx_word' id='word_1_462' title='bbox 2684 1778 2866 1842; x_wconf 82' lang='grc' dir='ltr'>δ’Θεὸς</span> <span class='ocrx_word' id='word_1_463' title='bbox 2898 1776 3073 1848; x_wconf 85' lang='grc' dir='ltr'>ὑμῶν,</span> <span class='ocrx_word' id='word_1_464' title='bbox 3104 1778 3259 1847; x_wconf 82' lang='grc' dir='ltr'>λέγει</span> <span class='ocrx_word' id='word_1_465' title='bbox 3302 1777 3514 1830; x_wconf 81' lang='grc' dir='ltr'>Ἀδωναῖ</span> 
     </span>
    </p>
   </div>
   <div class='ocr_carea' id='block_1_63' title="bbox 1945 1868 3514 1943">
    <p class='ocr_par' dir='ltr' id='par_1_63' title="bbox 1945 1868 3514 1943">
     <span class='ocr_line' id='line_1_63' title="bbox 1945 1868 3514 1943; baseline -0.003 -18"><span class='ocrx_word' id='word_1_466' title='bbox 1945 1873 2169 1943; x_wconf 87' lang='grc' dir='ltr'>Κύριος.</span> <span class='ocrx_word' id='word_1_467' title='bbox 2210 1891 2227 1923; x_wconf 73' lang='grc' dir='ltr'><strong>ι</strong></span> <span class='ocrx_word' id='word_1_468' title='bbox 2280 1872 2469 1941; x_wconf 80' lang='grc' dir='ltr'>Ὑμεῖς</span> <span class='ocrx_word' id='word_1_469' title='bbox 2507 1871 2604 1941; x_wconf 83' lang='grc' dir='ltr'>μὲν</span> <span class='ocrx_word' id='word_1_470' title='bbox 2633 1870 2742 1940; x_wconf 89' lang='grc' dir='ltr'><strong>γάρ</strong></span> <span class='ocrx_word' id='word_1_471' title='bbox 2790 1869 2890 1938; x_wconf 82' lang='grc' dir='ltr'>τῆς</span> <span class='ocrx_word' id='word_1_472' title='bbox 2929 1868 3226 1939; x_wconf 86' lang='grc' dir='ltr'>θηριωδίας</span> <span class='ocrx_word' id='word_1_473' title='bbox 3276 1869 3514 1922; x_wconf 85' lang='grc' dir='ltr'>ἀπαλλα-</span> 
     </span>
    </p>
   </div>
   <div class='ocr_carea' id='block_1_64' title="bbox 1946 1958 3516 2032">
    <p class='ocr_par' dir='ltr' id='par_1_64' title="bbox 1946 1958 3516 2032">
     <span class='ocr_line' id='line_1_64' title="bbox 1946 1958 3516 2032; baseline -0.003 -16"><span class='ocrx_word' id='word_1_474' title='bbox 1946 1963 2152 2031; x_wconf 85' lang='grc' dir='ltr'>γέντες,</span> <span class='ocrx_word' id='word_1_475' title='bbox 2192 1963 2256 2015; x_wconf 89' lang='grc' dir='ltr'><strong>τὸ</strong></span> <span class='ocrx_word' id='word_1_476' title='bbox 2292 1962 2569 2032; x_wconf 82' lang='grc' dir='ltr'>προσῆκον</span> <span class='ocrx_word' id='word_1_477' title='bbox 2603 1960 2713 2015; x_wconf 90' lang='grc' dir='ltr'><strong>τῶν</strong></span> <span class='ocrx_word' id='word_1_478' title='bbox 2748 1958 3056 2029; x_wconf 84' lang='grc' dir='ltr'>ἀνθρώπων</span> <span class='ocrx_word' id='word_1_479' title='bbox 3086 1962 3153 2028; x_wconf 85' lang='grc' dir='ltr'>τῇ</span> <span class='ocrx_word' id='word_1_480' title='bbox 3203 1958 3365 2029; x_wconf 83' lang='grc' dir='ltr'>φύσει</span> <span class='ocrx_word' id='word_1_481' title='bbox 3391 1962 3516 2031; x_wconf 82' lang='grc' dir='ltr'>κτή-</span> 
     </span>
    </p>
   </div>
   <div class='ocr_carea' id='block_1_65' title="bbox 1949 2049 3517 2123">
    <p class='ocr_par' dir='ltr' id='par_1_65' title="bbox 1949 2049 3517 2123">
     <span class='ocr_line' id='line_1_65' title="bbox 1949 2049 3517 2123; baseline 0 -18"><span class='ocrx_word' id='word_1_482' title='bbox 1949 2053 2113 2105; x_wconf 90' lang='grc' dir='ltr'>σασθε</span> <span class='ocrx_word' id='word_1_483' title='bbox 2170 2054 2465 2123; x_wconf 83' lang='grc' dir='ltr'>φρόνημα·</span> <span class='ocrx_word' id='word_1_484' title='bbox 2526 2053 2637 2121; x_wconf 76' lang='grc' dir='ltr'><strong>ἐγὼ</strong></span> <span class='ocrx_word' id='word_1_485' title='bbox 2688 2051 2746 2104; x_wconf 84' lang='grc' dir='ltr'>δὲ</span> <span class='ocrx_word' id='word_1_486' title='bbox 2797 2049 2951 2121; x_wconf 79' lang='grc' dir='ltr'>ὑμῶν</span> <span class='ocrx_word' id='word_1_487' title='bbox 3011 2050 3208 2122; x_wconf 77' lang='grc' dir='ltr'>ἔσομαι</span> <span class='ocrx_word' id='word_1_488' title='bbox 3268 2051 3401 2112; x_wconf 80' lang='grc' dir='ltr'>Θεὸς</span> <span class='ocrx_word' id='word_1_489' title='bbox 3433 2054 3517 2105; x_wconf 74' lang='grc' dir='ltr'><strong>καὶ</strong></span> 
     </span>
    </p>
   </div>
   <div class='ocr_carea' id='block_1_66' title="bbox 1946 2141 3519 2215">
    <p class='ocr_par' dir='ltr' id='par_1_66' title="bbox 1946 2141 3519 2215">
     <span class='ocr_line' id='line_1_66' title="bbox 1946 2141 3519 2215; baseline -0.001 -19"><span class='ocrx_word' id='word_1_490' title='bbox 1946 2144 2170 2215; x_wconf 85' lang='grc' dir='ltr'>Κύριος,</span> <span class='ocrx_word' id='word_1_491' title='bbox 2200 2146 2380 2198; x_wconf 82' lang='grc' dir='ltr'>πᾶσαν</span> <span class='ocrx_word' id='word_1_492' title='bbox 2408 2143 2561 2214; x_wconf 85' lang='grc' dir='ltr'>ὑμῶν</span> <span class='ocrx_word' id='word_1_493' title='bbox 2590 2144 2844 2215; x_wconf 78' lang='grc' dir='ltr'>πρόνοιαν</span> <span class='ocrx_word' id='word_1_494' title='bbox 2876 2143 2970 2194; x_wconf 75' lang='grc' dir='ltr'>καὶ</span> <span class='ocrx_word' id='word_1_495' title='bbox 2997 2141 3326 2212; x_wconf 80' lang='grc' dir='ltr'>κηδεμονίαν</span> <span class='ocrx_word' id='word_1_496' title='bbox 3347 2142 3519 2195; x_wconf 64' lang='grc' dir='ltr'>ποιούς</span> 
     </span>
    </p>
   </div>
   <div class='ocr_carea' id='block_1_67' title="bbox 1951 2231 3521 2305">
    <p class='ocr_par' dir='ltr' id='par_1_67' title="bbox 1951 2231 3521 2305">
     <span class='ocr_line' id='line_1_67' title="bbox 1951 2231 3521 2305; baseline 0.001 -19"><span class='ocrx_word' id='word_1_497' title='bbox 1951 2250 2132 2303; x_wconf 87' lang='grc' dir='ltr'>μενος.</span> <span class='ocrx_word' id='word_1_498' title='bbox 2177 2237 2237 2287; x_wconf 91' lang='lat' dir='ltr'><strong>&#39;H</strong></span> <span class='ocrx_word' id='word_1_499' title='bbox 2276 2235 2375 2305; x_wconf 82' lang='grc' dir='ltr'><strong>μὲν</strong></span> <span class='ocrx_word' id='word_1_500' title='bbox 2414 2231 2508 2288; x_wconf 77' lang='grc' dir='ltr'><strong>οὖν</strong></span> <span class='ocrx_word' id='word_1_501' title='bbox 2544 2233 2850 2305; x_wconf 79' lang='grc' dir='ltr'>προφητεία</span> <span class='ocrx_word' id='word_1_502' title='bbox 2882 2233 3087 2303; x_wconf 87' lang='grc' dir='ltr'>ταύτην</span> <span class='ocrx_word' id='word_1_503' title='bbox 3115 2233 3231 2303; x_wconf 80' lang='grc' dir='ltr'>ἔχει</span> <span class='ocrx_word' id='word_1_504' title='bbox 3267 2233 3364 2304; x_wconf 83' lang='grc' dir='ltr'>τὴν</span> <span class='ocrx_word' id='word_1_505' title='bbox 3409 2232 3521 2287; x_wconf 80' lang='grc' dir='ltr'><strong>διὰ-</strong></span> 
     </span>
    </p>
   </div>
   <div class='ocr_carea' id='block_1_68' title="bbox 1947 2323 3521 2395">
    <p class='ocr_par' dir='ltr' id='par_1_68' title="bbox 1947 2323 3521 2395">
     <span class='ocr_line' id='line_1_68' title="bbox 1947 2323 3521 2395; baseline -0.001 -19"><span class='ocrx_word' id='word_1_506' title='bbox 1947 2341 2114 2377; x_wconf 81' lang='grc' dir='ltr'>νοιαν.</span> <span class='ocrx_word' id='word_1_507' title='bbox 2155 2325 2296 2392; x_wconf 75' lang='grc' dir='ltr'><strong>Ἐγὼ</strong></span> <span class='ocrx_word' id='word_1_508' title='bbox 2323 2325 2377 2378; x_wconf 83' lang='grc' dir='ltr'>δὲ</span> <span class='ocrx_word' id='word_1_509' title='bbox 2415 2325 2474 2377; x_wconf 88' lang='grc' dir='ltr'><strong>τὸ</strong></span> <span class='ocrx_word' id='word_1_510' title='bbox 2515 2325 2611 2395; x_wconf 82' lang='grc' dir='ltr'>μὲν</span> <span class='ocrx_word' id='word_1_511' title='bbox 2668 2323 2954 2388; x_wconf 82' lang='grc' dir='ltr'>Ἰουδαίους</span> <span class='ocrx_word' id='word_1_512' title='bbox 2986 2323 3237 2394; x_wconf 80' lang='grc' dir='ltr'>συνήθως</span> <span class='ocrx_word' id='word_1_513' title='bbox 3271 2325 3521 2395; x_wconf 81' lang='grc' dir='ltr'>ἀνοηταί-</span> 
     </span>
    </p>
   </div>
   <div class='ocr_carea' id='block_1_69' title="bbox 1946 2414 3517 2486">
    <p class='ocr_par' dir='ltr' id='par_1_69' title="bbox 1946 2414 3517 2486">
     <span class='ocr_line' id='line_1_69' title="bbox 1946 2414 3517 2486; baseline -0.001 -17"><span class='ocrx_word' id='word_1_514' title='bbox 1946 2433 2057 2469; x_wconf 90' lang='grc' dir='ltr'>νειν</span> <span class='ocrx_word' id='word_1_515' title='bbox 2124 2417 2275 2469; x_wconf 73' lang='grc' dir='ltr'>οὐδὲν</span> <span class='ocrx_word' id='word_1_516' title='bbox 2341 2415 2577 2486; x_wconf 79' lang='grc' dir='ltr'>ἠγοῦμαι</span> <span class='ocrx_word' id='word_1_517' title='bbox 2654 2417 2878 2480; x_wconf 83' lang='grc' dir='ltr'>καινὸν,</span> <span class='ocrx_word' id='word_1_518' title='bbox 2950 2414 3221 2485; x_wconf 74' lang='grc' dir='ltr'>θαυμάζω</span> <span class='ocrx_word' id='word_1_519' title='bbox 3299 2415 3358 2467; x_wconf 78' lang='grc' dir='ltr'>δὲ</span> <span class='ocrx_word' id='word_1_520' title='bbox 3414 2414 3517 2468; x_wconf 83' lang='grc' dir='ltr'><strong>τῶν</strong></span> 
     </span>
    </p>
   </div>
   <div class='ocr_carea' id='block_1_70' title="bbox 1947 2507 3517 2580">
    <p class='ocr_par' dir='ltr' id='par_1_70' title="bbox 1947 2507 3517 2580">
     <span class='ocr_line' id='line_1_70' title="bbox 1947 2507 3517 2580; baseline -0.001 -18"><span class='ocrx_word' id='word_1_521' title='bbox 1947 2509 2234 2580; x_wconf 75' lang='grc' dir='ltr'>ἡμετέρων</span> <span class='ocrx_word' id='word_1_522' title='bbox 2276 2509 2451 2572; x_wconf 81' lang='grc' dir='ltr'>ἐνίους</span> <span class='ocrx_word' id='word_1_523' title='bbox 2504 2507 2820 2578; x_wconf 76' lang='grc' dir='ltr'>τολμῶντας</span> <span class='ocrx_word' id='word_1_524' title='bbox 2862 2508 3078 2561; x_wconf 76' lang='grc' dir='ltr'>ἅπαντα</span> <span class='ocrx_word' id='word_1_525' title='bbox 3115 2509 3195 2571; x_wconf 85' lang='grc' dir='ltr'><strong>είς</strong></span> <span class='ocrx_word' id='word_1_526' title='bbox 3234 2508 3330 2560; x_wconf 87' lang='grc' dir='ltr'><strong>τὸν</strong></span> <span class='ocrx_word' id='word_1_527' title='bbox 3362 2510 3517 2578; x_wconf 87' lang='grc' dir='ltr'><strong>Ζορο⁶</strong></span> 
     </span>
    </p>
   </div>
   <div class='ocr_carea' id='block_1_71' title="bbox 1949 2588 3526 2671">
    <p class='ocr_par' dir='ltr' id='par_1_71' title="bbox 1949 2588 3526 2671">
     <span class='ocr_line' id='line_1_71' title="bbox 1949 2588 3526 2671; baseline -0.001 -19"><span class='ocrx_word' id='word_1_528' title='bbox 1949 2600 2116 2654; x_wconf 83' lang='grc' dir='ltr'>ϐάϐελ</span> <span class='ocrx_word' id='word_1_529' title='bbox 2151 2601 2473 2671; x_wconf 85' lang='grc' dir='ltr'>λαμϐάνειν,</span> <span class='ocrx_word' id='word_1_530' title='bbox 2515 2602 2610 2654; x_wconf 80' lang='grc' dir='ltr'><strong>καὶ</strong></span> <span class='ocrx_word' id='word_1_531' title='bbox 2654 2602 2729 2671; x_wconf 79' lang='grc' dir='ltr'>μὴ</span> <span class='ocrx_word' id='word_1_532' title='bbox 2775 2600 3078 2665; x_wconf 81' lang='grc' dir='ltr'>συνιέντας,</span> <span class='ocrx_word' id='word_1_533' title='bbox 3104 2600 3189 2652; x_wconf 84' lang='grc' dir='ltr'><strong>ὅτι</strong></span> <span class='ocrx_word' id='word_1_534' title='bbox 3232 2597 3345 2651; x_wconf 87' lang='grc' dir='ltr'><strong>τῶν</strong></span> <span class='ocrx_word' id='word_1_535' title='bbox 3372 2588 3526 2667; x_wconf 57' lang='grc' dir='ltr'>εἱρηξ</span> 
     </span>
    </p>
   </div>
   <div class='ocr_carea' id='block_1_72' title="bbox 1951 2690 3519 2767">
    <p class='ocr_par' dir='ltr' id='par_1_72' title="bbox 1951 2690 3519 2767">
     <span class='ocr_line' id='line_1_72' title="bbox 1951 2690 3519 2767; baseline -0.001 -22"><span class='ocrx_word' id='word_1_536' title='bbox 1951 2693 2127 2767; x_wconf 84' lang='grc' dir='ltr'>μένων</span> <span class='ocrx_word' id='word_1_537' title='bbox 2169 2693 2237 2744; x_wconf 88' lang='grc' dir='ltr'>τὰ</span> <span class='ocrx_word' id='word_1_538' title='bbox 2281 2692 2504 2745; x_wconf 87' lang='grc' dir='ltr'>πλεῖστα</span> <span class='ocrx_word' id='word_1_539' title='bbox 2544 2691 2805 2763; x_wconf 86' lang='grc' dir='ltr'>ἀντικρύς</span> <span class='ocrx_word' id='word_1_540' title='bbox 2840 2693 2985 2745; x_wconf 77' lang='grc' dir='ltr'>ἐστιν</span> <span class='ocrx_word' id='word_1_541' title='bbox 3029 2691 3250 2744; x_wconf 75' lang='grc' dir='ltr'>ἐναντία</span> <span class='ocrx_word' id='word_1_542' title='bbox 3291 2691 3401 2744; x_wconf 87' lang='grc' dir='ltr'><strong>τῶν</strong></span> <span class='ocrx_word' id='word_1_543' title='bbox 3434 2690 3519 2744; x_wconf 79' lang='grc' dir='ltr'>ὕπ’</span> 
     </span>
    </p>
   </div>
   <div class='ocr_carea' id='block_1_73' title="bbox 1949 2783 3520 2854">
    <p class='ocr_par' dir='ltr' id='par_1_73' title="bbox 1949 2783 3520 2854">
     <span class='ocr_line' id='line_1_73' title="bbox 1949 2783 3520 2854; baseline -0.001 -17"><span class='ocrx_word' id='word_1_544' title='bbox 1949 2785 2157 2837; x_wconf 78' lang='grc' dir='ltr'>ἐκείνου</span> <span class='ocrx_word' id='word_1_545' title='bbox 2212 2783 2624 2853; x_wconf 73' lang='grc' dir='ltr'>γεγενημένωνο</span> <span class='ocrx_word' id='word_1_546' title='bbox 2683 2784 2746 2836; x_wconf 86' lang='grc' dir='ltr'><strong>τὸ</strong></span> <span class='ocrx_word' id='word_1_547' title='bbox 2799 2784 2949 2854; x_wconf 80' lang='grc' dir='ltr'>γάρ’</span> <span class='ocrx_word' id='word_1_548' title='bbox 3000 2802 3018 2834; x_wconf 76' lang='grc' dir='ltr'><strong>ι</strong></span> <span class='ocrx_word' id='word_1_549' title='bbox 3057 2783 3402 2854; x_wconf 85' lang='grc' dir='ltr'>Διαθήσομαι</span> <span class='ocrx_word' id='word_1_550' title='bbox 3449 2784 3520 2853; x_wconf 83' lang='grc' dir='ltr'><strong>τῷ</strong></span> 
     </span>
    </p>
   </div>
   <div class='ocr_carea' id='block_1_74' title="bbox 1949 2872 3521 2944">
    <p class='ocr_par' dir='ltr' id='par_1_74' title="bbox 1949 2872 3521 2944">
     <span class='ocr_line' id='line_1_74' title="bbox 1949 2872 3521 2944; baseline 0.001 -19"><span class='ocrx_word' id='word_1_551' title='bbox 1949 2873 2111 2926; x_wconf 80' lang='grc' dir='ltr'>Δαϐὶδ</span> <span class='ocrx_word' id='word_1_552' title='bbox 2145 2872 2409 2943; x_wconf 72' lang='grc' dir='ltr'>διαθήκην</span> <span class='ocrx_word' id='word_1_553' title='bbox 2441 2874 2691 2944; x_wconf 75' lang='grc' dir='ltr'>εἰρήνης,</span> <span class='ocrx_word' id='word_1_554' title='bbox 2741 2873 2838 2925; x_wconf 76' lang='grc' dir='ltr'>καὶ</span> <span class='ocrx_word' id='word_1_555' title='bbox 2868 2872 3080 2942; x_wconf 78' lang='grc' dir='ltr'><strong>ἀφανιῶ</strong></span> <span class='ocrx_word' id='word_1_556' title='bbox 3118 2873 3286 2944; x_wconf 83' lang='grc' dir='ltr'>θηρία</span> <span class='ocrx_word' id='word_1_557' title='bbox 3318 2876 3521 2944; x_wconf 79' lang='grc' dir='ltr'>πονηρά</span> 
     </span>
    </p>
   </div>
   <div class='ocr_carea' id='block_1_75' title="bbox 1949 2965 3523 3037">
    <p class='ocr_par' dir='ltr' id='par_1_75' title="bbox 1949 2965 3523 3037">
     <span class='ocr_line' id='line_1_75' title="bbox 1949 2965 3523 3037; baseline -0.001 -18"><span class='ocrx_word' id='word_1_558' title='bbox 1949 2965 2057 3019; x_wconf 83' lang='grc' dir='ltr'><strong>ἀπὸ</strong></span> <span class='ocrx_word' id='word_1_559' title='bbox 2078 2965 2180 3035; x_wconf 79' lang='grc' dir='ltr'>τῆς</span> <span class='ocrx_word' id='word_1_560' title='bbox 2203 2966 2329 3036; x_wconf 79' lang='grc' dir='ltr'>γῆς,</span> <span class='ocrx_word' id='word_1_561' title='bbox 2366 2965 2461 3017; x_wconf 73' lang='grc' dir='ltr'><strong>καὶ</strong></span> <span class='ocrx_word' id='word_1_562' title='bbox 2490 2966 2906 3033; x_wconf 81' lang='grc' dir='ltr'>κατοικήσουσιν</span> <span class='ocrx_word' id='word_1_563' title='bbox 2934 2966 2993 3017; x_wconf 83' lang='grc' dir='ltr'>ὲν</span> <span class='ocrx_word' id='word_1_564' title='bbox 3020 2968 3084 3037; x_wconf 79' lang='grc' dir='ltr'>τῇ</span> <span class='ocrx_word' id='word_1_565' title='bbox 3114 2966 3311 3037; x_wconf 77' lang='grc' dir='ltr'>ἐρήμῳ</span> <span class='ocrx_word' id='word_1_566' title='bbox 3348 2983 3523 3020; x_wconf 79' lang='grc' dir='ltr'>πεποι-</span> 
     </span>
    </p>
   </div>
   <div class='ocr_carea' id='block_1_76' title="bbox 1950 3043 3519 3126">
    <p class='ocr_par' dir='ltr' id='par_1_76' title="bbox 1950 3043 3519 3126">
     <span class='ocr_line' id='line_1_76' title="bbox 1950 3043 3519 3126; baseline 0 -17"><span class='ocrx_word' id='word_1_567' title='bbox 1950 3056 2143 3120; x_wconf 87' lang='grc' dir='ltr'>θότες,</span> <span class='ocrx_word' id='word_1_568' title='bbox 2191 3043 2293 3110; x_wconf 68' lang='grc' dir='ltr'>’καὶ</span> <span class='ocrx_word' id='word_1_569' title='bbox 2347 3055 2687 3109; x_wconf 83' lang='grc' dir='ltr'>ὑπνώσουσιν</span> <span class='ocrx_word' id='word_1_570' title='bbox 2740 3057 2797 3109; x_wconf 80' lang='grc' dir='ltr'><strong>ὲν</strong></span> <span class='ocrx_word' id='word_1_571' title='bbox 2853 3059 2967 3119; x_wconf 84' lang='grc' dir='ltr'>τοῖς</span> <span class='ocrx_word' id='word_1_572' title='bbox 3024 3057 3269 3126; x_wconf 82' lang='grc' dir='ltr'>δρυμοῖς.</span> <span class='ocrx_word' id='word_1_573' title='bbox 3315 3076 3335 3110; x_wconf 74' lang='grc' dir='ltr'><strong>ι</strong></span> <span class='ocrx_word' id='word_1_574' title='bbox 3386 3058 3519 3111; x_wconf 81' lang='grc' dir='ltr'>Καί·</span> 
     </span>
    </p>
   </div>
   <div class='ocr_carea' id='block_1_77' title="bbox 1956 3145 3522 3217">
    <p class='ocr_par' dir='ltr' id='par_1_77' title="bbox 1956 3145 3522 3217">
     <span class='ocr_line' id='line_1_77' title="bbox 1956 3145 3522 3217; baseline 0.002 -19"><span class='ocrx_word' id='word_1_575' title='bbox 1956 3164 1975 3198; x_wconf 77' lang='grc' dir='ltr'><strong>ι</strong></span> <span class='ocrx_word' id='word_1_576' title='bbox 2011 3149 2446 3217; x_wconf 80' lang='grc' dir='ltr'>Κατοικήσουσιν</span> <span class='ocrx_word' id='word_1_577' title='bbox 2495 3147 2580 3199; x_wconf 75' lang='grc' dir='ltr'><strong>ἐπ’</strong></span> <span class='ocrx_word' id='word_1_578' title='bbox 2628 3147 2805 3199; x_wconf 78' lang='grc' dir='ltr'>ἐλπίδι</span> <span class='ocrx_word' id='word_1_579' title='bbox 2830 3187 2844 3211; x_wconf 93' lang='grc'><strong>,</strong></span> <span class='ocrx_word' id='word_1_580' title='bbox 2880 3148 3030 3200; x_wconf 72' lang='lat' dir='ltr'><strong>ml.“</strong></span> <span class='ocrx_word' id='word_1_581' title='bbox 3064 3145 3164 3200; x_wconf 82' lang='grc' dir='ltr'><strong>οὐκ</strong></span> <span class='ocrx_word' id='word_1_582' title='bbox 3192 3146 3353 3201; x_wconf 73' lang='grc' dir='ltr'>ἔσται</span> <span class='ocrx_word' id='word_1_583' title='bbox 3381 3149 3409 3201; x_wconf 88' lang='lat'><strong>6</strong></span> <span class='ocrx_word' id='word_1_584' title='bbox 3435 3149 3522 3201; x_wconf 83' lang='grc' dir='ltr'>ἐκ·</span> 
     </span>
    </p>
   </div>
   <div class='ocr_carea' id='block_1_78' title="bbox 1952 3234 3522 3310">
    <p class='ocr_par' dir='ltr' id='par_1_78' title="bbox 1952 3234 3522 3310">
     <span class='ocr_line' id='line_1_78' title="bbox 1952 3234 3522 3310; baseline 0.001 -18"><span class='ocrx_word' id='word_1_585' title='bbox 1952 3240 2133 3309; x_wconf 78' lang='grc' dir='ltr'>φοϐῶν</span> <span class='ocrx_word' id='word_1_586' title='bbox 2163 3240 2379 3306; x_wconf 79' lang='grc' dir='ltr'>αὐτοὺς,</span> <span class='ocrx_word' id='word_1_587' title='bbox 2417 3240 2511 3292; x_wconf 72' lang='grc' dir='ltr'>καὶ</span> <span class='ocrx_word' id='word_1_588' title='bbox 2548 3239 2840 3307; x_wconf 79' lang='grc' dir='ltr'>ἀναστήσω</span> <span class='ocrx_word' id='word_1_589' title='bbox 2877 3239 3060 3301; x_wconf 79' lang='grc' dir='ltr'>αὐτοῖς</span> <span class='ocrx_word' id='word_1_590' title='bbox 3091 3234 3258 3309; x_wconf 81' lang='grc' dir='ltr'>φυτὸν</span> <span class='ocrx_word' id='word_1_591' title='bbox 3303 3240 3522 3310; x_wconf 82' lang='grc' dir='ltr'>εἰρήνης</span> 
     </span>
    </p>
   </div>
   <div class='ocr_carea' id='block_1_79' title="bbox 1904 3320 3527 3400">
    <p class='ocr_par' dir='ltr' id='par_1_79' title="bbox 1904 3320 3527 3400">
     <span class='ocr_line' id='line_1_79' title="bbox 1904 3320 3527 3400; baseline 0.001 -18"><span class='ocrx_word' id='word_1_592' title='bbox 1904 3342 1907 3343; x_wconf 65' lang='grc'><strong><em>⁷</em></strong></span> <span class='ocrx_word' id='word_1_593' title='bbox 1950 3332 2030 3394; x_wconf 78' lang='grc' dir='ltr'>εἰς</span> <span class='ocrx_word' id='word_1_594' title='bbox 2054 3330 2246 3399; x_wconf 83' lang='grc' dir='ltr'>ὄνομα,</span> <span class='ocrx_word' id='word_1_595' title='bbox 2278 3332 2371 3383; x_wconf 73' lang='grc' dir='ltr'>καὶ</span> <span class='ocrx_word' id='word_1_596' title='bbox 2423 3331 2525 3383; x_wconf 76' lang='grc' dir='ltr'><strong>οὐκ</strong></span> <span class='ocrx_word' id='word_1_597' title='bbox 2577 3330 2658 3382; x_wconf 78' lang='grc' dir='ltr'>ἔτι</span> <span class='ocrx_word' id='word_1_598' title='bbox 2710 3331 2926 3383; x_wconf 78' lang='grc' dir='ltr'>ἔσονται</span> <span class='ocrx_word' id='word_1_599' title='bbox 2977 3329 3344 3400; x_wconf 77' lang='grc' dir='ltr'>ἀπολλύμενοι</span> <span class='ocrx_word' id='word_1_600' title='bbox 3400 3332 3456 3384; x_wconf 78' lang='grc' dir='ltr'>ἐν</span> <span class='ocrx_word' id='word_1_601' title='bbox 3484 3320 3527 3352; x_wconf 71' lang='grc'><strong>⁸⁸</strong></span> 
     </span>
    </p>
   </div>
   <div class='ocr_carea' id='block_1_80' title="bbox 1950 3421 3520 3493">
    <p class='ocr_par' dir='ltr' id='par_1_80' title="bbox 1950 3421 3520 3493">
     <span class='ocr_line' id='line_1_80' title="bbox 1950 3421 3520 3493; baseline 0.002 -19"><span class='ocrx_word' id='word_1_602' title='bbox 1950 3421 2093 3491; x_wconf 85' lang='grc' dir='ltr'>λιμῷ</span> <span class='ocrx_word' id='word_1_603' title='bbox 2143 3422 2237 3475; x_wconf 76' lang='grc' dir='ltr'>ἐπὶ</span> <span class='ocrx_word' id='word_1_604' title='bbox 2286 3421 2387 3489; x_wconf 83' lang='grc' dir='ltr'>τῆς</span> <span class='ocrx_word' id='word_1_605' title='bbox 2419 3421 2559 3491; x_wconf 78' lang='grc' dir='ltr'>γῆς,</span> <span class='ocrx_word' id='word_1_606' title='bbox 2609 3421 2703 3474; x_wconf 75' lang='grc' dir='ltr'><strong>καὶ</strong></span> <span class='ocrx_word' id='word_1_607' title='bbox 2751 3423 2811 3474; x_wconf 76' lang='grc' dir='ltr'><strong>οὐ</strong></span> <span class='ocrx_word' id='word_1_608' title='bbox 2855 3421 2929 3493; x_wconf 79' lang='grc' dir='ltr'><strong>μή</strong></span> <span class='ocrx_word' id='word_1_609' title='bbox 2977 3422 3275 3489; x_wconf 85' lang='grc' dir='ltr'>ὲνέγκωσιν</span> <span class='ocrx_word' id='word_1_610' title='bbox 3315 3423 3520 3477; x_wconf 79' lang='grc' dir='ltr'>οὐκέτι</span> 
     </span>
    </p>
   </div>
   <div class='ocr_carea' id='block_1_81' title="bbox 1949 3512 3520 3585">
    <p class='ocr_par' dir='ltr' id='par_1_81' title="bbox 1949 3512 3520 3585">
     <span class='ocr_line' id='line_1_81' title="bbox 1949 3512 3520 3585; baseline 0.003 -21"><span class='ocrx_word' id='word_1_611' title='bbox 1949 3513 2250 3583; x_wconf 84' lang='grc' dir='ltr'>ὀνειδισμὸν</span> <span class='ocrx_word' id='word_1_612' title='bbox 2303 3512 2471 3567; x_wconf 84' lang='grc' dir='ltr'>ἐθνῶν</span> <span class='ocrx_word' id='word_1_613' title='bbox 2499 3530 2512 3542; x_wconf 81' lang='lat'><strong><em>°</em></strong></span> <span class='ocrx_word' id='word_1_614' title='bbox 2574 3532 2593 3565; x_wconf 75' lang='grc' dir='ltr'><strong>ι</strong></span> <span class='ocrx_word' id='word_1_615' title='bbox 2656 3512 2935 3577; x_wconf 86' lang='grc' dir='ltr'>παντελῶς</span> <span class='ocrx_word' id='word_1_616' title='bbox 2989 3513 3210 3567; x_wconf 77' lang='grc' dir='ltr'>ἐναντία</span> <span class='ocrx_word' id='word_1_617' title='bbox 3266 3518 3336 3585; x_wconf 80' lang='grc' dir='ltr'><strong>τῇ</strong></span> <span class='ocrx_word' id='word_1_618' title='bbox 3398 3517 3520 3584; x_wconf 71' lang='grc' dir='ltr'>περὶ</span> 
     </span>
    </p>
   </div>
   <div class='ocr_carea' id='block_1_82' title="bbox 1950 3603 3522 3678">
    <p class='ocr_par' dir='ltr' id='par_1_82' title="bbox 1950 3603 3522 3678">
     <span class='ocr_line' id='line_1_82' title="bbox 1950 3603 3522 3678; baseline 0 -20"><span class='ocrx_word' id='word_1_619' title='bbox 1950 3606 2160 3659; x_wconf 80' lang='grc' dir='ltr'>ἐκείνου</span> <span class='ocrx_word' id='word_1_620' title='bbox 2202 3607 2417 3678; x_wconf 74' lang='grc' dir='ltr'>ἱστορίᾳ</span> <span class='ocrx_word' id='word_1_621' title='bbox 2451 3606 2580 3659; x_wconf 75' lang='grc' dir='ltr'>ὄντα</span> <span class='ocrx_word' id='word_1_622' title='bbox 2612 3606 2887 3675; x_wconf 85' lang='grc' dir='ltr'>τυγχάνει.</span> <span class='ocrx_word' id='word_1_623' title='bbox 2926 3605 3163 3667; x_wconf 80' lang='grc' dir='ltr'>Ἐκεῖνος</span> <span class='ocrx_word' id='word_1_624' title='bbox 3187 3603 3294 3676; x_wconf 83' lang='grc' dir='ltr'><strong>γὰρ</strong></span> <span class='ocrx_word' id='word_1_625' title='bbox 3325 3607 3391 3658; x_wconf 84' lang='grc' dir='ltr'>ἐκ</span> <span class='ocrx_word' id='word_1_626' title='bbox 3429 3607 3522 3673; x_wconf 78' lang='grc' dir='ltr'>τῆς</span> 
     </span>
    </p>
   </div>
   <div class='ocr_carea' id='block_1_83' title="bbox 1950 3696 3523 3767">
    <p class='ocr_par' dir='ltr' id='par_1_83' title="bbox 1950 3696 3523 3767">
     <span class='ocr_line' id='line_1_83' title="bbox 1950 3696 3523 3767; baseline 0 -20"><span class='ocrx_word' id='word_1_627' title='bbox 1950 3696 2268 3759; x_wconf 86' lang='grc' dir='ltr'>Βαϐυλῶνος</span> <span class='ocrx_word' id='word_1_628' title='bbox 2314 3696 2626 3751; x_wconf 77' lang='grc' dir='ltr'>ἐπανελθὼν</span> <span class='ocrx_word' id='word_1_629' title='bbox 2646 3738 2660 3762; x_wconf 94' lang='grc'><strong>,</strong></span> <span class='ocrx_word' id='word_1_630' title='bbox 2692 3697 2786 3750; x_wconf 77' lang='grc' dir='ltr'>καὶ</span> <span class='ocrx_word' id='word_1_631' title='bbox 2816 3697 3187 3766; x_wconf 80' lang='grc' dir='ltr'>ἀνοικοδομεῖν</span> <span class='ocrx_word' id='word_1_632' title='bbox 3219 3696 3523 3767; x_wconf 78' lang='grc' dir='ltr'>ἀρξάμενος</span> 
     </span>
    </p>
   </div>
   <div class='ocr_carea' id='block_1_84' title="bbox 1950 3779 3525 3861">
    <p class='ocr_par' dir='ltr' id='par_1_84' title="bbox 1950 3779 3525 3861">
     <span class='ocr_line' id='line_1_84' title="bbox 1950 3779 3525 3861; baseline -0.003 -20"><span class='ocrx_word' id='word_1_633' title='bbox 1950 3788 2040 3842; x_wconf 82' lang='grc' dir='ltr'><strong>τὸν</strong></span> <span class='ocrx_word' id='word_1_634' title='bbox 2067 3788 2206 3842; x_wconf 87' lang='grc' dir='ltr'>θεῖον</span> <span class='ocrx_word' id='word_1_635' title='bbox 2232 3790 2389 3854; x_wconf 88' lang='grc' dir='ltr'>νεὼν,</span> <span class='ocrx_word' id='word_1_636' title='bbox 2424 3789 2528 3844; x_wconf 82' lang='grc' dir='ltr'>ὑπὸ</span> <span class='ocrx_word' id='word_1_637' title='bbox 2568 3789 2678 3843; x_wconf 91' lang='grc' dir='ltr'><strong>τῶν</strong></span> <span class='ocrx_word' id='word_1_638' title='bbox 2708 3779 3108 3861; x_wconf 77' lang='grc' dir='ltr'>πλησιοχώρων</span> <span class='ocrx_word' id='word_1_639' title='bbox 3141 3789 3312 3842; x_wconf 83' lang='grc' dir='ltr'>ἐθνῶν</span> <span class='ocrx_word' id='word_1_640' title='bbox 3338 3789 3525 3842; x_wconf 85' lang='grc' dir='ltr'>διεκω-</span> 
     </span>
    </p>
   </div>
   <div class='ocr_carea' id='block_1_85' title="bbox 1951 3880 3522 3952">
    <p class='ocr_par' dir='ltr' id='par_1_85' title="bbox 1951 3880 3522 3952">
     <span class='ocr_line' id='line_1_85' title="bbox 1951 3880 3522 3952; baseline -0.001 -18"><span class='ocrx_word' id='word_1_641' title='bbox 1951 3881 2082 3952; x_wconf 87' lang='grc' dir='ltr'>λύθη</span> <span class='ocrx_word' id='word_1_642' title='bbox 2109 3882 2263 3944; x_wconf 83' lang='grc' dir='ltr'>τέλος</span> <span class='ocrx_word' id='word_1_643' title='bbox 2305 3881 2572 3935; x_wconf 81' lang='grc' dir='ltr'>ἐπιθεῖναι</span> <span class='ocrx_word' id='word_1_644' title='bbox 2600 3881 2679 3952; x_wconf 84' lang='grc' dir='ltr'>τῷ</span> <span class='ocrx_word' id='word_1_645' title='bbox 2718 3881 2885 3952; x_wconf 79' lang='grc' dir='ltr'>ἔργῳ.</span> <span class='ocrx_word' id='word_1_646' title='bbox 2926 3882 3017 3935; x_wconf 83' lang='grc' dir='ltr'>Διὸ</span> <span class='ocrx_word' id='word_1_647' title='bbox 3051 3880 3109 3948; x_wconf 77' lang='grc' dir='ltr'><strong>ἒξ</strong></span> <span class='ocrx_word' id='word_1_648' title='bbox 3144 3881 3238 3934; x_wconf 80' lang='grc' dir='ltr'><strong>καὶ</strong></span> <span class='ocrx_word' id='word_1_649' title='bbox 3261 3881 3522 3950; x_wconf 85' lang='grc' dir='ltr'>τεσσαρά-</span> 
     </span>
    </p>
   </div>
   <div class='ocr_carea' id='block_1_86' title="bbox 1951 3972 3523 4045">
    <p class='ocr_par' dir='ltr' id='par_1_86' title="bbox 1951 3972 3523 4045">
     <span class='ocr_line' id='line_1_86' title="bbox 1951 3972 3523 4045; baseline -0.004 -18"><span class='ocrx_word' id='word_1_650' title='bbox 1951 3991 2113 4027; x_wconf 89' lang='grc' dir='ltr'>κοντα</span> <span class='ocrx_word' id='word_1_651' title='bbox 2146 3974 2555 4045; x_wconf 85' lang='grc' dir='ltr'>διαδραμόντων</span> <span class='ocrx_word' id='word_1_652' title='bbox 2606 3973 2778 4039; x_wconf 83' lang='grc' dir='ltr'>ὲτῶν,</span> <span class='ocrx_word' id='word_1_653' title='bbox 2831 3972 3098 4027; x_wconf 72' lang='grc' dir='ltr'>καὶκατὰ</span> <span class='ocrx_word' id='word_1_654' title='bbox 3152 3972 3252 4044; x_wconf 77' lang='grc' dir='ltr'>τὴν</span> <span class='ocrx_word' id='word_1_655' title='bbox 3294 3972 3523 4026; x_wconf 78' lang='grc' dir='ltr'>παλαιὰν</span> 
     </span>
    </p>
   </div>
   <div class='ocr_carea' id='block_1_87' title="bbox 1955 4064 3521 4138">
    <p class='ocr_par' dir='ltr' id='par_1_87' title="bbox 1955 4064 3521 4138">
     <span class='ocr_line' id='line_1_87' title="bbox 1955 4064 3521 4138; baseline -0.003 -20"><span class='ocrx_word' id='word_1_656' title='bbox 1955 4067 2214 4138; x_wconf 81' lang='grc' dir='ltr'>ἱστορίαν,</span> <span class='ocrx_word' id='word_1_657' title='bbox 2240 4067 2335 4120; x_wconf 80' lang='grc' dir='ltr'><strong>καὶ</strong></span> <span class='ocrx_word' id='word_1_658' title='bbox 2360 4066 2502 4120; x_wconf 86' lang='grc' dir='ltr'><strong>κατά</strong></span> <span class='ocrx_word' id='word_1_659' title='bbox 2529 4066 2626 4137; x_wconf 84' lang='grc' dir='ltr'>τὴν</span> <span class='ocrx_word' id='word_1_660' title='bbox 2668 4066 2779 4118; x_wconf 83' lang='grc' dir='ltr'><strong>τῶν</strong></span> <span class='ocrx_word' id='word_1_661' title='bbox 2811 4064 3159 4134; x_wconf 82' lang='grc' dir='ltr'>Εὑαγγελίων</span> <span class='ocrx_word' id='word_1_662' title='bbox 3197 4064 3521 4136; x_wconf 83' lang='grc' dir='ltr'>μαρτυρίαν,</span> 
     </span>
    </p>
   </div>
   <div class='ocr_carea' id='block_1_88' title="bbox 1955 4155 3525 4229">
    <p class='ocr_par' dir='ltr' id='par_1_88' title="bbox 1955 4155 3525 4229">
     <span class='ocr_line' id='line_1_88' title="bbox 1955 4155 3525 4229; baseline -0.003 -18"><span class='ocrx_word' id='word_1_663' title='bbox 1955 4158 2115 4229; x_wconf 77' lang='grc' dir='ltr'>μόνος</span> <span class='ocrx_word' id='word_1_664' title='bbox 2165 4160 2194 4211; x_wconf 84' lang='grc' dir='ltr'>ὁ</span> <span class='ocrx_word' id='word_1_665' title='bbox 2228 4157 2364 4220; x_wconf 82' lang='grc' dir='ltr'>νεὼς</span> <span class='ocrx_word' id='word_1_666' title='bbox 2416 4156 2781 4228; x_wconf 78' lang='grc' dir='ltr'>ὲνεουργήθη’</span> <span class='ocrx_word' id='word_1_667' title='bbox 2822 4156 2960 4227; x_wconf 87' lang='grc' dir='ltr'>μετὰ</span> <span class='ocrx_word' id='word_1_668' title='bbox 3000 4156 3055 4209; x_wconf 83' lang='grc' dir='ltr'><strong>δὲ</strong></span> <span class='ocrx_word' id='word_1_669' title='bbox 3110 4155 3245 4209; x_wconf 85' lang='grc' dir='ltr'>ἄλλα</span> <span class='ocrx_word' id='word_1_670' title='bbox 3304 4155 3398 4208; x_wconf 89' lang='grc' dir='ltr'><strong>δύο</strong></span> <span class='ocrx_word' id='word_1_671' title='bbox 3435 4156 3525 4208; x_wconf 79' lang='grc' dir='ltr'><strong>καὶ</strong></span> 
     </span>
    </p>
   </div>
   <div class='ocr_carea' id='block_1_89' title="bbox 1952 4246 3519 4320">
    <p class='ocr_par' dir='ltr' id='par_1_89' title="bbox 1952 4246 3519 4320">
     <span class='ocr_line' id='line_1_89' title="bbox 1952 4246 3519 4320; baseline -0.02 -13"><span class='ocrx_word' id='word_1_672' title='bbox 1952 4250 2279 4320; x_wconf 81' lang='grc' dir='ltr'>ὁγδοήκοντα</span> <span class='ocrx_word' id='word_1_673' title='bbox 2310 4248 2399 4319; x_wconf 76' lang='grc' dir='ltr'>ἔτη</span> <span class='ocrx_word' id='word_1_674' title='bbox 2441 4250 2565 4312; x_wconf 78' lang='grc' dir='ltr'>τοὺς</span> <span class='ocrx_word' id='word_1_675' title='bbox 2592 4247 2909 4318; x_wconf 78' lang='grc' dir='ltr'>περιϐόλους</span> <span class='ocrx_word' id='word_1_676' title='bbox 2935 4248 2965 4315; x_wconf 87' lang='grc' dir='ltr'><strong>ἠ</strong></span> <span class='ocrx_word' id='word_1_677' title='bbox 2998 4246 3150 4310; x_wconf 85' lang='grc' dir='ltr'>πόλις</span> <span class='ocrx_word' id='word_1_678' title='bbox 3181 4246 3421 4300; x_wconf 69' lang='grc' dir='ltr'>ἀπέλαϐε</span> <span class='ocrx_word' id='word_1_679' title='bbox 3457 4247 3519 4309; x_wconf 56' lang='grc' dir='ltr'>σε.</span> 
     </span>
    </p>
   </div>
   <div class='ocr_carea' id='block_1_90' title="bbox 1952 4337 3523 4412">
    <p class='ocr_par' dir='ltr' id='par_1_90' title="bbox 1952 4337 3523 4412">
     <span class='ocr_line' id='line_1_90' title="bbox 1952 4337 3523 4412; baseline -0.004 -17"><span class='ocrx_word' id='word_1_680' title='bbox 1952 4342 2189 4412; x_wconf 83' lang='grc' dir='ltr'>Νεεμίου</span> <span class='ocrx_word' id='word_1_681' title='bbox 2219 4340 2441 4404; x_wconf 85' lang='grc' dir='ltr'>τούτους</span> <span class='ocrx_word' id='word_1_682' title='bbox 2497 4341 2898 4408; x_wconf 74' lang='grc' dir='ltr'>ἀναπήσαντος</span> <span class='ocrx_word' id='word_1_683' title='bbox 2945 4340 3002 4392; x_wconf 83' lang='grc' dir='ltr'>ὲν</span> <span class='ocrx_word' id='word_1_684' title='bbox 3040 4337 3118 4408; x_wconf 82' lang='grc' dir='ltr'><strong>τῷ</strong></span> <span class='ocrx_word' id='word_1_685' title='bbox 3166 4338 3401 4408; x_wconf 84' lang='grc' dir='ltr'>δευτέρῳ</span> <span class='ocrx_word' id='word_1_686' title='bbox 3435 4339 3523 4391; x_wconf 77' lang='grc' dir='ltr'><strong>καὶ</strong></span> 
     </span>
    </p>
   </div>
   <div class='ocr_carea' id='block_1_91' title="bbox 271 4412 1843 4504">
    <p class='ocr_par' dir='ltr' id='par_1_91' title="bbox 271 4426 1843 4499">
     <span class='ocr_line' id='line_1_91' title="bbox 271 4426 1843 4499; baseline 0.002 -19"><span class='ocrx_word' id='word_1_687' title='bbox 271 4430 432 4493; x_wconf 80' lang='lat' dir='ltr'><strong>ferre,</strong></span> <span class='ocrx_word' id='word_1_688' title='bbox 456 4435 512 4481; x_wconf 92' lang='lat' dir='ltr'><strong>et</strong></span> <span class='ocrx_word' id='word_1_689' title='bbox 532 4427 585 4480; x_wconf 95' lang='lat' dir='ltr'><strong>in</strong></span> <span class='ocrx_word' id='word_1_690' title='bbox 612 4427 801 4482; x_wconf 86' lang='lat' dir='ltr'><strong>hostes</strong></span> <span class='ocrx_word' id='word_1_691' title='bbox 819 4427 926 4482; x_wconf 89' lang='lat' dir='ltr'><strong>tela</strong></span> <span class='ocrx_word' id='word_1_692' title='bbox 945 4426 1233 4498; x_wconf 58' lang='lat' dir='ltr'><strong>jaculariZ.</strong></span> <span class='ocrx_word' id='word_1_693' title='bbox 1264 4429 1551 4493; x_wconf 80' lang='lat' dir='ltr'><strong>Quomodo</strong></span> <span class='ocrx_word' id='word_1_694' title='bbox 1578 4429 1743 4499; x_wconf 90' lang='lat' dir='ltr'><strong>igitur</strong></span> <span class='ocrx_word' id='word_1_695' title='bbox 1762 4429 1843 4483; x_wconf 91' lang='lat' dir='ltr'><strong>his</strong></span> 
     </span>
    </p>
   </div>
   <div class='ocr_carea' id='block_1_92' title="bbox 1949 4412 3523 4504">
    <p class='ocr_par' dir='ltr' id='par_1_92' title="bbox 1954 4428 3523 4504">
     <span class='ocr_line' id='line_1_92' title="bbox 1954 4428 3523 4504; baseline -0.004 -18"><span class='ocrx_word' id='word_1_696' title='bbox 1954 4432 2262 4504; x_wconf 81' lang='grc' dir='ltr'>τριακοστῷ</span> <span class='ocrx_word' id='word_1_697' title='bbox 2295 4432 2392 4501; x_wconf 79' lang='grc' dir='ltr'>τῆς</span> <span class='ocrx_word' id='word_1_698' title='bbox 2447 4428 2804 4501; x_wconf 81' lang='grc' dir='ltr'>Ἀρταξέρξου</span> <span class='ocrx_word' id='word_1_699' title='bbox 2859 4429 3153 4499; x_wconf 87' lang='grc' dir='ltr'>βασιλείας.</span> <span class='ocrx_word' id='word_1_700' title='bbox 3188 4429 3431 4481; x_wconf 82' lang='grc' dir='ltr'>Διδάσκει</span> <span class='ocrx_word' id='word_1_701' title='bbox 3468 4428 3523 4480; x_wconf 76' lang='grc' dir='ltr'>δὲ</span> 
     </span>
    </p>
   </div>
   <div class='ocr_carea' id='block_1_93' title="bbox 268 4514 1846 4586">
    <p class='ocr_par' dir='ltr' id='par_1_93' title="bbox 268 4514 1846 4586">
     <span class='ocr_line' id='line_1_93' title="bbox 268 4514 1846 4586; baseline 0.003 -17"><span class='ocrx_word' id='word_1_702' title='bbox 268 4515 655 4581; x_wconf 60' lang='lat' dir='ltr'><strong>conveniunm</strong></span> <span class='ocrx_word' id='word_1_703' title='bbox 684 4514 804 4570; x_wconf 87' lang='lat' dir='ltr'><strong>Non</strong></span> <span class='ocrx_word' id='word_1_704' title='bbox 823 4517 932 4571; x_wconf 90' lang='lat' dir='ltr'><strong>erit</strong></span> <span class='ocrx_word' id='word_1_705' title='bbox 949 4517 1043 4586; x_wconf 86' lang='lat' dir='ltr'><strong>qui</strong></span> <span class='ocrx_word' id='word_1_706' title='bbox 1068 4524 1414 4584; x_wconf 87' lang='lat' dir='ltr'><strong>terreateos;</strong></span> <span class='ocrx_word' id='word_1_707' title='bbox 1440 4536 1456 4568; x_wconf 73' lang='grc' dir='ltr'><strong>ι</strong></span> <span class='ocrx_word' id='word_1_708' title='bbox 1479 4518 1585 4582; x_wconf 84' lang='lat' dir='ltr'><strong>vel,</strong></span> <span class='ocrx_word' id='word_1_709' title='bbox 1611 4537 1629 4569; x_wconf 73' lang='grc' dir='ltr'><strong>ι</strong></span> <span class='ocrx_word' id='word_1_710' title='bbox 1656 4517 1846 4573; x_wconf 88' lang='lat' dir='ltr'><strong>Susci-</strong></span> 
     </span>
    </p>
   </div>
   <div class='ocr_carea' id='block_1_94' title="bbox 269 4608 1847 4680">
    <p class='ocr_par' dir='ltr' id='par_1_94' title="bbox 269 4608 1847 4680">
     <span class='ocr_line' id='line_1_94' title="bbox 269 4608 1847 4680; baseline 0.003 -20"><span class='ocrx_word' id='word_1_711' title='bbox 269 4609 396 4663; x_wconf 84' lang='lat' dir='ltr'><strong>tabo</strong></span> <span class='ocrx_word' id='word_1_712' title='bbox 419 4608 502 4662; x_wconf 89' lang='lat' dir='ltr'><strong>eis</strong></span> <span class='ocrx_word' id='word_1_713' title='bbox 521 4609 764 4678; x_wconf 89' lang='lat' dir='ltr'><strong>plantam</strong></span> <span class='ocrx_word' id='word_1_714' title='bbox 793 4608 986 4678; x_wconf 86' lang='lat' dir='ltr'><strong>pacis;</strong></span> <span class='ocrx_word' id='word_1_715' title='bbox 1014 4627 1032 4661; x_wconf 71' lang='grc' dir='ltr'><strong>ι</strong></span> <span class='ocrx_word' id='word_1_716' title='bbox 1051 4609 1155 4675; x_wconf 84' lang='lat' dir='ltr'><strong>vel,</strong></span> <span class='ocrx_word' id='word_1_717' title='bbox 1197 4629 1215 4663; x_wconf 73' lang='grc' dir='ltr'><strong>ι</strong></span> <span class='ocrx_word' id='word_1_718' title='bbox 1239 4608 1354 4664; x_wconf 88' lang='lat' dir='ltr'><strong>Non</strong></span> <span class='ocrx_word' id='word_1_719' title='bbox 1379 4617 1542 4663; x_wconf 88' lang='lat' dir='ltr'><strong>erunt</strong></span> <span class='ocrx_word' id='word_1_720' title='bbox 1564 4612 1722 4680; x_wconf 87' lang='lat' dir='ltr'><strong>pauci</strong></span> <span class='ocrx_word' id='word_1_721' title='bbox 1746 4626 1847 4664; x_wconf 87' lang='lat' dir='ltr'><strong>nu—</strong></span> 
     </span>
    </p>
   </div>
   <div class='ocr_carea' id='block_1_95' title="bbox 271 4699 1847 4766">
    <p class='ocr_par' dir='ltr' id='par_1_95' title="bbox 271 4699 1847 4766">
     <span class='ocr_line' id='line_1_95' title="bbox 271 4699 1847 4766; baseline 0.006 -18"><span class='ocrx_word' id='word_1_722' title='bbox 271 4699 454 4752; x_wconf 75' lang='lat' dir='ltr'><strong>mero?</strong></span> <span class='ocrx_word' id='word_1_723' title='bbox 474 4717 492 4749; x_wconf 71' lang='grc' dir='ltr'><strong>ι</strong></span> <span class='ocrx_word' id='word_1_724' title='bbox 523 4699 688 4754; x_wconf 89' lang='lat' dir='ltr'><strong>Docet</strong></span> <span class='ocrx_word' id='word_1_725' title='bbox 717 4701 846 4754; x_wconf 88' lang='lat' dir='ltr'><strong>iteut</strong></span> <span class='ocrx_word' id='word_1_726' title='bbox 877 4716 982 4757; x_wconf 91' lang='lat' dir='ltr'><strong>nos</strong></span> <span class='ocrx_word' id='word_1_727' title='bbox 1000 4717 1194 4757; x_wconf 84' lang='lat' dir='ltr'><strong>rursus</strong></span> <span class='ocrx_word' id='word_1_728' title='bbox 1214 4701 1437 4766; x_wconf 85' lang='lat' dir='ltr'><strong>Esdras,</strong></span> <span class='ocrx_word' id='word_1_729' title='bbox 1462 4704 1634 4757; x_wconf 92' lang='lat' dir='ltr'><strong>multo</strong></span> <span class='ocrx_word' id='word_1_730' title='bbox 1660 4704 1847 4757; x_wconf 88' lang='lat' dir='ltr'><strong>labore</strong></span> 
     </span>
    </p>
   </div>
   <div class='ocr_carea' id='block_1_96' title="bbox 270 4786 1846 4862">
    <p class='ocr_par' dir='ltr' id='par_1_96' title="bbox 270 4786 1846 4862">
     <span class='ocr_line' id='line_1_96' title="bbox 270 4786 1846 4862; baseline 0.008 -23"><span class='ocrx_word' id='word_1_731' title='bbox 270 4786 551 4841; x_wconf 78' lang='lat' dir='ltr'><strong>Neemiam</strong></span> <span class='ocrx_word' id='word_1_732' title='bbox 581 4791 968 4846; x_wconf 87' lang='lat' dir='ltr'><strong>sacerdotibus</strong></span> <span class='ocrx_word' id='word_1_733' title='bbox 1000 4793 1365 4862; x_wconf 85' lang='lat' dir='ltr'><strong>persuasisse,</strong></span> <span class='ocrx_word' id='word_1_734' title='bbox 1404 4803 1464 4848; x_wconf 90' lang='lat' dir='ltr'><strong>ut</strong></span> <span class='ocrx_word' id='word_1_735' title='bbox 1495 4796 1810 4851; x_wconf 87' lang='lat' dir='ltr'><strong>desinentes</strong></span> <span class='ocrx_word' id='word_1_736' title='bbox 1830 4801 1846 4819; x_wconf 79' lang='lat'>&#39;</span> 
     </span>
    </p>
   </div>
   <div class='ocr_carea' id='block_1_97' title="bbox 271 4879 1842 4951">
    <p class='ocr_par' dir='ltr' id='par_1_97' title="bbox 271 4879 1842 4951">
     <span class='ocr_line' id='line_1_97' title="bbox 271 4879 1842 4951; baseline 0.008 -20"><span class='ocrx_word' id='word_1_737' title='bbox 271 4879 324 4932; x_wconf 90' lang='lat' dir='ltr'><strong>in</strong></span> <span class='ocrx_word' id='word_1_738' title='bbox 342 4881 492 4949; x_wconf 80' lang='lat' dir='ltr'><strong>agris</strong></span> <span class='ocrx_word' id='word_1_739' title='bbox 524 4879 721 4951; x_wconf 87' lang='lat' dir='ltr'><strong>degere</strong></span> <span class='ocrx_word' id='word_1_740' title='bbox 751 4885 944 4938; x_wconf 86' lang='lat' dir='ltr'><strong>urbem</strong></span> <span class='ocrx_word' id='word_1_741' title='bbox 978 4886 1344 4941; x_wconf 66' lang='lat' dir='ltr'><strong>incolerenta.</strong></span> <span class='ocrx_word' id='word_1_742' title='bbox 1381 4886 1441 4939; x_wconf 85' lang='lat' dir='ltr'><strong>Et</strong></span> <span class='ocrx_word' id='word_1_743' title='bbox 1470 4889 1574 4941; x_wconf 83' lang='lat' dir='ltr'><strong>alia</strong></span> <span class='ocrx_word' id='word_1_744' title='bbox 1593 4888 1842 4944; x_wconf 85' lang='lat' dir='ltr'><strong>discendi</strong></span> 
     </span>
    </p>
   </div>
   <div class='ocr_carea' id='block_1_98' title="bbox 270 4968 1845 5049">
    <p class='ocr_par' dir='ltr' id='par_1_98' title="bbox 270 4968 1845 5049">
     <span class='ocr_line' id='line_1_98' title="bbox 270 4968 1845 5049; baseline 0.008 -28"><span class='ocrx_word' id='word_1_745' title='bbox 270 4968 536 5023; x_wconf 83' lang='lat' dir='ltr'><strong>studiosis</strong></span> <span class='ocrx_word' id='word_1_746' title='bbox 573 4985 641 5024; x_wconf 79' lang='lat' dir='ltr'><strong>ex</strong></span> <span class='ocrx_word' id='word_1_747' title='bbox 672 4971 904 5027; x_wconf 87' lang='lat' dir='ltr'><strong>historia</strong></span> <span class='ocrx_word' id='word_1_748' title='bbox 960 4990 1255 5044; x_wconf 89' lang='lat' dir='ltr'><strong>apponere,</strong></span> <span class='ocrx_word' id='word_1_749' title='bbox 1304 4977 1845 5049; x_wconf 85' lang='lat' dir='ltr'><strong>discrepantiamque</strong></span> 
     </span>
    </p>
   </div>
   <div class='ocr_carea' id='block_1_99' title="bbox 268 5059 1841 5139">
    <p class='ocr_par' dir='ltr' id='par_1_99' title="bbox 268 5059 1841 5139">
     <span class='ocr_line' id='line_1_99' title="bbox 268 5059 1841 5139; baseline 0.008 -25"><span class='ocrx_word' id='word_1_750' title='bbox 268 5059 577 5130; x_wconf 84' lang='lat' dir='ltr'><strong>percipere,</strong></span> <span class='ocrx_word' id='word_1_751' title='bbox 607 5060 770 5117; x_wconf 79' lang='lat' dir='ltr'><strong>facile</strong></span> <span class='ocrx_word' id='word_1_752' title='bbox 801 5072 906 5120; x_wconf 90' lang='lat' dir='ltr'><strong>est.</strong></span> <span class='ocrx_word' id='word_1_753' title='bbox 945 5066 1114 5136; x_wconf 83' lang='lat' dir='ltr'><strong>igitur</strong></span> <span class='ocrx_word' id='word_1_754' title='bbox 1139 5070 1317 5138; x_wconf 84' lang='lat' dir='ltr'><strong>aliqua</strong></span> <span class='ocrx_word' id='word_1_755' title='bbox 1343 5071 1454 5125; x_wconf 89' lang='lat' dir='ltr'><strong>illis</strong></span> <span class='ocrx_word' id='word_1_756' title='bbox 1488 5073 1841 5139; x_wconf 79' lang='lat' dir='ltr'><strong>conveniunt,</strong></span> 
     </span>
    </p>
   </div>
   <div class='ocr_carea' id='block_1_100' title="bbox 270 5149 1846 5233">
    <p class='ocr_par' dir='ltr' id='par_1_100' title="bbox 270 5149 1846 5233">
     <span class='ocr_line' id='line_1_100' title="bbox 270 5149 1846 5233; baseline 0.01 -29"><span class='ocrx_word' id='word_1_757' title='bbox 270 5149 506 5220; x_wconf 82' lang='lat' dir='ltr'><strong>plurima</strong></span> <span class='ocrx_word' id='word_1_758' title='bbox 541 5165 671 5205; x_wconf 79' lang='lat' dir='ltr'><strong>vero</strong></span> <span class='ocrx_word' id='word_1_759' title='bbox 694 5153 847 5208; x_wconf 89' lang='lat' dir='ltr'><strong>orbis</strong></span> <span class='ocrx_word' id='word_1_760' title='bbox 871 5162 1140 5210; x_wconf 89' lang='lat' dir='ltr'><strong>terrarum</strong></span> <span class='ocrx_word' id='word_1_761' title='bbox 1177 5161 1363 5213; x_wconf 86' lang='lat' dir='ltr'><strong>saluti.</strong></span> <span class='ocrx_word' id='word_1_762' title='bbox 1393 5161 1627 5222; x_wconf 69' lang='lat' dir='ltr'><strong>Relictis</strong></span> <span class='ocrx_word' id='word_1_763' title='bbox 1661 5163 1846 5233; x_wconf 85' lang='lat' dir='ltr'><strong>itaque</strong></span> 
     </span>
    </p>
   </div>
   <div class='ocr_carea' id='block_1_101' title="bbox 336 5306 1404 5380">
    <p class='ocr_par' dir='ltr' id='par_1_101' title="bbox 336 5306 1404 5380">
     <span class='ocr_line' id='line_1_101' title="bbox 336 5306 1404 5380; baseline 0.008 -22"><span class='ocrx_word' id='word_1_764' title='bbox 336 5316 366 5356; x_wconf 72' lang='grc' dir='ltr'><em>γ</em></span> <span class='ocrx_word' id='word_1_765' title='bbox 392 5306 591 5362; x_wconf 80' lang='lat' dir='ltr'><strong>Matth.</strong></span> <span class='ocrx_word' id='word_1_766' title='bbox 626 5324 704 5373; x_wconf 88' lang='lat' dir='ltr'><strong>tu,</strong></span> <span class='ocrx_word' id='word_1_767' title='bbox 735 5307 787 5362; x_wconf 85' lang='lat'><strong>9.</strong></span> <span class='ocrx_word' id='word_1_768' title='bbox 868 5319 890 5346; x_wconf 78' lang='grc' dir='ltr'><strong>ι</strong></span> <span class='ocrx_word' id='word_1_769' title='bbox 923 5308 964 5363; x_wconf 96' lang='lat' dir='ltr'><strong>ll</strong></span> <span class='ocrx_word' id='word_1_770' title='bbox 999 5311 1157 5365; x_wconf 86' lang='lat' dir='ltr'><strong>Esdr.</strong></span> <span class='ocrx_word' id='word_1_771' title='bbox 1197 5329 1267 5380; x_wconf 84' lang='lat' dir='ltr'><strong>tv,</strong></span> <span class='ocrx_word' id='word_1_772' title='bbox 1320 5315 1404 5367; x_wconf 85' lang='lat' dir='ltr'><strong>l7.</strong></span> 
     </span>
    </p>
   </div>
   <div class='ocr_carea' id='block_1_102' title="bbox 1951 4519 3519 4596">
    <p class='ocr_par' dir='ltr' id='par_1_102' title="bbox 1951 4519 3519 4596">
     <span class='ocr_line' id='line_1_102' title="bbox 1951 4519 3519 4596; baseline -0.006 -16"><span class='ocrx_word' id='word_1_773' title='bbox 1951 4528 2098 4596; x_wconf 78' lang='grc' dir='ltr'>ἡμᾶς</span> <span class='ocrx_word' id='word_1_774' title='bbox 2149 4526 2182 4595; x_wconf 89' lang='grc' dir='ltr'><strong>ή</strong></span> <span class='ocrx_word' id='word_1_775' title='bbox 2236 4523 2330 4577; x_wconf 80' lang='grc' dir='ltr'>τοῦ</span> <span class='ocrx_word' id='word_1_776' title='bbox 2373 4522 2576 4593; x_wconf 84' lang='grc' dir='ltr'>Ἔσδρα</span> <span class='ocrx_word' id='word_1_777' title='bbox 2630 4520 2955 4591; x_wconf 80' lang='grc' dir='ltr'>συγγραφὴ,</span> <span class='ocrx_word' id='word_1_778' title='bbox 3001 4520 3085 4572; x_wconf 83' lang='grc' dir='ltr'>ὅτι</span> <span class='ocrx_word' id='word_1_779' title='bbox 3147 4519 3366 4572; x_wconf 78' lang='grc' dir='ltr'>τοσοῦτο</span> <span class='ocrx_word' id='word_1_780' title='bbox 3409 4519 3519 4591; x_wconf 78' lang='grc' dir='ltr'>δέος</span> 
     </span>
    </p>
   </div>
   <div class='ocr_carea' id='block_1_103' title="bbox 1949 4594 3516 4687">
    <p class='ocr_par' dir='ltr' id='par_1_103' title="bbox 1949 4594 3516 4687">
     <span class='ocr_line' id='line_1_103' title="bbox 1949 4594 3516 4687; baseline -0.006 -15"><span class='ocrx_word' id='word_1_781' title='bbox 1949 4594 2063 4682; x_wconf 53' lang='lat' dir='ltr'><strong>rei;</strong></span> <span class='ocrx_word' id='word_1_782' title='bbox 2104 4616 2476 4687; x_wconf 77' lang='grc' dir='ltr'>οἰκοδομοῦσιν</span> <span class='ocrx_word' id='word_1_783' title='bbox 2510 4615 2783 4676; x_wconf 83' lang='grc' dir='ltr'>ἐπέκειτο,</span> <span class='ocrx_word' id='word_1_784' title='bbox 2816 4613 2890 4675; x_wconf 85' lang='grc' dir='ltr'><strong>ὡς</strong></span> <span class='ocrx_word' id='word_1_785' title='bbox 2938 4611 3342 4680; x_wconf 75' lang='grc' dir='ltr'>ἀναγκάζεσθαι</span> <span class='ocrx_word' id='word_1_786' title='bbox 3371 4611 3516 4678; x_wconf 75' lang='grc' dir='ltr'>σιδη-</span> 
     </span>
    </p>
   </div>
   <div class='ocr_carea' id='block_1_104' title="bbox 1956 4699 3517 4779">
    <p class='ocr_par' dir='ltr' id='par_1_104' title="bbox 1956 4699 3517 4779">
     <span class='ocr_line' id='line_1_104' title="bbox 1956 4699 3517 4779; baseline -0.006 -20"><span class='ocrx_word' id='word_1_787' title='bbox 1956 4706 2319 4779; x_wconf 76' lang='grc' dir='ltr'>ροφοροῦντας</span> <span class='ocrx_word' id='word_1_788' title='bbox 2360 4705 2662 4774; x_wconf 79' lang='grc' dir='ltr'>οἰκοδομεῖν</span> <span class='ocrx_word' id='word_1_789' title='bbox 2686 4744 2699 4768; x_wconf 91' lang='grc'><strong>,</strong></span> <span class='ocrx_word' id='word_1_790' title='bbox 2759 4703 2853 4755; x_wconf 73' lang='grc' dir='ltr'>καὶ</span> <span class='ocrx_word' id='word_1_791' title='bbox 2900 4701 3040 4755; x_wconf 82' lang='grc' dir='ltr'><strong>κατά</strong></span> <span class='ocrx_word' id='word_1_792' title='bbox 3074 4701 3271 4754; x_wconf 78' lang='grc' dir='ltr'>ταυτὸν</span> <span class='ocrx_word' id='word_1_793' title='bbox 3305 4699 3423 4762; x_wconf 88' lang='grc' dir='ltr'>τούς</span> <span class='ocrx_word' id='word_1_794' title='bbox 3459 4715 3517 4749; x_wconf 87' lang='grc' dir='ltr'><strong>τε</strong></span> 
     </span>
    </p>
   </div>
   <div class='ocr_carea' id='block_1_105' title="bbox 1954 4788 3515 4865">
    <p class='ocr_par' dir='ltr' id='par_1_105' title="bbox 1954 4788 3515 4865">
     <span class='ocr_line' id='line_1_105' title="bbox 1954 4788 3515 4865; baseline -0.007 -16"><span class='ocrx_word' id='word_1_795' title='bbox 1954 4796 2134 4858; x_wconf 82' lang='grc' dir='ltr'>λίθους</span> <span class='ocrx_word' id='word_1_796' title='bbox 2168 4793 2520 4865; x_wconf 82' lang='grc' dir='ltr'>προσφέρειν,</span> <span class='ocrx_word' id='word_1_797' title='bbox 2547 4791 2647 4844; x_wconf 70' lang='grc' dir='ltr'><strong>καὶ</strong></span> <span class='ocrx_word' id='word_1_798' title='bbox 2688 4792 2831 4845; x_wconf 86' lang='grc' dir='ltr'><strong>κατά</strong></span> <span class='ocrx_word' id='word_1_799' title='bbox 2868 4790 2977 4842; x_wconf 84' lang='grc' dir='ltr'><strong>τῶν</strong></span> <span class='ocrx_word' id='word_1_800' title='bbox 3016 4790 3289 4860; x_wconf 83' lang='grc' dir='ltr'>πολεμίων</span> <span class='ocrx_word' id='word_1_801' title='bbox 3314 4788 3515 4855; x_wconf 70' lang='grc' dir='ltr'>ἀφιέναι</span> 
     </span>
    </p>
   </div>
   <div class='ocr_carea' id='block_1_106' title="bbox 1953 4877 3514 4955">
    <p class='ocr_par' dir='ltr' id='par_1_106' title="bbox 1953 4877 3514 4955">
     <span class='ocr_line' id='line_1_106' title="bbox 1953 4877 3514 4955; baseline -0.006 -17"><span class='ocrx_word' id='word_1_802' title='bbox 1953 4884 2022 4939; x_wconf 83' lang='grc' dir='ltr'>τὰ</span> <span class='ocrx_word' id='word_1_803' title='bbox 2073 4884 2222 4955; x_wconf 85' lang='grc' dir='ltr'>βέλη.</span> <span class='ocrx_word' id='word_1_804' title='bbox 2273 4883 2395 4947; x_wconf 86' lang='grc' dir='ltr'>Πῶς</span> <span class='ocrx_word' id='word_1_805' title='bbox 2444 4884 2622 4935; x_wconf 86' lang='grc' dir='ltr'>τοίνυν</span> <span class='ocrx_word' id='word_1_806' title='bbox 2667 4881 2932 4952; x_wconf 87' lang='grc' dir='ltr'>ἁρμόττει</span> <span class='ocrx_word' id='word_1_807' title='bbox 2978 4882 3092 4943; x_wconf 80' lang='grc' dir='ltr'>τοῖς</span> <span class='ocrx_word' id='word_1_808' title='bbox 3138 4880 3391 4941; x_wconf 82' lang='grc' dir='ltr'>τοιούτοις</span> <span class='ocrx_word' id='word_1_809' title='bbox 3437 4877 3514 4939; x_wconf 75' lang='grc' dir='ltr'><strong>τὸ,</strong></span> 
     </span>
    </p>
   </div>
   <div class='ocr_carea' id='block_1_107' title="bbox 1960 4969 3515 5043">
    <p class='ocr_par' dir='ltr' id='par_1_107' title="bbox 1960 4969 3515 5043">
     <span class='ocr_line' id='line_1_107' title="bbox 1960 4969 3515 5043; baseline -0.007 -15"><span class='ocrx_word' id='word_1_810' title='bbox 1960 4996 1978 5028; x_wconf 78' lang='grc' dir='ltr'><strong>ι</strong></span> <span class='ocrx_word' id='word_1_811' title='bbox 2005 4977 2118 5030; x_wconf 84' lang='grc' dir='ltr'>Οὐκ</span> <span class='ocrx_word' id='word_1_812' title='bbox 2148 4976 2299 5028; x_wconf 72' lang='grc' dir='ltr'>ἔσται</span> <span class='ocrx_word' id='word_1_813' title='bbox 2323 4977 2351 5027; x_wconf 92' lang='lat'><strong>6</strong></span> <span class='ocrx_word' id='word_1_814' title='bbox 2389 4973 2638 5043; x_wconf 75' lang='grc' dir='ltr'>ἐκφοϐῶν</span> <span class='ocrx_word' id='word_1_815' title='bbox 2671 4972 2886 5037; x_wconf 79' lang='grc' dir='ltr'>αὐτοὺς,</span> <span class='ocrx_word' id='word_1_816' title='bbox 2911 4989 2928 5023; x_wconf 78' lang='grc' dir='ltr'><strong>ι</strong></span> <span class='ocrx_word' id='word_1_817' title='bbox 2963 4971 2997 5040; x_wconf 82' lang='grc' dir='ltr'><strong>ἢ</strong></span> <span class='ocrx_word' id='word_1_818' title='bbox 3030 4971 3112 5037; x_wconf 85' lang='grc' dir='ltr'><strong>τὸ,</strong></span> <span class='ocrx_word' id='word_1_819' title='bbox 3149 4988 3168 5021; x_wconf 71' lang='grc' dir='ltr'><strong>ε</strong></span> <span class='ocrx_word' id='word_1_820' title='bbox 3216 4969 3515 5037; x_wconf 80' lang='grc' dir='ltr'>Ἀναστήσω</span> 
     </span>
    </p>
   </div>
   <div class='ocr_carea' id='block_1_108' title="bbox 1957 5057 3514 5135">
    <p class='ocr_par' dir='ltr' id='par_1_108' title="bbox 1957 5057 3514 5135">
     <span class='ocr_line' id='line_1_108' title="bbox 1957 5057 3514 5135; baseline -0.01 -14"><span class='ocrx_word' id='word_1_821' title='bbox 1957 5068 2138 5130; x_wconf 83' lang='grc' dir='ltr'>αὐτοῖς</span> <span class='ocrx_word' id='word_1_822' title='bbox 2167 5065 2331 5134; x_wconf 84' lang='grc' dir='ltr'>φυτὸν</span> <span class='ocrx_word' id='word_1_823' title='bbox 2359 5065 2601 5135; x_wconf 82' lang='grc' dir='ltr'>εἰρήνης,</span> <span class='ocrx_word' id='word_1_824' title='bbox 2648 5082 2666 5114; x_wconf 71' lang='grc' dir='ltr'><strong>ι</strong></span> <span class='ocrx_word' id='word_1_825' title='bbox 2705 5062 2736 5131; x_wconf 86' lang='grc' dir='ltr'>ἢ</span> <span class='ocrx_word' id='word_1_826' title='bbox 2774 5062 2856 5126; x_wconf 87' lang='grc' dir='ltr'><strong>τὸ,</strong></span> <span class='ocrx_word' id='word_1_827' title='bbox 2893 5081 2912 5113; x_wconf 73' lang='grc' dir='ltr'><strong>ι</strong></span> <span class='ocrx_word' id='word_1_828' title='bbox 2949 5061 3063 5114; x_wconf 87' lang='grc' dir='ltr'>Ούκ</span> <span class='ocrx_word' id='word_1_829' title='bbox 3104 5060 3315 5114; x_wconf 79' lang='grc' dir='ltr'>ἔσονται</span> <span class='ocrx_word' id='word_1_830' title='bbox 3354 5057 3514 5122; x_wconf 76' lang='grc' dir='ltr'>ὀλίγοι</span> 
     </span>
    </p>
   </div>
   <div class='ocr_carea' id='block_1_109' title="bbox 1956 5150 3512 5232">
    <p class='ocr_par' dir='ltr' id='par_1_109' title="bbox 1956 5150 3512 5232">
     <span class='ocr_line' id='line_1_109' title="bbox 1956 5150 3512 5232; baseline -0.01 -16"><span class='ocrx_word' id='word_1_831' title='bbox 1956 5165 2013 5217; x_wconf 83' lang='grc' dir='ltr'>ὲν</span> <span class='ocrx_word' id='word_1_832' title='bbox 2045 5160 2306 5232; x_wconf 85' lang='grc' dir='ltr'>ἀριθμῶ;</span> <span class='ocrx_word' id='word_1_833' title='bbox 2347 5178 2366 5212; x_wconf 70' lang='grc' dir='ltr'><strong>ι</strong></span> <span class='ocrx_word' id='word_1_834' title='bbox 2405 5158 2657 5212; x_wconf 84' lang='grc' dir='ltr'>Διδάσκει</span> <span class='ocrx_word' id='word_1_835' title='bbox 2700 5156 2757 5210; x_wconf 84' lang='grc' dir='ltr'>δὲ</span> <span class='ocrx_word' id='word_1_836' title='bbox 2809 5156 2958 5227; x_wconf 75' lang='grc' dir='ltr'>ἡμᾶς</span> <span class='ocrx_word' id='word_1_837' title='bbox 2990 5155 3154 5209; x_wconf 80' lang='grc' dir='ltr'>πάλιν</span> <span class='ocrx_word' id='word_1_838' title='bbox 3200 5156 3227 5207; x_wconf 86' lang='lat'><strong>6</strong></span> <span class='ocrx_word' id='word_1_839' title='bbox 3273 5150 3512 5220; x_wconf 80' lang='grc' dir='ltr'>Ἔσδρας,</span> 
     </span>
    </p>
   </div>
   <div class='ocr_carea' id='block_1_110' title="bbox 1515 5319 2060 5386">
    <p class='ocr_par' dir='ltr' id='par_1_110' title="bbox 1515 5319 2060 5386">
     <span class='ocr_line' id='line_1_110' title="bbox 1515 5319 2060 5386; baseline 0.002 -15"><span class='ocrx_word' id='word_1_840' title='bbox 1515 5330 1539 5355; x_wconf 72' lang='grc' dir='ltr'><strong>ιι</strong></span> <span class='ocrx_word' id='word_1_841' title='bbox 1570 5319 1610 5372; x_wconf 91' lang='lat' dir='ltr'><strong>ll</strong></span> <span class='ocrx_word' id='word_1_842' title='bbox 1647 5319 1806 5375; x_wconf 84' lang='lat' dir='ltr'><strong>Esdr.</strong></span> <span class='ocrx_word' id='word_1_843' title='bbox 1857 5335 1934 5386; x_wconf 79' lang='grc' dir='ltr'>ιιι,</span> <span class='ocrx_word' id='word_1_844' title='bbox 1969 5319 2060 5373; x_wconf 76' lang='grc'>20.</span> 
     </span>
    </p>
   </div>
   <div class='ocr_carea' id='block_1_111' title="bbox 1572 5464 2252 5521">
    <p class='ocr_par' dir='ltr' id='par_1_111' title="bbox 1572 5464 2252 5521">
     <span class='ocr_line' id='line_1_111' title="bbox 1572 5464 2252 5521; baseline -0.004 0"><span class='ocrx_word' id='word_1_845' title='bbox 1572 5466 1802 5521; x_wconf 79' lang='lat' dir='ltr'><strong>VARle</strong></span> <span class='ocrx_word' id='word_1_846' title='bbox 1852 5464 2252 5521; x_wconf 64' lang='lat' dir='ltr'><strong>LECTJONES.</strong></span> 
     </span>
    </p>
   </div>
   <div class='ocr_carea' id='block_1_112' title="bbox 336 5551 1377 5625">
    <p class='ocr_par' dir='ltr' id='par_1_112' title="bbox 336 5551 1377 5625">
     <span class='ocr_line' id='line_1_112' title="bbox 336 5551 1377 5625; baseline 0.003 -21"><span class='ocrx_word' id='word_1_847' title='bbox 336 5551 402 5625; x_wconf 48' lang='grc' dir='ltr'><strong>Ῡξ-</strong></span> <span class='ocrx_word' id='word_1_848' title='bbox 424 5553 483 5605; x_wconf 82' lang='grc' dir='ltr'>1η</span> <span class='ocrx_word' id='word_1_849' title='bbox 513 5551 560 5625; x_wconf 74' lang='grc' dir='ltr'><strong>Β</strong></span> <span class='ocrx_word' id='word_1_850' title='bbox 596 5554 831 5625; x_wconf 73' lang='lat' dir='ltr'><strong>asaripta</strong></span> <span class='ocrx_word' id='word_1_851' title='bbox 877 5561 960 5608; x_wconf 90' lang='lat' dir='ltr'><strong>est</strong></span> <span class='ocrx_word' id='word_1_852' title='bbox 1022 5552 1187 5625; x_wconf 78' lang='lat' dir='ltr'><strong>lectio</strong></span> <span class='ocrx_word' id='word_1_853' title='bbox 1238 5554 1377 5607; x_wconf 78' lang='grc' dir='ltr'>ὅσον.</span> 
     </span>
    </p>
   </div>
   <div class='ocr_carea' id='block_1_113' title="bbox 1486 5552 2509 5627">
    <p class='ocr_par' dir='ltr' id='par_1_113' title="bbox 1486 5552 2509 5627">
     <span class='ocr_line' id='line_1_113' title="bbox 1486 5552 2509 5627; baseline -0.005 -19"><span class='ocrx_word' id='word_1_854' title='bbox 1486 5554 1532 5585; x_wconf 73' lang='grc'><em>³³</em></span> <span class='ocrx_word' id='word_1_855' title='bbox 1573 5574 1700 5625; x_wconf 79' lang='grc' dir='ltr'>νομ.</span> <span class='ocrx_word' id='word_1_856' title='bbox 1774 5575 1894 5627; x_wconf 86' lang='grc' dir='ltr'>μου.</span> <span class='ocrx_word' id='word_1_857' title='bbox 1956 5558 2011 5609; x_wconf 74' lang='grc' dir='ltr'><strong>Α.</strong></span> <span class='ocrx_word' id='word_1_858' title='bbox 2036 5554 2304 5627; x_wconf 74' lang='grc' dir='ltr'>ποιμνίου</span> <span class='ocrx_word' id='word_1_859' title='bbox 2368 5552 2509 5627; x_wconf 64' lang='grc' dir='ltr'>ἐστέ.</span> 
     </span>
    </p>
   </div>
   <div class='ocr_carea' id='block_1_114' title="bbox 2606 5541 3502 5622">
    <p class='ocr_par' dir='ltr' id='par_1_114' title="bbox 2606 5541 3502 5622">
     <span class='ocr_line' id='line_1_114' title="bbox 2606 5541 3502 5622; baseline -0.009 -18"><span class='ocrx_word' id='word_1_860' title='bbox 2606 5554 2653 5622; x_wconf 55' lang='grc'><strong>⁸9</strong></span> <span class='ocrx_word' id='word_1_861' title='bbox 2692 5550 2938 5622; x_wconf 76' lang='grc' dir='ltr'>ἀνθρωπ.</span> <span class='ocrx_word' id='word_1_862' title='bbox 2994 5551 3140 5603; x_wconf 76' lang='grc' dir='ltr'>ἐστε.</span> <span class='ocrx_word' id='word_1_863' title='bbox 3205 5548 3319 5622; x_wconf 72' lang='lat' dir='ltr'><strong>Des.</strong></span> <span class='ocrx_word' id='word_1_864' title='bbox 3370 5541 3502 5622; x_wconf 70' lang='lat' dir='ltr'><strong>apth</strong></span> 
     </span>
    </p>
   </div>
   <div class='ocr_carea' id='block_1_115' title="bbox 272 5612 3503 5709">
    <p class='ocr_par' dir='ltr' id='par_1_115' title="bbox 272 5612 3503 5709">
     <span class='ocr_line' id='line_1_115' title="bbox 272 5612 3503 5709; baseline -0.002 -30"><span class='ocrx_word' id='word_1_865' title='bbox 509 5622 551 5655; x_wconf 79' lang='grc'>⁸¹</span> <span class='ocrx_word' id='word_1_866' title='bbox 594 5627 687 5679; x_wconf 83' lang='grc' dir='ltr'>καὶ</span> <span class='ocrx_word' id='word_1_867' title='bbox 724 5612 786 5667; x_wconf 64' lang='lat'><strong>-&#39;-</strong></span> <span class='ocrx_word' id='word_1_868' title='bbox 816 5626 939 5694; x_wconf 82' lang='grc' dir='ltr'>ὲκφ.</span> <span class='ocrx_word' id='word_1_869' title='bbox 974 5625 1094 5678; x_wconf 78' lang='grc' dir='ltr'>αὐτ.</span> <span class='ocrx_word' id='word_1_870' title='bbox 1129 5624 1254 5679; x_wconf 70' lang='lat' dir='ltr'><strong>llaec</strong></span> <span class='ocrx_word' id='word_1_871' title='bbox 1317 5625 1545 5680; x_wconf 79' lang='lat' dir='ltr'><strong>deerant</strong></span> <span class='ocrx_word' id='word_1_872' title='bbox 1606 5612 1811 5695; x_wconf 65' lang='grc' dir='ltr'>εἴπω-η’,</span> <span class='ocrx_word' id='word_1_873' title='bbox 1850 5642 1992 5682; x_wconf 78' lang='lat' dir='ltr'><strong>vers.</strong></span> <span class='ocrx_word' id='word_1_874' title='bbox 2023 5626 2116 5679; x_wconf 69' lang='lat'><strong>‘27.</strong></span> <span class='ocrx_word' id='word_1_875' title='bbox 2152 5612 2162 5625; x_wconf 84' lang='grc'><em>’</em></span> <span class='ocrx_word' id='word_1_876' title='bbox 2193 5624 2238 5656; x_wconf 70' lang='grc' dir='ltr'>θ’</span> <span class='ocrx_word' id='word_1_877' title='bbox 2277 5627 2354 5676; x_wconf 84' lang='grc' dir='ltr'>ὲν.</span> <span class='ocrx_word' id='word_1_878' title='bbox 2393 5621 2513 5677; x_wconf 89' lang='lat' dir='ltr'><strong>Des.</strong></span> <span class='ocrx_word' id='word_1_879' title='bbox 2549 5622 2601 5686; x_wconf 86' lang='lat' dir='ltr'><strong>in</strong></span> <span class='ocrx_word' id='word_1_880' title='bbox 2633 5621 2693 5674; x_wconf 89' lang='grc' dir='ltr'>Β.</span> <span class='ocrx_word' id='word_1_881' title='bbox 2718 5612 2974 5689; x_wconf 67' lang='lat' dir='ltr'><strong>et&#39;supra</strong></span> <span class='ocrx_word' id='word_1_882' title='bbox 2997 5661 3012 5685; x_wconf 91' lang='lat'><strong>,</strong></span> <span class='ocrx_word' id='word_1_883' title='bbox 3050 5635 3193 5675; x_wconf 83' lang='lat' dir='ltr'><strong>vers.</strong></span> <span class='ocrx_word' id='word_1_884' title='bbox 3226 5618 3310 5673; x_wconf 58' lang='grc' dir='ltr'><strong>ἓξ).</strong></span> <span class='ocrx_word' id='word_1_885' title='bbox 3386 5615 3427 5645; x_wconf 81' lang='grc'><strong>⁸³</strong></span> <span class='ocrx_word' id='word_1_886' title='bbox 3463 5612 3503 5663; x_wconf 83' lang='grc' dir='ltr'><em>Β</em></span> 
     </span>
    </p>
   </div>
   <div class='ocr_carea' id='block_1_116' title="bbox 266 5689 521 5745">
    <p class='ocr_par' dir='ltr' id='par_1_116' title="bbox 266 5689 521 5745">
     <span class='ocr_line' id='line_1_116' title="bbox 266 5689 521 5745; baseline 0.004 -4"><span class='ocrx_word' id='word_1_887' title='bbox 266 5689 521 5745; x_wconf 66' lang='grc' dir='ltr'>ἐπέλαϐε.</span> 
     </span>
    </p>
   </div>
  </div>
