3860 6206
282 378 420 443 1173

1376 372 1452 431 ΙΝ
1504 366 1948 429 EZECIIIELIS
1986 365 2144 426 CAP.
2196 365 2429 426 XXXV.

3400 361 3539 428 1174

278 487 541 558 θιξσοιιίιί
575 500 647 541 σε
670 526 683 551 ,
729 483 827 539 καί
868 484 929 537 al
962 484 1167 547 πόλεις
1197 497 1312 534 σου
1352 481 1423 533 οὐ
1464 475 1548 547 μὴ
1583 492 1851 541 κατοικη-

1962 481 2006 525 et
2038 490 2318 542 coynosces
2373 488 2453 525 me
2500 486 2611 525 esse
2652 468 2958 523 Dominum.
3013 469 3232 529 Rursus
3275 490 3293 524 ι
3336 475 3537 530 solitu-

276 582 460 637 θῶσιν
508 578 598 633 ἔτι
624 618 638 642 ,
697 576 794 630 καὶ
835 575 1039 645 γνώσῃ
1057 576 1123 641 ⁸³,
1168 573 1255 627 ὅτι
1303 572 1417 641 ἐγώ
1466 575 1583 641 ειμι
1616 571 1849 637 Κύριος.

275 667 443 723 Πάλιν
466 665 531 719 τδ
572 684 591 717 ι
630 662 834 735 ἔρημον
874 661 1111 724 αίώνιον,
1150 679 1170 713 ι
1209 661 1301 714 καὶ
1338 679 1356 711 ι
1392 659 1453 712 οὐ
1501 658 1575 729 μὴ
1598 674 1854 728 κατοικη-

275 759 441 812 θῶσιν
481 758 584 822 ἔτι,
640 776 659 809 ι
711 754 855 810 κατὰ
898 756 957 809 τὸ
1009 753 1277 827 γραφικὸν
1331 752 1526 822 ἰδίωμα
1584 750 1850 805 τέθεικεν.

284 853 419 905 Ἀπὸ
454 851 566 905 τῶν
618 850 720 921 ἠδη
762 849 939 904 τοίνυν
997 846 1443 919 ἑρμηνευθὲντων
1487 845 1618 914 ἡμῖν
1677 843 1736 896 ἑν
1783 843 1850 913 τῇ

273 949 466 1020 ἐρήμῳ
517 946 621 1017 τῆς
656 945 836 1017 Τύρου
882 945 975 999 καὶ
1018 943 1190 997 ταῦτα
1220 941 1505 1013 νοήσομεν.
1560 937 1717 993 Οὕτω
1751 936 1853 1007 τὴν

188 1054 203 1074 ο
271 1040 544 1111 τιμωρίαν
580 1037 909 1109 ἀπειλήσας,
939 1037 1101 1091 πάλιν
1138 1035 1236 1107 τὴν
1267 1033 1533 1107 πονηρίαν
1559 1032 1778 1103 γυμνοί.

343 1139 395 1186 ι’.
431 1133 536 1186 Διά
575 1130 643 1184 τὸ
686 1130 878 1185 είπεῖν
901 1146 976 1185 σε
997 1147 1012 1163 ο
1052 1130 1127 1184 Τὰ
1166 1127 1276 1182 δύο
1304 1127 1472 1195 ἔθνη,
1504 1124 1603 1179 καὶ
1651 1127 1712 1179 al
1742 1123 1854 1178 δύο

272 1226 455 1294 χῶραι
482 1222 616 1292 ἐμαὶ
644 1221 909 1285 ἔσονται,
932 1219 1029 1273 καί
1056 1218 1493 1288 κληρονομήσω
1515 1215 1722 1281 αὐτὰς,
1753 1213 1852 1268 καὶ

270 1317 487 1382 Κύριος
529 1312 653 1367 ἐκεῖ
696 1313 889 1366 ἐστιν.
921 1311 992 1363 Ἣ
1022 1309 1163 1363 κατὰ
1190 1310 1318 1372 τοὺς
1349 1308 1539 1371 ἄλλους
1582 1308 1853 1378 ἑρμηνευ-

265 1406 389 1468 τᾶς,
427 1423 447 1457 ‹
483 1404 596 1458 Καὶ
629 1402 837 1475 Κύριος
886 1403 1004 1454 ἐκεῖ
1031 1395 1100 1455 εἷ.
1135 1421 1153 1450 ι
1190 1399 1359 1452 Τοῦτο
1385 1398 1443 1451 δὲ
1468 1399 1528 1451 οὐ
1564 1398 1725 1468 μόνον
1752 1397 1852 1466 τὴν

267 1494 580 1566 ἀπληστίαν
613 1494 709 1546 καὶ
735 1493 833 1562 τὴν
859 1491 1172 1558 πλεονεξίαν
1210 1491 1444 1560 ἐλέγχει,
1476 1489 1610 1543 ἀλλὰ
1636 1490 1730 1543 καὶ
1754 1489 1853 1560 τὴν

264 1586 363 1658 τῆς
406 1587 667 1650 ἀσεὸείας
717 1585 988 1639 δείκνυσιν
1039 1583 1381 1654 ὑπερϐολὴν,
1437 1583 1536 1651 καὶ
1593 1584 1706 1645 τοῖς
1757 1582 1850 1635 τοῦ

265 1679 651 1751 Σενναχηρεὶμ
705 1678 1047 1742 ἀλαζονικοτς
1112 1676 1257 1729 ἔοικε
1314 1675 1493 1744 λόγοις
1520 1691 1534 1706 ·
1596 1675 1689 1728 καὶ
1743 1673 1852 1744 γὰρ

1951 565 2133 618 dinem
2170 564 2586 635 sempiternam,
2621 582 2639 616 ι
2680 570 2733 618 et
2765 580 2783 613 ι
2819 576 2927 616 ιιοιι
2978 562 3378 619 habitabuntur
3425 582 3542 619 am-

1952 657 2100 727 plius
2139 676 2156 706 ι
2198 656 2504 712 secundum
2538 654 2841 727 Scriptura:
2885 655 3090 710 idioma
3131 656 3340 726 posuit.
3364 655 3441 710 Ex
3473 659 3540 714 iis

1950 766 2084 821 ergo
2116 765 2237 819 qua:
2264 751 2375 818 jam
2402 750 2665 815 diximus,
2698 765 2826 805 cum
2870 751 3232 819 loqueremur
3291 750 3359 806 de
3409 751 3541 808 soli-

1954 843 2149 899 tudine
2184 841 2479 913 Tyri,hmc
2517 842 2685 897 etiam
2745 828 3136 913 intelligemus.
3195 840 3272 896 Ita
3329 844 3541 914 suppli-

1952 935 2099 990 cium
2123 935 2390 1000 minatus,
2415 935 2599 990 denuo
2636 934 3051 1004 improbitatem
3080 936 3366 1006 patefacit.

2022 1114 2194 1170 Vens.
2224 1116 2313 1171 10.
2343 1115 2627 1184 Propterea
2653 1116 2793 1185 quod
2820 1116 3019 1170 dixeris
3051 1122 3109 1168 tu
3137 1131 3154 1170 :
3192 1114 3321 1169 Dure
3347 1124 3541 1186 gentes,

1951 1216 2000 1262 et
2038 1207 2157 1261 dum
2183 1207 2422 1276 regiones
2448 1223 2575 1262 mea:
2600 1214 2755 1260 erunt
2799 1214 2848 1260 et
2900 1205 3211 1260 hareditate
3269 1205 3543 1274 possidebo

1950 1316 2063 1363 eas,
2096 1308 2145 1354 et
2169 1299 2425 1354 Dominus
2457 1298 2529 1351 ibi
2552 1306 2650 1353 est.
2671 1296 2765 1352 Vel
2783 1297 3090 1353 secundum
3112 1297 3543 1366 aliosinterpre-

1955 1402 2060 1456 tes.
2102 1413 2120 1446 ι
2152 1402 2204 1448 et
2242 1392 2512 1447 Dominus
2553 1391 2626 1446 ibi
2663 1406 2746 1446 cs.
2788 1410 2806 1442 ι
2834 1390 2951 1445 lloc
2986 1398 3169 1445 autem
3222 1405 3332 1444 non
3364 1389 3540 1444 solum

1953 1488 2328 1544 insatiabilem
2362 1485 2721 1557 cupiditatem
2757 1491 2811 1539 et
2864 1485 3152 1539 avaritiam
3192 1483 3400 1554 arguit,
3444 1482 3540 1538 sed

1952 1579 2119 1633 etiam
2153 1577 2457 1647 impietatis
2491 1575 2736 1631 ostendit
2765 1573 3215 1645 exsuperantiam
3254 1592 3267 1627 :
3304 1580 3358 1629 et
3395 1574 3545 1626 inso-

1955 1669 2195 1726 lentibus
2257 1668 2419 1739 981
2462 1676 2628 1739 atque
2687 1666 3075 1737 arrogantibus
3125 1664 3541 1721 Sennacherimi

263 1771 474 1834 ἐκεῖνος
510 1770 719 1838 ἔλεγεν,
753 1769 836 1822 ὅτι
879 1788 899 1821 ι
941 1769 1016 1821 Οὐ
1053 1768 1127 1838 μὴ
1187 1767 1408 1837 ῥύσεται
1428 1766 1474 1799 ⁸³
1519 1764 1724 1836 Κύριος
1754 1766 1851 1834 τὴν

1962 1761 2141 1816 verbis
2173 1760 2286 1814 haec
2320 1760 2524 1814 similia
2548 1766 2701 1814 sunt.
2733 1757 2949 1812 Etenim
2984 1757 3073 1812 ille
3092 1756 3309 1811 dicebat
3338 1776 3350 1810 :
3390 1774 3407 1806 ι
3433 1754 3538 1811 Ne-

276 1827 639 1933 Ὶερουσαλὴμ
689 1827 754 1914 εκ
799 1860 981 1931 χειρός
1035 1827 1237 1929 nam.»
1281 1858 1393 1912 Καὶ
1448 1860 1496 1911 οἱ
1562 1827 1851 1927 Ἰδουμαῖοι

1962 1868 2234 1925 quaquam
2254 1852 2509 1907 liberabit
2528 1852 2797 1906 Dominus
2817 1849 3248 1921 Hierosolymam
3278 1849 3344 1903 de
3373 1864 3536 1904 manu

262 1954 533 2018 ὡσαύτως
582 1954 773 2022 ἔλεγον
822 1952 1249 2025 Θρασυνόμενοι,
1295 1951 1398 2015 ὅτι,
1439 1967 1457 2001 ι
1514 1946 1851 2022 1(5de-

265 2061 383 2115 ριος
440 2046 499 2099 ὲν
549 2046 616 2116 τῇ
660 2043 1019 2117 Ἰερουσαλὴμ
1043 2082 1059 2108 ,
1111 2044 1273 2113 ἡμεῖς
1301 2041 1399 2105 τὰς
1427 2041 1523 2095 δύο
1549 2041 1850 2112 καθέξομεν

262 2135 470 2208 χώρας.
509 2156 527 2188 ι
566 2136 675 2189 Καὶ
708 2138 815 2207 μὴν
841 2138 870 2190 ὁ
903 2136 1010 2189 τῶν
1033 2134 1169 2189 ὅλων
1192 2134 1326 2198 Θεὸς
1360 2134 1416 2201 ἐξ
1445 2133 1721 2203 Αἰγύπτου
1757 2133 1851 2187 τὸν

275 2228 498 2299 Ἰσραὴλ
530 2227 841 2297 ἐξαγαγὼν,
865 2227 965 2281 οὐκ
1000 2226 1180 2281 εἴασεν
1205 2226 1368 2280 αὑτὸν
1397 2226 1702 2296 πολεμῆσαι
1737 2227 1852 2288 τοῖς

276 2320 600 2390 Ἰδουμαίοις
618 2334 631 2348 °
664 2340 683 2370 ι
713 2321 789 2373 Οὐ
816 2318 1146 2390 πολεμήσεις
1172 2318 1301 2390 γὰρ,
1331 2317 1433 2389 ἔφη
1461 2317 1598 2389 πρὸς
1629 2315 1846 2381 αὐτοὺς,

261 2412 346 2465 ὅτι
372 2411 596 2480 ἀδελφοί
633 2410 725 2465 σού
761 2413 900 2465 είσιν
920 2412 988 2464 ⁸⁸.
1028 2430 1047 2462 ι
1087 2412 1180 2464 Διὸ
1216 2411 1310 2464 καὶ
1350 2411 1448 2480 τῆς
1503 2409 1624 2463 όδοῦ
1677 2407 1849 2461 κωλυ-

262 2503 451 2568 θέντες
475 2505 537 2557 τὸ
565 2504 691 2575 ὅρος
720 2503 1063 2568 ἐκύκλωσαν,
1090 2502 1186 2555 καὶ
1209 2502 1308 2573 τὴν
1336 2501 1563 2573 ἔρημον,
1586 2500 1661 2563 ὡς
1683 2518 1851 2570 προσ-

260 2597 607 2667 ετάχθησαν·
641 2597 733 2650 καὶ
794 2595 923 2668 περ)⁸
979 2595 1079 2665 τῆς
1118 2594 1223 2664 γῆς
1278 2593 1333 2646 δὲ
1379 2594 1597 2663 ἐκείνης
1630 2592 1849 2661 ἁπάσης

261 2688 369 2760 ἔφη
405 2689 486 2760 τῷ
530 2689 746 2760 Ἰσραὴλ
776 2690 804 2741 ὀ
829 2688 962 2751 Θεός
986 2704 999 2718 ·
1034 2705 1053 2738 ι
1097 2688 1171 2740 Οὐ
1204 2686 1363 2741 δώσω
1392 2701 1487 2739 σου
1508 2687 1706 2758 αὑτήν
1737 2689 1851 2750 τοῖς

259 2782 372 2851 γὰρ
430 2782 569 2845 υἱοῖς
621 2780 788 2834 Ἦσαῦ
847 2780 1058 2833 δέδωκα
1093 2779 1263 2849 αὐτὴν
1297 2782 1354 2832 ὲν
1384 2778 1592 2850 κλήρῳ.
1641 2797 1659 2830 ι
1709 2778 1849 2831 Ἀλλ’

258 2876 418 2946 ὅμως
468 2875 571 2929 οὐκ
627 2874 988 2946 ἀρκεσθέντες
1046 2875 1335 2944 Ἰδουμαῖοι
1387 2874 1501 2933 τοῖς
1553 2871 1852 2935 θεοσδότοις

260 2967 533 3035 ἀγαθοῖς,
583 2968 818 3039 ἤλπισαν
868 2967 1094 3038 ualui-tv
1135 2966 1404 3020 Ἰουδαίων
1447 2964 1851 3036 κληρονομῆσαι

259 3058 372 3128 γῆν
401 3076 414 3087 ·
448 3057 572 3112 ὅθεν
599 3059 823 3121 εἰκότως
849 3061 875 3111 ό
908 3056 1016 3111 τῶν
1054 3058 1192 3112 ὅλων
1216 3056 1348 3119 Θεὸς
1378 3056 1473 3110 καὶ
1512 3055 1727 3109 ἀπειλεῖ
1753 3056 1851 3118 τὰς

258 3150 561 3222 τιμωρίας,
596 3151 688 3204 καὶ
719 3151 866 3221 ὅρκῳ
906 3149 1114 3220 βεϐαιοῖ
1142 3148 1238 3220 τὴν
1276 3148 1569 3217 ἀπόφασιν.

1006 3306 1037 3333 Ι

339 3415 433 3460 ια’.
477 3408 580 3461 Διὰ
619 3407 796 3460 τοῦτο
820 3406 952 3476 γὰρ,
989 3409 1145 3477 φησὶ,
1188 3406 1279 3459 Ζῶ
1303 3406 1438 3475 ἐγὼ,
1478 3406 1639 3475 λέγει
1676 3407 1852 3459 Ἀδω-

261 3502 372 3554 rat
403 3501 656 3567 Κύριος,
711 3499 812 3553 καί
857 3498 1089 3564 ποιήσω
1140 3515 1240 3552 σοι
1278 3499 1429 3551 κατὰ
1484 3497 1599 3563 τὴν
1633 3497 1856 3566 ἔχθραν

260 3607 423 3656 σου,
474 3592 631 3645 καὶ⁹¹
667 3591 817 3645 κατὰ
865 3590 975 3644 τὸν
1020 3587 1202 3658 ζῆλόν
1232 3603 1350 3642 σου
1378 3629 1391 3653 ,
1436 3588 1510 3640 ὃν
1537 3588 1852 3654 ἐποίησας,

262 3686 335 3737 ἐκ
387 3684 497 3738 τοῦ
532 3681 930 3753 μεμισηκέναι
978 3696 1052 3735 σε
1100 3681 1168 3734 ἐν
1219 3680 1441 3745 αὐτοῖς.
1484 3677 1592 3732 Τοῦ
1634 3679 1851 3750 φθόνου,

264 3779 429 3847 φησὶ,
455 3777 549 3831 καὶ
571 3776 670 3843 τ’ἡς
695 3775 1020 3845 δυσμενείας
1052 3772 1179 3838 ἄξια
1208 3771 1388 3842 πείσῃ.

340 3866 456 3921 Kal
485 3865 917 3935 γνωσθήσομαί
969 3880 1068 3918 σοι
1096 3903 1110 3928 ,
1162 3863 1347 3931 ἡνίκα
1407 3862 1483 3916 ἂν
1526 3860 1707 3929 κρινῶ
1757 3876 1853 3915 σε.

264 3959 415 4033 (ιβ’.)
455 3960 563 4013 Kal
595 3957 799 4028 γνώσῃ
835 3957 925 4011 ὅτι
961 3956 1074 4027 ἐγώ
1115 3959 1235 4025 εἶμι
1265 3956 1501 4023 Κύριος.
1547 3954 1657 4017 Τὰς
1686 3972 1859 4026 τιμω-

269 4052 420 4123 ρίας,
460 4052 642 4121 φησὶν,
676 4049 969 4119 ἐπαγαγών
1001 4067 1082 4103 σοι
1118 4048 1277 4119 δῆλον
1308 4047 1542 4119 ἐμαυτόν
1582 4064 1663 4099 σοι
1690 4066 1857 4103 κατα-

272 4143 501 4211 στήσω,
547 4141 633 4194 ῐνα
681 4142 755 4212 μὴ
806 4141 1034 4211 νομίσῃς
1069 4139 1332 4210 ἑτέρωθεν
1379 4140 1546 4193 ποθεν
1586 4138 1857 4210 συμϐῆναί

272 4250 364 4288 σοι
394 4236 463 4288 τὰ
488 4234 727 4304 λυπηρὰ,
760 4234 946 4306 μαθὼν
973 4234 1029 4286 δὲ
1057 4233 1155 4304 τὴν
1194 4233 1332 4304 ἐμὴν
1357 4233 1696 4296 δεσποτείαν,
1735 4231 1859 4302 ὄνη-

275 4345 366 4381 σιν
391 4327 497 4381 ἀπὸ
528 4330 626 4398 τῆς
653 4326 906 4396 γνώσεως
933 4326 1125 4396 λάϐῃς.

350 4419 630 4473 Ἤκουσα
668 4418 781 4486 τὴν
825 4418 1035 4487 φωνὴν
1070 4416 1283 4470 πασῶν
1310 4416 1427 4469 τῶν
1444 4414 1860 4485 ,ϐλασφημιῶν

271 4527 417 4574 σου,
443 4496 590 4562 dir"
625 4510 832 4577 ἔλεγες
875 4508 1005 4576 περὶ
1042 4507 1161 4561 τῶν
1209 4506 1394 4576 ὀρέων
1436 4507 1706 4575 Ἰσραὴλ,
1754 4505 1858 4561 λέ·
1886 4540 1933 4597 D

276 4616 440 4668 γωνο
486 4601 565 4656 Τὰ
608 4603 714 4671 ὅρη
777 4600 1055 4669 Ἰσραὴλ,
1096 4601 1169 4653 τὰ
1222 4600 1466 4668 ὑψηλὰ,
1513 4599 1586 4654 τὰ
1626 4599 1854 4664 αἰώνια,

273 4691 470 4759 ἔρημα
506 4688 652 4759 ἡμῖν
695 4690 930 4745 δέδοται
977 4694 1065 4756 εὶς
1115 4689 1509 4759 κατάσχεσιν.
1556 4688 1695 4761 (ιγ’.)
1746 4690 1856 4744 Kal

273 4781 926 4850 ἐμεταλορῤημόνησας
974 4782 1067 4834 ἐπ’
1129 4781 1235 4849 ἐμὲ
1282 4778 1363 4845 τῷ
1412 4781 1666 4849 στόματί
1715 4796 1853 4846 σου,

272 4874 375 4927 καὶ
399 4873 447 4906 ’³
477 4873 828 4939 ἐπλήθυνας
859 4874 953 4927 ἐπ’
987 4873 1092 4945 ἐμὲ
1136 4874 1361 4942 λόγους
1412 4888 1548 4938 σου,
1583 4874 1691 4940 οὓς
1742 4873 1857 4944 ἐγὼ

273 4964 541 5033 ἤκουσα.
581 4965 720 5028 Τοὺς
761 4964 1114 5034 βλασφήμους
1144 4964 1336 5032 λόγους
1367 4965 1487 5017 οὐδὲ
1536 4968 1855 5036 ἀπομνημο·

273 5054 456 5110 νεύειν
498 5056 748 5127 ἀνέχεται
772 5072 784 5086 ·
830 5056 1098 5109 διδάσκων
1133 5058 1313 5127 ἡμᾶς,
1352 5056 1487 5126 μηδὲ
1520 5057 1578 5108 ὲν
1602 5057 1853 5125 διηγήσει

276 5148 379 5211 τὰς
408 5149 520 5202 τῶν
559 5149 735 5203 ἄλλων
773 5148 1119 5218 βλασφημίας
1148 5148 1235 5201 διὰ
1278 5149 1377 5217 τῆς
1431 5148 1672 5218 γλώττης
1716 5165 1853 5218 προσ

278 5240 489 5311 φέρειν,
517 5240 826 5311 μεμνῆσθαι
855 5240 910 5293 δὲ
931 5241 1030 5310 τῆς
1055 5241 1401 5312 προφητικῆς
1427 5239 1633 5309 φωνῆς,
1667 5240 1856 5308 λεγού-

1958 1962 2077 2002 mea
2096 1958 2140 2000 θ.
2166 1966 2183 1998 ι
2205 1945 2267 2000 Et
2293 1946 2548 2001 similiter
2564 1945 2788 1998 Idumaei
2816 1942 3108 1997 temerarie
3133 1941 3535 2012 loquebantur:

1964 2059 1984 2090 ι
2025 2039 2253 2094 Etiamsi
2301 2038 2564 2093 Dominus
2619 2035 2785 2090 fuerit
2836 2036 2890 2089 in
2946 2034 3350 2106 Hierosolyma,
3400 2033 3538 2087 duas

1958 2146 2060 2188 nos
2090 2131 2460 2186 obtinebimus
2489 2129 2765 2199 regiones.
2823 2147 2843 2179 ι
2877 2126 2945 2180 Et.
2985 2134 3166 2181 tamen
3205 2134 3400 2181 auctor
3419 2142 3537 2181 om-

1957 2226 2110 2280 nium
2164 2237 2352 2280 rerum
2406 2223 2569 2287 Deus,
2630 2236 2754 2276 cum
2816 2219 3100 2275 eduxisset
3146 2219 3404 2275 lsraelem
3468 2233 3537 2272 ex

1955 2319 2215 2390 Egypto,
2256 2332 2367 2372 non
2398 2313 2649 2386 permisit
2697 2313 2877 2384 ipsum
2917 2312 3117 2367 bellum
3153 2309 3356 2366 inferre
3407 2308 3534 2363 ldu-

1957 2414 2126 2467 mteis.
2163 2427 2182 2461 ι
2229 2408 2346 2463 Νοη
2381 2406 2657 2478 pugnabis
2688 2405 2836 2461 enim
2872 2404 3140 2459 adversus
3181 2418 3297 2467 eos,
3337 2402 3534 2471 inquit,

1955 2505 2085 2575 quia
2113 2503 2313 2558 fratres
2344 2501 2422 2556 tui
2456 2492 2655 2557 sunt'.
2692 2519 2711 2552 ι
2746 2497 2958 2553 Idcirco
3013 2496 3178 2552 etiam
3234 2496 3303 2550 ab
3344 2496 3539 2553 itinere

1955 2594 2170 2649 exclusi
2226 2592 2603 2647 cireuiverunt
2641 2597 2885 2644 montem
2931 2596 2986 2644 et
3034 2588 3414 2652 solitudinem,
3478 2593 3538 2641 ut

1953 2685 2095 2756 jussi
2132 2684 2369 2740 fuerant.
2409 2683 2473 2737 Et
2512 2683 2579 2738 de
2631 2681 2782 2736 omni
2836 2681 2929 2736 illa
2974 2688 3119 2736 terra
3188 2680 3330 2735 dixit
3393 2678 3536 2735 Deus

1958 2776 2145 2832 lsraeli
2170 2794 2182 2830 :
2212 2794 2230 2826 ι
2251 2774 2370 2828 Non
2404 2773 2548 2828 dabo
2584 2772 2682 2827 tibi
2706 2786 2848 2836 eam,
2874 2770 3001 2826 ﬁliis
3035 2771 3179 2826 enim
3213 2771 3381 2826 Esaui
3412 2769 3534 2825 dedi

1958 2883 2077 2923 eam
2107 2868 2162 2921 in
2203 2865 2642 2920 ha'reditatemﬁ.
2676 2884 2695 2916 ι
2759 2858 3149 2918 Verumtamen
3200 2861 3345 2916 haud
3396 2876 3536 2917 con-

1960 2961 2094 3015 tenti
2121 2958 2345 3013 ldtnnrei
2377 2958 2541 3012 bonis
2573 2956 2679 3012 sibi
2708 2971 2738 3010 a
2770 2955 2880 3010 Deo
2905 2956 3206 3020 concessis,
3241 2963 3537 3025 sperarunt

1959 3051 2125 3105 etiam
2167 3064 2225 3103 sc
2260 3047 2579 3103 haereditate
2611 3046 2925 3102 Iudaeorum
2957 3046 3235 3117 regionem
3275 3047 3536 3102 obtentu-

1960 3158 2054 3198 ros
2081 3157 2223 3195 esse.
2262 3141 2442 3209 Quare
2467 3138 2667 3194 merito
2697 3146 2892 3193 auctor
2915 3138 3162 3213 omnium
3185 3153 3365 3193 rerum
3391 3137 3535 3193 Deus

1954 3241 2008 3286 et
2066 3246 2259 3299 pu‘nas
2326 3229 2588 3291 minatur,
2648 3236 2705 3282 ct
2767 3227 3130 3297 jurejurando
3206 3229 3533 3283 sententiam

1955 3335 2109 3375 suam
2130 3318 2442 3373 conﬁrmat.

2027 3408 2194 3464 Vens.
2236 3409 2324 3463 11.
2384 3410 2666 3479 Propterea
2708 3410 2886 3473 enim,
2930 3408 3058 3463 Vivo
3084 3454 3097 3475 ,
3150 3410 3358 3480 inquit,
3400 3425 3493 3479 ego

1956 3503 2085 3556 dicit
2126 3500 2334 3555 Adonai
2394 3500 2696 3565 Dominus,
2750 3511 2799 3555 et
2850 3501 3046 3570 faciam
3097 3502 3193 3557 tibi
3244 3502 3534 3556 secundum

1957 3593 2297 3646 inimicitiam
2346 3602 2492 3646 luam
2514 3633 2527 3654 ,
2568 3602 2618 3647 et
2655 3593 2945 3647 secundum
2978 3592 3146 3647 zelum
3178 3603 3349 3659 tuum,
3382 3610 3535 3661 quem

1960 3683 2135 3752 fecisti
2160 3700 2278 3738 cum
2304 3694 2361 3738 tu
2388 3683 2588 3739 odisses
2618 3701 2727 3739 eos.
2780 3683 2984 3738 Invidia
3008 3725 3024 3751 ,
3059 3685 3236 3755 inquit
3258 3725 3272 3749 ,
3308 3694 3362 3740 et
3408 3685 3537 3740 odio

1956 3773 2123 3842 digna
2156 3774 2409 3843 patieris.

2030 3867 2099 3921 Et
2136 3877 2288 3922 notus
2327 3885 2415 3921 ero
2458 3867 2584 3931 tibi,
2635 3884 2754 3921 cum
2787 3867 3042 3937 judicabo
3075 3878 3142 3924 te.
3191 3867 3387 3938 (Vens.
3421 3868 3535 3937 12.)

1961 3959 2029 4013 Et
2057 3976 2332 4030 cognosces
2375 3977 2454 4014 me
2508 3977 2618 4014 esse
2651 3959 2955 4014 Dominum.
2987 3958 3161 4017 Illatis
3192 3962 3290 4015 tibi
3327 3962 3539 4032 suppli-

1959 4054 2084 4117 ciis,
2120 4052 2321 4123 inquit,
2349 4068 2436 4107 me
2465 4053 2643 4122 ipsum
2675 4053 2776 4107 tibi
2812 4054 3166 4124 perspicuum
3194 4052 3434 4112 faciam.
3469 4070 3537 4109 ne
3588 4032 3597 4041 ’

1959 4145 2261 4205 existimes.
2298 4145 2525 4200 aliunde
2554 4160 2648 4201 eas
2695 4145 2793 4199 tibi
2831 4145 3130 4215 contigisse
3155 4147 3534 4209 calamitates,

1963 4237 2057 4292 sed
2093 4251 2217 4290 cum
2243 4238 2570 4305 cognoveris
2603 4251 2691 4289 me
2724 4236 3017 4290 Dominum
3050 4251 3174 4291 esse
3204 4277 3218 4298 ,
3244 4251 3310 4291 ex
3344 4250 3408 4290 ea
3438 4251 3532 4291 co-

1961 4327 2206 4397 gnitione
2236 4326 2530 4379 utilitatem
2567 4325 2862 4395 percipias.

2032 4417 2223 4470 Audivi
2278 4433 2450 4470 vocem
2494 4416 2726 4468 omnium
2783 4416 3229 4483 blasphemiarum
3284 4424 3531 4480 tuarum,

1963 4524 2096 4577 quas
2132 4507 2343 4560 dicebas
2370 4507 2433 4560 de
2460 4506 2723 4559 montibus
2761 4504 2983 4560 Israelis
3009 4548 3022 4569 ,
3059 4506 3234 4559 dicens
3265 4521 3282 4558 :
3324 4504 3530 4559 Montes

1962 4598 2187 4653 lsraelis
2211 4598 2404 4652 excelsi
2435 4638 2448 4661 ,
2479 4598 2825 4667 sempiterni,
2859 4598 3053 4652 deserti
3083 4596 3231 4651 nobis
3267 4596 3383 4650 dati
3410 4607 3532 4651 sunt

1954 4693 2010 4745 in
2034 4690 2434 4759 possessionem.
2468 4688 2658 4761 (Vens.
2684 4689 2801 4758 l5.)
2831 4687 2899 4742 Et
2929 4690 2943 4709 ‘
2971 4689 3249 4759 magniﬁce
3269 4688 3433 4759 982
3464 4688 3537 4742 ιο-

1954 4794 2107 4838 cutus
2134 4798 2187 4836 es
2217 4798 2373 4851 super
2416 4798 2495 4836 me
2525 4797 2615 4836 ore
2641 4789 2732 4835 tuo
2757 4821 2772 4847 ,
2800 4790 2850 4836 et
2877 4781 3249 4852 multiplicasti
3279 4796 3435 4848 super
3457 4798 3536 4835 me

1954 4873 2109 4927 verba
2156 4881 2249 4926 tua
2300 4889 2416 4942 qua
2463 4889 2557 4943 ego
2608 4872 2809 4927 audiri.
2868 4870 3047 4928 Verba
3096 4872 3418 4945 blaSphema
3466 4887 3536 4927 ne

1955 4980 2391 5020 commemorare
2422 4965 2644 5034 quidem
2696 4964 2933 5021 sustinet
2961 5005 2974 5028 .
3000 4966 3208 5022 docens
3249 4981 3353 5021 nos
3397 4964 3537 5019 alio-

1956 5072 2080 5110 rum
2117 5056 2408 5110 maledicta
2444 5070 2544 5109 nec
2574 5054 2853 5110 narrando
2882 5057 3066 5127 lingua
3100 5055 3381 5127 proferre,
3416 5070 3533 5109 nte-

1956 5152 2185 5207 minisse
2228 5166 2359 5206 vero
2413 5150 2544 5205 dicti
2601 5150 2749 5207 illius
2799 5152 3105 5221 prophetici
3164 5170 3176 5205 :
3240 5173 3257 5203 ι
3296 5152 3367 5205 Ut
3422 5164 3531 5202 non

1952 5241 2215 5310 loquatur
2249 5257 2312 5296 os
2352 5256 2534 5296 meum
2565 5256 2733 5312 opera
2770 5242 3049 5297 hominum
3079 5243 3129 5295 ιι.
3169 5260 3187 5294 ι
3229 5240 3324 5295 llis
3355 5238 3534 5293 omni-

357 5430 384 5458 ¢
411 5414 479 5471 ιν
506 5416 639 5487 lleg.
682 5430 834 5479 xvut,
861 5416 949 5471 29.
1033 5415 1051 5454 ί
1087 5416 1246 5470 Deut.
1278 5430 1337 5479 ιι,
1372 5416 1424 5469 4.
1507 5417 1532 5455 8
1556 5415 1688 5469 ibid.
1720 5417 1774 5470 5.

1962 5417 2050 5472 sal.
2083 5433 2195 5481 xu,
2226 5420 2279 5473 4.

1562 5571 1793 5626 VARle
1844 5572 2246 5629 LECTIONES.

364 5719 408 5751 "'
444 5720 488 5770 A
527 5713 849 5782 γνώσονται.
910 5714 951 5746 ⁸⁸
992 5711 1032 5764 Β
1066 5712 1334 5782 ρύσηται.
1388 5713 1432 5743 ⁹⁰
1474 5713 1514 5763 Β
1542 5713 1766 5779 ἀδελφός
1801 5711 1893 5764 σού
1926 5714 2091 5766 ἐστιν.
2150 5716 2191 5745 ⁹¹

290 5804 488 5858 σχεσιν.
524 5781 566 5841 Α
590 5783 672 5837 ὃτι
700 5781 878 5849 εἶπας,
902 5782 980 5837 Τὰ
1008 5781 1104 5853 ὅρη
1144 5781 1354 5853 Ἰσραὴλ
1386 5782 1586 5853 ἔρημα,
1619 5785 1746 5853 ἡμῖν
1772 5784 1973 5835 δέδοται
2002 5785 2077 5847 εἰς
2105 5784 2462 5854 κςτάίῖςσιιιξμα.
2542 5785 2585 5813 ’⁵³

2236 5717 2328 5766 καὶ
2363 5743 2425 5753 -υ
2463 5717 2663 5776 αὐτοῖς.
2705 5714 2824 5766 "es.
2857 5714 2908 5765 itt
2938 5710 2997 5760 Α.
3079 5711 3121 5740 ’³
3160 5703 3234 5759 ὧν
3270 5737 3323 5749 κ
3359 5710 3526 5763 mra-

2629 5785 2717 5835 καὶ
2736 5781 2901 5843 -οὖς,
2927 5780 3043 5833 Des.
3068 5778 3117 5831 in
3144 5780 3207 5833 A.
