3860 6206
1171 304 1252 362 IN
1282 299 1727 362 EZECIIIELIS
1752 299 1908 360 CAP.
1937 300 2232 360 XXXVII.
3256 288 3391 360 1190

2038 451 2353 461 —_——-

1613 454 1943 463 __————————

256 463 791 476 —.——-———-_—__—_—
800 462 817 467 _
831 461 891 467 ———-
900 460 1045 467 -m'
1055 460 1135 467 ..ς-υ
1144 454 1943 468 _-———.——_—.__——.———_..__———————
1956 454 1997 462 -
2006 453 2031 461 ο

1452 609 1836 697 ΤΟΜΟΣ
1923 608 2086 694 ΙΕ’.

951 979 1299 1067 LIBER
1376 972 1899 1063 DECIMUS
2029 968 2609 1077 QUINTUS.

642 1323 1035 1377 ΚΕΦΑΛΜΟΝ
1083 1323 1201 1375 ΛΖ’.
1394 1318 1395 1321 “

2332 1308 2562 1369 CAPUT
2598 1306 2861 1365 XXXVII.

196 1414 648 1484 α’.Καίἐγὲνετο
662 1415 753 1469 ἐπ’
783 1416 888 1485 ἐμὲ
917 1415 1044 1485 χείρ
1074 1414 1316 1482 Κυρίου.
1355 1413 1525 1466 Πάλιν
1546 1411 1711 1481 χεῖρα

1886 1407 2048 1463 Vrsas.
2086 1409 2136 1462 l.
2170 1405 2237 1460 Et
2286 1406 2389 1475 fuit
2448 1420 2606 1475 super
2662 1419 2742 1456 me
2798 1415 2988 1453 manus
3063 1396 3391 1451 Domini.--

129 1508 223 1579 τὴν
255 1509 414 1562 Θείαν
448 1509 731 1579 ἐνέργειαν
774 1508 1058 1561 ἀποκαλεῖ.
1096 1524 1114 1557 ι
1152 1505 1259 1560 Καὶ
1287 1504 1523 1575 ἐξήγαγέ
1567 1521 1632 1573 με
1655 1506 1711 1557 ὲν

1820 1499 2036 1553 Manum
2068 1513 2262 1553 rursus
2284 1498 2524 1553 divinam
2570 1496 2678 1549 vim
2718 1504 2895 1548 vocat.
2939 1510 2957 1541 ι
2997 1489 3061 1543 Et
3097 1488 3285 1543 eduxit
3307 1502 3392 1540 me

130 1601 411 1671 πνεύματι
429 1600 659 1671 Κυρίου,
678 1601 771 1653 καὶ
793 1599 956 1669 ἔθηκέ
980 1616 1046 1668 με
1072 1600 1129 1652 ὲν
1152 1598 1303 1669 μέσῳ
1318 1597 1412 1650 τοῦ
1432 1595 1615 1649 πεδίου
1632 1595 1672 1626 ³’
1687 1614 1706 1646 ι

1820 1593 1866 1646 in
1898 1592 2091 1661 spiritu
2140 1589 2377 1655 Domini,
2403 1598 2457 1644 et
2497 1589 2678 1659 posuit
2701 1602 2787 1640 me
2812 1585 2864 1638 in
2919 1584 3096 1638 medio
3136 1580 3332 1650 campi.
3366 1599 3384 1626 ι

130 1694 489 1764 Πνευματικὴ
514 1693 675 1748 πάλιν
705 1693 738 1763 ἡ
764 1691 967 1761 Θεωρία
988 1708 1001 1720 ο
1027 1691 1088 1743 οὐ
1124 1691 1235 1761 γὰρ
1255 1693 1368 1751 τοῖς
1400 1687 1493 1741 τοῦ
1523 1686 1711 1757 σώμα-

128 1804 222 1849 τος
261 1785 568 1855 ὀφθαλμοῖς
606 1783 752 1855 ἑώρα
796 1783 861 1836 τὰ
923 1781 1377 1851 ὑποδεικνύμενα,
1425 1779 1562 1834 ἀλλὰ
1617 1778 1710 1832 τοῦ

130 1874 407 1943 παναγίου
430 1873 740 1944 πνεύματος
768 1872 984 1943 ἐδέχετο
1011 1871 1109 1943 τὴν
1135 1870 1501 1941 ἀποκάλυψιν.
1538 1899 1542 1902 -

202 2054 318 2109 Kal
360 2053 385 2086 δ
434 2053 612 2107 τοῦτο
662 2047 740 2121 ἦν
792 2049 1021 2121 μεστὸν
1070 2051 1298 2103 ὀστέων
1353 2048 1706 2117 ἀνθρώπων·

130 2149 250 2219 (β’.)
279 2148 388 2202 Καί
417 2144 739 2214 περιήγαγέ
770 2160 847 2213 με
869 2143 962 2196 ἐπ’
989 2143 1139 2196 αὐτὰ
1165 2138 1463 2194 κυκλόθεν
1487 2138 1707 2205 κύκλῳ,

127 2241 235 2296 καὶ
276 2238 404 2293 ἰδοὺ
433 2236 636 2291 πολλὰ
678 2236 915 2305 σφόδρα
965 2234 1064 2287 ἐπί
1101 2231 1425 2301 προσώπου
1469 2229 1577 2284 τοῦ
1610 2244 1711 2281 πε-

126 2331 193 2384 δί’
194 2348 268 2386 ου
287 2330 332 2385 ⁸.
350 2330 473 2391 Τοῖς
491 2328 780 2397 πράγμασι
803 2324 1207 2396 συμϐαινούσας
1226 2322 1322 2385 τὰς
1340 2320 1709 2389 ἀποκαλύψεις

126 2423 435 2496 λαμϐάνει·
475 2420 666 2491 ἐπειδὴ
712 2418 820 2490 γὰρ
853 2418 921 2471 δι’
959 2418 1026 2489 ἢν
1065 2417 1282 2469 ἐνόσουν
1317 2413 1574 2468 ἀπιστίαν
1612 2413 1710 2475 τὰς

128 2518 506 2591 χρηστοτέρας
551 2513 937 2585 ἀπηγόρευσαν
988 2510 1209 2572 ἐλπίδας
1242 2510 1291 2561 οἱ
1323 2510 1387 2562 ὲκ
1432 2508 1531 2579 τῆς
1584 2506 1711 2560 Ἰου-

125 2612 292 2674 δαίας
317 2607 651 2679 αἰχμάλωτοι
681 2604 985 2673 γενόμενοι,
1006 2601 1102 2673 τὴν
1123 2600 1331 2653 οἰκείαν
1352 2599 1534 2661 αὐτοῖς
1555 2599 1582 2650 ὁ
1602 2596 1709 2650 τῶν

1816 1683 2130 1755 Spiritualis
2188 1683 2301 1736 haec
2343 1696 2538 1736 rursus
2601 1677 2994 1749 contemplatio
3046 1682 3154 1738 est,
3214 1685 3392 1741 neque

1811 1776 1957 1831 enim
1988 1773 2166 1828 oculis
2189 1775 2435 1842 corporis
2484 1785 2547 1825 ea
2611 1769 2892 1831 cernebat,
2929 1781 3051 1835 qua:
3083 1764 3184 1819 sibi
3215 1772 3392 1816 osten-

1812 1866 2106 1929 debentur,
2165 1864 2260 1919 sed
2307 1860 2643 1918 sanctissimi
2701 1858 2941 1927 Spiritus
3005 1855 3389 1910 revelationcm

1811 1956 2167 2033 percipiebat.

1885 2048 1954 2102 Et
1985 2050 2068 2102 hic
2106 2055 2220 2101 erat
2252 2048 2438 2116 plenus
2462 2043 2669 2098 ossibus
2709 2041 3001 2095 hominum.
3058 2037 3247 2110 (Vens.
3305 2034 3389 2104 2.)

1812 2141 1883 2202 Et
1937 2139 2288 2195 circumduxit
2342 2154 2422 2191 me
2472 2149 2627 2203 super
2658 2150 2721 2187 ea
2760 2148 2850 2201 per
2878 2146 3068 2202 gyrum
3097 2131 3153 2183 in
3198 2128 3391 2181 circui—

1813 2243 1889 2295 tu,
1918 2241 1968 2288 et
1996 2249 2110 2287 ecce
2144 2230 2293 2285 ualde
2317 2229 2482 2282 multa
2518 2240 2673 2293 super
2694 2225 2881 2293 faciem
2915 2222 3107 2289 campi.
3144 2220 3391 2275 Consen-

1810 2333 2002 2380 taneas
2020 2324 2183 2378 rebus
2214 2321 2415 2391 accipit
2441 2319 2822 2373 revelationes.
2847 2315 2983 2371 Cum
3010 2314 3152 2368 enim
3173 2304 3392 2382 propTer

1812 2417 2116 2487 perﬁdiam.
2152 2413 2312 2483 cujus
2348 2412 2540 2466 morbo
2569 2410 2912 2473 laborabant,
2940 2408 3220 2461 meliorum
3239 2417 3390 2472 spem

1812 2509 2142 2580 abjecissent
2206 2507 2382 2562 Judasi
2439 2506 2540 2569 illi,
2571 2504 2665 2575 qui
2691 2519 2757 2558 ex
2791 2501 2978 2556 Judum
3026 2497 3226 2567 captivi
3288 2496 3389 2548 ab-

1812 2600 1963 2656 ducti
2009 2600 2247 2665 fuerant,
2281 2613 2448 2653 suam
2487 2596 2622 2667 ipsis
2649 2601 2843 2647 auctor
2900 2590 3147 2643 omnium
3208 2600 3389 2641 rerum

125 2666 426 2765 6119;9st
477 2666 825 2754 ἐπιδείκνυσι·
858 2666 1109 2764 δύναμιν,
1138 2691 1232 2745 καὶ
1259 2690 1360 2761 τὴν
1397 2688 1579 2759 πολλῷ
1606 2688 1707 2756 τῆς

1820 2693 1960 2748 Deus
1984 2692 2285 2763 potentiam
2317 2689 2571 2751 ostendit,
2600 2696 2653 2741 et
2688 2687 2844 2754 longe
2869 2681 3233 2736 difficiliorem
3292 2678 3391 2730 illa

127 2793 484 2863 ἀνακλήσεως
507 2789 722 2860 ἐκείνης
785 2784 1193 2856 δυσκολωτέραν
1222 2781 1331 2836 τῶν
1359 2780 1567 2852 νεκρῶν
1598 2798 1706 2833 σω-

129 2886 327 2957 μάτων
350 2883 644 2938 ἀνάστασιν
703 2878 1036 2933 ἐπιδείκνυσι
1090 2875 1170 2947 τῷ
1218 2873 1493 2945 προφήτῃ,
1527 2873 1621 2926 καὶ
1639 2872 1707 2925 δι’

127 2976 347 3029 ἐκείνου
375 2973 554 3027 πάντα
613 2970 862 3024 διδάσκει
925 2969 1017 3022 τὸν
1048 2966 1199 3031 λαὸν,
1230 2966 1304 3028 ὡς
1351 2966 1528 3019 πάντα
1561 2964 1708 3035 αὐτῷ

130 3070 298 3140 ῥᾴδια
356 3064 687 3138 βουλομένῳ.
728 3061 1014 3125 Ἰουδαίους
1079 3059 1178 3130 μὲν
1211 3054 1305 3113 οὖν
1336 3059 1431 3113 xui.
1456 3059 1583 3121 τοὺς
1613 3057 1708 3111 ἄλ-

58 3172 93 3239 "
127 3162 264 3223 λους
299 3157 637 3230 Ἰσραηλίτας
668 3154 875 3220 ἐδίδαξε
898 3152 985 3207 διὰ
999 3151 1212 3216 τούτου,
1240 3150 1315 3213 ὼς
1332 3149 1557 3212 εὐπετὲς
1586 3148 1709 3201 λίαν

127 3251 212 3322 τῷ
243 3250 363 3321 Θεῷ
410 3249 718 3319 βουλομένῳ
779 3248 859 3309 εἰς
888 3244 985 3316 τήν
1033 3241 1305 3315 προτέραν
1346 3240 1709 3308 ἐπαναγαγεῖν

130 3341 451 3414 ἐλευθερίαν
492 3342 621 3403 τοὺς
678 3336 1060 3408 αἰχμαλώτους
1089 3332 1525 3404 γεγενημένους·
1579 3331 1709 3401 ἡμῖν

128 3435 193 3487 δὲ
230 3434 321 3488 καί
345 3434 511 3486 πᾶσιν
537 3429 872 3497 ἁπαξαπλῶς
893 3429 1005 3491 τοῖς
1033 3425 1383 3495 εὐαγγελικδν
1406 3427 1425 3458 θ
1451 3427 1710 3496 κήρυγμα

134 3525 277 3597 μετά
298 3525 534 3588 πίστεως
589 3520 927 3591 δεξαμένοις,
964 3520 1064 3588 τῆς
1100 3518 1208 3571 τῶν
1254 3518 1522 3587 σωμάτων
1554 3516 1710 3587 ὴμῶν

132 3617 488 3680 ἀναστάσεως
539 3612 873 3667 ἐπιδείκνυσι
919 3609 1020 3681 τὴν
1066 3608 1337 3672 εὐκολίαν,
1383 3607 1475 3660 καί⁸
1529 3608 1610 3660 ὃτι
1635 3605 1710 3676 τῷ

131 3712 268 3780 θείῳ
323 3710 468 3779 λόγῳ
510 3707 608 3762 καὶ
658 3705 887 3777 νεύματι
930 3702 1038 3757 τῶν
1082 3700 1421 3773 πραγμάτων
1459 3700 1494 3770 ἡ
1549 3699 1711 3769 φύσις

131 3801 442 3859 ἀκολουθεῖ.

208 3895 318 3948 Καὶ
349 3890 483 3947 εἶπε
509 3894 658 3961 πρός
695 3904 802 3961 με’
838 3888 952 3962 (γ’.)
989 3888 1082 3941 Υἱὲ
1116 3886 1452 3954 ἀνθρώπου,
1485 3887 1538 3937 εὶ
1563 3885 1584 3916 ⁷
1619 3883 1714 3951 ζή-

1808 2787 1863 2841 in
1885 2783 2446 2856 pristinum'statum
2507 2780 2756 2849 ipsorum
2815 2773 3183 2833 restitutione,
3244 2785 3392 2822 mur-

1811 2886 2027 2933 tuorum
2092 2887 2387 2944 corporum
2450 2869 2911 2925 resurrectionem
2974 2862 3180 2917 indicat
3260 2875 3391 2931 pro-

1809 2972 2020 3041 phetae:
2057 2983 2152 3038 per
2167 2982 2328 3037 quem
2360 2979 2599 3027 omnem
2630 2961 2892 3032 populum
2951 2957 3135 3019 docet,
3203 2957 3391 3008 omnia

1810 3062 1915 3118 sibi
1953 3075 2077 3116 esse
2131 3058 2314 3113 facilia
2383 3055 2607 3112 volenti.
2671 3052 2886 3108 Jttdmos
2945 3050 3110 3120 igitur
3154 3054 3207 3100 et
3254 3045 3393 3099 alios

1812 3153 2084 3210 lsraelitas
2112 3166 2209 3220 per
2236 3149 2381 3203 hunc
2409 3146 2616 3209 docuit,
2653 3143 2968 3198 facillimum
3023 3153 3145 3194 esse
3191 3136 3393 3189 volenti

1812 3247 1944 3310 Deo,
1969 3243 2022 3297 in
2066 3242 2383 3298 servitutem
2447 3238 2611 3310 995
2664 3235 2921 3291 redactos
2984 3233 3034 3285 in
3102 3229 3391 3300 pristinam

1811 3334 2117 3388 libertatem
2148 3331 2453 3395 vindicare,
2486 3331 2644 3384 nobis
2667 3335 2847 3381 autem
2877 3333 2929 3378 et
2955 3322 3209 3377 omnibus
3271 3330 3391 3373 0m-

1812 3426 1965 3489 nino,
1995 3425 2087 3495 qui
2126 3425 2457 3495 praeconium
2485 3420 2858 3491 evangelicum
2900 3431 3025 3472 cum
3091 3414 3190 3469 fide
3241 3413 3393 3468 exci—

1810 3518 1992 3586 piunt,
2029 3514 2450 3571 resurrectionis
2471 3526 2761 3583 corporum
2815 3516 3130 3564 nostrorum
3153 3506 3393 3562 ostendit

1811 3606 2147 3674 facilitatem,
2170 3606 2463 3678 divinoque
2485 3604 2653 3661 verbo
2680 3618 2744 3657 ac
2764 3601 2923 3657 nutui
2960 3614 3140 3654 rerum
3165 3596 3393 3667 obsequi

1816 3708 2090 3755 naturam.

1889 3894 1956 3948 Et
1991 3894 2131 3948 dixit
2165 3890 2235 3948 ad
2267 3909 2345 3946 me
2377 3908 2394 3946 :
2426 3890 2616 3962 (Vens.
2651 3888 2730 3959 3.)
2773 3888 2886 3942 Fili
2931 3888 3178 3949 hominis,
3215 3902 3283 3940 an
3315 3887 3394 3939 vi-

132 4003 306 4042 σεται
339 3985 413 4040 τὰ
433 3984 585 4040 ὀστᾶ
620 3983 839 4047 ταῦτα;
872 3981 979 4035 Καὶ
1010 3976 1183 4033 εἷπον
1209 3995 1223 4009 ’
1258 3978 1439 4046 Κύριε
1476 3979 1508 4030 ὀ
1543 3976 1709 4042 Θεὸς,

1820 3995 1933 4040 vent
1966 4002 2087 4040 ossa
2126 3986 2282 4041 lucc?
2318 3992 2367 4039 et
2420 3983 2553 4046 dixi,
2580 3981 2801 4036 Domine
2838 3979 2999 4042 Deus,
3042 3989 3097 4033 tu
3132 3978 3233 4033 scis
3262 3977 3392 4031 Iure.

133 4080 218 4132 σὺ
246 4077 575 4131 ἐπίστασαι
604 4071 811 4128 ταῦτα.
846 4071 961 4123 Οὐκ
992 4067 1307 4140 ἁμφέὄαλεν
1338 4069 1367 4119 ὁ
1407 4068 1720 4149 προφήτης,

1820 4077 1939 4132 Non
1969 4077 2238 4131 dubitavit
2290 4075 2573 4146 propheta,
2607 4073 2708 4129 sed
2769 4071 3165 4126 accuratiorem
3209 4069 3397 4138 cogni-

136 4167 275 4220 ἀλλά
299 4167 402 4237 τῆς
434 4163 830 4236 ἀκριϐεστέρας
891 4159 1144 4229 γνώσεως
1183 4157 1261 4227 τῷ
1292 4156 1413 4228 Θεῷ
1465 4159 1711 4230 παρεχώ-

1820 4174 2024 4224 tionem
2056 4168 2166 4223 Deo
2206 4167 2523 4231 vindicavit,
2556 4180 2679 4220 cum
2711 4164 2915 4233 optime
2955 4163 3177 4231 quidem
3208 4165 3397 4214 nosset

139 4277 342 4332 ρησεν·
391 4258 548 4321 εἰδὼς
590 4258 689 4327 μὲν
747 4253 987 4327 ἀκριϐῶς
1027 4251 1123 4305 τοῦ
1158 4250 1292 4305 Θεοῦ
1337 4251 1398 4304 τὸ
1450 4251 1714 4317 δυνατὸν,

138 4351 351 4420 ἀγνοῶν
380 4349 437 4403 δὲ
458 4350 520 4402 τὸ
552 4348 818 4419 βούλημα.

206 4442 359 4507 δ’-ς’.
391 4440 498 4496 Καὶ
557 4435 687 4491 εἶπε
728 4437 878 4504 πρός
905 4451 1013 4504 με’
1049 4432 1483 4503 Προφήτευσον
1522 4428 1618 4482 ἐπὶ
1643 4429 1715 4483 τὰ

140 4533 290 4590 ὀστᾶ
312 4531 522 4598 ταῦτα,
568 4528 1011 4599 προφήτευσον,
1057 4525 1152 4580 υἱὲ
1193 4522 1507 4592 ἀνθρώπου
1531 4522 1591 4587 ³,’
1614 4523 1712 4577 καί

138 4624 291 4694 ἐρεῖς
346 4622 519 4691 πρὸς»
545 4618 697 4675 αὑτά
723 4621 765 4653 θ’
825 4619 901 4672 Τὰ
954 4616 1105 4673 ὀστᾶ
1139 4616 1211 4671 τὰ
1252 4614 1407 4683 ξηρὰ
1437 4613 1625 4667 ταῦτα
1648 4613 1712 4677 ¹⁰,

141 4718 441 4772 ἀκούσατε
466 4714 653 4783 λόγον
676 4711 928 4780 Κυρίου·
958 4709 1102 4765 Τάδε
1123 4709 1284 4778 λέγει
1323 4705 1573 4762 Ἀδωναῒ
1605 4706 1715 4759 Κύ-

134 4826 263 4879 ριος
288 4807 413 4874 τοῖς
459 4806 693 4871 ὀστέοις
748 4804 1017 4868 τούτοις⁶
1057 4800 1213 4856 Ἰδοὺ
1257 4799 1372 4869 ἐγὼ
1418 4797 1640 4862 εἰσάξω
1670 4796 1711 4828 ¹¹

140 4900 225 4964 εἰς
250 4893 412 4966 ὑμᾶς
429 4893 665 4964 πνεῦμα
684 4890 848 4961 ζωῆς.
875 4892 983 4948 Καὶ
1012 4889 1181 4944 δώσω
1209 4889 1299 4958 ἐφ’
1330 4886 1486 4958 ὑμᾶς
1514 4888 1717 4956 νεῦρα,

142 4990 236 5045 καὶ
271 4986 478 5054 ἀνάξω
501 4987 593 5057 ἐφ’
609 4986 765 5056 ὑμᾶς
785 4985 1037 5053 σάρκας,
1073 4983 1169 5037 καί
1204 4983 1423 5038 ἐκτενῶ
1452 4981 1544 5051 ἐφ’
1565 4979 1718 5050 ὑμᾶς

142 5080 346 5151 δέρμα,
366 5079 466 5134 καί
488 5078 661 5132 δώσω
696 5076 931 5146 πνεῦμά
944 5093 1066 5146 μου
1088 5076 1181 5143 ἐφ’
1198 5073 1374 5143 ὑμᾶς,
1415 5074 1510 5127 καί
1543 5071 1716 5142 ζήσε-

1819 4258 1914 4315 Dei
1946 4259 2268 4331 potentiam,
2298 4257 2393 4313 sed
2424 4257 2765 4311 voluntatem
2798 4253 3097 4324 ignoraret.

1886 4435 2053 4491 Vens.
2082 4433 2198 4489 4-6.
2237 4432 2303 4486 Et
2333 4432 2465 4486 dixit
2496 4431 2564 4484 ad
2590 4446 2669 4484 me
2698 4446 2716 4483 :
2750 4428 3055 4483 Vaticinare
3084 4441 3237 4493 super
3270 4440 3396 4479 ossa

1813 4532 1944 4593 ha'c,
1978 4529 2283 4591 uaticinare,
2315 4526 2397 4594 ﬁli
2433 4525 2681 4591 hominis,
2728 4532 2777 4576 et
2808 4524 2947 4577 dices
3010 4521 3079 4575 ad
3104 4537 3206 4575 ea:
3257 4519 3395 4575 Ossa

1812 4622 1966 4675 arida
1989 4621 2117 4686 haec,
2151 4618 2328 4672 audite
2354 4615 2566 4670 verbum
2599 4615 2832 4669 Domini.
2895 4612 3023 4667 Htvc
3072 4612 3203 4665 dicit
3251 4611 3393 4664 Ado-

1813 4711 1902 4764 nni
1927 4709 2178 4762 Dominus
2213 4705 2420 4760 ossibus
2456 4704 2575 4759 istis
2607 4720 2626 4757 :
2658 4704 2790 4757 Ecce
2828 4719 2920 4774 ego
2964 4702 3297 4756 introducam
3340 4702 3396 4753 in

1811 4818 1897 4855 vos
1930 4801 2173 4870 spiritum
2195 4800 2332 4853 vitae.
2353 4797 2424 4851 Et
2451 4796 2586 4850 dabo
2623 4812 2780 4866 super
2812 4812 2899 4849 vos
2921 4810 3126 4856 nervos,
3156 4802 3206 4847 et
3237 4793 3399 4846 redu-

1822 4910 1938 4946 cam
1968 4908 2123 4962 super
2155 4908 2244 4945 vos
2274 4906 2483 4953 carnes,
2509 4897 2557 4942 et
2582 4888 2861 4942 extendam
2888 4902 3046 4954 super
3069 4902 3156 4940 vos
3180 4884 3393 4952 pellem,

1818 4995 1867 5038 et
1887 4986 2020 5038 dabo
2054 4985 2298 5053 spiritum
2326 4998 2495 5036 meum
2534 4982 2587 5035 in
2624 4997 2731 5045 vos,
2767 4989 2818 5034 et
2869 4979 3068 5047 uinetis,
3120 4989 3170 5032 et
3200 4994 3398 5054 cogno-

1818 5078 1970 5135 scetis
2004 5092 2083 5129 me
2131 5091 2241 5128 esse
2280 5073 2583 5126 Dominum.
2651 5071 2908 5127 Ministro
2936 5087 3072 5127 usus
3127 5080 3212 5127 est
3263 5087 3395 5141 pro-

143 5178 273 5241 σθε,
302 5171 742 5243 καίγνώσεσθε,
772 5169 861 5224 ὅτι
881 5169 996 5239 ἐγώ
1026 5171 1143 5237 εἰμι
1171 5167 1400 5234 Κύριος.
1423 5163 1711 5235 ’Υποηργῷ

1827 5173 2006 5239 pheta,
2042 5179 2108 5218 ac
2131 5163 2295 5218 veluti
2333 5164 2701 5219 instrumento
2751 5163 2990 5232 quodam
3034 5163 3395 5217 resurrectio-

141 5264 220 5335 τῷ
242 5265 521 5336 προφήτῃ,
554 5262 646 5316 καὶ
701 5256 811 5317 οἷόν
841 5279 946 5315 τινι
993 5260 1210 5331 ὀργάνῳ
1261 5257 1359 5327 τῆς
1416 5258 1556 5310 κατὰ
1616 5257 1711 5326 τὴν

1827 5263 1913 5316 nis
1948 5260 2001 5313 in
2036 5256 2266 5318 visione,
2298 5262 2354 5309 et
2381 5254 2569 5325 lingua
2593 5255 2715 5325 ejus
2746 5255 2857 5311 illis
2888 5255 3145 5310 inanimis
3162 5263 3213 5310 et
3237 5268 3394 5323 pror-

1446 5436 1684 5492 ῩΛΒΙΑΞ
1722 5435 2127 5493 LECTIONES.

3088 5586 3101 5599 .
3132 5543 3172 5597 Β
3207 5558 3392 5611 praem.

213 5572 237 5604 ³
270 5568 367 5625 τοῦ
393 5570 513 5625 πεδ.
552 5566 715 5622 Hebr.
747 5565 929 5621 vallis.
1003 5564 1025 5595 ⁸
1063 5562 1175 5615 καί.
1218 5561 1339 5615 Des.
1374 5561 1428 5613 in
1464 5560 1527 5612 Α.
1607 5556 1628 5587 ⁵
1665 5555 1865 5608 πεδίου.
1902 5556 1943 5607 Α
1976 5556 2102 5611 add.
2143 5555 2237 5609 xui.
2265 5553 2374 5608 ἰδοὺ
2398 5553 2537 5626 ξηρά
2567 5551 2789 5623 σφόδρα,
2863 5550 2883 5581 ⁶
2910 5548 3101 5670 song.
3132 5548 3172 5597 Β
3207 5558 3392 5611 praem.

294 5644 319 5670 τ
357 5643 403 5670 ,ι
490 5669 496 5670 ,
544 5639 702 5670 1...!”
753 5634 918 5670 u-rn-urn
970 5633 1031 5670 li'i
1066 5648 1192 5670 νοτε
1252 5632 1284 5670 Δ
1317 5649 1328 5660 ι
1366 5628 1477 5670 Καὶ
1510 5624 1627 5670 εἶπε
1662 5627 1796 5670 πούς
1830 5642 1913 5670 ηε-
1956 5625 2076 5670 Des-
2108 5626 2161 5670 in
2203 5627 2263 5670 Δ-
2356 5624 2378 5655 ⁸
2417 5641 2513 5670 πο-
2546 5624 2629 5670 υἱὲ
2665 5619 2970 5670 ἀνθρώπου.
3085 5631 3130 5670 5ο
3160 5614 3214 5666 in
3242 5612 3305 5665 Α.
3341 5619 3396 5664 ει

142 5643 223 5697 τό.
282 5619 513 5696 Vvet":
753 5619 939 5688 ταῦτα.
970 5633 1037 5686 Et
1066 5648 1213 5688 vers.
1252 5632 1284 5683 4
1317 5649 1329 5684 :
1366 5628 1477 5681 Καὶ
1510 5624 1627 5680 εἷπε
1662 5627 1796 5697 πρός
1828 5642 1913 5693 με.
1953 5625 2077 5680 Des.
2108 5626 2162 5697 in
2199 5627 2263 5679 Α.
2342 5624 2378 5697 ,⁸
2546 5619 2629 5676 υἰὲ
2665 5619 2970 5691 ἀνθρώπου.

146 5694 401 5770 ἴιιτηοιή,
479 5712 500 5743 ⁹
541 5711 583 5761 Α
612 5707 815 5768 αὐτοῖς.
894 5706 937 5736 ¹⁰
976 5702 1164 5757 ταῦτα.
1199 5701 1323 5756 Des.
1352 5702 1403 5753 in
1440 5698 1501 5752 Λ.
1583 5698 1623 5726 ¹¹
1668 5694 1945 5765 Βείσὰγω.
1977 5696 2021 5748 Α
2053 5696 2201 5767 φέρω
2226 5694 2496 5765 ἐφ’ὑμᾶς.
