3860 6206
525 340 667 409 1183

1518 343 2002 403 THEODORETI
2022 341 2361 402 EPISCOPE
2388 340 2752 400 CYHENSIS

3646 338 3772 404 1184

527 444 702 505 ierint
749 449 1028 518 quomodo
1074 464 1334 519 magnum
1394 451 1468 504 sit
1516 466 1717 505 nomen
1777 466 1993 513 meum,
2045 458 2096 503 et

2207 448 2561 518 δεικνυμένης
2610 447 2913 516 δυνάμεως.
2969 444 3256 507 Μαθόντες
3321 443 3469 514 γὰρ,
3533 443 3649 509 πῶς
3680 466 3773 518 μου

447 557 458 617 ι
524 540 824 609 ejusmodi,
855 541 1002 610 quod
1035 538 1289 597 idoneum
1340 543 1410 596 sit
1454 542 1521 596 ad
1576 558 1733 611 opem
1781 542 2098 597 domesticis

525 631 644 687 suis
671 630 977 697 ferendam,
1011 635 1309 701 potentiam
1364 650 1540 688 meam
1575 634 1885 689 laudabunt
1923 643 1975 689 et
2006 647 2100 688 ce-

524 721 839 777 lebrabunt.
872 720 986 775 Hoc
1014 723 1160 777 enim
1201 722 1525 787 declaravit,
1560 725 1750 779 dicens
1786 743 1798 779 :

593 809 665 864 Et
689 820 998 880 cognoscent
1015 820 1189 881 gentes
1209 828 1285 866 me
1320 829 1434 867 esse
1457 812 1742 866 Dominum
1764 812 1952 883 Deum,
1982 830 2099 868 cum

524 903 889 972 sanctiﬁcatus
923 904 1071 972 fuero
1099 922 1190 975 ego
1221 906 1277 958 in
1311 906 1452 960 vobis
1476 918 1597 959 ante
1623 907 1803 961 oculos
1838 908 2095 977 ipsorum.

528 993 717 1065 (Vens.
752 995 867 1066 24.)
907 995 972 1049 Et
1004 998 1255 1066 accipiant
1294 1015 1382 1053 vos
1425 999 1487 1052 de
1515 999 1773 1069 gentibus,
1800 1008 1850 1053 et
1881 1016 2102 1068 congre~

524 1083 657 1152 gabo
687 1101 774 1138 vos
803 1100 867 1138 ea:
898 1086 1136 1140 omnibus
1181 1089 1625 1158 generationibus,
1678 1098 1726 1142 et
1765 1088 2099 1141 introducam

526 1192 615 1229 vos
647 1177 698 1229 in
729 1186 926 1230 terram
962 1191 1207 1233 vestram.
1245 1179 1361 1235 Hoc
1395 1181 1654 1236 omnibus
1684 1181 1792 1237 illis
1822 1183 2100 1247 convenit,

488 1320 493 1326 _
526 1267 619 1335 qui
655 1268 934 1323 redierunt
967 1288 979 1322 :
1025 1270 1342 1341 quicunque
1367 1272 1513 1325 enim
1565 1272 1743 1327 redire
1785 1272 2097 1337 voluerunt,

526 1360 760 1413 reditum
805 1361 1087 1415 consecuti
1131 1370 1294 1427 sunt;
1340 1377 1404 1416 ea
1445 1377 1578 1417 vero
1627 1378 1748 1430 qua:
1793 1371 2103 1432 sequuntur

527 1465 636 1503 non
667 1449 792 1505 item
820 1450 875 1504 in
904 1466 1094 1507 omnes
1125 1451 1350 1514 cadunt,
1379 1452 1474 1508 sed
1504 1453 1562 1507 in
1604 1468 1700 1507 eos
1745 1462 1975 1518 tantum,
2008 1455 2102 1523 qui

484 1537 841 1611 Aevangelico
891 1543 1165 1611 praeconio
1225 1544 1384 1599 ﬁdem
1446 1542 1576 1599 dare
1633 1545 1944 1599 voluerunt.
2012 1547 2104 1599 Ait

526 1633 673 1687 enim
705 1653 719 1688 :

602 1722 762 1780 Vens.
805 1724 898 1781 25.
939 1727 1008 1781 Et
1033 1744 1282 1799 spargam
1306 1746 1462 1795 super
1492 1745 1579 1784 vos
1611 1746 1804 1800 aquam
1826 1728 2099 1793 mundam,

523 1825 574 1869 et
606 1817 991 1873 mundabimini
1024 1821 1089 1873 ab
1129 1822 1370 1876 omnibus
1411 1822 1764 1875 immunditiis
1805 1823 2014 1885 vestris,
2055 1830 2103 1875 ct

525 1906 589 1958 ab
641 1908 878 1962 omnibus
923 1910 1079 1965 idolis
1126 1913 1307 1966 vestris
1351 1912 1615 1967 mandabo
1649 1931 1757 1967 vos.
1804 1915 2104 1982 —Aquam

528 2005 709 2050 autem
757 1998 1009 2067 mundam
1043 2003 1478 2071 regenerationis
1509 2019 1710 2073 aquam
1744 2006 2103 2074 nuncupavit,

527 2085 655 2152 quia
691 2086 952 2155 baptizati
986 2090 1362 2145 remissionem
1387 2099 1738 2161 peccatorum
1766 2097 2101 2163 accepimus.

527 2175 593 2228 Et
627 2192 749 2245 quae
783 2187 1089 2247 sequuntur
1122 2197 1185 2236 ea
1215 2182 1566 2250 conﬁrmant,
1620 2201 1740 2255 qua:
1770 2184 1917 2239 dicta
1952 2194 2102 2240 sunt.

600 2347 765 2405 Vens.
806 2349 894 2404 26.
936 2350 1005 2404 Et
1044 2352 1181 2407 dabo
1223 2355 1363 2408 vobis
1399 2372 1489 2409 cor
1530 2373 1741 2424 novum,
1771 2368 1818 2412 et
1856 2360 2102 2427 spiritum

529 2456 717 2493 novum
747 2440 882 2495 dabo
909 2443 1072 2497 vobis.
1114 2443 1218 2499 Per
1254 2446 1367 2500 haec
1413 2448 1612 2504 mentis
1642 2450 1996 2505 mutationem
2028 2452 2103 2506 si-

525 2532 845 2602 gniﬁcavit:
890 2535 957 2590 ad
1000 2536 1226 2591 meliora
1271 2539 1438 2605 enim,
1486 2541 1684 2610 inquit,
1732 2557 1830 2596 cor
1859 2551 2100 2598 vestrum

525 2623 832 2689 inclinabit,
864 2641 974 2680 non
1018 2627 1256 2696 amplius
1294 2630 1597 2685 secundum
1640 2632 1930 2701 pristinam
1963 2649 2101 2688 con-

526 2714 875 2771 Suetudinem
927 2718 994 2772 ad
1030 2718 1301 2775 deteriora
1350 2724 1719 2792 propendens.
1757 2721 1894 2780 illud
1947 2742 2096 2791 vero,

524 2805 683 2869 dabo,
718 2822 1064 2878 nequaquam
1106 2812 1337 2867 liberum
1376 2813 1520 2868 laedit
1553 2817 1878 2883 arbitrium;
1916 2819 2101 2874 verbis

524 2897 690 2964 enim,
724 2907 778 2954 et
806 2902 1085 2971 operibus,
1115 2912 1169 2959 et
1207 2905 1436 2959 inlinitis
1464 2905 1630 2976 990
1662 2910 1677 2927 ‘
1710 2907 1971 2964 adhibitis
1998 2911 2101 2963 mi-

531 2989 754 3054 raculis,
782 3006 891 3045 non
919 2993 1028 3047 illis
1052 3002 1285 3062 tantum,
1313 2996 1407 3050 sed
1442 2998 1607 3051 etiam
1641 2999 1898 3055 omnibus
1924 3001 2101 3070 genti-

525 3079 650 3145 bus,
678 3088 736 3134 ut
761 3081 827 3135 ad
866 3084 1123 3153 pietatem
1154 3072 1497 3149 accederent,
1535 3094 1834 3158 persuasit,
1870 3109 1978 3147 non
2005 3108 2099 3148 co-
2128 3115 2171 3172 ρ

523 3172 637 3242 egit
670 3190 682 3225 ε
713 3182 768 3228 et
797 3182 1003 3240 tamen,
1029 3177 1281 3246 quamvis
1315 3193 1425 3233 non
1453 3182 1714 3251 coegerit,
1747 3183 1840 3237 sed
1872 3198 2102 3253 persua-

525 3263 682 3330 serit,
712 3281 771 3321 se
806 3267 880 3320 ait
924 3267 1145 3323 dedisse
1179 3267 1381 3323 animis
1415 3269 1479 3322 ad
1522 3272 1745 3326 meliora
1776 3276 2099 3342 propensio-

526 3371 649 3410 nem
686 3371 701 3409 :
737 3359 938 3428 quippe
968 3361 1086 3430 ipse
1117 3366 1311 3413 auctor
1350 3360 1427 3415 rei
1479 3361 1680 3427 factus,
1716 3372 1830 3418 tum
1867 3365 1951 3420 his
1978 3382 2099 3437 qua:

525 3449 682 3512 dixit,
720 3457 833 3502 tum
860 3451 969 3505 illis
1002 3466 1121 3518 quae
1167 3450 1317 3505 fecit.

598 3535 668 3590 Et
698 3538 937 3607 auferant
959 3556 1049 3593 cor
1077 3539 1345 3609 lapideum
1382 3541 1446 3596 de
1479 3560 1637 3599 carne
1664 3556 1856 3613 vestra,
1884 3554 1933 3600 et
1961 3548 2095 3602 dabo

524 3628 671 3682 vobis
703 3645 794 3683 cor
836 3646 1114 3684 corneum.
1150 3630 1340 3702 (Vens.
1374 3633 1492 3704 27.)
1522 3633 1591 3688 Et
1636 3637 1882 3702 spiritum
1924 3653 2097 3691 meum

524 3718 660 3772 dabo
688 3719 743 3772 in
767 3720 929 3774 vobis.
962 3718 1039 3774 Ne
1076 3720 1194 3775 haec
1217 3722 1436 3792 quidem
1483 3732 1609 3778 ante
1644 3724 1847 3779 Christi
1883 3726 2098 3780 Domini

523 3808 820 3865 adventum
849 3811 993 3865 facta
1023 3824 1171 3867 sunt.
1197 3813 1335 3868 Cum
1357 3816 1501 3870 enim
1532 3824 1645 3869 tres
1676 3813 1947 3871 duntaxat
1974 3828 2100 3887 post

523 3901 758 3955 reditum
807 3901 1103 3970 prophetas
1159 3903 1507 3967 habuissent,
1563 3902 1841 3972 Aggaaum,
1897 3914 1952 3959 et
1997 3906 2101 3960 Za-

523 3992 787 4054 chariam,
828 3998 882 4045 et
907 3990 1249 4057 Malachiam,
1283 4001 1406 4063 post
1448 3992 1600 4061 ipsos
1640 3992 1827 4046 statim
1860 3995 2099 4064 prophe-

522 4081 634 4137 tico
664 4096 890 4135 munere
936 4082 1156 4151 spoliati
1210 4091 1382 4147 sunt;
1452 4078 1550 4135 sed
1606 4087 1899 4151 postquam
1952 4083 2130 4158 Deus_

524 4173 777 4229 Salvator
801 4181 989 4230 noster
1011 4178 1174 4230 homo
1200 4174 1381 4243 factus
1399 4180 1503 4235 est,
1539 4181 1593 4226 et
1613 4172 1680 4226 ad
1701 4175 1871 4231 caelos
1904 4192 2099 4234 ascen-

522 4268 623 4331 dit,
672 4267 892 4322 advenit
926 4282 1095 4337 super
1128 4280 1319 4323 sacros
1357 4264 1638 4335 apostolos
1683 4264 1925 4334 Spiritus
1968 4285 2096 4325 san-

522 4368 668 4424 ctus,
696 4374 792 4430 per
819 4375 960 4430 quos
994 4359 1171 4430 gratia
1203 4373 1311 4412 non
1358 4355 1563 4411 Iudaeis
1593 4357 1752 4422 solis,
1780 4360 1897 4433 sed
1928 4362 2094 4417 etiam

2207 541 2351 611 μέγα
2383 540 2441 592 τὸ
2471 541 2640 608 ὄνομα
2660 580 2673 603 ,
2712 539 2809 592 καὶ
2855 537 3059 607 ἀρκοῦν
3089 538 3171 598 είς
3205 536 3304 607 τὴν
3352 536 3460 603 τῶν
3491 536 3776 603 οίκειουμέ-

2203 651 2310 686 νων
2340 632 2658 703 ἐπικουρίαν
2680 672 2693 695 ,
2729 630 3013 698 δοξάσουσί
3051 647 3152 700 μου
3194 630 3295 701 τὴν
3336 629 3660 685 δεσποτείαν
3691 634 3772 687 καί
3836 637 3841 643 ’

2205 725 2527 795 ὑμνήσουσι.
2560 723 2731 777 Τοῦτο
2763 724 2873 793 γὰρ
2914 721 3302 794 παρεδήλωσεν
3332 720 3572 791 εἰρηκώς
3594 739 3609 754 ο

2274 818 2382 870 Kal
2410 815 2744 885 γνώσονται
2794 815 2868 869 τὰ
2914 817 3080 880 ἔθνη,
3108 814 3199 867 ὅτι
3224 812 3338 881 ἐγώ
3370 814 3487 881 εἶμι
3522 812 3724 879 Κύριος
3744 818 3771 867 ὁ

2207 907 2352 973 Θεὸς
2381 908 2449 960 ἐν
2482 908 2526 938 ⁸³
2561 904 2639 975 τῷ
2666 903 3031 974 ἁγιασθῆναί
3047 920 3123 972 με
3154 903 3221 956 ἐν
3244 902 3389 970 ὑμῖν
3412 902 3540 954 κατ’
3564 903 3770 970 ὀφθαλ-

2198 998 2351 1066 μοὺς
2379 994 2598 1051 αὐτῶν.
2637 995 2779 1065 (κδ’.)
2822 994 2929 1049 Καὶ
2986 994 3259 1063 λήψομαι
3307 992 3469 1062 ὑμᾶς
3488 995 3535 1026 ⁸⁸
3565 993 3631 1046 ἑκ
3668 995 3771 1047 τῶν

2203 1086 2413 1152 ἐθνῶν,
2437 1086 2534 1141 καὶ
2552 1086 2813 1155 ἀθροίσω
2841 1084 2998 1155 ὑμᾶς
3010 1086 3076 1138 ἐκ
3096 1084 3314 1138 πασῶν
3343 1084 3467 1137 τῶν
3480 1083 3696 1152 γενεῶν
3710 1086 3768 1145 ⁸⁷,

2204 1179 2303 1231 καὶ
2334 1179 2557 1244 εἰσάξω
2586 1178 2742 1247 ὑμᾶς
2773 1180 2861 1243 είς
2885 1177 3002 1245 τὴν
3031 1177 3149 1246 γῆν
3198 1177 3388 1247 ὑμῶν.
3438 1177 3607 1229 Τοῦτο
3651 1180 3769 1230 πᾶσι

2203 1271 2314 1331 τοῖς
2341 1270 2729 1345 ἐπανελθοῦσιν
2782 1269 3044 1340 ἁρμόττει
3062 1284 3076 1296 ⁸
3100 1270 3150 1320 oi
3188 1267 3297 1337 γὰρ
3318 1267 3635 1321 ἐπανελθεῖν
3660 1267 3769 1336 βου-

2203 1359 2457 1430 ληθέντες
2491 1360 2681 1431 ἔτυχον
2708 1360 2806 1430 τῆς
2830 1360 3091 1413 ἐπανόδου
3114 1375 3126 1388 ·
3153 1359 3221 1412 τὰ
3250 1360 3306 1412 δὲ
3341 1361 3656 1431 ὲπαγόμενα
3682 1360 3767 1414 οὐκ

2206 1450 2284 1504 ἔτι
2315 1454 2501 1516 πᾶσιν,
2524 1452 2660 1506 ἀλλὰ
2694 1452 2877 1523 μόνοις
2918 1454 3035 1514 τοῖς
3097 1451 3176 1521 τῷ
3226 1450 3570 1520 εὐαγγελικῷ
3616 1452 3769 1521 κηρῦ-

2205 1562 2373 1616 γματι
2402 1544 2685 1600 πιστεῦσαι
2714 1545 3117 1619 προελομένοις.
3141 1546 3278 1615 Φησὶ
3299 1544 3411 1615 γάρ
3437 1562 3451 1576 ·

2279 1725 2373 1775 κε’.
2409 1720 2515 1774 Καὶ
2560 1719 2726 1788 ρανῶ
2782 1723 2869 1787 είς
2904 1723 2949 1754 ⁸⁸
2984 1714 3139 1789 ὑμᾶς
3166 1719 3323 1789 ὕδωρ
3371 1718 3653 1787 καθαρὸν,
3682 1719 3767 1771 καὶ

2206 1811 2724 1881 καθαρισθήσεσθε
2776 1812 2894 1867 ἀπὸ
2957 1810 3175 1866 πασῶν
3234 1810 3355 1865 τῶν
3399 1810 3767 1877 ἀκαθαρσιῶν

2204 1903 2389 1972 ὑμῶν,
2422 1904 2519 1957 καὶ
2536 1903 2652 1957 ἀπὸ
2675 1903 2919 1957 πάντων
2958 1903 3074 1956 τῶν
3118 1903 3380 1956 εἰδώλων
3404 1900 3574 1971 ὑμῶν
3602 1905 3763 1955 καθα-

2198 1993 2311 2062 ριῶ
2341 1995 2516 2063 ὑμᾶς.
2547 2024 2617 2034 -
2642 1994 2838 2062 ’Ύδωρ
2875 1995 2933 2047 δὲ
2987 1994 3250 2061 καθαρὸν
3294 1992 3354 2045 τὸ
3393 1993 3492 2063 τῆς
3526 1993 3767 2059 παλιγγε-

2207 2087 2390 2149 νεσίας
2430 2087 2716 2158 ὠνόμασεν
2750 2086 2918 2157 ὕδωρ,
2954 2087 3012 2138 ἐν
3054 2080 3098 2153 ᾧ
3136 2083 3530 2154 βαπτισθέντες
3554 2082 3651 2153 τὴν
3680 2084 3769 2148 ἄφ-

2207 2195 2322 2232 εσιν
2362 2180 2470 2232 τῶν
2506 2177 2917 2249 ἁμαρτημάτων
2969 2176 3254 2247 ἐλάϐομεν.
3295 2176 3408 2229 Καὶ
3437 2176 3503 2227 τὰ
3525 2174 3760 2244 ἐπιφερό-

2209 2288 2345 2340 μενα
2367 2271 2422 2322 δὲ
2444 2270 2652 2339 βεϐαιοῖ
2673 2269 2741 2321 τὰ
2772 2268 3064 2338 εἰρημένα.

2277 2359 2389 2424 κτ’.
2442 2360 2553 2412 Καὶ
2605 2357 2776 2411 δώσω
2842 2357 2984 2427 ὑμῖν
3048 2356 3299 2424 καρδίαν
3376 2355 3624 2422 καινὴν,
3680 2353 3763 2407 καί

2206 2449 2441 2518 πνεῦμα
2472 2447 2683 2502 καινὸν
2708 2445 2880 2499 δώσω
2936 2445 3079 2514 ὑμῖν
3113 2447 3179 2498 ⁸9.
3214 2443 3315 2496 Διὰ
3340 2445 3388 2475 ⁷⁰
3441 2445 3647 2497 τούτων
3680 2445 3764 2512 τὴν

2202 2539 2297 2592 τοῦ
2322 2540 2669 2609 φρονήματος
2712 2534 3017 2606 ἐναλλαγὴν
3066 2535 3337 2605 ἐσήμανεν
3360 2534 3405 2565 τι
3426 2549 3438 2563 ’
3469 2534 3559 2585 ἐπὶ
3586 2531 3693 2603 γὰρ
3709 2532 3763 2584 τὰ

2201 2630 2432 2700 ἀμείνω,
2465 2629 2620 2708 φησι,
2651 2626 2806 2699 ῥέψει
2836 2625 2990 2696 ὑμῶν
3011 2627 3043 2696 ἡ
3063 2624 3280 2695 καρδία,
3305 2623 3490 2676 οὐκέτι
3515 2621 3655 2675 κατὰ
3680 2622 3763 2691 τὴν

2205 2721 2487 2792 προτέραν
2519 2718 2811 2790 συνήθειαν
2824 2717 2924 2788 τὴν
2949 2717 3042 2769 ἐπὶ⁵
3070 2714 3140 2768 τὰ
3159 2714 3329 2785 χείρω
3357 2714 3529 2785 ῥοπὴν
3554 2713 3761 2782 ἔχουσιν

2202 2812 2265 2865 τὸ
2294 2813 2350 2866 δὲ
2372 2811 2565 2875 δώσω,
2595 2810 2843 2881 οὐδαμῶς
2869 2806 2948 2878 τῷ
2959 2805 3290 2875 αὐτεξουσίῳ
3310 2805 3658 2874 λυμαίνεται⁸
3691 2803 3763 2855 λό-

2200 2921 2320 2970 γοις
2348 2906 2479 2973 γὰρ,
2509 2905 2601 2956 καὶ
2631 2903 2834 2974 ἔργοις,
2861 2900 2956 2954 καί⁸
2987 2901 3103 2962 τοῖς
3169 2896 3383 2968 μυρίοις
3444 2895 3763 2965 χρησάμενος

2204 2994 2498 3064 θαύμασιν,
2531 2993 2631 3045 οὐκ
2678 2989 2917 3053 ἐκείνους
2953 2989 3170 3059 μόνους,
3200 2985 3336 3039 ἀλλὰ
3362 2985 3457 3037 καὶ
3490 2986 3662 3037 πάντα
3707 2984 3764 3035 τὰ

2203 3084 2332 3155 ἔθνη
2383 3087 2447 3155 τῇ
2482 3082 2734 3152 εὐσεϐείᾳ
2774 3078 3090 3152 προσελθεῖν
3130 3077 3369 3139 ἔπεισεν,
3424 3075 3523 3129 οὐκ
3546 3075 3763 3146 ἠνάγκα-

2207 3195 2297 3231 σεν
2319 3193 2332 3207 ·
2353 3175 2469 3230 ἀλλ’
2483 3177 2632 3246 ὅμως
2654 3174 2750 3227 καὶ
2777 3173 2852 3243 μὴ
2871 3167 3360 3240 ἁναγκάσας,ἁλλὰ
3386 3168 3596 3253 πείσας,
3622 3165 3760 3227 αὐτὸς

2203 3269 2649 3341 λέγειδεδωκὲναι
2668 3271 2788 3331 ταῖς
2798 3267 2999 3336 ψυχαῖς
3022 3264 3118 3335 τὴν
3130 3263 3304 3316 ὲπϊτὰ
3330 3261 3565 3332 κρείττω
3587 3258 3758 3328 ῥοπὴν,

2203 3363 2279 3426 ὡς
2320 3362 2482 3425 αὐτὸς
2522 3361 2698 3424 αἴτιος
2727 3359 2940 3424 τούτου,
2999 3357 3066 3410 δι’
3100 3347 3175 3409 ὧν
3208 3350 3331 3407 εἶπέ
3356 3369 3416 3405 τε
3445 3351 3537 3406 καὶ
3569 3350 3757 3420 ἔδρασε,

2204 3452 2445 3523 γεγονώς
2456 3490 2470 3506 .

2275 3545 2384 3600 Kal
2427 3542 2631 3614 ἀφελῶ
2690 3542 2805 3611 τὴν
2865 3541 3118 3611 καρδίαν
3159 3537 3277 3606 τὴν
3295 3536 3542 3602 λιθίνην
3574 3534 3639 3586 ἐκ
3666 3532 3757 3595 τῆς

2201 3637 2430 3704 σαρκὸς
2462 3635 2649 3705 ὑμῶν,
2682 3634 2777 3689 καὶ
2806 3633 2978 3686 δώσω
3001 3631 3141 3702 ὑμῖν
3175 3628 3430 3697 καρδίαν
3458 3626 3756 3693 σαρκίνην.

2202 3727 2354 3797 (κζ’.)
2389 3728 2497 3782 Καὶ
2531 3727 2599 3780 τὸ
2641 3724 2887 3795 ’πνεῦμά
2923 3741 3042 3793 μου
3094 3722 3266 3776 δώσω
3307 3721 3377 3773 ὲν
3429 3718 3589 3788 ὑμῖν.
3642 3715 3759 3768 Οὐδὲ

2198 3818 2374 3872 ταῦτα
2408 3818 2513 3890 πρὸ
2567 3820 2668 3887 τῆς
2717 3816 2810 3870 τοῦ
2866 3816 3136 3869 Δεσπότου
3186 3811 3424 3882 Χριστοῦ
3485 3806 3758 3879 παρουσίας

2198 3909 2416 3975 ἐγένετο
2438 3924 2452 3937 ·
2485 3910 2633 3979 τρεῖς
2659 3907 2770 3976 γὰρ
2803 3904 2962 3975 μόνον
2980 3905 3025 3934 τ’
3061 3901 3202 3973 μετὰ
3226 3900 3325 3971 τὴν
3356 3898 3612 3953 ἐπάνοδον
3638 3895 3759 3949 κατὰ

2198 4000 2394 4055 ταυτὸν
2417 4000 2713 4071 ἐσχηκότες
2765 3997 3074 4069 προφήτας,
3126 3995 3404 4063 Ἀγγαίον,
3449 3991 3546 4044 καὶ
3604 3991 3759 4057 Ζαχα-

2201 4092 2343 4163 ρίαν,
2372 4093 2467 4146 καὶ
2499 4090 2809 4161 Μαλαχίαν,
2843 4089 2961 4159 μετ’
3002 4086 3204 4149 αὐτοὺς
3244 4084 3410 4149 εὐθὺς
3447 4083 3496 4115 ’⁸⁸
3524 4082 3620 4151 τῆς
3650 4094 3757 4146 προ-

2202 4183 2438 4254 φητικῆς
2454 4184 2549 4251 ἐγυ
2559 4181 2851 4254 μνώθησαν
2874 4179 3098 4251 χάριτος
3116 4194 3131 4208 ο
3165 4174 3305 4247 μετὰ
3323 4175 3381 4227 δὲ
3404 4175 3506 4245 τὴν
3535 4170 3622 4224 τοῦ
3638 4167 3753 4223 Θεοῦ

2199 4273 2450 4345 Σωτῆρος
2474 4275 2521 4306 ⁷⁵
2555 4276 2586 4344 ἡ
2595 4273 2712 4344 μῶν
2739 4270 3154 4341 ἐνανθρώπησιν
3174 4269 3268 4321 καὶ
3288 4266 3387 4337 τὴν
3414 4268 3496 4328 είς
3517 4260 3753 4335 οὐρανοὺς

2201 4364 2489 4434 ἀνάληψιν,
2515 4362 2879 4432 ἐπεφοίτησεν
2922 4362 3017 4415 ἐπὶ
3062 4360 3186 4422 τοὺς
3225 4360 3403 4427 ἱεροὺς
3449 4352 3752 4411 ἀποστόλους

463 4488 470 4493 -
523 4452 781 4508 omnibus
818 4451 904 4507 bis
942 4451 1036 4519 qui
1073 4464 1137 4504 ex
1168 4447 1426 4517 gentibus
1455 4447 1523 4502 ad
1562 4446 1721 4503 [idem
1765 4465 2094 4512 convenere.

2207 4461 2259 4512 τὸ
2288 4459 2509 4528 Πνεῦμα
2555 4457 2616 4511 τὸ
2675 4456 2854 4525 ἅγιον,
2901 4452 3215 4525 ἐχορηγήθη
3269 4450 3329 4504 δὲ
3365 4449 3441 4528 δι’
3484 4443 3748 4509 ἐκείνωνή

521 4543 944 4599 subministrata
975 4539 1096 4593 fuit.
1130 4537 1420 4606 Lapideum
1453 4546 1634 4595 autem
1680 4557 1772 4595 cor
1811 4553 1971 4598 vocat
1999 4545 2097 4600 ad-

525 4636 825 4691 versarium
877 4641 931 4689 et
982 4631 1202 4695 rebelle,
1249 4646 1497 4684 carneum
1542 4647 1673 4687 vero
1707 4634 1990 4700 obediens,
2041 4648 2096 4694 et

452 4719 467 4723 ’
521 4729 673 4783 dicto
705 4741 925 4797 parens,
956 4723 1218 4794 quodque
1240 4722 1549 4778 divinarum
1588 4724 1923 4782 Litterarum
1953 4729 2093 4800 ligu-

525 4834 615 4872 ras
652 4819 827 4885 possit
855 4816 1130 4885 excipere.
1171 4834 1188 4866 ι
1225 4813 1291 4867 Et
1322 4812 1543 4881 faciam,
1576 4823 1634 4871 ut
1661 4817 1715 4871 in
1743 4818 2096 4888 justilicatio-

524 4910 687 4963 nibus
717 4909 854 4963 meis
887 4905 1197 4972 ambuletis,
1234 4913 1289 4960 et
1329 4904 1544 4976 judicia
1593 4922 1714 4962 mea
1743 4910 2093 4980 custodiatis,

518 5009 577 5052 et
615 4997 829 5053 faciatis
871 5012 957 5053 ea.
1007 5015 1027 5048 ι
1063 4995 1178 5051 Hoc
1216 5004 1398 5054 autem
1436 4997 1676 5068 Spiritus
1727 5004 1921 5070 gratim
1967 5021 2093 5075 pro-

522 5090 701 5157 prium
758 5099 862 5152 est,
910 5104 1033 5160 qua:
1067 5096 1315 5144 nostrum
1352 5090 1620 5160 adjuvans
1668 5093 1901 5149 liberum
1947 5098 2096 5153 arbi-

520 5181 710 5247 trium,
737 5180 899 5237 ellicit
927 5192 987 5236 ut
1009 5189 1157 5237 recte
1183 5184 1485 5253 procedant
1512 5201 1637 5255 qua:
1665 5186 1808 5242 dicta
1835 5198 1989 5244 sunt.

2195 4552 2374 4622 χάρις,
2400 4550 2500 4603 οὐκ
2542 4538 2820 4611 Ἰουδαίοῖς
2847 4537 3050 4616 μόνοις,
3075 4544 3212 4598 ἀλλὰ
3244 4541 3339 4596 καὶ
3371 4542 3509 4594 πᾶσι
3531 4540 3635 4599 τοῖς
3657 4533 3749 4587 τῶν

2194 4639 2365 4693 ἐθνῶν
2405 4635 2768 4709 προσελθοῦσι
2797 4639 2863 4706 τῇ
2902 4637 3108 4688 πίστει.
3146 4632 3401 4698 Λιθίνην
3434 4630 3492 4682 δὲ
3521 4624 3749 4694 καρδίαν

2194 4730 2352 4785 καλεῖ
2380 4729 2477 4800 τὴν
2542 4726 2833 4781 ἀντίτυπον
2861 4743 2924 4778 τε
2978 4725 3073 4778 καὶ
3113 4722 3339 4791 ἀπειθῆ,
3387 4711 3747 4787 σαρκίνηνδὲ

2192 4821 2291 4892 τὴν
2320 4819 2545 4888 εὐπειθῆ
2574 4835 2633 4871 τε
2683 4818 2779 4871 καὶ
2827 4817 3078 4888 εὐήκοον,
3113 4816 3208 4867 καὶ
3259 4812 3367 4865 τῶν
3398 4810 3559 4864 θείων
3584 4820 3767 4877 γραμο.

2196 4907 2384 4977 μάτων
2425 4904 2682 4977 δέξασθαι
2734 4904 3043 4974 δυναμένην
3096 4903 3224 4966 τοὺς
3290 4901 3515 4963 τύπους.
3577 4916 3594 4949 ι
3648 4892 3743 4949 Καὶ

2192 5000 2424 5070 ποιήσω,
2454 4998 2541 5051 ἵνα
2566 4976 2626 5051 ἐν
2658 4999 2773 5061 τοῖς
2809 4994 3143 5065 δικαιώμασί
3186 5010 3289 5065 μου
3324 4986 3643 5061 πορεύησθε,
3666 4981 3744 5036 καὶ

2190 5090 2258 5143 τὰ
2285 5089 2527 5160 κρίματα
2559 5105 2659 5159 μου
2695 5085 3047 5157 φυλάσσησοε
3075 5085 3142 5149 ⁷⁵,
3174 5084 3268 5138 καὶ
3291 5081 3483 5150 ποιῆτε
3505 5074 3705 5130 aura”.
3725 5090 3740 5120 ι

2193 5178 2362 5233 Τοῦτο
2393 5179 2448 5232 δὲ
2469 5179 2566 5247 τῆς
2604 5175 2699 5232 τοῦ
2768 5177 3083 5246 Πνεύματος
3141 5173 3367 5245 χάριτος
3418 5170 3549 5222 ἴδιον
3575 5183 3589 5197 '
3617 5162 3743 5230 αὐτὴ

2189 5270 2296 5341 γὰρ
2320 5268 2654 5340 συνεργοῦσα
2676 5268 2753 5339 τῷ
2786 5268 3041 5339 ἡμετέρῳ
3087 5262 3423 5333 αὐτεξουσίῳ
3466 5253 3743 5327 κατορθοῦ-

2192 5362 2314 5415 σθαι
2346 5361 2755 5430 παρασκευάζει
2785 5359 2855 5413 τὰ
2889 5357 3179 5430 εἰρημένα.

1819 5443 2055 5502 VARUE
2097 5449 2502 5506 LECTIONES.

591 5530 637 5614 σιξ
676 5530 752 5593 ἐν,
780 5545 915 5614 κκτ.
1023 5530 1237 5614 O_m_i_ss_a
1270 5534 1530 5614 sunthoc
1563 5536 1681 5614 loco
1713 5537 1816 5614 ista
1844 5540 1991 5614 λέγει
2034 5545 2140 5598 Ἀδ.
2173 5548 2313 5614 Κυρ.

517 5600 815 5675 instaret).
852 5601 975 5675 lect.
1028 5611 1081 5656 el.
1115 5605 1280 5657 Hebr.
1394 5605 1438 5638 ⁸⁸
1476 5606 1556 5667 εἰς
1588 5607 1631 5658 Λ
1662 5608 1764 5675 ἐφ’.

2418 5546 2463 5578 ⁸⁸
2502 5546 2598 5616 ὑμ.
2623 5577 2694 5587 -—
2726 5546 2849 5616 ἁθρ.
2885 5544 3006 5601 Des.
3033 5544 3085 5616 in
3110 5544 3220 5616 A1“
3245 5542 3294 5616 _"
3335 5556 3450 5608 τεν.
3494 5538 3536 5589 Α
3560 5531 3744 5616 γγσιῶξν

1880 5600 1927 5682 ἐπ’
1962 5614 2056 5681 ὐμ.
2090 5616 2133 5668 Δ
2158 5624 2211 5671 et
2238 5600 2278 5668 li
2317 5632 2494 5682 prum).
2522 5600 2597 5669 ἓν.
2676 5617 2722 5648 ⁷⁰
2763 5600 2880 5677 Δίἆι,
2910 5600 3040 5669 κζτ.
3074 5614 3125 5667 λ.
3160 5612 3308 5682 Vide
3328 5600 3522 5682 supra,
3555 5600 3741 5682 tum".

518 5686 642 5758 ring.
678 5670 826 5756 94.0.,
877 5674 918 5758 '_‘
960 5675 1000 5725 B
1028 5675 1317 5758 ἐσήμηνεν.
1397 5676 1440 5707 ⁷¹
1481 5676 1523 5727 Α
1554 5670 1765 5746 μόνους.
1844 5681 1887 5711 ⁷³
1930 5682 1968 5733 Β
1998 5670 2132 5753 μετὰ
2170 5670 2408 5750 τούτους.
2487 5688 2529 5718 ⁷³
2569 5689 2705 5742 Σωτ.
2757 5686 2797 5739 Β
2842 5670 3025 5758 prtem.
3086 5684 3197 5740 καί.
3275 5681 3320 5713 ⁷⁸
3359 5670 3741 5751 Α’φυλάξηθθεο

525 5741 567 5774 ²⁶
605 5759 658 5795 π.
697 5743 850 5797 αὐτὰ.
880 5745 921 5797 Α
956 5741 1233 5815 ποιήσητε.
