  <div class='ocr_page' id='page_1' title='image "/cluster/home/n/w/nwhite01/storage/ocr_20150623/81/mdp.39015078384339/626.png"; bbox 0 0 3860 6206; ppageno 0'>
   <div class='ocr_carea' id='block_1_1' title="bbox 158 321 283 386">
    <p class='ocr_par' dir='ltr' id='par_1_1' title="bbox 158 321 283 386">
     <span class='ocr_line' id='line_1_1' title="bbox 158 321 283 386; baseline -0.024 -1"><span class='ocrx_word' id='word_1_1' title='bbox 158 321 283 386; x_wconf 78' lang='grc'><strong><em>1185</em></strong></span> 
     </span>
    </p>
   </div>
   <div class='ocr_carea' id='block_1_2' title="bbox 1238 311 2312 374">
    <p class='ocr_par' dir='ltr' id='par_1_2' title="bbox 1238 311 2312 374">
     <span class='ocr_line' id='line_1_2' title="bbox 1238 311 2312 374; baseline 0.001 -2"><span class='ocrx_word' id='word_1_2' title='bbox 1238 314 1318 373; x_wconf 80' lang='lat' dir='ltr'><strong><em>IN</em></strong></span> <span class='ocrx_word' id='word_1_3' title='bbox 1361 311 1804 374; x_wconf 85' lang='lat' dir='ltr'><strong><em>EZECHIELIS</em></strong></span> <span class='ocrx_word' id='word_1_4' title='bbox 1840 312 1999 371; x_wconf 73' lang='lat' dir='ltr'><strong><em>CAP.</em></strong></span> <span class='ocrx_word' id='word_1_5' title='bbox 2051 312 2312 374; x_wconf 80' lang='lat' dir='ltr'>XXXVI.</span> 
     </span>
    </p>
   </div>
   <div class='ocr_carea' id='block_1_3' title="bbox 3268 313 3399 378">
    <p class='ocr_par' dir='ltr' id='par_1_3' title="bbox 3268 313 3399 378">
     <span class='ocr_line' id='line_1_3' title="bbox 3268 313 3399 378; baseline 0.031 -4"><span class='ocrx_word' id='word_1_6' title='bbox 3268 313 3399 378; x_wconf 73' lang='lat'><strong><em>1186</em></strong></span> 
     </span>
    </p>
   </div>
   <div class='ocr_carea' id='block_1_4' title="bbox 216 417 1731 500">
    <p class='ocr_par' dir='ltr' id='par_1_4' title="bbox 216 417 1731 500">
     <span class='ocr_line' id='line_1_4' title="bbox 216 417 1731 500; baseline -0.007 -18"><span class='ocrx_word' id='word_1_7' title='bbox 216 434 324 500; x_wconf 70' lang='grc' dir='ltr'>κη’.</span> <span class='ocrx_word' id='word_1_8' title='bbox 365 426 474 481; x_wconf 79' lang='lat' dir='ltr'><strong><em>Kal</em></strong></span> <span class='ocrx_word' id='word_1_9' title='bbox 524 424 913 491; x_wconf 69' lang='lat' dir='ltr'><strong><em>xaromrio&#39;ere</em></strong></span> <span class='ocrx_word' id='word_1_10' title='bbox 960 423 1055 476; x_wconf 73' lang='grc' dir='ltr'><strong><em>ἐπὶ</em></strong></span> <span class='ocrx_word' id='word_1_11' title='bbox 1120 421 1225 489; x_wconf 74' lang='grc' dir='ltr'><strong><em>τῆς</em></strong></span> <span class='ocrx_word' id='word_1_12' title='bbox 1263 422 1396 489; x_wconf 77' lang='grc' dir='ltr'><strong><em>γῆς,</em></strong></span> <span class='ocrx_word' id='word_1_13' title='bbox 1436 417 1517 489; x_wconf 78' lang='grc' dir='ltr'><strong><em>ἧς</em></strong></span> <span class='ocrx_word' id='word_1_14' title='bbox 1541 420 1731 472; x_wconf 81' lang='grc' dir='ltr'><strong><em>ἔδωκα</em></strong></span> 
     </span>
    </p>
   </div>
   <div class='ocr_carea' id='block_1_5' title="bbox 1842 417 3401 500">
    <p class='ocr_par' dir='ltr' id='par_1_5' title="bbox 1907 418 3401 490">
     <span class='ocr_line' id='line_1_5' title="bbox 1907 418 3401 490; baseline 0.001 -18"><span class='ocrx_word' id='word_1_15' title='bbox 1907 418 2070 475; x_wconf 72' lang='lat' dir='ltr'><strong><em>Vens.</em></strong></span> <span class='ocrx_word' id='word_1_16' title='bbox 2104 420 2191 474; x_wconf 78' lang='grc'><strong><em>28.</em></strong></span> <span class='ocrx_word' id='word_1_17' title='bbox 2238 420 2307 473; x_wconf 76' lang='lat' dir='ltr'><strong><em>Et</em></strong></span> <span class='ocrx_word' id='word_1_18' title='bbox 2346 419 2653 474; x_wconf 82' lang='lat' dir='ltr'><strong><em>habitabilis</em></strong></span> <span class='ocrx_word' id='word_1_19' title='bbox 2687 421 2737 474; x_wconf 89' lang='lat' dir='ltr'><strong><em>iu</em></strong></span> <span class='ocrx_word' id='word_1_20' title='bbox 2765 429 2928 485; x_wconf 83' lang='lat' dir='ltr'><strong><em>terra,</em></strong></span> <span class='ocrx_word' id='word_1_21' title='bbox 2956 436 3115 490; x_wconf 88' lang='lat' dir='ltr'><strong><em>quam</em></strong></span> <span class='ocrx_word' id='word_1_22' title='bbox 3145 420 3265 475; x_wconf 87' lang='lat' dir='ltr'><strong><em>dedi</em></strong></span> <span class='ocrx_word' id='word_1_23' title='bbox 3306 438 3401 489; x_wconf 84' lang='lat' dir='ltr'><strong><em>pa-</em></strong></span> 
     </span>
    </p>
   </div>
   <div class='ocr_carea' id='block_1_6' title="bbox 153 511 1727 589">
    <p class='ocr_par' dir='ltr' id='par_1_6' title="bbox 153 511 1727 589">
     <span class='ocr_line' id='line_1_6' title="bbox 153 511 1727 589; baseline -0.009 -14"><span class='ocrx_word' id='word_1_24' title='bbox 153 521 269 586; x_wconf 77' lang='grc' dir='ltr'>τοῖς</span> <span class='ocrx_word' id='word_1_25' title='bbox 302 517 608 586; x_wconf 77' lang='grc' dir='ltr'><strong><em>πατράσιν</em></strong></span> <span class='ocrx_word' id='word_1_26' title='bbox 639 516 825 584; x_wconf 77' lang='grc' dir='ltr'>ὑμῶν.</span> <span class='ocrx_word' id='word_1_27' title='bbox 880 514 1050 566; x_wconf 82' lang='grc' dir='ltr'>Πάλιν</span> <span class='ocrx_word' id='word_1_28' title='bbox 1088 513 1182 589; x_wconf 53' lang='lat' dir='ltr'><strong><em>erit</em></strong></span> <span class='ocrx_word' id='word_1_29' title='bbox 1202 512 1263 564; x_wconf 82' lang='grc' dir='ltr'>τὸ</span> <span class='ocrx_word' id='word_1_30' title='bbox 1298 513 1475 565; x_wconf 77' lang='grc' dir='ltr'>κοινὸν</span> <span class='ocrx_word' id='word_1_31' title='bbox 1504 511 1727 581; x_wconf 81' lang='grc' dir='ltr'>μετάγει</span> 
     </span>
    </p>
   </div>
   <div class='ocr_carea' id='block_1_7' title="bbox 154 600 1729 676">
    <p class='ocr_par' dir='ltr' id='par_1_7' title="bbox 154 600 1729 676">
     <span class='ocr_line' id='line_1_7' title="bbox 154 600 1729 676; baseline -0.006 -13"><span class='ocrx_word' id='word_1_32' title='bbox 154 613 237 665; x_wconf 78' lang='grc' dir='ltr'>τὸν</span> <span class='ocrx_word' id='word_1_33' title='bbox 263 612 443 676; x_wconf 76' lang='grc' dir='ltr'>λόγον,</span> <span class='ocrx_word' id='word_1_34' title='bbox 470 608 563 661; x_wconf 72' lang='grc' dir='ltr'>καὶ</span> <span class='ocrx_word' id='word_1_35' title='bbox 586 607 692 660; x_wconf 85' lang='grc' dir='ltr'><strong><em>ἀπὸ</em></strong></span> <span class='ocrx_word' id='word_1_36' title='bbox 710 605 818 658; x_wconf 87' lang='grc' dir='ltr'><strong><em>τῶν</em></strong></span> <span class='ocrx_word' id='word_1_37' title='bbox 835 600 1218 674; x_wconf 82' lang='grc' dir='ltr'>πνευματικῶν</span> <span class='ocrx_word' id='word_1_38' title='bbox 1237 604 1329 655; x_wconf 76' lang='grc' dir='ltr'><strong><em>ἐπὶ</em></strong></span> <span class='ocrx_word' id='word_1_39' title='bbox 1346 604 1413 657; x_wconf 82' lang='grc' dir='ltr'><strong><em>τὰ</em></strong></span> <span class='ocrx_word' id='word_1_40' title='bbox 1442 600 1729 672; x_wconf 82' lang='grc' dir='ltr'>σωματικὰ</span> 
     </span>
    </p>
   </div>
   <div class='ocr_carea' id='block_1_8' title="bbox 159 702 476 771">
    <p class='ocr_par' dir='ltr' id='par_1_8' title="bbox 159 702 476 771">
     <span class='ocr_line' id='line_1_8' title="bbox 159 702 476 771; baseline -0.003 -18"><span class='ocrx_word' id='word_1_41' title='bbox 159 702 476 771; x_wconf 68' lang='grc' dir='ltr'>μεταφέρει.</span> 
     </span>
    </p>
   </div>
   <div class='ocr_carea' id='block_1_9' title="bbox 218 782 1730 854">
    <p class='ocr_par' dir='ltr' id='par_1_9' title="bbox 218 782 1730 854">
     <span class='ocr_line' id='line_1_9' title="bbox 218 782 1730 854; baseline -0.005 -12"><span class='ocrx_word' id='word_1_42' title='bbox 218 789 328 842; x_wconf 80' lang='lat' dir='ltr'><strong><em>Kal</em></strong></span> <span class='ocrx_word' id='word_1_43' title='bbox 356 786 579 842; x_wconf 78' lang='grc' dir='ltr'>ἔσεσθέ</span> <span class='ocrx_word' id='word_1_44' title='bbox 604 803 704 854; x_wconf 80' lang='grc' dir='ltr'><strong><em>μοι</em></strong></span> <span class='ocrx_word' id='word_1_45' title='bbox 736 788 825 849; x_wconf 81' lang='grc' dir='ltr'><strong><em>εἰς</em></strong></span> <span class='ocrx_word' id='word_1_46' title='bbox 851 784 1026 847; x_wconf 80' lang='grc' dir='ltr'>λαὸν,</span> <span class='ocrx_word' id='word_1_47' title='bbox 1058 783 1154 837; x_wconf 77' lang='grc' dir='ltr'><strong><em>καὶ</em></strong></span> <span class='ocrx_word' id='word_1_48' title='bbox 1184 783 1298 853; x_wconf 74' lang='grc' dir='ltr'><strong><em>ἐγὼ</em></strong></span> <span class='ocrx_word' id='word_1_49' title='bbox 1342 784 1554 852; x_wconf 75' lang='grc' dir='ltr'>ἔσομαι</span> <span class='ocrx_word' id='word_1_50' title='bbox 1592 782 1730 851; x_wconf 76' lang='grc' dir='ltr'><strong><em>ὑμῖν</em></strong></span> 
     </span>
    </p>
   </div>
   <div class='ocr_carea' id='block_1_10' title="bbox 154 874 1730 949">
    <p class='ocr_par' dir='ltr' id='par_1_10' title="bbox 154 874 1730 949">
     <span class='ocr_line' id='line_1_10' title="bbox 154 874 1730 949; baseline -0.005 -15"><span class='ocrx_word' id='word_1_51' title='bbox 154 885 235 947; x_wconf 72' lang='grc' dir='ltr'><strong><em>εἷς</em></strong></span> <span class='ocrx_word' id='word_1_52' title='bbox 267 881 438 934; x_wconf 81' lang='grc' dir='ltr'>Θεόν.</span> <span class='ocrx_word' id='word_1_53' title='bbox 463 879 585 949; x_wconf 55' lang='grc' dir='ltr'>(κθκ</span> <span class='ocrx_word' id='word_1_54' title='bbox 614 877 703 947; x_wconf 80' lang='grc' dir='ltr'><strong><em>λ’.)</em></strong></span> <span class='ocrx_word' id='word_1_55' title='bbox 728 878 838 931; x_wconf 82' lang='grc' dir='ltr'><strong><em>Καὶ</em></strong></span> <span class='ocrx_word' id='word_1_56' title='bbox 862 875 1117 944; x_wconf 78' lang='grc' dir='ltr'>καθαριῶ</span> <span class='ocrx_word' id='word_1_57' title='bbox 1144 878 1187 907; x_wconf 77' lang='grc'>⁷⁷</span> <span class='ocrx_word' id='word_1_58' title='bbox 1210 876 1365 945; x_wconf 81' lang='grc' dir='ltr'><strong><em>ὑμᾶς</em></strong></span> <span class='ocrx_word' id='word_1_59' title='bbox 1383 877 1501 930; x_wconf 79' lang='grc' dir='ltr'><strong><em>ἀπὸ</em></strong></span> <span class='ocrx_word' id='word_1_60' title='bbox 1517 874 1730 929; x_wconf 83' lang='grc' dir='ltr'><strong><em>πασῶν</em></strong></span> 
     </span>
    </p>
   </div>
   <div class='ocr_carea' id='block_1_11' title="bbox 152 966 1727 1038">
    <p class='ocr_par' dir='ltr' id='par_1_11' title="bbox 152 966 1727 1038">
     <span class='ocr_line' id='line_1_11' title="bbox 152 966 1727 1038; baseline -0.005 -13"><span class='ocrx_word' id='word_1_61' title='bbox 152 972 269 1025; x_wconf 73' lang='grc' dir='ltr'>τῶν</span> <span class='ocrx_word' id='word_1_62' title='bbox 325 968 629 1038; x_wconf 75' lang='grc' dir='ltr'>ἁμαρτιῶν</span> <span class='ocrx_word' id='word_1_63' title='bbox 683 966 871 1037; x_wconf 78' lang='grc' dir='ltr'>ὑμῶν,</span> <span class='ocrx_word' id='word_1_64' title='bbox 933 966 1029 1020; x_wconf 80' lang='grc' dir='ltr'><strong><em>καὶ</em></strong></span> <span class='ocrx_word' id='word_1_65' title='bbox 1090 967 1327 1021; x_wconf 81' lang='grc' dir='ltr'><em>καλέσω</em></span> <span class='ocrx_word' id='word_1_66' title='bbox 1374 968 1481 1019; x_wconf 74' lang='grc' dir='ltr'><strong><em>τὸν</em></strong></span> <span class='ocrx_word' id='word_1_67' title='bbox 1537 966 1727 1029; x_wconf 79' lang='grc' dir='ltr'>σῖτον,</span> 
     </span>
    </p>
   </div>
   <div class='ocr_carea' id='block_1_12' title="bbox 152 1052 1726 1124">
    <p class='ocr_par' dir='ltr' id='par_1_12' title="bbox 152 1052 1726 1124">
     <span class='ocr_line' id='line_1_12' title="bbox 152 1052 1726 1124; baseline -0.003 -13"><span class='ocrx_word' id='word_1_68' title='bbox 152 1058 247 1113; x_wconf 72' lang='grc' dir='ltr'><strong><em>καὶ</em></strong></span> <span class='ocrx_word' id='word_1_69' title='bbox 291 1055 584 1124; x_wconf 76' lang='grc' dir='ltr'><strong><em>πληθυνῶ</em></strong></span> <span class='ocrx_word' id='word_1_70' title='bbox 635 1056 840 1118; x_wconf 75' lang='grc' dir='ltr'>αὑτὸν,</span> <span class='ocrx_word' id='word_1_71' title='bbox 895 1055 991 1109; x_wconf 78' lang='grc' dir='ltr'><strong><em>καὶ</em></strong></span> <span class='ocrx_word' id='word_1_72' title='bbox 1050 1058 1121 1109; x_wconf 86' lang='grc' dir='ltr'>οὐ</span> <span class='ocrx_word' id='word_1_73' title='bbox 1152 1056 1198 1086; x_wconf 79' lang='grc'><strong><em>⁷⁸</em></strong></span> <span class='ocrx_word' id='word_1_74' title='bbox 1242 1055 1411 1108; x_wconf 82' lang='grc' dir='ltr'><strong><em>δώσω</em></strong></span> <span class='ocrx_word' id='word_1_75' title='bbox 1450 1055 1541 1123; x_wconf 63' lang='grc' dir='ltr'><strong><em>ἐφ’</em></strong></span> <span class='ocrx_word' id='word_1_76' title='bbox 1574 1052 1726 1122; x_wconf 79' lang='grc' dir='ltr'><strong><em>ὑμᾶς</em></strong></span> 
     </span>
    </p>
   </div>
   <div class='ocr_carea' id='block_1_13' title="bbox 151 1144 1728 1219">
    <p class='ocr_par' dir='ltr' id='par_1_13' title="bbox 151 1144 1728 1219">
     <span class='ocr_line' id='line_1_13' title="bbox 151 1144 1728 1219; baseline -0.005 -15"><span class='ocrx_word' id='word_1_77' title='bbox 151 1152 348 1219; x_wconf 72' lang='grc' dir='ltr'>λιμόν.</span> <span class='ocrx_word' id='word_1_78' title='bbox 376 1149 487 1201; x_wconf 79' lang='grc' dir='ltr'><strong><em>Καὶ</em></strong></span> <span class='ocrx_word' id='word_1_79' title='bbox 512 1146 802 1214; x_wconf 79' lang='grc' dir='ltr'>πληθυνῶ</span> <span class='ocrx_word' id='word_1_80' title='bbox 828 1147 936 1198; x_wconf 82' lang='grc' dir='ltr'><strong><em>τὸν</em></strong></span> <span class='ocrx_word' id='word_1_81' title='bbox 978 1147 1211 1215; x_wconf 76' lang='grc' dir='ltr'><em>καρπὸν</em></span> <span class='ocrx_word' id='word_1_82' title='bbox 1246 1147 1354 1200; x_wconf 83' lang='grc' dir='ltr'>τοῦ</span> <span class='ocrx_word' id='word_1_83' title='bbox 1393 1146 1605 1211; x_wconf 80' lang='grc' dir='ltr'><strong><em>ξύλου,</em></strong></span> <span class='ocrx_word' id='word_1_84' title='bbox 1629 1144 1728 1197; x_wconf 78' lang='grc' dir='ltr'><strong><em>καὶ</em></strong></span> 
     </span>
    </p>
   </div>
   <div class='ocr_carea' id='block_1_14' title="bbox 154 1236 1730 1310">
    <p class='ocr_par' dir='ltr' id='par_1_14' title="bbox 154 1236 1730 1310">
     <span class='ocr_line' id='line_1_14' title="bbox 154 1236 1730 1310; baseline -0.003 -17"><span class='ocrx_word' id='word_1_85' title='bbox 154 1240 221 1293; x_wconf 74' lang='grc' dir='ltr'>τὰ</span> <span class='ocrx_word' id='word_1_86' title='bbox 252 1238 593 1310; x_wconf 70' lang='grc' dir='ltr'>γεννήματα</span> <span class='ocrx_word' id='word_1_87' title='bbox 644 1236 749 1290; x_wconf 83' lang='grc' dir='ltr'>τοῦ</span> <span class='ocrx_word' id='word_1_88' title='bbox 792 1236 999 1304; x_wconf 81' lang='grc' dir='ltr'><strong><em>ἀγροῦ,</em></strong></span> <span class='ocrx_word' id='word_1_89' title='bbox 1044 1237 1202 1303; x_wconf 78' lang='grc' dir='ltr'><em>ὅπως</em></span> <span class='ocrx_word' id='word_1_90' title='bbox 1264 1237 1341 1291; x_wconf 83' lang='grc' dir='ltr'><strong><em>ἂν</em></strong></span> <span class='ocrx_word' id='word_1_91' title='bbox 1384 1236 1470 1306; x_wconf 80' lang='grc' dir='ltr'><strong><em>μὴ</em></strong></span> <span class='ocrx_word' id='word_1_92' title='bbox 1508 1236 1730 1302; x_wconf 73' lang='grc' dir='ltr'>λάϐητε</span> 
     </span>
    </p>
   </div>
   <div class='ocr_carea' id='block_1_15' title="bbox 150 1324 1730 1397">
    <p class='ocr_par' dir='ltr' id='par_1_15' title="bbox 150 1324 1730 1397">
     <span class='ocr_line' id='line_1_15' title="bbox 150 1324 1730 1397; baseline -0.003 -14"><span class='ocrx_word' id='word_1_93' title='bbox 150 1333 234 1384; x_wconf 64' lang='grc' dir='ltr'>ἔτι</span> <span class='ocrx_word' id='word_1_94' title='bbox 260 1333 304 1370; x_wconf 78' lang='grc' dir='ltr'>τ’</span> <span class='ocrx_word' id='word_1_95' title='bbox 334 1329 681 1396; x_wconf 71' lang='grc' dir='ltr'><strong><em>ὀνειδισμὸν</em></strong></span> <span class='ocrx_word' id='word_1_96' title='bbox 718 1327 895 1395; x_wconf 72' lang='grc' dir='ltr'>λιμοῦ</span> <span class='ocrx_word' id='word_1_97' title='bbox 933 1329 1005 1380; x_wconf 83' lang='grc' dir='ltr'><strong><em>ἐν</em></strong></span> <span class='ocrx_word' id='word_1_98' title='bbox 1036 1329 1160 1393; x_wconf 74' lang='grc' dir='ltr'>τοῖς</span> <span class='ocrx_word' id='word_1_99' title='bbox 1189 1328 1454 1383; x_wconf 79' lang='grc' dir='ltr'>ἔθνεσιν.</span> <span class='ocrx_word' id='word_1_100' title='bbox 1479 1324 1607 1380; x_wconf 69' lang='grc' dir='ltr'>Οἶδα</span> <span class='ocrx_word' id='word_1_101' title='bbox 1632 1327 1730 1397; x_wconf 80' lang='grc' dir='ltr'>μὲν</span> 
     </span>
    </p>
   </div>
   <div class='ocr_carea' id='block_1_16' title="bbox 152 1416 1729 1485">
    <p class='ocr_par' dir='ltr' id='par_1_16' title="bbox 152 1416 1729 1485">
     <span class='ocr_line' id='line_1_16' title="bbox 152 1416 1729 1485; baseline 0 -15"><span class='ocrx_word' id='word_1_102' title='bbox 152 1416 262 1479; x_wconf 74' lang='grc' dir='ltr'><strong><em>ιῦν,</em></strong></span> <span class='ocrx_word' id='word_1_103' title='bbox 293 1419 376 1471; x_wconf 84' lang='grc' dir='ltr'>ὅτι</span> <span class='ocrx_word' id='word_1_104' title='bbox 400 1418 494 1470; x_wconf 78' lang='grc' dir='ltr'><strong><em>καὶ</em></strong></span> <span class='ocrx_word' id='word_1_105' title='bbox 524 1416 914 1485; x_wconf 84' lang='grc' dir='ltr'>πνευματικῶς</span> <span class='ocrx_word' id='word_1_106' title='bbox 961 1416 1165 1470; x_wconf 84' lang='grc' dir='ltr'>τούτων</span> <span class='ocrx_word' id='word_1_107' title='bbox 1217 1419 1445 1471; x_wconf 73' lang='grc' dir='ltr'>ἕκαστον</span> <span class='ocrx_word' id='word_1_108' title='bbox 1480 1417 1729 1470; x_wconf 75' lang='grc' dir='ltr'>ἐκλαϐεῖν</span> 
     </span>
    </p>
   </div>
   <div class='ocr_carea' id='block_1_17' title="bbox 150 1502 1728 1580">
    <p class='ocr_par' dir='ltr' id='par_1_17' title="bbox 150 1502 1728 1580">
     <span class='ocr_line' id='line_1_17' title="bbox 150 1502 1728 1580; baseline -0.001 -17"><span class='ocrx_word' id='word_1_109' title='bbox 150 1511 371 1565; x_wconf 74' lang='grc' dir='ltr'>δυνατόν</span> <span class='ocrx_word' id='word_1_110' title='bbox 392 1526 407 1540; x_wconf 87' lang='grc'><strong>·</strong></span> <span class='ocrx_word' id='word_1_111' title='bbox 442 1507 559 1563; x_wconf 80' lang='grc' dir='ltr'><em>ἀλλ’</em></span> <span class='ocrx_word' id='word_1_112' title='bbox 593 1508 744 1577; x_wconf 83' lang='grc' dir='ltr'>ὅμως</span> <span class='ocrx_word' id='word_1_113' title='bbox 786 1506 1025 1577; x_wconf 75' lang='grc' dir='ltr'>ἡγοῦμαι</span> <span class='ocrx_word' id='word_1_114' title='bbox 1070 1508 1161 1562; x_wconf 81' lang='grc' dir='ltr'><strong><em>τὸν</em></strong></span> <span class='ocrx_word' id='word_1_115' title='bbox 1205 1502 1543 1580; x_wconf 78' lang='grc' dir='ltr'>προφητικὸν</span> <span class='ocrx_word' id='word_1_116' title='bbox 1571 1509 1728 1574; x_wconf 86' lang='grc' dir='ltr'>λόγον</span> 
     </span>
    </p>
   </div>
   <div class='ocr_carea' id='block_1_18' title="bbox 148 1597 1727 1671">
    <p class='ocr_par' dir='ltr' id='par_1_18' title="bbox 148 1597 1727 1671">
     <span class='ocr_line' id='line_1_18' title="bbox 148 1597 1727 1671; baseline -0.001 -17"><span class='ocrx_word' id='word_1_117' title='bbox 148 1602 217 1655; x_wconf 80' lang='grc' dir='ltr'>τὰ</span> <span class='ocrx_word' id='word_1_118' title='bbox 233 1597 525 1671; x_wconf 84' lang='grc' dir='ltr'>σωματικὰ</span> <span class='ocrx_word' id='word_1_119' title='bbox 545 1597 638 1651; x_wconf 85' lang='grc' dir='ltr'>νῦν</span> <span class='ocrx_word' id='word_1_120' title='bbox 652 1600 767 1660; x_wconf 82' lang='grc' dir='ltr'>τοῖς</span> <span class='ocrx_word' id='word_1_121' title='bbox 797 1597 1072 1662; x_wconf 76' lang='grc' dir='ltr'><strong><em>Ἰουδαίοις</em></strong></span> <span class='ocrx_word' id='word_1_122' title='bbox 1091 1600 1488 1670; x_wconf 73' lang='grc' dir='ltr'><strong><em>ὑπισχνεῖσθαι.</em></strong></span> <span class='ocrx_word' id='word_1_123' title='bbox 1507 1600 1727 1668; x_wconf 81' lang='grc' dir='ltr'><strong><em>Ἐπειδὴ</em></strong></span> 
     </span>
    </p>
   </div>
   <div class='ocr_carea' id='block_1_19' title="bbox 149 1688 1725 1763">
    <p class='ocr_par' dir='ltr' id='par_1_19' title="bbox 149 1688 1725 1763">
     <span class='ocr_line' id='line_1_19' title="bbox 149 1688 1725 1763; baseline -0.001 -18"><span class='ocrx_word' id='word_1_124' title='bbox 149 1692 257 1763; x_wconf 79' lang='grc' dir='ltr'>γὰρ</span> <span class='ocrx_word' id='word_1_125' title='bbox 276 1690 484 1762; x_wconf 70' lang='grc' dir='ltr'>ἐρημία</span> <span class='ocrx_word' id='word_1_126' title='bbox 516 1688 686 1759; x_wconf 72' lang='grc' dir='ltr'><strong><em>πολλὴ</em></strong></span> <span class='ocrx_word' id='word_1_127' title='bbox 719 1691 939 1759; x_wconf 82' lang='grc' dir='ltr'>κατεῖχε</span> <span class='ocrx_word' id='word_1_128' title='bbox 969 1689 1031 1742; x_wconf 84' lang='grc' dir='ltr'>τὸ</span> <span class='ocrx_word' id='word_1_129' title='bbox 1053 1691 1098 1721; x_wconf 69' lang='grc' dir='ltr'><strong>κο</strong></span> <span class='ocrx_word' id='word_1_130' title='bbox 1124 1688 1431 1761; x_wconf 82' lang='grc' dir='ltr'>τηνικαῦτα</span> <span class='ocrx_word' id='word_1_131' title='bbox 1472 1692 1571 1760; x_wconf 84' lang='grc' dir='ltr'><strong><em>τὴν</em></strong></span> <span class='ocrx_word' id='word_1_132' title='bbox 1601 1691 1725 1759; x_wconf 80' lang='grc' dir='ltr'>γῆν,</span> 
     </span>
    </p>
   </div>
   <div class='ocr_carea' id='block_1_20' title="bbox 153 1782 1728 1854">
    <p class='ocr_par' dir='ltr' id='par_1_20' title="bbox 153 1782 1728 1854">
     <span class='ocr_line' id='line_1_20' title="bbox 153 1782 1728 1854; baseline -0.003 -14"><span class='ocrx_word' id='word_1_133' title='bbox 153 1787 495 1854; x_wconf 70' lang='grc' dir='ltr'>ὑπισχνεῖται</span> <span class='ocrx_word' id='word_1_134' title='bbox 554 1783 739 1846; x_wconf 73' lang='grc' dir='ltr'>αὐτοῖς</span> <span class='ocrx_word' id='word_1_135' title='bbox 799 1782 908 1836; x_wconf 88' lang='grc' dir='ltr'><strong><em>τῶν</em></strong></span> <span class='ocrx_word' id='word_1_136' title='bbox 967 1783 1324 1838; x_wconf 83' lang='grc' dir='ltr'><strong><em>παντοδαπῶν</em></strong></span> <span class='ocrx_word' id='word_1_137' title='bbox 1373 1784 1598 1853; x_wconf 79' lang='grc' dir='ltr'><strong><em>καρπῶν</em></strong></span> <span class='ocrx_word' id='word_1_138' title='bbox 1629 1783 1728 1851; x_wconf 86' lang='grc' dir='ltr'>τὴν</span> 
     </span>
    </p>
   </div>
   <div class='ocr_carea' id='block_1_21' title="bbox 149 1872 1728 1947">
    <p class='ocr_par' dir='ltr' id='par_1_21' title="bbox 149 1872 1728 1947">
     <span class='ocr_line' id='line_1_21' title="bbox 149 1872 1728 1947; baseline -0.001 -17"><span class='ocrx_word' id='word_1_139' title='bbox 149 1876 433 1947; x_wconf 75' lang='grc' dir='ltr'>ἀφθονίαν,</span> <span class='ocrx_word' id='word_1_140' title='bbox 457 1875 553 1928; x_wconf 77' lang='grc' dir='ltr'>καὶ</span> <span class='ocrx_word' id='word_1_141' title='bbox 596 1876 696 1945; x_wconf 80' lang='grc' dir='ltr'>τὴν</span> <span class='ocrx_word' id='word_1_142' title='bbox 736 1872 985 1927; x_wconf 74' lang='grc' dir='ltr'>ἐντεῦθεν</span> <span class='ocrx_word' id='word_1_143' title='bbox 1030 1874 1087 1927; x_wconf 82' lang='grc' dir='ltr'><strong><em>δὲ</em></strong></span> <span class='ocrx_word' id='word_1_144' title='bbox 1151 1875 1416 1945; x_wconf 75' lang='grc' dir='ltr'>ἐσομένην</span> <span class='ocrx_word' id='word_1_145' title='bbox 1458 1876 1728 1945; x_wconf 75' lang='grc' dir='ltr'>ὠφέλειαν</span> 
     </span>
    </p>
   </div>
   <div class='ocr_carea' id='block_1_22' title="bbox 151 1966 535 2040">
    <p class='ocr_par' dir='ltr' id='par_1_22' title="bbox 151 1966 535 2040">
     <span class='ocr_line' id='line_1_22' title="bbox 151 1966 535 2040; baseline -0.005 -19"><span class='ocrx_word' id='word_1_146' title='bbox 151 1966 535 2040; x_wconf 79' lang='grc' dir='ltr'>προαγορεύει.</span> 
     </span>
    </p>
   </div>
   <div class='ocr_carea' id='block_1_23' title="bbox 219 2055 1731 2126">
    <p class='ocr_par' dir='ltr' id='par_1_23' title="bbox 219 2055 1731 2126">
     <span class='ocr_line' id='line_1_23' title="bbox 219 2055 1731 2126; baseline -0.003 -14"><span class='ocrx_word' id='word_1_147' title='bbox 219 2059 321 2112; x_wconf 76' lang='grc' dir='ltr'>λα’.</span> <span class='ocrx_word' id='word_1_148' title='bbox 380 2059 493 2111; x_wconf 80' lang='grc' dir='ltr'><strong><em>Καὶ</em></strong></span> <span class='ocrx_word' id='word_1_149' title='bbox 534 2055 989 2125; x_wconf 81' lang='grc' dir='ltr'>μνησθήσεσθε,</span> <span class='ocrx_word' id='word_1_150' title='bbox 1022 2057 1175 2125; x_wconf 67' lang='grc' dir='ltr'>φησι,</span> <span class='ocrx_word' id='word_1_151' title='bbox 1216 2056 1322 2122; x_wconf 83' lang='grc' dir='ltr'><strong><em>τὰς</em></strong></span> <span class='ocrx_word' id='word_1_152' title='bbox 1351 2057 1531 2123; x_wconf 76' lang='grc' dir='ltr'><strong><em>ὀδοὺς</em></strong></span> <span class='ocrx_word' id='word_1_153' title='bbox 1565 2057 1731 2126; x_wconf 82' lang='grc' dir='ltr'>ὑμῶν</span> 
     </span>
    </p>
   </div>
   <div class='ocr_carea' id='block_1_24' title="bbox 151 2150 1727 2221">
    <p class='ocr_par' dir='ltr' id='par_1_24' title="bbox 151 2150 1727 2221">
     <span class='ocr_line' id='line_1_24' title="bbox 151 2150 1727 2221; baseline -0.002 -15"><span class='ocrx_word' id='word_1_154' title='bbox 151 2154 258 2219; x_wconf 79' lang='grc' dir='ltr'><strong><em>τὰς</em></strong></span> <span class='ocrx_word' id='word_1_155' title='bbox 285 2153 574 2219; x_wconf 75' lang='grc' dir='ltr'>πονηρὰς,</span> <span class='ocrx_word' id='word_1_156' title='bbox 631 2150 728 2205; x_wconf 75' lang='grc' dir='ltr'><strong><em>καὶ</em></strong></span> <span class='ocrx_word' id='word_1_157' title='bbox 776 2155 846 2204; x_wconf 85' lang='grc' dir='ltr'>τὰ</span> <span class='ocrx_word' id='word_1_158' title='bbox 885 2150 1320 2220; x_wconf 81' lang='grc' dir='ltr'>ἐπιτηδεύματα</span> <span class='ocrx_word' id='word_1_159' title='bbox 1358 2152 1524 2220; x_wconf 74' lang='grc' dir='ltr'>ὑμῶν</span> <span class='ocrx_word' id='word_1_160' title='bbox 1550 2153 1620 2206; x_wconf 82' lang='grc' dir='ltr'>τὰ</span> <span class='ocrx_word' id='word_1_161' title='bbox 1645 2151 1727 2221; x_wconf 76' lang='grc' dir='ltr'>μὴ</span> 
     </span>
    </p>
   </div>
   <div class='ocr_carea' id='block_1_25' title="bbox 151 2245 1730 2318">
    <p class='ocr_par' dir='ltr' id='par_1_25' title="bbox 151 2245 1730 2318">
     <span class='ocr_line' id='line_1_25' title="bbox 151 2245 1730 2318; baseline -0.004 -15"><span class='ocrx_word' id='word_1_162' title='bbox 151 2248 362 2318; x_wconf 78' lang='grc' dir='ltr'>ἀγαθὰ,</span> <span class='ocrx_word' id='word_1_163' title='bbox 394 2250 493 2303; x_wconf 80' lang='grc' dir='ltr'><strong><em>καὶ</em></strong></span> <span class='ocrx_word' id='word_1_164' title='bbox 557 2247 968 2317; x_wconf 74' lang='grc' dir='ltr'>προσοχθιεῖτε</span> <span class='ocrx_word' id='word_1_165' title='bbox 1004 2248 1047 2278; x_wconf 77' lang='grc'><strong><em>⁸³</em></strong></span> <span class='ocrx_word' id='word_1_166' title='bbox 1083 2246 1234 2299; x_wconf 75' lang='grc' dir='ltr'>κατὰ</span> <span class='ocrx_word' id='word_1_167' title='bbox 1276 2248 1601 2311; x_wconf 77' lang='grc' dir='ltr'><strong><em>πρόσωπον</em></strong></span> <span class='ocrx_word' id='word_1_168' title='bbox 1624 2245 1730 2297; x_wconf 84' lang='grc' dir='ltr'><strong><em>αὑ-</em></strong></span> 
     </span>
    </p>
   </div>
   <div class='ocr_carea' id='block_1_26' title="bbox 153 2333 1730 2408">
    <p class='ocr_par' dir='ltr' id='par_1_26' title="bbox 153 2333 1730 2408">
     <span class='ocr_line' id='line_1_26' title="bbox 153 2333 1730 2408; baseline -0.004 -15"><span class='ocrx_word' id='word_1_169' title='bbox 153 2341 270 2395; x_wconf 82' lang='grc' dir='ltr'>τῶν</span> <span class='ocrx_word' id='word_1_170' title='bbox 326 2340 461 2408; x_wconf 68' lang='grc' dir='ltr'>περὶ</span> <span class='ocrx_word' id='word_1_171' title='bbox 519 2339 641 2393; x_wconf 85' lang='grc' dir='ltr'>τῶν</span> <span class='ocrx_word' id='word_1_172' title='bbox 690 2338 952 2408; x_wconf 77' lang='grc' dir='ltr'><strong><em>ἀνομιῶν</em></strong></span> <span class='ocrx_word' id='word_1_173' title='bbox 997 2337 1166 2407; x_wconf 80' lang='grc' dir='ltr'>ὑμῶν</span> <span class='ocrx_word' id='word_1_174' title='bbox 1207 2337 1274 2400; x_wconf 79' lang='grc' dir='ltr'><strong><em>δ’,</em></strong></span> <span class='ocrx_word' id='word_1_175' title='bbox 1330 2336 1427 2388; x_wconf 75' lang='grc' dir='ltr'><strong><em>καὶ</em></strong></span> <span class='ocrx_word' id='word_1_176' title='bbox 1458 2335 1590 2402; x_wconf 70' lang='lat' dir='ltr'><strong><em>arpi</em></strong></span> <span class='ocrx_word' id='word_1_177' title='bbox 1613 2333 1730 2387; x_wconf 84' lang='grc' dir='ltr'>τῶν</span> 
     </span>
    </p>
   </div>
   <div class='ocr_carea' id='block_1_27' title="bbox 147 2429 1729 2504">
    <p class='ocr_par' dir='ltr' id='par_1_27' title="bbox 147 2429 1729 2504">
     <span class='ocr_line' id='line_1_27' title="bbox 147 2429 1729 2504; baseline -0.005 -15"><span class='ocrx_word' id='word_1_178' title='bbox 147 2433 586 2504; x_wconf 77' lang='grc' dir='ltr'>,ϐδελυγμάτων</span> <span class='ocrx_word' id='word_1_179' title='bbox 611 2435 778 2503; x_wconf 81' lang='grc' dir='ltr'>ὑμῶν</span> <span class='ocrx_word' id='word_1_180' title='bbox 794 2433 862 2486; x_wconf 77' lang='grc'><strong><em>⁵³³.</em></strong></span> <span class='ocrx_word' id='word_1_181' title='bbox 889 2432 1125 2496; x_wconf 80' lang='grc' dir='ltr'><strong><em>Τούτων,</em></strong></span> <span class='ocrx_word' id='word_1_182' title='bbox 1162 2433 1346 2501; x_wconf 74' lang='grc' dir='ltr'>φησὶν,</span> <span class='ocrx_word' id='word_1_183' title='bbox 1368 2429 1729 2492; x_wconf 77' lang='grc' dir='ltr'>ἀπολαύοντες</span> 
     </span>
    </p>
   </div>
   <div class='ocr_carea' id='block_1_28' title="bbox 153 2519 1727 2592">
    <p class='ocr_par' dir='ltr' id='par_1_28' title="bbox 153 2519 1727 2592">
     <span class='ocr_line' id='line_1_28' title="bbox 153 2519 1727 2592; baseline -0.002 -19"><span class='ocrx_word' id='word_1_184' title='bbox 153 2521 261 2574; x_wconf 85' lang='grc' dir='ltr'><strong><em>τῶν</em></strong></span> <span class='ocrx_word' id='word_1_185' title='bbox 285 2520 537 2590; x_wconf 80' lang='grc' dir='ltr'><strong><em>ἀγαθῶν,</em></strong></span> <span class='ocrx_word' id='word_1_186' title='bbox 571 2523 663 2575; x_wconf 72' lang='grc' dir='ltr'><strong><em>καὶ</em></strong></span> <span class='ocrx_word' id='word_1_187' title='bbox 702 2522 1081 2592; x_wconf 79' lang='grc' dir='ltr'>μανθάνοντες,</span> <span class='ocrx_word' id='word_1_188' title='bbox 1116 2520 1381 2589; x_wconf 76' lang='grc' dir='ltr'>ἡλίκουςὴ</span> <span class='ocrx_word' id='word_1_189' title='bbox 1415 2519 1727 2586; x_wconf 75' lang='grc' dir='ltr'><strong><em>δικαιοσύνη</em></strong></span> 
     </span>
    </p>
   </div>
   <div class='ocr_carea' id='block_1_29' title="bbox 155 2609 1730 2682">
    <p class='ocr_par' dir='ltr' id='par_1_29' title="bbox 155 2609 1730 2682">
     <span class='ocr_line' id='line_1_29' title="bbox 155 2609 1730 2682; baseline -0.001 -18"><span class='ocrx_word' id='word_1_190' title='bbox 155 2611 309 2681; x_wconf 79' lang='grc' dir='ltr'>φέρει</span> <span class='ocrx_word' id='word_1_191' title='bbox 335 2613 604 2681; x_wconf 78' lang='grc' dir='ltr'>καρποὺς,</span> <span class='ocrx_word' id='word_1_192' title='bbox 636 2613 734 2681; x_wconf 80' lang='grc' dir='ltr'>τῆς</span> <span class='ocrx_word' id='word_1_193' title='bbox 759 2612 1037 2682; x_wconf 83' lang='grc' dir='ltr'>προτέρας.</span> <span class='ocrx_word' id='word_1_194' title='bbox 1050 2609 1535 2680; x_wconf 82' lang='grc' dir='ltr'>ἀναμνησθήσεσθε</span> <span class='ocrx_word' id='word_1_195' title='bbox 1566 2625 1730 2677; x_wconf 84' lang='grc' dir='ltr'>πονη-</span> 
     </span>
    </p>
   </div>
   <div class='ocr_carea' id='block_1_30' title="bbox 156 2699 1730 2774">
    <p class='ocr_par' dir='ltr' id='par_1_30' title="bbox 156 2699 1730 2774">
     <span class='ocr_line' id='line_1_30' title="bbox 156 2699 1730 2774; baseline -0.003 -20"><span class='ocrx_word' id='word_1_196' title='bbox 156 2702 298 2772; x_wconf 84' lang='grc' dir='ltr'>ρίας,</span> <span class='ocrx_word' id='word_1_197' title='bbox 346 2704 441 2755; x_wconf 78' lang='grc' dir='ltr'><strong><em>καὶ</em></strong></span> <span class='ocrx_word' id='word_1_198' title='bbox 469 2705 568 2773; x_wconf 81' lang='grc' dir='ltr'>τῆς</span> <span class='ocrx_word' id='word_1_199' title='bbox 592 2703 659 2756; x_wconf 86' lang='grc' dir='ltr'><strong><em>δι’</em></strong></span> <span class='ocrx_word' id='word_1_200' title='bbox 699 2705 914 2774; x_wconf 77' lang='grc' dir='ltr'>ἐκείνην</span> <span class='ocrx_word' id='word_1_201' title='bbox 965 2704 1093 2773; x_wconf 80' lang='grc' dir='ltr'>ὑμῖν</span> <span class='ocrx_word' id='word_1_202' title='bbox 1122 2702 1390 2772; x_wconf 80' lang='grc' dir='ltr'><strong><em>τιμωρίας</em></strong></span> <span class='ocrx_word' id='word_1_203' title='bbox 1421 2699 1730 2769; x_wconf 79' lang='grc' dir='ltr'>ἐπενεχθεί-</span> 
     </span>
    </p>
   </div>
   <div class='ocr_carea' id='block_1_31' title="bbox 156 2793 1730 2867">
    <p class='ocr_par' dir='ltr' id='par_1_31' title="bbox 156 2793 1730 2867">
     <span class='ocr_line' id='line_1_31' title="bbox 156 2793 1730 2867; baseline -0.002 -20"><span class='ocrx_word' id='word_1_204' title='bbox 156 2810 288 2863; x_wconf 78' lang='grc' dir='ltr'>σης,</span> <span class='ocrx_word' id='word_1_205' title='bbox 352 2793 451 2848; x_wconf 78' lang='grc' dir='ltr'><strong><em>καὶ</em></strong></span> <span class='ocrx_word' id='word_1_206' title='bbox 503 2796 761 2864; x_wconf 83' lang='grc' dir='ltr'><strong><em>μισήσετε</em></strong></span> <span class='ocrx_word' id='word_1_207' title='bbox 821 2794 1030 2867; x_wconf 80' lang='grc' dir='ltr'>σφόδρα</span> <span class='ocrx_word' id='word_1_208' title='bbox 1077 2794 1180 2863; x_wconf 85' lang='grc' dir='ltr'>’τὴν</span> <span class='ocrx_word' id='word_1_209' title='bbox 1233 2793 1507 2863; x_wconf 85' lang='grc' dir='ltr'>προτέραν</span> <span class='ocrx_word' id='word_1_210' title='bbox 1553 2808 1730 2860; x_wconf 82' lang='grc' dir='ltr'>παρα-</span> 
     </span>
    </p>
   </div>
   <div class='ocr_carea' id='block_1_32' title="bbox 153 2882 1730 2956">
    <p class='ocr_par' dir='ltr' id='par_1_32' title="bbox 153 2882 1730 2956">
     <span class='ocr_line' id='line_1_32' title="bbox 153 2882 1730 2956; baseline -0.003 -18"><span class='ocrx_word' id='word_1_211' title='bbox 153 2884 368 2953; x_wconf 85' lang='grc' dir='ltr'>νομίαν.</span> <span class='ocrx_word' id='word_1_212' title='bbox 393 2885 469 2937; x_wconf 81' lang='grc' dir='ltr'>Τὸ</span> <span class='ocrx_word' id='word_1_213' title='bbox 496 2885 606 2956; x_wconf 85' lang='grc' dir='ltr'><strong><em>γὰρ</em></strong></span> <span class='ocrx_word' id='word_1_214' title='bbox 634 2887 1052 2956; x_wconf 81' lang='grc' dir='ltr'>Προσοχθιεῖτε</span> <span class='ocrx_word' id='word_1_215' title='bbox 1082 2886 1201 2939; x_wconf 77' lang='grc' dir='ltr'>ἀντὶ</span> <span class='ocrx_word' id='word_1_216' title='bbox 1231 2884 1325 2937; x_wconf 75' lang='grc' dir='ltr'>τοῦ</span> <span class='ocrx_word' id='word_1_217' title='bbox 1354 2882 1730 2947; x_wconf 74' lang='grc' dir='ltr'>βδελύξεσθε</span> 
     </span>
    </p>
   </div>
   <div class='ocr_carea' id='block_1_33' title="bbox 151 2972 1729 3047">
    <p class='ocr_par' dir='ltr' id='par_1_33' title="bbox 151 2972 1729 3047">
     <span class='ocr_line' id='line_1_33' title="bbox 151 2972 1729 3047; baseline -0.001 -20"><span class='ocrx_word' id='word_1_218' title='bbox 151 2975 390 3028; x_wconf 77' lang='grc' dir='ltr'>τέθεικε.</span> <span class='ocrx_word' id='word_1_219' title='bbox 426 2977 678 3031; x_wconf 81' lang='grc' dir='ltr'>Τοιοῦτόν</span> <span class='ocrx_word' id='word_1_220' title='bbox 707 2978 821 3030; x_wconf 74' lang='grc' dir='ltr'>ἔστι</span> <span class='ocrx_word' id='word_1_221' title='bbox 854 2976 916 3029; x_wconf 83' lang='grc' dir='ltr'><strong><em>τὸ</em></strong></span> <span class='ocrx_word' id='word_1_222' title='bbox 938 2977 1067 3047; x_wconf 74' lang='grc' dir='ltr'>περὶ</span> <span class='ocrx_word' id='word_1_223' title='bbox 1106 2976 1202 3029; x_wconf 80' lang='grc' dir='ltr'>τοῦ</span> <span class='ocrx_word' id='word_1_224' title='bbox 1230 2975 1547 3044; x_wconf 77' lang='grc' dir='ltr'>παρανόμου</span> <span class='ocrx_word' id='word_1_225' title='bbox 1579 2972 1729 3043; x_wconf 82' lang='grc' dir='ltr'>παρὰ</span> 
     </span>
    </p>
   </div>
   <div class='ocr_carea' id='block_1_34' title="bbox 152 3064 1728 3139">
    <p class='ocr_par' dir='ltr' id='par_1_34' title="bbox 152 3064 1728 3139">
     <span class='ocr_line' id='line_1_34' title="bbox 152 3064 1728 3139; baseline -0.001 -21"><span class='ocrx_word' id='word_1_226' title='bbox 152 3064 247 3118; x_wconf 82' lang='grc' dir='ltr'>τοῦ</span> <span class='ocrx_word' id='word_1_227' title='bbox 291 3066 464 3120; x_wconf 72' lang='grc' dir='ltr'><strong><em>Δαϐὶδ</em></strong></span> <span class='ocrx_word' id='word_1_228' title='bbox 534 3067 860 3138; x_wconf 55' lang='grc' dir='ltr'>εἰρημένον</span> <span class='ocrx_word' id='word_1_229' title='bbox 894 3088 911 3119; x_wconf 83' lang='grc' dir='ltr'><strong><em>ι</em></strong></span> <span class='ocrx_word' id='word_1_230' title='bbox 962 3068 1219 3139; x_wconf 76' lang='grc' dir='ltr'>Παρέστη</span> <span class='ocrx_word' id='word_1_231' title='bbox 1273 3067 1422 3136; x_wconf 72' lang='grc' dir='ltr'><strong><em>πάσῃ</em></strong></span> <span class='ocrx_word' id='word_1_232' title='bbox 1477 3064 1581 3134; x_wconf 79' lang='grc' dir='ltr'><strong><em>ὁδῷ</em></strong></span> <span class='ocrx_word' id='word_1_233' title='bbox 1629 3066 1728 3117; x_wconf 77' lang='grc' dir='ltr'>οὐκ</span> 
     </span>
    </p>
   </div>
   <div class='ocr_carea' id='block_1_35' title="bbox 153 3156 1732 3229">
    <p class='ocr_par' dir='ltr' id='par_1_35' title="bbox 153 3156 1732 3229">
     <span class='ocr_line' id='line_1_35' title="bbox 153 3156 1732 3229; baseline 0.001 -22"><span class='ocrx_word' id='word_1_234' title='bbox 153 3156 357 3226; x_wconf 82' lang='grc' dir='ltr'>ἀγαθῇ,</span> <span class='ocrx_word' id='word_1_235' title='bbox 421 3157 594 3228; x_wconf 81' lang='grc' dir='ltr'>κακίᾳ</span> <span class='ocrx_word' id='word_1_236' title='bbox 628 3158 684 3211; x_wconf 82' lang='grc' dir='ltr'><strong><em>δὲ</em></strong></span> <span class='ocrx_word' id='word_1_237' title='bbox 743 3159 804 3212; x_wconf 75' lang='grc' dir='ltr'>οὐ</span> <span class='ocrx_word' id='word_1_238' title='bbox 860 3158 1225 3229; x_wconf 83' lang='grc' dir='ltr'>προσώχθισε,</span> <span class='ocrx_word' id='word_1_239' title='bbox 1258 3177 1277 3210; x_wconf 70' lang='grc' dir='ltr'><strong><em>ι</em></strong></span> <span class='ocrx_word' id='word_1_240' title='bbox 1313 3157 1580 3221; x_wconf 75' lang='grc' dir='ltr'>τουτέστι,</span> <span class='ocrx_word' id='word_1_241' title='bbox 1634 3156 1732 3225; x_wconf 83' lang='grc' dir='ltr'><strong><em>τὴν</em></strong></span> 
     </span>
    </p>
   </div>
   <div class='ocr_carea' id='block_1_36' title="bbox 154 3246 1733 3319">
    <p class='ocr_par' dir='ltr' id='par_1_36' title="bbox 154 3246 1733 3319">
     <span class='ocr_line' id='line_1_36' title="bbox 154 3246 1733 3319; baseline 0.001 -22"><span class='ocrx_word' id='word_1_242' title='bbox 154 3246 354 3299; x_wconf 76' lang='grc' dir='ltr'>κακίαν</span> <span class='ocrx_word' id='word_1_243' title='bbox 381 3247 487 3300; x_wconf 81' lang='grc' dir='ltr'>οὐκ</span> <span class='ocrx_word' id='word_1_244' title='bbox 546 3247 884 3313; x_wconf 79' lang='grc' dir='ltr'>ἑϐδελύξατο.</span> <span class='ocrx_word' id='word_1_245' title='bbox 915 3247 1105 3311; x_wconf 76' lang='grc' dir='ltr'>Οὕτως</span> <span class='ocrx_word' id='word_1_246' title='bbox 1150 3248 1520 3319; x_wconf 83' lang='grc' dir='ltr'>ὑποσχόμενος</span> <span class='ocrx_word' id='word_1_247' title='bbox 1550 3248 1733 3312; x_wconf 82' lang='grc' dir='ltr'>αὐτοῖς</span> 
     </span>
    </p>
   </div>
   <div class='ocr_carea' id='block_1_37' title="bbox 152 3337 1731 3410">
    <p class='ocr_par' dir='ltr' id='par_1_37' title="bbox 152 3337 1731 3410">
     <span class='ocr_line' id='line_1_37' title="bbox 152 3337 1731 3410; baseline 0.003 -23"><span class='ocrx_word' id='word_1_248' title='bbox 152 3338 215 3390; x_wconf 79' lang='grc' dir='ltr'>τὰ</span> <span class='ocrx_word' id='word_1_249' title='bbox 269 3337 517 3406; x_wconf 56' lang='grc' dir='ltr'><strong><em>ἀγαθὰ,¹</em></strong></span> <span class='ocrx_word' id='word_1_250' title='bbox 562 3340 725 3394; x_wconf 80' lang='grc' dir='ltr'>πάλιν</span> <span class='ocrx_word' id='word_1_251' title='bbox 779 3340 958 3394; x_wconf 81' lang='grc' dir='ltr'>αὐτῶν</span> <span class='ocrx_word' id='word_1_252' title='bbox 1014 3340 1078 3393; x_wconf 85' lang='grc' dir='ltr'><strong><em>τὸ</em></strong></span> <span class='ocrx_word' id='word_1_253' title='bbox 1139 3342 1398 3410; x_wconf 78' lang='grc' dir='ltr'>φρόνημα</span> <span class='ocrx_word' id='word_1_254' title='bbox 1455 3341 1731 3402; x_wconf 86' lang='grc' dir='ltr'>ταπεινοῖ,</span> 
     </span>
    </p>
   </div>
   <div class='ocr_carea' id='block_1_38' title="bbox 153 3444 358 3495">
    <p class='ocr_par' dir='ltr' id='par_1_38' title="bbox 153 3444 358 3495">
     <span class='ocr_line' id='line_1_38' title="bbox 153 3444 358 3495; baseline 0.01 -20"><span class='ocrx_word' id='word_1_255' title='bbox 153 3447 176 3475; x_wconf 89' lang='lat' dir='ltr'><strong><em>I.</em></strong></span> <span class='ocrx_word' id='word_1_256' title='bbox 183 3445 325 3495; x_wconf 78' lang='grc' dir='ltr'>εγων</span> <span class='ocrx_word' id='word_1_257' title='bbox 343 3444 358 3458; x_wconf 86' lang='grc'><strong>⁸</strong></span> 
     </span>
    </p>
   </div>
   <div class='ocr_carea' id='block_1_39' title="bbox 218 3518 1733 3593">
    <p class='ocr_par' dir='ltr' id='par_1_39' title="bbox 218 3518 1733 3593">
     <span class='ocr_line' id='line_1_39' title="bbox 218 3518 1733 3593; baseline 0.005 -23"><span class='ocrx_word' id='word_1_258' title='bbox 218 3518 322 3588; x_wconf 71' lang='grc' dir='ltr'><strong><em>λβν.</em></strong></span> <span class='ocrx_word' id='word_1_259' title='bbox 355 3521 443 3573; x_wconf 83' lang='grc' dir='ltr'><strong><em>Οὐ</em></strong></span> <span class='ocrx_word' id='word_1_260' title='bbox 465 3519 541 3573; x_wconf 76' lang='grc' dir='ltr'><strong><em>δι’</em></strong></span> <span class='ocrx_word' id='word_1_261' title='bbox 571 3521 726 3590; x_wconf 82' lang='grc' dir='ltr'><strong><em>ὑμᾶς</em></strong></span> <span class='ocrx_word' id='word_1_262' title='bbox 783 3523 898 3593; x_wconf 75' lang='grc' dir='ltr'><strong><em>ἐγὼ</em></strong></span> <span class='ocrx_word' id='word_1_263' title='bbox 947 3523 1113 3586; x_wconf 84' lang='grc' dir='ltr'>ποιῶ,</span> <span class='ocrx_word' id='word_1_264' title='bbox 1156 3521 1321 3589; x_wconf 77' lang='grc' dir='ltr'>οἶκος</span> <span class='ocrx_word' id='word_1_265' title='bbox 1369 3521 1618 3591; x_wconf 82' lang='grc' dir='ltr'>Ἰσραὴλ</span> <span class='ocrx_word' id='word_1_266' title='bbox 1668 3523 1733 3586; x_wconf 70' lang='grc'><strong><em>⁸⁸,</em></strong></span> 
     </span>
    </p>
   </div>
   <div class='ocr_carea' id='block_1_40' title="bbox 154 3609 1737 3686">
    <p class='ocr_par' dir='ltr' id='par_1_40' title="bbox 154 3609 1737 3686">
     <span class='ocr_line' id='line_1_40' title="bbox 154 3609 1737 3686; baseline 0.004 -25"><span class='ocrx_word' id='word_1_267' title='bbox 154 3609 315 3678; x_wconf 72' lang='grc' dir='ltr'>λέγει</span> <span class='ocrx_word' id='word_1_268' title='bbox 342 3612 594 3667; x_wconf 80' lang='grc' dir='ltr'><strong><em>’Δδωνατ</em></strong></span> <span class='ocrx_word' id='word_1_269' title='bbox 613 3617 825 3682; x_wconf 83' lang='grc' dir='ltr'>Κύριος</span> <span class='ocrx_word' id='word_1_270' title='bbox 844 3631 859 3645; x_wconf 89' lang='grc'><strong>·</strong></span> <span class='ocrx_word' id='word_1_271' title='bbox 899 3615 1169 3686; x_wconf 76' lang='grc' dir='ltr'><strong><em>γνωστὸν</em></strong></span> <span class='ocrx_word' id='word_1_272' title='bbox 1204 3614 1358 3667; x_wconf 78' lang='grc' dir='ltr'>ἔστω</span> <span class='ocrx_word' id='word_1_273' title='bbox 1391 3613 1546 3682; x_wconf 83' lang='grc' dir='ltr'>ὑμῖν,</span> <span class='ocrx_word' id='word_1_274' title='bbox 1574 3610 1737 3679; x_wconf 79' lang='grc' dir='ltr'>οἶκος</span> 
     </span>
    </p>
   </div>
   <div class='ocr_carea' id='block_1_41' title="bbox 166 3700 1736 3776">
    <p class='ocr_par' dir='ltr' id='par_1_41' title="bbox 166 3700 1736 3776">
     <span class='ocr_line' id='line_1_41' title="bbox 166 3700 1736 3776; baseline 0.002 -24"><span class='ocrx_word' id='word_1_275' title='bbox 166 3700 440 3768; x_wconf 77' lang='grc' dir='ltr'>Ἰσραήλ.</span> <span class='ocrx_word' id='word_1_276' title='bbox 481 3703 592 3774; x_wconf 77' lang='grc' dir='ltr'><strong><em>Οὐχ</em></strong></span> <span class='ocrx_word' id='word_1_277' title='bbox 615 3704 986 3776; x_wconf 73' lang='grc' dir='ltr'>ὑμεῖς,φησὶν,</span> <span class='ocrx_word' id='word_1_278' title='bbox 1018 3706 1157 3769; x_wconf 79' lang='grc' dir='ltr'>ἄξιοι</span> <span class='ocrx_word' id='word_1_279' title='bbox 1176 3702 1285 3756; x_wconf 88' lang='grc' dir='ltr'><strong><em>τῶν</em></strong></span> <span class='ocrx_word' id='word_1_280' title='bbox 1312 3703 1736 3773; x_wconf 78' lang='grc' dir='ltr'>ἐπηγγελμένων</span> 
     </span>
    </p>
   </div>
   <div class='ocr_carea' id='block_1_42' title="bbox 153 3790 1737 3868">
    <p class='ocr_par' dir='ltr' id='par_1_42' title="bbox 153 3790 1737 3868">
     <span class='ocr_line' id='line_1_42' title="bbox 153 3790 1737 3868; baseline 0.003 -27"><span class='ocrx_word' id='word_1_281' title='bbox 153 3791 399 3858; x_wconf 72' lang='grc' dir='ltr'>ἀγαθῶν,</span> <span class='ocrx_word' id='word_1_282' title='bbox 422 3794 537 3846; x_wconf 81' lang='grc' dir='ltr'><strong><em>ἀλλ’</em></strong></span> <span class='ocrx_word' id='word_1_283' title='bbox 568 3795 678 3862; x_wconf 78' lang='grc' dir='ltr'><strong><em>ἐγὼ</em></strong></span> <span class='ocrx_word' id='word_1_284' title='bbox 706 3799 773 3866; x_wconf 84' lang='grc' dir='ltr'>τῇ</span> <span class='ocrx_word' id='word_1_285' title='bbox 804 3800 909 3868; x_wconf 79' lang='grc' dir='ltr'>ἐμῇ</span> <span class='ocrx_word' id='word_1_286' title='bbox 937 3797 1092 3865; x_wconf 80' lang='grc' dir='ltr'>φύσει</span> <span class='ocrx_word' id='word_1_287' title='bbox 1123 3795 1397 3866; x_wconf 80' lang='grc' dir='ltr'>πρέποντα</span> <span class='ocrx_word' id='word_1_288' title='bbox 1424 3795 1581 3848; x_wconf 84' lang='grc' dir='ltr'>ποιῶ.</span> <span class='ocrx_word' id='word_1_289' title='bbox 1606 3790 1737 3848; x_wconf 84' lang='grc' dir='ltr'>Εἶτα</span> 
     </span>
    </p>
   </div>
   <div class='ocr_carea' id='block_1_43' title="bbox 159 3884 1733 3957">
    <p class='ocr_par' dir='ltr' id='par_1_43' title="bbox 159 3884 1733 3957">
     <span class='ocr_line' id='line_1_43' title="bbox 159 3884 1733 3957; baseline 0.004 -24"><span class='ocrx_word' id='word_1_290' title='bbox 159 3884 566 3952; x_wconf 72' lang='grc' dir='ltr'>παραινετικῶς</span> <span class='ocrx_word' id='word_1_291' title='bbox 599 3886 734 3955; x_wconf 78' lang='grc' dir='ltr'>ὁμοῦ</span> <span class='ocrx_word' id='word_1_292' title='bbox 770 3890 866 3940; x_wconf 76' lang='grc' dir='ltr'><strong><em>καὶ</em></strong></span> <span class='ocrx_word' id='word_1_293' title='bbox 888 3887 1259 3957; x_wconf 83' lang='grc' dir='ltr'>ὲντρεπτικῶς</span> <span class='ocrx_word' id='word_1_294' title='bbox 1283 3903 1296 3917; x_wconf 82' lang='grc'><em>’</em></span> <span class='ocrx_word' id='word_1_295' title='bbox 1326 3905 1343 3937; x_wconf 81' lang='lat' dir='ltr'><strong><em>t</em></strong></span> <span class='ocrx_word' id='word_1_296' title='bbox 1377 3885 1733 3955; x_wconf 82' lang='grc' dir='ltr'>Αἰσχύνθητε,</span> 
     </span>
    </p>
   </div>
   <div class='ocr_carea' id='block_1_44' title="bbox 155 3972 1730 4049">
    <p class='ocr_par' dir='ltr' id='par_1_44' title="bbox 155 3972 1730 4049">
     <span class='ocr_line' id='line_1_44' title="bbox 155 3972 1730 4049; baseline 0.001 -23"><span class='ocrx_word' id='word_1_297' title='bbox 155 3975 576 4047; x_wconf 59' lang='grc' dir='ltr'>ηὶὲπράπητε</span> <span class='ocrx_word' id='word_1_298' title='bbox 605 3980 671 4031; x_wconf 80' lang='grc' dir='ltr'>ἐκ</span> <span class='ocrx_word' id='word_1_299' title='bbox 709 3980 818 4033; x_wconf 85' lang='grc' dir='ltr'><strong><em>τῶν</em></strong></span> <span class='ocrx_word' id='word_1_300' title='bbox 850 3979 985 4033; x_wconf 85' lang='grc' dir='ltr'>ὁδῶν</span> <span class='ocrx_word' id='word_1_301' title='bbox 1024 3978 1197 4049; x_wconf 73' lang='grc' dir='ltr'>ὑμῶν,</span> <span class='ocrx_word' id='word_1_302' title='bbox 1243 3972 1391 4040; x_wconf 78' lang='grc' dir='ltr'>οἶκος</span> <span class='ocrx_word' id='word_1_303' title='bbox 1432 3976 1667 4047; x_wconf 81' lang='grc' dir='ltr'>Ἰσραήλ.</span> <span class='ocrx_word' id='word_1_304' title='bbox 1712 3995 1730 4027; x_wconf 73' lang='grc' dir='ltr'><strong><em>ι</em></strong></span> 
     </span>
    </p>
   </div>
   <div class='ocr_carea' id='block_1_45' title="bbox 154 4064 1736 4139">
    <p class='ocr_par' dir='ltr' id='par_1_45' title="bbox 154 4064 1736 4139">
     <span class='ocr_line' id='line_1_45' title="bbox 154 4064 1736 4139; baseline 0.001 -23"><span class='ocrx_word' id='word_1_305' title='bbox 154 4064 243 4133; x_wconf 78' lang='grc' dir='ltr'><strong><em>Μὴ</em></strong></span> <span class='ocrx_word' id='word_1_306' title='bbox 273 4064 623 4135; x_wconf 72' lang='grc' dir='ltr'>ἀναλγήτως,</span> <span class='ocrx_word' id='word_1_307' title='bbox 651 4069 806 4137; x_wconf 77' lang='grc' dir='ltr'>φησὶ,</span> <span class='ocrx_word' id='word_1_308' title='bbox 874 4069 1010 4139; x_wconf 79' lang='grc' dir='ltr'>μηδὲ</span> <span class='ocrx_word' id='word_1_309' title='bbox 1055 4067 1396 4138; x_wconf 82' lang='grc' dir='ltr'>ἀναισθήτως</span> <span class='ocrx_word' id='word_1_310' title='bbox 1424 4066 1618 4136; x_wconf 80' lang='grc' dir='ltr'>φέρετε</span> <span class='ocrx_word' id='word_1_311' title='bbox 1639 4066 1736 4129; x_wconf 75' lang='grc' dir='ltr'><strong><em>τὰς</em></strong></span> 
     </span>
    </p>
   </div>
   <div class='ocr_carea' id='block_1_46' title="bbox 156 4154 1736 4231">
    <p class='ocr_par' dir='ltr' id='par_1_46' title="bbox 156 4154 1736 4231">
     <span class='ocr_line' id='line_1_46' title="bbox 156 4154 1736 4231; baseline 0.001 -25"><span class='ocrx_word' id='word_1_312' title='bbox 156 4154 511 4218; x_wconf 76' lang='grc' dir='ltr'>παντοδαπὰς</span> <span class='ocrx_word' id='word_1_313' title='bbox 535 4157 688 4227; x_wconf 81' lang='grc' dir='ltr'>ὑμῶν</span> <span class='ocrx_word' id='word_1_314' title='bbox 711 4160 980 4231; x_wconf 84' lang='grc' dir='ltr'>τιμωρίας</span> <span class='ocrx_word' id='word_1_315' title='bbox 1007 4174 1022 4188; x_wconf 84' lang='lat'><strong><em>°</em></strong></span> <span class='ocrx_word' id='word_1_316' title='bbox 1058 4159 1173 4213; x_wconf 84' lang='grc' dir='ltr'><em>ἀλλ’</em></span> <span class='ocrx_word' id='word_1_317' title='bbox 1198 4158 1297 4223; x_wconf 72' lang='grc' dir='ltr'><strong><em>ὀψὲ</em></strong></span> <span class='ocrx_word' id='word_1_318' title='bbox 1329 4157 1460 4225; x_wconf 77' lang='grc' dir='ltr'>γοῦν</span> <span class='ocrx_word' id='word_1_319' title='bbox 1494 4174 1624 4209; x_wconf 87' lang='grc' dir='ltr'>ποτε</span> <span class='ocrx_word' id='word_1_320' title='bbox 1657 4157 1736 4219; x_wconf 84' lang='grc' dir='ltr'><strong><em>εἰς</em></strong></span> 
     </span>
    </p>
   </div>
   <div class='ocr_carea' id='block_1_47' title="bbox 155 4244 1736 4320">
    <p class='ocr_par' dir='ltr' id='par_1_47' title="bbox 155 4244 1736 4320">
     <span class='ocr_line' id='line_1_47' title="bbox 155 4244 1736 4320; baseline 0 -23"><span class='ocrx_word' id='word_1_321' title='bbox 155 4244 281 4297; x_wconf 80' lang='grc' dir='ltr'>νοῦν</span> <span class='ocrx_word' id='word_1_322' title='bbox 305 4245 566 4310; x_wconf 76' lang='grc' dir='ltr'>λαϐόντες</span> <span class='ocrx_word' id='word_1_323' title='bbox 630 4248 740 4301; x_wconf 87' lang='grc' dir='ltr'><strong><em>τῶν</em></strong></span> <span class='ocrx_word' id='word_1_324' title='bbox 788 4250 1074 4320; x_wconf 81' lang='grc' dir='ltr'>ὑμετέρων</span> <span class='ocrx_word' id='word_1_325' title='bbox 1127 4246 1575 4317; x_wconf 80' lang='grc' dir='ltr'>ἐπιτηδευμάτων</span> <span class='ocrx_word' id='word_1_326' title='bbox 1637 4245 1736 4316; x_wconf 79' lang='grc' dir='ltr'>τὴν</span> 
     </span>
    </p>
   </div>
   <div class='ocr_carea' id='block_1_48' title="bbox 157 4336 1593 4411">
    <p class='ocr_par' dir='ltr' id='par_1_48' title="bbox 157 4336 1593 4411">
     <span class='ocr_line' id='line_1_48' title="bbox 157 4336 1593 4411; baseline 0.002 -25"><span class='ocrx_word' id='word_1_327' title='bbox 157 4336 453 4405; x_wconf 80' lang='grc' dir='ltr'>πονηρίαν,</span> <span class='ocrx_word' id='word_1_328' title='bbox 488 4338 582 4390; x_wconf 73' lang='grc' dir='ltr'><strong><em>ἐπὶ</em></strong></span> <span class='ocrx_word' id='word_1_329' title='bbox 617 4341 729 4402; x_wconf 88' lang='grc' dir='ltr'>τοῖς</span> <span class='ocrx_word' id='word_1_330' title='bbox 762 4340 1188 4411; x_wconf 81' lang='grc' dir='ltr'>τετολμημένοις</span> <span class='ocrx_word' id='word_1_331' title='bbox 1214 4339 1593 4411; x_wconf 85' lang='grc' dir='ltr'>ὲρυθριάσατε.</span> 
     </span>
    </p>
   </div>
   <div class='ocr_carea' id='block_1_49' title="bbox 222 4506 1738 4583">
    <p class='ocr_par' dir='ltr' id='par_1_49' title="bbox 222 4506 1738 4583">
     <span class='ocr_line' id='line_1_49' title="bbox 222 4506 1738 4583; baseline -0.009 -14"><span class='ocrx_word' id='word_1_332' title='bbox 222 4516 327 4583; x_wconf 82' lang='grc' dir='ltr'><strong><em>λγ’,</em></strong></span> <span class='ocrx_word' id='word_1_333' title='bbox 359 4512 455 4568; x_wconf 84' lang='grc' dir='ltr'>λδ’.</span> <span class='ocrx_word' id='word_1_334' title='bbox 496 4514 842 4583; x_wconf 73' lang='grc' dir='ltr'><strong><em>Τάδελέγει</em></strong></span> <span class='ocrx_word' id='word_1_335' title='bbox 885 4516 1138 4571; x_wconf 78' lang='grc' dir='ltr'><em>Ἀδωνατ</em></span> <span class='ocrx_word' id='word_1_336' title='bbox 1181 4518 1431 4583; x_wconf 77' lang='grc' dir='ltr'>Κύριοςο</span> <span class='ocrx_word' id='word_1_337' title='bbox 1474 4515 1569 4566; x_wconf 78' lang='grc' dir='ltr'><strong><em>Ἐν·</em></strong></span> <span class='ocrx_word' id='word_1_338' title='bbox 1603 4506 1643 4583; x_wconf 82' lang='grc' dir='ltr'><strong><em>ᾖ</em></strong></span> <span class='ocrx_word' id='word_1_339' title='bbox 1693 4511 1738 4543; x_wconf 78' lang='grc'><strong><em>⁸⁸</em></strong></span> 
     </span>
    </p>
   </div>
   <div class='ocr_carea' id='block_1_50' title="bbox 154 4604 1744 4678">
    <p class='ocr_par' dir='ltr' id='par_1_50' title="bbox 154 4604 1744 4678">
     <span class='ocr_line' id='line_1_50' title="bbox 154 4604 1744 4678; baseline -0.003 -19"><span class='ocrx_word' id='word_1_340' title='bbox 154 4605 230 4659; x_wconf 82' lang='grc' dir='ltr'>ἂν</span> <span class='ocrx_word' id='word_1_341' title='bbox 258 4606 463 4674; x_wconf 75' lang='grc' dir='ltr'>ἡμέρᾳ</span> <span class='ocrx_word' id='word_1_342' title='bbox 515 4609 816 4675; x_wconf 81' lang='grc' dir='ltr'>καθαρίσω</span> <span class='ocrx_word' id='word_1_343' title='bbox 879 4607 1038 4678; x_wconf 82' lang='grc' dir='ltr'><strong><em>ὑμᾶς</em></strong></span> <span class='ocrx_word' id='word_1_344' title='bbox 1107 4609 1224 4663; x_wconf 82' lang='grc' dir='ltr'><strong><em>ἀπὸ</em></strong></span> <span class='ocrx_word' id='word_1_345' title='bbox 1262 4609 1308 4639; x_wconf 76' lang='grc'><strong><em>⁸⁵</em></strong></span> <span class='ocrx_word' id='word_1_346' title='bbox 1364 4604 1579 4659; x_wconf 85' lang='grc' dir='ltr'><em>πασῶν</em></span> <span class='ocrx_word' id='word_1_347' title='bbox 1625 4604 1744 4657; x_wconf 84' lang='grc' dir='ltr'>τῶν</span> 
     </span>
    </p>
   </div>
   <div class='ocr_carea' id='block_1_51' title="bbox 154 4694 1745 4766">
    <p class='ocr_par' dir='ltr' id='par_1_51' title="bbox 154 4694 1745 4766">
     <span class='ocr_line' id='line_1_51' title="bbox 154 4694 1745 4766; baseline -0.004 -16"><span class='ocrx_word' id='word_1_348' title='bbox 154 4695 426 4766; x_wconf 78' lang='grc' dir='ltr'>ἀνομιῶν</span> <span class='ocrx_word' id='word_1_349' title='bbox 454 4697 641 4765; x_wconf 78' lang='grc' dir='ltr'>ὑμῶν,</span> <span class='ocrx_word' id='word_1_350' title='bbox 671 4700 769 4753; x_wconf 82' lang='grc' dir='ltr'><strong><em>καὶ</em></strong></span> <span class='ocrx_word' id='word_1_351' title='bbox 824 4699 1099 4753; x_wconf 65' lang='lat' dir='ltr'><strong><em>amoma?)</em></strong></span> <span class='ocrx_word' id='word_1_352' title='bbox 1127 4699 1230 4765; x_wconf 79' lang='grc' dir='ltr'><strong><em>τὰς</em></strong></span> <span class='ocrx_word' id='word_1_353' title='bbox 1276 4698 1506 4759; x_wconf 77' lang='grc' dir='ltr'>πόλεις,</span> <span class='ocrx_word' id='word_1_354' title='bbox 1536 4694 1634 4746; x_wconf 78' lang='grc' dir='ltr'><strong><em>καὶ</em></strong></span> <span class='ocrx_word' id='word_1_355' title='bbox 1664 4696 1745 4745; x_wconf 80' lang='grc' dir='ltr'><strong><em>οὶ·-</em></strong></span> 
     </span>
    </p>
   </div>
   <div class='ocr_carea' id='block_1_52' title="bbox 1831 510 3402 568">
    <p class='ocr_par' dir='ltr' id='par_1_52' title="bbox 1831 510 3402 568">
     <span class='ocr_line' id='line_1_52' title="bbox 1831 510 3402 568; baseline 0.003 -7"><span class='ocrx_word' id='word_1_356' title='bbox 1831 510 1997 563; x_wconf 80' lang='lat' dir='ltr'><strong><em>tribus</em></strong></span> <span class='ocrx_word' id='word_1_357' title='bbox 2031 512 2236 565; x_wconf 71' lang='lat' dir='ltr'><strong><em>restria.</em></strong></span> <span class='ocrx_word' id='word_1_358' title='bbox 2272 511 2484 566; x_wconf 80' lang='lat' dir='ltr'><strong><em>Rursus</em></strong></span> <span class='ocrx_word' id='word_1_359' title='bbox 2510 513 2575 565; x_wconf 85' lang='lat' dir='ltr'><strong><em>ad</em></strong></span> <span class='ocrx_word' id='word_1_360' title='bbox 2622 527 2969 567; x_wconf 90' lang='lat' dir='ltr'><strong><em>communem</em></strong></span> <span class='ocrx_word' id='word_1_361' title='bbox 3012 513 3148 568; x_wconf 88' lang='lat' dir='ltr'><strong><em>redit</em></strong></span> <span class='ocrx_word' id='word_1_362' title='bbox 3194 514 3402 567; x_wconf 87' lang='lat' dir='ltr'><strong><em>oratio-</em></strong></span> 
     </span>
    </p>
   </div>
   <div class='ocr_carea' id='block_1_53' title="bbox 1830 601 3400 673">
    <p class='ocr_par' dir='ltr' id='par_1_53' title="bbox 1830 601 3400 673">
     <span class='ocr_line' id='line_1_53' title="bbox 1830 601 3400 673; baseline 0.002 -22"><span class='ocrx_word' id='word_1_363' title='bbox 1830 614 1975 660; x_wconf 82' lang='lat' dir='ltr'><strong>nem,</strong></span> <span class='ocrx_word' id='word_1_364' title='bbox 2029 616 2190 670; x_wconf 82' lang='lat' dir='ltr'><strong><em>quam</em></strong></span> <span class='ocrx_word' id='word_1_365' title='bbox 2236 617 2265 654; x_wconf 90' lang='lat' dir='ltr'><strong><em>a</em></strong></span> <span class='ocrx_word' id='word_1_366' title='bbox 2317 601 2700 670; x_wconf 86' lang='lat' dir='ltr'><strong><em>spiritualibus</em></strong></span> <span class='ocrx_word' id='word_1_367' title='bbox 2746 603 2811 657; x_wconf 87' lang='lat' dir='ltr'><strong><em>ad</em></strong></span> <span class='ocrx_word' id='word_1_368' title='bbox 2857 619 2943 665; x_wconf 83' lang='lat' dir='ltr'><strong><em>ca,</em></strong></span> <span class='ocrx_word' id='word_1_369' title='bbox 2990 618 3110 673; x_wconf 68' lang='lat' dir='ltr'><strong>qua:</strong></span> <span class='ocrx_word' id='word_1_370' title='bbox 3148 603 3400 673; x_wconf 87' lang='lat' dir='ltr'><strong><em>corporis</em></strong></span> 
     </span>
    </p>
   </div>
   <div class='ocr_carea' id='block_1_54' title="bbox 1830 696 2297 756">
    <p class='ocr_par' dir='ltr' id='par_1_54' title="bbox 1830 696 2297 756">
     <span class='ocr_line' id='line_1_54' title="bbox 1830 696 2297 756; baseline 0.009 -11"><span class='ocrx_word' id='word_1_371' title='bbox 1830 702 1980 756; x_wconf 91' lang='lat' dir='ltr'><strong><em>sunt,</em></strong></span> <span class='ocrx_word' id='word_1_372' title='bbox 2016 696 2297 749; x_wconf 72' lang='lat' dir='ltr'><strong><em>transfert.</em></strong></span> 
     </span>
    </p>
   </div>
   <div class='ocr_carea' id='block_1_55' title="bbox 1902 782 3395 855">
    <p class='ocr_par' dir='ltr' id='par_1_55' title="bbox 1902 782 3395 855">
     <span class='ocr_line' id='line_1_55' title="bbox 1902 782 3395 855; baseline 0.003 -21"><span class='ocrx_word' id='word_1_373' title='bbox 1902 782 1971 835; x_wconf 82' lang='lat' dir='ltr'><strong><em>Et</em></strong></span> <span class='ocrx_word' id='word_1_374' title='bbox 2017 786 2164 837; x_wconf 86' lang='lat' dir='ltr'><strong><em>eritis</em></strong></span> <span class='ocrx_word' id='word_1_375' title='bbox 2215 785 2344 838; x_wconf 80' lang='lat' dir='ltr'><strong><em>mihi</em></strong></span> <span class='ocrx_word' id='word_1_376' title='bbox 2385 787 2630 853; x_wconf 84' lang='lat' dir='ltr'><strong><em>populus,</em></strong></span> <span class='ocrx_word' id='word_1_377' title='bbox 2675 796 2721 838; x_wconf 83' lang='lat' dir='ltr'><strong><em>et</em></strong></span> <span class='ocrx_word' id='word_1_378' title='bbox 2773 802 2863 855; x_wconf 77' lang='lat' dir='ltr'><strong><em>ego</em></strong></span> <span class='ocrx_word' id='word_1_379' title='bbox 2912 802 3001 839; x_wconf 85' lang='lat' dir='ltr'><strong><em>ero</em></strong></span> <span class='ocrx_word' id='word_1_380' title='bbox 3051 786 3192 839; x_wconf 79' lang='lat' dir='ltr'><strong><em>vobis</em></strong></span> <span class='ocrx_word' id='word_1_381' title='bbox 3233 784 3395 847; x_wconf 82' lang='lat' dir='ltr'><strong><em>Deus,</em></strong></span> 
     </span>
    </p>
   </div>
   <div class='ocr_carea' id='block_1_56' title="bbox 1830 872 3400 945">
    <p class='ocr_par' dir='ltr' id='par_1_56' title="bbox 1830 872 3400 945">
     <span class='ocr_line' id='line_1_56' title="bbox 1830 872 3400 945; baseline 0.001 -20"><span class='ocrx_word' id='word_1_382' title='bbox 1830 872 2020 942; x_wconf 70' lang='lat' dir='ltr'><strong><em>(Vsus.</em></strong></span> <span class='ocrx_word' id='word_1_383' title='bbox 2055 875 2146 939; x_wconf 69' lang='lat'><strong><em>29,</em></strong></span> <span class='ocrx_word' id='word_1_384' title='bbox 2178 876 2292 945; x_wconf 73' lang='grc' dir='ltr'>δυ.)</span> <span class='ocrx_word' id='word_1_385' title='bbox 2328 875 2393 928; x_wconf 82' lang='grc' dir='ltr'>Ει</span> <span class='ocrx_word' id='word_1_386' title='bbox 2428 876 2587 945; x_wconf 79' lang='lat'><strong><em>991</em></strong></span> <span class='ocrx_word' id='word_1_387' title='bbox 2638 878 2897 930; x_wconf 80' lang='lat' dir='ltr'><strong><em>mandabo</em></strong></span> <span class='ocrx_word' id='word_1_388' title='bbox 2935 894 3022 931; x_wconf 82' lang='lat' dir='ltr'><strong><em>vos</em></strong></span> <span class='ocrx_word' id='word_1_389' title='bbox 3062 880 3128 930; x_wconf 88' lang='lat' dir='ltr'><strong><em>ab</em></strong></span> <span class='ocrx_word' id='word_1_390' title='bbox 3155 876 3400 930; x_wconf 77' lang='lat' dir='ltr'><strong><em>omnibus</em></strong></span> 
     </span>
    </p>
   </div>
   <div class='ocr_carea' id='block_1_57' title="bbox 1826 964 3400 1037">
    <p class='ocr_par' dir='ltr' id='par_1_57' title="bbox 1826 964 3400 1037">
     <span class='ocr_line' id='line_1_57' title="bbox 1826 964 3400 1037; baseline 0.003 -23"><span class='ocrx_word' id='word_1_391' title='bbox 1826 964 2050 1026; x_wconf 77' lang='lat' dir='ltr'><strong><em>peccatis</em></strong></span> <span class='ocrx_word' id='word_1_392' title='bbox 2073 966 2279 1029; x_wconf 79' lang='lat' dir='ltr'><strong><em>vestris,</em></strong></span> <span class='ocrx_word' id='word_1_393' title='bbox 2300 976 2348 1020; x_wconf 85' lang='lat' dir='ltr'><strong><em>et</em></strong></span> <span class='ocrx_word' id='word_1_394' title='bbox 2378 968 2567 1020; x_wconf 80' lang='lat' dir='ltr'><strong><em>vocabo</em></strong></span> <span class='ocrx_word' id='word_1_395' title='bbox 2593 967 2937 1037; x_wconf 74' lang='lat' dir='ltr'><strong><em>frumentum,</em></strong></span> <span class='ocrx_word' id='word_1_396' title='bbox 2957 977 3005 1020; x_wconf 89' lang='lat' dir='ltr'><strong><em>et</em></strong></span> <span class='ocrx_word' id='word_1_397' title='bbox 3040 967 3400 1032; x_wconf 79' lang='lat' dir='ltr'><strong><em>multiplicabo</em></strong></span> 
     </span>
    </p>
   </div>
   <div class='ocr_carea' id='block_1_58' title="bbox 1829 1053 3483 1139">
    <p class='ocr_par' dir='ltr' id='par_1_58' title="bbox 1829 1053 3483 1139">
     <span class='ocr_line' id='line_1_58' title="bbox 1829 1053 3483 1139; baseline 0.003 -34"><span class='ocrx_word' id='word_1_398' title='bbox 1829 1053 2022 1121; x_wconf 87' lang='lat' dir='ltr'><strong><em>ipsum,</em></strong></span> <span class='ocrx_word' id='word_1_399' title='bbox 2056 1064 2103 1107; x_wconf 82' lang='lat' dir='ltr'><strong><em>et</em></strong></span> <span class='ocrx_word' id='word_1_400' title='bbox 2135 1072 2236 1109; x_wconf 88' lang='lat' dir='ltr'><strong><em>non</em></strong></span> <span class='ocrx_word' id='word_1_401' title='bbox 2260 1056 2395 1111; x_wconf 85' lang='lat' dir='ltr'><strong><em>dabo</em></strong></span> <span class='ocrx_word' id='word_1_402' title='bbox 2422 1074 2579 1127; x_wconf 79' lang='lat' dir='ltr'><strong><em>super</em></strong></span> <span class='ocrx_word' id='word_1_403' title='bbox 2602 1074 2687 1111; x_wconf 87' lang='lat' dir='ltr'><strong><em>vos</em></strong></span> <span class='ocrx_word' id='word_1_404' title='bbox 2706 1058 2919 1126; x_wconf 77' lang='lat' dir='ltr'><strong><em>famem.</em></strong></span> <span class='ocrx_word' id='word_1_405' title='bbox 2953 1057 3011 1109; x_wconf 83' lang='lat' dir='ltr'><strong><em>Et</em></strong></span> <span class='ocrx_word' id='word_1_406' title='bbox 3038 1057 3400 1126; x_wconf 79' lang='lat' dir='ltr'><strong><em>multiplicabo</em></strong></span> <span class='ocrx_word' id='word_1_407' title='bbox 3470 1128 3483 1139; x_wconf 21' lang='grc' dir='ltr'>κ</span> 
     </span>
    </p>
   </div>
   <div class='ocr_carea' id='block_1_59' title="bbox 1828 1147 3400 1220">
    <p class='ocr_par' dir='ltr' id='par_1_59' title="bbox 1828 1147 3400 1220">
     <span class='ocr_line' id='line_1_59' title="bbox 1828 1147 3400 1220; baseline 0.003 -22"><span class='ocrx_word' id='word_1_408' title='bbox 1828 1147 2058 1213; x_wconf 76' lang='lat' dir='ltr'><strong><em>fructum</em></strong></span> <span class='ocrx_word' id='word_1_409' title='bbox 2092 1149 2240 1217; x_wconf 82' lang='lat' dir='ltr'><strong><em>ligni,</em></strong></span> <span class='ocrx_word' id='word_1_410' title='bbox 2277 1158 2326 1202; x_wconf 87' lang='lat' dir='ltr'><strong><em>et</em></strong></span> <span class='ocrx_word' id='word_1_411' title='bbox 2377 1151 2615 1220; x_wconf 84' lang='lat' dir='ltr'><strong><em>germina</em></strong></span> <span class='ocrx_word' id='word_1_412' title='bbox 2659 1150 2804 1219; x_wconf 85' lang='lat' dir='ltr'><strong><em>agri,</em></strong></span> <span class='ocrx_word' id='word_1_413' title='bbox 2851 1167 2912 1203; x_wconf 85' lang='lat' dir='ltr'><strong><em>ne</em></strong></span> <span class='ocrx_word' id='word_1_414' title='bbox 2950 1152 3137 1219; x_wconf 80' lang='lat' dir='ltr'><strong><em>feratis</em></strong></span> <span class='ocrx_word' id='word_1_415' title='bbox 3172 1149 3400 1219; x_wconf 85' lang='lat' dir='ltr'><strong><em>amplius</em></strong></span> 
     </span>
    </p>
   </div>
   <div class='ocr_carea' id='block_1_60' title="bbox 1831 1241 3402 1313">
    <p class='ocr_par' dir='ltr' id='par_1_60' title="bbox 1831 1241 3402 1313">
     <span class='ocr_line' id='line_1_60' title="bbox 1831 1241 3402 1313; baseline 0.004 -22"><span class='ocrx_word' id='word_1_416' title='bbox 1831 1241 2164 1307; x_wconf 84' lang='lat' dir='ltr'><strong><em>opprobrium</em></strong></span> <span class='ocrx_word' id='word_1_417' title='bbox 2196 1242 2356 1309; x_wconf 80' lang='lat' dir='ltr'><strong><em>{amis</em></strong></span> <span class='ocrx_word' id='word_1_418' title='bbox 2383 1243 2434 1294; x_wconf 87' lang='lat' dir='ltr'><strong><em>in</em></strong></span> <span class='ocrx_word' id='word_1_419' title='bbox 2457 1242 2712 1311; x_wconf 79' lang='lat' dir='ltr'><strong><em>gentibus.</em></strong></span> <span class='ocrx_word' id='word_1_420' title='bbox 2751 1241 2883 1297; x_wconf 75' lang='lat' dir='ltr'><strong><em>Novi</em></strong></span> <span class='ocrx_word' id='word_1_421' title='bbox 2927 1245 3168 1313; x_wconf 85' lang='lat' dir='ltr'><strong><em>quidem,</em></strong></span> <span class='ocrx_word' id='word_1_422' title='bbox 3203 1258 3402 1298; x_wconf 85' lang='lat' dir='ltr'><strong>unum-</strong></span> 
     </span>
    </p>
   </div>
   <div class='ocr_carea' id='block_1_61' title="bbox 1829 1331 3401 1405">
    <p class='ocr_par' dir='ltr' id='par_1_61' title="bbox 1829 1331 3401 1405">
     <span class='ocr_line' id='line_1_61' title="bbox 1829 1331 3401 1405; baseline 0.004 -22"><span class='ocrx_word' id='word_1_423' title='bbox 1829 1331 2086 1400; x_wconf 79' lang='lat' dir='ltr'><strong><em>quodque</em></strong></span> <span class='ocrx_word' id='word_1_424' title='bbox 2124 1332 2318 1386; x_wconf 88' lang='lat' dir='ltr'><strong><em>horum</em></strong></span> <span class='ocrx_word' id='word_1_425' title='bbox 2350 1334 2512 1388; x_wconf 86' lang='lat' dir='ltr'><strong>etiam</strong></span> <span class='ocrx_word' id='word_1_426' title='bbox 2569 1335 2872 1389; x_wconf 79' lang='lat' dir='ltr'><strong><em>secundum</em></strong></span> <span class='ocrx_word' id='word_1_427' title='bbox 2921 1335 3186 1405; x_wconf 76' lang='lat' dir='ltr'><strong><em>Spiritum</em></strong></span> <span class='ocrx_word' id='word_1_428' title='bbox 3222 1336 3401 1405; x_wconf 80' lang='lat' dir='ltr'><strong><em>accipi</em></strong></span> 
     </span>
    </p>
   </div>
   <div class='ocr_carea' id='block_1_62' title="bbox 1828 1425 3399 1496">
    <p class='ocr_par' dir='ltr' id='par_1_62' title="bbox 1828 1425 3399 1496">
     <span class='ocr_line' id='line_1_62' title="bbox 1828 1425 3399 1496; baseline 0.001 -20"><span class='ocrx_word' id='word_1_429' title='bbox 1828 1438 1992 1492; x_wconf 87' lang='lat' dir='ltr'><strong><em>posse</em></strong></span> <span class='ocrx_word' id='word_1_430' title='bbox 2030 1440 2045 1477; x_wconf 87' lang='lat'><strong>:</strong></span> <span class='ocrx_word' id='word_1_431' title='bbox 2107 1429 2344 1479; x_wconf 80' lang='lat' dir='ltr'><strong><em>attamen</em></strong></span> <span class='ocrx_word' id='word_1_432' title='bbox 2382 1425 2638 1481; x_wconf 80' lang='lat' dir='ltr'><strong><em>existimo</em></strong></span> <span class='ocrx_word' id='word_1_433' title='bbox 2678 1426 3058 1496; x_wconf 79' lang='lat' dir='ltr'><strong><em>propheticum</em></strong></span> <span class='ocrx_word' id='word_1_434' title='bbox 3093 1427 3399 1481; x_wconf 87' lang='lat' dir='ltr'><strong><em>orationem</em></strong></span> 
     </span>
    </p>
   </div>
   <div class='ocr_carea' id='block_1_63' title="bbox 1829 1516 3403 1588">
    <p class='ocr_par' dir='ltr' id='par_1_63' title="bbox 1829 1516 3403 1588">
     <span class='ocr_line' id='line_1_63' title="bbox 1829 1516 3403 1588; baseline 0.001 -19"><span class='ocrx_word' id='word_1_435' title='bbox 1829 1529 1892 1569; x_wconf 85' lang='lat' dir='ltr'><strong><em>ea</em></strong></span> <span class='ocrx_word' id='word_1_436' title='bbox 1926 1530 2049 1584; x_wconf 65' lang='lat' dir='ltr'><strong><em>quae</em></strong></span> <span class='ocrx_word' id='word_1_437' title='bbox 2073 1516 2325 1586; x_wconf 81' lang='lat' dir='ltr'><strong><em>corporis</em></strong></span> <span class='ocrx_word' id='word_1_438' title='bbox 2356 1524 2507 1580; x_wconf 89' lang='lat' dir='ltr'><strong><em>sunt,</em></strong></span> <span class='ocrx_word' id='word_1_439' title='bbox 2544 1516 2748 1573; x_wconf 61' lang='lat' dir='ltr'><strong><em>Iudaeis</em></strong></span> <span class='ocrx_word' id='word_1_440' title='bbox 2782 1533 2929 1572; x_wconf 89' lang='lat' dir='ltr'><strong><em>nunc</em></strong></span> <span class='ocrx_word' id='word_1_441' title='bbox 2968 1519 3234 1588; x_wconf 84' lang='lat' dir='ltr'><strong><em>polliceri.</em></strong></span> <span class='ocrx_word' id='word_1_442' title='bbox 3262 1516 3403 1572; x_wconf 89' lang='lat' dir='ltr'><strong><em>Cum</em></strong></span> 
     </span>
    </p>
   </div>
   <div class='ocr_carea' id='block_1_64' title="bbox 1832 1606 3404 1679">
    <p class='ocr_par' dir='ltr' id='par_1_64' title="bbox 1832 1606 3404 1679">
     <span class='ocr_line' id='line_1_64' title="bbox 1832 1606 3404 1679; baseline 0.003 -19"><span class='ocrx_word' id='word_1_443' title='bbox 1832 1606 1977 1661; x_wconf 90' lang='lat' dir='ltr'><strong><em>enim</em></strong></span> <span class='ocrx_word' id='word_1_444' title='bbox 2005 1607 2180 1660; x_wconf 90' lang='lat' dir='ltr'><strong>multa</strong></span> <span class='ocrx_word' id='word_1_445' title='bbox 2220 1607 2464 1662; x_wconf 88' lang='lat' dir='ltr'><strong><em>solitudo</em></strong></span> <span class='ocrx_word' id='word_1_446' title='bbox 2502 1616 2705 1663; x_wconf 87' lang='lat' dir='ltr'><strong><em>terram</em></strong></span> <span class='ocrx_word' id='word_1_447' title='bbox 2732 1624 2799 1663; x_wconf 90' lang='lat' dir='ltr'><strong><em>eo</em></strong></span> <span class='ocrx_word' id='word_1_448' title='bbox 2844 1619 3095 1679; x_wconf 86' lang='lat' dir='ltr'><strong><em>tempore</em></strong></span> <span class='ocrx_word' id='word_1_449' title='bbox 3136 1624 3404 1679; x_wconf 82' lang='lat' dir='ltr'><strong><em>occupas-</em></strong></span> 
     </span>
    </p>
   </div>
   <div class='ocr_carea' id='block_1_65' title="bbox 1835 1697 3402 1768">
    <p class='ocr_par' dir='ltr' id='par_1_65' title="bbox 1835 1697 3402 1768">
     <span class='ocr_line' id='line_1_65' title="bbox 1835 1697 3402 1768; baseline 0.001 -17"><span class='ocrx_word' id='word_1_450' title='bbox 1835 1707 1937 1758; x_wconf 88' lang='lat' dir='ltr'><strong><em>set,</em></strong></span> <span class='ocrx_word' id='word_1_451' title='bbox 1974 1697 2262 1765; x_wconf 76' lang='lat' dir='ltr'><strong><em>pollicetur</em></strong></span> <span class='ocrx_word' id='word_1_452' title='bbox 2294 1697 2427 1767; x_wconf 85' lang='lat' dir='ltr'><strong><em>ipsis</em></strong></span> <span class='ocrx_word' id='word_1_453' title='bbox 2458 1698 2636 1752; x_wconf 90' lang='lat' dir='ltr'><strong><em>omnis</em></strong></span> <span class='ocrx_word' id='word_1_454' title='bbox 2667 1700 2881 1768; x_wconf 78' lang='lat' dir='ltr'><strong><em>generis</em></strong></span> <span class='ocrx_word' id='word_1_455' title='bbox 2915 1700 3190 1753; x_wconf 82' lang='lat' dir='ltr'><strong><em>fructuum</em></strong></span> <span class='ocrx_word' id='word_1_456' title='bbox 3233 1701 3402 1753; x_wconf 82' lang='lat' dir='ltr'><strong><em>abun-</em></strong></span> 
     </span>
    </p>
   </div>
   <div class='ocr_carea' id='block_1_66' title="bbox 1833 1788 3225 1863">
    <p class='ocr_par' dir='ltr' id='par_1_66' title="bbox 1833 1788 3225 1863">
     <span class='ocr_line' id='line_1_66' title="bbox 1833 1788 3225 1863; baseline 0.001 -20"><span class='ocrx_word' id='word_1_457' title='bbox 1833 1788 2097 1855; x_wconf 83' lang='lat' dir='ltr'><strong><em>dantiam,</em></strong></span> <span class='ocrx_word' id='word_1_458' title='bbox 2124 1798 2178 1844; x_wconf 79' lang='lat' dir='ltr'><strong><em>et</em></strong></span> <span class='ocrx_word' id='word_1_459' title='bbox 2210 1789 2338 1845; x_wconf 83' lang='lat' dir='ltr'><strong><em>inde</em></strong></span> <span class='ocrx_word' id='word_1_460' title='bbox 2372 1790 2612 1846; x_wconf 78' lang='lat' dir='ltr'><strong><em>futuram</em></strong></span> <span class='ocrx_word' id='word_1_461' title='bbox 2650 1791 2935 1847; x_wconf 80' lang='lat' dir='ltr'><strong><em>utilitatem</em></strong></span> <span class='ocrx_word' id='word_1_462' title='bbox 2962 1792 3225 1863; x_wconf 67' lang='lat' dir='ltr'><strong><em>praedicit.</em></strong></span> 
     </span>
    </p>
   </div>
   <div class='ocr_carea' id='block_1_67' title="bbox 1906 2051 3406 2124">
    <p class='ocr_par' dir='ltr' id='par_1_67' title="bbox 1906 2051 3406 2124">
     <span class='ocr_line' id='line_1_67' title="bbox 1906 2051 3406 2124; baseline 0.005 -23"><span class='ocrx_word' id='word_1_463' title='bbox 1906 2051 2069 2106; x_wconf 73' lang='lat' dir='ltr'><strong><em>Vens.</em></strong></span> <span class='ocrx_word' id='word_1_464' title='bbox 2114 2053 2202 2106; x_wconf 80' lang='grc'><strong><em>51.</em></strong></span> <span class='ocrx_word' id='word_1_465' title='bbox 2243 2052 2311 2106; x_wconf 86' lang='lat' dir='ltr'><strong><em>Et</em></strong></span> <span class='ocrx_word' id='word_1_466' title='bbox 2353 2052 2789 2119; x_wconf 86' lang='lat' dir='ltr'><strong><em>recordabimini,</em></strong></span> <span class='ocrx_word' id='word_1_467' title='bbox 2829 2054 3035 2124; x_wconf 89' lang='lat' dir='ltr'><strong>inquit,</strong></span> <span class='ocrx_word' id='word_1_468' title='bbox 3062 2055 3262 2108; x_wconf 80' lang='lat' dir='ltr'><strong><em>viarum</em></strong></span> <span class='ocrx_word' id='word_1_469' title='bbox 3296 2071 3406 2110; x_wconf 77' lang='lat' dir='ltr'><strong><em>ves-</em></strong></span> 
     </span>
    </p>
   </div>
   <div class='ocr_carea' id='block_1_68' title="bbox 1835 2146 3405 2205">
    <p class='ocr_par' dir='ltr' id='par_1_68' title="bbox 1835 2146 3405 2205">
     <span class='ocr_line' id='line_1_68' title="bbox 1835 2146 3405 2205; baseline 0.005 -9"><span class='ocrx_word' id='word_1_470' title='bbox 1835 2156 2039 2199; x_wconf 87' lang='lat' dir='ltr'><strong><em>trarum</em></strong></span> <span class='ocrx_word' id='word_1_471' title='bbox 2066 2146 2327 2199; x_wconf 89' lang='lat' dir='ltr'><strong><em>malarum</em></strong></span> <span class='ocrx_word' id='word_1_472' title='bbox 2352 2156 2400 2200; x_wconf 90' lang='lat' dir='ltr'><strong><em>et</em></strong></span> <span class='ocrx_word' id='word_1_473' title='bbox 2426 2148 2794 2199; x_wconf 86' lang='lat' dir='ltr'><strong><em>institutorum</em></strong></span> <span class='ocrx_word' id='word_1_474' title='bbox 2819 2156 3109 2202; x_wconf 76' lang='lat' dir='ltr'><strong><em>restrorum</em></strong></span> <span class='ocrx_word' id='word_1_475' title='bbox 3127 2166 3229 2203; x_wconf 88' lang='lat' dir='ltr'><strong><em>non</em></strong></span> <span class='ocrx_word' id='word_1_476' title='bbox 3246 2152 3405 2205; x_wconf 85' lang='lat' dir='ltr'><strong><em>bono-</em></strong></span> 
     </span>
    </p>
   </div>
   <div class='ocr_carea' id='block_1_69' title="bbox 1831 2238 3405 2309">
    <p class='ocr_par' dir='ltr' id='par_1_69' title="bbox 1831 2238 3405 2309">
     <span class='ocr_line' id='line_1_69' title="bbox 1831 2238 3405 2309; baseline 0.004 -20"><span class='ocrx_word' id='word_1_477' title='bbox 1831 2253 1947 2290; x_wconf 85' lang='lat' dir='ltr'><strong><em>rum</em></strong></span> <span class='ocrx_word' id='word_1_478' title='bbox 1972 2247 2057 2291; x_wconf 87' lang='lat' dir='ltr'><strong><em>:et</em></strong></span> <span class='ocrx_word' id='word_1_479' title='bbox 2082 2238 2203 2291; x_wconf 87' lang='lat' dir='ltr'><strong><em>odio</em></strong></span> <span class='ocrx_word' id='word_1_480' title='bbox 2230 2238 2378 2291; x_wconf 80' lang='lat' dir='ltr'><strong><em>eritis</em></strong></span> <span class='ocrx_word' id='word_1_481' title='bbox 2411 2246 2530 2290; x_wconf 82' lang='lat' dir='ltr'><strong><em>ante</em></strong></span> <span class='ocrx_word' id='word_1_482' title='bbox 2565 2238 2755 2305; x_wconf 82' lang='lat' dir='ltr'><strong><em>faciem</em></strong></span> <span class='ocrx_word' id='word_1_483' title='bbox 2789 2239 3023 2306; x_wconf 87' lang='lat' dir='ltr'><strong><em>ipsorum</em></strong></span> <span class='ocrx_word' id='word_1_484' title='bbox 3057 2252 3270 2309; x_wconf 83' lang='lat' dir='ltr'><strong><em>propter</em></strong></span> <span class='ocrx_word' id='word_1_485' title='bbox 3298 2243 3405 2296; x_wconf 88' lang='lat' dir='ltr'><strong><em>ini-</em></strong></span> 
     </span>
    </p>
   </div>
   <div class='ocr_carea' id='block_1_70' title="bbox 1830 2328 3403 2397">
    <p class='ocr_par' dir='ltr' id='par_1_70' title="bbox 1830 2328 3403 2397">
     <span class='ocr_line' id='line_1_70' title="bbox 1830 2328 3403 2397; baseline 0.005 -17"><span class='ocrx_word' id='word_1_486' title='bbox 1830 2330 2056 2397; x_wconf 85' lang='lat' dir='ltr'><strong><em>quitates</em></strong></span> <span class='ocrx_word' id='word_1_487' title='bbox 2091 2337 2312 2391; x_wconf 84' lang='lat' dir='ltr'><strong><em>vestras,</em></strong></span> <span class='ocrx_word' id='word_1_488' title='bbox 2361 2337 2412 2381; x_wconf 85' lang='lat' dir='ltr'><strong><em>et</em></strong></span> <span class='ocrx_word' id='word_1_489' title='bbox 2460 2338 2673 2397; x_wconf 81' lang='lat' dir='ltr'><strong><em>propter</em></strong></span> <span class='ocrx_word' id='word_1_490' title='bbox 2719 2328 3133 2385; x_wconf 84' lang='lat' dir='ltr'><strong><em>abominationes</em></strong></span> <span class='ocrx_word' id='word_1_491' title='bbox 3181 2343 3403 2388; x_wconf 85' lang='lat' dir='ltr'><strong><em>vestras.</em></strong></span> 
     </span>
    </p>
   </div>
   <div class='ocr_carea' id='block_1_71' title="bbox 1832 2418 3408 2491">
    <p class='ocr_par' dir='ltr' id='par_1_71' title="bbox 1832 2418 3408 2491">
     <span class='ocr_line' id='line_1_71' title="bbox 1832 2418 3408 2491; baseline 0.003 -20"><span class='ocrx_word' id='word_1_492' title='bbox 1832 2418 1949 2487; x_wconf 81' lang='lat' dir='ltr'><strong><em>His,</em></strong></span> <span class='ocrx_word' id='word_1_493' title='bbox 1982 2420 2177 2488; x_wconf 88' lang='lat' dir='ltr'><strong>inquit,</strong></span> <span class='ocrx_word' id='word_1_494' title='bbox 2212 2419 2373 2473; x_wconf 88' lang='lat' dir='ltr'><strong><em>bonis</em></strong></span> <span class='ocrx_word' id='word_1_495' title='bbox 2406 2419 2674 2485; x_wconf 83' lang='lat' dir='ltr'><strong><em>fruentes,</em></strong></span> <span class='ocrx_word' id='word_1_496' title='bbox 2696 2427 2750 2473; x_wconf 89' lang='lat' dir='ltr'><strong><em>et</em></strong></span> <span class='ocrx_word' id='word_1_497' title='bbox 2775 2428 3014 2489; x_wconf 86' lang='lat' dir='ltr'><strong><em>quantos</em></strong></span> <span class='ocrx_word' id='word_1_498' title='bbox 3050 2421 3240 2476; x_wconf 72' lang='lat' dir='ltr'><strong><em>afferat</em></strong></span> <span class='ocrx_word' id='word_1_499' title='bbox 3268 2427 3285 2444; x_wconf 85' lang='grc'>⁴</span> <span class='ocrx_word' id='word_1_500' title='bbox 3317 2424 3408 2491; x_wconf 75' lang='lat' dir='ltr'><strong><em>ju-</em></strong></span> 
     </span>
    </p>
   </div>
   <div class='ocr_carea' id='block_1_72' title="bbox 1833 2509 3404 2581">
    <p class='ocr_par' dir='ltr' id='par_1_72' title="bbox 1833 2509 3404 2581">
     <span class='ocr_line' id='line_1_72' title="bbox 1833 2509 3404 2581; baseline 0.001 -15"><span class='ocrx_word' id='word_1_501' title='bbox 1833 2512 1985 2566; x_wconf 84' lang='lat' dir='ltr'><strong><em>stitia</em></strong></span> <span class='ocrx_word' id='word_1_502' title='bbox 2045 2509 2260 2565; x_wconf 83' lang='lat' dir='ltr'><strong><em>fructus</em></strong></span> <span class='ocrx_word' id='word_1_503' title='bbox 2311 2510 2622 2575; x_wconf 87' lang='lat' dir='ltr'><strong><em>discentes,</em></strong></span> <span class='ocrx_word' id='word_1_504' title='bbox 2678 2511 2925 2581; x_wconf 76' lang='lat' dir='ltr'><strong><em>pristinae</em></strong></span> <span class='ocrx_word' id='word_1_505' title='bbox 2973 2514 3404 2569; x_wconf 84' lang='lat' dir='ltr'><strong><em>reminiscemini</em></strong></span> 
     </span>
    </p>
   </div>
   <div class='ocr_carea' id='block_1_73' title="bbox 1832 2603 3408 2675">
    <p class='ocr_par' dir='ltr' id='par_1_73' title="bbox 1832 2603 3408 2675">
     <span class='ocr_line' id='line_1_73' title="bbox 1832 2603 3408 2675; baseline 0.003 -18"><span class='ocrx_word' id='word_1_506' title='bbox 1832 2604 2224 2673; x_wconf 79' lang='lat' dir='ltr'><strong><em>improbitatis,</em></strong></span> <span class='ocrx_word' id='word_1_507' title='bbox 2259 2612 2309 2658; x_wconf 91' lang='lat' dir='ltr'><strong><em>ct</em></strong></span> <span class='ocrx_word' id='word_1_508' title='bbox 2337 2603 2614 2673; x_wconf 89' lang='lat' dir='ltr'><strong><em>supplicii,</em></strong></span> <span class='ocrx_word' id='word_1_509' title='bbox 2640 2604 2786 2673; x_wconf 89' lang='lat' dir='ltr'><strong><em>quod</em></strong></span> <span class='ocrx_word' id='word_1_510' title='bbox 2819 2616 3041 2675; x_wconf 84' lang='lat' dir='ltr'><strong><em>propter</em></strong></span> <span class='ocrx_word' id='word_1_511' title='bbox 3071 2607 3217 2659; x_wconf 89' lang='lat' dir='ltr'><strong>illam</strong></span> <span class='ocrx_word' id='word_1_512' title='bbox 3252 2607 3408 2662; x_wconf 83' lang='lat' dir='ltr'><strong><em>vobis</em></strong></span> 
     </span>
    </p>
   </div>
   <div class='ocr_carea' id='block_1_74' title="bbox 1833 2695 3408 2764">
    <p class='ocr_par' dir='ltr' id='par_1_74' title="bbox 1833 2695 3408 2764">
     <span class='ocr_line' id='line_1_74' title="bbox 1833 2695 3408 2764; baseline 0.002 -16"><span class='ocrx_word' id='word_1_513' title='bbox 1833 2695 1999 2750; x_wconf 84' lang='lat' dir='ltr'><strong><em>fuerit</em></strong></span> <span class='ocrx_word' id='word_1_514' title='bbox 2029 2696 2262 2756; x_wconf 86' lang='lat' dir='ltr'><strong><em>illatum,</em></strong></span> <span class='ocrx_word' id='word_1_515' title='bbox 2295 2705 2345 2749; x_wconf 89' lang='lat' dir='ltr'><strong><em>et</em></strong></span> <span class='ocrx_word' id='word_1_516' title='bbox 2382 2698 2563 2764; x_wconf 86' lang='lat' dir='ltr'><strong><em>priora</em></strong></span> <span class='ocrx_word' id='word_1_517' title='bbox 2594 2697 2799 2751; x_wconf 86' lang='lat' dir='ltr'><strong><em>scelera</em></strong></span> <span class='ocrx_word' id='word_1_518' title='bbox 2826 2712 3042 2751; x_wconf 89' lang='lat' dir='ltr'><strong><em>summo</em></strong></span> <span class='ocrx_word' id='word_1_519' title='bbox 3060 2699 3216 2753; x_wconf 85' lang='lat' dir='ltr'><strong><em>vobis</em></strong></span> <span class='ocrx_word' id='word_1_520' title='bbox 3242 2708 3408 2753; x_wconf 88' lang='lat' dir='ltr'><strong><em>erunt</em></strong></span> 
     </span>
    </p>
   </div>
   <div class='ocr_carea' id='block_1_75' title="bbox 1832 2786 3404 2859">
    <p class='ocr_par' dir='ltr' id='par_1_75' title="bbox 1832 2786 3404 2859">
     <span class='ocr_line' id='line_1_75' title="bbox 1832 2786 3404 2859; baseline 0.003 -19"><span class='ocrx_word' id='word_1_521' title='bbox 1832 2786 1977 2840; x_wconf 91' lang='lat' dir='ltr'><strong><em>odio.</em></strong></span> <span class='ocrx_word' id='word_1_522' title='bbox 2015 2786 2149 2839; x_wconf 81' lang='lat' dir='ltr'><strong><em>lilud</em></strong></span> <span class='ocrx_word' id='word_1_523' title='bbox 2189 2787 2332 2840; x_wconf 86' lang='lat' dir='ltr'><strong><em>enim</em></strong></span> <span class='ocrx_word' id='word_1_524' title='bbox 2361 2788 2605 2851; x_wconf 83' lang='lat' dir='ltr'><strong><em>oderitis,</em></strong></span> <span class='ocrx_word' id='word_1_525' title='bbox 2639 2803 2738 2857; x_wconf 87' lang='lat' dir='ltr'><strong><em>pro</em></strong></span> <span class='ocrx_word' id='word_1_526' title='bbox 2765 2788 3167 2842; x_wconf 75' lang='lat' dir='ltr'><strong><em>exsecrabimini</em></strong></span> <span class='ocrx_word' id='word_1_527' title='bbox 3200 2792 3404 2859; x_wconf 86' lang='lat' dir='ltr'><strong><em>posuit.</em></strong></span> 
     </span>
    </p>
   </div>
   <div class='ocr_carea' id='block_1_76' title="bbox 1833 2874 3410 2948">
    <p class='ocr_par' dir='ltr' id='par_1_76' title="bbox 1833 2874 3410 2948">
     <span class='ocr_line' id='line_1_76' title="bbox 1833 2874 3410 2948; baseline 0.004 -20"><span class='ocrx_word' id='word_1_528' title='bbox 1833 2874 1963 2930; x_wconf 83' lang='lat' dir='ltr'><strong><em>Tale</em></strong></span> <span class='ocrx_word' id='word_1_529' title='bbox 1996 2886 2079 2931; x_wconf 87' lang='lat' dir='ltr'><strong><em>est</em></strong></span> <span class='ocrx_word' id='word_1_530' title='bbox 2103 2877 2259 2938; x_wconf 86' lang='lat' dir='ltr'><strong><em>illud,</em></strong></span> <span class='ocrx_word' id='word_1_531' title='bbox 2297 2877 2445 2945; x_wconf 89' lang='lat' dir='ltr'><strong><em>quod</em></strong></span> <span class='ocrx_word' id='word_1_532' title='bbox 2486 2878 2553 2931; x_wconf 90' lang='lat' dir='ltr'><strong><em>de</em></strong></span> <span class='ocrx_word' id='word_1_533' title='bbox 2583 2878 2838 2948; x_wconf 84' lang='lat' dir='ltr'><strong><em>improbo</em></strong></span> <span class='ocrx_word' id='word_1_534' title='bbox 2869 2882 3079 2935; x_wconf 88' lang='lat' dir='ltr'><strong><em>dictum</em></strong></span> <span class='ocrx_word' id='word_1_535' title='bbox 3113 2888 3199 2935; x_wconf 84' lang='lat' dir='ltr'><strong><em>est</em></strong></span> <span class='ocrx_word' id='word_1_536' title='bbox 3231 2896 3258 2933; x_wconf 89' lang='lat' dir='ltr'><strong><em>a</em></strong></span> <span class='ocrx_word' id='word_1_537' title='bbox 3309 2881 3410 2934; x_wconf 81' lang='lat' dir='ltr'><strong><em>Da-</em></strong></span> 
     </span>
    </p>
   </div>
   <div class='ocr_carea' id='block_1_77' title="bbox 1832 2965 3409 3038">
    <p class='ocr_par' dir='ltr' id='par_1_77' title="bbox 1832 2965 3409 3038">
     <span class='ocr_line' id='line_1_77' title="bbox 1832 2965 3409 3038; baseline 0.006 -21"><span class='ocrx_word' id='word_1_538' title='bbox 1832 2965 1998 3020; x_wconf 80' lang='lat' dir='ltr'><strong><em>vide:</em></strong></span> <span class='ocrx_word' id='word_1_539' title='bbox 2040 2984 2057 3016; x_wconf 76' lang='grc' dir='ltr'><strong><em>ι</em></strong></span> <span class='ocrx_word' id='word_1_540' title='bbox 2097 2968 2283 3022; x_wconf 83' lang='lat' dir='ltr'><strong><em>Astitit</em></strong></span> <span class='ocrx_word' id='word_1_541' title='bbox 2321 2968 2470 3021; x_wconf 89' lang='lat' dir='ltr'><strong><em>omni</em></strong></span> <span class='ocrx_word' id='word_1_542' title='bbox 2502 2969 2603 3022; x_wconf 70' lang='lat' dir='ltr'><strong>via:</strong></span> <span class='ocrx_word' id='word_1_543' title='bbox 2642 2986 2750 3023; x_wconf 92' lang='lat' dir='ltr'><strong><em>non</em></strong></span> <span class='ocrx_word' id='word_1_544' title='bbox 2797 2971 2970 3038; x_wconf 63' lang='lat' dir='ltr'><strong><em>bonae,</em></strong></span> <span class='ocrx_word' id='word_1_545' title='bbox 3017 2973 3276 3026; x_wconf 84' lang='lat' dir='ltr'><strong>malitiam</strong></span> <span class='ocrx_word' id='word_1_546' title='bbox 3311 2989 3409 3027; x_wconf 82' lang='lat' dir='ltr'><strong><em>au-</em></strong></span> 
     </span>
    </p>
   </div>
   <div class='ocr_carea' id='block_1_78' title="bbox 1758 3057 3409 3140">
    <p class='ocr_par' dir='ltr' id='par_1_78' title="bbox 1758 3057 3409 3140">
     <span class='ocr_line' id='line_1_78' title="bbox 1758 3057 3409 3140; baseline 0.005 -32"><span class='ocrx_word' id='word_1_547' title='bbox 1758 3083 1800 3140; x_wconf 78' lang='lat' dir='ltr'>c</span> <span class='ocrx_word' id='word_1_548' title='bbox 1839 3064 1942 3109; x_wconf 89' lang='lat' dir='ltr'><strong><em>tem</em></strong></span> <span class='ocrx_word' id='word_1_549' title='bbox 1972 3072 2082 3111; x_wconf 91' lang='lat' dir='ltr'><strong><em>non</em></strong></span> <span class='ocrx_word' id='word_1_550' title='bbox 2109 3059 2280 3111; x_wconf 87' lang='lat' dir='ltr'><strong><em>odivit</em></strong></span> <span class='ocrx_word' id='word_1_551' title='bbox 2318 3057 2371 3122; x_wconf 81' lang='grc' dir='ltr'>ι,</span> <span class='ocrx_word' id='word_1_552' title='bbox 2404 3077 2421 3110; x_wconf 72' lang='grc' dir='ltr'><strong><em>ι</em></strong></span> <span class='ocrx_word' id='word_1_553' title='bbox 2464 3059 2568 3113; x_wconf 91' lang='lat' dir='ltr'><strong><em>hoc</em></strong></span> <span class='ocrx_word' id='word_1_554' title='bbox 2604 3069 2708 3121; x_wconf 86' lang='lat' dir='ltr'><strong><em>cst,</em></strong></span> <span class='ocrx_word' id='word_1_555' title='bbox 2742 3061 3001 3115; x_wconf 80' lang='lat' dir='ltr'><strong>malitiam</strong></span> <span class='ocrx_word' id='word_1_556' title='bbox 3044 3078 3154 3116; x_wconf 92' lang='lat' dir='ltr'><strong><em>non</em></strong></span> <span class='ocrx_word' id='word_1_557' title='bbox 3187 3072 3272 3117; x_wconf 90' lang='lat' dir='ltr'><strong><em>est</em></strong></span> <span class='ocrx_word' id='word_1_558' title='bbox 3312 3080 3409 3117; x_wconf 82' lang='lat' dir='ltr'><strong><em>ex-</em></strong></span> 
     </span>
    </p>
   </div>
   <div class='ocr_carea' id='block_1_79' title="bbox 1836 3150 3408 3220">
    <p class='ocr_par' dir='ltr' id='par_1_79' title="bbox 1836 3150 3408 3220">
     <span class='ocr_line' id='line_1_79' title="bbox 1836 3150 3408 3220; baseline 0.004 -18"><span class='ocrx_word' id='word_1_559' title='bbox 1836 3157 2108 3203; x_wconf 85' lang='lat' dir='ltr'><strong><em>secratus.</em></strong></span> <span class='ocrx_word' id='word_1_560' title='bbox 2143 3150 2219 3203; x_wconf 83' lang='lat' dir='ltr'><strong><em>ita</em></strong></span> <span class='ocrx_word' id='word_1_561' title='bbox 2256 3150 2391 3219; x_wconf 89' lang='lat' dir='ltr'><strong><em>ipsis</em></strong></span> <span class='ocrx_word' id='word_1_562' title='bbox 2439 3150 2584 3204; x_wconf 89' lang='lat' dir='ltr'><strong><em>bona</em></strong></span> <span class='ocrx_word' id='word_1_563' title='bbox 2632 3152 2933 3220; x_wconf 86' lang='lat' dir='ltr'><strong><em>pollicitus,</em></strong></span> <span class='ocrx_word' id='word_1_564' title='bbox 2981 3168 3171 3208; x_wconf 87' lang='lat' dir='ltr'><strong><em>eorum</em></strong></span> <span class='ocrx_word' id='word_1_565' title='bbox 3225 3154 3408 3210; x_wconf 86' lang='lat' dir='ltr'><strong><em>denuo</em></strong></span> 
     </span>
    </p>
   </div>
   <div class='ocr_carea' id='block_1_80' title="bbox 1837 3239 2737 3310">
    <p class='ocr_par' dir='ltr' id='par_1_80' title="bbox 1837 3239 2737 3310">
     <span class='ocr_line' id='line_1_80' title="bbox 1837 3239 2737 3310; baseline 0.003 -15"><span class='ocrx_word' id='word_1_566' title='bbox 1837 3239 2152 3310; x_wconf 86' lang='lat' dir='ltr'><strong><em>superbiam</em></strong></span> <span class='ocrx_word' id='word_1_567' title='bbox 2192 3240 2472 3310; x_wconf 84' lang='lat' dir='ltr'><strong><em>deprimit,</em></strong></span> <span class='ocrx_word' id='word_1_568' title='bbox 2506 3241 2696 3298; x_wconf 85' lang='lat' dir='ltr'><strong><em>dicens</em></strong></span> <span class='ocrx_word' id='word_1_569' title='bbox 2724 3261 2737 3298; x_wconf 88' lang='lat'><strong>:</strong></span> 
     </span>
    </p>
   </div>
   <div class='ocr_carea' id='block_1_81' title="bbox 1912 3494 3410 3570">
    <p class='ocr_par' dir='ltr' id='par_1_81' title="bbox 1912 3494 3410 3570">
     <span class='ocr_line' id='line_1_81' title="bbox 1912 3494 3410 3570; baseline 0.005 -18"><span class='ocrx_word' id='word_1_570' title='bbox 1912 3496 2078 3554; x_wconf 71' lang='lat' dir='ltr'><strong><em>Vens.</em></strong></span> <span class='ocrx_word' id='word_1_571' title='bbox 2120 3498 2211 3550; x_wconf 72' lang='grc'><strong><em>52.</em></strong></span> <span class='ocrx_word' id='word_1_572' title='bbox 2257 3494 2378 3550; x_wconf 83' lang='grc' dir='ltr'><strong><em>Νοη</em></strong></span> <span class='ocrx_word' id='word_1_573' title='bbox 2412 3506 2627 3567; x_wconf 84' lang='lat' dir='ltr'><strong><em>propter</em></strong></span> <span class='ocrx_word' id='word_1_574' title='bbox 2657 3515 2745 3553; x_wconf 84' lang='lat' dir='ltr'><strong><em>vos</em></strong></span> <span class='ocrx_word' id='word_1_575' title='bbox 2787 3517 2881 3570; x_wconf 83' lang='lat' dir='ltr'><strong><em>ego</em></strong></span> <span class='ocrx_word' id='word_1_576' title='bbox 2912 3502 3072 3570; x_wconf 83' lang='lat' dir='ltr'><strong><em>facio,</em></strong></span> <span class='ocrx_word' id='word_1_577' title='bbox 3097 3505 3284 3557; x_wconf 86' lang='lat' dir='ltr'><strong><em>domus</em></strong></span> <span class='ocrx_word' id='word_1_578' title='bbox 3324 3505 3410 3560; x_wconf 53' lang='lat' dir='ltr'><strong><em>Is-</em></strong></span> 
     </span>
    </p>
   </div>
   <div class='ocr_carea' id='block_1_82' title="bbox 1839 3590 3408 3655">
    <p class='ocr_par' dir='ltr' id='par_1_82' title="bbox 1839 3590 3408 3655">
     <span class='ocr_line' id='line_1_82' title="bbox 1839 3590 3408 3655; baseline 0.004 -12"><span class='ocrx_word' id='word_1_579' title='bbox 1839 3591 1973 3655; x_wconf 85' lang='lat' dir='ltr'><strong><em>rael,</em></strong></span> <span class='ocrx_word' id='word_1_580' title='bbox 1995 3593 2125 3644; x_wconf 88' lang='lat' dir='ltr'><strong><em>dicit</em></strong></span> <span class='ocrx_word' id='word_1_581' title='bbox 2150 3591 2359 3644; x_wconf 87' lang='lat' dir='ltr'><strong><em>Adonai</em></strong></span> <span class='ocrx_word' id='word_1_582' title='bbox 2406 3590 2686 3655; x_wconf 83' lang='lat' dir='ltr'><strong><em>Dominus,</em></strong></span> <span class='ocrx_word' id='word_1_583' title='bbox 2729 3603 2911 3646; x_wconf 85' lang='lat' dir='ltr'><strong><em>notum</em></strong></span> <span class='ocrx_word' id='word_1_584' title='bbox 2945 3596 3013 3647; x_wconf 87' lang='lat' dir='ltr'><strong><em>sit</em></strong></span> <span class='ocrx_word' id='word_1_585' title='bbox 3045 3595 3184 3649; x_wconf 86' lang='lat' dir='ltr'><strong><em>vobis</em></strong></span> <span class='ocrx_word' id='word_1_586' title='bbox 3221 3596 3408 3650; x_wconf 85' lang='lat' dir='ltr'><strong><em>domus</em></strong></span> 
     </span>
    </p>
   </div>
   <div class='ocr_carea' id='block_1_83' title="bbox 1836 3682 3412 3754">
    <p class='ocr_par' dir='ltr' id='par_1_83' title="bbox 1836 3682 3412 3754">
     <span class='ocr_line' id='line_1_83' title="bbox 1836 3682 3412 3754; baseline 0.005 -20"><span class='ocrx_word' id='word_1_587' title='bbox 1836 3683 1998 3754; x_wconf 76' lang='lat'><strong>992</strong></span> <span class='ocrx_word' id='word_1_588' title='bbox 2025 3682 2221 3737; x_wconf 81' lang='lat' dir='ltr'><strong><em>Israel.</em></strong></span> <span class='ocrx_word' id='word_1_589' title='bbox 2253 3682 2371 3736; x_wconf 85' lang='lat' dir='ltr'><strong><em>Non</em></strong></span> <span class='ocrx_word' id='word_1_590' title='bbox 2404 3698 2523 3748; x_wconf 78' lang='lat' dir='ltr'><strong><em>vos,</em></strong></span> <span class='ocrx_word' id='word_1_591' title='bbox 2564 3683 2758 3751; x_wconf 89' lang='lat' dir='ltr'><strong><em>inquit,</em></strong></span> <span class='ocrx_word' id='word_1_592' title='bbox 2804 3687 3092 3754; x_wconf 84' lang='lat' dir='ltr'><strong><em>promissis</em></strong></span> <span class='ocrx_word' id='word_1_593' title='bbox 3139 3687 3294 3743; x_wconf 87' lang='lat' dir='ltr'><strong><em>bonis</em></strong></span> <span class='ocrx_word' id='word_1_594' title='bbox 3328 3690 3412 3742; x_wconf 84' lang='lat' dir='ltr'><strong><em>di-</em></strong></span> 
     </span>
    </p>
   </div>
   <div class='ocr_carea' id='block_1_84' title="bbox 1837 3775 3413 3848">
    <p class='ocr_par' dir='ltr' id='par_1_84' title="bbox 1837 3775 3413 3848">
     <span class='ocr_line' id='line_1_84' title="bbox 1837 3775 3413 3848; baseline 0.004 -20"><span class='ocrx_word' id='word_1_595' title='bbox 1837 3777 1928 3846; x_wconf 81' lang='lat' dir='ltr'><strong><em>gni</em></strong></span> <span class='ocrx_word' id='word_1_596' title='bbox 1956 3777 2113 3837; x_wconf 87' lang='lat' dir='ltr'><strong><em>estis,</em></strong></span> <span class='ocrx_word' id='word_1_597' title='bbox 2159 3775 2252 3830; x_wconf 89' lang='lat' dir='ltr'><strong><em>sed</em></strong></span> <span class='ocrx_word' id='word_1_598' title='bbox 2288 3790 2388 3845; x_wconf 77' lang='lat' dir='ltr'><strong><em>ego</em></strong></span> <span class='ocrx_word' id='word_1_599' title='bbox 2423 3792 2485 3829; x_wconf 86' lang='lat' dir='ltr'><strong><em>ea</em></strong></span> <span class='ocrx_word' id='word_1_600' title='bbox 2533 3775 2675 3829; x_wconf 80' lang='lat' dir='ltr'><strong><em>iacio</em></strong></span> <span class='ocrx_word' id='word_1_601' title='bbox 2712 3792 2832 3848; x_wconf 77' lang='lat' dir='ltr'><strong><em>quze</em></strong></span> <span class='ocrx_word' id='word_1_602' title='bbox 2872 3792 3043 3831; x_wconf 85' lang='lat' dir='ltr'><strong><em>meam</em></strong></span> <span class='ocrx_word' id='word_1_603' title='bbox 3092 3779 3290 3834; x_wconf 87' lang='lat' dir='ltr'><strong><em>decent</em></strong></span> <span class='ocrx_word' id='word_1_604' title='bbox 3321 3797 3413 3834; x_wconf 88' lang='lat' dir='ltr'><strong><em>na-</em></strong></span> 
     </span>
    </p>
   </div>
   <div class='ocr_carea' id='block_1_85' title="bbox 1839 3865 3406 3940">
    <p class='ocr_par' dir='ltr' id='par_1_85' title="bbox 1839 3865 3406 3940">
     <span class='ocr_line' id='line_1_85' title="bbox 1839 3865 3406 3940; baseline 0.004 -21"><span class='ocrx_word' id='word_1_605' title='bbox 1839 3875 2040 3919; x_wconf 87' lang='lat' dir='ltr'><strong><em>turam.</em></strong></span> <span class='ocrx_word' id='word_1_606' title='bbox 2095 3865 2297 3919; x_wconf 84' lang='lat' dir='ltr'><strong><em>Deinde</em></strong></span> <span class='ocrx_word' id='word_1_607' title='bbox 2349 3865 2652 3921; x_wconf 87' lang='lat' dir='ltr'><strong><em>admonens</em></strong></span> <span class='ocrx_word' id='word_1_608' title='bbox 2699 3867 2859 3920; x_wconf 83' lang='lat' dir='ltr'><strong><em>simul</em></strong></span> <span class='ocrx_word' id='word_1_609' title='bbox 2906 3882 2968 3922; x_wconf 88' lang='lat' dir='ltr'><strong><em>ac</em></strong></span> <span class='ocrx_word' id='word_1_610' title='bbox 3025 3869 3355 3940; x_wconf 72' lang='lat' dir='ltr'><strong><em>redargucns</em></strong></span> <span class='ocrx_word' id='word_1_611' title='bbox 3394 3894 3406 3926; x_wconf 91' lang='lat'>:</span> 
     </span>
    </p>
   </div>
   <div class='ocr_carea' id='block_1_86' title="bbox 1845 3956 3410 4030">
    <p class='ocr_par' dir='ltr' id='par_1_86' title="bbox 1845 3956 3410 4030">
     <span class='ocr_line' id='line_1_86' title="bbox 1845 3956 3410 4030; baseline 0.005 -22"><span class='ocrx_word' id='word_1_612' title='bbox 1845 3976 1864 4008; x_wconf 74' lang='grc' dir='ltr'><strong><em>ι</em></strong></span> <span class='ocrx_word' id='word_1_613' title='bbox 1902 3957 2222 4012; x_wconf 85' lang='lat' dir='ltr'><strong><em>Erubescite</em></strong></span> <span class='ocrx_word' id='word_1_614' title='bbox 2252 3964 2304 4011; x_wconf 91' lang='lat' dir='ltr'><strong><em>et</em></strong></span> <span class='ocrx_word' id='word_1_615' title='bbox 2332 3957 2540 4024; x_wconf 87' lang='lat' dir='ltr'><strong><em>pudore</em></strong></span> <span class='ocrx_word' id='word_1_616' title='bbox 2592 3956 2924 4020; x_wconf 80' lang='lat' dir='ltr'><strong><em>alliciatnini,</em></strong></span> <span class='ocrx_word' id='word_1_617' title='bbox 2954 3961 3149 4030; x_wconf 86' lang='lat' dir='ltr'><strong>inquit,</strong></span> <span class='ocrx_word' id='word_1_618' title='bbox 3193 3962 3266 4016; x_wconf 91' lang='lat' dir='ltr'><strong><em>ob</em></strong></span> <span class='ocrx_word' id='word_1_619' title='bbox 3296 3963 3410 4016; x_wconf 74' lang='lat' dir='ltr'><strong><em>vias</em></strong></span> 
     </span>
    </p>
   </div>
   <div class='ocr_carea' id='block_1_87' title="bbox 1837 4047 3411 4122">
    <p class='ocr_par' dir='ltr' id='par_1_87' title="bbox 1837 4047 3411 4122">
     <span class='ocr_line' id='line_1_87' title="bbox 1837 4047 3411 4122; baseline 0.001 -19"><span class='ocrx_word' id='word_1_620' title='bbox 1837 4056 2070 4112; x_wconf 75' lang='lat' dir='ltr'><strong><em>vestras,</em></strong></span> <span class='ocrx_word' id='word_1_621' title='bbox 2109 4049 2307 4102; x_wconf 88' lang='lat' dir='ltr'><strong><em>domus</em></strong></span> <span class='ocrx_word' id='word_1_622' title='bbox 2335 4048 2524 4103; x_wconf 85' lang='lat' dir='ltr'><strong><em>Israel.</em></strong></span> <span class='ocrx_word' id='word_1_623' title='bbox 2566 4067 2585 4100; x_wconf 71' lang='grc' dir='ltr'><strong><em>ι</em></strong></span> <span class='ocrx_word' id='word_1_624' title='bbox 2637 4047 2716 4103; x_wconf 88' lang='lat' dir='ltr'><strong><em>Ne</em></strong></span> <span class='ocrx_word' id='word_1_625' title='bbox 2757 4050 2994 4118; x_wconf 85' lang='lat' dir='ltr'><strong><em>stupide,</em></strong></span> <span class='ocrx_word' id='word_1_626' title='bbox 3046 4050 3243 4122; x_wconf 88' lang='lat' dir='ltr'><strong>inquit,</strong></span> <span class='ocrx_word' id='word_1_627' title='bbox 3274 4069 3411 4107; x_wconf 72' lang='lat' dir='ltr'><strong><em>neve</em></strong></span> 
     </span>
    </p>
   </div>
   <div class='ocr_carea' id='block_1_88' title="bbox 1840 4139 3411 4207">
    <p class='ocr_par' dir='ltr' id='par_1_88' title="bbox 1840 4139 3411 4207">
     <span class='ocr_line' id='line_1_88' title="bbox 1840 4139 3411 4207; baseline 0.003 -16"><span class='ocrx_word' id='word_1_628' title='bbox 1840 4139 2044 4207; x_wconf 78' lang='lat' dir='ltr'><strong><em>abSque</em></strong></span> <span class='ocrx_word' id='word_1_629' title='bbox 2071 4153 2235 4193; x_wconf 88' lang='lat' dir='ltr'><strong><em>sensu</em></strong></span> <span class='ocrx_word' id='word_1_630' title='bbox 2257 4140 2410 4193; x_wconf 87' lang='lat' dir='ltr'><strong><em>varia</em></strong></span> <span class='ocrx_word' id='word_1_631' title='bbox 2429 4145 2611 4192; x_wconf 86' lang='lat' dir='ltr'><strong><em>vestra</em></strong></span> <span class='ocrx_word' id='word_1_632' title='bbox 2642 4140 2911 4207; x_wconf 88' lang='lat' dir='ltr'><strong><em>supplicia</em></strong></span> <span class='ocrx_word' id='word_1_633' title='bbox 2938 4140 3149 4203; x_wconf 85' lang='lat' dir='ltr'><strong><em>feratis,</em></strong></span> <span class='ocrx_word' id='word_1_634' title='bbox 3178 4144 3269 4196; x_wconf 87' lang='lat' dir='ltr'><strong><em>sed</em></strong></span> <span class='ocrx_word' id='word_1_635' title='bbox 3283 4159 3411 4198; x_wconf 81' lang='lat' dir='ltr'><strong><em>sero</em></strong></span> 
     </span>
    </p>
   </div>
   <div class='ocr_carea' id='block_1_89' title="bbox 1838 4213 3408 4301">
    <p class='ocr_par' dir='ltr' id='par_1_89' title="bbox 1838 4213 3408 4301">
     <span class='ocr_line' id='line_1_89' title="bbox 1838 4213 3408 4301; baseline 0.004 -19"><span class='ocrx_word' id='word_1_636' title='bbox 1838 4213 2062 4284; x_wconf 82' lang='lat' dir='ltr'><strong><em>tandem</em></strong></span> <span class='ocrx_word' id='word_1_637' title='bbox 2127 4237 2439 4285; x_wconf 84' lang='lat' dir='ltr'><strong><em>vestrorum</em></strong></span> <span class='ocrx_word' id='word_1_638' title='bbox 2503 4229 2882 4283; x_wconf 90' lang='lat' dir='ltr'><strong><em>institutorum</em></strong></span> <span class='ocrx_word' id='word_1_639' title='bbox 2950 4232 3299 4301; x_wconf 84' lang='lat' dir='ltr'><strong><em>improbitate</em></strong></span> <span class='ocrx_word' id='word_1_640' title='bbox 3354 4236 3408 4287; x_wconf 90' lang='lat' dir='ltr'><strong><em>in</em></strong></span> 
     </span>
    </p>
   </div>
   <div class='ocr_carea' id='block_1_90' title="bbox 1838 4304 3444 4391">
    <p class='ocr_par' dir='ltr' id='par_1_90' title="bbox 1838 4304 3444 4391">
     <span class='ocr_line' id='line_1_90' title="bbox 1838 4304 3444 4391; baseline 0.004 -17"><span class='ocrx_word' id='word_1_641' title='bbox 1838 4330 2075 4375; x_wconf 88' lang='lat' dir='ltr'><strong><em>mentem</em></strong></span> <span class='ocrx_word' id='word_1_642' title='bbox 2108 4332 2382 4386; x_wconf 84' lang='lat' dir='ltr'><strong><em>revocata,</em></strong></span> <span class='ocrx_word' id='word_1_643' title='bbox 2437 4334 2535 4390; x_wconf 91' lang='lat' dir='ltr'><strong><em>pro</em></strong></span> <span class='ocrx_word' id='word_1_644' title='bbox 2595 4321 2663 4375; x_wconf 90' lang='lat' dir='ltr'><strong><em>iis</em></strong></span> <span class='ocrx_word' id='word_1_645' title='bbox 2709 4337 2826 4391; x_wconf 71' lang='lat' dir='ltr'><strong>qua:</strong></span> <span class='ocrx_word' id='word_1_646' title='bbox 2876 4324 2994 4377; x_wconf 88' lang='lat' dir='ltr'><strong><em>ausi</em></strong></span> <span class='ocrx_word' id='word_1_647' title='bbox 3037 4324 3173 4378; x_wconf 88' lang='lat' dir='ltr'><strong><em>estis</em></strong></span> <span class='ocrx_word' id='word_1_648' title='bbox 3214 4304 3444 4380; x_wconf 49' lang='lat' dir='ltr'><strong><em>erubc-&#39;</em></strong></span> 
     </span>
    </p>
   </div>
   <div class='ocr_carea' id='block_1_91' title="bbox 1766 4413 2001 4469">
    <p class='ocr_par' dir='ltr' id='par_1_91' title="bbox 1766 4413 2001 4469">
     <span class='ocr_line' id='line_1_91' title="bbox 1766 4413 2001 4469; baseline 0.009 -2"><span class='ocrx_word' id='word_1_649' title='bbox 1766 4413 1813 4467; x_wconf 84' lang='grc' dir='ltr'><strong><em>ἶ)</em></strong></span> <span class='ocrx_word' id='word_1_650' title='bbox 1845 4415 2001 4469; x_wconf 89' lang='lat' dir='ltr'><strong><em>scite.</em></strong></span> 
     </span>
    </p>
   </div>
   <div class='ocr_carea' id='block_1_92' title="bbox 1910 4500 3410 4573">
    <p class='ocr_par' dir='ltr' id='par_1_92' title="bbox 1910 4500 3410 4573">
     <span class='ocr_line' id='line_1_92' title="bbox 1910 4500 3410 4573; baseline 0.001 -18"><span class='ocrx_word' id='word_1_651' title='bbox 1910 4502 2077 4557; x_wconf 70' lang='lat' dir='ltr'><strong><em>Vens.</em></strong></span> <span class='ocrx_word' id='word_1_652' title='bbox 2136 4501 2234 4563; x_wconf 79' lang='grc'><strong><em>55,</em></strong></span> <span class='ocrx_word' id='word_1_653' title='bbox 2288 4501 2376 4554; x_wconf 80' lang='grc'><strong><em>54.</em></strong></span> <span class='ocrx_word' id='word_1_654' title='bbox 2444 4500 2570 4555; x_wconf 77' lang='lat' dir='ltr'><strong><em>Ilwc</em></strong></span> <span class='ocrx_word' id='word_1_655' title='bbox 2617 4503 2746 4555; x_wconf 86' lang='lat' dir='ltr'><strong><em>dicit</em></strong></span> <span class='ocrx_word' id='word_1_656' title='bbox 2806 4502 3065 4557; x_wconf 84' lang='lat' dir='ltr'><strong><em>Dominus</em></strong></span> <span class='ocrx_word' id='word_1_657' title='bbox 3097 4520 3115 4556; x_wconf 91' lang='lat'><em>:</em></span> <span class='ocrx_word' id='word_1_658' title='bbox 3170 4502 3270 4557; x_wconf 84' lang='lat' dir='ltr'><strong><em>Die</em></strong></span> <span class='ocrx_word' id='word_1_659' title='bbox 3309 4521 3410 4573; x_wconf 83' lang='lat' dir='ltr'><strong><em>quo</em></strong></span> 
     </span>
    </p>
   </div>
   <div class='ocr_carea' id='block_1_93' title="bbox 1840 4594 3410 4664">
    <p class='ocr_par' dir='ltr' id='par_1_93' title="bbox 1840 4594 3410 4664">
     <span class='ocr_line' id='line_1_93' title="bbox 1840 4594 3410 4664; baseline 0 -16"><span class='ocrx_word' id='word_1_660' title='bbox 1840 4596 2161 4648; x_wconf 79' lang='lat' dir='ltr'><strong><em>mandavero</em></strong></span> <span class='ocrx_word' id='word_1_661' title='bbox 2205 4610 2292 4647; x_wconf 84' lang='lat' dir='ltr'><strong><em>vos</em></strong></span> <span class='ocrx_word' id='word_1_662' title='bbox 2340 4594 2406 4645; x_wconf 90' lang='lat' dir='ltr'><strong><em>ab</em></strong></span> <span class='ocrx_word' id='word_1_663' title='bbox 2434 4594 2673 4647; x_wconf 86' lang='lat' dir='ltr'><strong><em>omnibus</em></strong></span> <span class='ocrx_word' id='word_1_664' title='bbox 2709 4595 3075 4664; x_wconf 85' lang='lat' dir='ltr'><strong><em>iniquitatibus</em></strong></span> <span class='ocrx_word' id='word_1_665' title='bbox 3114 4596 3320 4659; x_wconf 69' lang='lat' dir='ltr'><strong><em>uestris,</em></strong></span> <span class='ocrx_word' id='word_1_666' title='bbox 3360 4606 3410 4648; x_wconf 86' lang='lat' dir='ltr'><strong><em>et</em></strong></span> 
     </span>
    </p>
   </div>
   <div class='ocr_carea' id='block_1_94' title="bbox 1840 4682 3411 4751">
    <p class='ocr_par' dir='ltr' id='par_1_94' title="bbox 1840 4682 3411 4751">
     <span class='ocr_line' id='line_1_94' title="bbox 1840 4682 3411 4751; baseline -0.003 -12"><span class='ocrx_word' id='word_1_667' title='bbox 1840 4686 2070 4739; x_wconf 81' lang='lat' dir='ltr'><strong><em>habitari</em></strong></span> <span class='ocrx_word' id='word_1_668' title='bbox 2102 4684 2298 4751; x_wconf 80' lang='lat' dir='ltr'><strong><em>faciam</em></strong></span> <span class='ocrx_word' id='word_1_669' title='bbox 2339 4683 2512 4744; x_wconf 86' lang='lat' dir='ltr'><strong><em>urbes,</em></strong></span> <span class='ocrx_word' id='word_1_670' title='bbox 2552 4691 2600 4735; x_wconf 85' lang='lat' dir='ltr'><strong><em>et</em></strong></span> <span class='ocrx_word' id='word_1_671' title='bbox 2643 4683 3050 4747; x_wconf 59' lang='lat' dir='ltr'><strong><em>aldi/imbuatur</em></strong></span> <span class='ocrx_word' id='word_1_672' title='bbox 3086 4683 3310 4736; x_wconf 71' lang='lat' dir='ltr'><strong><em>deserta.</em></strong></span> <span class='ocrx_word' id='word_1_673' title='bbox 3344 4682 3411 4735; x_wconf 78' lang='lat' dir='ltr'><strong><em>Et</em></strong></span> 
     </span>
    </p>
   </div>
   <div class='ocr_carea' id='block_1_95' title="bbox 155 4776 1731 4860">
    <p class='ocr_par' dir='ltr' id='par_1_95' title="bbox 155 4783 1731 4860">
     <span class='ocr_line' id='line_1_95' title="bbox 155 4783 1731 4860; baseline 0.006 -20"><span class='ocrx_word' id='word_1_674' title='bbox 155 4787 684 4857; x_wconf 76' lang='grc' dir='ltr'>κοδομηθήσονται</span> <span class='ocrx_word' id='word_1_675' title='bbox 713 4794 772 4843; x_wconf 80' lang='lat' dir='ltr'><strong><em>al</em></strong></span> <span class='ocrx_word' id='word_1_676' title='bbox 797 4790 1024 4860; x_wconf 74' lang='grc' dir='ltr'>ἔρημοι.</span> <span class='ocrx_word' id='word_1_677' title='bbox 1058 4791 1166 4845; x_wconf 78' lang='grc' dir='ltr'><strong><em>Καὶ</em></strong></span> <span class='ocrx_word' id='word_1_678' title='bbox 1197 4793 1235 4858; x_wconf 78' lang='grc' dir='ltr'>ἡ</span> <span class='ocrx_word' id='word_1_679' title='bbox 1265 4788 1339 4859; x_wconf 73' lang='grc' dir='ltr'><strong><em>γῆ</em></strong></span> <span class='ocrx_word' id='word_1_680' title='bbox 1361 4783 1731 4856; x_wconf 65' lang='grc' dir='ltr'>ἠφανισμένη</span> 
     </span>
    </p>
   </div>
   <div class='ocr_carea' id='block_1_96' title="bbox 1842 4776 3411 4860">
    <p class='ocr_par' dir='ltr' id='par_1_96' title="bbox 1844 4776 3411 4846">
     <span class='ocr_line' id='line_1_96' title="bbox 1844 4776 3411 4846; baseline -0.003 -14"><span class='ocrx_word' id='word_1_681' title='bbox 1844 4788 1986 4832; x_wconf 88' lang='lat' dir='ltr'><strong><em>terra</em></strong></span> <span class='ocrx_word' id='word_1_682' title='bbox 2016 4778 2256 4832; x_wconf 87' lang='lat' dir='ltr'><strong><em>desolata</em></strong></span> <span class='ocrx_word' id='word_1_683' title='bbox 2302 4777 2520 4839; x_wconf 85' lang='lat' dir='ltr'><strong><em>coletur,</em></strong></span> <span class='ocrx_word' id='word_1_684' title='bbox 2570 4791 2629 4829; x_wconf 89' lang='lat' dir='ltr'><strong><em>eo</em></strong></span> <span class='ocrx_word' id='word_1_685' title='bbox 2668 4776 2806 4846; x_wconf 86' lang='lat' dir='ltr'><strong><em>quod</em></strong></span> <span class='ocrx_word' id='word_1_686' title='bbox 2853 4776 3093 4830; x_wconf 87' lang='lat' dir='ltr'><strong><em>desolata</em></strong></span> <span class='ocrx_word' id='word_1_687' title='bbox 3139 4778 3242 4846; x_wconf 81' lang='lat' dir='ltr'><strong><em>fuit</em></strong></span> <span class='ocrx_word' id='word_1_688' title='bbox 3290 4787 3411 4829; x_wconf 85' lang='lat' dir='ltr'><strong><em>aute</em></strong></span> 
     </span>
    </p>
   </div>
   <div class='ocr_carea' id='block_1_97' title="bbox 155 4875 1736 4951">
    <p class='ocr_par' dir='ltr' id='par_1_97' title="bbox 155 4875 1736 4951">
     <span class='ocr_line' id='line_1_97' title="bbox 155 4875 1736 4951; baseline 0.006 -22"><span class='ocrx_word' id='word_1_689' title='bbox 155 4880 619 4949; x_wconf 72' lang='grc' dir='ltr'>ἐργασθήσεται,</span> <span class='ocrx_word' id='word_1_690' title='bbox 645 4883 772 4937; x_wconf 83' lang='grc' dir='ltr'><strong><em>ἀνθ’</em></strong></span> <span class='ocrx_word' id='word_1_691' title='bbox 803 4876 891 4935; x_wconf 84' lang='grc' dir='ltr'><strong><em>ὧν</em></strong></span> <span class='ocrx_word' id='word_1_692' title='bbox 920 4881 1403 4951; x_wconf 71' lang='grc' dir='ltr'>ὅτιὴςσανισμένη</span> <span class='ocrx_word' id='word_1_693' title='bbox 1437 4875 1736 4946; x_wconf 78' lang='grc' dir='ltr'><strong><em>ἐγένετο.⁸⁷</em></strong></span> 
     </span>
    </p>
   </div>
   <div class='ocr_carea' id='block_1_98' title="bbox 157 4969 1737 5040">
    <p class='ocr_par' dir='ltr' id='par_1_98' title="bbox 157 4969 1737 5040">
     <span class='ocr_line' id='line_1_98' title="bbox 157 4969 1737 5040; baseline 0.002 -16"><span class='ocrx_word' id='word_1_694' title='bbox 157 4971 282 5024; x_wconf 80' lang='grc' dir='ltr'>κατ’</span> <span class='ocrx_word' id='word_1_695' title='bbox 309 4971 662 5039; x_wconf 69' lang='grc' dir='ltr'>ὀφθαλμοὺς</span> <span class='ocrx_word' id='word_1_696' title='bbox 708 4974 935 5040; x_wconf 80' lang='grc' dir='ltr'>παντὸς</span> <span class='ocrx_word' id='word_1_697' title='bbox 984 4973 1371 5036; x_wconf 83' lang='grc' dir='ltr'>διοδεύοντος</span> <span class='ocrx_word' id='word_1_698' title='bbox 1427 4970 1494 5021; x_wconf 78' lang='grc'>⁸⁸.</span> <span class='ocrx_word' id='word_1_699' title='bbox 1551 4969 1737 5029; x_wconf 80' lang='grc' dir='ltr'>Ὅταν,</span> 
     </span>
    </p>
   </div>
   <div class='ocr_carea' id='block_1_99' title="bbox 159 5058 1739 5135">
    <p class='ocr_par' dir='ltr' id='par_1_99' title="bbox 159 5058 1739 5135">
     <span class='ocr_line' id='line_1_99' title="bbox 159 5058 1739 5135; baseline 0.008 -24"><span class='ocrx_word' id='word_1_700' title='bbox 159 5062 346 5130; x_wconf 72' lang='grc' dir='ltr'>φησὶν,</span> <span class='ocrx_word' id='word_1_701' title='bbox 373 5061 575 5128; x_wconf 76' lang='grc' dir='ltr'>ἄφεσιν</span> <span class='ocrx_word' id='word_1_702' title='bbox 621 5064 751 5132; x_wconf 82' lang='grc' dir='ltr'>ὑμῖν</span> <span class='ocrx_word' id='word_1_703' title='bbox 793 5063 902 5118; x_wconf 86' lang='grc' dir='ltr'><strong><em>τῶν</em></strong></span> <span class='ocrx_word' id='word_1_704' title='bbox 955 5064 1370 5135; x_wconf 76' lang='grc' dir='ltr'>ἁμαρτημάτων</span> <span class='ocrx_word' id='word_1_705' title='bbox 1399 5058 1739 5129; x_wconf 75' lang='grc' dir='ltr'>χαρίσωμαι.</span> 
     </span>
    </p>
   </div>
   <div class='ocr_carea' id='block_1_100' title="bbox 229 5223 705 5290">
    <p class='ocr_par' dir='ltr' id='par_1_100' title="bbox 229 5223 705 5290">
     <span class='ocr_line' id='line_1_100' title="bbox 229 5223 705 5290; baseline -0.002 -13"><span class='ocrx_word' id='word_1_706' title='bbox 229 5223 246 5255; x_wconf 82' lang='grc'>⁸</span> <span class='ocrx_word' id='word_1_707' title='bbox 283 5223 435 5279; x_wconf 83' lang='lat' dir='ltr'><strong><em>Psal.</em></strong></span> <span class='ocrx_word' id='word_1_708' title='bbox 458 5239 623 5290; x_wconf 78' lang='lat' dir='ltr'><strong>xxxv,</strong></span> <span class='ocrx_word' id='word_1_709' title='bbox 652 5223 705 5278; x_wconf 85' lang='lat'><strong><em>5.</em></strong></span> 
     </span>
    </p>
   </div>
   <div class='ocr_carea' id='block_1_101' title="bbox 1848 4869 3414 4939">
    <p class='ocr_par' dir='ltr' id='par_1_101' title="bbox 1848 4869 3414 4939">
     <span class='ocr_line' id='line_1_101' title="bbox 1848 4869 3414 4939; baseline 0 -15"><span class='ocrx_word' id='word_1_710' title='bbox 1848 4873 2025 4924; x_wconf 88' lang='lat' dir='ltr'><strong><em>oculos</em></strong></span> <span class='ocrx_word' id='word_1_711' title='bbox 2054 4873 2221 4924; x_wconf 89' lang='lat' dir='ltr'><strong><em>omnis</em></strong></span> <span class='ocrx_word' id='word_1_712' title='bbox 2244 4871 2586 4925; x_wconf 84' lang='lat' dir='ltr'><strong><em>transeuntis.</em></strong></span> <span class='ocrx_word' id='word_1_713' title='bbox 2622 4870 2871 4937; x_wconf 84' lang='lat' dir='ltr'><strong><em>Quando,</em></strong></span> <span class='ocrx_word' id='word_1_714' title='bbox 2906 4869 3107 4939; x_wconf 86' lang='lat' dir='ltr'><strong>inquit,</strong></span> <span class='ocrx_word' id='word_1_715' title='bbox 3134 4871 3414 4926; x_wconf 86' lang='lat' dir='ltr'><strong><em>remissio-</em></strong></span> 
     </span>
    </p>
   </div>
   <div class='ocr_carea' id='block_1_102' title="bbox 1849 4963 3412 5033">
    <p class='ocr_par' dir='ltr' id='par_1_102' title="bbox 1849 4963 3412 5033">
     <span class='ocr_line' id='line_1_102' title="bbox 1849 4963 3412 5033; baseline -0.001 -15"><span class='ocrx_word' id='word_1_716' title='bbox 1849 4980 1970 5018; x_wconf 87' lang='lat' dir='ltr'><strong><em>nem</em></strong></span> <span class='ocrx_word' id='word_1_717' title='bbox 2004 4963 2159 5018; x_wconf 80' lang='lat' dir='ltr'><strong><em>vobis</em></strong></span> <span class='ocrx_word' id='word_1_718' title='bbox 2215 4970 2568 5032; x_wconf 86' lang='lat' dir='ltr'><strong><em>peccatorum</em></strong></span> <span class='ocrx_word' id='word_1_719' title='bbox 2613 4964 2943 5032; x_wconf 87' lang='lat' dir='ltr'><strong><em>impertiam,</em></strong></span> <span class='ocrx_word' id='word_1_720' title='bbox 2993 4978 3198 5033; x_wconf 83' lang='lat' dir='ltr'><strong><em>vosque</em></strong></span> <span class='ocrx_word' id='word_1_721' title='bbox 3247 4977 3412 5031; x_wconf 82' lang='lat' dir='ltr'><strong><em>puros</em></strong></span> 
     </span>
    </p>
   </div>
   <div class='ocr_carea' id='block_1_103' title="bbox 1848 5052 3413 5123">
    <p class='ocr_par' dir='ltr' id='par_1_103' title="bbox 1848 5052 3413 5123">
     <span class='ocr_line' id='line_1_103' title="bbox 1848 5052 3413 5123; baseline -0.001 -16"><span class='ocrx_word' id='word_1_722' title='bbox 1848 5053 2186 5123; x_wconf 81' lang='lat' dir='ltr'><strong><em>ignoscendo</em></strong></span> <span class='ocrx_word' id='word_1_723' title='bbox 2239 5052 2504 5119; x_wconf 77' lang='lat' dir='ltr'><strong><em>Ciliciam,</em></strong></span> <span class='ocrx_word' id='word_1_724' title='bbox 2554 5063 2668 5108; x_wconf 92' lang='lat' dir='ltr'><strong><em>tum</em></strong></span> <span class='ocrx_word' id='word_1_725' title='bbox 2711 5060 2765 5108; x_wconf 91' lang='lat' dir='ltr'><strong><em>ct</em></strong></span> <span class='ocrx_word' id='word_1_726' title='bbox 2799 5053 3031 5108; x_wconf 87' lang='lat' dir='ltr'><strong><em>urbibus</em></strong></span> <span class='ocrx_word' id='word_1_727' title='bbox 3079 5052 3327 5120; x_wconf 79' lang='lat' dir='ltr'><strong><em>aediﬁcia,</em></strong></span> <span class='ocrx_word' id='word_1_728' title='bbox 3361 5060 3413 5107; x_wconf 87' lang='lat' dir='ltr'><strong><em>ct</em></strong></span> 
     </span>
    </p>
   </div>
   <div class='ocr_carea' id='block_1_104' title="bbox 1365 5313 2053 5369">
    <p class='ocr_par' dir='ltr' id='par_1_104' title="bbox 1365 5313 2053 5369">
     <span class='ocr_line' id='line_1_104' title="bbox 1365 5313 2053 5369; baseline 0 -2"><span class='ocrx_word' id='word_1_729' title='bbox 1365 5313 1601 5368; x_wconf 65' lang='grc' dir='ltr'>νΑΒιΑς</span> <span class='ocrx_word' id='word_1_730' title='bbox 1646 5313 2053 5369; x_wconf 81' lang='lat' dir='ltr'><strong><em>LECTIONES.</em></strong></span> 
     </span>
    </p>
   </div>
   <div class='ocr_carea' id='block_1_105' title="bbox 229 5470 2471 5544">
    <p class='ocr_par' dir='ltr' id='par_1_105' title="bbox 229 5470 2471 5544">
     <span class='ocr_line' id='line_1_105' title="bbox 229 5470 2471 5544; baseline 0 -18"><span class='ocrx_word' id='word_1_731' title='bbox 229 5473 275 5506; x_wconf 86' lang='lat'>&quot;</span> <span class='ocrx_word' id='word_1_732' title='bbox 320 5473 448 5544; x_wconf 83' lang='grc' dir='ltr'>καθ.</span> <span class='ocrx_word' id='word_1_733' title='bbox 480 5501 551 5511; x_wconf 92' lang='grc'><strong><em>-</em></strong></span> <span class='ocrx_word' id='word_1_734' title='bbox 580 5472 829 5544; x_wconf 57' lang='grc' dir='ltr'>ύμῶν.ᾉ</span> <span class='ocrx_word' id='word_1_735' title='bbox 856 5470 1014 5544; x_wconf 70' lang='grc' dir='ltr'>σῴσω</span> <span class='ocrx_word' id='word_1_736' title='bbox 1043 5472 1137 5541; x_wconf 83' lang='grc' dir='ltr'><strong><em>ὐμ.</em></strong></span> <span class='ocrx_word' id='word_1_737' title='bbox 1170 5470 1277 5544; x_wconf 66' lang='grc' dir='ltr'><strong><em>ἀπὸ</em></strong></span> <span class='ocrx_word' id='word_1_738' title='bbox 1306 5488 1364 5524; x_wconf 89' lang='grc' dir='ltr'><strong><em>π.</em></strong></span> <span class='ocrx_word' id='word_1_739' title='bbox 1390 5471 1496 5544; x_wconf 87' lang='grc' dir='ltr'><strong><em>τῶν</em></strong></span> <span class='ocrx_word' id='word_1_740' title='bbox 1525 5471 1876 5544; x_wconf 59' lang='grc' dir='ltr'>ᾁξιαθαρσιῶν</span> <span class='ocrx_word' id='word_1_741' title='bbox 1901 5472 2078 5544; x_wconf 61' lang='grc' dir='ltr'>ὑμῶν,</span> <span class='ocrx_word' id='word_1_742' title='bbox 2115 5470 2282 5544; x_wconf 81' lang='lat' dir='ltr'><strong>juxta</strong></span> <span class='ocrx_word' id='word_1_743' title='bbox 2306 5473 2471 5529; x_wconf 85' lang='lat' dir='ltr'><strong><em>Hebr.</em></strong></span> 
     </span>
    </p>
   </div>
   <div class='ocr_carea' id='block_1_106' title="bbox 162 5540 799 5598">
    <p class='ocr_par' dir='ltr' id='par_1_106' title="bbox 162 5540 799 5598">
     <span class='ocr_line' id='line_1_106' title="bbox 162 5540 799 5598; baseline 0 -4"><span class='ocrx_word' id='word_1_744' title='bbox 162 5540 290 5598; x_wconf 86' lang='lat' dir='ltr'><strong><em>Des.</em></strong></span> <span class='ocrx_word' id='word_1_745' title='bbox 324 5544 379 5596; x_wconf 84' lang='lat' dir='ltr'><strong><em>in</em></strong></span> <span class='ocrx_word' id='word_1_746' title='bbox 412 5542 476 5595; x_wconf 84' lang='lat' dir='ltr'><strong><em>A.</em></strong></span> <span class='ocrx_word' id='word_1_747' title='bbox 553 5543 599 5575; x_wconf 70' lang='grc'><strong><em>³³</em></strong></span> <span class='ocrx_word' id='word_1_748' title='bbox 622 5540 681 5594; x_wconf 47' lang='grc' dir='ltr'><strong><em>⁷Β</em></strong></span> <span class='ocrx_word' id='word_1_749' title='bbox 711 5542 799 5595; x_wconf 83' lang='grc' dir='ltr'>τά.</span> 
     </span>
    </p>
   </div>
   <div class='ocr_carea' id='block_1_107' title="bbox 895 5540 2944 5612">
    <p class='ocr_par' dir='ltr' id='par_1_107' title="bbox 895 5540 2944 5612">
     <span class='ocr_line' id='line_1_107' title="bbox 895 5540 2944 5612; baseline 0.002 -20"><span class='ocrx_word' id='word_1_750' title='bbox 895 5542 939 5573; x_wconf 78' lang='grc'><strong><em>⁸⁸</em></strong></span> <span class='ocrx_word' id='word_1_751' title='bbox 982 5540 1177 5612; x_wconf 45' lang='grc' dir='ltr'>πρσ-</span> <span class='ocrx_word' id='word_1_752' title='bbox 1208 5541 1365 5612; x_wconf 81' lang='grc' dir='ltr'>ἀνομ.</span> <span class='ocrx_word' id='word_1_753' title='bbox 1401 5543 1496 5612; x_wconf 67' lang='grc' dir='ltr'><strong><em>ύμ.</em></strong></span> <span class='ocrx_word' id='word_1_754' title='bbox 1528 5540 1778 5612; x_wconf 47' lang='grc' dir='ltr'>Πεὺνςειι</span> <span class='ocrx_word' id='word_1_755' title='bbox 1813 5542 2030 5595; x_wconf 69' lang='lat' dir='ltr'><strong><em>taedebit</em></strong></span> <span class='ocrx_word' id='word_1_756' title='bbox 2077 5557 2170 5612; x_wconf 74' lang='lat' dir='ltr'><strong><em>vos</em></strong></span> <span class='ocrx_word' id='word_1_757' title='bbox 2211 5542 2562 5612; x_wconf 89' lang='lat' dir='ltr'><strong>iniquitatum</strong></span> <span class='ocrx_word' id='word_1_758' title='bbox 2614 5554 2944 5598; x_wconf 84' lang='lat' dir='ltr'><strong><em>vestrarum.</em></strong></span> 
     </span>
    </p>
   </div>
   <div class='ocr_carea' id='block_1_108' title="bbox 2575 5441 3415 5600">
    <p class='ocr_par' dir='ltr' id='par_1_108' title="bbox 2575 5471 3415 5600">
     <span class='ocr_line' id='line_1_108' title="bbox 2575 5471 3410 5543; baseline -0.001 -17"><span class='ocrx_word' id='word_1_759' title='bbox 2575 5474 2621 5506; x_wconf 76' lang='grc'><strong><em>⁷⁸</em></strong></span> <span class='ocrx_word' id='word_1_760' title='bbox 2657 5475 2738 5527; x_wconf 87' lang='grc' dir='ltr'>οὺ.</span> <span class='ocrx_word' id='word_1_761' title='bbox 2778 5474 2823 5529; x_wconf 84' lang='grc' dir='ltr'><strong>Α</strong></span> <span class='ocrx_word' id='word_1_762' title='bbox 2851 5474 2979 5529; x_wconf 89' lang='lat' dir='ltr'><strong><em>add.</em></strong></span> <span class='ocrx_word' id='word_1_763' title='bbox 3030 5476 3102 5543; x_wconf 85' lang='grc' dir='ltr'>μή</span> <span class='ocrx_word' id='word_1_764' title='bbox 3224 5474 3270 5505; x_wconf 73' lang='grc'><strong><em>⁷⁸</em></strong></span> <span class='ocrx_word' id='word_1_765' title='bbox 3309 5471 3410 5525; x_wconf 76' lang='grc' dir='ltr'>ἔτι.</span> 
     </span>
     <span class='ocr_line' id='line_1_109' title="bbox 2614 5544 3415 5600; baseline -0.01 -2"><span class='ocrx_word' id='word_1_766' title='bbox 2614 5554 2944 5598; x_wconf 84' lang='lat' dir='ltr'><strong><em>vestrarum.</em></strong></span> <span class='ocrx_word' id='word_1_767' title='bbox 3052 5546 3096 5576; x_wconf 82' lang='grc'><strong><em>⁸¹</em></strong></span> <span class='ocrx_word' id='word_1_768' title='bbox 3136 5544 3178 5594; x_wconf 86' lang='grc' dir='ltr'><strong>Α</strong></span> <span class='ocrx_word' id='word_1_769' title='bbox 3209 5544 3265 5593; x_wconf 83' lang='grc' dir='ltr'><strong><em>ἐν</em></strong></span> <span class='ocrx_word' id='word_1_770' title='bbox 3296 5544 3415 5600; x_wconf 79' lang='grc' dir='ltr'>ταῖς</span> 
     </span>
    </p>
   </div>
   <div class='ocr_carea' id='block_1_109' title="bbox 159 5602 3413 5695">
    <p class='ocr_par' dir='ltr' id='par_1_109' title="bbox 159 5602 3413 5695">
     <span class='ocr_line' id='line_1_110' title="bbox 159 5602 3413 5695; baseline 0 -30"><span class='ocrx_word' id='word_1_771' title='bbox 159 5615 326 5695; x_wconf 64' lang='grc' dir='ltr'>ανομ.</span> <span class='ocrx_word' id='word_1_772' title='bbox 361 5614 457 5693; x_wconf 65' lang='grc' dir='ltr'><strong><em>υμ.</em></strong></span> <span class='ocrx_word' id='word_1_773' title='bbox 534 5613 581 5645; x_wconf 85' lang='grc'><strong><em>⁸³</em></strong></span> <span class='ocrx_word' id='word_1_774' title='bbox 618 5612 783 5695; x_wconf 43' lang='lat' dir='ltr'><strong><em>Aﬁr}</em></strong></span> <span class='ocrx_word' id='word_1_775' title='bbox 811 5614 921 5673; x_wconf 87' lang='grc' dir='ltr'>τοῖς</span> <span class='ocrx_word' id='word_1_776' title='bbox 957 5602 1097 5692; x_wconf 68' lang='grc' dir='ltr'>βςῖἐλ.</span> <span class='ocrx_word' id='word_1_777' title='bbox 1383 5602 1635 5695; x_wconf 48' lang='grc' dir='ltr'><strong><em>οῐᾶιςισρἔ</em></strong></span> <span class='ocrx_word' id='word_1_778' title='bbox 1672 5610 2226 5695; x_wconf 40' lang='lat' dir='ltr'><strong><em>DesLtutn‘iioc&#39;lnoco</em></strong></span> <span class='ocrx_word' id='word_1_779' title='bbox 2257 5602 2609 5695; x_wconf 39' lang='lat' dir='ltr'><strong><em>taugm‘dcinde~</em></strong></span> <span class='ocrx_word' id='word_1_780' title='bbox 2627 5624 2747 5695; x_wconf 73' lang='lat' dir='ltr'><strong><em>post</em></strong></span> <span class='ocrx_word' id='word_1_781' title='bbox 2779 5616 2926 5683; x_wconf 82' lang='grc' dir='ltr'>ὑμῖν,</span> <span class='ocrx_word' id='word_1_782' title='bbox 2961 5614 3011 5666; x_wconf 92' lang='lat' dir='ltr'><strong>in</strong></span> <span class='ocrx_word' id='word_1_783' title='bbox 3042 5616 3103 5666; x_wconf 68' lang='grc' dir='ltr'>Α.</span> <span class='ocrx_word' id='word_1_784' title='bbox 3181 5613 3224 5644; x_wconf 73' lang='grc'><strong><em>⁸⁷⁵</em></strong></span> <span class='ocrx_word' id='word_1_785' title='bbox 3357 5609 3413 5659; x_wconf 72' lang='lat' dir='ltr'><strong><em>In</em></strong></span> 
     </span>
    </p>
   </div>
   <div class='ocr_carea' id='block_1_110' title="bbox 166 5681 1699 5754">
    <p class='ocr_par' dir='ltr' id='par_1_110' title="bbox 166 5681 1699 5754">
     <span class='ocr_line' id='line_1_111' title="bbox 166 5681 1699 5754; baseline 0.001 -20"><span class='ocrx_word' id='word_1_786' title='bbox 166 5687 208 5734; x_wconf 82' lang='lat' dir='ltr'><strong>A</strong></span> <span class='ocrx_word' id='word_1_787' title='bbox 240 5681 469 5753; x_wconf 84' lang='lat' dir='ltr'><strong><em>ponitur</em></strong></span> <span class='ocrx_word' id='word_1_788' title='bbox 503 5690 629 5754; x_wconf 89' lang='lat' dir='ltr'><strong><em>post</em></strong></span> <span class='ocrx_word' id='word_1_789' title='bbox 656 5682 862 5753; x_wconf 80' lang='grc' dir='ltr'>ἡμέρᾳ,</span> <span class='ocrx_word' id='word_1_790' title='bbox 900 5682 1103 5736; x_wconf 84' lang='lat' dir='ltr'><strong><em>omisso</em></strong></span> <span class='ocrx_word' id='word_1_791' title='bbox 1137 5683 1221 5735; x_wconf 82' lang='grc' dir='ltr'><strong><em>ἄν.</em></strong></span> <span class='ocrx_word' id='word_1_792' title='bbox 1308 5681 1353 5713; x_wconf 74' lang='grc'>⁸⁸</span> <span class='ocrx_word' id='word_1_793' title='bbox 1391 5681 1515 5735; x_wconf 81' lang='grc' dir='ltr'>ἀπό.</span> <span class='ocrx_word' id='word_1_794' title='bbox 1543 5683 1583 5733; x_wconf 84' lang='grc' dir='ltr'>Α</span> <span class='ocrx_word' id='word_1_795' title='bbox 1615 5683 1699 5736; x_wconf 83' lang='grc' dir='ltr'>ἐκ.</span> 
     </span>
    </p>
   </div>
   <div class='ocr_carea' id='block_1_111' title="bbox 1787 5680 2845 5752">
    <p class='ocr_par' dir='ltr' id='par_1_111' title="bbox 1787 5680 2845 5752">
     <span class='ocr_line' id='line_1_112' title="bbox 1787 5680 2845 5752; baseline 0.001 -18"><span class='ocrx_word' id='word_1_796' title='bbox 1787 5683 1832 5715; x_wconf 78' lang='grc'><strong><em>⁸⁷</em></strong></span> <span class='ocrx_word' id='word_1_797' title='bbox 1875 5682 1917 5734; x_wconf 80' lang='grc' dir='ltr'><strong>Α</strong></span> <span class='ocrx_word' id='word_1_798' title='bbox 1949 5680 2200 5751; x_wconf 69' lang='grc' dir='ltr'>ἐγενήθη.</span> <span class='ocrx_word' id='word_1_799' title='bbox 2276 5683 2321 5714; x_wconf 74' lang='grc'><strong>⁸⁸</strong></span> <span class='ocrx_word' id='word_1_800' title='bbox 2358 5684 2404 5735; x_wconf 85' lang='grc' dir='ltr'><strong>Α</strong></span> <span class='ocrx_word' id='word_1_801' title='bbox 2438 5680 2845 5752; x_wconf 66' lang='grc' dir='ltr'>παροδεύοντος.</span> 
     </span>
    </p>
   </div>
  </div>
