3860 6206
373 288 396 352 1
411 289 513 354 195

1337 292 1829 354 TIIEODORETI
1869 292 2210 354 EPISCOPI
2241 294 2609 357 CYRENSIS

3518 294 3651 361 1196

371 419 536 461 uuam
594 402 645 457 in
711 420 871 458 manu
929 403 1101 459 .lualze.
1143 424 1161 455 ι
1214 402 1455 471 Faciam,
1515 403 1714 473 inquit,
1771 415 1827 459 ut
1859 406 1940 475 qu?

2057 407 2153 478 δην
2184 409 2389 462 εἰπεῖν’
2421 427 2439 459 ι
2486 409 2617 462 Ἰδοὺ
2649 406 2760 475 ἐγὼ
2810 406 3052 479 λήψομαι
3099 406 3196 479 τὴν
3240 406 3415 478 φυλὴν
3449 408 3648 480 Ἰωσὴφ

372 495 501 548 olim
561 495 773 563 seipsos
819 510 847 548 a
900 493 1051 548 Juda:
1081 509 1253 564 regno
1295 503 1642 564 separarum,
1675 494 1958 549 rursusil-

375 587 479 641 lius
534 595 840 655 agnoscant
883 586 1194 656 imperium,
1249 593 1302 640 et
1356 585 1555 639 iactant
1622 585 1956 642 divisionem

372 679 593 741 tiniam,
657 677 996 748 etIiciamque
1050 685 1111 732 ut
1170 693 1361 734 omnes
1425 677 1602 734 tribus
1655 678 1756 749 ipsi
1803 675 1959 733 Judie

370 767 646 824 communi
699 755 975 825 consensu
1023 768 1308 824 obcdiant.
1349 766 1767 841 [20,2l]Quod
1822 768 1953 823 item

368 860 611 929 apertius
639 860 1051 930 interpretatur.

2060 499 2157 569 τὴν
2188 499 2276 553 διὰ
2301 501 2482 573 χειρὸς
2530 501 2792 573 Ἐφραῒμ,
2820 501 2915 555 καὶ
2950 500 3048 565 τὰς
3079 500 3254 570 φυλὰς
3300 501 3523 573 Ἰσραὴλ
3549 504 3647 565 τὰς

2060 593 2463 663 προσκειμένας
2483 592 2621 665 πρὸς
2644 592 2856 655 “αὺτὸν,
2889 592 2983 646 καὶ
3012 591 3171 645 δώσω
3199 592 3372 651 αὑτὰς
3393 591 3438 623 ⁸⁷
3468 593 3576 646 ὑπὸ
3598 594 3644 625 ⁵⁸

2056 682 2155 754 τὴν
2180 684 2352 757 φυλὴν
2393 685 2585 752 Ἰούδα,
2617 686 2712 740 καὶ
2739 685 2955 739 ἔσονται
3000 687 3081 749 είς
3118 684 3317 756 ῥάϐδον
3348 686 3483 757 μίαν
3515 687 3572 739 ἐν
3601 689 3643 721 ⁸⁸

2055 777 2119 846 τῇ
2169 773 2314 846 χειρὶ
2358 776 2548 831 Ἰούδασ.
2601 796 2619 829 s
2654 778 2793 841 Τοὺς
2847 777 3053 841 πάλαι,
3096 777 3294 848 φησὶν,
3330 779 3644 849 άποσχοινί-

2056 884 2253 930 σαν-τας
2311 869 2543 933 ἑαυτοὺς
2595 869 2694 940 τῆς
2747 868 2845 923 τοῦ
2897 869 3069 923 Ἰούδα
3130 869 3407 939 βασιλείας
3466 887 3645 939 παρα-

370 949 622 1004 σκευάσω
670 950 834 1006 πάλιν
891 952 989 1023 τὴν
1040 950 1250 1006 ἐκείνου
1288 950 1587 1018 ἐπιγνῶναι
1632 955 1953 1027 ἡγεμονίαν,
1989 960 2083 1010 καὶ
2117 959 2311 1012 παύσω
2347 960 2444 1030 μὲν
2477 961 2579 1028 τὴν
2637 960 2940 1031 γενομένην
2980 960 3271 1031 διαίρεσιν,
3339 958 3645 1031 συμςςὼνως

365 1042 421 1097 δὲ
457 1043 672 1108 ἁπάσας
710 1042 810 1107 τὰς
845 1043 1017 1113 φυλὰς
1059 1042 1359 1096 ὑπακούειν
1388 1041 1466 1114 τῷ
1500 1044 1672 1116 Ἰούδᾳ
1715 1050 1946 1120 ποιήσω.
1988 1050 2097 1103 Καὶ
2119 1051 2178 1104 τὸ
2209 1051 2338 1104 αὐτὸ
2370 1051 2529 1104 πάλιν
2557 1051 2853 1124 ὲρμηνεύει
2898 1053 3254 1123 σαφέστερον.

448 1134 582 1189 Ecce
636 1152 729 1206 ego
763 1152 975 1189 assumo
1000 1151 1205 1189 onmem
1236 1136 1446 1189 domum
1496 1134 1668 1191 Israel
1697 1138 1759 1193 de
1782 1138 1951 1195 medio

363 1233 616 1305 gentium,
676 1228 743 1282 ad
790 1244 922 1290 quas
946 1227 1170 1297 ingressi
1208 1237 1349 1288 sunt,
1381 1236 1431 1280 et
1460 1230 1782 1299 congregabo
1808 1232 1952 1297 ipsos

364 1332 421 1382 in
445 1337 640 1381 terram
695 1320 885 1375 Israel.
920 1318 1111 1391 (Vsus.
1158 1318 1278 1388 9.2.)
1317 1317 1383 1371 Et
1413 1318 1613 1387 faciant
1640 1337 1725 1374 eos
1748 1331 1950 1391 gentem

374 1437 537 1476 unam
601 1418 656 1470 in
693 1425 834 1469 terra
863 1429 999 1477 mea,
1031 1422 1079 1466 et
1107 1412 1161 1466 in
1200 1412 1463 1466 montibus
1495 1410 1690 1475 Israel,
1726 1422 1775 1466 et
1802 1414 1953 1481 prin-

362 1527 479 1580 ceps
532 1525 667 1564 unus
722 1507 818 1561 erit
863 1488 967 1560 rea;
1008 1504 1241 1557 omnium
1283 1504 1540 1570 ipsorum.
1577 1503 1699 1558 llaec
1740 1505 1949 1560 exitum

362 1607 660 1659 consecuta
705 1606 854 1659 sunt,
908 1592 1211 1651 seeundum
1249 1591 1479 1663 ﬁguram
1503 1593 1721 1663 quidem
1756 1593 1809 1647 in
1843 1593 1950 1647 Zo-

363 1691 609 1754 robabel,
656 1695 915 1744 accurate
947 1693 1130 1740 autem
1174 1692 1229 1738 et
1275 1698 1405 1739 vere
1438 1685 1492 1738 in
1523 1685 1757 1740 Domino
1795 1685 1957 1740 Chri-

364 1792 474 1841 sto.
492 1781 680 1852 Neque
709 1779 858 1836 enim
877 1793 972 1833 rex
1003 1775 1105 1830 fuit
1136 1772 1466 1843 Zorobabel,
1497 1774 1594 1831 sed
1628 1775 1737 1831 dux
1768 1776 1955 1847 populi

354 1883 528 1945 atque
546 1873 851 1930 exercitus.

2133 1142 2290 1197 Ἰδοὺ
2319 1143 2432 1213 ἐγὼ
2477 1144 2760 1213 λαμϐάνω
2816 1144 3014 1199 πάντα
3067 1141 3238 1199 οἷκον
3288 1145 3530 1214 Ἰσραὴλ
3573 1147 3644 1200 ἐκ

2044 1231 2240 1301 μέσου
2264 1232 2382 1286 τῶν
2404 1234 2613 1299 ἐθνῶν,
2645 1230 2718 1290 οὗ
2756 1234 3050 1304 εἰσῆλθον
3084 1235 3229 1299 ἐκεῖ,
3269 1237 3366 1289 καὶ
3395 1236 3645 1299 συνάξω

2047 1324 2270 1390 αὐτοὺς
2295 1327 2382 1391 εὶς
2399 1325 2446 1356 ⁸ο
2465 1324 2578 1393 τὴν
2607 1324 2724 1395 γῆν
2754 1326 2859 1381 τοῦ
2894 1327 3168 1395 Ἰσραήλ.
3200 1326 3315 1397 (β’.)
3339 1328 3447 1381 Kal
3470 1327 3646 1382 δώσω

2046 1408 2271 1476 αὐτοὺς
2298 1410 2385 1476 εὶς
2400 1410 2575 1476 ἔθνος
2594 1410 2664 1464 ἐν
2696 1411 2770 1480 τῇ
2807 1412 2887 1482 γῆ
2920 1430 3063 1482 μου,
3100 1414 3197 1467 καὶ
3225 1416 3298 1468 ἐν
3324 1415 3450 1481 τοῖς
3475 1416 3643 1482 ὄρεσι

2047 1498 2155 1553 τοῦ
2212 1500 2473 1568 Ἰσραὴλ,
2516 1501 2616 1555 καὶ
2644 1500 2845 1570 ἄρχων
2871 1497 2960 1566 εἷς
2994 1505 3166 1557 ἔσται
3204 1503 3642 1559 πάντων³¹αὐ-

2049 1590 2172 1644 τῶν
2207 1594 2294 1657 εις
2335 1592 2621 1655 βασιλέα.
2654 1591 2841 1646 Ταῦτα
2882 1594 3121 1664 πέρατος
3150 1594 3415 1666 τετύχηκε
3438 1640 3449 1660 ,
3477 1615 3645 1651 τυπι-

2053 1680 2166 1745 κῶς
2198 1683 2297 1751 μὲν
2327 1683 2419 1736 ἐπὶ
2442 1683 2537 1737 τοῦ
2580 1684 2906 1754 Ζοροϐάϐελ,
2935 1685 3180 1756 ἀκριϐῶς
3209 1686 3266 1739 δὲ
3298 1688 3391 1739 καὶ
3421 1688 3644 1757 άληθῶς

2052 1773 2146 1824 ἐπὶ
2176 1772 2269 1825 τοῦ
2301 1772 2573 1826 Δεσπότου
2586 1774 2825 1844 Χριστοῦ
2851 1791 2864 1803 ·
2893 1774 3015 1827 οὐδὲ
3034 1774 3138 1845 γὰρ
3160 1774 3413 1845 βασιλεὺς
3430 1779 3642 1848 όΖορο-

2051 1864 2221 1918 ϐάϐελ
2244 1907 2259 1929 ,
2308 1865 2445 1919 ἀλλὰ
2501 1866 2833 1937 δημαγωγὸς
2896 1868 2991 1920 καὶ
3044 1868 3348 1938 στρατηγὸς
3393 1870 3639 1937 ἐγένετο.

431 1967 502 2022 Et
544 1981 647 2020 non
707 1972 859 2018 erunt
908 1960 1136 2030 amplius
1191 1960 1207 1981 '
1232 1958 1583 2030 dulegentes,
1616 1975 1778 2029 neque
1812 1959 1940 2013 divi-

2119 1957 2227 2011 Καὶ
2252 1959 2363 2011 οὐκ
2389 1956 2629 2011 ἔσονται
2657 1957 2744 2012 ἔτι
2772 1960 2855 2023 εις
2888 1957 2998 2011 δύο
3022 1957 3190 2026 ἔθνη,
3210 1959 3354 2012 οὐδὲ
3376 1959 3465 2027 μὴ
3493 1961 3643 2015 6m:-

361 2061 556 2113 tlentur
606 2055 835 2123 amplius
869 2054 925 2106 in
980 2051 1111 2106 duos
1152 2068 1317 2121 reges.
1354 2051 1548 2123 (Vsus.
1580 2052 1670 2115 25,
1700 2050 1821 2120 21.)
1863 2048 1945 2105 Ne

359 2150 670 2214 polluantur
719 2144 948 2214 amplius
982 2142 1139 2197 idolis
1156 2143 1292 2205 suis,
1320 2150 1368 2197 et
1392 2141 1769 2211 oﬁensionibus
1811 2140 1945 2205 suis,

360 2253 410 2295 et
449 2238 691 2294 omnibus
720 2232 1078 2305 intpietalibus
1106 2234 1243 2299 suis,
1263 2242 1312 2287 et
1344 2249 1529 2286 eruam
1563 2249 1650 2287 eos
1685 2232 1749 2285 ab
1776 2235 1946 2285 omni-

364 2333 458 2386 bus
521 2327 879 2398 impietatibus
953 2341 1157 2390 eorum,
1224 2328 1277 2379 in
1327 2323 1518 2395 quibus
1567 2308 1945 2393 peccaverunt,

361 2429 411 2475 et
472 2419 736 2473 mundabo
791 2433 902 2482 eos,
933 2424 983 2471 et
1028 2424 1184 2471 erunt
1217 2415 1346 2469 mihi
1375 2414 1619 2484 populus,
1656 2422 1705 2467 et
1735 2429 1828 2483 ego
1856 2429 1945 2467 ero

360 2513 437 2567 eis
476 2510 638 2565 Deus.
674 2508 888 2580 1000
916 2506 983 2561 Et
1015 2524 1195 2562 servus
1234 2522 1378 2569 meus
1416 2504 1584 2559 Dauid
1618 2504 1859 2575 princeps
1889 2505 1946 2558 in

361 2602 534 2655 medio
555 2599 808 2668 ipsorum,
839 2608 888 2653 et
911 2605 1099 2668 pastor
1123 2612 1260 2650 unus
1284 2596 1383 2649 erit
1415 2593 1657 2648 omnibus
1678 2593 1826 2661 ipsis.
1848 2591 1945 2649 His

360 2692 522 2747 etiam
545 2706 607 2746 ea
636 2698 966 2761 congruunt.
993 2704 1116 2759 quae
1132 2703 1161 2741 a
1194 2686 1427 2742 Domino
1450 2685 1671 2741 Christo
1697 2685 1753 2740 in
1770 2686 1946 2742 sacris

364 2781 671 2854 Evangeliis
719 2780 863 2836 dicta
912 2789 1042 2837 sunt
1074 2797 1089 2833 :
1123 2797 1141 2831 ι
1183 2778 1248 2833 Et
1270 2778 1407 2832 alias
1430 2793 1560 2833 oves
1598 2777 1794 2843 habeo,
1821 2793 1945 2848 quia:

361 2890 470 2930 non
525 2882 656 2930 sunt
690 2889 757 2928 ex
801 2873 903 2927 hoc
942 2872 1093 2937 ovili,
1131 2879 1185 2924 et
1231 2870 1355 2923 illas
1402 2875 1621 2937 oportet
1652 2884 1739 2923 me
1768 2868 1941 2923 addu-

358 2982 505 3032 cere,
549 2972 603 3021 et
651 2979 836 3020 vocem
885 2976 1059 3018 meam
1091 2960 1336 3025 audient,
1367 2970 1419 3014 et
1446 2959 1538 3013 lict
1566 2975 1735 3014 unum
1766 2961 1935 3026 ovile,

361 3076 504 3115 unus
574 3067 828 3130 pastorr.
870 3076 892 3112 ι
959 3055 1125 3110 Βατία
1207 3065 1388 3109 autem
1460 3053 1750 3110 Dominum
1806 3056 1942 3134 dicit

357 3150 662 3214 Christum,
713 3155 773 3203 ut
828 3164 893 3204 ex
946 3146 1148 3200 Davide
1168 3143 1470 3200 secundum
1497 3160 1718 3202 carnem
1749 3149 1941 3202 oriun-

357 3242 524 3307 dum;
554 3254 760 3295 servum
808 3253 937 3293 vero
1001 3245 1223 3307 propter
1288 3237 1585 3291 humanam
1637 3244 1937 3292 naturam:

365 3353 382 3384 ι
425 3332 563 3386 Cum
596 3331 742 3387 enim
777 3329 831 3382 in
864 3328 1039 3382 l‘orma
1069 3326 1161 3382 Dei
1187 3334 1359 3391 esset,
1389 3324 1625 3381 formam
1660 3328 1807 3384 servi
1841 3343 1934 3385 as-

359 3422 667 3493 sumpsitq.
718 3438 736 3472 ι
770 3419 842 3475 Ut
898 3419 1063 3489 igitur
1103 3426 1441 3491 assumptam
1474 3427 1725 3473 naturam
1749 3426 1936 3475 osten-

357 3516 474 3582 dat,
513 3528 720 3567 servum
766 3510 1125 3579 nuncupavit,
1160 3508 1437 3579 siquidem
1470 3523 1501 3564 e
1522 3510 1706 3565 servili
1736 3526 1932 3567 secun-

357 3605 486 3659 dum
528 3616 749 3658 carnem
794 3610 989 3655 natura
1024 3599 1246 3670 genitus
1290 3607 1395 3656 est.
1426 3598 1545 3655 Non
1566 3600 1712 3655 enim
1740 3616 1935 3658 servus

356 3703 439 3751 est
496 3693 758 3748 Dominus
807 3691 1051 3745 omnium
1112 3688 1475 3761 Unigenitus:
1546 3708 1724 3762 neque
1763 3692 1931 3758 enim,

355 3790 627 3854 quatenus
659 3781 800 3835 Deus
836 3787 944 3844 est,
977 3778 1148 3834 Dauid
1183 3780 1516 3846 nominatur,
1541 3781 1638 3836 sed
1664 3787 1936 3850 quatenus

356 3891 420 3931 es
452 3873 672 3935 Davide,
704 3872 873 3926 David
914 3872 1239 3942 appellatur,
1266 3872 1568 3928 secundum
1600 3869 1936 3940 assumptio-

356 3978 479 4018 nem
509 3971 690 4018 autem
718 3977 915 4018 servus
954 3970 1057 4019 est.
1083 3962 1238 4029 Quod
1269 3962 1317 4018 si
1342 3977 1373 4018 e
1395 3977 1555 4019 servo
1581 3962 1724 4017 hanc
1761 3961 1929 4017 etiam

354 4061 608 4110 naturam
660 4052 897 4109 Verbum
941 4054 1088 4109 Deus
1107 4053 1276 4107 homo
1298 4051 1479 4108 factus
1513 4049 1782 4121 suscepit,
1819 4065 1929 4104 non

354 4144 541 4201 amisit
591 4144 739 4214 quod
779 4151 921 4207 erat,
959 4142 1054 4199 scd
1121 4142 1326 4197 unitam
1366 4156 1490 4196 cum
1523 4139 1708 4195 divina
1733 4150 1929 4195 natura

354 4234 749 4290 humanitatem
808 4240 1054 4290 nostram
1108 4232 1404 4304 gloriosam
1454 4230 1711 4287 reddidit.
1759 4231 1929 4287 Docet

352 4325 523 4398 igitur
561 4324 880 4396 prophetica
909 4324 1110 4386 oratio,
1136 4323 1473 4393 impietatem
1496 4321 1832 4377 exstinctum
1856 4321 1925 4376 iri

353 4428 409 4474 et
461 4417 815 4473 colendorum
873 4413 1147 4473 idolorum
1203 4428 1467 4480 errorem,
1523 4427 1927 4483 regnorumque

352 4510 677 4567 divisionem
704 4523 813 4564 uno
840 4507 1058 4564 tandem
1090 4505 1318 4575 imperio
1350 4504 1749 4560 terminandam
1779 4519 1920 4570 esse,

352 4602 456 4657 sub
496 4615 608 4672 quo
651 4601 936 4670 degentes,
983 4606 1039 4652 et
1068 4596 1138 4650 ab
1163 4610 1275 4650 uno
1304 4603 1524 4664 pastore
1556 4595 1722 4664 pasti,
1754 4593 1920 4650 Deum

353 4708 512 4748 suum
542 4700 597 4747 et
619 4690 907 4745 Dominum
933 4686 1206 4757 cognituri
1239 4686 1371 4740 sint.

2040 2047 2302 2117 ρεθῶσιν
2320 2048 2407 2101 ἔτι
2434 2051 2522 2113 εις
2554 2047 2665 2103 δύο
2688 2048 2973 2117 ,ϐασιλεῖς
2992 2048 3059 2102 ⁸³.
3085 2050 3213 2119 (κγ’,
3247 2050 3371 2119 κδ’.)
3399 2052 3531 2106 Ἵνα
3542 2052 3640 2121 μὴ

2041 2141 2391 2210 μιαίνωνται
2430 2139 2519 2193 ἔτι
2565 2141 2637 2194 ἐν
2668 2139 2794 2207 τοῖς
2842 2139 3109 2208 εἰδώλοις
3151 2141 3373 2207 αὐτῶν,
3413 2144 3509 2198 καὶ
3562 2146 3643 2198 ἐν

2046 2228 2170 2295 τοῖς
2198 2229 2732 2299 προσοχθίσμασιν
2763 2228 2985 2296 αὐτῶν,
3019 2230 3118 2285 καὶ
3145 2230 3219 2285 ἐν
3246 2232 3472 2298 πάσαις
3502 2233 3643 2299 ταῖς

2047 2319 2352 2386 ἀσεϐείαις
2407 2320 2606 2375 αὐτῶν
2627 2336 2644 2352 ο
2673 2320 2774 2375 καὶ
2801 2322 3068 2392 ῥύσομαι
3110 2322 3335 2388 αὐτοὺς
3371 2324 3490 2378 ἀπὸ
3522 2340 3643 2378 πα-

2045 2410 2175 2465 σῶν
2202 2410 2323 2465 τῶν
2351 2410 2640 2467 ἀσεϐειῶν
2657 2412 2704 2446 ⁸³
2732 2411 2954 2479 αὐτῶν,
2983 2406 3071 2466 ὧν
3121 2412 3390 2483 ἥμαρτον
3416 2414 3486 2468 ἐν
3531 2417 3645 2469 αὐ-

2043 2498 2193 2565 ταῖς,
2237 2500 2337 2555 καί
2375 2486 2636 2568 κάθαριῶ
2678 2500 2924 2566 αὐτοὺς,
2959 2500 3061 2555 καί
3106 2500 3359 2556 ἔσονταί
3390 2520 3496 2572 μοι
3542 2507 3642 2571 εὶς

2041 2592 2218 2656 λαὸν,
2245 2591 2346 2644 καὶ
2368 2591 2484 2661 ἐγὼ
2509 2593 2724 2662 ἔσομαι
2741 2592 2949 2658 αὐτοῖς
2970 2594 3061 2659 είς
3093 2594 3260 2647 Θεόν.
3288 2595 3401 2647 Kal
3442 2598 3477 2649 ό
3499 2594 3644 2650 δοῦ-

2042 2683 2154 2749 λός
2186 2701 2306 2753 μου
2347 2684 2527 2739 Δαϐὶδ
2560 2684 2763 2753 ἄρχων
2802 2684 2875 2739 ἐν
2913 2684 3082 2756 μέσῳ
3112 2685 3347 2751 αὐτῶν,
3371 2687 3472 2744 καὶ
3511 2704 3641 2742 ποια

2041 2775 2170 2846 μὴν
2207 2772 2297 2843 εἷς
2325 2776 2497 2831 ἔσται
2543 2776 2738 2832 πᾶσιν
2782 2776 2987 2844 αὐτοῖς
3015 2777 3083 2833 ⁸⁵.
3106 2778 3331 2842 Τούτοις
3367 2779 3640 2850 ἁρμόττει

2044 2870 2140 2924 καὶ
2163 2868 2231 2922 τὰ
2248 2871 2306 2924 ἐν
2344 2871 2459 2933 τοῖς
2496 2868 2661 2940 ἱεροῖς
2691 2866 3052 2937 Εὐαγγελίοις
3090 2869 3196 2924 ὑπὸ
3229 2868 3325 2924 τοῦ
3352 2870 3637 2923 Δεσπότου

2043 2960 2281 3031 Χριστοῦ
2323 2961 2589 3033 είρημένα
2621 2976 2635 2990 ’
2671 2979 2690 3012 s
2741 2961 2853 3013 Καὶ
2882 2960 3021 3015 ἄλλα
3072 2961 3128 3014 δὲ
3159 2961 3411 3030 πρόϐατα
3450 2961 3635 3031 Extant

2042 3053 2142 3106 οὐκ
2171 3050 2317 3105 ἐστιν
2350 3052 2415 3104 ὲκ
2440 3052 2540 3122 τῆς
2560 3050 2730 3122 αὐλῆς
2750 3051 2985 3122 ταύτης·
3023 3052 3251 3109 κάκεῖνά
3280 3069 3350 3123 με
3381 3052 3467 3106 δεῖ
3491 3054 3635 3122 ἁγα-

2043 3145 2179 3212 γεῖν,
2205 3142 2299 3196 καὶ
2348 3143 2449 3213 τῆς
2499 3143 2682 3213 φωνῆς
2713 3159 2815 3212 μου
2848 3142 3142 3197 ἁκούσουσι
3163 3185 3180 3211 ,
3207 3143 3303 3198 καὶ
3332 3144 3636 3213 γενήσεται

2047 3232 2146 3302 μία
2190 3232 2427 3302 ποίμνη,
2479 3227 2562 3295 εἷς
2608 3233 2837 3303 ποιμήν.
2898 3250 2918 3284 s
2963 3233 3128 3288 Δαϐλδ
3164 3234 3233 3309 ,δὲ
3281 3233 3430 3302 λέγει
3465 3235 3514 3266 ⁸⁸
3543 3252 3634 3287 τον

1965 3303 2008 3361 C
2043 3323 2320 3392 Δεσπότην
2362 3324 2616 3395 Χριστὸν,
2647 3325 2724 3387 ὠς
2757 3327 2820 3379 ἐκ
2854 3324 3020 3379 Δαϐὶδ
3045 3304 3187 3379 κατά
3232 3325 3416 3396 σάρκα
3444 3326 3511 3380 τὸ
3540 3329 3633 3396 γέ-

2043 3432 2132 3479 νος
2183 3415 2528 3484 κατάγοντα·
2560 3416 2788 3470 δοῦλον
2834 3415 3083 3483 δὲ⁸⁶,διὰ
3125 3416 3225 3487 τὴν
3273 3416 3632 3488 ἀνθρωπείαν

2043 3506 2235 3575 φύσιν·
2268 3508 2324 3560 ὲν
2354 3508 2534 3577 μορφῇ
2582 3507 2691 3578 γὰρ
2716 3506 2851 3560 Θεοῦ
2886 3508 3151 3578 ὑπάρχων
3191 3506 3411 3577 μορφὴν
3437 3507 3632 3562 δούλου

2041 3597 2253 3652 ἔλαϐεν.
2281 3598 2399 3651 Ἵνα
2427 3599 2607 3650 τοίνυν
2632 3599 2729 3669 τὴν
2749 3598 3046 3668 ληφθεῖσαν
3075 3596 3223 3669 δείξῃ
3256 3597 3443 3667 φύσιν,
3475 3597 3625 3652 δοῦ-

2039 3692 2154 3743 λον
2204 3689 2636 3761 προσηγόρευσε,
2690 3690 3010 3755 τουτέστιν,
3056 3691 3124 3743 ἐκ
3170 3688 3425 3759 δουλικῆς
3484 3689 3632 3743 κατὰ

2042 3781 2222 3852 σάρκα
2252 3781 2540 3848 γεγένηται
2567 3780 2804 3850 φύσεως.
2838 3782 2913 3835 Οὐ
2950 3780 3060 3853 γὰρ
3088 3780 3273 3845 δοῦλος
3313 3784 3342 3835 ὁ
3377 3782 3631 3851 Μονογε-

2040 3870 2156 3941 νὴς,
2205 3873 2230 3924 ὁ
2285 3870 2393 3925 τῶν
2442 3872 2700 3926 ἁπάντων
2738 3873 3016 3942 Δεσπότης
3053 3888 3068 3903 ⁸
3100 3871 3224 3926 οὔτε
3266 3872 3377 3945 γὰρ
3422 3866 3459 3945 ᾖ
3494 3874 3630 3938 Θεὸς

2038 3963 2217 4017 Δαϐὶδ
2252 3962 2577 4036 ὀνομάζεται
2609 3980 2623 3995 ·
2658 3964 2776 4018 ἀλλ’
2812 3958 2845 4037 ᾖ
2879 3966 2944 4018 ὲκ
2981 3963 3180 4031 Δαϐὶδ,
3226 3962 3409 4018 Δαόίδ
3447 3980 3628 4035 προσ-

2038 4054 2378 4125 αγορεύεται,
2414 4054 2559 4108 κατὰ
2586 4056 2631 4088 ⁸⁷
2662 4054 2763 4126 τὴν
2799 4055 3109 4127 πρόσληψιν
3147 4056 3206 4109 δὲ
3229 4055 3440 4119 δοῦλος.
3472 4056 3542 4111 Et
3570 4058 3629 4111 δι

2037 4147 2132 4202 καὶ
2152 4147 2218 4200 ὲκ
2240 4146 2430 4200 δούλου
2458 4146 2664 4217 ταύτην
2686 4145 2915 4201 ἀνέλαϐε
2942 4148 3041 4218 τὴν
3067 4146 3229 4216 φύσιν
3260 4148 3627 4219 ἑνανθρωπή-

2037 4250 2138 4299 σας
2155 4235 2183 4288 ὁ
2212 4233 2346 4298 Θεὸς
2371 4235 2567 4303 Λόγος,
2598 4235 2700 4289 οὐκ
2732 4233 3024 4288 ἀποϐαλὼν
3054 4234 3084 4288 ὃ
3110 4229 3201 4307 ἦν,
3230 4234 3368 4289 ἀλλὰ
3388 4239 3456 4308 τῇ
3483 4239 3626 4308 πρὸς

2031 4328 2133 4398 τὴν
2163 4325 2314 4381 θείαν
2344 4324 2505 4395 φύσιν
2549 4324 2741 4380 ἑνώσει
2770 4326 2833 4380 τὸ
2881 4327 3154 4397 ἡμέτερον
3182 4324 3436 4390 δοξάσας.
3462 4327 3626 4382 Διδά-

2035 4436 2155 4474 σκει
2181 4418 2362 4473 τοίνυν
2391 4420 2420 4472 ὁ
2448 4417 2786 4491 προφητικδς
2810 4418 2993 4487 λόγος,
3016 4418 3092 4479 ὡς
3129 4416 3496 4488 σϐεσθησεται
3524 4419 3624 4487 μὲν

2033 4515 2067 4585 ἡ
2092 4511 2315 4567 ἀσέϐεια
2337 4511 2431 4566 καὶ
2454 4513 2488 4582 ἡ
2523 4512 2653 4582 περὶ
2693 4510 2765 4565 τὰ
2796 4510 2992 4565 εἴδωλα
3032 4509 3233 4581 πλάνη,
3266 4508 3422 4573 τέλος
3447 4510 3505 4564 δὲ
3537 4512 3624 4581 λή-

2029 4604 2191 4673 ψεται
2219 4601 2328 4655 τῶν
2374 4600 2661 4672 βασιλειῶν
2709 4603 2743 4671 ἠ
2772 4600 3038 4672 διαίρεσις
3057 4637 3074 4665 ,
3100 4601 3197 4654 καὶ
3244 4601 3325 4664 είς
3363 4600 3501 4669 μίαν
3530 4617 3622 4653 τε-

2032 4689 2251 4753 λοῦντες
2265 4691 2368 4761 ηγε
2377 4688 2589 4761 μονίαν,
2617 4690 2714 4744 καὶ
2731 4690 2821 4760 ὑφ’
2837 4690 2954 4754 ἑνὸς
2985 4706 3077 4743 ποι
3084 4690 3405 4761 μαινόμενοι
3417 4706 3511 4744 ποι
3518 4689 3617 4759 μέ-

2034 4803 2143 4849 νος,
2166 4785 2260 4839 τὸν
2289 4784 2499 4838 ἑαυτῶν
2520 4782 2921 4851 ὲπιγνώσονται
2942 4782 3075 4837 Θεόν
3102 4799 3160 4837 τε
3188 4782 3285 4836 καὶ
3312 4780 3615 4851 Δεσπότην.

421 4871 493 4928 Ει
520 4872 574 4925 in
611 4871 884 4939 pra’ceptis
908 4868 1037 4923 meis
1079 4863 1445 4933 ambulabunt,
1489 4879 1539 4922 et
1558 4871 1766 4938 judicia
1817 4891 1927 4930 mea

2102 4875 2214 4929 Kal
2241 4876 2286 4907 ⁸⁸
2309 4875 2382 4928 ἐν
2420 4874 2547 4937 τοῖς
2592 4874 3017 4943 προστάγμασί
3041 4891 3159 4943 μου
3191 4874 3612 4941 πορεύσονται,

352 4966 665 5027 custodierit,
707 4971 758 5018 et
793 4963 987 5030 facient
1033 4974 1115 5011 ea.
1153 4954 1345 5025 (Vsus.
1390 4956 1480 5029 25)
1520 4960 1585 5015 Ει
1614 4963 1929 5021 Itabitabunt

352 5056 403 5105 in
458 5065 603 5109 terra
646 5071 764 5119 sua,
818 5066 975 5121 quam
1001 5048 1123 5103 dedi
1168 5066 1317 5105 serra
1372 5068 1483 5106 meo
1534 5054 1806 5124 Jacob,in
1828 5075 1931 5127 qua

392 5168 599 5222 PJoan.
634 5184 687 5231 κ,
722 5166 804 5220 l6.
879 5176 905 5215 ει
936 5166 1170 5236 Philipp.
1199 5180 1259 5231 tt,
1297 5164 1350 5222 6.

2035 4965 2227 5020 καὶτὰ
2262 4964 2515 5035 κρίματά
2541 4983 2661 5035 μου
2690 4964 3086 5034 φυλάξονται,
3110 4963 3207 5019 καί
3242 4963 3617 5031 ποιήσουσιν

2032 5056 2332 5130 αὑτά.(κε’)
2389 5057 2498 5111 Kal
2540 5057 3015 5125 κατοικήσουσιν
3060 5055 3162 5109 ἐπὶ
3191 5053 3301 5123 τῆς
3357 5054 3464 5125 τῆς
3497 5055 3609 5106 αὐ-

1728 5283 1965 5340 νΑῐὶῐΔΞ
1997 5283 2405 5341 LECTIONES.

416 5442 464 5474 ⁸⁷
501 5441 547 5495 Α
564 5440 779 5504 αὐτούς.

853 5441 898 5474 ⁸⁸
939 5443 1063 5496 ὑπό.
1098 5442 1136 5494 Α
1168 5451 1221 5497 ct
1244 5441 1291 5495 -Β
1311 5443 1425 5496 ἐπί.
1504 5441 1549 5472 δ’
1590 5442 1667 5495 ὲν.
1705 5441 1831 5497 Des.
1871 5442 1923 5495 in
1956 5442 2021 5499 Α.
2100 5443 2146 5474 ⁸⁸
2185 5444 2284 5504 εἰς,
2312 5460 2365 5496 κ.
2395 5458 2445 5495 τ.
2470 5442 2520 5496 λ.
2548 5440 2604 5495 in
2634 5442 2675 5496 Α

2713 5457 2910 5513 ιπωιιῖ.⁸
2922 5442 3053 5513 ,άπὸΔ
3068 5441 3299 5513 πάντων,
3317 5443 3421 5497 τῶν
3444 5457 3515 5513 πε
3522 5459 3609 5513 ριςτ

352 5508 536 5594 κύκλῳ
565 5510 767 5594 αρτῶν,
807 5514 902 5594 καὶ
934 5512 1370 5594 εἰσάξωεαὺτούς.
1446 5511 1500 5594 ’ξ’
1534 5512 1774 5594 πάντῶν,
1809 5520 1861 5594 e_t
1891 5510 2086 5594 deinde
2116 5514 2197 5594 είς
2232 5512 2456 5594 βασιλέα
2478 5552 2493 5575 ,
2528 5512 2645 5594 des:
2687 5508 2836 5594 in_A.
2868 5510 3007 5594 yide
3037 5511 3230 5594 Menti:
3252 5508 3602 5594 _llex_apla.'a:l

354 5584 409 5653 lt.
443 5581 541 5653 1.
580 5581 707 5653 "HA
740 5581 1035 5653 βασιλείας.

1130 5580 1177 5613 ⁸³
1214 5583 1259 5634 Α
1300 5580 1564 5651 ἀνομιῶν.
1622 5580 1782 5651 Hebr.
1832 5580 2283 5651 habitationibus.

357 5650 400 5681 ⁸⁴
439 5652 582 5707 δοῦλ.
615 5652 693 5719 δὲ,
728 5650 779 5708 κ.
805 5669 854 5707 τ.
880 5653 927 5705 λ.
951 5653 1084 5707 Vide
1113 5668 1303 5722 supra,
1343 5650 1413 5706 ad
1443 5665 1562 5721 cap.
1600 5650 1688 5716 54,
1723 5651 1813 5704 25.
1889 5651 1935 5682 ⁵⁷
1978 5652 2136 5706 κατά.
2163 5652 2223 5707 In
2257 5650 2299 5704 Β
2333 5666 2521 5723 prtem.
2550 5651 2694 5708 οὐδέ.

2382 5581 2428 5614 ⁸⁸
2468 5599 2528 5634 π.
2580 5582 2704 5637 αὐτ.
2736 5585 2778 5633 Α
2810 5582 3046 5635 πάντων.
3124 5581 3169 5613 ⁵⁸
3193 5581 3325 5653 λέγ.
3357 5585 3395 5636 Β
3416 5581 3600 5635 καλεῖ.

2382 5666 2521 5705 rtem.
2550 5651 2694 5705 οὐδέ.
2787 5651 2831 5683 ⁸⁸
2869 5650 2981 5705 καί.
3018 5653 3063 5704 Δ
3095 5651 3197 5705 ὃτι.

2869 5668 2981 5706 και.
3018 5668 3063 5704 Δ
3095 5668 3197 5706 οτι.
