3860 6206
268 324 398 393 1197

1370 310 1444 371 lN
1470 302 1917 369 EZECHIELIS
1946 305 2104 367 CAP.
2137 306 2461 371 XXXVIII.

3381 302 3516 369 1198

265 433 400 503 τῶν,
426 433 506 503 ἣν
525 433 717 489 ἔδωκα
743 430 787 462 ¹⁹
814 426 893 494 τῷ
943 425 1141 492 δούλῳ
1190 439 1311 494 μου
1351 419 1591 481 Ἰακὼϐ,
1621 416 1691 468 ἐν
1720 407 1758 484 ᾖ
1788 413 1833 444 co

1959 414 2303 472 rabitaverunt
2330 426 2508 488 patres
2536 415 2796 485 ipsorum,
2819 421 2866 468 et
2894 410 3205 467 habitabant
3231 411 3437 482 1001
3459 414 3513 466 in

263 525 627 592 κατῴκησαν
650 520 777 577 ἐκεῖ
816 522 870 574 ol
900 517 1153 586 πατέρες
1188 513 1386 570 αὐτῶν
1408 513 1477 576 ⁶¹,
1500 509 1597 563 καί
1636 509 1680 541 ⁶²
1705 520 1840 559 κατ-

263 617 625 685 οικήσουσιν
660 610 754 664 ἐπ’
785 607 976 676 αὐτῆς
1007 606 1200 672 αὐτοί,
1243 605 1342 659 καὶ
1373 605 1427 657 ol
1471 600 1590 656 υἱοί
1619 597 1839 663 αὐτῶν,

265 712 359 764 καί
385 708 435 740 ⁸³
458 710 513 762 cl
535 705 653 761 υἱοί
674 702 793 758 τῶν
823 700 970 757 υΙῶν
990 697 1189 753 αὐτῶν
1225 697 1337 762 ἕως
1359 694 1593 759 αἰῶνος·
1618 690 1715 744 καί
1743 690 1844 743 Δα-

264 799 358 856 me
409 801 444 852 ὁ
495 795 720 861 δοῦλός
742 807 862 862 μου
912 789 1113 858 ἄρχων
1154 784 1355 840 αὐτῶν
1383 784 1555 839 ἐσται
1596 781 1682 845 εἰς
1735 776 1843 832 τὸν

265 887 465 942 αἰῶνα.
486 883 811 938 Είπάτωσαν
836 880 885 932 οἰ
901 878 945 910 ⁸⁸
978 875 1237 938 Ἰουδαῖοι,
1267 874 1353 937 τίς
1378 874 1406 927 ὁ
1424 869 1641 932 αἰώνιος
1661 865 1841 920 αὐτῶν

267 979 516 1053 βασιλεὺς
537 974 701 1029 Δαϐὶδ
731 968 1295 1045 προσαγορευόμενος.
1330 965 1454 1019 Ὅτι
1489 962 1586 1035 μὲν
1613 960 1722 1029 γὰρ
1749 959 1841 1013 οὺ-

264 1071 449 1142 δαμῶς
475 1068 554 1139 τῷ
583 1062 892 1139 Ζοροϐάϐελ
920 1061 1283 1134 ἁρμόττουσιν
1313 1058 1370 1111 αἱ
1394 1053 1642 1109 τοιαῦται
1674 1067 1842 1121 προσ-

265 1140 509 1234 ηγορίαι,
532 1158 625 1211 καὶ
663 1153 818 1208 αὐτοὶ
842 1153 907 1206 ἂν
936 1149 1285 1221 συμφαίησαν
1306 1163 1320 1178 ·
1355 1144 1572 1216 πρῶτον
1597 1143 1697 1212 μὲν
1733 1140 1843 1211 1&9

266 1253 385 1307 οὐδὲ
409 1247 729 1320 βασιλεύων,
753 1243 891 1299 ἀλλὰ
934 1240 1283 1312 δημαγωγῶν
1307 1239 1575 1293 διετέλεσε
1612 1253 1625 1267 °
1653 1234 1845 1287 ἔπειτα

266 1347 322 1398 δὲ
348 1343 446 1397 καί
492 1339 632 1411 αὑτὴ
670 1337 853 1407 ἐκείνη
879 1338 912 1407 ἡ
942 1331 1214 1406 ἡγεμονία
1254 1330 1334 1402 τῷ
1361 1329 1576 1399 θανάτῳ
1605 1324 1840 1394 διελύθη.

269 1439 330 1490 Εἰ
372 1436 429 1489 δὲ
462 1435 544 1497 εἰς
596 1432 658 1485 τὸ
700 1428 986 1484 Δαϐιδικδν
1037 1425 1197 1495 γένος
1242 1423 1335 1477 τὸν
1389 1420 1605 1476 αἰώνιον
1656 1417 1844 1475 τοῦτον

268 1525 606 1596 λαμϐάνουσι
640 1519 828 1585 Δαϐἰδ,
862 1516 1195 1584 δειξάτωσαν
1235 1513 1331 1567 τοῦ
1372 1511 1535 1566 Δαϐἰδ
1564 1507 1845 1581 βασιλεῦον

266 1620 328 1671 τὺ
363 1616 552 1686 γένος·
587 1614 636 1666 εἰ
694 1612 752 1666 δὲ
803 1609 939 1683 πρὸς
994 1611 1064 1680 τῇ
1121 1604 1369 1679 βασιλείᾳ
1419 1603 1513 1658 καὶ
1569 1601 1701 1656 αὐτὸ
1749 1599 1845 1653 τοῦ

269 1708 432 1763 Δαϐἰδ
454 1707 517 1760 τὺ
554 1706 710 1775 γένος
748 1702 974 1774 ἄδηλον,
1003 1701 1097 1753 ἐπὶ
1133 1697 1228 1752 τοῦ
1274 1696 1541 1767 παρόντος
1567 1694 1710 1747 δυοῖν
1746 1691 1845 1746 θά-

266 1816 425 1873 τερον
447 1766 748 1869 ἀνάγκη,νῆ
769 1766 941 1865 ψεύδῆ
972 1791 1073 1863 τὴν
1103 1766 1443 1860 προφητείαν
1483 1782 1840 1851 ὑπολαϐεῖν,ἢ
1879 1766 1921 1821 Β

268 1891 362 1945 τοῦ
410 1888 683 1942 Δεσπότου
734 1883 973 1956 Χριστοῦ
1031 1880 1127 1935 τοῦ
1168 1881 1234 1932 ὲκ
1279 1875 1442 1930 Δαϐἰδ
1484 1873 1626 1928 κατὰ
1667 1873 1844 1944 σάρκα

270 1979 651 2053 προσκυνῆσαι
673 1976 771 2048 τὴν
802 1971 1101 2045 βασιλείαν.
1135 1970 1255 2024 Ὅτι
1287 1967 1343 2022 δὲ
1384 1964 1620 2036 ἀψευδὴς
1645 1964 1679 2034 ἡ
1711 1979 1847 2033 προ-

270 2071 495 2143 φητεία,
524 2069 622 2123 καί
662 2066 817 2120 αὐτοὶ
859 2060 1381 2132 συνομολογήσαιεν·
1413 2057 1462 2110 εἰ
1500 2056 1558 2109 δὲ
1587 2053 1845 2123 ἀψευδὴς,

270 2161 559 2235 ὥσπεροῦν
585 2157 844 2230 ἀψευδὴς,
863 2156 958 2210 καὶ
988 2154 1085 2224 οὐχ
1109 2151 1325 2224 ὁρῶμεν
1350 2150 1542 2221 ἑτέραν
1581 2144 1847 2200 Ἰουδαίων

274 2233 576 2327 βασιλείαν,
609 2247 735 2302 οῦτε
767 2248 877 2318 μὴν
917 2243 1050 2298 αὐτὸ
1074 2240 1168 2296 τοῦ
1200 2239 1363 2294 Δαϐἰδ
1398 2237 1461 2291 τὸ
1498 2236 1654 2307 γένος
1692 2233 1849 2304 δῆλον

272 2324 512 2416 ῦπάρχει
545 2341 640 2395 καὶ
687 2337 963 2409 γνώριμον
984 2351 997 2364 ·
1031 2334 1224 2403 κρατεῖ
1246 2330 1323 2396 δὲ,
1358 2330 1432 2393 ὡς
1457 2329 1519 2381 ὲκ
1560 2325 1724 2381 Δαϐὶδ
1753 2324 1851 2393 μὲν

272 2413 811 2502 κατα-σαρκωΥἰίις
856 2426 910 2479 δὲ
958 2423 1098 2478 Θεοῦ
1151 2421 1295 2476 κατὰ
1323 2419 1421 2490 τὴν
1470 2416 1731 2487 θεότητα,
1758 2413 1854 2467 καὶ

272 2524 496 2581 αἰώνιον
537 2522 651 2592 ἔχει
675 2519 737 2572 τὸ
764 2517 964 2588 κράτος
982 2532 997 2547 ·
1032 2514 1166 2585 δήλη
1194 2512 1287 2565 καὶ
1320 2511 1495 2580 σαφὴς
1526 2508 1620 2560 καὶ
1648 2507 1683 2577 ἡ
1712 2502 1854 2557 ὲκεί-

272 2634 378 2671 νων
394 2609 768 2684 ὲμϐροντησία
791 2607 883 2661 καὶ
921 2604 1168 2665 ἀπιστία.
1190 2601 1286 2655 καὶ
1307 2602 1340 2671 ἡ
1362 2598 1609 2671 ἡμετέρα
1633 2596 1856 2667 θεογνω-

274 2707 386 2761 σία.
418 2702 639 2757 Βεϐαιοῖ
682 2699 791 2771 γὰρ
834 2699 904 2752 τὰ
954 2696 1223 2767 εἰρημένα
1262 2693 1359 2746 καὶ
1395 2691 1463 2745 τὰ
1514 2687 1852 2759 ὲπαγόμενα.

270 2800 414 2870 Φησὶ
436 2798 547 2867 γάρ
567 2810 583 2825 ·

345 2844 466 2953 σιςί
498 2844 607 2941 ὲαί
646 2880 1003 2950 διαθήσομαι
1031 2877 1235 2943 αὐτοῖς
1263 2872 1557 2940 διαθήκην
1588 2844 1861 2938 είρήγης,¹

272 2979 534 3047 διαθήκη
567 2974 805 3038 αἰώνιος
837 2973 882 3006 ⁸³
904 2971 1077 3025 ἔσται
1103 2969 1230 3039 μετ’
1263 2963 1481 3020 αὐτῶν.
1515 2959 1857 3023 Δειξάτωσαν

271 3045 456 3128 τοίνυν
477 3045 613 3140 ἡμῖν
637 3067 672 3136 ἢ
703 3064 802 3130 τὴν
835 3063 933 3133 τῆς
965 3061 1190 3133 εἰρήνης
1214 3055 1498 3125 διαθήκην,
1523 3051 1556 3123 ἦ
1582 3051 1691 3120 ’τὴν
1728 3045 1857 3102 αἰώ-

270 3184 388 3220 νιον
411 3179 425 3194 ·
452 3162 569 3218 ἀλλ’
597 3161 699 3213 οὐκ
741 3157 807 3212 ἂν
834 3154 1008 3225 ἔχοιεν
1027 3170 1040 3183 ·
1066 3149 1391 3220 ἐστέρηνται
1430 3143 1536 3215 1&9
1570 3140 1853 3208 ἑκατέρας,

270 3259 411 3330 ἡμῖν
432 3255 491 3307 δὲ
515 3248 830 3323 ἀμφοτέρας
864 3244 1064 3298 ἔδωκεν
1095 3242 1141 3274 ⁸⁸
1164 3240 1192 3293 ὁ
1222 3237 1524 3305 Δεσπότης·
1561 3233 1630 3285 τά
1657 3248 1715 3284 τε
1746 3229 1855 3300 γὰρ

271 3319 475 3401 item
528 3319 662 3412 ημῖν
692 3338 958 3407 ὑπέσχετο
1005 3330 1186 3400 ἀγαθὰ
1206 3369 1221 3396 ,
1254 3328 1349 3382 καὶ
1384 3326 1482 3387 τὰς
1530 3322 1665 3395 πρὸς
1693 3319 1856 3374 αὐτὸν

271 3438 414 3509 ἡμῖν
466 3411 819 3497 καταλλαγὰς
870 3422 1186 3509 ἐχαρίσατο.
1242 3418 1414 3481 Αὐτὸς
1473 3417 1582 3485 γάρ
1625 3414 1771 3465 ἐστιν
1822 3411 1856 3481 ἡ

274 3500 478 3597 εἰρήνη
520 3512 774 3592 ἡμῶν,ᾗ
831 3531 997 3585 φησιν
1049 3502 1078 3563 ὅ
1135 3509 1277 3572 θεῖος
1348 3502 1695 3566 Ἀπόστολος.
1746 3500 1859 3554 Καὶ

275 3591 498 3674 πάλιν(
538 3591 632 3674 Εἷς
674 3609 769 3663 καὶ
803 3605 1030 3679 μεσίτης
1065 3601 1196 3665 Θεὸς
1232 3600 1275 3632 ⁸⁷
1307 3598 1593 3668 ἄνθρωπος
1624 3591 1858 3666 Χριστὸς

280 3707 526 3780 Ἰησοῦς,
556 3705 585 3758 ὁ
629 3703 752 3766 δοὺς
804 3695 993 3751 ἑαυτὸν
1041 3693 1357 3763 ἀντίλυτρον
1400 3687 1519 3743 ἀντὶ
1545 3686 1593 3718 ⁸⁸
1618 3684 1856 3739 πάντων.

277 3775 395 3854 καὶ
433 3796 504 3850 τὰ
543 3792 680 3865 μετὰ
708 3788 882 3843 ταῦτα
917 3785 973 3838 δὲ
1019 3784 1181 3838 πάλιν
1234 3778 1524 3852 συμϐαίνει
1569 3777 1683 3839 τοῖς
1709 3775 1858 3845 εἰρην

281 3891 493 3961 μένοις.

350 3977 469 4033 Kal
487 3977 530 4009 ⁶⁹
552 3974 709 4039 τάξω
732 3973 971 4038 αὐτοὺς,
995 3964 1148 4041 φησί,
1173 3963 1272 4020 καὶ
1299 3959 1586 4028 πληθυνῶ
1617 3956 1858 4024 αὐτοὺς,

278 4072 384 4125 καί
411 4068 582 4138 θήσω
612 4067 683 4119 τὰ
732 4062 869 4134 ἅγιά
913 4079 1033 4132 μου
1081 4060 1152 4113 ἐν
1204 4056 1371 4127 μέσῳ
1418 4050 1617 4107 αὐτῶν
1646 4052 1730 4116 εις
1754 4047 1862 4101 τὸν

277 4136 492 4217 αἰῶνα.
525 4155 675 4226 (κζ’.)
702 4154 812 4209 Kal
856 4153 1029 4207 ἔσται
1069 4149 1108 4216 ἢ
1145 4141 1607 4209 κατασκήνωσις
1649 4155 1765 4207 μου
1793 4136 1863 4190 ἐν

279 4252 517 4319 αὐτοῖς,
557 4251 655 4305 καί
694 4249 906 4317 ἔσομαι
932 4242 1136 4307 αὐτοῖς
1176 4240 1340 4304 Θεὸς,
1372 4237 1469 4290 καὶ
1495 4233 1660 4288 αὐτοὶ
1683 4231 1862 4285 ἔσον-

279 4343 386 4399 ται
413 4317 517 4410 μοι
547 4322 735 4402 λαός.
755 4333 868 4388 Καὶ
897 4331 1001 4403 μὴν
1048 4329 1253 4400 ἔρημος
1286 4325 1314 4377 ὁ
1357 4322 1511 4385 νεὼς,
1540 4321 1635 4374 καὶ
1665 4318 1731 4371 τὰ
1762 4317 1864 4369 πά-

282 4527 345 4578 ὲν
386 4521 536 4593 μέσῳ
565 4517 743 4571 αὐτῶν
777 4516 854 4577 εἰς
887 4512 980 4565 τὸν
1007 4509 1178 4563 αἰῶνα
1204 4506 1296 4561 καὶ
1325 4505 1424 4575 τὴν
1447 4500 1863 4569 κατασκήνωσιν

284 4610 463 4668 αὐτοῦ
495 4612 551 4663 ὲν
600 4608 817 4669 αὑτοῖς;
850 4601 1063 4658 Οὐκοῦν
1089 4601 1183 4654 καὶ
1218 4598 1423 4651 τούτων
1479 4595 1577 4665 οὐχ
1625 4590 1863 4661 ὁρῶντες

283 4707 394 4776 τὴν
430 4702 653 4756 ἑκϐασιν
694 4698 837 4752 κατὰ
880 4696 978 4766 τὴν
1040 4690 1308 4745 Ἰουδαίων
1362 4686 1618 4749 διάνοιαν,
1666 4683 1759 4736 καὶ
1803 4680 1864 4733 τὸ

285 4771 491 4865 ἀληθὲς
518 4793 624 4845 τῶν
656 4788 1044 4859 πνευματικῶν
1085 4781 1344 4854 ῥημάτων
1389 4777 1613 4840 εἰδότες,
1638 4771 1864 4827 ἀκολού-

286 4888 405 4949 θως
454 4887 566 4946 τοῖς
626 4876 1115 4951 προερμηνευθεῖσι
1167 4872 1261 4925 καὶ
1319 4868 1493 4922 ταῦτα
1550 4868 1813 4935 νοήσομεν
1848 4878 1861 4892 ·

287 4973 490 5043 ἔχομεν
508 4970 616 5041 1&9
646 4968 740 5021 καὶ
776 4967 884 5019 τῶν
916 4962 1255 5033 πραγμάτων
1278 4952 1742 5026 συνομολογοῦσαν
1765 4951 1865 5023 τὴν

292 5061 624 5135 μαρτυρίαν.
666 5059 741 5110 Οὐ
790 5056 896 5126 1&9
935 5054 1092 5124 μόνον
1127 5052 1174 5102 οἱ
1228 5049 1372 5113 ἅγιοι
1398 5047 1493 5098 τοῦ
1524 5042 1657 5096 Θεοῦ
1706 5036 1866 5104 οἴκοι,

373 5248 397 5277 ι’
427 5236 623 5307 Ephes.
661 5248 730 5298 ιι,
762 5234 844 5287 id.
923 5246 944 5273 ι
974 5228 1150 5283 l-Tim.
1188 5243 1245 5291 ιι,
1270 5226 1321 5290 5,
1346 5224 1400 5277 6.

1940 522 2001 560 ea
2020 508 2140 575 ipsi.
2160 517 2208 562 et
2230 507 2332 577 ﬁlii
2353 514 2622 574 eorum,et
2644 506 2748 576 lilii
2768 505 2998 574 filiarum
3019 506 3249 573 ipsorum
3272 518 3433 570 usque
3463 504 3517 555 in
3605 518 3627 577 ,ξ

1942 597 2229 652 sceculum:
2283 608 2330 653 et
2388 597 2560 654 David
2623 613 2801 653 servus
2858 611 3003 659 mea;
3057 593 3296 662 princeps
3337 608 3520 646 eorum
3618 605 3626 612 ·

1940 690 2039 744 erit
2092 691 2145 745 in
2195 690 2468 747 amulum.
2518 688 2713 746 Dicant
2759 688 2953 751 Judahi,
2996 688 3117 757 quis
3153 683 3521 754 sempiternus

1944 781 2189 851 ipsorum
2245 798 2341 838 rex
2382 782 2477 845 sit,
2527 782 2623 851 qui
2687 780 2855 835 David
2912 779 3239 849 appelletur.
3303 777 3521 847 Nequa-

1943 880 2109 935 quam
2167 865 2314 921 enim
2367 863 2690 920 Zorobabeli
2740 860 3056 934 liujusmodi
3128 859 3521 930 appellationes

1942 952 2261 1016 convenire.
2288 953 2389 1022 ipsi
2412 966 2628 1021 quoque
2654 949 3078 1004 confitebuntur.
3110 944 3352 1000 Primum
3377 946 3520 998 enim

1944 1036 2090 1091 haud
2120 1036 2369 1106 regnavit
2407 1034 2517 1098 ille,
2555 1031 2649 1088 sed
2692 1031 2877 1102 populi
2910 1031 3105 1085 ductor
3140 1029 3240 1083 l‘uit
3272 1045 3286 1082 :
3323 1025 3522 1082 deinde

1943 1127 2108 1182 etiam
2151 1126 2282 1181 illud
2337 1127 2517 1196 ipsum
2575 1123 2862 1194 imperium
2909 1128 3082 1177 morte
3133 1120 3349 1174 [initum
3415 1126 3522 1174 est.

1944 1215 2102 1282 Quod
2133 1216 2178 1272 si
2219 1216 2287 1272 de
2318 1230 2520 1288 genere
2559 1212 2822 1267 Davidico
2846 1211 2996 1266 hunc
3020 1209 3413 1280 sempiternum
3439 1207 3523 1261 in-

1946 1309 2201 1378 telligunt
2235 1307 2516 1369 Davidem,
2547 1302 2843 1360 ostendant
2877 1300 3095 1356 Davidis
3127 1315 3299 1371 genus
3322 1311 3519 1368 regna-

1947 1416 2040 1467 re;
2065 1399 2215 1471 quod
2245 1400 2292 1455 si
2328 1407 2526 1471 przeter
2551 1412 2781 1469 regnum
2810 1396 2988 1467 ipsum
3019 1409 3237 1464 quoque
3263 1391 3520 1447 Davidis‘

1947 1499 2121 1554 genus
2171 1486 2441 1537 incertum
2513 1490 2634 1548 est,
2690 1481 2745 1535 in
2792 1477 3054 1550 praesenti
3104 1475 3337 1532 duorum
3389 1474 3526 1529 alte-

1959 1589 2080 1631 rum
2114 1588 2340 1631 necesse
2378 1581 2484 1640 est,
2547 1572 2635 1628 vel
2691 1570 2883 1627 falsam
2923 1568 3270 1641 prophetiam
3308 1563 3526 1636 opinari

1947 1667 2032 1723 vel
2088 1667 2303 1723 Domini
2329 1663 2536 1722 Christi
2578 1678 2643 1720 ex
2706 1661 2911 1718 Davide
2949 1660 3251 1716 secundum
3304 1669 3526 1713 carnem

1948 1759 2062 1815 nati
2109 1772 2337 1829 regnum
2418 1755 2670 1812 adorare.
2731 1748 2939 1808 Verum
3000 1748 3288 1805 mendacio
3336 1756 3531 1800 carere

1948 1851 2311 1924 prophetiam,
2363 1848 2469 1919 ipsi
2523 1846 2712 1902 itidem
2745 1842 3084 1899 fatebuntur.
3122 1837 3279 1905 Quod
3312 1834 3360 1892 si
3398 1847 3530 1891 vera

1946 1951 2051 2007 est,
2102 1940 2561 2013 quemadmodum
2611 1934 2883 1992 mendacii
2942 1948 3137 2004 expers
3190 1938 3296 1995 est,
3353 1939 3530 1996 neque

1947 2033 2195 2089 videmus
2263 2029 2414 2086 aliud
2474 2026 2789 2085 Iudaeorum
2879 2037 3145 2094 regnum,
3200 2035 3378 2090 neque
3448 2017 3530 2071 in-

1947 2136 2114 2192 super
2175 2121 2355 2191 ipsum
2408 2133 2582 2190 genus
2631 2114 2858 2172 Davidis
2909 2113 3120 2170 clarum
3173 2115 3259 2164 est
3307 2115 3364 2163 et
3410 2120 3534 2178 per-

1949 2215 2222 2285 spicuum,
2273 2220 2329 2268 et
2379 2211 2494 2283 ipse
2531 2218 2743 2283 regnat,
2775 2215 2836 2263 ut
2860 2221 2926 2262 ex
2979 2201 3187 2259 Davide
3230 2200 3531 2256 secundum

1951 2319 2200 2371 carnem,
2222 2301 2398 2360 Filius
2440 2311 2623 2358 autem
2652 2300 2744 2355 Dei
2762 2295 3065 2354 secundum
3095 2291 3535 2355 diVinitatem,-et

1953 2398 2347 2468 sempiternum
2373 2394 2587 2450 obtinet
2618 2390 2945 2462 imperium:
2974 2384 3264 2456 perspicua
3294 2386 3349 2437 et
3371 2394 3532 2449 aper-

1954 2498 2007 2544 ta
2066 2497 2172 2551 est,
2205 2496 2259 2544 et
2300 2487 2519 2543 illorum
2563 2482 2816 2540 deliratio
2850 2478 3211 2553 perﬁdiaque,
3247 2480 3302 2529 et
3342 2477 3534 2527 nostra

1954 2580 2048 2636 Dei
2091 2580 2351 2652 cognitio.
2397 2576 2805 2632 Conlirmantur
2842 2569 2988 2627 enim
3029 2567 3193 2624 etiam
3231 2577 3356 2635 quae
3386 2563 3536 2617 dicta

1957 2681 2103 2737 sunt,
2134 2671 2202 2726 iis
2230 2683 2350 2740 quae
2394 2673 2719 2739 sequuntur.
2757 2660 2994 2727 Etenim,

2029 2837 2306 2894 Vsss.26.
2336 2836 2402 2890 Et
2420 2835 2720 2903 disponam,
2763 2830 2965 2900 inquit,
3008 2830 3137 2899 ipsis
3164 2835 3531 2882 testamentum

1959 2931 2127 3001 pacis,
2152 2932 2516 2982 testamentum
2546 2930 2800 2977 (sternam
2827 2918 2927 2973 erit
2975 2932 3094 2969 cum
3135 2913 3286 2983 ipsis.
3336 2910 3534 2968 Osten-

1962 3022 2097 3077 dant
2125 3020 2293 3090 igitur
2327 3015 2516 3078 nobis,
2555 3012 2642 3067 vel
2668 3010 2846 3082 pacis,
2868 3008 2954 3064 vel
3000 3005 3398 3075 sempiternum
3453 3011 3533 3057 te-

1883 3104 1926 3161 C
1959 3118 2294 3169 stamentum
2324 3126 2338 3162 :
2376 3114 2432 3160 at
2456 3120 2566 3161 non
2597 3107 2876 3174 poterunt,
2912 3114 3039 3154 cum
3074 3104 3312 3166 utroque
3332 3093 3533 3164 privati

1960 3206 2107 3271 sint;
2144 3201 2305 3257 nobis
2343 3204 2528 3253 autem
2562 3203 2858 3262 utrumque
2885 3188 3037 3245 dedit
3059 3186 3348 3242 Dominus.
3370 3182 3533 3239 Nam-

1960 3313 2069 3369 que
2093 3304 2148 3353 et
2196 3291 2532 3365 sempiterna
2577 3285 2738 3343 nobis
2785 3284 2929 3339 bona
2984 3279 3197 3349 1002
3254 3276 3535 3348 pollicitus

1961 3399 2066 3453 est,
2097 3398 2154 3445 et
2184 3387 2237 3442 id
2274 3382 2439 3440 nobis
2471 3388 2559 3437 est
2591 3376 2882 3448 elargitus,
2922 3379 2985 3428 ut
3010 3385 3136 3426 cum
3187 3370 3308 3439 ipso
3335 3381 3534 3422 recon-

1961 3482 2300 3537 ciliaremur.
2330 3473 2453 3543 Ipse
2484 3471 2629 3528 enim
2666 3476 2753 3525 est
2781 3482 2885 3538 pax
2909 3472 3126 3531 nostra,
3163 3462 3309 3518 sicut
3337 3468 3536 3515 auctor

1962 3582 2045 3632 est
2073 3572 2235 3627 divus
2259 3565 2567 3639 Apostolus
2593 3573 2638 3616 ι’.
2670 3561 2738 3616 Et
2768 3573 2967 3616 rursus
2996 3576 3010 3612 :
3058 3575 3077 3608 ι
3108 3553 3266 3610 Unus
3314 3567 3536 3624 quoque

1963 3663 2262 3725 mediator,
2292 3657 2441 3713 Deus
2492 3655 2679 3718 homo,
2709 3650 2967 3707 Christus
3014 3644 3177 3701 Iesus
3199 3682 3216 3710 ,
3254 3642 3349 3712 qui
3381 3641 3536 3696 dedit

1963 3757 2210 3825 seipsum
2256 3745 2690 3816 redemptionem
2742 3756 2843 3812 pro
2893 3737 3154 3795 omnibus
3172 3746 3219 3789 ι.
3253 3752 3273 3786 ι
3308 3732 3376 3788 Ει
3411 3746 3537 3803 quae

1963 3851 2270 3916 sequuntur
2303 3839 2436 3894 item
2452 3836 2524 3892 iis
2546 3831 2921 3893 consentiunt.
2947 3842 3071 3898 quae
3099 3826 3248 3880 dicta
3275 3830 3424 3879 sunt.

2033 3915 2103 3992 Et
2135 3931 2394 3990 ordinabo
2439 3945 2550 3992 eos,
2604 3924 2807 3994 inquit,
2846 3929 2898 3976 et
2929 3915 3289 3987 multiplicabo
3338 3928 3445 3980 eos,
3484 3921 3536 3967 et

1961 4046 2155 4099 ponam
2188 4033 2377 4081 sancta
2401 4037 2516 4075 mea
2544 4020 2602 4072 in
2649 4015 2822 4071 medio
2858 4013 3096 4081 ipsorum
3153 4008 3210 4061 in
3259 4002 3536 4061 sceculum.

1966 4096 2155 4192 (Vsus.
2190 4118 2284 4187 27)
2314 4115 2388 4171 Et
2430 4113 2530 4169 erit
2582 4104 2986 4165 tabernaculum
3032 4115 3204 4155 meum
3236 4099 3292 4152 in
3344 4096 3440 4159 eis,
3486 4101 3539 4148 et

1963 4184 2052 4270 ero
2104 4210 2232 4281 ipsis
2266 4184 2443 4269 ‘Deus,
2493 4213 2544 4257 et
2577 4201 2679 4269 ipsi
2726 4204 2880 4251 erunt
2913 4192 3045 4281 milii
3093 4188 3334 4259 populus:
3373 4184 3541 4253 Atqui

1966 4303 2244 4357 desertum
2273 4294 2563 4364 templum,
2590 4297 2645 4344 et
2664 4302 2787 4357 qua:
2802 4280 3110 4351 antiquitus
3143 4283 3336 4332 sancta
3357 4282 3537 4328 erant.

1970 4592 2131 4634 suum
2162 4574 2218 4628 in
2255 4567 2435 4640 ipsis?
2466 4565 2600 4620 Cum
2623 4561 2791 4630 igitur
2817 4568 2997 4624 neque
3024 4553 3221 4606 horum
3244 4557 3540 4603 cernamus

1970 4674 2249 4725 eventum,
2281 4656 2583 4715 secundum
2614 4650 2930 4706 Iudaeorum
2954 4643 3321 4713 sententiam,
3373 4651 3541 4693 nove-

1975 4762 2258 4825 rimusque
2309 4745 2678 4820 spiritualium
2738 4740 3036 4797 verborum
3089 4738 3409 4798 veritatem,
3464 4729 3540 4783 ita

1976 4855 2091 4907 haec
2117 4845 2513 4911 intelligemus,
2547 4845 2603 4890 ut
2651 4834 2720 4890 iis
2751 4836 3078 4901 congruant,
3118 4839 3241 4894 quae
3289 4829 3416 4876 ante
3466 4821 3543 4873 in-

1975 4939 2259 5012 terpretati
2286 4948 2495 4990 sumus.
2523 4928 2799 4983 Habemus
2827 4921 2972 4977 enim
2990 4918 3159 4973 etiam
3186 4928 3369 4969 rerum
3401 4910 3542 4981 ipsa-

1976 5054 2097 5094 rum
2142 5028 2498 5089 consentiens
2550 5014 2945 5075 testimonium.
2994 5006 3103 5063 Nec
3155 5004 3300 5060 enim
3361 5001 3542 5057 solum

1585 5375 1818 5430 VARIIE
1859 5361 2262 5427 LECTIONES.

872 5542 917 5573 σο
952 5541 1009 5593 ἒν

372 5550 420 5582 ⁸³
457 5547 505 5601 Α
530 5544 762 5599 δέδωκα.

301 5622 362 5675 in
392 5619 460 5674 Δ.

1033 5531 1086 5611 ᾗ.
1116 5540 1161 5611 Α
1187 5532 1269 5611 οὗ.

1039 5531 1086 5612 ᾖ.
1116 5540 1161 5612 ᾼ
1187 5532 1269 5612 οὗ.
1348 5606 1359 5612 _
1382 5536 1431 5612 θξ
1466 5531 1662 5612 αῦτῶν.
1693 5523 2081 5612 I'lebr..)'ets‘t£il.

537 5591 850 5667 Ei'thbes.
887 5591 1085 5665 ἱιιγΒίΓ
1115 5591 1158 5641 δ’
1197 5591 1242 5660 Α
1276 5606 1372 5660 καὶ
1407 5604 1547 5658 διαθ.
1578 5601 1803 5655 αίωνία.
1864 5597 1909 5628 ⁸⁸
2016 5591 2267 5667 δέδωκεν..

2182 5517 2227 5549 ε’
2273 5511 2384 5567 καί.
2420 5509 2542 5567 Des.
2585 5507 2639 5560 in
2697 5503 2759 5555 Α.
2871 5500 2917 5531 ⁸⁸
2955 5498 3047 5550 καὶ
3072 5525 3137 5567 τ-
3174 5491 3369 5567 αὑτῷνε
3414 5484 3550 5567 Pes.

522 5686 569 5719 ⁸⁸
610 5654 1047 5739 cit.
1082 5687 1165 5734 est
1197 5654 1372 5747 31:39“;
1414 5654 1709 5727 “illi-
1728 5667 1889 5736 πληθ.
1923 5664 2047 5716 αὐτ.
2082 5658 2205 5712 Des.
2244 5654 2298 5707 in
2328 5654 2393 5707 Α.

2359 5551 2401 5613 ῖτ
2420 5551 2786 5641 ἲέἑςῗιηὶέο
2808 5570 2901 5624 cit.
2947 5575 3030 5622 est
3068 5561 3202 5616 Θεοῦ
3227 5551 3556 5624 καίἁνθρὼ-
3658 5580 3663 5583 -
