3860 6206
334 233 467 298 1207

1384 228 1868 290 THEODORETI
1897 229 2234 291 EPISCOPI
2261 230 2625 291 CYRENSIS

3442 227 3569 294 19.08

329 360 455 401 cum
485 344 567 398 eis
604 342 677 398 ibi
715 356 810 412 pro
841 339 1043 412 populo
1084 353 1205 394 meo
1233 379 1249 404 ,
1288 348 1344 393 et
1395 337 1713 394 luereditate
1750 352 1866 394 mea
1888 381 1903 404 ,

2010 354 2101 407 νῳ,
2125 339 2253 391 ὅταν
2276 336 2590 409 ἐπιστρέψω
2609 337 2707 405 τὴν
2731 333 3107 405 αἰχμαλωσίαν
3147 334 3313 390 Ἰούδα
3352 339 3444 392 καὶ
3485 342 3572 393 Ἰεσ

331 436 529 493 Israclc
573 444 618 487 ι.
668 433 921 489 Michaeas
960 445 1092 486 vero
1140 430 1216 486 ita
1258 431 1375 484 ait:
1430 448 1449 482 ι
1489 429 1622 486 Dole
1674 438 1730 486 et
1773 431 1906 485 viri-

333 530 460 584 liter
500 542 637 597 age,
678 524 789 578 ﬁlia
838 524 1007 590 Sion,
1042 522 1199 594 quasi
1247 523 1467 593 pariens
1525 542 1539 578 :
1587 524 1717 595 quia
1760 536 1908 577 nunc

330 615 630 687 egredieris
684 629 715 668 e
762 612 1020 678 civitate,
1065 621 1122 667 et
1167 611 1439 668 habitabis
1485 612 1539 666 in
1582 626 1799 682 campo,
1850 619 1904 666 et

329 708 518 763 venies
578 718 755 773 usque
811 703 879 759 ad
954 702 1305 774 Babylonem.
1359 702 1492 758 Inde
1551 704 1808 759 liberabit
1855 710 1907 760 te

294 828 295 831 η
333 797 591 854 Dominus
628 795 770 852 Deus
818 802 946 852 tuus
990 810 1021 850 e
1067 810 1232 850 manu
1284 795 1630 851 inimicorum
1664 803 1904 851 tuorum.

326 887 394 940 Et
422 901 569 942 nunc
598 895 942 958 congregatae
981 893 1113 942 sunt
1137 901 1305 957 super
1349 894 1405 943 te
1444 893 1634 957 gentes
1681 887 1907 953 multat,

324 978 569 1034 dicentes
623 996 637 1031 :
715 976 1166 1038 Exsultahimus,
1229 984 1288 1031 et
1342 976 1702 1032 intuebuntur
1757 976 1906 1032 oculi

324 1072 499 1126 nostri
546 1070 601 1124 in
640 1069 902 1135 Sionem,
944 1080 998 1125 et
1031 1070 1141 1140 ipsi
1177 1072 1193 1090 '
1240 1084 1348 1124 non
1387 1075 1765 1139 cognoverunt
1807 1083 1905 1124 co-

324 1159 643 1232 gitationem
696 1158 956 1224 Domini,
1016 1169 1072 1215 et
1135 1174 1245 1213 non
1295 1157 1687 1213 intellexerunt
1727 1155 1909 1211 consi-

327 1251 461 1305 lium
508 1236 671 1319 ejus,
726 1249 857 1320 quia
902 1248 1264 1320 congregavit
1300 1262 1435 1313 eos,
1485 1254 1548 1302 ut
1597 1246 1906 1316 manipulos

326 1356 491 1398 areae.
531 1342 745 1412 1010
775 1340 955 1409 Surge
987 1349 1043 1395 et
1070 1341 1271 1396 tritura
1300 1354 1417 1405 eos,
1451 1338 1563 1393 ﬁlia
1593 1337 1748 1405 Sion,
1776 1338 1905 1407 quia

326 1446 534 1489 cornua
565 1440 656 1485 tua
690 1430 886 1485 faciam
917 1429 1114 1494 ferrea,
1143 1440 1198 1485 et
1239 1429 1476 1500 ungulas
1508 1436 1657 1495 tuas,
1688 1442 1863 1483 aereas
1890 1446 1901 1481 :

323 1531 379 1580 et
410 1524 653 1579 deduces
682 1524 740 1578 in
770 1523 908 1593 ipsis
943 1531 1139 1594 gentes
1163 1564 1179 1589 ,
1215 1531 1271 1578 et
1298 1521 1645 1579 comminues
1676 1521 1909 1592 populos

326 1615 552 1681 multos,
581 1624 637 1671 et
665 1614 1025 1670 consecrabis
1054 1612 1284 1669 Domino
1314 1612 1723 1668 multitudinem
1756 1612 1908 1684 ipso-

2011 431 2310 502 ρουσαλὴμ,
2341 431 2437 485 καὶ
2468 429 2681 496 συνάξω
2712 428 2889 482 πάντα
2924 427 2997 482 τὰ
3033 427 3185 500 ἔθνη,
3228 428 3326 481 καὶ
3362 430 3575 496 κατάξω

2009 521 2149 574 αὐτὰ
2177 523 2257 586 είς
2302 522 2402 594 τὴν
2429 520 2650 575 κοιλάδα
2687 518 2975 588 Ἰωσαφάτ,
3004 517 3101 572 καὶ
3156 517 3576 589 διακριθήσομαι

2009 612 2146 684 πρὸς
2171 612 2366 676 αὐτοὺς
2391 614 2508 666 ἐκεῖ
2537 610 2677 682 ὑπὲρ
2709 610 2802 664 τοῦ
2832 609 2962 663 λαοῦ
2996 626 3121 680 μου,
3145 609 3361 679 καὶτῆς
3389 608 3578 680 κληρο-

2008 704 2200 773 νομίας
2258 720 2358 774 μου
2419 703 2657 775 Ἰσραήλ.
2717 721 2737 754 ι
2793 700 3033 772 Μιχαίας
3077 700 3133 754 δὲ
3187 698 3337 753 οὕτω
3388 700 3573 769 φησίν·

2014 813 2032 846 ι
2074 795 2252 848 Ὤδινε
2286 795 2379 849 καὶ¹
2417 794 2686 866 ἁνδρίζου,
2719 793 2955 864 θύγατερ
2986 790 3147 855 Σιὼν,
3178 791 3254 855 ὡς
3305 790 3576 857 τίκτουσα,

2008 886 2143 940 διότι
2190 885 2285 939 νῦν
2317 885 2570 957 ὲξελεύσῃ
2616 887 2682 940 ὲκ
2735 885 2961 947 πόλεως,
2999 885 3093 939 καὶ
3135 881 3581 954 κατασκηνώσεις

2007 976 2067 1029 ἐν
2100 975 2286 1047 πεδίῳ,
2335 976 2432 1030 καὶ
2463 974 2615 1047 ἥξεις
2661 976 2767 1039 ἕως
2794 974 3107 1038 Βαῦυλῶνος
3134 991 3148 1004 ’
3178 974 3396 1028 ἐκεῖθεν
3430 972 3583 1046 ῥύσε-

2008 1067 2098 1120 ταί
2132 1083 2191 1120 σε
2222 1066 2424 1138 Κύριος
2443 1069 2472 1122 ό
2499 1067 2633 1132 Θεός
2659 1085 2752 1122 σου
2782 1070 2845 1121 ἐκ
2877 1066 3060 1139 χειρὸς
3085 1064 3297 1137 ἐχθρῶν
3331 1082 3449 1119 σου.
3479 1064 3585 1118 Καὶ

2010 1156 2103 1210 νῦν
2149 1157 2485 1230 ὲπισυνήχθη
2527 1159 2620 1211 ἐπὶ
2678 1159 2737 1211 σὲ
2787 1157 2914 1228 ἔθνη
2946 1156 3153 1218 πολλὰ,
3197 1155 3247 1207 oi
3300 1154 3583 1224 λέγοντες’

2021 1248 2486 1321 Ἐπιχαρούμεθα,
2510 1250 2604 1306 καὶ
2625 1249 2916 1321 ἐπόψονται
2945 1251 2995 1303 οἱ
3017 1248 3291 1319 ὀφθαλμοὶ
3318 1248 3477 1317 ἡμῶν
3500 1247 3587 1300 ἐπὶ

2010 1337 2174 1407 Σιὼν,
2205 1339 2300 1395 καὶ
2326 1340 2482 1395 αὐτοὶ
2508 1341 2610 1395 οὐκ
2646 1340 2889 1410 ἔγνωσαν
2941 1338 3032 1394 τὸν
3067 1339 3332 1409 λογισμὸν
3362 1335 3585 1406 Κυρίου,

2010 1431 2105 1483 καὶ
2141 1431 2204 1485 οὐ
2252 1432 2491 1504 συνῆκαν
2527 1432 2626 1504 τὴν
2682 1430 2878 1504 βουλὴν
2909 1429 3101 1494 αὑτοῦ,
3147 1431 3232 1484 ὅτι
3281 1428 3587 1498 συνήγαγεν

2010 1523 2229 1590 αὐτοὺς,
2262 1524 2337 1588 ὡς
2365 1525 2661 1596 δράγματα
2705 1523 2930 1588 άλωνσς.
2978 1520 3264 1593 Ἀνάστηθι
3303 1519 3403 1573 καὶ
3460 1517 3586 1572 dum

2009 1614 2225 1679 αὐτοὺς,
2266 1612 2505 1687 θύγατερ
2552 1614 2710 1680 Σιὼν,
2740 1616 2821 1669 ὅτι
2875 1613 2946 1667 τὰ
2983 1610 3192 1685 κέρατά
3223 1628 3324 1664 σου
3355 1608 3586 1680 θήσομαι

328 1720 475 1770 rum,
527 1679 583 1759 et
612 1705 783 1760 robur
810 1719 1005 1760 eorum
1037 1703 1270 1760 Domino
1296 1704 1467 1759 totius
1496 1711 1655 1759 terra;
1677 1715 1725 1759 ε.
1774 1679 1797 1757 ἶ
1839 1703 1905 1757 Ει

2010 1706 2223 1777 σιδηρᾶ,
2245 1679 2459 1770 καὶ-τὰς
2474 1679 2661 1770 -ὀπλάς
2685 1723 2778 1760 σου
2807 1679 3282 1776 θήσομαινχαλκᾶς
3301 1742 3319 1766 ,
3342 1701 3439 1754 καὶ
3461 1679 3585 1753 κατ-

327 1787 624 1844 Zacharias
654 1788 784 1844 item
813 1809 825 1843 :
874 1807 893 1842 ι
926 1788 1042 1844 Hoc
1070 1788 1296 1844 verbum
1327 1787 1564 1854 Domini,
1596 1789 1798 1858 inquit,
1835 1790 1903 1845 ad

326 1877 756 1945 Zorobabelem,
790 1878 980 1935 dicens
1016 1898 1029 1935 :
1083 1877 1201 1934 Non
1235 1885 1509 1949 potestate
1554 1894 1772 1951 magna,
1804 1895 1904 1936 nc-

325 1984 436 2039 que
461 1970 681 2036 robore,
708 1971 805 2027 sed
837 1970 1045 2041 Spiritu
1078 1985 1199 2027 meo
1223 2011 1240 2035 ,
1263 1971 1400 2027 dicit
1430 1970 1696 2027 Dominus
1728 1971 1906 2025 omni-

326 2067 549 2130 potens.
574 2061 710 2128 Quis
732 2070 789 2116 tu
815 2078 896 2129 es,
926 2077 1091 2117 mons
1116 2077 1334 2132 magne,
1364 2070 1494 2117 ante
1517 2061 1711 2118 faciem
1735 2060 1904 2118 Zoro-

327 2151 572 2218 babelis,
624 2159 687 2207 ut
728 2153 977 2224 corrigas
1003 2151 1079 2206 5?
1113 2172 1133 2208 ι
1182 2150 1261 2207 Ex
1302 2151 1505 2222 quibus
1544 2152 1899 2221 perspicuum

326 2248 442 2308 est,
482 2249 606 2313 post
634 2243 871 2299 reditum
904 2250 1100 2314 gentes
1140 2255 1265 2296 cum
1304 2236 1549 2296 exercitii
1584 2238 1859 2312 profectas
1881 2279 1897 2304 ,

325 2346 448 2401 qua:
477 2332 669 2389 divina’
690 2350 855 2389 manu
884 2348 1092 2390 eversae
1114 2340 1265 2390 sunt.

2007 1794 2157 1860 άξεις
2181 1797 2238 1849 ὲν
2267 1796 2450 1861 αὐτοῖς
2489 1794 2637 1867 ἔθνη.
2671 1796 2768 1849 καὶ⁵
2807 1796 3092 1859 λεπτυνεῖς
3128 1794 3297 1856 λαοὺς
3333 1791 3583 1856 πολλοὺς,

2008 1884 2104 1938 καὶ
2138 1883 2434 1955 ἀναθήσεις
2476 1883 2556 1955 τῷ
2600 1883 2792 1958 Κυρίῳ
2818 1883 3021 1952 πλῆθος
3047 1882 3093 1915 ⁸⁷
3122 1880 3333 1946 αὐτῶν,
3371 1880 3467 1934 καὶ
3495 1879 3589 1948 τὴν

2010 1976 2163 2047 ἰσχὺν
2209 1975 2389 2030 αὐτῶν
2441 1975 2520 2047 τῷ
2567 1976 2757 2047 Κυρίῳ
2784 1974 2963 2045 πάσης
2994 1973 3097 2043 τῆς
3128 1973 3252 2042 γῆς.
3293 1990 3315 2022 ι
3352 1970 3463 2023 Καὶ
3488 1970 3586 2022 Ζα-

2007 2063 2204 2135 χαρίας
2229 2064 2285 2117 δέ
2325 2081 2489 2135 φησιν
2511 2080 2524 2095 ο
2562 2084 2581 2117 r
2618 2058 2783 2128 Οὗτος
2819 2066 2848 2117 ὁ
2885 2064 3041 2133 λόγος
3071 2062 3277 2134 Κυρίου
3315 2059 3456 2131 πρὸς
3496 2059 3587 2111 Ζο-

2009 2153 2263 2224 ροϐάϐελ,
2302 2154 2509 2224 λέγων·
2561 2155 2675 2211 Οὐκ
2717 2156 2775 2208 ὲν
2806 2154 3036 2225 δυνάμει
3074 2152 3308 2226 μεγάλῃ,
3363 2150 3485 2204 οὐδὲ
3532 2148 3586 2201 ὲν

2008 2244 2172 2316 ἰσχύϊ,
2216 2246 2332 2301 ἀλλ’
2360 2249 2418 2300 ὲν
2469 2245 2750 2317 Πνεύματί
2809 2262 2934 2317 μου,
2965 2246 3113 2312 λέγει
3142 2244 3355 2315 Κύριος
3392 2257 3584 2294 παντο-

2004 2337 2249 2411 κράτωρ.
2285 2337 2381 2399 Τίς
2409 2331 2461 2390 εἴ
2495 2337 2582 2403 σὺ,
2610 2338 2670 2390 τὸ
2700 2337 2826 2409 ὅρος
2867 2338 2929 2391 τὸ
2984 2337 3153 2408 μέγα,
3186 2335 3250 2388 τὸ
3275 2333 3390 2406 πρὸ
3418 2346 3586 2401 προσ-

324 2424 474 2478 ώπου
500 2426 827 2497 Ζοροϐάϐελ,
851 2426 947 2481 τοῦ
971 2425 1350 2500 κατορθῶσαι;
1380 2444 1399 2476 ι
1435 2422 1524 2490 Ἐξ
1548 2414 1623 2479 ὧν
1659 2421 1837 2494 δῆλον,
1860 2425 1936 2489 ὡς
1974 2430 2113 2498 μετὰ
2140 2431 2241 2502 τὴν
2266 2429 2521 2485 ἐπάνοδον
2560 2428 2961 2501 ἐπεστράτευσε
2993 2428 3064 2483 τὰ
3110 2426 3238 2499 ἔθνη
3260 2428 3463 2489 ταῦτα,
3500 2423 3587 2478 καὶ

324 2518 596 2589 κατελύθη
622 2518 743 2589 θείᾳ
772 2520 934 2591 χειρί.

393 2608 565 2666 Vsus.
596 2610 683 2675 18,
710 2612 797 2666 19.
836 2611 901 2664 Et
932 2613 1029 2665 erit
1053 2610 1281 2677 dieillo,
1316 2609 1401 2665 die
1430 2625 1532 2680 quo
1562 2610 1756 2666 venerit
1792 2607 1904 2680 Gog

324 2714 483 2770 super
501 2709 699 2754 terram
728 2699 949 2754 Israelis
970 2740 984 2764 ,
1004 2701 1136 2755 dicit
1166 2701 1376 2756 Adonai
1400 2700 1685 2765 Dominus,
1721 2716 1907 2755 ascen.

325 2790 414 2845 det
451 2790 605 2859 [uror
642 2807 786 2847 meus
822 2792 877 2845 in
906 2792 992 2847 ira
1034 2808 1170 2847 mea.
1231 2791 1299 2844 Et
1343 2792 1486 2846 zelus
1525 2807 1669 2845 naeus
1705 2792 1759 2844 in
1791 2791 1909 2862 igne

325 2884 626 2939 iracundiis
645 2899 770 2939 mea:
792 2900 813 2938 :
843 2884 1050 2938 locutus
1072 2899 1190 2938 sum
1205 2881 1367 2950 vobis,
1395 2881 1479 2936 die
1501 2881 1605 2952 illo,
1631 2882 1729 2937 erit
1754 2891 1909 2935 terris

2078 2613 2169 2678 ιη’,
2198 2604 2283 2661 ιθ’.
2317 2605 2425 2660 Καὶ
2459 2604 2631 2661 ἔσται
2661 2606 2731 2661 ἐν
2752 2605 2826 2675 τῇ
2858 2605 3048 2676 ἡμέρᾳ
3075 2605 3304 2672 ἐκείνῃ,
3337 2606 3413 2659 ἐν
3449 2600 3491 2678 ᾖ
3514 2606 3588 2660 ἄν

2004 2699 2195 2769 ἡμέρᾳ
2237 2698 2390 2767 ἔλθῃ
2424 2700 2457 2751 ό
2489 2696 2628 2767 Γὼγ
2669 2697 2768 2751 ἐπὶ
2802 2696 2917 2765 τὴν
2956 2695 3075 2767 γῆν
3121 2695 3402 2765 Ἰσραὴλ.
3433 2697 3584 2768 λέγει

2017 2788 2262 2844 Ἀδωναῖ
2292 2790 2524 2857 Κύριος,
2549 2786 2917 2855 ἀναϐήσεται
2944 2790 2977 2843 d
3001 2789 3187 2857 θυμός
3209 2805 3332 2858 μου
3352 2788 3426 2841 ἐν
3445 2786 3585 2857 ὀργῇ

1999 2899 2120 2952 μου
2154 2882 2217 2935 ⁸⁸.
2252 2883 2360 2936 Kal
2381 2884 2417 2936 ό
2445 2879 2621 2951 ζῆλός
2657 2896 2778 2951 μου
2814 2880 2884 2934 ἐν
2915 2880 3059 2950 πυρί
3096 2879 3206 2949 τῆς
3231 2880 3420 2951 ὀργῆς
3445 2897 3581 2952 μου·

327 2982 498 3031 motus
542 2990 761 3045 magnus
804 2974 861 3028 in
907 2982 1051 3028 terra
1097 2970 1339 3029 Israelis.
1373 2971 1648 3026 ——Terraz
1704 2979 1903 3024 motum

2010 2969 2284 3039 ἐλάλησα
2308 2972 2452 3041 ὑμῖν
2469 2972 2533 3038 ⁸ο,
2565 2972 2635 3025 ἐν
2671 2970 2745 3041 τῇ
2769 2971 2959 3041 ἡμέρᾳ
3014 2971 3219 3039 ἐκείνῃ
3250 2971 3429 3027 ἔσται
3464 2989 3582 3026 σει-

323 3073 493 3121 vocat
536 3065 617 3120 rei
680 3064 1134 3136 magnitudinem.
1181 3063 1338 3119 Sicut
1389 3062 1538 3118 enim
1591 3075 1714 3114 cum
1755 3069 1903 3115 metu

325 3168 520 3211 omnes
554 3164 714 3210 terrae
743 3163 928 3211 motus
957 3168 1185 3209 sensum
1218 3153 1554 3224 percipimus
1581 3191 1598 3217 ,
1631 3151 1707 3207 ita
1737 3150 1904 3205 etiam

327 3244 726 3301 miraculorum
790 3243 1095 3315 ingentium
1161 3241 1560 3314 cognitionem.
1620 3237 1810 3307 Neque
1875 3252 1905 3291 a

328 3335 544 3393 ratione
592 3337 854 3392 abhorret
881 3378 897 3403 ,
956 3336 1383 3407 commotionem
1433 3344 1656 3404 quoque
1709 3329 1905 3384 factam

327 3442 454 3484 esse
480 3468 495 3491 ,
524 3442 650 3483 cum
680 3427 863 3497 impiis
892 3433 947 3482 et
980 3426 1318 3481 immanibus
1348 3422 1650 3480 inferretur
1699 3420 1907 3493 suppli-

327 3521 496 3576 cium.
535 3519 790 3575 Furorent
821 3534 983 3581 vero,
1038 3525 1094 3574 et
1133 3519 1306 3583 iram,
1337 3525 1393 3573 et
1418 3516 1591 3571 zelum
1612 3556 1628 3581 ,
1652 3526 1706 3570 et
1736 3517 1907 3589 ignem

328 3610 645 3676 iracundiae,
676 3620 947 3680 quatenus
972 3607 1083 3663 Deo
1113 3607 1470 3669 conveniunt,
1511 3605 1904 3677 intelligemus.

334 3691 587 3756 Humano
616 3701 761 3756 enim
792 3714 943 3754 more
973 3714 1036 3753 ea
1068 3698 1272 3768 posuit,
1303 3696 1572 3767 supplicia
1596 3696 1906 3752 declarans.

331 3781 447 3861 [20]
493 3785 585 3842 Ait
617 3797 797 3842 autem
828 3823 844 3851 ,
887 3784 1005 3839 fore
1035 3799 1148 3855 prae
1180 3792 1329 3843 metu
1366 3797 1559 3839 eorum
1602 3797 1726 3854 quas
1765 3781 1909 3838 facta

332 3877 555 3944 fuerint,
596 3885 658 3932 ut
690 3891 800 3932 non
839 3875 1092 3931 homines
1122 3874 1287 3929 modo
1309 3911 1326 3939 ,
1361 3872 1463 3930 sed
1491 3874 1661 3929 etiam
1687 3874 1867 3944 pisces
1890 3912 1906 3940 ,

331 3974 388 4021 et
423 3968 677 4023 volucres
704 4007 720 4033 ,
780 3974 835 4021 et
875 3964 1098 4035 reptilia
1127 4005 1143 4031 ,
1200 3971 1257 4019 et
1286 3962 1474 4019 bestiae
1526 3977 1909 4019 commovean-

2007 3060 2160 3127 σμὸς
2190 3059 2381 3130 μέγας
2416 3061 2515 3115 ἐπὶ
2571 3061 2684 3131 τῆς
2716 3062 2830 3132 γῆς
2882 3060 2992 3116 τοῦ
3040 3062 3311 3132 Ἰσραήλ.
3346 3094 3418 3104 -
3465 3066 3584 3120 Σει-

2006 3148 2165 3219 σμόν
2192 3150 2349 3204 καλεί
2376 3151 2435 3205 τὸ
2464 3152 2559 3205 τοῦ
2594 3152 2922 3224 πράγματος
2964 3152 3216 3224 μέγεθος.
3243 3153 3459 3227 Ὠσπερ
3482 3155 3584 3226 γὰρ

2005 3240 2098 3294 τοῦ
2135 3241 2360 3312 σεισμοῦ
2397 3242 2495 3313 τὴν
2526 3243 2780 3314 αἴσθησιν
2808 3243 3049 3309 ἅπαντες
3083 3244 3222 3316 μετὰ
3250 3244 3411 3310 δέους
3442 3245 3585 3316 δεχό-

2011 3334 2170 3406 μεθα,
2200 3336 2343 3391 οὕτω
2376 3337 2598 3393 καὶτῶν
2634 3338 2886 3409 μεγάλων
2916 3336 3209 3410 θαυμάτων
3229 3340 3332 3412 τὴν
3365 3340 3580 3409 γνῶσιν.

2008 3429 2171 3481 Οὐδὲν
2192 3427 2248 3482 δὲ
2278 3430 2524 3496 ἀπεικὸς,
2547 3430 2642 3484 καὶ
2670 3431 2893 3501 σεισμὸν
2919 3431 3174 3500 γενέσθαι
3192 3432 3292 3503 τῆς
3315 3434 3583 3503 τιμωρὶας

2006 3520 2119 3581 τοῖς
2155 3519 2439 3573 δυσσεϐέσι
2470 3521 2562 3574 καὶ
2597 3520 2919 3592 θηριώδεσιν
2973 3521 3346 3592 ὲπαγομὲνης.
3376 3522 3491 3577 Τὸν
3523 3523 3577 3575 δὲ

2008 3608 2228 3678 θυμὸν,
2254 3611 2350 3664 καὶ
2376 3610 2492 3679 τὴν
2519 3612 2729 3681 ὀργὴν,
2750 3612 2844 3665 καὶ
2866 3610 2976 3665 τὸν
3008 3596 3215 3680 ζῆλον,
3248 3614 3344 3666 καὶ
3372 3611 3439 3666 τὸ
3467 3613 3582 3681 πῦρ

2006 3698 2115 3766 τῆς
2135 3701 2341 3771 ὀργῆς,
2376 3701 2697 3774 θεοπρεπῶς
2737 3701 3025 3774 νοήσομεν.
3066 3699 3449 3774 Ἀνθρωπίνως
3478 3705 3580 3773 γὰρ

2008 3792 2153 3845 αὐτὰ
2194 3792 2404 3846 τέθεικε
2464 3792 2564 3863 τὴν
2608 3792 2880 3865 τιμωρίαν
2931 3791 3281 3866 παραδηλῶν.
3333 3793 3496 3861 Λέγει
3526 3791 3580 3845 δὲ

2010 3882 2395 3954 σεισθήσεσθαι
2418 3882 2526 3936 ἀπὸ
2551 3882 2644 3936 τοῦ
2680 3882 2847 3952 φόϐου
2877 3883 2986 3938 τῶν
3013 3882 3316 3953 γεγονότων
3341 3884 3403 3936 οὐ
3427 3882 3579 3953 μόνον

2007 3979 2133 4041 τοὺς
2167 3975 2507 4049 ἀνθρώπους,
2541 3976 2679 4030 άλλά
2704 3977 2798 4032 καὶ
2823 3978 2952 4040 τοὺς
2993 3975 3206 4048 ἰχθύας,
3236 3977 3332 4030 καὶ
3372 3977 3443 4030 τά
3490 3993 3581 4028 πε·
3612 3992 3623 3997 ⁴

334 4071 424 4115 tur
446 4099 467 4127 ,
499 4067 556 4116 et
582 4067 801 4115 montes
848 4057 1278 4126 abrumpantur,
1322 4054 1494 4111 valles
1529 4055 1863 4125 impleantur
1889 4096 1905 4123 ,

330 4159 387 4207 et
420 4150 563 4205 muri
589 4150 901 4205 diruantur.
959 4147 1169 4217 1011
1206 4144 1283 4200 Ex
1319 4145 1528 4216 quibus
1554 4146 1905 4216 perspicuum

2010 4160 2296 4233 γήσεσθαι,
2334 4162 2428 4215 καὶ
2463 4144 2564 4224 τὰς
2597 4159 2889 4229 φάραγγας
2932 4159 3437 4231 συγχωσθήσεσθαι,
3488 4159 3577 4214 καὶ

330 4250 441 4309 est,
472 4253 625 4298 terra:
657 4250 857 4296 malum
888 4254 1079 4297 revera
1117 4241 1184 4295 ab
1217 4252 1285 4294 eo
1319 4248 1483 4295 terrae
1509 4247 1718 4294 motum
1744 4254 1905 4295 voca-

2010 4251 2077 4305 τὰ
2104 4251 2261 4322 τείχη
2305 4249 2744 4321 διαλυθήσεσθαι.
2780 4249 2872 4315 Ἐξ
2901 4241 2976 4303 ὧν
3003 4249 3178 4320 δῆλον,
3205 4249 3287 4303 ὅτι
3331 4249 3578 4320 σεισμὸν

332 4346 450 4394 tum
479 4352 622 4393 esse.
655 4335 775 4391 Non
807 4334 958 4391 enim
1000 4335 1180 4390 solum
1220 4333 1434 4390 ratione
1479 4333 1768 4404 praeditis,
1809 4334 1905 4391 sed

2010 4344 2089 4414 τῷ
2109 4343 2223 4397 δντι
2250 4342 2342 4396 τὸν
2370 4341 2594 4412 σεισμὸν
2627 4341 2908 4397 ἐκάλεσεν.
2933 4340 3006 4395 Οὐ
3036 4340 3146 4410 γὰρ
3176 4342 3339 4412 μόνον
3365 4343 3471 4405 τοῖς
3499 4340 3579 4393 λο-

331 4430 499 4484 etiam
549 4426 773 4483 rationis
815 4424 1137 4496 expertibus
1183 4432 1456 4479 terrorem
1505 4423 1706 4478 incutit
1754 4431 1905 4479 terrae

2014 4436 2212 4504 γικοῖς,
2234 4432 2373 4488 ἀλλὰ
2401 4433 2497 4486 καὶ
2535 4435 2652 4496 τοῖς
2681 4432 2898 4501 ἀλόγοις
2923 4431 3041 4496 δέος
3088 4432 3396 4503 ἐπιτίθησιν
3419 4434 3446 4486 ό
3471 4449 3575 4485 σει-

334 4525 547 4585 motus,
579 4524 902 4587 montesque
930 4515 1230 4585 abrumpit,
1258 4514 1335 4568 ita
1369 4520 1432 4568 ut
1462 4529 1495 4568 a
1526 4514 1778 4585 partibus
1803 4516 1905 4572 illis

2016 4523 2174 4593 σμὸς,
2197 4525 2289 4578 καὶ
2319 4523 2421 4595 δρη
2447 4523 2835 4594 διαῤῥήγνυσιν
2863 4523 2933 4588 ⁸³,
2967 4522 3044 4586 ὡς
3068 4524 3136 4577 ὲκ
3165 4523 3273 4576 τῶν
3295 4521 3576 4593 άποσχιζου

333 4624 458 4680 que
485 4608 748 4665 abscissae
775 4614 905 4664 sunt
937 4606 1108 4662 valles
1145 4605 1492 4661 obturentur.
1542 4605 1729 4662 Muros
1778 4607 1905 4663 item

2016 4616 2193 4687 μένων
2215 4614 2520 4686 τμημάτων
2545 4613 2989 4685 άποφράττεσθαι
3010 4614 3109 4679 τὰς
3132 4614 3440 4686 φάραγγας.
3472 4614 3575 4669 Καὶ

334 4701 547 4768 diruit,
589 4708 645 4757 et
683 4701 847 4757 urbes
902 4699 957 4756 in
1003 4697 1280 4768 pulverem
1327 4697 1549 4770 redigit.
1588 4696 1654 4752 Et
1682 4714 1905 4769 prorsus

2010 4708 2167 4778 τείχη
2186 4705 2465 4768 καταλύει,
2507 4707 2600 4760 καὶ
2632 4705 2815 4769 πόλεις
2858 4706 3220 4777 συγχωννυσι,
3245 4710 3342 4762 καὶ
3377 4706 3574 4773 ἁπαξα-

337 4793 569 4862 hujusce
599 4794 676 4848 rei
704 4793 965 4862 magistra
1000 4798 1084 4845 est
1121 4788 1481 4859 experientia.

408 4882 577 4940 Vnus.
605 4883 697 4938 2t.
726 4883 793 4938 Et
827 4880 1120 4937 convocabo
1150 4880 1397 4936 adversus
1425 4898 1546 4937 eum
1574 4892 1767 4938 metum
1793 4883 1905 4955 gla-

2089 4894 2192 4945 xa'.
2224 4887 2332 4942 Kal
2366 4885 2726 4956 συγκαλέσω
2749 4887 2794 4919 ⁸³
2822 4887 2917 4940 ἐπ’
2934 4886 3123 4941 αὐτὸν
3159 4889 3350 4956 φόϐον
3377 4885 3573 4956 gaza!-

339 4973 416 5026 αξξ
441 4974 496 5027 in
530 4989 709 5029 omnes
746 4983 942 5028 montes
956 4962 1121 5029 'meos
1146 5015 1161 5040 ,
1198 4972 1330 5028 dicit
1375 4974 1585 5031 Adonei
1629 4976 1905 5031 Dominus.

2011 4996 2128 5049 ρας
2147 4981 2235 5045 εὶς
2266 4976 2465 5031 πάντα
2481 4977 2554 5030 τὰ
2588 4975 2703 5046 ὄρη
2720 4994 2863 5046 μου,
2883 4975 3048 5046 λέγει
3082 4976 3329 5031 Ἀδωναῖ
3350 4977 3570 5043 Κύριος.

341 5062 527 5121 Terrae
567 5072 759 5131 motu,
814 5065 1030 5136 inquit,
1085 5072 1404 5135 praeeunte,
1454 5077 1722 5125 terrorem
1775 5069 1905 5139 ipsis

2019 5067 2127 5123 Τοῦ
2162 5064 2407 5136 σεισμοῦ,
2450 5064 2634 5135 φησὶν,
2677 5064 3023 5135 ἡγησαμένου
3050 5063 3251 5118 δειλίαν
3282 5066 3457 5127 αὐτοῖς
3480 5062 3571 5132 έμ-

2008 4070 2180 4134 τεινὰ,
2226 4070 2321 4123 καὶ
2355 4068 2426 4123 τὰ
2475 4067 2703 4148 ἑρπετὰ,
2738 4068 2833 4127 καὶ
2858 4068 2925 4122 τὰ
2947 4068 3143 4141 θηρίαο
3168 4069 3239 4124 τά
3263 4086 3325 4122 τε
3350 4069 3453 4140 ὅρη
3486 4068 3580 4139 ῥα-

2016 4796 2164 4861 πλῶς
2184 4796 2374 4851 τούτου
2396 4794 2712 4860 διδάσκαλος
2741 4797 2774 4867 ἠ
2799 4799 2984 4868 πεῖρα.

450 5233 474 5262 ι
510 5224 646 5280 Joel.
689 5242 768 5289 ιιι,
808 5225 856 5286 1,
884 5226 939 5278 2.
1044 5232 1069 5261 ⁸
1094 5224 1256 5279 Mich.
1284 5241 1358 5290 ιν,
1390 5224 1474 5290 10,
1509 5222 1599 5277 15.
1712 5220 1905 5278 bZach

2010 5241 2041 5290 ν,
2074 5224 2129 5288 θ,
2159 5226 2210 5281 ⁸7.

1650 5389 1882 5448 VARUE
1916 5389 2323 5449 LECTIONES.

412 5475 458 5508 "
498 5475 740 5554 πλῆθος.-
764 5474 803 5530 Β
833 5492 1017 5554 Ρΐὶωξι-
1056 5478 1147 5554 τά-⁸
1180 5478 1255 5554 ,⁸⁸
1297 5479 1521 5554 ἐγιρργῇ
1559 5502 1679 5554 μου.
1711 5486 1834 5541 Des.
1870 5487 1923 5539 in
1956 5486 2017 5539 Λ.
2062 5487 2108 5517 ⁸³³
2148 5484 2296 5553 ὑμῖν.
2331 5484 2376 5535 Α
2400 5483 2460 5535 ΕΞ
2499 5483 2624 5554 μήνἶ
2664 5478 2767 5553 Βῆ
2803 5484 2926 5552 μήν.
2952 5481 3009 5554 ξο
3045 5476 3566 5554 διαρρηγνυσινλξδξ

343 5545 622 5628 ρᾗγυσιγο
684 5549 743 5628 _'”
786 5545 1280 5628 05_‘(nx11._f—).éxa_t
1325 5545 1802 5628 Ἀδωνᾶῒ’Κύριος.
1839 5555 1914 5610 Ita
1950 5545 2403 5627 quoquesupra,
2438 5545 2571 5607 tuin.
2609 5552 2663 5618 ι,
2695 5545 2815 5624 pag:
2848 5545 3003 5613 i555,
3048 5545 3150 5605 sed'
3173 5545 3456 5603 λ’καλὲσω
3484 5545 3565 5594 ἐπ’

342 5615 473 5672 αὐτὸ
507 5617 598 5668 καὶ
635 5620 759 5687 πᾶν,
796 5618 983 5689 φόϐον,
1019 5618 1161 5689 λέγει
1195 5617 1413 5689 Κύριος.
1670 5615 1680 5628 ’
1764 5615 1777 5621 ⁷
1958 5660 1961 5663 λ
