  <div class='ocr_page' id='page_1' title='image "/cluster/home/n/w/nwhite01/storage/ocr_20150623/81/mdp.39015078384339/639.png"; bbox 0 0 3860 6206; ppageno 0'>
   <div class='ocr_carea' id='block_1_1' title="bbox 440 310 564 377">
    <p class='ocr_par' dir='ltr' id='par_1_1' title="bbox 440 310 564 377">
     <span class='ocr_line' id='line_1_1' title="bbox 440 310 564 377; baseline -0.008 0"><span class='ocrx_word' id='word_1_1' title='bbox 440 310 564 377; x_wconf 76' lang='grc'><strong>1⁵211</strong></span> 
     </span>
    </p>
   </div>
   <div class='ocr_carea' id='block_1_2' title="bbox 512 418 2080 500">
    <p class='ocr_par' dir='ltr' id='par_1_2' title="bbox 512 418 2080 500">
     <span class='ocr_line' id='line_1_2' title="bbox 512 418 2080 500; baseline -0.001 -24"><span class='ocrx_word' id='word_1_2' title='bbox 512 423 669 478; x_wconf 72' lang='lat' dir='ltr'><strong>Vens.</strong></span> <span class='ocrx_word' id='word_1_3' title='bbox 703 421 757 475; x_wconf 88' lang='lat'><strong>8.</strong></span> <span class='ocrx_word' id='word_1_4' title='bbox 799 421 930 474; x_wconf 81' lang='lat' dir='ltr'><strong>Ecce</strong></span> <span class='ocrx_word' id='word_1_5' title='bbox 960 418 1116 479; x_wconf 79' lang='lat' dir='ltr'><strong>venit,</strong></span> <span class='ocrx_word' id='word_1_6' title='bbox 1155 425 1203 471; x_wconf 85' lang='lat' dir='ltr'><strong>et</strong></span> <span class='ocrx_word' id='word_1_7' title='bbox 1235 432 1531 488; x_wconf 72' lang='lat' dir='ltr'><strong>cognosces,</strong></span> <span class='ocrx_word' id='word_1_8' title='bbox 1566 421 1692 489; x_wconf 88' lang='lat' dir='ltr'><strong>quia</strong></span> <span class='ocrx_word' id='word_1_9' title='bbox 1720 421 1844 486; x_wconf 84' lang='lat' dir='ltr'><strong>erit,</strong></span> <span class='ocrx_word' id='word_1_10' title='bbox 1873 420 2004 474; x_wconf 85' lang='lat' dir='ltr'><strong>dicit</strong></span> <span class='ocrx_word' id='word_1_11' title='bbox 2037 445 2080 500; x_wconf 70' lang='grc' dir='ltr'><strong>Α</strong></span> 
     </span>
    </p>
   </div>
   <div class='ocr_carea' id='block_1_3' title="bbox 435 508 2008 580">
    <p class='ocr_par' dir='ltr' id='par_1_3' title="bbox 435 508 2008 580">
     <span class='ocr_line' id='line_1_3' title="bbox 435 508 2008 580; baseline -0.004 -10"><span class='ocrx_word' id='word_1_12' title='bbox 435 515 646 570; x_wconf 78' lang='lat' dir='ltr'><strong>Adonai</strong></span> <span class='ocrx_word' id='word_1_13' title='bbox 696 511 969 565; x_wconf 85' lang='lat' dir='ltr'><strong>Dominus.</strong></span> <span class='ocrx_word' id='word_1_14' title='bbox 1027 508 1357 564; x_wconf 82' lang='lat' dir='ltr'><strong>Existimato</strong></span> <span class='ocrx_word' id='word_1_15' title='bbox 1411 511 1549 575; x_wconf 63' lang='lat' dir='ltr'><strong>haec,</strong></span> <span class='ocrx_word' id='word_1_16' title='bbox 1615 511 1813 580; x_wconf 93' lang='lat' dir='ltr'><strong>inquit,</strong></span> <span class='ocrx_word' id='word_1_17' title='bbox 1862 512 2008 566; x_wconf 88' lang='lat' dir='ltr'><strong>acci-</strong></span> 
     </span>
    </p>
   </div>
   <div class='ocr_carea' id='block_1_4' title="bbox 434 599 2008 671">
    <p class='ocr_par' dir='ltr' id='par_1_4' title="bbox 434 599 2008 671">
     <span class='ocr_line' id='line_1_4' title="bbox 434 599 2008 671; baseline -0.004 -10"><span class='ocrx_word' id='word_1_18' title='bbox 434 607 602 669; x_wconf 82' lang='lat' dir='ltr'><strong>disse,</strong></span> <span class='ocrx_word' id='word_1_19' title='bbox 637 612 691 657; x_wconf 92' lang='lat' dir='ltr'><strong>et</strong></span> <span class='ocrx_word' id='word_1_20' title='bbox 721 601 881 671; x_wconf 87' lang='lat' dir='ltr'><strong>quasi</strong></span> <span class='ocrx_word' id='word_1_21' title='bbox 913 601 980 654; x_wconf 91' lang='lat' dir='ltr'><strong>de</strong></span> <span class='ocrx_word' id='word_1_22' title='bbox 1022 599 1090 652; x_wconf 92' lang='lat' dir='ltr'><strong>iis</strong></span> <span class='ocrx_word' id='word_1_23' title='bbox 1117 613 1239 667; x_wconf 66' lang='lat' dir='ltr'><strong>quae</strong></span> <span class='ocrx_word' id='word_1_24' title='bbox 1282 599 1592 664; x_wconf 89' lang='lat' dir='ltr'><strong>evenerint,</strong></span> <span class='ocrx_word' id='word_1_25' title='bbox 1635 601 1863 656; x_wconf 90' lang='lat' dir='ltr'><strong>minime</strong></span> <span class='ocrx_word' id='word_1_26' title='bbox 1905 602 2008 655; x_wconf 88' lang='lat' dir='ltr'><strong>du-</strong></span> 
     </span>
    </p>
   </div>
   <div class='ocr_carea' id='block_1_5' title="bbox 435 688 2003 760">
    <p class='ocr_par' dir='ltr' id='par_1_5' title="bbox 435 688 2003 760">
     <span class='ocr_line' id='line_1_5' title="bbox 435 688 2003 760; baseline -0.005 -10"><span class='ocrx_word' id='word_1_27' title='bbox 435 698 578 751; x_wconf 87' lang='lat' dir='ltr'><strong>biam</strong></span> <span class='ocrx_word' id='word_1_28' title='bbox 615 693 814 746; x_wconf 84' lang='lat' dir='ltr'><strong>habeas</strong></span> <span class='ocrx_word' id='word_1_29' title='bbox 846 690 1023 744; x_wconf 79' lang='lat' dir='ltr'><strong>fidem.</strong></span> <span class='ocrx_word' id='word_1_30' title='bbox 1054 688 1188 742; x_wconf 85' lang='lat' dir='ltr'><strong>Nam</strong></span> <span class='ocrx_word' id='word_1_31' title='bbox 1219 704 1340 758; x_wconf 69' lang='lat' dir='ltr'><strong>quae</strong></span> <span class='ocrx_word' id='word_1_32' title='bbox 1369 704 1397 742; x_wconf 88' lang='lat' dir='ltr'><strong>a</strong></span> <span class='ocrx_word' id='word_1_33' title='bbox 1428 705 1512 744; x_wconf 91' lang='lat' dir='ltr'><strong>me</strong></span> <span class='ocrx_word' id='word_1_34' title='bbox 1557 691 1817 760; x_wconf 71' lang='lat' dir='ltr'><strong>praedicta</strong></span> <span class='ocrx_word' id='word_1_35' title='bbox 1855 703 2003 757; x_wconf 91' lang='lat' dir='ltr'><strong>sunt,</strong></span> 
     </span>
    </p>
   </div>
   <div class='ocr_carea' id='block_1_6' title="bbox 434 778 2006 856">
    <p class='ocr_par' dir='ltr' id='par_1_6' title="bbox 434 778 2006 856">
     <span class='ocr_line' id='line_1_6' title="bbox 434 778 2006 856; baseline -0.002 -14"><span class='ocrx_word' id='word_1_36' title='bbox 434 803 497 842; x_wconf 90' lang='lat' dir='ltr'><strong>ea</strong></span> <span class='ocrx_word' id='word_1_37' title='bbox 528 799 754 856; x_wconf 83' lang='lat' dir='ltr'><strong>prorsus</strong></span> <span class='ocrx_word' id='word_1_38' title='bbox 804 783 952 836; x_wconf 85' lang='lat' dir='ltr'><strong>ﬂent.</strong></span> <span class='ocrx_word' id='word_1_39' title='bbox 988 797 1007 830; x_wconf 79' lang='grc' dir='ltr'><strong>ι</strong></span> <span class='ocrx_word' id='word_1_40' title='bbox 1060 778 1161 833; x_wconf 82' lang='lat' dir='ltr'><strong>Hic</strong></span> <span class='ocrx_word' id='word_1_41' title='bbox 1199 789 1284 835; x_wconf 86' lang='lat' dir='ltr'><strong>est</strong></span> <span class='ocrx_word' id='word_1_42' title='bbox 1335 781 1455 835; x_wconf 90' lang='lat' dir='ltr'><strong>dies</strong></span> <span class='ocrx_word' id='word_1_43' title='bbox 1501 782 1569 836; x_wconf 91' lang='lat' dir='ltr'><strong>de</strong></span> <span class='ocrx_word' id='word_1_44' title='bbox 1618 797 1728 851; x_wconf 92' lang='lat' dir='ltr'><strong>quo</strong></span> <span class='ocrx_word' id='word_1_45' title='bbox 1787 784 2006 840; x_wconf 89' lang='lat' dir='ltr'><strong>locutus</strong></span> 
     </span>
    </p>
   </div>
   <div class='ocr_carea' id='block_1_7' title="bbox 437 870 2006 944">
    <p class='ocr_par' dir='ltr' id='par_1_7' title="bbox 437 870 2006 944">
     <span class='ocr_line' id='line_1_7' title="bbox 437 870 2006 944; baseline 0.001 -15"><span class='ocrx_word' id='word_1_46' title='bbox 437 891 581 930; x_wconf 90' lang='lat' dir='ltr'><strong>sum.</strong></span> <span class='ocrx_word' id='word_1_47' title='bbox 623 892 641 924; x_wconf 75' lang='grc' dir='ltr'><strong>ι</strong></span> <span class='ocrx_word' id='word_1_48' title='bbox 678 872 752 927; x_wconf 90' lang='lat' dir='ltr'><strong>De</strong></span> <span class='ocrx_word' id='word_1_49' title='bbox 776 872 900 934; x_wconf 87' lang='lat' dir='ltr'><strong>hoc,</strong></span> <span class='ocrx_word' id='word_1_50' title='bbox 936 871 1136 940; x_wconf 91' lang='lat' dir='ltr'><strong>inquit,</strong></span> <span class='ocrx_word' id='word_1_51' title='bbox 1159 870 1249 925; x_wconf 91' lang='lat' dir='ltr'><strong>die</strong></span> <span class='ocrx_word' id='word_1_52' title='bbox 1280 885 1422 940; x_wconf 66' lang='lat' dir='ltr'><strong>saepe</strong></span> <span class='ocrx_word' id='word_1_53' title='bbox 1448 872 1698 940; x_wconf 66' lang='lat' dir='ltr'><strong>praedixi.</strong></span> <span class='ocrx_word' id='word_1_54' title='bbox 1723 871 2006 944; x_wconf 85' lang='lat' dir='ltr'><strong>Vocatque</strong></span> 
     </span>
    </p>
   </div>
   <div class='ocr_carea' id='block_1_8' title="bbox 435 957 2002 1034">
    <p class='ocr_par' dir='ltr' id='par_1_8' title="bbox 435 957 2002 1034">
     <span class='ocr_line' id='line_1_8' title="bbox 435 957 2002 1034; baseline 0.001 -16"><span class='ocrx_word' id='word_1_55' title='bbox 435 966 574 1019; x_wconf 86' lang='lat' dir='ltr'><strong>diem</strong></span> <span class='ocrx_word' id='word_1_56' title='bbox 610 973 822 1033; x_wconf 77' lang='lat' dir='ltr'><strong>tempus</strong></span> <span class='ocrx_word' id='word_1_57' title='bbox 855 962 1109 1032; x_wconf 80' lang='lat' dir='ltr'><strong>supplicii</strong></span> <span class='ocrx_word' id='word_1_58' title='bbox 1147 961 1303 1032; x_wconf 88' lang='lat' dir='ltr'><strong>Gogi.</strong></span> <span class='ocrx_word' id='word_1_59' title='bbox 1343 962 1424 1034; x_wconf 80' lang='lat'><strong>[9,</strong></span> <span class='ocrx_word' id='word_1_60' title='bbox 1466 957 1566 1032; x_wconf 88' lang='lat'><strong>10]</strong></span> <span class='ocrx_word' id='word_1_61' title='bbox 1589 963 1798 1020; x_wconf 87' lang='lat' dir='ltr'><strong>Deinde</strong></span> <span class='ocrx_word' id='word_1_62' title='bbox 1821 965 2002 1030; x_wconf 86' lang='lat' dir='ltr'><strong>docet,</strong></span> 
     </span>
    </p>
   </div>
   <div class='ocr_carea' id='block_1_9' title="bbox 435 1053 2006 1122">
    <p class='ocr_par' dir='ltr' id='par_1_9' title="bbox 435 1053 2006 1122">
     <span class='ocr_line' id='line_1_9' title="bbox 435 1053 2006 1122; baseline -0.001 -12"><span class='ocrx_word' id='word_1_63' title='bbox 435 1055 556 1110; x_wconf 83' lang='lat' dir='ltr'><strong>fore</strong></span> <span class='ocrx_word' id='word_1_64' title='bbox 577 1063 635 1108; x_wconf 89' lang='lat' dir='ltr'><strong>ut</strong></span> <span class='ocrx_word' id='word_1_65' title='bbox 658 1054 871 1108; x_wconf 76' lang='lat' dir='ltr'><strong>‘omnis</strong></span> <span class='ocrx_word' id='word_1_66' title='bbox 892 1053 1060 1108; x_wconf 79' lang='lat' dir='ltr'><strong>Israel</strong></span> <span class='ocrx_word' id='word_1_67' title='bbox 1095 1067 1194 1122; x_wconf 92' lang='lat' dir='ltr'><strong>pro</strong></span> <span class='ocrx_word' id='word_1_68' title='bbox 1221 1053 1407 1122; x_wconf 81' lang='lat' dir='ltr'><strong>lignis,</strong></span> <span class='ocrx_word' id='word_1_69' title='bbox 1440 1054 1658 1108; x_wconf 91' lang='lat' dir='ltr'><strong>illorum</strong></span> <span class='ocrx_word' id='word_1_70' title='bbox 1685 1054 1854 1109; x_wconf 91' lang='lat' dir='ltr'><strong>armis</strong></span> <span class='ocrx_word' id='word_1_71' title='bbox 1887 1063 2006 1109; x_wconf 89' lang='lat' dir='ltr'><strong>uta-</strong></span> 
     </span>
    </p>
   </div>
   <div class='ocr_carea' id='block_1_10' title="bbox 433 1143 2003 1214">
    <p class='ocr_par' dir='ltr' id='par_1_10' title="bbox 433 1143 2003 1214">
     <span class='ocr_line' id='line_1_10' title="bbox 433 1143 2003 1214; baseline 0.001 -17"><span class='ocrx_word' id='word_1_72' title='bbox 433 1153 547 1207; x_wconf 92' lang='lat' dir='ltr'><strong>tur,</strong></span> <span class='ocrx_word' id='word_1_73' title='bbox 582 1145 780 1208; x_wconf 84' lang='lat' dir='ltr'><strong>hastis,</strong></span> <span class='ocrx_word' id='word_1_74' title='bbox 812 1153 866 1198; x_wconf 93' lang='lat' dir='ltr'><strong>et</strong></span> <span class='ocrx_word' id='word_1_75' title='bbox 899 1143 1160 1207; x_wconf 84' lang='lat' dir='ltr'><strong>arcubus,</strong></span> <span class='ocrx_word' id='word_1_76' title='bbox 1191 1152 1239 1198; x_wconf 92' lang='lat' dir='ltr'><strong>et</strong></span> <span class='ocrx_word' id='word_1_77' title='bbox 1265 1143 1504 1213; x_wconf 75' lang='lat' dir='ltr'><strong>sagittis,</strong></span> <span class='ocrx_word' id='word_1_78' title='bbox 1536 1144 1709 1198; x_wconf 84' lang='lat' dir='ltr'><strong>scutis</strong></span> <span class='ocrx_word' id='word_1_79' title='bbox 1736 1151 1791 1198; x_wconf 93' lang='lat' dir='ltr'><strong>et</strong></span> <span class='ocrx_word' id='word_1_80' title='bbox 1817 1145 2003 1214; x_wconf 88' lang='lat' dir='ltr'><strong>peltis,</strong></span> 
     </span>
    </p>
   </div>
   <div class='ocr_carea' id='block_1_11' title="bbox 433 1233 2003 1304">
    <p class='ocr_par' dir='ltr' id='par_1_11' title="bbox 433 1233 2003 1304">
     <span class='ocr_line' id='line_1_11' title="bbox 433 1233 2003 1304; baseline -0.003 -12"><span class='ocrx_word' id='word_1_81' title='bbox 433 1245 489 1292; x_wconf 89' lang='lat' dir='ltr'><strong>et</strong></span> <span class='ocrx_word' id='word_1_82' title='bbox 519 1235 757 1299; x_wconf 85' lang='lat' dir='ltr'><strong>baculis,</strong></span> <span class='ocrx_word' id='word_1_83' title='bbox 811 1249 990 1304; x_wconf 91' lang='lat' dir='ltr'><strong>neque</strong></span> <span class='ocrx_word' id='word_1_84' title='bbox 1034 1249 1173 1304; x_wconf 89' lang='lat' dir='ltr'><strong>opus</strong></span> <span class='ocrx_word' id='word_1_85' title='bbox 1221 1233 1419 1288; x_wconf 84' lang='lat' dir='ltr'><strong>habeat</strong></span> <span class='ocrx_word' id='word_1_86' title='bbox 1465 1233 1610 1302; x_wconf 89' lang='lat' dir='ltr'><strong>ligna</strong></span> <span class='ocrx_word' id='word_1_87' title='bbox 1644 1234 1875 1300; x_wconf 73' lang='lat' dir='ltr'><strong>caedere,</strong></span> <span class='ocrx_word' id='word_1_88' title='bbox 1908 1233 2003 1288; x_wconf 90' lang='lat' dir='ltr'><strong>sed</strong></span> 
     </span>
    </p>
   </div>
   <div class='ocr_carea' id='block_1_12' title="bbox 435 1322 2007 1394">
    <p class='ocr_par' dir='ltr' id='par_1_12' title="bbox 435 1322 2007 1394">
     <span class='ocr_line' id='line_1_12' title="bbox 435 1322 2007 1394; baseline -0.001 -14"><span class='ocrx_word' id='word_1_89' title='bbox 435 1335 496 1380; x_wconf 92' lang='lat' dir='ltr'><strong>ut</strong></span> <span class='ocrx_word' id='word_1_90' title='bbox 517 1341 666 1381; x_wconf 88' lang='lat' dir='ltr'><strong>arma</strong></span> <span class='ocrx_word' id='word_1_91' title='bbox 699 1334 824 1381; x_wconf 86' lang='lat' dir='ltr'><strong>ante</strong></span> <span class='ocrx_word' id='word_1_92' title='bbox 849 1324 994 1380; x_wconf 87' lang='lat' dir='ltr'><strong>dicta</strong></span> <span class='ocrx_word' id='word_1_93' title='bbox 1021 1333 1226 1394; x_wconf 89' lang='lat' dir='ltr'><strong>septem</strong></span> <span class='ocrx_word' id='word_1_94' title='bbox 1259 1324 1420 1379; x_wconf 89' lang='lat' dir='ltr'><strong>annis</strong></span> <span class='ocrx_word' id='word_1_95' title='bbox 1452 1322 1520 1377; x_wconf 85' lang='lat' dir='ltr'><strong>ad</strong></span> <span class='ocrx_word' id='word_1_96' title='bbox 1551 1339 1714 1378; x_wconf 90' lang='lat' dir='ltr'><strong>usum</strong></span> <span class='ocrx_word' id='word_1_97' title='bbox 1739 1324 1848 1378; x_wconf 82' lang='lat' dir='ltr'><strong>illis</strong></span> <span class='ocrx_word' id='word_1_98' title='bbox 1877 1341 2007 1394; x_wconf 91' lang='lat' dir='ltr'><strong>sup-</strong></span> 
     </span>
    </p>
   </div>
   <div class='ocr_carea' id='block_1_13' title="bbox 435 1415 2009 1492">
    <p class='ocr_par' dir='ltr' id='par_1_13' title="bbox 435 1415 2009 1492">
     <span class='ocr_line' id='line_1_13' title="bbox 435 1415 2009 1492; baseline -0.003 -18"><span class='ocrx_word' id='word_1_99' title='bbox 435 1425 653 1492; x_wconf 84' lang='lat' dir='ltr'><strong>petant.</strong></span> <span class='ocrx_word' id='word_1_100' title='bbox 686 1417 792 1473; x_wconf 90' lang='lat' dir='ltr'><strong>Per</strong></span> <span class='ocrx_word' id='word_1_101' title='bbox 833 1418 947 1472; x_wconf 80' lang='lat' dir='ltr'><strong>haec</strong></span> <span class='ocrx_word' id='word_1_102' title='bbox 977 1425 1158 1471; x_wconf 88' lang='lat' dir='ltr'><strong>autem</strong></span> <span class='ocrx_word' id='word_1_103' title='bbox 1189 1431 1380 1472; x_wconf 90' lang='lat' dir='ltr'><strong>eorum</strong></span> <span class='ocrx_word' id='word_1_104' title='bbox 1421 1415 1787 1485; x_wconf 84' lang='lat' dir='ltr'><strong>frequentiam</strong></span> <span class='ocrx_word' id='word_1_105' title='bbox 1825 1416 2009 1471; x_wconf 83' lang='lat' dir='ltr'><strong>decla-</strong></span> 
     </span>
    </p>
   </div>
   <div class='ocr_carea' id='block_1_14' title="bbox 433 1505 1858 1578">
    <p class='ocr_par' dir='ltr' id='par_1_14' title="bbox 433 1505 1858 1578">
     <span class='ocr_line' id='line_1_14' title="bbox 433 1505 1858 1578; baseline -0.004 -15"><span class='ocrx_word' id='word_1_106' title='bbox 433 1515 540 1574; x_wconf 86' lang='lat' dir='ltr'><strong>rat,</strong></span> <span class='ocrx_word' id='word_1_107' title='bbox 569 1507 929 1578; x_wconf 73' lang='lat' dir='ltr'><strong>pmdicitque</strong></span> <span class='ocrx_word' id='word_1_108' title='bbox 953 1505 1198 1560; x_wconf 79' lang='lat' dir='ltr'><strong>futurum</strong></span> <span class='ocrx_word' id='word_1_109' title='bbox 1231 1505 1370 1576; x_wconf 85' lang='lat' dir='ltr'><strong>Gogi</strong></span> <span class='ocrx_word' id='word_1_110' title='bbox 1414 1514 1858 1561; x_wconf 86' lang='lat' dir='ltr'><strong>monumentum.</strong></span> 
     </span>
    </p>
   </div>
   <div class='ocr_carea' id='block_1_15' title="bbox 509 1698 2000 1770">
    <p class='ocr_par' dir='ltr' id='par_1_15' title="bbox 509 1698 2000 1770">
     <span class='ocr_line' id='line_1_15' title="bbox 509 1698 2000 1770; baseline -0.003 -14"><span class='ocrx_word' id='word_1_111' title='bbox 509 1699 676 1756; x_wconf 77' lang='lat' dir='ltr'><strong>Vsus.</strong></span> <span class='ocrx_word' id='word_1_112' title='bbox 721 1701 806 1754; x_wconf 85' lang='lat'><strong>11.</strong></span> <span class='ocrx_word' id='word_1_113' title='bbox 854 1700 970 1754; x_wconf 78' lang='lat' dir='ltr'><strong>Erit</strong></span> <span class='ocrx_word' id='word_1_114' title='bbox 997 1701 1132 1754; x_wconf 83' lang='lat' dir='ltr'><strong>enim</strong></span> <span class='ocrx_word' id='word_1_115' title='bbox 1175 1700 1260 1754; x_wconf 88' lang='lat' dir='ltr'><strong>die</strong></span> <span class='ocrx_word' id='word_1_116' title='bbox 1302 1700 1418 1763; x_wconf 89' lang='lat' dir='ltr'><strong>illo,</strong></span> <span class='ocrx_word' id='word_1_117' title='bbox 1449 1699 1586 1753; x_wconf 83' lang='lat' dir='ltr'><strong><em>dabo</em></strong></span> <span class='ocrx_word' id='word_1_118' title='bbox 1634 1698 1778 1770; x_wconf 87' lang='lat' dir='ltr'><strong>Gogo</strong></span> <span class='ocrx_word' id='word_1_119' title='bbox 1829 1699 2000 1754; x_wconf 87' lang='lat' dir='ltr'><strong>locum</strong></span> 
     </span>
    </p>
   </div>
   <div class='ocr_carea' id='block_1_16' title="bbox 1423 299 2699 372">
    <p class='ocr_par' dir='ltr' id='par_1_16' title="bbox 1423 299 2699 372">
     <span class='ocr_line' id='line_1_16' title="bbox 1423 299 2699 372; baseline -0.002 -3"><span class='ocrx_word' id='word_1_120' title='bbox 1423 307 1911 370; x_wconf 87' lang='lat' dir='ltr'><strong>THEODORETI</strong></span> <span class='ocrx_word' id='word_1_121' title='bbox 1951 299 2699 372; x_wconf 41' lang='lat' dir='ltr'><strong>EPISCOPI&quot;CYRENSIS</strong></span> 
     </span>
    </p>
   </div>
   <div class='ocr_carea' id='block_1_17' title="bbox 3555 297 3674 360">
    <p class='ocr_par' dir='ltr' id='par_1_17' title="bbox 3555 297 3674 360">
     <span class='ocr_line' id='line_1_17' title="bbox 3555 297 3674 360; baseline 0.008 -1"><span class='ocrx_word' id='word_1_122' title='bbox 3555 297 3674 360; x_wconf 68' lang='lat'><strong>1212</strong></span> 
     </span>
    </p>
   </div>
   <div class='ocr_carea' id='block_1_18' title="bbox 2177 407 3672 492">
    <p class='ocr_par' dir='ltr' id='par_1_18' title="bbox 2177 407 3672 492">
     <span class='ocr_line' id='line_1_18' title="bbox 2177 407 3672 492; baseline -0.009 -16"><span class='ocrx_word' id='word_1_123' title='bbox 2177 428 2246 492; x_wconf 80' lang='grc' dir='ltr'>η’.</span> <span class='ocrx_word' id='word_1_124' title='bbox 2284 421 2430 475; x_wconf 83' lang='grc' dir='ltr'>Ἰδοὺ</span> <span class='ocrx_word' id='word_1_125' title='bbox 2469 420 2621 486; x_wconf 75' lang='grc' dir='ltr'>ἥκει,</span> <span class='ocrx_word' id='word_1_126' title='bbox 2675 411 2832 470; x_wconf 74' lang='lat' dir='ltr'><strong>xui&quot;</strong></span> <span class='ocrx_word' id='word_1_127' title='bbox 2890 409 3111 482; x_wconf 77' lang='grc' dir='ltr'>τνὼση,</span> <span class='ocrx_word' id='word_1_128' title='bbox 3145 409 3232 462; x_wconf 82' lang='grc' dir='ltr'>ὅτι</span> <span class='ocrx_word' id='word_1_129' title='bbox 3283 407 3480 473; x_wconf 73' lang='grc' dir='ltr'>ἔσται,</span> <span class='ocrx_word' id='word_1_130' title='bbox 3530 411 3672 479; x_wconf 73' lang='grc' dir='ltr'>λέγει</span> 
     </span>
    </p>
   </div>
   <div class='ocr_carea' id='block_1_19' title="bbox 2125 499 3672 578">
    <p class='ocr_par' dir='ltr' id='par_1_19' title="bbox 2125 499 3672 578">
     <span class='ocr_line' id='line_1_19' title="bbox 2125 499 3672 578; baseline -0.01 -11"><span class='ocrx_word' id='word_1_131' title='bbox 2125 512 2376 568; x_wconf 79' lang='grc' dir='ltr'>Ἀδωναϊ</span> <span class='ocrx_word' id='word_1_132' title='bbox 2392 511 2628 578; x_wconf 85' lang='grc' dir='ltr'>Κύριος.</span> <span class='ocrx_word' id='word_1_133' title='bbox 2649 507 2885 576; x_wconf 83' lang='grc' dir='ltr'>Νόμισον</span> <span class='ocrx_word' id='word_1_134' title='bbox 2911 501 3049 556; x_wconf 80' lang='grc' dir='ltr'>αὐτὰ</span> <span class='ocrx_word' id='word_1_135' title='bbox 3068 503 3137 563; x_wconf 81' lang='grc'><strong>’³,</strong></span> <span class='ocrx_word' id='word_1_136' title='bbox 3155 518 3227 570; x_wconf 75' lang='grc' dir='ltr'>φη</span> <span class='ocrx_word' id='word_1_137' title='bbox 3237 501 3308 564; x_wconf 65' lang='grc' dir='ltr'><strong>σι,</strong></span> <span class='ocrx_word' id='word_1_138' title='bbox 3339 499 3672 567; x_wconf 73' lang='grc' dir='ltr'>γεγενῆσθαι,</span> 
     </span>
    </p>
   </div>
   <div class='ocr_carea' id='block_1_20' title="bbox 2109 590 3672 672">
    <p class='ocr_par' dir='ltr' id='par_1_20' title="bbox 2109 590 3672 672">
     <span class='ocr_line' id='line_1_20' title="bbox 2109 590 3672 672; baseline -0.013 -13"><span class='ocrx_word' id='word_1_139' title='bbox 2109 605 2204 659; x_wconf 81' lang='grc' dir='ltr'>καὶ</span> <span class='ocrx_word' id='word_1_140' title='bbox 2227 603 2302 667; x_wconf 86' lang='grc' dir='ltr'>ὡς</span> <span class='ocrx_word' id='word_1_141' title='bbox 2323 602 2450 672; x_wconf 79' lang='grc' dir='ltr'>περὶ</span> <span class='ocrx_word' id='word_1_142' title='bbox 2488 596 2870 669; x_wconf 82' lang='grc' dir='ltr'><strong>γεγενημένων</strong></span> <span class='ocrx_word' id='word_1_143' title='bbox 2903 593 3300 662; x_wconf 66' lang='grc' dir='ltr'><strong>ἀναντίρρητον</strong></span> <span class='ocrx_word' id='word_1_144' title='bbox 3337 590 3431 661; x_wconf 75' lang='grc' dir='ltr'>ἔχε</span> <span class='ocrx_word' id='word_1_145' title='bbox 3467 591 3565 660; x_wconf 82' lang='grc' dir='ltr'>τὴν</span> <span class='ocrx_word' id='word_1_146' title='bbox 3595 592 3672 644; x_wconf 74' lang='grc' dir='ltr'>πί.</span> 
     </span>
    </p>
   </div>
   <div class='ocr_carea' id='block_1_21' title="bbox 2109 681 3666 762">
    <p class='ocr_par' dir='ltr' id='par_1_21' title="bbox 2109 681 3666 762">
     <span class='ocr_line' id='line_1_21' title="bbox 2109 681 3666 762; baseline -0.014 -12"><span class='ocrx_word' id='word_1_147' title='bbox 2109 715 2225 751; x_wconf 86' lang='grc' dir='ltr'>στιν</span> <span class='ocrx_word' id='word_1_148' title='bbox 2247 713 2261 728; x_wconf 86' lang='grc'><strong>·</strong></span> <span class='ocrx_word' id='word_1_149' title='bbox 2290 694 2506 755; x_wconf 84' lang='grc' dir='ltr'>πάντως</span> <span class='ocrx_word' id='word_1_150' title='bbox 2537 691 2646 762; x_wconf 78' lang='grc' dir='ltr'>γὰρ</span> <span class='ocrx_word' id='word_1_151' title='bbox 2687 689 2971 759; x_wconf 82' lang='grc' dir='ltr'>γενήσεται</span> <span class='ocrx_word' id='word_1_152' title='bbox 3015 687 3081 739; x_wconf 76' lang='grc' dir='ltr'>τὰ</span> <span class='ocrx_word' id='word_1_153' title='bbox 3117 685 3208 737; x_wconf 80' lang='grc' dir='ltr'><strong>ὑπ’</strong></span> <span class='ocrx_word' id='word_1_154' title='bbox 3252 681 3390 751; x_wconf 77' lang='grc' dir='ltr'>ἐμοῦ</span> <span class='ocrx_word' id='word_1_155' title='bbox 3431 682 3666 750; x_wconf 79' lang='grc' dir='ltr'>προρρη-</span> 
     </span>
    </p>
   </div>
   <div class='ocr_carea' id='block_1_22' title="bbox 2107 771 3670 852">
    <p class='ocr_par' dir='ltr' id='par_1_22' title="bbox 2107 771 3670 852">
     <span class='ocr_line' id='line_1_22' title="bbox 2107 771 3670 852; baseline -0.013 -12"><span class='ocrx_word' id='word_1_156' title='bbox 2107 787 2286 840; x_wconf 82' lang='grc' dir='ltr'>θέντα.</span> <span class='ocrx_word' id='word_1_157' title='bbox 2341 782 2589 852; x_wconf 71' lang='grc' dir='ltr'>ίΛῦτηη</span> <span class='ocrx_word' id='word_1_158' title='bbox 2637 781 2785 833; x_wconf 76' lang='grc' dir='ltr'>ἐστὶν</span> <span class='ocrx_word' id='word_1_159' title='bbox 2841 779 2875 848; x_wconf 76' lang='grc' dir='ltr'><strong>ἠ</strong></span> <span class='ocrx_word' id='word_1_160' title='bbox 2921 776 3126 846; x_wconf 80' lang='grc' dir='ltr'>ἡμέρα,</span> <span class='ocrx_word' id='word_1_161' title='bbox 3185 771 3321 842; x_wconf 67' lang='grc' dir='ltr'>ηνη</span> <span class='ocrx_word' id='word_1_162' title='bbox 3376 771 3670 840; x_wconf 80' lang='grc' dir='ltr'>ἐλάλησα.ι</span> 
     </span>
    </p>
   </div>
   <div class='ocr_carea' id='block_1_23' title="bbox 2108 859 3676 947">
    <p class='ocr_par' dir='ltr' id='par_1_23' title="bbox 2108 859 3676 947">
     <span class='ocr_line' id='line_1_23' title="bbox 2108 859 3676 947; baseline -0.015 -17"><span class='ocrx_word' id='word_1_163' title='bbox 2108 876 2245 947; x_wconf 75' lang='grc' dir='ltr'>Περὶ</span> <span class='ocrx_word' id='word_1_164' title='bbox 2281 873 2505 943; x_wconf 80' lang='grc' dir='ltr'><strong>ταύτης,</strong></span> <span class='ocrx_word' id='word_1_165' title='bbox 2555 871 2710 940; x_wconf 69' lang='grc' dir='ltr'>φησι,</span> <span class='ocrx_word' id='word_1_166' title='bbox 2755 871 2855 938; x_wconf 79' lang='grc' dir='ltr'>τῆς</span> <span class='ocrx_word' id='word_1_167' title='bbox 2902 864 3114 936; x_wconf 79' lang='grc' dir='ltr'>ἡμέρας</span> <span class='ocrx_word' id='word_1_168' title='bbox 3155 861 3417 923; x_wconf 83' lang='grc' dir='ltr'><strong>πολλάκις</strong></span> <span class='ocrx_word' id='word_1_169' title='bbox 3455 859 3676 929; x_wconf 83' lang='grc' dir='ltr'>προηγό-</span> 
     </span>
    </p>
   </div>
   <div class='ocr_carea' id='block_1_24' title="bbox 2111 950 3670 1037">
    <p class='ocr_par' dir='ltr' id='par_1_24' title="bbox 2111 950 3670 1037">
     <span class='ocr_line' id='line_1_24' title="bbox 2111 950 3670 1037; baseline -0.013 -16"><span class='ocrx_word' id='word_1_170' title='bbox 2111 983 2295 1037; x_wconf 86' lang='grc' dir='ltr'>ρευσα.</span> <span class='ocrx_word' id='word_1_171' title='bbox 2335 966 2505 1019; x_wconf 85' lang='grc' dir='ltr'>Καλεῖ</span> <span class='ocrx_word' id='word_1_172' title='bbox 2542 963 2598 1015; x_wconf 84' lang='grc' dir='ltr'><strong>δέ</strong></span> <span class='ocrx_word' id='word_1_173' title='bbox 2627 960 2839 1032; x_wconf 81' lang='grc' dir='ltr'><strong>ἡμέραν</strong></span> <span class='ocrx_word' id='word_1_174' title='bbox 2872 957 2971 1024; x_wconf 81' lang='grc' dir='ltr'>τῆς</span> <span class='ocrx_word' id='word_1_175' title='bbox 3004 954 3098 1009; x_wconf 78' lang='grc' dir='ltr'><strong>τοῦ</strong></span> <span class='ocrx_word' id='word_1_176' title='bbox 3127 953 3251 1021; x_wconf 86' lang='grc' dir='ltr'><strong>Γὼγ</strong></span> <span class='ocrx_word' id='word_1_177' title='bbox 3279 950 3550 1021; x_wconf 77' lang='grc' dir='ltr'><strong>τιμωρίας</strong></span> <span class='ocrx_word' id='word_1_178' title='bbox 3589 950 3670 1002; x_wconf 77' lang='grc' dir='ltr'><strong>τὸν</strong></span> 
     </span>
    </p>
   </div>
   <div class='ocr_carea' id='block_1_25' title="bbox 2108 1040 3661 1126">
    <p class='ocr_par' dir='ltr' id='par_1_25' title="bbox 2108 1040 3661 1126">
     <span class='ocr_line' id='line_1_25' title="bbox 2108 1040 3661 1126; baseline -0.012 -16"><span class='ocrx_word' id='word_1_179' title='bbox 2108 1056 2316 1126; x_wconf 70' lang='grc' dir='ltr'>καιρόν.</span> <span class='ocrx_word' id='word_1_180' title='bbox 2356 1050 2484 1107; x_wconf 69' lang='grc' dir='ltr'>Εἶτα</span> <span class='ocrx_word' id='word_1_181' title='bbox 2507 1051 2770 1113; x_wconf 76' lang='grc' dir='ltr'><strong>διδάσκει,</strong></span> <span class='ocrx_word' id='word_1_182' title='bbox 2801 1049 2877 1110; x_wconf 86' lang='grc' dir='ltr'>ὼς</span> <span class='ocrx_word' id='word_1_183' title='bbox 2906 1047 3051 1108; x_wconf 69' lang='grc' dir='ltr'>ἄπας</span> <span class='ocrx_word' id='word_1_184' title='bbox 3090 1043 3306 1114; x_wconf 80' lang='grc' dir='ltr'>Ἰσραὴλ</span> <span class='ocrx_word' id='word_1_185' title='bbox 3341 1042 3464 1094; x_wconf 73' lang='grc' dir='ltr'>ἀντὶ</span> <span class='ocrx_word' id='word_1_186' title='bbox 3497 1040 3661 1106; x_wconf 79' lang='grc' dir='ltr'>ξύλων</span> 
     </span>
    </p>
   </div>
   <div class='ocr_carea' id='block_1_26' title="bbox 2106 1129 3670 1211">
    <p class='ocr_par' dir='ltr' id='par_1_26' title="bbox 2106 1129 3670 1211">
     <span class='ocr_line' id='line_1_26' title="bbox 2106 1129 3670 1211; baseline -0.01 -15"><span class='ocrx_word' id='word_1_187' title='bbox 2106 1146 2218 1206; x_wconf 84' lang='grc' dir='ltr'>τοῖς</span> <span class='ocrx_word' id='word_1_188' title='bbox 2238 1143 2460 1196; x_wconf 82' lang='grc' dir='ltr'>ἐκείνων</span> <span class='ocrx_word' id='word_1_189' title='bbox 2487 1140 2779 1211; x_wconf 83' lang='grc' dir='ltr'><strong>χρήσονται</strong></span> <span class='ocrx_word' id='word_1_190' title='bbox 2806 1134 3008 1197; x_wconf 79' lang='grc' dir='ltr'>ὅπλοις,</span> <span class='ocrx_word' id='word_1_191' title='bbox 3039 1131 3226 1203; x_wconf 82' lang='grc' dir='ltr'>δόρασί</span> <span class='ocrx_word' id='word_1_192' title='bbox 3255 1147 3313 1184; x_wconf 85' lang='grc' dir='ltr'><strong>τε</strong></span> <span class='ocrx_word' id='word_1_193' title='bbox 3349 1129 3452 1182; x_wconf 71' lang='grc' dir='ltr'><strong>καὶ</strong></span> <span class='ocrx_word' id='word_1_194' title='bbox 3476 1129 3670 1192; x_wconf 70' lang='grc' dir='ltr'>τόξοις,</span> 
     </span>
    </p>
   </div>
   <div class='ocr_carea' id='block_1_27' title="bbox 2109 1218 3672 1302">
    <p class='ocr_par' dir='ltr' id='par_1_27' title="bbox 2109 1218 3672 1302">
     <span class='ocr_line' id='line_1_27' title="bbox 2109 1218 3672 1302; baseline -0.01 -15"><span class='ocrx_word' id='word_1_195' title='bbox 2109 1235 2204 1287; x_wconf 71' lang='grc' dir='ltr'><strong>καὶ</strong></span> <span class='ocrx_word' id='word_1_196' title='bbox 2237 1233 2434 1302; x_wconf 81' lang='grc' dir='ltr'>βέλεσι,</span> <span class='ocrx_word' id='word_1_197' title='bbox 2470 1231 2684 1302; x_wconf 85' lang='grc' dir='ltr'>θυρεοῖς</span> <span class='ocrx_word' id='word_1_198' title='bbox 2722 1245 2781 1280; x_wconf 90' lang='grc' dir='ltr'><strong>τε</strong></span> <span class='ocrx_word' id='word_1_199' title='bbox 2806 1225 2900 1280; x_wconf 76' lang='grc' dir='ltr'><strong>καὶ</strong></span> <span class='ocrx_word' id='word_1_200' title='bbox 2926 1223 3168 1286; x_wconf 82' lang='grc' dir='ltr'>πέλταις,</span> <span class='ocrx_word' id='word_1_201' title='bbox 3204 1222 3297 1275; x_wconf 74' lang='grc' dir='ltr'><strong>καὶ</strong></span> <span class='ocrx_word' id='word_1_202' title='bbox 3326 1218 3672 1290; x_wconf 75' lang='grc' dir='ltr'><strong>βακτηρίαις·</strong></span> 
     </span>
    </p>
   </div>
   <div class='ocr_carea' id='block_1_28' title="bbox 2109 1310 3670 1391">
    <p class='ocr_par' dir='ltr' id='par_1_28' title="bbox 2109 1310 3670 1391">
     <span class='ocr_line' id='line_1_28' title="bbox 2109 1310 3670 1391; baseline -0.011 -13"><span class='ocrx_word' id='word_1_203' title='bbox 2109 1325 2204 1378; x_wconf 75' lang='grc' dir='ltr'>καὶ</span> <span class='ocrx_word' id='word_1_204' title='bbox 2241 1325 2321 1376; x_wconf 79' lang='grc' dir='ltr'>ὅτι</span> <span class='ocrx_word' id='word_1_205' title='bbox 2355 1324 2417 1376; x_wconf 86' lang='grc' dir='ltr'><strong>ού</strong></span> <span class='ocrx_word' id='word_1_206' title='bbox 2449 1321 2802 1391; x_wconf 85' lang='grc' dir='ltr'>δεηθήσονται</span> <span class='ocrx_word' id='word_1_207' title='bbox 2838 1316 3012 1382; x_wconf 78' lang='grc' dir='ltr'>ξύλων</span> <span class='ocrx_word' id='word_1_208' title='bbox 3041 1313 3235 1383; x_wconf 83' lang='grc' dir='ltr'>τομῆς,</span> <span class='ocrx_word' id='word_1_209' title='bbox 3277 1311 3396 1364; x_wconf 80' lang='grc' dir='ltr'>ἀλλ’</span> <span class='ocrx_word' id='word_1_210' title='bbox 3431 1312 3493 1363; x_wconf 82' lang='grc' dir='ltr'><strong>ἐν</strong></span> <span class='ocrx_word' id='word_1_211' title='bbox 3542 1310 3670 1362; x_wconf 69' lang='grc' dir='ltr'>ἐπτέι</span> 
     </span>
    </p>
   </div>
   <div class='ocr_carea' id='block_1_29' title="bbox 2109 1401 3676 1483">
    <p class='ocr_par' dir='ltr' id='par_1_29' title="bbox 2109 1401 3676 1483">
     <span class='ocr_line' id='line_1_29' title="bbox 2109 1401 3676 1483; baseline -0.009 -17"><span class='ocrx_word' id='word_1_212' title='bbox 2109 1413 2286 1467; x_wconf 75' lang='grc' dir='ltr'>ἐτεσιν</span> <span class='ocrx_word' id='word_1_213' title='bbox 2307 1412 2529 1483; x_wconf 82' lang='grc' dir='ltr'>ἀρκέσει</span> <span class='ocrx_word' id='word_1_214' title='bbox 2560 1409 2836 1473; x_wconf 79' lang='grc' dir='ltr'>αὑτοῖςείς</span> <span class='ocrx_word' id='word_1_215' title='bbox 2860 1408 2958 1478; x_wconf 83' lang='grc' dir='ltr'>τὴν</span> <span class='ocrx_word' id='word_1_216' title='bbox 2985 1405 3174 1477; x_wconf 81' lang='grc' dir='ltr'>χρείαν</span> <span class='ocrx_word' id='word_1_217' title='bbox 3206 1403 3276 1456; x_wconf 74' lang='grc' dir='ltr'>τὰ</span> <span class='ocrx_word' id='word_1_218' title='bbox 3304 1401 3676 1472; x_wconf 81' lang='grc' dir='ltr'>προειρημένα</span> 
     </span>
    </p>
   </div>
   <div class='ocr_carea' id='block_1_30' title="bbox 2105 1491 3680 1564">
    <p class='ocr_par' dir='ltr' id='par_1_30' title="bbox 2105 1491 3680 1564">
     <span class='ocr_line' id='line_1_30' title="bbox 2105 1491 3680 1564; baseline -0.01 -7"><span class='ocrx_word' id='word_1_219' title='bbox 2105 1505 2262 1558; x_wconf 81' lang='grc' dir='ltr'>ὅπλα.</span> <span class='ocrx_word' id='word_1_220' title='bbox 2299 1505 2408 1556; x_wconf 79' lang='grc' dir='ltr'><strong>Καὶ</strong></span> <span class='ocrx_word' id='word_1_221' title='bbox 2443 1502 2532 1556; x_wconf 82' lang='grc' dir='ltr'>διὰ</span> <span class='ocrx_word' id='word_1_222' title='bbox 2559 1500 2764 1554; x_wconf 88' lang='grc' dir='ltr'>τούτων</span> <span class='ocrx_word' id='word_1_223' title='bbox 2804 1498 2863 1552; x_wconf 77' lang='grc' dir='ltr'>δὲ</span> <span class='ocrx_word' id='word_1_224' title='bbox 2900 1497 2961 1550; x_wconf 81' lang='grc' dir='ltr'>τὸ</span> <span class='ocrx_word' id='word_1_225' title='bbox 2996 1495 3200 1564; x_wconf 83' lang='grc' dir='ltr'>πλῆθος</span> <span class='ocrx_word' id='word_1_226' title='bbox 3235 1492 3420 1547; x_wconf 78' lang='grc' dir='ltr'>αὐτῶν</span> <span class='ocrx_word' id='word_1_227' title='bbox 3452 1491 3680 1561; x_wconf 84' lang='grc' dir='ltr'>παραδη-</span> 
     </span>
    </p>
   </div>
   <div class='ocr_carea' id='block_1_31' title="bbox 2106 1584 3616 1666">
    <p class='ocr_par' dir='ltr' id='par_1_31' title="bbox 2106 1584 3616 1666">
     <span class='ocr_line' id='line_1_31' title="bbox 2106 1584 3616 1666; baseline -0.01 -17"><span class='ocrx_word' id='word_1_228' title='bbox 2106 1597 2218 1649; x_wconf 87' lang='grc' dir='ltr'>λοῖ·</span> <span class='ocrx_word' id='word_1_229' title='bbox 2256 1597 2510 1666; x_wconf 86' lang='grc' dir='ltr'>προλέγει</span> <span class='ocrx_word' id='word_1_230' title='bbox 2536 1593 2593 1647; x_wconf 84' lang='grc' dir='ltr'><strong>δέ</strong></span> <span class='ocrx_word' id='word_1_231' title='bbox 2619 1593 2713 1646; x_wconf 69' lang='grc' dir='ltr'><strong>καὶ</strong></span> <span class='ocrx_word' id='word_1_232' title='bbox 2744 1591 2805 1643; x_wconf 84' lang='grc' dir='ltr'><strong>τὸ</strong></span> <span class='ocrx_word' id='word_1_233' title='bbox 2838 1589 3096 1659; x_wconf 77' lang='grc' dir='ltr'>ἐσόμενον</span> <span class='ocrx_word' id='word_1_234' title='bbox 3133 1585 3324 1658; x_wconf 81' lang='grc' dir='ltr'>μνῆμα</span> <span class='ocrx_word' id='word_1_235' title='bbox 3347 1585 3443 1637; x_wconf 81' lang='grc' dir='ltr'>τοῦ</span> <span class='ocrx_word' id='word_1_236' title='bbox 3480 1584 3616 1650; x_wconf 80' lang='grc' dir='ltr'>Γὼγ.</span> 
     </span>
    </p>
   </div>
   <div class='ocr_carea' id='block_1_32' title="bbox 2182 1697 3675 1782">
    <p class='ocr_par' dir='ltr' id='par_1_32' title="bbox 2182 1697 3675 1782">
     <span class='ocr_line' id='line_1_32' title="bbox 2182 1697 3675 1782; baseline -0.009 -19"><span class='ocrx_word' id='word_1_237' title='bbox 2182 1714 2270 1763; x_wconf 79' lang='grc' dir='ltr'>ια’.</span> <span class='ocrx_word' id='word_1_238' title='bbox 2305 1711 2516 1763; x_wconf 83' lang='grc' dir='ltr'>Ἔσται</span> <span class='ocrx_word' id='word_1_239' title='bbox 2579 1707 2708 1782; x_wconf 78' lang='grc' dir='ltr'>γὰρ,</span> <span class='ocrx_word' id='word_1_240' title='bbox 2740 1704 2925 1775; x_wconf 71' lang='grc' dir='ltr'>φησὶν,</span> <span class='ocrx_word' id='word_1_241' title='bbox 2963 1703 3032 1756; x_wconf 82' lang='grc' dir='ltr'><strong>ἐν</strong></span> <span class='ocrx_word' id='word_1_242' title='bbox 3083 1701 3158 1770; x_wconf 79' lang='grc' dir='ltr'>τῇ</span> <span class='ocrx_word' id='word_1_243' title='bbox 3213 1700 3405 1770; x_wconf 75' lang='grc' dir='ltr'>ἡμέρᾳ</span> <span class='ocrx_word' id='word_1_244' title='bbox 3461 1697 3675 1766; x_wconf 70' lang='grc' dir='ltr'>ἐκείνῃ,</span> 
     </span>
    </p>
   </div>
   <div class='ocr_carea' id='block_1_33' title="bbox 435 1785 2011 1865">
    <p class='ocr_par' dir='ltr' id='par_1_33' title="bbox 435 1791 2011 1860">
     <span class='ocr_line' id='line_1_33' title="bbox 435 1791 2011 1860; baseline -0.005 -10"><span class='ocrx_word' id='word_1_245' title='bbox 435 1794 803 1860; x_wconf 78' lang='lat' dir='ltr'><strong>nominatum,</strong></span> <span class='ocrx_word' id='word_1_246' title='bbox 855 1801 1252 1846; x_wconf 79' lang='lat' dir='ltr'><strong>monumentum</strong></span> <span class='ocrx_word' id='word_1_247' title='bbox 1296 1791 1539 1852; x_wconf 86' lang='lat' dir='ltr'><strong>lsroelis,</strong></span> <span class='ocrx_word' id='word_1_248' title='bbox 1591 1792 1887 1860; x_wconf 80' lang='lat' dir='ltr'><strong>sepulcrum</strong></span> <span class='ocrx_word' id='word_1_249' title='bbox 1917 1791 2011 1844; x_wconf 85' lang='lat' dir='ltr'><strong>ad-</strong></span> 
     </span>
    </p>
   </div>
   <div class='ocr_carea' id='block_1_34' title="bbox 2118 1785 3678 1865">
    <p class='ocr_par' dir='ltr' id='par_1_34' title="bbox 2118 1785 3678 1865">
     <span class='ocr_line' id='line_1_34' title="bbox 2118 1785 3678 1865; baseline -0.009 -13"><span class='ocrx_word' id='word_1_250' title='bbox 2118 1800 2288 1853; x_wconf 82' lang='grc' dir='ltr'>δώσω</span> <span class='ocrx_word' id='word_1_251' title='bbox 2343 1795 2422 1863; x_wconf 84' lang='grc' dir='ltr'>τῷ</span> <span class='ocrx_word' id='word_1_252' title='bbox 2475 1796 2607 1865; x_wconf 81' lang='grc' dir='ltr'><strong>Γὼγ</strong></span> <span class='ocrx_word' id='word_1_253' title='bbox 2664 1797 2851 1849; x_wconf 78' lang='grc' dir='ltr'>τόπον</span> <span class='ocrx_word' id='word_1_254' title='bbox 2896 1795 2942 1830; x_wconf 77' lang='grc'><strong>⁷⁵</strong></span> <span class='ocrx_word' id='word_1_255' title='bbox 2999 1789 3340 1860; x_wconf 84' lang='grc' dir='ltr'>ὀνομαστὸν</span> <span class='ocrx_word' id='word_1_256' title='bbox 3395 1785 3678 1856; x_wconf 78' lang='grc' dir='ltr'>μνημεῖον</span> 
     </span>
    </p>
   </div>
   <div class='ocr_carea' id='block_1_35' title="bbox 434 1881 2014 1953">
    <p class='ocr_par' dir='ltr' id='par_1_35' title="bbox 434 1881 2014 1953">
     <span class='ocr_line' id='line_1_35' title="bbox 434 1881 2014 1953; baseline -0.003 -11"><span class='ocrx_word' id='word_1_257' title='bbox 434 1885 748 1942; x_wconf 78' lang='lat' dir='ltr'><strong>venientium</strong></span> <span class='ocrx_word' id='word_1_258' title='bbox 778 1890 840 1938; x_wconf 86' lang='lat' dir='ltr'><strong>ab</strong></span> <span class='ocrx_word' id='word_1_259' title='bbox 880 1885 1081 1939; x_wconf 84' lang='lat' dir='ltr'><strong>oriente</strong></span> <span class='ocrx_word' id='word_1_260' title='bbox 1137 1884 1326 1937; x_wconf 89' lang='lat' dir='ltr'><strong>maris.</strong></span> <span class='ocrx_word' id='word_1_261' title='bbox 1374 1881 1476 1938; x_wconf 86' lang='lat' dir='ltr'><strong>Ubi</strong></span> <span class='ocrx_word' id='word_1_262' title='bbox 1529 1884 1887 1953; x_wconf 79' lang='lat' dir='ltr'><strong>sepelierunt,</strong></span> <span class='ocrx_word' id='word_1_263' title='bbox 1926 1884 2014 1937; x_wconf 84' lang='lat' dir='ltr'><strong>in-</strong></span> 
     </span>
    </p>
   </div>
   <div class='ocr_carea' id='block_1_36' title="bbox 433 1973 2012 2046">
    <p class='ocr_par' dir='ltr' id='par_1_36' title="bbox 433 1973 2012 2046">
     <span class='ocr_line' id='line_1_36' title="bbox 433 1973 2012 2046; baseline -0.003 -16"><span class='ocrx_word' id='word_1_264' title='bbox 433 1978 576 2046; x_wconf 91' lang='lat' dir='ltr'><strong>quit,</strong></span> <span class='ocrx_word' id='word_1_265' title='bbox 613 1990 709 2030; x_wconf 91' lang='lat' dir='ltr'><strong>eos</strong></span> <span class='ocrx_word' id='word_1_266' title='bbox 753 1975 845 2044; x_wconf 91' lang='lat' dir='ltr'><strong>qui</strong></span> <span class='ocrx_word' id='word_1_267' title='bbox 881 1974 950 2028; x_wconf 90' lang='lat' dir='ltr'><strong>ab</strong></span> <span class='ocrx_word' id='word_1_268' title='bbox 983 1973 1230 2028; x_wconf 89' lang='lat' dir='ltr'><strong>Orientis</strong></span> <span class='ocrx_word' id='word_1_269' title='bbox 1279 1973 1530 2042; x_wconf 86' lang='lat' dir='ltr'><strong>partibus</strong></span> <span class='ocrx_word' id='word_1_270' title='bbox 1581 1974 1636 2026; x_wconf 89' lang='lat' dir='ltr'><strong>in</strong></span> <span class='ocrx_word' id='word_1_271' title='bbox 1669 1973 1819 2042; x_wconf 91' lang='lat' dir='ltr'><strong>ipsos</strong></span> <span class='ocrx_word' id='word_1_272' title='bbox 1856 1973 2012 2026; x_wconf 76' lang='lat' dir='ltr'><strong>inva-</strong></span> 
     </span>
    </p>
   </div>
   <div class='ocr_carea' id='block_1_37' title="bbox 433 2063 2009 2134">
    <p class='ocr_par' dir='ltr' id='par_1_37' title="bbox 433 2063 2009 2134">
     <span class='ocr_line' id='line_1_37' title="bbox 433 2063 2009 2134; baseline -0.003 -12"><span class='ocrx_word' id='word_1_273' title='bbox 433 2080 580 2130; x_wconf 84' lang='lat' dir='ltr'><strong>sere,</strong></span> <span class='ocrx_word' id='word_1_274' title='bbox 617 2065 688 2120; x_wconf 90' lang='lat' dir='ltr'><strong>ibi</strong></span> <span class='ocrx_word' id='word_1_275' title='bbox 717 2065 882 2120; x_wconf 88' lang='lat' dir='ltr'><strong>etiam</strong></span> <span class='ocrx_word' id='word_1_276' title='bbox 911 2065 1058 2119; x_wconf 84' lang='lat' dir='ltr'><strong>hunc</strong></span> <span class='ocrx_word' id='word_1_277' title='bbox 1091 2065 1375 2134; x_wconf 85' lang='lat' dir='ltr'><strong>sepelient.</strong></span> <span class='ocrx_word' id='word_1_278' title='bbox 1410 2063 1474 2117; x_wconf 90' lang='lat' dir='ltr'><strong>Et</strong></span> <span class='ocrx_word' id='word_1_279' title='bbox 1506 2079 1604 2134; x_wconf 89' lang='lat' dir='ltr'><strong>per</strong></span> <span class='ocrx_word' id='word_1_280' title='bbox 1640 2063 1820 2118; x_wconf 86' lang='lat' dir='ltr'><strong>hocin</strong></span> <span class='ocrx_word' id='word_1_281' title='bbox 1852 2080 2009 2118; x_wconf 88' lang='lat' dir='ltr'><strong>men-</strong></span> 
     </span>
    </p>
   </div>
   <div class='ocr_carea' id='block_1_38' title="bbox 432 2158 2012 2228">
    <p class='ocr_par' dir='ltr' id='par_1_38' title="bbox 432 2158 2012 2228">
     <span class='ocr_line' id='line_1_38' title="bbox 432 2158 2012 2228; baseline 0 -18"><span class='ocrx_word' id='word_1_282' title='bbox 432 2164 545 2212; x_wconf 88' lang='lat' dir='ltr'><strong>tem</strong></span> <span class='ocrx_word' id='word_1_283' title='bbox 577 2159 658 2212; x_wconf 93' lang='lat' dir='ltr'><strong>eis</strong></span> <span class='ocrx_word' id='word_1_284' title='bbox 693 2165 914 2212; x_wconf 82' lang='lat' dir='ltr'><strong>revocat</strong></span> <span class='ocrx_word' id='word_1_285' title='bbox 939 2158 1139 2212; x_wconf 69' lang='lat' dir='ltr'><strong>caedem</strong></span> <span class='ocrx_word' id='word_1_286' title='bbox 1172 2158 1549 2228; x_wconf 78' lang='lat' dir='ltr'><strong>Assyriorum,</strong></span> <span class='ocrx_word' id='word_1_287' title='bbox 1581 2172 1722 2226; x_wconf 58' lang='lat' dir='ltr'><strong>quas,</strong></span> <span class='ocrx_word' id='word_1_288' title='bbox 1749 2164 2012 2226; x_wconf 79' lang='lat' dir='ltr'><strong>regnante</strong></span> 
     </span>
    </p>
   </div>
   <div class='ocr_carea' id='block_1_39' title="bbox 434 2246 2013 2318">
    <p class='ocr_par' dir='ltr' id='par_1_39' title="bbox 434 2246 2013 2318">
     <span class='ocr_line' id='line_1_39' title="bbox 434 2246 2013 2318; baseline -0.001 -16"><span class='ocrx_word' id='word_1_289' title='bbox 434 2246 829 2303; x_wconf 85' lang='lat' dir='ltr'><strong>Seunacberim</strong></span> <span class='ocrx_word' id='word_1_290' title='bbox 863 2249 1006 2302; x_wconf 84' lang='lat' dir='ltr'><strong>facta</strong></span> <span class='ocrx_word' id='word_1_291' title='bbox 1049 2255 1135 2302; x_wconf 90' lang='lat' dir='ltr'><strong>est</strong></span> <span class='ocrx_word' id='word_1_292' title='bbox 1161 2266 1173 2302; x_wconf 85' lang='lat'><strong>:</strong></span> <span class='ocrx_word' id='word_1_293' title='bbox 1201 2249 1330 2318; x_wconf 87' lang='lat' dir='ltr'><strong>quia</strong></span> <span class='ocrx_word' id='word_1_294' title='bbox 1358 2255 1410 2301; x_wconf 86' lang='lat' dir='ltr'><strong>et</strong></span> <span class='ocrx_word' id='word_1_295' title='bbox 1441 2248 1536 2301; x_wconf 91' lang='lat' dir='ltr'><strong>illo</strong></span> <span class='ocrx_word' id='word_1_296' title='bbox 1564 2255 1809 2318; x_wconf 89' lang='lat' dir='ltr'><strong>tempore</strong></span> <span class='ocrx_word' id='word_1_297' title='bbox 1840 2247 2013 2316; x_wconf 91' lang='lat' dir='ltr'><strong>ipsius</strong></span> 
     </span>
    </p>
   </div>
   <div class='ocr_carea' id='block_1_40' title="bbox 431 2335 2008 2407">
    <p class='ocr_par' dir='ltr' id='par_1_40' title="bbox 431 2335 2008 2407">
     <span class='ocr_line' id='line_1_40' title="bbox 431 2335 2008 2407; baseline -0.001 -16"><span class='ocrx_word' id='word_1_298' title='bbox 431 2351 592 2407; x_wconf 89' lang='lat' dir='ltr'><strong>opem</strong></span> <span class='ocrx_word' id='word_1_299' title='bbox 621 2344 930 2400; x_wconf 90' lang='lat' dir='ltr'><strong>senserant,</strong></span> <span class='ocrx_word' id='word_1_300' title='bbox 953 2345 1007 2390; x_wconf 92' lang='lat' dir='ltr'><strong>et</strong></span> <span class='ocrx_word' id='word_1_301' title='bbox 1037 2335 1300 2404; x_wconf 88' lang='lat' dir='ltr'><strong>deinceps</strong></span> <span class='ocrx_word' id='word_1_302' title='bbox 1323 2335 1569 2404; x_wconf 91' lang='lat' dir='ltr'><strong>ejusdem</strong></span> <span class='ocrx_word' id='word_1_303' title='bbox 1603 2335 2008 2403; x_wconf 79' lang='lat' dir='ltr'><strong>providentiam</strong></span> 
     </span>
    </p>
   </div>
   <div class='ocr_carea' id='block_1_41' title="bbox 429 2425 2010 2496">
    <p class='ocr_par' dir='ltr' id='par_1_41' title="bbox 429 2425 2010 2496">
     <span class='ocr_line' id='line_1_41' title="bbox 429 2425 2010 2496; baseline -0.002 -16"><span class='ocrx_word' id='word_1_304' title='bbox 429 2426 784 2481; x_wconf 78' lang='lat' dir='ltr'><strong>consecuturi</strong></span> <span class='ocrx_word' id='word_1_305' title='bbox 851 2427 985 2479; x_wconf 89' lang='lat' dir='ltr'><strong>sint.</strong></span> <span class='ocrx_word' id='word_1_306' title='bbox 1048 2425 1282 2496; x_wconf 87' lang='lat' dir='ltr'><strong>Propter</strong></span> <span class='ocrx_word' id='word_1_307' title='bbox 1354 2425 1766 2479; x_wconf 88' lang='lat' dir='ltr'><strong>multitudinem</strong></span> <span class='ocrx_word' id='word_1_308' title='bbox 1827 2434 2010 2479; x_wconf 89' lang='lat' dir='ltr'><strong>autem</strong></span> 
     </span>
    </p>
   </div>
   <div class='ocr_carea' id='block_1_42' title="bbox 431 2513 2012 2584">
    <p class='ocr_par' dir='ltr' id='par_1_42' title="bbox 431 2513 2012 2584">
     <span class='ocr_line' id='line_1_42' title="bbox 431 2513 2012 2584; baseline -0.003 -15"><span class='ocrx_word' id='word_1_309' title='bbox 431 2523 802 2578; x_wconf 88' lang='lat' dir='ltr'><strong>mortuorum,</strong></span> <span class='ocrx_word' id='word_1_310' title='bbox 837 2515 1040 2584; x_wconf 86' lang='lat' dir='ltr'><strong>inquit,</strong></span> <span class='ocrx_word' id='word_1_311' title='bbox 1087 2534 1105 2566; x_wconf 81' lang='grc' dir='ltr'><strong>ι</strong></span> <span class='ocrx_word' id='word_1_312' title='bbox 1139 2513 1518 2568; x_wconf 66' lang='grc' dir='ltr'>,Εᾱίίὶοιὼυηι</span> <span class='ocrx_word' id='word_1_313' title='bbox 1547 2530 1700 2568; x_wconf 90' lang='lat' dir='ltr'><strong>oram</strong></span> <span class='ocrx_word' id='word_1_314' title='bbox 1741 2514 1922 2580; x_wconf 88' lang='lat' dir='ltr'><strong>vallis,</strong></span> <span class='ocrx_word' id='word_1_315' title='bbox 1959 2521 2012 2567; x_wconf 90' lang='lat' dir='ltr'><strong>et</strong></span> 
     </span>
    </p>
   </div>
   <div class='ocr_carea' id='block_1_43' title="bbox 431 2604 2006 2676">
    <p class='ocr_par' dir='ltr' id='par_1_43' title="bbox 431 2604 2006 2676">
     <span class='ocr_line' id='line_1_43' title="bbox 431 2604 2006 2676; baseline -0.004 -15"><span class='ocrx_word' id='word_1_316' title='bbox 431 2606 700 2676; x_wconf 86' lang='lat' dir='ltr'><strong>sepelient</strong></span> <span class='ocrx_word' id='word_1_317' title='bbox 733 2605 805 2659; x_wconf 90' lang='lat' dir='ltr'><strong>ibi</strong></span> <span class='ocrx_word' id='word_1_318' title='bbox 827 2605 1061 2672; x_wconf 81' lang='lat' dir='ltr'><strong>Gogum,</strong></span> <span class='ocrx_word' id='word_1_319' title='bbox 1095 2613 1148 2658; x_wconf 90' lang='lat' dir='ltr'><strong>et</strong></span> <span class='ocrx_word' id='word_1_320' title='bbox 1175 2620 1392 2659; x_wconf 89' lang='lat' dir='ltr'><strong>omnem</strong></span> <span class='ocrx_word' id='word_1_321' title='bbox 1420 2604 1832 2658; x_wconf 84' lang='lat' dir='ltr'><strong>multitudinem</strong></span> <span class='ocrx_word' id='word_1_322' title='bbox 1865 2604 2006 2672; x_wconf 88' lang='lat' dir='ltr'><strong>ejus,</strong></span> 
     </span>
    </p>
   </div>
   <div class='ocr_carea' id='block_1_44' title="bbox 430 2693 2010 2766">
    <p class='ocr_par' dir='ltr' id='par_1_44' title="bbox 430 2693 2010 2766">
     <span class='ocr_line' id='line_1_44' title="bbox 430 2693 2010 2766; baseline -0.003 -14"><span class='ocrx_word' id='word_1_323' title='bbox 430 2704 492 2751; x_wconf 91' lang='lat' dir='ltr'><strong>et</strong></span> <span class='ocrx_word' id='word_1_324' title='bbox 519 2696 808 2752; x_wconf 85' lang='lat' dir='ltr'><strong>vocabitur</strong></span> <span class='ocrx_word' id='word_1_325' title='bbox 830 2695 1043 2766; x_wconf 48' lang='lat'><strong>101];</strong></span> <span class='ocrx_word' id='word_1_326' title='bbox 1069 2696 1228 2749; x_wconf 81' lang='lat' dir='ltr'><strong>vallis</strong></span> <span class='ocrx_word' id='word_1_327' title='bbox 1261 2697 1577 2765; x_wconf 89' lang='lat' dir='ltr'><strong>sepulcrum</strong></span> <span class='ocrx_word' id='word_1_328' title='bbox 1599 2695 1757 2766; x_wconf 80' lang='lat' dir='ltr'><strong>Gogi.</strong></span> <span class='ocrx_word' id='word_1_329' title='bbox 1789 2713 1809 2748; x_wconf 75' lang='grc' dir='ltr'><strong>ι</strong></span> <span class='ocrx_word' id='word_1_330' title='bbox 1835 2693 2010 2749; x_wconf 84' lang='lat' dir='ltr'><strong>Tanta</strong></span> 
     </span>
    </p>
   </div>
   <div class='ocr_carea' id='block_1_45' title="bbox 431 2785 2009 2856">
    <p class='ocr_par' dir='ltr' id='par_1_45' title="bbox 431 2785 2009 2856">
     <span class='ocr_line' id='line_1_45' title="bbox 431 2785 2009 2856; baseline 0 -16"><span class='ocrx_word' id='word_1_331' title='bbox 431 2785 602 2849; x_wconf 88' lang='lat' dir='ltr'><strong>enim,</strong></span> <span class='ocrx_word' id='word_1_332' title='bbox 646 2786 845 2855; x_wconf 87' lang='lat' dir='ltr'><strong>inquit,</strong></span> <span class='ocrx_word' id='word_1_333' title='bbox 883 2787 1009 2847; x_wconf 88' lang='lat' dir='ltr'><strong>erit,</strong></span> <span class='ocrx_word' id='word_1_334' title='bbox 1065 2785 1485 2840; x_wconf 76' lang='lat' dir='ltr'><strong>interfectorum</strong></span> <span class='ocrx_word' id='word_1_335' title='bbox 1533 2788 1714 2856; x_wconf 89' lang='lat' dir='ltr'><strong>copia,</strong></span> <span class='ocrx_word' id='word_1_336' title='bbox 1758 2794 1818 2840; x_wconf 94' lang='lat' dir='ltr'><strong>ut</strong></span> <span class='ocrx_word' id='word_1_337' title='bbox 1862 2787 2009 2840; x_wconf 89' lang='lat' dir='ltr'><strong>nulla</strong></span> 
     </span>
    </p>
   </div>
   <div class='ocr_carea' id='block_1_46' title="bbox 431 2873 2011 2945">
    <p class='ocr_par' dir='ltr' id='par_1_46' title="bbox 431 2873 2011 2945">
     <span class='ocr_line' id='line_1_46' title="bbox 431 2873 2011 2945; baseline 0.002 -17"><span class='ocrx_word' id='word_1_338' title='bbox 431 2873 585 2930; x_wconf 76' lang='lat' dir='ltr'><strong>fossa</strong></span> <span class='ocrx_word' id='word_1_339' title='bbox 619 2890 782 2928; x_wconf 88' lang='lat' dir='ltr'><strong>manu</strong></span> <span class='ocrx_word' id='word_1_340' title='bbox 817 2875 961 2930; x_wconf 78' lang='lat' dir='ltr'><strong>facta</strong></span> <span class='ocrx_word' id='word_1_341' title='bbox 991 2891 1085 2930; x_wconf 88' lang='lat' dir='ltr'><strong>eos</strong></span> <span class='ocrx_word' id='word_1_342' title='bbox 1119 2877 1382 2945; x_wconf 76' lang='lat' dir='ltr'><strong>excipiat,</strong></span> <span class='ocrx_word' id='word_1_343' title='bbox 1426 2876 1523 2932; x_wconf 87' lang='lat' dir='ltr'><strong>sed</strong></span> <span class='ocrx_word' id='word_1_344' title='bbox 1557 2877 1826 2932; x_wconf 89' lang='lat' dir='ltr'><strong>altissima</strong></span> <span class='ocrx_word' id='word_1_345' title='bbox 1851 2877 2011 2931; x_wconf 88' lang='lat' dir='ltr'><strong>vallis</strong></span> 
     </span>
    </p>
   </div>
   <div class='ocr_carea' id='block_1_47' title="bbox 430 2963 2011 3036">
    <p class='ocr_par' dir='ltr' id='par_1_47' title="bbox 430 2963 2011 3036">
     <span class='ocr_line' id='line_1_47' title="bbox 430 2963 2011 3036; baseline -0.003 -14"><span class='ocrx_word' id='word_1_346' title='bbox 430 2963 568 3036; x_wconf 76' lang='lat' dir='ltr'><strong>ipsis</strong></span> <span class='ocrx_word' id='word_1_347' title='bbox 606 2966 698 3018; x_wconf 84' lang='lat' dir='ltr'><strong>ﬁat</strong></span> <span class='ocrx_word' id='word_1_348' title='bbox 741 2967 1077 3036; x_wconf 86' lang='lat' dir='ltr'><strong>sepulcrum,</strong></span> <span class='ocrx_word' id='word_1_349' title='bbox 1123 2967 1381 3036; x_wconf 85' lang='lat' dir='ltr'><strong>utrinque</strong></span> <span class='ocrx_word' id='word_1_350' title='bbox 1418 2967 1922 3029; x_wconf 63' lang='lat' dir='ltr'><strong>circumaediticata,</strong></span> <span class='ocrx_word' id='word_1_351' title='bbox 1956 2973 2011 3020; x_wconf 92' lang='lat' dir='ltr'><strong>et</strong></span> 
     </span>
    </p>
   </div>
   <div class='ocr_carea' id='block_1_48' title="bbox 2127 1879 3678 1958">
    <p class='ocr_par' dir='ltr' id='par_1_48' title="bbox 2127 1879 3678 1958">
     <span class='ocr_line' id='line_1_48' title="bbox 2127 1879 3678 1958; baseline -0.011 -12"><span class='ocrx_word' id='word_1_352' title='bbox 2127 1890 2365 1958; x_wconf 67' lang='grc' dir='ltr'>Ἰσραὴλ</span> <span class='ocrx_word' id='word_1_353' title='bbox 2391 1889 2458 1954; x_wconf 82' lang='grc'><strong>⁷⁸,</strong></span> <span class='ocrx_word' id='word_1_354' title='bbox 2499 1888 2564 1940; x_wconf 82' lang='grc' dir='ltr'>τὸ</span> <span class='ocrx_word' id='word_1_355' title='bbox 2591 1888 2636 1920; x_wconf 81' lang='grc'><strong>⁷⁷</strong></span> <span class='ocrx_word' id='word_1_356' title='bbox 2686 1885 3096 1953; x_wconf 77' lang='grc' dir='ltr'>πολυάνδριον</span> <span class='ocrx_word' id='word_1_357' title='bbox 3131 1880 3250 1934; x_wconf 83' lang='grc' dir='ltr'>τῶν</span> <span class='ocrx_word' id='word_1_358' title='bbox 3306 1879 3678 1934; x_wconf 75' lang='grc' dir='ltr'>ἐπελθόντων</span> 
     </span>
    </p>
   </div>
   <div class='ocr_carea' id='block_1_49' title="bbox 2112 1969 3676 2046">
    <p class='ocr_par' dir='ltr' id='par_1_49' title="bbox 2112 1969 3676 2046">
     <span class='ocr_line' id='line_1_49' title="bbox 2112 1969 3676 2046; baseline -0.011 -11"><span class='ocrx_word' id='word_1_359' title='bbox 2112 1983 2246 2046; x_wconf 66' lang='lat' dir='ltr'><strong>éE&quot;</strong></span> <span class='ocrx_word' id='word_1_360' title='bbox 2291 1976 2593 2046; x_wconf 72' lang='grc' dir='ltr'>ἀνατολῆς</span> <span class='ocrx_word' id='word_1_361' title='bbox 2636 1975 2743 2044; x_wconf 82' lang='grc' dir='ltr'>τῆς</span> <span class='ocrx_word' id='word_1_362' title='bbox 2805 1975 3147 2041; x_wconf 72' lang='grc' dir='ltr'>θαλάσσης.</span> <span class='ocrx_word' id='word_1_363' title='bbox 3195 1970 3365 2024; x_wconf 83' lang='grc' dir='ltr'>Ἔνθα</span> <span class='ocrx_word' id='word_1_364' title='bbox 3393 2012 3408 2034; x_wconf 95' lang='grc'><strong>,</strong></span> <span class='ocrx_word' id='word_1_365' title='bbox 3483 1969 3676 2038; x_wconf 75' lang='grc' dir='ltr'>φησὶν,</span> 
     </span>
    </p>
   </div>
   <div class='ocr_carea' id='block_1_50' title="bbox 2112 2060 3674 2139">
    <p class='ocr_par' dir='ltr' id='par_1_50' title="bbox 2112 2060 3674 2139">
     <span class='ocr_line' id='line_1_50' title="bbox 2112 2060 3674 2139; baseline -0.01 -16"><span class='ocrx_word' id='word_1_366' title='bbox 2112 2071 2317 2139; x_wconf 73' lang='grc' dir='ltr'>ἔθαψαν</span> <span class='ocrx_word' id='word_1_367' title='bbox 2369 2070 2492 2130; x_wconf 77' lang='grc' dir='ltr'>τοὺς</span> <span class='ocrx_word' id='word_1_368' title='bbox 2532 2069 2597 2120; x_wconf 87' lang='grc' dir='ltr'><strong>ἐκ</strong></span> <span class='ocrx_word' id='word_1_369' title='bbox 2635 2067 2743 2119; x_wconf 83' lang='grc' dir='ltr'>τῶν</span> <span class='ocrx_word' id='word_1_370' title='bbox 2797 2064 2945 2136; x_wconf 81' lang='grc' dir='ltr'>ἐῴων</span> <span class='ocrx_word' id='word_1_371' title='bbox 2999 2062 3326 2122; x_wconf 75' lang='grc' dir='ltr'>ἐπελθόντας</span> <span class='ocrx_word' id='word_1_372' title='bbox 3365 2060 3552 2120; x_wconf 82' lang='grc' dir='ltr'>αὐτοῖς</span> <span class='ocrx_word' id='word_1_373' title='bbox 3589 2074 3674 2127; x_wconf 76' lang='grc' dir='ltr'>με·</span> 
     </span>
    </p>
   </div>
   <div class='ocr_carea' id='block_1_51' title="bbox 2118 2147 3673 2232">
    <p class='ocr_par' dir='ltr' id='par_1_51' title="bbox 2118 2147 3673 2232">
     <span class='ocr_line' id='line_1_51' title="bbox 2118 2147 3673 2232; baseline -0.008 -20"><span class='ocrx_word' id='word_1_374' title='bbox 2118 2161 2250 2232; x_wconf 84' lang='grc' dir='ltr'>ρῶν,</span> <span class='ocrx_word' id='word_1_375' title='bbox 2294 2159 2410 2211; x_wconf 88' lang='grc' dir='ltr'>ἐκεῖ</span> <span class='ocrx_word' id='word_1_376' title='bbox 2441 2159 2536 2210; x_wconf 69' lang='grc' dir='ltr'><strong>καὶ</strong></span> <span class='ocrx_word' id='word_1_377' title='bbox 2573 2158 2762 2209; x_wconf 78' lang='grc' dir='ltr'>τοῦτον</span> <span class='ocrx_word' id='word_1_378' title='bbox 2816 2155 3103 2222; x_wconf 74' lang='grc' dir='ltr'>θάψουσιν.</span> <span class='ocrx_word' id='word_1_379' title='bbox 3155 2151 3592 2220; x_wconf 74' lang='grc' dir='ltr'>Ἀναμιμνήσκει</span> <span class='ocrx_word' id='word_1_380' title='bbox 3625 2147 3673 2199; x_wconf 79' lang='grc' dir='ltr'>δὲ</span> 
     </span>
    </p>
   </div>
   <div class='ocr_carea' id='block_1_52' title="bbox 2120 2238 3670 2317">
    <p class='ocr_par' dir='ltr' id='par_1_52' title="bbox 2120 2238 3670 2317">
     <span class='ocr_line' id='line_1_52' title="bbox 2120 2238 3670 2317; baseline -0.01 -13"><span class='ocrx_word' id='word_1_381' title='bbox 2120 2251 2316 2311; x_wconf 72' lang='grc' dir='ltr'>αὐτοὺς</span> <span class='ocrx_word' id='word_1_382' title='bbox 2342 2249 2430 2302; x_wconf 82' lang='grc' dir='ltr'>διὰ</span> <span class='ocrx_word' id='word_1_383' title='bbox 2462 2249 2650 2302; x_wconf 90' lang='grc' dir='ltr'>τούτου</span> <span class='ocrx_word' id='word_1_384' title='bbox 2679 2249 2778 2317; x_wconf 79' lang='grc' dir='ltr'>τῆς</span> <span class='ocrx_word' id='word_1_385' title='bbox 2810 2249 2902 2300; x_wconf 69' lang='grc' dir='ltr'><strong>ἐπὶ</strong></span> <span class='ocrx_word' id='word_1_386' title='bbox 2932 2245 3025 2299; x_wconf 75' lang='grc' dir='ltr'>τοῦ</span> <span class='ocrx_word' id='word_1_387' title='bbox 3053 2241 3426 2312; x_wconf 74' lang='grc' dir='ltr'>Σενναχηρεὶμ</span> <span class='ocrx_word' id='word_1_388' title='bbox 3457 2238 3670 2308; x_wconf 82' lang='grc' dir='ltr'>γενομέ-</span> 
     </span>
    </p>
   </div>
   <div class='ocr_carea' id='block_1_53' title="bbox 2111 2324 3674 2410">
    <p class='ocr_par' dir='ltr' id='par_1_53' title="bbox 2111 2324 3674 2410">
     <span class='ocr_line' id='line_1_53' title="bbox 2111 2324 3674 2410; baseline -0.01 -16"><span class='ocrx_word' id='word_1_389' title='bbox 2111 2357 2208 2410; x_wconf 85' lang='grc' dir='ltr'><strong>νης</strong></span> <span class='ocrx_word' id='word_1_390' title='bbox 2245 2339 2354 2391; x_wconf 86' lang='grc' dir='ltr'>τῶν</span> <span class='ocrx_word' id='word_1_391' title='bbox 2389 2337 2694 2408; x_wconf 74' lang='grc' dir='ltr'>Ἀσσυρίων</span> <span class='ocrx_word' id='word_1_392' title='bbox 2729 2339 2964 2406; x_wconf 78' lang='grc' dir='ltr'><strong>σφαγῆς·</strong></span> <span class='ocrx_word' id='word_1_393' title='bbox 2997 2336 3079 2387; x_wconf 85' lang='grc' dir='ltr'>ὅτι</span> <span class='ocrx_word' id='word_1_394' title='bbox 3119 2333 3210 2385; x_wconf 76' lang='grc' dir='ltr'><strong>καὶ</strong></span> <span class='ocrx_word' id='word_1_395' title='bbox 3235 2333 3358 2384; x_wconf 84' lang='grc' dir='ltr'>τότε</span> <span class='ocrx_word' id='word_1_396' title='bbox 3394 2331 3490 2399; x_wconf 78' lang='grc' dir='ltr'>τῆς</span> <span class='ocrx_word' id='word_1_397' title='bbox 3525 2324 3674 2381; x_wconf 81' lang='grc' dir='ltr'>αύτοῦ</span> 
     </span>
    </p>
   </div>
   <div class='ocr_carea' id='block_1_54' title="bbox 2111 2419 3675 2500">
    <p class='ocr_par' dir='ltr' id='par_1_54' title="bbox 2111 2419 3675 2500">
     <span class='ocr_line' id='line_1_54' title="bbox 2111 2419 3675 2500; baseline -0.009 -16"><span class='ocrx_word' id='word_1_398' title='bbox 2111 2429 2433 2500; x_wconf 84' lang='grc' dir='ltr'>ἐπικουρίας</span> <span class='ocrx_word' id='word_1_399' title='bbox 2457 2427 2802 2498; x_wconf 81' lang='grc' dir='ltr'>ἀπήλαυσαν,</span> <span class='ocrx_word' id='word_1_400' title='bbox 2840 2425 2933 2478; x_wconf 77' lang='grc' dir='ltr'>καὶ</span> <span class='ocrx_word' id='word_1_401' title='bbox 2959 2424 3099 2495; x_wconf 73' lang='grc' dir='ltr'>μετὰ</span> <span class='ocrx_word' id='word_1_402' title='bbox 3127 2423 3300 2476; x_wconf 80' lang='grc' dir='ltr'>ταῦτα</span> <span class='ocrx_word' id='word_1_403' title='bbox 3337 2422 3435 2492; x_wconf 76' lang='grc' dir='ltr'>τῆς</span> <span class='ocrx_word' id='word_1_404' title='bbox 3463 2419 3618 2472; x_wconf 76' lang='grc' dir='ltr'>αὐτοῦ</span> <span class='ocrx_word' id='word_1_405' title='bbox 3636 2419 3675 2452; x_wconf 76' lang='grc' dir='ltr'><strong>τ’</strong></span> 
     </span>
    </p>
   </div>
   <div class='ocr_carea' id='block_1_55' title="bbox 2111 2512 3677 2590">
    <p class='ocr_par' dir='ltr' id='par_1_55' title="bbox 2111 2512 3677 2590">
     <span class='ocr_line' id='line_1_55' title="bbox 2111 2512 3677 2590; baseline -0.008 -16"><span class='ocrx_word' id='word_1_406' title='bbox 2111 2521 2389 2588; x_wconf 76' lang='grc' dir='ltr'>τεύξονται</span> <span class='ocrx_word' id='word_1_407' title='bbox 2435 2518 2794 2590; x_wconf 77' lang='grc' dir='ltr'>προμηθείας.</span> <span class='ocrx_word' id='word_1_408' title='bbox 2835 2517 2932 2570; x_wconf 80' lang='grc' dir='ltr'><strong>Διὰ</strong></span> <span class='ocrx_word' id='word_1_409' title='bbox 2959 2517 3014 2569; x_wconf 86' lang='grc' dir='ltr'>δὲ</span> <span class='ocrx_word' id='word_1_410' title='bbox 3050 2517 3110 2568; x_wconf 85' lang='grc' dir='ltr'><strong>τὸ</strong></span> <span class='ocrx_word' id='word_1_411' title='bbox 3137 2514 3359 2585; x_wconf 80' lang='grc' dir='ltr'>πλῆθος,</span> <span class='ocrx_word' id='word_1_412' title='bbox 3402 2514 3553 2582; x_wconf 72' lang='grc' dir='ltr'>φησὶ,</span> <span class='ocrx_word' id='word_1_413' title='bbox 3581 2512 3677 2563; x_wconf 81' lang='grc' dir='ltr'><strong>τῶν</strong></span> 
     </span>
    </p>
   </div>
   <div class='ocr_carea' id='block_1_56' title="bbox 2115 2602 3676 2683">
    <p class='ocr_par' dir='ltr' id='par_1_56' title="bbox 2115 2602 3676 2683">
     <span class='ocr_line' id='line_1_56' title="bbox 2115 2602 3676 2683; baseline -0.006 -19"><span class='ocrx_word' id='word_1_414' title='bbox 2115 2611 2346 2683; x_wconf 83' lang='grc' dir='ltr'>νεκρῶν,</span> <span class='ocrx_word' id='word_1_415' title='bbox 2383 2629 2400 2661; x_wconf 77' lang='grc' dir='ltr'><strong>ι</strong></span> <span class='ocrx_word' id='word_1_416' title='bbox 2432 2607 2918 2679; x_wconf 82' lang='grc' dir='ltr'>Οἰκοδομήσουσι⁸⁰</span> <span class='ocrx_word' id='word_1_417' title='bbox 2953 2605 3013 2658; x_wconf 81' lang='grc' dir='ltr'><strong>τὸ</strong></span> <span class='ocrx_word' id='word_1_418' title='bbox 3056 2605 3415 2675; x_wconf 85' lang='grc' dir='ltr'>περιστόμιον</span> <span class='ocrx_word' id='word_1_419' title='bbox 3450 2602 3548 2670; x_wconf 80' lang='grc' dir='ltr'>τῆς</span> <span class='ocrx_word' id='word_1_420' title='bbox 3585 2602 3676 2670; x_wconf 69' lang='grc' dir='ltr'><strong>φάο</strong></span> 
     </span>
    </p>
   </div>
   <div class='ocr_carea' id='block_1_57' title="bbox 2113 2688 3678 2772">
    <p class='ocr_par' dir='ltr' id='par_1_57' title="bbox 2113 2688 3678 2772">
     <span class='ocr_line' id='line_1_57' title="bbox 2113 2688 3678 2772; baseline -0.009 -18"><span class='ocrx_word' id='word_1_421' title='bbox 2113 2718 2348 2772; x_wconf 81' lang='grc' dir='ltr'>ραγγος,</span> <span class='ocrx_word' id='word_1_422' title='bbox 2387 2699 2480 2752; x_wconf 70' lang='grc' dir='ltr'><strong>καὶ</strong></span> <span class='ocrx_word' id='word_1_423' title='bbox 2520 2697 2843 2767; x_wconf 62' lang='lat' dir='ltr'><strong>Mcl/ouem&quot;</strong></span> <span class='ocrx_word' id='word_1_424' title='bbox 2887 2697 3006 2748; x_wconf 87' lang='grc' dir='ltr'>ἐκεῖ</span> <span class='ocrx_word' id='word_1_425' title='bbox 3051 2694 3139 2746; x_wconf 79' lang='grc' dir='ltr'><strong>τὸν</strong></span> <span class='ocrx_word' id='word_1_426' title='bbox 3169 2692 3313 2760; x_wconf 85' lang='grc' dir='ltr'>Γὼγ,</span> <span class='ocrx_word' id='word_1_427' title='bbox 3364 2693 3454 2743; x_wconf 61' lang='grc' dir='ltr'><strong>καὶ</strong></span> <span class='ocrx_word' id='word_1_428' title='bbox 3494 2691 3594 2742; x_wconf 79' lang='grc' dir='ltr'>πᾶν</span> <span class='ocrx_word' id='word_1_429' title='bbox 3625 2688 3678 2741; x_wconf 66' lang='lat' dir='ltr'><strong>to</strong></span> 
     </span>
    </p>
   </div>
   <div class='ocr_carea' id='block_1_58' title="bbox 2112 2781 3676 2861">
    <p class='ocr_par' dir='ltr' id='par_1_58' title="bbox 2112 2781 3676 2861">
     <span class='ocr_line' id='line_1_58' title="bbox 2112 2781 3676 2861; baseline -0.008 -17"><span class='ocrx_word' id='word_1_430' title='bbox 2112 2791 2315 2861; x_wconf 83' lang='grc' dir='ltr'>πλῆθος</span> <span class='ocrx_word' id='word_1_431' title='bbox 2350 2789 2537 2854; x_wconf 79' lang='grc' dir='ltr'>αὑτοῦ,</span> <span class='ocrx_word' id='word_1_432' title='bbox 2571 2789 2665 2841; x_wconf 73' lang='grc' dir='ltr'><strong>καὶ</strong></span> <span class='ocrx_word' id='word_1_433' title='bbox 2707 2787 3038 2857; x_wconf 79' lang='grc' dir='ltr'>κληθήσεται</span> <span class='ocrx_word' id='word_1_434' title='bbox 3072 2785 3134 2837; x_wconf 78' lang='grc' dir='ltr'>τὸ</span> <span class='ocrx_word' id='word_1_435' title='bbox 3175 2784 3270 2852; x_wconf 74' lang='grc' dir='ltr'><strong>γαὶ</strong></span> <span class='ocrx_word' id='word_1_436' title='bbox 3289 2784 3334 2814; x_wconf 82' lang='grc'><strong>⁸¹</strong></span> <span class='ocrx_word' id='word_1_437' title='bbox 3375 2783 3436 2834; x_wconf 77' lang='grc' dir='ltr'><strong>τὸ</strong></span> <span class='ocrx_word' id='word_1_438' title='bbox 3466 2781 3676 2834; x_wconf 74' lang='grc' dir='ltr'>πολυαν-</span> 
     </span>
    </p>
   </div>
   <div class='ocr_carea' id='block_1_59' title="bbox 2109 2871 3672 2952">
    <p class='ocr_par' dir='ltr' id='par_1_59' title="bbox 2109 2871 3672 2952">
     <span class='ocr_line' id='line_1_59' title="bbox 2109 2871 3672 2952; baseline -0.008 -18"><span class='ocrx_word' id='word_1_439' title='bbox 2109 2881 2255 2952; x_wconf 89' lang='grc' dir='ltr'>δριον</span> <span class='ocrx_word' id='word_1_440' title='bbox 2272 2881 2317 2911; x_wconf 85' lang='grc'><strong>⁸³</strong></span> <span class='ocrx_word' id='word_1_441' title='bbox 2347 2880 2441 2932; x_wconf 83' lang='grc' dir='ltr'>τοῦ</span> <span class='ocrx_word' id='word_1_442' title='bbox 2472 2880 2616 2946; x_wconf 85' lang='grc' dir='ltr'>Γὼγ.</span> <span class='ocrx_word' id='word_1_443' title='bbox 2652 2899 2669 2930; x_wconf 76' lang='grc' dir='ltr'><strong>ι</strong></span> <span class='ocrx_word' id='word_1_444' title='bbox 2713 2877 2980 2930; x_wconf 77' lang='grc' dir='ltr'>Τοσοῦτον</span> <span class='ocrx_word' id='word_1_445' title='bbox 3019 2875 3148 2947; x_wconf 79' lang='grc' dir='ltr'>γὰρ,</span> <span class='ocrx_word' id='word_1_446' title='bbox 3181 2875 3367 2944; x_wconf 71' lang='grc' dir='ltr'>φησὶν,</span> <span class='ocrx_word' id='word_1_447' title='bbox 3398 2874 3547 2926; x_wconf 80' lang='grc' dir='ltr'>ἐσται</span> <span class='ocrx_word' id='word_1_448' title='bbox 3575 2871 3672 2923; x_wconf 79' lang='grc' dir='ltr'><strong>τῶν</strong></span> 
     </span>
    </p>
   </div>
   <div class='ocr_carea' id='block_1_60' title="bbox 2111 2964 3675 3037">
    <p class='ocr_par' dir='ltr' id='par_1_60' title="bbox 2111 2964 3675 3037">
     <span class='ocr_line' id='line_1_60' title="bbox 2111 2964 3675 3037; baseline -0.004 -16"><span class='ocrx_word' id='word_1_449' title='bbox 2111 2967 2517 3037; x_wconf 83' lang='grc' dir='ltr'>ἀναιρουμένων</span> <span class='ocrx_word' id='word_1_450' title='bbox 2553 2967 2614 3020; x_wconf 86' lang='grc' dir='ltr'><strong>τὸ</strong></span> <span class='ocrx_word' id='word_1_451' title='bbox 2655 2966 2881 3036; x_wconf 80' lang='grc' dir='ltr'>πλῆθος,</span> <span class='ocrx_word' id='word_1_452' title='bbox 2927 2966 3003 3028; x_wconf 84' lang='grc' dir='ltr'>ὡς</span> <span class='ocrx_word' id='word_1_453' title='bbox 3059 2965 3224 3036; x_wconf 76' lang='grc' dir='ltr'>μηδὲν</span> <span class='ocrx_word' id='word_1_454' title='bbox 3263 2964 3480 3034; x_wconf 74' lang='grc' dir='ltr'>ὄρυγμα</span> <span class='ocrx_word' id='word_1_455' title='bbox 3516 2977 3675 3032; x_wconf 85' lang='grc' dir='ltr'>χειρο-</span> 
     </span>
    </p>
   </div>
   <div class='ocr_carea' id='block_1_61' title="bbox 432 3053 2011 3130">
    <p class='ocr_par' dir='ltr' id='par_1_61' title="bbox 432 3057 2008 3130">
     <span class='ocr_line' id='line_1_61' title="bbox 432 3057 2008 3130; baseline -0.001 -17"><span class='ocrx_word' id='word_1_456' title='bbox 432 3071 672 3128; x_wconf 87' lang='lat' dir='ltr'><strong>superne</strong></span> <span class='ocrx_word' id='word_1_457' title='bbox 705 3058 1002 3128; x_wconf 82' lang='lat' dir='ltr'><strong>aggeribus</strong></span> <span class='ocrx_word' id='word_1_458' title='bbox 1063 3059 1286 3112; x_wconf 88' lang='lat' dir='ltr'><strong>obruta.</strong></span> <span class='ocrx_word' id='word_1_459' title='bbox 1357 3057 1470 3130; x_wconf 71' lang='lat'><strong>[12,</strong></span> <span class='ocrx_word' id='word_1_460' title='bbox 1532 3057 1620 3129; x_wconf 83' lang='lat'><strong>15]</strong></span> <span class='ocrx_word' id='word_1_461' title='bbox 1680 3059 2008 3127; x_wconf 85' lang='lat' dir='ltr'><strong>Septemque</strong></span> 
     </span>
    </p>
   </div>
   <div class='ocr_carea' id='block_1_62' title="bbox 2118 3053 3675 3130">
    <p class='ocr_par' dir='ltr' id='par_1_62' title="bbox 2118 3053 3675 3127">
     <span class='ocr_line' id='line_1_62' title="bbox 2118 3053 3675 3127; baseline -0.003 -16"><span class='ocrx_word' id='word_1_462' title='bbox 2118 3060 2337 3126; x_wconf 87' lang='grc' dir='ltr'>ποίητον</span> <span class='ocrx_word' id='word_1_463' title='bbox 2385 3058 2581 3122; x_wconf 81' lang='grc' dir='ltr'>αὐτοὺς</span> <span class='ocrx_word' id='word_1_464' title='bbox 2617 3057 2893 3124; x_wconf 83' lang='grc' dir='ltr'>δέξασθαι.</span> <span class='ocrx_word' id='word_1_465' title='bbox 2943 3057 3078 3111; x_wconf 78' lang='grc' dir='ltr'>ἀλλὰ</span> <span class='ocrx_word' id='word_1_466' title='bbox 3117 3057 3214 3126; x_wconf 84' lang='grc' dir='ltr'>τὴν</span> <span class='ocrx_word' id='word_1_467' title='bbox 3250 3055 3552 3127; x_wconf 85' lang='grc' dir='ltr'>βαθυτάτην</span> <span class='ocrx_word' id='word_1_468' title='bbox 3587 3053 3675 3121; x_wconf 74' lang='grc' dir='ltr'><strong>φά-</strong></span> 
     </span>
    </p>
   </div>
   <div class='ocr_carea' id='block_1_63' title="bbox 433 3125 2011 3220">
    <p class='ocr_par' dir='ltr' id='par_1_63' title="bbox 433 3146 2008 3216">
     <span class='ocr_line' id='line_1_63' title="bbox 433 3146 2008 3216; baseline 0.001 -18"><span class='ocrx_word' id='word_1_469' title='bbox 433 3146 732 3210; x_wconf 84' lang='lat' dir='ltr'><strong>mensium,</strong></span> <span class='ocrx_word' id='word_1_470' title='bbox 796 3147 1014 3216; x_wconf 90' lang='lat' dir='ltr'><strong>inquit,</strong></span> <span class='ocrx_word' id='word_1_471' title='bbox 1072 3147 1128 3200; x_wconf 92' lang='lat' dir='ltr'><strong>in</strong></span> <span class='ocrx_word' id='word_1_472' title='bbox 1189 3148 1332 3200; x_wconf 87' lang='lat' dir='ltr'><strong>banc</strong></span> <span class='ocrx_word' id='word_1_473' title='bbox 1393 3148 1733 3215; x_wconf 85' lang='lat' dir='ltr'><strong>sepulturam</strong></span> <span class='ocrx_word' id='word_1_474' title='bbox 1788 3155 2008 3214; x_wconf 88' lang='lat' dir='ltr'><strong>tempus</strong></span> 
     </span>
    </p>
   </div>
   <div class='ocr_carea' id='block_1_64' title="bbox 2118 3125 3674 3220">
    <p class='ocr_par' dir='ltr' id='par_1_64' title="bbox 2118 3125 3674 3220">
     <span class='ocr_line' id='line_1_64' title="bbox 2118 3125 3674 3220; baseline -0.004 -18"><span class='ocrx_word' id='word_1_475' title='bbox 2118 3125 2296 3220; x_wconf 84' lang='grc' dir='ltr'>ραγγα</span> <span class='ocrx_word' id='word_1_476' title='bbox 2338 3148 2509 3217; x_wconf 77' lang='grc' dir='ltr'>τάφον</span> <span class='ocrx_word' id='word_1_477' title='bbox 2537 3149 2723 3212; x_wconf 71' lang='grc' dir='ltr'>αὐτοῖς</span> <span class='ocrx_word' id='word_1_478' title='bbox 2765 3147 3040 3217; x_wconf 82' lang='grc' dir='ltr'>γενέσθαι,</span> <span class='ocrx_word' id='word_1_479' title='bbox 3080 3125 3421 3218; x_wconf 79' lang='grc' dir='ltr'>ἑκατέρωθεν</span> <span class='ocrx_word' id='word_1_480' title='bbox 3470 3145 3563 3213; x_wconf 78' lang='grc' dir='ltr'>μὲν</span> <span class='ocrx_word' id='word_1_481' title='bbox 3588 3160 3674 3195; x_wconf 88' lang='grc' dir='ltr'>πε-</span> 
     </span>
    </p>
   </div>
   <div class='ocr_carea' id='block_1_65' title="bbox 431 3230 2012 3306">
    <p class='ocr_par' dir='ltr' id='par_1_65' title="bbox 431 3230 2012 3306">
     <span class='ocr_line' id='line_1_65' title="bbox 431 3230 2012 3306; baseline -0.002 -16"><span class='ocrx_word' id='word_1_482' title='bbox 431 3245 808 3302; x_wconf 84' lang='lat' dir='ltr'><strong>consumetur,</strong></span> <span class='ocrx_word' id='word_1_483' title='bbox 847 3237 1104 3306; x_wconf 89' lang='lat' dir='ltr'><strong>diemque</strong></span> <span class='ocrx_word' id='word_1_484' title='bbox 1135 3238 1310 3296; x_wconf 78' lang='lat' dir='ltr'><strong>exitii.</strong></span> <span class='ocrx_word' id='word_1_485' title='bbox 1344 3230 1456 3306; x_wconf 82' lang='lat' dir='ltr'><strong>quo</strong></span> <span class='ocrx_word' id='word_1_486' title='bbox 1492 3238 1582 3291; x_wconf 92' lang='lat' dir='ltr'><strong>ille</strong></span> <span class='ocrx_word' id='word_1_487' title='bbox 1603 3235 1852 3290; x_wconf 81' lang='lat' dir='ltr'><strong>funditus</strong></span> <span class='ocrx_word' id='word_1_488' title='bbox 1891 3251 2012 3305; x_wconf 85' lang='lat' dir='ltr'><strong>per-</strong></span> 
     </span>
    </p>
   </div>
   <div class='ocr_carea' id='block_1_66' title="bbox 435 3325 2013 3396">
    <p class='ocr_par' dir='ltr' id='par_1_66' title="bbox 435 3325 2013 3396">
     <span class='ocr_line' id='line_1_66' title="bbox 435 3325 2013 3396; baseline -0.001 -16"><span class='ocrx_word' id='word_1_489' title='bbox 435 3325 559 3390; x_wconf 85' lang='lat' dir='ltr'><strong>ibit,</strong></span> <span class='ocrx_word' id='word_1_490' title='bbox 616 3327 888 3394; x_wconf 80' lang='lat' dir='ltr'><strong>insignem</strong></span> <span class='ocrx_word' id='word_1_491' title='bbox 936 3326 1162 3382; x_wconf 77' lang='lat' dir='ltr'><strong>facieut.</strong></span> <span class='ocrx_word' id='word_1_492' title='bbox 1201 3346 1220 3378; x_wconf 81' lang='grc' dir='ltr'><strong>ι</strong></span> <span class='ocrx_word' id='word_1_493' title='bbox 1259 3327 1377 3380; x_wconf 83' lang='lat' dir='ltr'><strong>Erit</strong></span> <span class='ocrx_word' id='word_1_494' title='bbox 1415 3329 1560 3380; x_wconf 89' lang='lat' dir='ltr'><strong>enim</strong></span> <span class='ocrx_word' id='word_1_495' title='bbox 1607 3328 1765 3394; x_wconf 88' lang='lat' dir='ltr'><strong>ipsis,</strong></span> <span class='ocrx_word' id='word_1_496' title='bbox 1815 3326 2013 3396; x_wconf 89' lang='lat' dir='ltr'><strong>inquit,</strong></span> 
     </span>
    </p>
   </div>
   <div class='ocr_carea' id='block_1_67' title="bbox 433 3417 2014 3490">
    <p class='ocr_par' dir='ltr' id='par_1_67' title="bbox 433 3417 2014 3490">
     <span class='ocr_line' id='line_1_67' title="bbox 433 3417 2014 3490; baseline 0 -20"><span class='ocrx_word' id='word_1_497' title='bbox 433 3430 653 3482; x_wconf 82' lang='lat' dir='ltr'><strong>nomen,</strong></span> <span class='ocrx_word' id='word_1_498' title='bbox 685 3419 805 3473; x_wconf 91' lang='lat' dir='ltr'><strong>dies</strong></span> <span class='ocrx_word' id='word_1_499' title='bbox 835 3435 943 3489; x_wconf 92' lang='lat' dir='ltr'><strong>quo</strong></span> <span class='ocrx_word' id='word_1_500' title='bbox 970 3419 1348 3490; x_wconf 81' lang='lat' dir='ltr'><strong>gloriﬁeabor,</strong></span> <span class='ocrx_word' id='word_1_501' title='bbox 1397 3419 1533 3472; x_wconf 86' lang='lat' dir='ltr'><strong>dicit</strong></span> <span class='ocrx_word' id='word_1_502' title='bbox 1576 3417 1786 3470; x_wconf 83' lang='lat' dir='ltr'><strong>Adonai</strong></span> <span class='ocrx_word' id='word_1_503' title='bbox 1832 3417 2014 3470; x_wconf 86' lang='lat' dir='ltr'><strong>Domi-</strong></span> 
     </span>
    </p>
   </div>
   <div class='ocr_carea' id='block_1_68' title="bbox 433 3508 2013 3582">
    <p class='ocr_par' dir='ltr' id='par_1_68' title="bbox 433 3508 2013 3582">
     <span class='ocr_line' id='line_1_68' title="bbox 433 3508 2013 3582; baseline -0.001 -20"><span class='ocrx_word' id='word_1_504' title='bbox 433 3520 558 3562; x_wconf 82' lang='lat' dir='ltr'><strong>nus.</strong></span> <span class='ocrx_word' id='word_1_505' title='bbox 602 3527 620 3560; x_wconf 72' lang='grc' dir='ltr'><strong>ι</strong></span> <span class='ocrx_word' id='word_1_506' title='bbox 650 3508 764 3581; x_wconf 75' lang='grc'><strong>[14]</strong></span> <span class='ocrx_word' id='word_1_507' title='bbox 793 3510 908 3566; x_wconf 90' lang='lat' dir='ltr'><strong>lmo</strong></span> <span class='ocrx_word' id='word_1_508' title='bbox 934 3525 1156 3582; x_wconf 90' lang='lat' dir='ltr'><strong>quoque</strong></span> <span class='ocrx_word' id='word_1_509' title='bbox 1186 3512 1356 3574; x_wconf 84' lang='lat' dir='ltr'><strong>viros,</strong></span> <span class='ocrx_word' id='word_1_510' title='bbox 1390 3509 1594 3578; x_wconf 91' lang='lat' dir='ltr'><strong>inquit,</strong></span> <span class='ocrx_word' id='word_1_511' title='bbox 1621 3509 2013 3579; x_wconf 82' lang='lat' dir='ltr'><strong>segregabunt,</strong></span> 
     </span>
    </p>
   </div>
   <div class='ocr_carea' id='block_1_69' title="bbox 433 3597 2014 3669">
    <p class='ocr_par' dir='ltr' id='par_1_69' title="bbox 433 3597 2014 3669">
     <span class='ocr_line' id='line_1_69' title="bbox 433 3597 2014 3669; baseline 0.003 -18"><span class='ocrx_word' id='word_1_512' title='bbox 433 3606 501 3653; x_wconf 87' lang='lat' dir='ltr'><strong>ut</strong></span> <span class='ocrx_word' id='word_1_513' title='bbox 534 3599 876 3655; x_wconf 87' lang='lat' dir='ltr'><strong>circumeant</strong></span> <span class='ocrx_word' id='word_1_514' title='bbox 909 3609 1133 3664; x_wconf 91' lang='lat' dir='ltr'><strong>terram,</strong></span> <span class='ocrx_word' id='word_1_515' title='bbox 1172 3607 1227 3654; x_wconf 93' lang='lat' dir='ltr'><strong>et</strong></span> <span class='ocrx_word' id='word_1_516' title='bbox 1269 3601 1569 3669; x_wconf 75' lang='lat' dir='ltr'><strong>sepultura:</strong></span> <span class='ocrx_word' id='word_1_517' title='bbox 1608 3597 1872 3654; x_wconf 88' lang='lat' dir='ltr'><strong>mandent</strong></span> <span class='ocrx_word' id='word_1_518' title='bbox 1916 3615 2014 3655; x_wconf 90' lang='lat' dir='ltr'><strong>eos</strong></span> 
     </span>
    </p>
   </div>
   <div class='ocr_carea' id='block_1_70' title="bbox 433 3687 1485 3760">
    <p class='ocr_par' dir='ltr' id='par_1_70' title="bbox 433 3687 1485 3760">
     <span class='ocr_line' id='line_1_70' title="bbox 433 3687 1485 3760; baseline 0.001 -19"><span class='ocrx_word' id='word_1_519' title='bbox 433 3687 530 3756; x_wconf 87' lang='lat' dir='ltr'><strong>qui</strong></span> <span class='ocrx_word' id='word_1_520' title='bbox 563 3688 704 3742; x_wconf 88' lang='lat' dir='ltr'><strong>inter</strong></span> <span class='ocrx_word' id='word_1_521' title='bbox 734 3689 1050 3760; x_wconf 78' lang='lat' dir='ltr'><strong>fugiendum</strong></span> <span class='ocrx_word' id='word_1_522' title='bbox 1097 3690 1485 3744; x_wconf 89' lang='lat' dir='ltr'><strong>occubuerint.</strong></span> 
     </span>
    </p>
   </div>
   <div class='ocr_carea' id='block_1_71' title="bbox 2109 3231 3670 3308">
    <p class='ocr_par' dir='ltr' id='par_1_71' title="bbox 2109 3231 3670 3308">
     <span class='ocr_line' id='line_1_71' title="bbox 2109 3231 3670 3308; baseline -0.004 -18"><span class='ocrx_word' id='word_1_523' title='bbox 2109 3235 2638 3308; x_wconf 79' lang='grc' dir='ltr'>ριοικοδομουμένην,</span> <span class='ocrx_word' id='word_1_524' title='bbox 2679 3235 2889 3288; x_wconf 79' lang='grc' dir='ltr'>ἄνωθεν</span> <span class='ocrx_word' id='word_1_525' title='bbox 2926 3231 2982 3289; x_wconf 62' lang='lat' dir='ltr'><strong>se</strong></span> <span class='ocrx_word' id='word_1_526' title='bbox 3017 3237 3389 3307; x_wconf 81' lang='grc' dir='ltr'>χωννυμένην.</span> <span class='ocrx_word' id='word_1_527' title='bbox 3433 3231 3595 3284; x_wconf 75' lang='grc' dir='ltr'>Ἑπτὰ</span> <span class='ocrx_word' id='word_1_528' title='bbox 3621 3231 3670 3284; x_wconf 79' lang='grc' dir='ltr'><strong>εέ</strong></span> 
     </span>
    </p>
   </div>
   <div class='ocr_carea' id='block_1_72' title="bbox 2111 3321 3671 3399">
    <p class='ocr_par' dir='ltr' id='par_1_72' title="bbox 2111 3321 3671 3399">
     <span class='ocr_line' id='line_1_72' title="bbox 2111 3321 3671 3399; baseline -0.006 -20"><span class='ocrx_word' id='word_1_529' title='bbox 2111 3327 2314 3397; x_wconf 84' lang='grc' dir='ltr'>μηνῶν,</span> <span class='ocrx_word' id='word_1_530' title='bbox 2343 3327 2494 3398; x_wconf 74' lang='grc' dir='ltr'>φησὶ,</span> <span class='ocrx_word' id='word_1_531' title='bbox 2541 3327 2988 3399; x_wconf 79' lang='grc' dir='ltr'>δαπανηθήσεται</span> <span class='ocrx_word' id='word_1_532' title='bbox 3021 3326 3212 3396; x_wconf 86' lang='grc' dir='ltr'>χρόνος</span> <span class='ocrx_word' id='word_1_533' title='bbox 3245 3327 3324 3387; x_wconf 79' lang='grc' dir='ltr'>εἰς</span> <span class='ocrx_word' id='word_1_534' title='bbox 3353 3323 3558 3391; x_wconf 86' lang='grc' dir='ltr'>ταύτην</span> <span class='ocrx_word' id='word_1_535' title='bbox 3585 3321 3671 3388; x_wconf 77' lang='grc' dir='ltr'><strong>τὴν</strong></span> 
     </span>
    </p>
   </div>
   <div class='ocr_carea' id='block_1_73' title="bbox 2107 3412 3665 3489">
    <p class='ocr_par' dir='ltr' id='par_1_73' title="bbox 2107 3412 3665 3489">
     <span class='ocr_line' id='line_1_73' title="bbox 2107 3412 3665 3489; baseline -0.005 -18"><span class='ocrx_word' id='word_1_536' title='bbox 2107 3419 2284 3489; x_wconf 80' lang='grc' dir='ltr'>ταφήν</span> <span class='ocrx_word' id='word_1_537' title='bbox 2305 3435 2317 3447; x_wconf 84' lang='lat'><strong><em>°</em></strong></span> <span class='ocrx_word' id='word_1_538' title='bbox 2355 3420 2448 3471; x_wconf 74' lang='grc' dir='ltr'><strong>καὶ</strong></span> <span class='ocrx_word' id='word_1_539' title='bbox 2474 3418 2572 3489; x_wconf 80' lang='grc' dir='ltr'><strong>τὴν</strong></span> <span class='ocrx_word' id='word_1_540' title='bbox 2603 3419 2820 3489; x_wconf 78' lang='grc' dir='ltr'>ἡμέραν</span> <span class='ocrx_word' id='word_1_541' title='bbox 2844 3418 2900 3471; x_wconf 82' lang='grc' dir='ltr'>δὲ</span> <span class='ocrx_word' id='word_1_542' title='bbox 2928 3420 3027 3488; x_wconf 81' lang='grc' dir='ltr'><strong>τῆς</strong></span> <span class='ocrx_word' id='word_1_543' title='bbox 3061 3416 3280 3470; x_wconf 82' lang='grc' dir='ltr'>ἐκείνου</span> <span class='ocrx_word' id='word_1_544' title='bbox 3313 3412 3665 3482; x_wconf 78' lang='grc' dir='ltr'>πανωλεθρίας</span> 
     </span>
    </p>
   </div>
   <div class='ocr_carea' id='block_1_74' title="bbox 2108 3503 3666 3580">
    <p class='ocr_par' dir='ltr' id='par_1_74' title="bbox 2108 3503 3666 3580">
     <span class='ocr_line' id='line_1_74' title="bbox 2108 3503 3666 3580; baseline 0 -18"><span class='ocrx_word' id='word_1_545' title='bbox 2108 3509 2378 3579; x_wconf 84' lang='grc' dir='ltr'>ἐπίσημον</span> <span class='ocrx_word' id='word_1_546' title='bbox 2409 3510 2745 3579; x_wconf 83' lang='grc' dir='ltr'>ποιήσονται.</span> <span class='ocrx_word' id='word_1_547' title='bbox 2795 3529 2814 3560; x_wconf 78' lang='grc' dir='ltr'><strong>ι</strong></span> <span class='ocrx_word' id='word_1_548' title='bbox 2859 3510 3053 3562; x_wconf 84' lang='grc' dir='ltr'>Ἔσται</span> <span class='ocrx_word' id='word_1_549' title='bbox 3085 3508 3194 3580; x_wconf 83' lang='grc' dir='ltr'><strong>γὰρ</strong></span> <span class='ocrx_word' id='word_1_550' title='bbox 3247 3509 3453 3569; x_wconf 79' lang='grc' dir='ltr'>αὐτοῖς,</span> <span class='ocrx_word' id='word_1_551' title='bbox 3504 3503 3666 3572; x_wconf 62' lang='grc' dir='ltr'>φησὶν,</span> 
     </span>
    </p>
   </div>
   <div class='ocr_carea' id='block_1_75' title="bbox 2110 3592 3668 3670">
    <p class='ocr_par' dir='ltr' id='par_1_75' title="bbox 2110 3592 3668 3670">
     <span class='ocr_line' id='line_1_75' title="bbox 2110 3592 3668 3670; baseline -0.004 -18"><span class='ocrx_word' id='word_1_552' title='bbox 2110 3599 2251 3662; x_wconf 70' lang='grc' dir='ltr'><strong>είς¹¹⁴⁵</strong></span> <span class='ocrx_word' id='word_1_553' title='bbox 2307 3599 2477 3669; x_wconf 76' lang='grc' dir='ltr'>ὄνομα</span> <span class='ocrx_word' id='word_1_554' title='bbox 2531 3601 2564 3669; x_wconf 82' lang='grc' dir='ltr'><strong>ἡ</strong></span> <span class='ocrx_word' id='word_1_555' title='bbox 2601 3599 2801 3670; x_wconf 81' lang='grc' dir='ltr'>ἡμέρα,</span> <span class='ocrx_word' id='word_1_556' title='bbox 2852 3600 2911 3651; x_wconf 90' lang='grc' dir='ltr'><strong>ἐν</strong></span> <span class='ocrx_word' id='word_1_557' title='bbox 3062 3597 3486 3667; x_wconf 77' lang='grc' dir='ltr'>δοξασθήσομαι,</span> <span class='ocrx_word' id='word_1_558' title='bbox 3540 3593 3668 3656; x_wconf 77' lang='grc' dir='ltr'>λέγει</span> 
     </span>
    </p>
   </div>
   <div class='ocr_carea' id='block_1_76' title="bbox 2130 3683 3667 3762">
    <p class='ocr_par' dir='ltr' id='par_1_76' title="bbox 2130 3683 3667 3762">
     <span class='ocr_line' id='line_1_76' title="bbox 2130 3683 3667 3762; baseline -0.004 -19"><span class='ocrx_word' id='word_1_559' title='bbox 2130 3690 2356 3743; x_wconf 81' lang='grc' dir='ltr'>’Λδωναῒ</span> <span class='ocrx_word' id='word_1_560' title='bbox 2396 3689 2619 3762; x_wconf 85' lang='grc' dir='ltr'>Κύριος.</span> <span class='ocrx_word' id='word_1_561' title='bbox 2641 3709 2660 3741; x_wconf 72' lang='grc' dir='ltr'><strong>ι</strong></span> <span class='ocrx_word' id='word_1_562' title='bbox 2707 3689 2868 3742; x_wconf 80' lang='grc' dir='ltr'>Ἀλλὰ</span> <span class='ocrx_word' id='word_1_563' title='bbox 2902 3690 2998 3742; x_wconf 74' lang='grc' dir='ltr'>καὶ</span> <span class='ocrx_word' id='word_1_564' title='bbox 3029 3689 3247 3759; x_wconf 83' lang='grc' dir='ltr'>ἄνδρας,</span> <span class='ocrx_word' id='word_1_565' title='bbox 3289 3689 3472 3759; x_wconf 73' lang='grc' dir='ltr'>φησὶν,</span> <span class='ocrx_word' id='word_1_566' title='bbox 3504 3683 3667 3754; x_wconf 81' lang='grc' dir='ltr'>ἀφορίο</span> 
     </span>
    </p>
   </div>
   <div class='ocr_carea' id='block_1_77' title="bbox 437 3775 3667 3852">
    <p class='ocr_par' dir='ltr' id='par_1_77' title="bbox 437 3775 3667 3852">
     <span class='ocr_line' id='line_1_77' title="bbox 437 3775 3667 3852; baseline -0.001 -22"><span class='ocrx_word' id='word_1_567' title='bbox 437 3793 643 3841; x_wconf 85' lang='grc' dir='ltr'>σουσιν,</span> <span class='ocrx_word' id='word_1_568' title='bbox 674 3778 814 3831; x_wconf 83' lang='grc' dir='ltr'>ὥστε</span> <span class='ocrx_word' id='word_1_569' title='bbox 865 3781 1238 3850; x_wconf 83' lang='grc' dir='ltr'>πιρινοστῆσαι</span> <span class='ocrx_word' id='word_1_570' title='bbox 1270 3779 1366 3851; x_wconf 74' lang='grc' dir='ltr'>τὴν</span> <span class='ocrx_word' id='word_1_571' title='bbox 1406 3782 1533 3852; x_wconf 83' lang='grc' dir='ltr'>γῆν,</span> <span class='ocrx_word' id='word_1_572' title='bbox 1588 3782 1682 3836; x_wconf 72' lang='grc' dir='ltr'>καὶ</span> <span class='ocrx_word' id='word_1_573' title='bbox 1733 3780 2067 3852; x_wconf 75' lang='grc' dir='ltr'>παραδοῦναι</span> <span class='ocrx_word' id='word_1_574' title='bbox 2097 3784 2242 3852; x_wconf 80' lang='grc' dir='ltr'>ταφῇ</span> <span class='ocrx_word' id='word_1_575' title='bbox 2308 3783 2436 3845; x_wconf 74' lang='grc' dir='ltr'>τοὺς</span> <span class='ocrx_word' id='word_1_576' title='bbox 2481 3783 2542 3835; x_wconf 84' lang='grc' dir='ltr'><strong>ἐν</strong></span> <span class='ocrx_word' id='word_1_577' title='bbox 2588 3781 2665 3850; x_wconf 84' lang='grc' dir='ltr'>τῷ</span> <span class='ocrx_word' id='word_1_578' title='bbox 2705 3780 2950 3850; x_wconf 81' lang='grc' dir='ltr'>φεύγειν,</span> <span class='ocrx_word' id='word_1_579' title='bbox 2998 3780 3091 3834; x_wconf 73' lang='grc' dir='ltr'><strong>τὸν</strong></span> <span class='ocrx_word' id='word_1_580' title='bbox 3174 3781 3408 3835; x_wconf 80' lang='grc' dir='ltr'>θάνατον</span> <span class='ocrx_word' id='word_1_581' title='bbox 3468 3775 3667 3845; x_wconf 82' lang='grc' dir='ltr'>δεξαμέ-</span> 
     </span>
    </p>
   </div>
   <div class='ocr_carea' id='block_1_78' title="bbox 437 3880 582 3928">
    <p class='ocr_par' dir='ltr' id='par_1_78' title="bbox 437 3880 582 3928">
     <span class='ocr_line' id='line_1_78' title="bbox 437 3880 582 3928; baseline 0 -9"><span class='ocrx_word' id='word_1_582' title='bbox 437 3880 582 3928; x_wconf 85' lang='grc' dir='ltr'>νους.</span> 
     </span>
    </p>
   </div>
   <div class='ocr_carea' id='block_1_79' title="bbox 509 3977 2012 4052">
    <p class='ocr_par' dir='ltr' id='par_1_79' title="bbox 509 3977 2012 4052">
     <span class='ocr_line' id='line_1_79' title="bbox 509 3977 2012 4052; baseline 0.002 -19"><span class='ocrx_word' id='word_1_583' title='bbox 509 3977 672 4033; x_wconf 73' lang='lat' dir='ltr'><strong>Vens.</strong></span> <span class='ocrx_word' id='word_1_584' title='bbox 731 3979 814 4034; x_wconf 81' lang='lat'><strong>15.</strong></span> <span class='ocrx_word' id='word_1_585' title='bbox 859 3979 926 4033; x_wconf 86' lang='lat' dir='ltr'><strong>Et</strong></span> <span class='ocrx_word' id='word_1_586' title='bbox 970 3992 1164 4050; x_wconf 71' lang='lat' dir='ltr'><strong>qureret</strong></span> <span class='ocrx_word' id='word_1_587' title='bbox 1206 3983 1374 4037; x_wconf 88' lang='lat' dir='ltr'><strong>omnis</strong></span> <span class='ocrx_word' id='word_1_588' title='bbox 1408 3984 1764 4052; x_wconf 68' lang='lat' dir='ltr'><strong>pet-transiens</strong></span> <span class='ocrx_word' id='word_1_589' title='bbox 1793 3993 2012 4041; x_wconf 88' lang='lat' dir='ltr'><strong>terram.</strong></span> 
     </span>
    </p>
   </div>
   <div class='ocr_carea' id='block_1_80' title="bbox 2181 3975 3665 4046">
    <p class='ocr_par' dir='ltr' id='par_1_80' title="bbox 2181 3975 3665 4046">
     <span class='ocr_line' id='line_1_80' title="bbox 2181 3975 3665 4046; baseline 0.001 -16"><span class='ocrx_word' id='word_1_590' title='bbox 2181 3983 2259 4030; x_wconf 81' lang='grc' dir='ltr'>ιε’.</span> <span class='ocrx_word' id='word_1_591' title='bbox 2288 3977 2391 4030; x_wconf 79' lang='grc' dir='ltr'><strong>Καὶ</strong></span> <span class='ocrx_word' id='word_1_592' title='bbox 2411 3977 2738 4044; x_wconf 79' lang='grc' dir='ltr'>ζητήσουσι</span> <span class='ocrx_word' id='word_1_593' title='bbox 2753 3977 2798 4013; x_wconf 71' lang='grc'><strong>⁸³</strong></span> <span class='ocrx_word' id='word_1_594' title='bbox 2848 3975 2970 4042; x_wconf 81' lang='grc' dir='ltr'>,πᾶς</span> <span class='ocrx_word' id='word_1_595' title='bbox 3002 3977 3032 4028; x_wconf 80' lang='grc' dir='ltr'><strong>ό</strong></span> <span class='ocrx_word' id='word_1_596' title='bbox 3055 3976 3550 4046; x_wconf 55' lang='grc' dir='ltr'>διαπορευόμενος</span> <span class='ocrx_word' id='word_1_597' title='bbox 3571 3980 3665 4046; x_wconf 76' lang='grc' dir='ltr'>τὴν</span> 
     </span>
    </p>
   </div>
   <div class='ocr_carea' id='block_1_81' title="bbox 435 4068 2011 4148">
    <p class='ocr_par' dir='ltr' id='par_1_81' title="bbox 435 4072 2011 4144">
     <span class='ocr_line' id='line_1_81' title="bbox 435 4072 2011 4144; baseline 0.001 -20"><span class='ocrx_word' id='word_1_598' title='bbox 435 4077 489 4124; x_wconf 79' lang='lat' dir='ltr'><strong>et</strong></span> <span class='ocrx_word' id='word_1_599' title='bbox 538 4072 840 4138; x_wconf 64' lang='lat' dir='ltr'><strong>praeteriens</strong></span> <span class='ocrx_word' id='word_1_600' title='bbox 876 4109 891 4133; x_wconf 94' lang='lat'><strong>,</strong></span> <span class='ocrx_word' id='word_1_601' title='bbox 946 4084 998 4125; x_wconf 89' lang='lat' dir='ltr'><strong>et</strong></span> <span class='ocrx_word' id='word_1_602' title='bbox 1055 4074 1232 4128; x_wconf 82' lang='lat' dir='ltr'><strong>videns</strong></span> <span class='ocrx_word' id='word_1_603' title='bbox 1304 4092 1361 4130; x_wconf 87' lang='lat' dir='ltr'><strong>os</strong></span> <span class='ocrx_word' id='word_1_604' title='bbox 1406 4076 1671 4139; x_wconf 82' lang='lat' dir='ltr'><strong>hominis,</strong></span> <span class='ocrx_word' id='word_1_605' title='bbox 1728 4075 2011 4144; x_wconf 77' lang='lat' dir='ltr'><strong>wdiﬁcabit</strong></span> 
     </span>
    </p>
   </div>
   <div class='ocr_carea' id='block_1_82' title="bbox 2118 4068 3663 4148">
    <p class='ocr_par' dir='ltr' id='par_1_82' title="bbox 2118 4068 3663 4148">
     <span class='ocr_line' id='line_1_82' title="bbox 2118 4068 3663 4148; baseline 0.001 -28"><span class='ocrx_word' id='word_1_606' title='bbox 2118 4068 2245 4148; x_wconf 62' lang='grc' dir='ltr'>ιςῆν,</span> <span class='ocrx_word' id='word_1_607' title='bbox 2279 4069 2378 4122; x_wconf 78' lang='grc' dir='ltr'>καὶ</span> <span class='ocrx_word' id='word_1_608' title='bbox 2416 4068 2818 4138; x_wconf 78' lang='grc' dir='ltr'>διερχόμενος,</span> <span class='ocrx_word' id='word_1_609' title='bbox 2855 4068 2953 4122; x_wconf 77' lang='grc' dir='ltr'>καὶ</span> <span class='ocrx_word' id='word_1_610' title='bbox 2980 4071 3012 4122; x_wconf 85' lang='grc' dir='ltr'><em>ὀ</em></span> <span class='ocrx_word' id='word_1_611' title='bbox 3048 4068 3190 4122; x_wconf 73' lang='grc' dir='ltr'>ἰδὼν</span> <span class='ocrx_word' id='word_1_612' title='bbox 3216 4071 3441 4123; x_wconf 72' lang='grc' dir='ltr'>ὀστοῦν</span> <span class='ocrx_word' id='word_1_613' title='bbox 3471 4071 3663 4139; x_wconf 67' lang='grc' dir='ltr'><strong>ἀνθρώ-</strong></span> 
     </span>
    </p>
   </div>
   <div class='ocr_carea' id='block_1_83' title="bbox 429 4159 2014 4234">
    <p class='ocr_par' dir='ltr' id='par_1_83' title="bbox 429 4159 2014 4234">
     <span class='ocr_line' id='line_1_83' title="bbox 429 4159 2014 4234; baseline 0.003 -23"><span class='ocrx_word' id='word_1_614' title='bbox 429 4160 593 4227; x_wconf 78' lang='lat' dir='ltr'><strong>juxta</strong></span> <span class='ocrx_word' id='word_1_615' title='bbox 653 4159 788 4213; x_wconf 78' lang='lat' dir='ltr'><strong>illud</strong></span> <span class='ocrx_word' id='word_1_616' title='bbox 842 4173 1255 4230; x_wconf 88' lang='lat' dir='ltr'><strong>monumentum,</strong></span> <span class='ocrx_word' id='word_1_617' title='bbox 1309 4162 1474 4219; x_wconf 84' lang='lat' dir='ltr'><strong>donec</strong></span> <span class='ocrx_word' id='word_1_618' title='bbox 1535 4161 1792 4233; x_wconf 82' lang='lat' dir='ltr'><strong>sepeliant</strong></span> <span class='ocrx_word' id='word_1_619' title='bbox 1843 4167 2014 4234; x_wconf 84' lang='lat' dir='ltr'><strong>ipsum</strong></span> 
     </span>
    </p>
   </div>
   <div class='ocr_carea' id='block_1_84' title="bbox 439 4252 2017 4327">
    <p class='ocr_par' dir='ltr' id='par_1_84' title="bbox 439 4252 2017 4327">
     <span class='ocr_line' id='line_1_84' title="bbox 439 4252 2017 4327; baseline 0.004 -23"><span class='ocrx_word' id='word_1_620' title='bbox 439 4252 740 4320; x_wconf 84' lang='lat' dir='ltr'><strong>sepelientes</strong></span> <span class='ocrx_word' id='word_1_621' title='bbox 785 4253 836 4306; x_wconf 88' lang='lat' dir='ltr'><strong>in</strong></span> <span class='ocrx_word' id='word_1_622' title='bbox 869 4254 1002 4308; x_wconf 82' lang='lat' dir='ltr'><strong>valle</strong></span> <span class='ocrx_word' id='word_1_623' title='bbox 1045 4256 1275 4325; x_wconf 80' lang='lat' dir='ltr'><strong>sepulcri</strong></span> <span class='ocrx_word' id='word_1_624' title='bbox 1323 4254 1472 4326; x_wconf 89' lang='lat' dir='ltr'><strong>Gogi.</strong></span> <span class='ocrx_word' id='word_1_625' title='bbox 1508 4257 1760 4318; x_wconf 80' lang='lat' dir='ltr'><strong>Multum,</strong></span> <span class='ocrx_word' id='word_1_626' title='bbox 1812 4258 2017 4327; x_wconf 88' lang='lat' dir='ltr'><strong>inquit,</strong></span> 
     </span>
    </p>
   </div>
   <div class='ocr_carea' id='block_1_85' title="bbox 440 4343 2014 4418">
    <p class='ocr_par' dir='ltr' id='par_1_85' title="bbox 440 4343 2014 4418">
     <span class='ocr_line' id='line_1_85' title="bbox 440 4343 2014 4418; baseline 0.003 -23"><span class='ocrx_word' id='word_1_627' title='bbox 440 4343 710 4413; x_wconf 87' lang='lat' dir='ltr'><strong>temporis</strong></span> <span class='ocrx_word' id='word_1_628' title='bbox 758 4344 1100 4408; x_wconf 87' lang='lat' dir='ltr'><strong>eireuibunt,</strong></span> <span class='ocrx_word' id='word_1_629' title='bbox 1150 4348 1460 4418; x_wconf 82' lang='lat' dir='ltr'><strong>insepultos</strong></span> <span class='ocrx_word' id='word_1_630' title='bbox 1507 4349 1805 4418; x_wconf 64' lang='lat' dir='ltr'><strong>sepulturae</strong></span> <span class='ocrx_word' id='word_1_631' title='bbox 1855 4364 2014 4400; x_wconf 81' lang='lat' dir='ltr'><strong>man-</strong></span> 
     </span>
    </p>
   </div>
   <div class='ocr_carea' id='block_1_86' title="bbox 2109 4157 3662 4229">
    <p class='ocr_par' dir='ltr' id='par_1_86' title="bbox 2109 4157 3662 4229">
     <span class='ocr_line' id='line_1_86' title="bbox 2109 4157 3662 4229; baseline 0.001 -15"><span class='ocrx_word' id='word_1_632' title='bbox 2109 4175 2249 4226; x_wconf 82' lang='grc' dir='ltr'>που,</span> <span class='ocrx_word' id='word_1_633' title='bbox 2302 4160 2682 4228; x_wconf 77' lang='grc' dir='ltr'>οίκοδομήσει</span> <span class='ocrx_word' id='word_1_634' title='bbox 2711 4160 2872 4228; x_wconf 76' lang='grc' dir='ltr'>’παρ’</span> <span class='ocrx_word' id='word_1_635' title='bbox 2921 4158 3080 4224; x_wconf 77' lang='grc' dir='ltr'>αὐτῷ</span> <span class='ocrx_word' id='word_1_636' title='bbox 3135 4161 3411 4229; x_wconf 79' lang='grc' dir='ltr'>σημεῖον,</span> <span class='ocrx_word' id='word_1_637' title='bbox 3456 4163 3557 4227; x_wconf 83' lang='grc' dir='ltr'><strong>ἕως</strong></span> <span class='ocrx_word' id='word_1_638' title='bbox 3605 4157 3662 4215; x_wconf 82' lang='grc' dir='ltr'>οὗ</span> 
     </span>
    </p>
   </div>
   <div class='ocr_carea' id='block_1_87' title="bbox 2109 4249 3659 4322">
    <p class='ocr_par' dir='ltr' id='par_1_87' title="bbox 2109 4249 3659 4322">
     <span class='ocr_line' id='line_1_87' title="bbox 2109 4249 3659 4322; baseline -0.001 -18"><span class='ocrx_word' id='word_1_639' title='bbox 2109 4250 2385 4317; x_wconf 71' lang='grc' dir='ltr'>θάψωσιν</span> <span class='ocrx_word' id='word_1_640' title='bbox 2411 4249 2557 4303; x_wconf 82' lang='grc' dir='ltr'>αὐτὸ</span> <span class='ocrx_word' id='word_1_641' title='bbox 2589 4253 2643 4303; x_wconf 79' lang='grc' dir='ltr'>οἱ</span> <span class='ocrx_word' id='word_1_642' title='bbox 2699 4249 3027 4316; x_wconf 79' lang='grc' dir='ltr'>θάπτοντες</span> <span class='ocrx_word' id='word_1_643' title='bbox 3063 4253 3150 4316; x_wconf 78' lang='grc' dir='ltr'><strong>είς</strong></span> <span class='ocrx_word' id='word_1_644' title='bbox 3197 4253 3263 4304; x_wconf 79' lang='grc' dir='ltr'>τὸ</span> <span class='ocrx_word' id='word_1_645' title='bbox 3310 4255 3402 4322; x_wconf 72' lang='grc' dir='ltr'><strong>γαί</strong></span> <span class='ocrx_word' id='word_1_646' title='bbox 3452 4253 3547 4306; x_wconf 87' lang='grc' dir='ltr'>τοῦ</span> <span class='ocrx_word' id='word_1_647' title='bbox 3571 4268 3659 4304; x_wconf 79' lang='grc' dir='ltr'>πο-</span> 
     </span>
    </p>
   </div>
   <div class='ocr_carea' id='block_1_88' title="bbox 2109 4340 3652 4413">
    <p class='ocr_par' dir='ltr' id='par_1_88' title="bbox 2109 4340 3652 4413">
     <span class='ocr_line' id='line_1_88' title="bbox 2109 4340 3652 4413; baseline -0.002 -17"><span class='ocrx_word' id='word_1_648' title='bbox 2109 4342 2440 4409; x_wconf 76' lang='grc' dir='ltr'>λυανδρίου</span> <span class='ocrx_word' id='word_1_649' title='bbox 2465 4341 2572 4394; x_wconf 85' lang='grc' dir='ltr'><strong>τοῦ</strong></span> <span class='ocrx_word' id='word_1_650' title='bbox 2598 4340 2751 4410; x_wconf 80' lang='grc' dir='ltr'>Γώγ.</span> <span class='ocrx_word' id='word_1_651' title='bbox 2795 4341 2918 4394; x_wconf 73' lang='grc' dir='ltr'>Ἐπὶ</span> <span class='ocrx_word' id='word_1_652' title='bbox 2955 4342 3134 4412; x_wconf 85' lang='grc' dir='ltr'>χρόνῳ</span> <span class='ocrx_word' id='word_1_653' title='bbox 3167 4342 3370 4413; x_wconf 80' lang='grc' dir='ltr'>πολλῷ,</span> <span class='ocrx_word' id='word_1_654' title='bbox 3404 4344 3548 4413; x_wconf 73' lang='grc' dir='ltr'>φησὶ,</span> 
     </span>
    </p>
   </div>
   <div class='ocr_carea' id='block_1_89' title="bbox 439 4432 2011 4510">
    <p class='ocr_par' dir='ltr' id='par_1_89' title="bbox 439 4432 2010 4510">
     <span class='ocr_line' id='line_1_89' title="bbox 439 4432 2010 4510; baseline 0.005 -25"><span class='ocrx_word' id='word_1_655' title='bbox 439 4432 659 4498; x_wconf 83' lang='lat' dir='ltr'><strong>dantes,</strong></span> <span class='ocrx_word' id='word_1_656' title='bbox 702 4442 758 4490; x_wconf 89' lang='lat' dir='ltr'><strong>et</strong></span> <span class='ocrx_word' id='word_1_657' title='bbox 793 4437 969 4491; x_wconf 87' lang='lat' dir='ltr'><strong>sicubi</strong></span> <span class='ocrx_word' id='word_1_658' title='bbox 999 4438 1244 4495; x_wconf 85' lang='lat' dir='ltr'><strong>viatores</strong></span> <span class='ocrx_word' id='word_1_659' title='bbox 1292 4441 1515 4510; x_wconf 86' lang='lat' dir='ltr'><strong>aliquod</strong></span> <span class='ocrx_word' id='word_1_660' title='bbox 1559 4456 1622 4496; x_wconf 91' lang='lat' dir='ltr'><strong>os</strong></span> <span class='ocrx_word' id='word_1_661' title='bbox 1678 4441 2010 4505; x_wconf 88' lang='lat' dir='ltr'><strong>invenerint,</strong></span> 
     </span>
    </p>
   </div>
   <div class='ocr_carea' id='block_1_90' title="bbox 2118 4432 3658 4510">
    <p class='ocr_par' dir='ltr' id='par_1_90' title="bbox 2118 4433 3658 4505">
     <span class='ocr_line' id='line_1_90' title="bbox 2118 4433 3658 4505; baseline 0.005 -21"><span class='ocrx_word' id='word_1_662' title='bbox 2118 4434 2488 4504; x_wconf 86' lang='grc' dir='ltr'>ρινοστήσουσι</span> <span class='ocrx_word' id='word_1_663' title='bbox 2518 4435 2640 4496; x_wconf 81' lang='grc' dir='ltr'>τοὺς</span> <span class='ocrx_word' id='word_1_664' title='bbox 2676 4433 2916 4500; x_wconf 60' lang='grc' dir='ltr'>ἀτάφους</span> <span class='ocrx_word' id='word_1_665' title='bbox 2963 4434 3348 4502; x_wconf 86' lang='grc' dir='ltr'>παραδιδόντες</span> <span class='ocrx_word' id='word_1_666' title='bbox 3381 4439 3514 4505; x_wconf 65' lang='grc' dir='ltr'>ταφῇ</span> <span class='ocrx_word' id='word_1_667' title='bbox 3542 4451 3552 4462; x_wconf 91' lang='grc'><strong>·</strong></span> <span class='ocrx_word' id='word_1_668' title='bbox 3583 4434 3658 4486; x_wconf 72' lang='grc' dir='ltr'>καὶ</span> 
     </span>
    </p>
   </div>
   <div class='ocr_carea' id='block_1_91' title="bbox 441 4523 2013 4602">
    <p class='ocr_par' dir='ltr' id='par_1_91' title="bbox 441 4523 2013 4602">
     <span class='ocr_line' id='line_1_91' title="bbox 441 4523 2013 4602; baseline 0.004 -24"><span class='ocrx_word' id='word_1_669' title='bbox 441 4523 718 4594; x_wconf 86' lang='lat' dir='ltr'><strong>lapidibus</strong></span> <span class='ocrx_word' id='word_1_670' title='bbox 749 4527 804 4581; x_wconf 90' lang='lat' dir='ltr'><strong>in</strong></span> <span class='ocrx_word' id='word_1_671' title='bbox 834 4545 1004 4583; x_wconf 92' lang='lat' dir='ltr'><strong>unum</strong></span> <span class='ocrx_word' id='word_1_672' title='bbox 1031 4533 1314 4602; x_wconf 84' lang='lat' dir='ltr'><strong>congestis</strong></span> <span class='ocrx_word' id='word_1_673' title='bbox 1340 4532 1665 4587; x_wconf 85' lang='lat' dir='ltr'><strong>indicabunt</strong></span> <span class='ocrx_word' id='word_1_674' title='bbox 1692 4532 1781 4598; x_wconf 90' lang='lat' dir='ltr'><strong>iis,</strong></span> <span class='ocrx_word' id='word_1_675' title='bbox 1807 4531 2013 4601; x_wconf 85' lang='lat' dir='ltr'><strong>quibus</strong></span> 
     </span>
    </p>
   </div>
   <div class='ocr_carea' id='block_1_92' title="bbox 441 4617 2012 4690">
    <p class='ocr_par' dir='ltr' id='par_1_92' title="bbox 441 4617 2012 4690">
     <span class='ocr_line' id='line_1_92' title="bbox 441 4617 2012 4690; baseline 0.003 -20"><span class='ocrx_word' id='word_1_676' title='bbox 441 4617 743 4686; x_wconf 88' lang='lat' dir='ltr'><strong>sepeliendi</strong></span> <span class='ocrx_word' id='word_1_677' title='bbox 771 4635 972 4675; x_wconf 91' lang='lat' dir='ltr'><strong>munus</strong></span> <span class='ocrx_word' id='word_1_678' title='bbox 1003 4623 1360 4677; x_wconf 89' lang='lat' dir='ltr'><strong>commissum</strong></span> <span class='ocrx_word' id='word_1_679' title='bbox 1403 4623 1592 4690; x_wconf 83' lang='lat' dir='ltr'><strong>fuerit,</strong></span> <span class='ocrx_word' id='word_1_680' title='bbox 1631 4630 1687 4677; x_wconf 92' lang='lat' dir='ltr'><strong>ut</strong></span> <span class='ocrx_word' id='word_1_681' title='bbox 1717 4624 1880 4678; x_wconf 89' lang='lat' dir='ltr'><strong>etiam</strong></span> <span class='ocrx_word' id='word_1_682' title='bbox 1919 4623 2012 4676; x_wconf 89' lang='lat' dir='ltr'><strong>illa</strong></span> 
     </span>
    </p>
   </div>
   <div class='ocr_carea' id='block_1_93' title="bbox 441 4711 1341 4781">
    <p class='ocr_par' dir='ltr' id='par_1_93' title="bbox 441 4711 1341 4781">
     <span class='ocr_line' id='line_1_93' title="bbox 441 4711 1341 4781; baseline 0.003 -20"><span class='ocrx_word' id='word_1_683' title='bbox 441 4719 662 4779; x_wconf 85' lang='lat' dir='ltr'><strong>cogant,</strong></span> <span class='ocrx_word' id='word_1_684' title='bbox 698 4711 891 4781; x_wconf 84' lang='lat' dir='ltr'><strong>eisque</strong></span> <span class='ocrx_word' id='word_1_685' title='bbox 923 4713 1078 4781; x_wconf 87' lang='lat' dir='ltr'><strong>justa</strong></span> <span class='ocrx_word' id='word_1_686' title='bbox 1114 4711 1341 4768; x_wconf 81' lang='lat' dir='ltr'><strong>faciant.</strong></span> 
     </span>
    </p>
   </div>
   <div class='ocr_carea' id='block_1_94' title="bbox 519 4903 2010 4984">
    <p class='ocr_par' dir='ltr' id='par_1_94' title="bbox 519 4903 2010 4984">
     <span class='ocr_line' id='line_1_94' title="bbox 519 4903 2010 4984; baseline 0.002 -28"><span class='ocrx_word' id='word_1_687' title='bbox 519 4903 678 4960; x_wconf 71' lang='lat' dir='ltr'><strong>Vens.</strong></span> <span class='ocrx_word' id='word_1_688' title='bbox 725 4907 808 4961; x_wconf 87' lang='lat'><strong>16.</strong></span> <span class='ocrx_word' id='word_1_689' title='bbox 853 4906 1060 4984; x_wconf 76' lang='lat' dir='ltr'><strong>Nomen</strong></span> <span class='ocrx_word' id='word_1_690' title='bbox 1089 4917 1263 4962; x_wconf 88' lang='lat' dir='ltr'><strong>autem</strong></span> <span class='ocrx_word' id='word_1_691' title='bbox 1313 4909 1416 4962; x_wconf 84' lang='lat' dir='ltr'><strong>loci</strong></span> <span class='ocrx_word' id='word_1_692' title='bbox 1451 4909 1723 4962; x_wconf 85' lang='lat' dir='ltr'><strong>vocabitur</strong></span> <span class='ocrx_word' id='word_1_693' title='bbox 1753 4908 1929 4969; x_wconf 86' lang='lat' dir='ltr'><strong>ruina,</strong></span> <span class='ocrx_word' id='word_1_694' title='bbox 1962 4919 2010 4960; x_wconf 81' lang='lat' dir='ltr'><strong>ct</strong></span> 
     </span>
    </p>
   </div>
   <div class='ocr_carea' id='block_1_95' title="bbox 2111 4523 3658 4596">
    <p class='ocr_par' dir='ltr' id='par_1_95' title="bbox 2111 4523 3658 4596">
     <span class='ocr_line' id='line_1_95' title="bbox 2111 4523 3658 4596; baseline -0.002 -20"><span class='ocrx_word' id='word_1_695' title='bbox 2111 4526 2158 4576; x_wconf 84' lang='lat' dir='ltr'><strong>oi</strong></span> <span class='ocrx_word' id='word_1_696' title='bbox 2188 4525 2357 4576; x_wconf 84' lang='grc' dir='ltr'>ὁδῖται</span> <span class='ocrx_word' id='word_1_697' title='bbox 2385 4523 2462 4585; x_wconf 85' lang='grc' dir='ltr'><strong>δέ,</strong></span> <span class='ocrx_word' id='word_1_698' title='bbox 2490 4524 2543 4575; x_wconf 81' lang='grc' dir='ltr'><strong>εί</strong></span> <span class='ocrx_word' id='word_1_699' title='bbox 2571 4541 2670 4576; x_wconf 83' lang='grc' dir='ltr'><strong>που</strong></span> <span class='ocrx_word' id='word_1_700' title='bbox 2714 4523 2905 4576; x_wconf 83' lang='grc' dir='ltr'>ὀστοῦν</span> <span class='ocrx_word' id='word_1_701' title='bbox 2939 4524 3172 4596; x_wconf 80' lang='grc' dir='ltr'>εὕροιεν,</span> <span class='ocrx_word' id='word_1_702' title='bbox 3200 4525 3383 4589; x_wconf 78' lang='grc' dir='ltr'>λίθους</span> <span class='ocrx_word' id='word_1_703' title='bbox 3411 4527 3520 4578; x_wconf 82' lang='grc' dir='ltr'>κατ’</span> <span class='ocrx_word' id='word_1_704' title='bbox 3551 4525 3658 4578; x_wconf 68' lang='grc' dir='ltr'>αὐτὸ</span> 
     </span>
    </p>
   </div>
   <div class='ocr_carea' id='block_1_96' title="bbox 2112 4611 3653 4683">
    <p class='ocr_par' dir='ltr' id='par_1_96' title="bbox 2112 4611 3653 4683">
     <span class='ocr_line' id='line_1_96' title="bbox 2112 4611 3653 4683; baseline 0 -19"><span class='ocrx_word' id='word_1_705' title='bbox 2112 4611 2647 4683; x_wconf 75' lang='grc' dir='ltr'>ἀθροίζοντες,δῆλον</span> <span class='ocrx_word' id='word_1_706' title='bbox 2691 4615 2975 4683; x_wconf 84' lang='grc' dir='ltr'>ποιήσουσι</span> <span class='ocrx_word' id='word_1_707' title='bbox 3028 4619 3137 4679; x_wconf 83' lang='grc' dir='ltr'>τοῖς</span> <span class='ocrx_word' id='word_1_708' title='bbox 3176 4616 3238 4668; x_wconf 73' lang='grc' dir='ltr'>τὸ</span> <span class='ocrx_word' id='word_1_709' title='bbox 3285 4617 3499 4670; x_wconf 77' lang='grc' dir='ltr'>θάπτειν</span> <span class='ocrx_word' id='word_1_710' title='bbox 3524 4617 3653 4681; x_wconf 81' lang='grc' dir='ltr'>ἐγκεο</span> 
     </span>
    </p>
   </div>
   <div class='ocr_carea' id='block_1_97' title="bbox 2112 4703 3654 4776">
    <p class='ocr_par' dir='ltr' id='par_1_97' title="bbox 2112 4703 3654 4776">
     <span class='ocr_line' id='line_1_97' title="bbox 2112 4703 3654 4776; baseline 0.001 -22"><span class='ocrx_word' id='word_1_711' title='bbox 2112 4703 2496 4773; x_wconf 81' lang='grc' dir='ltr'>χειρισμένοις,</span> <span class='ocrx_word' id='word_1_712' title='bbox 2531 4703 2669 4757; x_wconf 81' lang='grc' dir='ltr'>ὥστε</span> <span class='ocrx_word' id='word_1_713' title='bbox 2704 4706 2930 4758; x_wconf 77' lang='grc' dir='ltr'>κάκεῖνα</span> <span class='ocrx_word' id='word_1_714' title='bbox 2963 4710 3316 4776; x_wconf 87' lang='grc' dir='ltr'>συναγαγεῖν,</span> <span class='ocrx_word' id='word_1_715' title='bbox 3357 4709 3444 4762; x_wconf 76' lang='grc' dir='ltr'><strong>καὶ</strong></span> <span class='ocrx_word' id='word_1_716' title='bbox 3471 4707 3564 4759; x_wconf 86' lang='grc' dir='ltr'>τῶν</span> <span class='ocrx_word' id='word_1_717' title='bbox 3589 4721 3654 4755; x_wconf 84' lang='grc' dir='ltr'>νο·</span> 
     </span>
    </p>
   </div>
   <div class='ocr_carea' id='block_1_98' title="bbox 2115 4793 2699 4864">
    <p class='ocr_par' dir='ltr' id='par_1_98' title="bbox 2115 4793 2699 4864">
     <span class='ocr_line' id='line_1_98' title="bbox 2115 4793 2699 4864; baseline 0.003 -19"><span class='ocrx_word' id='word_1_718' title='bbox 2115 4793 2420 4864; x_wconf 80' lang='grc' dir='ltr'>μιζομένων</span> <span class='ocrx_word' id='word_1_719' title='bbox 2443 4794 2699 4856; x_wconf 78' lang='grc' dir='ltr'>ἀξιῶσαι.</span> 
     </span>
    </p>
   </div>
   <div class='ocr_carea' id='block_1_99' title="bbox 2195 4904 3649 4981">
    <p class='ocr_par' dir='ltr' id='par_1_99' title="bbox 2195 4904 3649 4981">
     <span class='ocr_line' id='line_1_99' title="bbox 2195 4904 3649 4981; baseline 0.001 -24"><span class='ocrx_word' id='word_1_720' title='bbox 2195 4904 2287 4970; x_wconf 85' lang='grc' dir='ltr'>ις’.</span> <span class='ocrx_word' id='word_1_721' title='bbox 2323 4907 2431 4959; x_wconf 76' lang='grc' dir='ltr'><strong>Καὶ</strong></span> <span class='ocrx_word' id='word_1_722' title='bbox 2456 4908 2502 4939; x_wconf 70' lang='grc'><strong>⁸⁸⁵</strong></span> <span class='ocrx_word' id='word_1_723' title='bbox 2536 4906 2600 4960; x_wconf 81' lang='grc' dir='ltr'>τὸ</span> <span class='ocrx_word' id='word_1_724' title='bbox 2630 4908 2818 4978; x_wconf 78' lang='grc' dir='ltr'>ὄνομα</span> <span class='ocrx_word' id='word_1_725' title='bbox 2849 4909 2917 4963; x_wconf 80' lang='grc' dir='ltr'>δὲ</span> <span class='ocrx_word' id='word_1_726' title='bbox 2949 4909 3056 4964; x_wconf 85' lang='grc' dir='ltr'>τοῦ</span> <span class='ocrx_word' id='word_1_727' title='bbox 3090 4913 3277 4966; x_wconf 75' lang='grc' dir='ltr'>τόπου</span> <span class='ocrx_word' id='word_1_728' title='bbox 3333 4910 3649 4981; x_wconf 72' lang='grc' dir='ltr'>κληθήσεται</span> 
     </span>
    </p>
   </div>
   <div class='ocr_carea' id='block_1_100' title="bbox 1722 5123 2393 5180">
    <p class='ocr_par' dir='ltr' id='par_1_100' title="bbox 1722 5123 2393 5180">
     <span class='ocr_line' id='line_1_100' title="bbox 1722 5123 2393 5180; baseline 0 -2"><span class='ocrx_word' id='word_1_729' title='bbox 1722 5123 1956 5179; x_wconf 64' lang='grc' dir='ltr'><strong>νΛῐῖΙίΕ</strong></span> <span class='ocrx_word' id='word_1_730' title='bbox 1991 5123 2393 5180; x_wconf 83' lang='lat' dir='ltr'><strong>LECTIONES.</strong></span> 
     </span>
    </p>
   </div>
   <div class='ocr_carea' id='block_1_101' title="bbox 515 5301 3638 5399">
    <p class='ocr_par' dir='ltr' id='par_1_101' title="bbox 515 5301 3638 5399">
     <span class='ocr_line' id='line_1_101' title="bbox 515 5301 3638 5399; baseline 0 -26"><span class='ocrx_word' id='word_1_731' title='bbox 593 5319 908 5399; x_wconf 53' lang='grc' dir='ltr'>καιτ-ἐσται</span> <span class='ocrx_word' id='word_1_732' title='bbox 928 5317 1286 5399; x_wconf 76' lang='lat' dir='ltr'><strong>Hebr.et1ict.</strong></span> <span class='ocrx_word' id='word_1_733' title='bbox 1392 5321 1567 5399; x_wconf 39' lang='grc' dir='ltr'>αὑτά.-</span> <span class='ocrx_word' id='word_1_734' title='bbox 1585 5319 1712 5399; x_wconf 89' lang='lat' dir='ltr'><strong>ln_B</strong></span> <span class='ocrx_word' id='word_1_735' title='bbox 1731 5322 1956 5399; x_wconf 70' lang='lat' dir='ltr'><strong>ponitur</strong></span> <span class='ocrx_word' id='word_1_736' title='bbox 1981 5330 2104 5399; x_wconf 70' lang='lat' dir='ltr'><strong>post</strong></span> <span class='ocrx_word' id='word_1_737' title='bbox 2128 5322 2281 5399; x_wconf 77' lang='grc' dir='ltr'>φησί.</span> <span class='ocrx_word' id='word_1_738' title='bbox 2319 5323 2364 5353; x_wconf 84' lang='grc'><strong>⁷³</strong></span> <span class='ocrx_word' id='word_1_739' title='bbox 2385 5321 2608 5399; x_wconf 49' lang='lat' dir='ltr'><strong>aut-7H}</strong></span> <span class='ocrx_word' id='word_1_740' title='bbox 2629 5301 3041 5399; x_wconf 42' lang='grc' dir='ltr'>ριςαξιιιηκαίῖ-τξ</span> <span class='ocrx_word' id='word_1_741' title='bbox 3062 5324 3153 5399; x_wconf 37' lang='grc' dir='ltr'>ἦν..</span> <span class='ocrx_word' id='word_1_742' title='bbox 3190 5326 3235 5378; x_wconf 79' lang='grc' dir='ltr'><strong>Δ</strong></span> <span class='ocrx_word' id='word_1_743' title='bbox 3267 5326 3326 5399; x_wconf 82' lang='grc' dir='ltr'><strong>ἐν</strong></span> <span class='ocrx_word' id='word_1_744' title='bbox 3471 5325 3509 5356; x_wconf 81' lang='grc'><strong>⁷³</strong></span> <span class='ocrx_word' id='word_1_745' title='bbox 3538 5321 3638 5375; x_wconf 71' lang='grc' dir='ltr'>τότε.</span> 
     </span>
    </p>
   </div>
   <div class='ocr_carea' id='block_1_102' title="bbox 459 5390 3639 5462">
    <p class='ocr_par' dir='ltr' id='par_1_102' title="bbox 459 5390 3639 5462">
     <span class='ocr_line' id='line_1_102' title="bbox 459 5390 3639 5462; baseline -0.001 -18"><span class='ocrx_word' id='word_1_746' title='bbox 459 5393 638 5462; x_wconf 54' lang='grc' dir='ltr'>έ-Ἰσρ</span> <span class='ocrx_word' id='word_1_747' title='bbox 668 5390 827 5444; x_wconf 87' lang='lat' dir='ltr'><strong>llebr.</strong></span> <span class='ocrx_word' id='word_1_748' title='bbox 861 5391 1040 5462; x_wconf 81' lang='lat' dir='ltr'><strong>locum</strong></span> <span class='ocrx_word' id='word_1_749' title='bbox 1073 5392 1165 5445; x_wconf 91' lang='lat' dir='ltr'><strong>ubi</strong></span> <span class='ocrx_word' id='word_1_750' title='bbox 1198 5392 1517 5462; x_wconf 88' lang='lat' dir='ltr'><strong>sepeliatur,</strong></span> <span class='ocrx_word' id='word_1_751' title='bbox 1555 5393 1607 5445; x_wconf 90' lang='lat' dir='ltr'><strong>in</strong></span> <span class='ocrx_word' id='word_1_752' title='bbox 1641 5390 1859 5447; x_wconf 79' lang='lat' dir='ltr'><strong>Israele.</strong></span> <span class='ocrx_word' id='word_1_753' title='bbox 1891 5394 1936 5423; x_wconf 70' lang='grc'><strong>’³⁸</strong></span> <span class='ocrx_word' id='word_1_754' title='bbox 1985 5390 2119 5462; x_wconf 82' lang='grc' dir='ltr'>Ἰσρ.</span> <span class='ocrx_word' id='word_1_755' title='bbox 2151 5390 2198 5444; x_wconf 70' lang='grc' dir='ltr'>Α</span> <span class='ocrx_word' id='word_1_756' title='bbox 2223 5407 2407 5460; x_wconf 70' lang='lat' dir='ltr'><strong>prtem.</strong></span> <span class='ocrx_word' id='word_1_757' title='bbox 2435 5390 2520 5445; x_wconf 76' lang='grc' dir='ltr'><strong>ἐν.</strong></span> <span class='ocrx_word' id='word_1_758' title='bbox 2557 5394 2597 5423; x_wconf 81' lang='grc'><strong>⁷⁷</strong></span> <span class='ocrx_word' id='word_1_759' title='bbox 2631 5390 2697 5444; x_wconf 60' lang='grc' dir='ltr'>τὸ</span> <span class='ocrx_word' id='word_1_760' title='bbox 2725 5392 2908 5447; x_wconf 87' lang='grc' dir='ltr'>ἐπελθ.</span> <span class='ocrx_word' id='word_1_761' title='bbox 2939 5390 3099 5446; x_wconf 73' lang='lat' dir='ltr'><strong>Hebr.</strong></span> <span class='ocrx_word' id='word_1_762' title='bbox 3130 5395 3186 5448; x_wconf 92' lang='lat' dir='ltr'><strong>in</strong></span> <span class='ocrx_word' id='word_1_763' title='bbox 3229 5390 3639 5462; x_wconf 70' lang='lat' dir='ltr'><strong>vallé&#39;transeun-</strong></span> 
     </span>
    </p>
   </div>
   <div class='ocr_carea' id='block_1_103' title="bbox 445 5460 1526 5532">
    <p class='ocr_par' dir='ltr' id='par_1_103' title="bbox 445 5460 1526 5532">
     <span class='ocr_line' id='line_1_103' title="bbox 445 5460 1526 5532; baseline 0 -18"><span class='ocrx_word' id='word_1_764' title='bbox 445 5460 688 5532; x_wconf 28' lang='lat' dir='ltr'><strong>tium.‘&quot;</strong></span> <span class='ocrx_word' id='word_1_765' title='bbox 729 5460 978 5528; x_wconf 82' lang='grc' dir='ltr'>ἐξ-θαλ,</span> <span class='ocrx_word' id='word_1_766' title='bbox 1016 5464 1058 5513; x_wconf 84' lang='grc' dir='ltr'><strong>Δ</strong></span> <span class='ocrx_word' id='word_1_767' title='bbox 1087 5463 1145 5513; x_wconf 89' lang='grc' dir='ltr'><strong>ἐν</strong></span> <span class='ocrx_word' id='word_1_768' title='bbox 1168 5465 1233 5532; x_wconf 82' lang='grc' dir='ltr'><strong>τῇ</strong></span> <span class='ocrx_word' id='word_1_769' title='bbox 1263 5461 1526 5532; x_wconf 82' lang='grc' dir='ltr'>θαλάσσῃ.</span> 
     </span>
    </p>
   </div>
   <div class='ocr_carea' id='block_1_104' title="bbox 1605 5461 3634 5531">
    <p class='ocr_par' dir='ltr' id='par_1_104' title="bbox 1605 5461 3634 5531">
     <span class='ocr_line' id='line_1_104' title="bbox 1605 5461 3634 5531; baseline -0.003 -16"><span class='ocrx_word' id='word_1_770' title='bbox 1605 5463 1650 5493; x_wconf 80' lang='grc'><strong>⁷⁵</strong></span> <span class='ocrx_word' id='word_1_771' title='bbox 1691 5463 1876 5515; x_wconf 77' lang='grc' dir='ltr'>αὑτοῦ.</span> <span class='ocrx_word' id='word_1_772' title='bbox 1913 5463 1954 5513; x_wconf 85' lang='grc' dir='ltr'><strong>Β</strong></span> <span class='ocrx_word' id='word_1_773' title='bbox 1985 5461 2168 5530; x_wconf 63' lang='lat' dir='ltr'><strong>pm“.</strong></span> <span class='ocrx_word' id='word_1_774' title='bbox 2201 5464 2350 5531; x_wconf 83' lang='grc' dir='ltr'>παρ’.</span> <span class='ocrx_word' id='word_1_775' title='bbox 2389 5462 2436 5492; x_wconf 78' lang='grc' dir='ltr'><strong>⁸ο</strong></span> <span class='ocrx_word' id='word_1_776' title='bbox 2474 5462 3021 5531; x_wconf 80' lang='grc' dir='ltr'>οἰκοδ.-φάραγγος.</span> <span class='ocrx_word' id='word_1_777' title='bbox 3057 5462 3220 5518; x_wconf 83' lang='lat' dir='ltr'><strong>Hebr.</strong></span> <span class='ocrx_word' id='word_1_778' title='bbox 3259 5474 3316 5518; x_wconf 88' lang='lat' dir='ltr'><strong>ut</strong></span> <span class='ocrx_word' id='word_1_779' title='bbox 3343 5467 3532 5519; x_wconf 85' lang='lat' dir='ltr'><strong>obturet</strong></span> <span class='ocrx_word' id='word_1_780' title='bbox 3562 5461 3634 5531; x_wconf 77' lang='lat' dir='ltr'><strong>ilia</strong></span> 
     </span>
    </p>
   </div>
   <div class='ocr_carea' id='block_1_105' title="bbox 393 5520 3636 5608">
    <p class='ocr_par' dir='ltr' id='par_1_105' title="bbox 393 5520 3636 5608">
     <span class='ocr_line' id='line_1_105' title="bbox 393 5520 3636 5608; baseline 0.002 -28"><span class='ocrx_word' id='word_1_781' title='bbox 393 5601 397 5608; x_wconf 27' lang='lat'>.</span> <span class='ocrx_word' id='word_1_782' title='bbox 451 5529 650 5608; x_wconf 69' lang='lat' dir='ltr'><strong>(vallis)</strong></span> <span class='ocrx_word' id='word_1_783' title='bbox 679 5520 1028 5608; x_wconf 58' lang='lat' dir='ltr'><strong>transeuntes</strong></span> <span class='ocrx_word' id='word_1_784' title='bbox 1060 5520 1255 5608; x_wconf 24' lang='lat' dir='ltr'><strong>(saera</strong></span> <span class='ocrx_word' id='word_1_785' title='bbox 1277 5520 1738 5608; x_wconf 56' lang='lat' dir='ltr'><strong>_trau_se:t&#39;tntium_)._</strong></span> <span class='ocrx_word' id='word_1_786' title='bbox 1759 5534 1796 5584; x_wconf 89' lang='grc' dir='ltr'><strong>Λ</strong></span> <span class='ocrx_word' id='word_1_787' title='bbox 1833 5533 1928 5608; x_wconf 54' lang='grc' dir='ltr'><strong>και</strong></span> <span class='ocrx_word' id='word_1_788' title='bbox 1958 5520 2523 5608; x_wconf 64' lang='grc' dir='ltr'>περιοικοδομὴσουσι.</span> <span class='ocrx_word' id='word_1_789' title='bbox 2546 5603 2556 5608; x_wconf 26' lang='grc' dir='ltr'><strong>Δ</strong></span> <span class='ocrx_word' id='word_1_790' title='bbox 2576 5533 2640 5608; x_wconf 36' lang='grc' dir='ltr'>-.εί</span> <span class='ocrx_word' id='word_1_791' title='bbox 2674 5520 2956 5608; x_wconf 59' lang='grc' dir='ltr'><strong>ορξψὸμέιὺ.</strong></span> <span class='ocrx_word' id='word_1_792' title='bbox 2981 5520 3030 5608; x_wconf 58' lang='grc' dir='ltr'><strong>’ᾼ</strong></span> <span class='ocrx_word' id='word_1_793' title='bbox 3055 5534 3456 5608; x_wconf 60' lang='grc' dir='ltr'>κατορύξουσιν.</span> <span class='ocrx_word' id='word_1_794' title='bbox 3521 5531 3558 5608; x_wconf 62' lang='grc' dir='ltr'><strong>ξ’</strong></span> <span class='ocrx_word' id='word_1_795' title='bbox 3587 5527 3636 5608; x_wconf 63' lang='grc' dir='ltr'>τὲ</span> 
     </span>
    </p>
   </div>
   <div class='ocr_carea' id='block_1_106' title="bbox 449 5600 817 5668">
    <p class='ocr_par' dir='ltr' id='par_1_106' title="bbox 449 5600 817 5668">
     <span class='ocr_line' id='line_1_106' title="bbox 449 5600 817 5668; baseline 0.003 -16"><span class='ocrx_word' id='word_1_796' title='bbox 449 5600 560 5666; x_wconf 86' lang='grc' dir='ltr'>γαί.</span> <span class='ocrx_word' id='word_1_797' title='bbox 601 5600 645 5652; x_wconf 73' lang='grc' dir='ltr'><strong>Α</strong></span> <span class='ocrx_word' id='word_1_798' title='bbox 673 5603 817 5668; x_wconf 81' lang='grc' dir='ltr'>τόγε.</span> 
     </span>
    </p>
   </div>
   <div class='ocr_carea' id='block_1_107' title="bbox 896 5599 2624 5671">
    <p class='ocr_par' dir='ltr' id='par_1_107' title="bbox 896 5599 2624 5671">
     <span class='ocr_line' id='line_1_107' title="bbox 896 5599 2624 5671; baseline 0 -17"><span class='ocrx_word' id='word_1_799' title='bbox 896 5601 940 5632; x_wconf 85' lang='grc'><strong><em>⁸³</em></strong></span> <span class='ocrx_word' id='word_1_800' title='bbox 979 5601 1040 5654; x_wconf 81' lang='grc' dir='ltr'>τὸ</span> <span class='ocrx_word' id='word_1_801' title='bbox 1069 5601 1356 5671; x_wconf 80' lang='grc' dir='ltr'>πολυάνδρ.</span> <span class='ocrx_word' id='word_1_802' title='bbox 1393 5599 1552 5654; x_wconf 85' lang='lat' dir='ltr'><strong>llcbr.</strong></span> <span class='ocrx_word' id='word_1_803' title='bbox 1590 5599 1975 5671; x_wconf 83' lang='lat' dir='ltr'><strong>multitudinis.</strong></span> <span class='ocrx_word' id='word_1_804' title='bbox 2011 5599 2086 5653; x_wconf 86' lang='lat' dir='ltr'><strong>Ita</strong></span> <span class='ocrx_word' id='word_1_805' title='bbox 2114 5599 2341 5671; x_wconf 80' lang='lat' dir='ltr'><strong>quoque</strong></span> <span class='ocrx_word' id='word_1_806' title='bbox 2358 5616 2501 5654; x_wconf 85' lang='lat' dir='ltr'><strong>vers.</strong></span> <span class='ocrx_word' id='word_1_807' title='bbox 2540 5603 2624 5654; x_wconf 63' lang='lat' dir='ltr'><strong>lii.</strong></span> 
     </span>
    </p>
   </div>
   <div class='ocr_carea' id='block_1_108' title="bbox 2700 5588 3634 5674">
    <p class='ocr_par' dir='ltr' id='par_1_108' title="bbox 2700 5588 3634 5674">
     <span class='ocr_line' id='line_1_108' title="bbox 2700 5588 3634 5674; baseline 0.022 -29"><span class='ocrx_word' id='word_1_808' title='bbox 2700 5588 2770 5674; x_wconf 44' lang='lat' dir='ltr'><strong>tu&quot;</strong></span> <span class='ocrx_word' id='word_1_809' title='bbox 2786 5603 2866 5674; x_wconf 67' lang='grc' dir='ltr'><strong>είς</strong></span> <span class='ocrx_word' id='word_1_810' title='bbox 2897 5634 2964 5642; x_wconf 92' lang='grc'><strong><em>-</em></strong></span> <span class='ocrx_word' id='word_1_811' title='bbox 2988 5588 3213 5674; x_wconf 72' lang='grc' dir='ltr'><strong>δοξασθ.ι</strong></span> <span class='ocrx_word' id='word_1_812' title='bbox 3237 5588 3634 5674; x_wconf 66' lang='grc' dir='ltr'>Α’όνομαστὸννῇ</span> 
     </span>
    </p>
   </div>
   <div class='ocr_carea' id='block_1_109' title="bbox 451 5669 3344 5742">
    <p class='ocr_par' dir='ltr' id='par_1_109' title="bbox 451 5669 3344 5742">
     <span class='ocr_line' id='line_1_109' title="bbox 451 5669 3344 5742; baseline 0.004 -24"><span class='ocrx_word' id='word_1_813' title='bbox 451 5671 634 5740; x_wconf 77' lang='grc' dir='ltr'>ἡμέρᾳ</span> <span class='ocrx_word' id='word_1_814' title='bbox 661 5671 939 5742; x_wconf 82' lang='grc' dir='ltr'>ἐδοξάσθη.</span> <span class='ocrx_word' id='word_1_815' title='bbox 1016 5674 1060 5705; x_wconf 77' lang='grc'><strong>⁸⁵</strong></span> <span class='ocrx_word' id='word_1_816' title='bbox 1102 5672 1219 5741; x_wconf 78' lang='grc' dir='ltr'>ζητ.</span> <span class='ocrx_word' id='word_1_817' title='bbox 1260 5669 1418 5726; x_wconf 77' lang='grc' dir='ltr'>ΙΙεὺν.</span> <span class='ocrx_word' id='word_1_818' title='bbox 1453 5670 1784 5727; x_wconf 85' lang='lat' dir='ltr'><strong>transibunt.</strong></span> <span class='ocrx_word' id='word_1_819' title='bbox 1861 5673 1905 5702; x_wconf 58' lang='grc' dir='ltr'><strong>δεῖ</strong></span> <span class='ocrx_word' id='word_1_820' title='bbox 1948 5672 2052 5723; x_wconf 73' lang='grc' dir='ltr'>Καὶ</span> <span class='ocrx_word' id='word_1_821' title='bbox 2083 5700 2148 5710; x_wconf 80' lang='grc'><strong>-</strong></span> <span class='ocrx_word' id='word_1_822' title='bbox 2184 5669 2339 5740; x_wconf 81' lang='grc' dir='ltr'>κληο.</span> <span class='ocrx_word' id='word_1_823' title='bbox 2376 5671 2417 5723; x_wconf 89' lang='grc' dir='ltr'><strong>Λ</strong></span> <span class='ocrx_word' id='word_1_824' title='bbox 2450 5673 2554 5724; x_wconf 65' lang='grc' dir='ltr'><strong>Καὶ</strong></span> <span class='ocrx_word' id='word_1_825' title='bbox 2583 5671 2687 5741; x_wconf 78' lang='grc' dir='ltr'>γὰρ</span> <span class='ocrx_word' id='word_1_826' title='bbox 2716 5671 2773 5723; x_wconf 83' lang='grc' dir='ltr'><strong>τὸ</strong></span> <span class='ocrx_word' id='word_1_827' title='bbox 2806 5672 2974 5742; x_wconf 74' lang='grc' dir='ltr'>ὄνομα</span> <span class='ocrx_word' id='word_1_828' title='bbox 3000 5673 3097 5742; x_wconf 83' lang='grc' dir='ltr'>τῆς</span> <span class='ocrx_word' id='word_1_829' title='bbox 3121 5675 3344 5738; x_wconf 81' lang='grc' dir='ltr'>πόλεως.</span> 
     </span>
    </p>
   </div>
  </div>
