3860 6206
225 361 345 430 1213
1284 354 1368 416 IN
1406 353 1793 415 EZECHIEL]

1898 351 2048 413 CAP.
2086 346 2359 410 XXXIX.
3301 336 3441 403 1214

219 472 527 534 διάπτωσις
562 463 659 521 καί
696 465 740 498 ⁸⁷
788 461 1215 532 πολυάνδριον,
1263 462 1363 516 καί
1410 460 1765 530 καθαρισθή-

1898 460 2186 531 epulcrum,
2217 467 2268 513 et
2303 453 2606 526 expiabitur
2635 460 2797 507 terra.
2826 447 3039 522 [17-19]
3067 447 3167 505 llis
3195 446 3268 505 ita
3303 466 3444 520 pra:-

222 577 371 618 σεται
395 559 431 627 ἡ
453 559 552 629 γῆ.
579 555 734 611 Οὕτω
754 554 921 610 ταῦτα
951 552 1393 627 προαγορεύσεις,
1419 556 1532 617 τοῖς
1559 553 1770 626 ὀρνέοις

1898 553 2060 616 lictis,
2094 551 2289 606 avibus
2319 558 2374 605 et
2402 543 2600 602 bestiis
2636 542 2907 614 praecipit,
2940 549 3000 597 ut
3031 541 3099 599 ad
3131 542 3444 597 convivium

223 652 306 706 καὶ
338 652 444 711 τοῖς
471 649 680 722 θηρίοις
703 646 1162 722 παρακελεύεται,
1191 645 1268 709 ὼς
1298 645 1391 698 ἐπὶ
1423 645 1607 717 θοίνην
1650 644 1774 700 τινὰ

1898 643 2151 715 μιοᾱᾶιιιη
2184 648 2240 697 et
2274 639 2467 711 epulas
2510 636 2799 702 accedant,
2826 643 3010 706 utpote
3039 634 3336 689 multorum
3362 640 3448 687 at-

224 743 308 797 καὶ
335 740 563 811 εὐωχίαν
591 738 784 805 ἐλθεῖν,
821 740 916 794 ἅτε
947 737 1013 806 δὴ
1044 736 1258 791 πολλῶν
1277 737 1374 790 καὶ
1400 735 1646 807 ἀπείρων
1677 736 1770 806 sp-

226 832 488 905 ριμμένων
518 831 785 902 σωμάτων
801 848 814 862 ·
851 830 949 901 οὐχ
970 829 1044 893 ὡς
1075 829 1314 897 λογικοῖς
1333 829 1388 882 δὲ
1404 828 1613 893 τούτοις
1632 844 1777 899 παρ·

249 922 400 991 γγυᾷ,
430 918 567 974 ἀλλὰ
600 919 803 972 πείθων
851 918 978 982 τοὺς
1021 917 1294 987 λογικοὺς,
1328 918 1405 981 ὡς
1461 919 1555 971 καὶ
1604 916 1779 971 ταῦτα

235 1009 374 1065 κὺτοῦ
407 1008 815 1079 συγχωροῦντος
847 1006 1081 1076 γίνεται.
1114 1007 1187 1061 Τὸ
1215 1006 1327 1075 δὲ,ι
1350 1006 1601 1076 Φάγεσθε
1640 1007 1779 1077 κρέα

229 1101 447 1172 μόσχων,
504 1100 597 1153 καὶ
640 1099 833 1171 κριῶν,
886 1098 981 1153 καὶ
1028 1098 1236 1169 ἀρνῶν,
1282 1099 1380 1152 καὶ⁹
1409 1096 1648 1169 τράγων,
1684 1100 1780 1153 καὶ

224 1190 421 1263 ταύρων
453 1190 876 1263 ἐστεατωμένων
899 1191 1169 1254 πάντων.»
1195 1191 1474 1262 τροπικῶς
1503 1190 1629 1262 ἔφη,
1655 1191 1783 1254 τοὺς

227 1280 463 1352 βασιλέας
513 1281 693 1335 αὐτῶν
737 1281 829 1335 καὶ
874 1283 1161 1353 ἄρχοντας,
1205 1282 1300 1335 καὶ
1353 1281 1645 1351 ἀριστέας,
1695 1281 1784 1337 διὰ

227 1371 323 1425 τῶν
350 1372 580 1442 μόσχων,
610 1370 702 1425 καὶ
740 1370 931 1443 κριῶν,
969 1370 1066 1424 καὶ
1085 1371 1303 1444 τράγων
1316 1369 1388 1436 ⁸⁸,
1425 1371 1520 1425 καὶ
1565 1370 1783 1443 ταύρων

228 1464 501 1534 ὀνομάσας.
533 1461 637 1515 Διὰ
677 1462 733 1515 δὲ
780 1461 898 1516 τῶν
928 1460 1132 1533 ἀρνῶν
1181 1462 1306 1526 τοὺς
1344 1461 1638 1533 ὑπηκόους.
1673 1464 1784 1515 Θυ-

229 1555 361 1607 σίαν
383 1552 440 1607 δὲ
469 1553 639 1607 αὑτοῦ
673 1552 908 1623 κέκληκε
937 1552 1035 1624 τὴν
1073 1551 1271 1624 γνώμῃ
1297 1551 1462 1605 αὐτοῦ
1487 1550 1787 1623 γενομένην

230 1645 433 1719 ἐκείνων
462 1644 746 1717 ἀναίρεσιν

1874 751 1982 808 que
2004 735 2143 791 adeo
2174 731 2516 788 inﬁnitorum
2542 729 2878 784 cadaverum
2904 725 3299 796 proiectorum.
3323 723 3442 780 Non

1877 833 2060 881 autem
2109 829 2172 879 ut
2206 822 2425 877 ratione
2463 818 2708 888 praeditis
2751 816 2889 888 ipsis
2920 816 3026 870 hoc
3057 815 3309 884 imperat,
3352 812 3450 870 sed

1879 926 1955 996 ut
1988 917 2222 973 rationis
2269 913 2637 986 participibus
2686 912 2802 965 haec
2844 925 2903 965 se
2938 909 3290 979 permittente
3332 905 3451 961 ﬁeri

1880 1011 2228 1085 persuadeat.
2267 1007 2409 1063 illud
2444 1017 2649 1070 autem,
2706 1001 2917 1073 1015
2959 1020 2978 1053 ι
3017 998 3302 1055 Comedite
3329 1011 3453 1050 car-

1881 1120 1978 1159 nes
2011 1102 2336 1162 vitulorum,
2377 1105 2433 1154 et
2460 1099 2718 1161 arietum,
2752 1104 2807 1149 et
2848 1106 3136 1164 agnorum,
3173 1098 3229 1145 et
3273 1089 3455 1143 hirco-

1880 1211 2004 1251 rum
2046 1201 2101 1250 et
2135 1202 2422 1248 taurorum
2472 1191 2945 1260 impinguatorum
2992 1185 3263 1251 omnium,
3298 1202 3318 1236 ι
3357 1200 3459 1255 per

1883 1286 2302 1344 translationem
2335 1284 2501 1350 dixit,
2532 1282 2757 1353 regibus
2789 1280 3055 1350 ipsorum,
3099 1286 3153 1334 et
3192 1277 3458 1348 principi-

1884 1383 1991 1439 bus
2026 1388 2192 1451 atque
2235 1375 2622 1448 optimatibus,
2662 1372 2990 1436 vitulorum,
3020 1378 3076 1429 ct
3106 1369 3363 1434 arietum,
3400 1375 3458 1423 et

1886 1473 2195 1534 hircorum,
2240 1476 2297 1525 et
2334 1475 2622 1521 taurorum
2658 1463 2881 1519 nomine
2908 1459 3231 1525 designatis.
3267 1458 3331 1512 Et
3361 1471 3460 1528 per

1889 1580 2054 1634 agnos
2102 1560 2383 1630 subjectos
2431 1557 2669 1628 populos
2706 1553 2990 1608 indicavit.
3038 1550 3104 1605 Et
3136 1550 3460 1619 sacriﬁcium

1889 1670 2054 1712 suum
2086 1650 2304 1708 vocavit
2340 1650 2564 1706 illorum
2605 1646 2807 1704 caedem
2854 1644 3030 1716 ipsius
3066 1642 3345 1695 voluntate
3378 1638 3462 1694 fa-

1890 1754 2056 1803 ctam.

292 1818 355 1876 κ’.
382 1821 488 1876 Καί
518 1820 1058 1891 ἐμπλησθήσεσθε,
1119 1822 1303 1893 φησὶν,
1356 1821 1457 1876 ἐπὶ
1507 1818 1614 1889 τῆς
1663 1835 1793 1889 mae

1970 1836 2131 1893 Vens.
2162 1833 2252 1889 20.
2293 1833 2365 1889 Et
2388 1829 2782 1898 saturabimini,
2813 1825 3009 1897 inquit,
3044 1839 3203 1893 super
3229 1836 3464 1877 mensam

231 1910 396 1980 πέζης
432 1929 591 1982 μου,
636 1911 935 1975 τουτέστιν,
981 1911 1076 1965 ἐπὶ
1116 1910 1220 1982 τῆς
1264 1912 1396 1982 παρ’
1443 1910 1578 1982 ἐμοῦ
1623 1925 1792 1980 προσ-

229 2003 519 2076 ενεχθείσης
548 2004 684 2074 ὑμῖν
717 2006 946 2074 τροφῆς.
993 2002 1105 2057 Καὶ
1131 2000 1344 2065 δεικνὺς
1386 2000 1471 2066 τίς
1498 1998 1661 2070 αὕτη,
1696 2000 1792 2052 ἐπ-

228 2096 449 2165 ήγαγενο
489 2111 507 2143 ι
535 2092 764 2156 Ἵππον,
794 2093 890 2146 καὶ
937 2091 1236 2162 ἀναϐάτην,
1271 2094 1367 2145 καὶ
1417 2108 1670 2160 γιγαντα,
1699 2090 1795 2145 καὶ

229 2186 389 2241 πάντα
419 2185 598 2257 ἄνδρα
647 2183 1002 2256 πολεμιστὴν,
1036 2184 1186 2254 λέγει
1227 2184 1456 2240 Ἀδωναῒ
1511 2187 1747 2256 Κύριος.
1769 2204 1788 2236 ι

227 2279 314 2333 Δια
339 2279 537 2333 τούτων
590 2278 904 2350 ἡρμήνευσε
953 2278 1083 2341 τοὺς
1120 2277 1330 2350 κριοὺς,
1379 2279 1473 2332 καὶ
1508 2278 1637 2341 τοὺς
1667 2276 1797 2332 ταύ-

229 2386 360 2444 ρους,
397 2370 488 2425 καὶ
517 2369 658 2433 τοὺς
681 2369 938 2440 τράγους.

291 2467 392 2515 κα’.
422 2460 526 2514 Καὶ
555 2458 738 2515 δώσω
780 2458 896 2526 τὴν
936 2458 1125 2524 δόξαν
1159 2477 1281 2530 μου
1319 2460 1385 2514 ἐν
1423 2460 1633 2531 ὐμῒν⁸⁹
1693 2461 1796 2515 καί

235 2549 486 2622 operat”
536 2548 742 2604 πάντα
778 2550 850 2603 τὰ
911 2548 1055 2618 ἔθνη
1110 2549 1226 2618 τὴν
1273 2552 1478 2619 κρίσιν
1523 2569 1657 2620 μου,
1714 2550 1798 2620 ἦν

233 2641 493 2710 ἐποίησα,
510 2640 613 2695 καί
636 2639 754 2708 τὴν
783 2639 949 2710 χεῖρά
965 2657 1106 2710 μου,
1138 2639 1219 2707 ἣν
1243 2641 1548 2712 ἐπήγαγον
1577 2642 1671 2695 ἐπ’
1691 2644 1798 2696 αὐ·

236 2732 382 2798 τούς.
413 2732 523 2803 Τῆς
548 2731 790 2803 σφαγῆς,
822 2731 975 2802 φησι,
1006 2732 1327 2802 γενομένης,
1360 2733 1453 2785 καὶ
1490 2733 1589 2802 τῆς
1612 2732 1796 2786 τοιαύ-

235 2838 325 2892 της
351 2822 473 2893 ὑμῖν
500 2821 688 2893 θοίνης
714 2820 1191 2891 προσενεχθείσης,
1225 2820 1494 2893 θεωρήσει
1531 2821 1709 2876 πάντα
1730 2820 1799 2874 τὰ

234 2907 351 2983 ἔθνη
377 2912 470 2967 καὶ
489 2915 550 2966 rb
587 2911 820 2965 δυνατὸν
844 2911 945 2981 τῆς
996 2913 1136 2983 ἐμῆς
1191 2911 1470 2981 προνοίας,
1505 2913 1678 2967 καὶτὸ
1701 2913 1799 2983 τῆς

236 3005 457 3073 κρίσεως
475 3004 709 3059 δίκαιον.
727 3001 890 3055 Ἀλλὰ
916 3002 1008 3056 καὶ
1030 3005 1058 3056 ό
1074 2996 1243 3068 οἶκος,
1276 3004 1433 3075 φησὶ,
1456 3003 1551 3057 τοῦ
1587 3003 1799 3077 Ἰσραὴλ

1894 1943 2096 1993 meam,
2124 1926 2232 1982 hoc
2259 1931 2366 1989 est,
2397 1924 2523 1981 cibo
2542 1938 2571 1977 a
2599 1937 2686 1978 me
2698 1920 2853 1976 vobis
2876 1919 3063 1974 allato.
3085 1917 3262 1986 Atque
3279 1922 3467 1970 osten-

1895 2019 2057 2083 dens,
2092 2017 2351 2087 quisnam
2383 2015 2459 2069 sit
2483 2014 2573 2069 hic
2601 2013 2784 2077 cibus,
2822 2009 3024 2080 adjecit
3056 2027 3070 2063 :
3114 2027 3133 2060 ι
3168 2006 3381 2073 Equum
3410 2012 3469 2060 et

1895 2122 2272 2171 ascensorem,
2303 2115 2358 2161 et
2383 2104 2685 2175 gigantem,
2705 2109 2760 2156 et
2789 2114 3006 2155 omnem
3031 2099 3209 2153 virum
3240 2096 3470 2151 bellato-

1895 2214 2037 2262 rem,
2077 2197 2217 2253 dicit
2262 2193 2477 2251 Adonai
2528 2192 2817 2247 Dominus.
2872 2209 2891 2242 ι
2940 2188 3036 2244 llis
3080 2188 3473 2257 interpretatus

1895 2300 1980 2348 est
2014 2290 2237 2355 arietes,
2279 2295 2336 2343 et
2369 2293 2582 2352 tauros,
2614 2292 2670 2340 et
2707 2283 2912 2337 hircos.

1970 2464 2134 2522 Vens.
2173 2464 2267 2518 21.
2308 2461 2379 2517 Et
2407 2463 2546 2517 dabo
2576 2460 2798 2531 gloriam
2824 2472 2994 2511 meam
3036 2455 3090 2509 in
3118 2453 3282 2516 vobis,
3317 2461 3367 2507 et
3401 2452 3478 2508 vi—

1899 2557 2095 2612 debunt
2126 2572 2306 2612 omnes
2345 2562 2518 2625 gentes
2561 2551 2827 2622 judicium
2872 2563 3041 2602 meum
3079 2544 3216 2616 quod
3263 2544 3384 2613 feci,
3424 2553 3477 2598 et

1899 2664 2116 2701 manum
2140 2662 2311 2701 meam
2335 2660 2496 2715 quam
2519 2640 2708 2695 induxi
2736 2654 2893 2708 super
2918 2653 3027 2692 eos.
3058 2635 3250 2699 Facta,
3277 2633 3475 2704 inquit,

1901 2738 2005 2792 hac
2047 2737 2219 2803 caede,
2261 2744 2317 2791 et
2346 2734 2442 2788 tali
2491 2733 2648 2787 vobis
2678 2730 2925 2786 exhibito
2951 2725 3227 2791 convivio,
3259 2724 3480 2793 conspi-

1900 2828 2051 2882 cient
2091 2842 2286 2882 omnes
2311 2836 2525 2894 gentes,
2567 2831 2623 2877 et
2659 2834 2795 2875 mete
2830 2815 3191 2888 providentiae
3220 2815 3388 2879 vires,
3423 2820 3481 2869 et

1900 2912 2084 2971 meum
2116 2911 2649 2985 justumjudicium.
2672 2908 2819 2974 Quin
2848 2907 3014 2962 etiam
3034 2904 3254 2966 domus,
3276 2903 3478 2973 inquit,

1901 3005 2070 3064 Israel
2102 3007 2270 3061 rebus
2310 3005 2447 3076 ipsis
2479 3001 2766 3073 percipiet,
2799 3014 2885 3056 me
2913 3012 3039 3053 esse
3070 2995 3363 3051 Dominum
3397 2993 3481 3063 ip-

233 3094 483 3149 διάὐτῶν
510 3094 822 3165 μαθήσεται
844 3092 951 3146 τῶν
982 3094 1345 3165 πραγμάτων,
1370 3095 1448 3147 ὅτι
1479 3094 1572 3148 καὶ
1597 3094 1793 3165 Κύριος

248 3184 398 3205 κΩ-Ρν
437 3186 537 3205 ,9η.
576 3185 670 3205 --μὶ
714 3185 980 3205 A___I;__
1039 3183 1103 3205 πει
1136 3184 1183 3205 θὶ
1262 3187 1340 3205 ,1:
1402 3186 1418 3205 \
1474 3187 1525 3205 κ-
1598 3189 1610 3205 ε
1679 3188 1692 3205 1

1905 3114 2118 3164 sorum,
2150 3106 2206 3154 et
2251 3098 2467 3153 herum.
2495 3093 2611 3167 [22]
2656 3093 2792 3147 Illud
2824 3105 2979 3156 vero,
3016 3107 3035 3141 ι
3075 3088 3145 3142 ab
3178 3090 3284 3142 hoc
3310 3085 3398 3141 die
3424 3090 3483 3140 et

236 3184 401 3241 αὐτῶν
432 3186 544 3256 εἰμι
575 3185 676 3239 καὶ
705 3185 1001 3254 Δεσπότης.
1039 3183 1111 3238 Τὸ
1131 3184 1208 3252 δὲ,
1253 3204 1272 3238 ι
1295 3186 1428 3240 Ἀπὸ
1464 3187 1564 3257 τῆς
1587 3188 1793 3259 ἡμέρας

1907 3193 2074 3258 ultra,
2113 3210 2131 3243 ι
2163 3190 2458 3262 pristinam
2496 3196 2725 3243 accusat
2755 3182 3057 3240 inscitiam.

236 3269 424 3346 ταύτης
455 3276 550 3329 καὶ
579 3274 865 3341 ἐπέκεινα,
888 3293 906 3325 ι
946 3275 1045 3347 τῆς
1090 3276 1362 3347 προτέρας
1404 3277 1627 3345 ἀγνοίας
1665 3293 1798 3331 κατ-

241 3368 438 3438 ηγορεῖ.
712 3426 735 3437 ρ

301 3462 402 3527 κγ’,
428 3457 525 3511 κδ’.
565 3456 681 3512 Kal
725 3455 1082 3527 γνιιὶισεταιοι
1130 3455 1330 3511 πάντα
1383 3457 1456 3511 τὰ
1492 3458 1658 3526 ἔθνη.
1712 3457 1802 3511 ὅτι

237 3545 328 3603 διὰ
364 3546 470 3615 τὰς
501 3547 796 3616 ἁμαρτίας
832 3547 1031 3601 αὐτῶν
1072 3547 1629 3617 ᾑχμαλωτεύθησαν
1661 3551 1694 3602 ό
1716 3544 1802 3602 οἷ-

240 3656 338 3704 κος
399 3638 656 3707 Ἰσραὴλ
682 3677 696 3700 ,
754 3637 884 3691 ἀνθ’
922 3631 1010 3690 ὧν
1045 3638 1353 3707 ἠθέτησαν
1394 3641 1480 3704 εις
1519 3638 1661 3708 ἐμὲ,
1705 3639 1804 3693 καὶ

238 3727 577 3798 (ἐπέστρεψα
619 3728 687 3781 τὸ
713 3728 1040 3795 πρόσωπόν
1053 3746 1173 3798 μου
1191 3729 1291 3783 ἀπ’
1309 3727 1527 3794 αὐτῶν,
1546 3729 1641 3783 καὶ
1660 3743 1805 3798 παρ-

238 3819 416 3874 έδωκα
472 3819 700 3886 αὐτοὺς
749 3822 835 3885 εἰς
881 3820 1085 3892 χεῖρας
1131 3820 1250 3874 τῶν
1324 3820 1520 3877 ἐθνῶν
1573 3820 1803 3891 αὐτῶν,

239 3910 577 3966 κσί’ἕπεσον
592 3912 644 3944 ⁸⁸
670 3910 892 3978 πάντες
908 3911 1194 3982 μαχαίρᾳ.
1218 3912 1382 3967 Κατὰ
1412 3912 1521 3979 τὰς
1545 3913 1806 3981 ἀκαθαρο

240 4001 372 4068 σίας
395 4000 615 4066 αὐτῶν,
632 4001 730 4054 καὶ
756 4001 906 4056 κατὰ
924 4002 1030 4067 τὰς
1046 4002 1298 4072 ἀνομίας
1319 4002 1364 4035 ’⁸
1385 4000 1583 4056 αὐτῶν
1600 4003 1805 4072 ἐποίηο

1974 3451 2142 3509 Vens.
2178 3451 2272 3513 25.
2307 3448 2401 3503 24.
2444 3445 2512 3500 Εῑ
2543 3450 2855 3516 cognoscent
2892 3456 3070 3495 omnes
3117 3444 3313 3509 gentes,
3361 3451 3485 3506 pro-

1903 3555 2018 3614 pter
2047 3551 2264 3613 peccata
2291 3557 2390 3595 sua
2422 3539 2477 3593 in
2499 3537 2800 3593 servitutem
2829 3532 3101 3587 redactam
3127 3546 3240 3585 esse
3268 3528 3485 3583 domum

1909 3636 2152 3702 Israelis,
2183 3643 2458 3704 propterea
2497 3628 2636 3701 quod
2678 3628 2733 3682 in
2777 3643 2859 3682 me
2889 3624 3212 3694 deliquerit;
3249 3629 3299 3676 et
3325 3621 3488 3675 averti

1907 3736 2097 3809 faciem
2129 3744 2298 3784 meam
2339 3725 2404 3780 ab
2436 3726 2534 3789 eis,
2573 3732 2623 3777 et
2652 3719 2850 3775 tradidi
2883 3734 2970 3774 eos
3010 3717 3063 3770 in
3097 3729 3284 3768 manus
3310 3711 3489 3766 inimi-

1907 3801 2089 3884 corum
2133 3834 2374 3879 suorum,
2419 3825 2469 3871 et
2506 3812 2806 3869 ceciderunt
2844 3825 3023 3864 omnes
3052 3804 3252 3877 gladio.
3288 3801 3489 3858 Secun-

1908 3922 2034 3975 dum
2083 3910 2451 3971 immunditias
2491 3909 2731 3976 ipsorum
2773 3913 2821 3958 et
2865 3900 3151 3955 secundum
3185 3894 3489 3966 iniquitate;

1907 4013 2140 4081 ipsorum
2172 4002 2271 4074 feci
2301 4001 2399 4065 eis,
2430 3997 2646 4067 1016
2689 4003 2737 4049 et
2783 3992 2948 4046 averti
2990 3989 3181 4058 [aciem
3227 3999 3395 4038 meam
3426 3983 3490 4035 ab

242 4108 319 4145 σα
361 4090 570 4158 αὐτοῖς
585 4092 656 4153 ’⁵,
708 4089 807 4143 καὶ
840 4089 1194 4159 ἀπέστρεψα
1226 4092 1294 4144 τὸ
1337 4091 1662 4160 πρόσωπόν
1685 4111 1793 4162 μοι

1908 4072 2001 4156 eis.
2028 4072 2472 4164 Conspicientcs,
2502 4085 2702 4154 inquit,
2731 4090 2923 4153 gentes
2947 4078 3156 4132 illatam
3187 4072 3342 4142 Gogo
3369 4084 3494 4140 per-

239 4182 336 4239 da’
368 4185 587 4240 αὐτῶν.
623 4183 907 4256 Θεὼμενα,
958 4184 1114 4254 φησὶ,
1142 4184 1225 4237 ’τὰ
1275 4183 1401 4256 ἔθνη
1440 4186 1532 4238 τὸν
1579 4187 1793 4256 ἐπενεχ-

1909 4191 2137 4253 niciem,
2193 4187 2535 4255 cognoscent
2584 4173 2907 4247 Babyloniis
2955 4183 3176 4240 quoque
3214 4166 3359 4221 idem
3405 4178 3492 4217 me

242 4272 391 4328 θέντα
419 4275 495 4346 τῷ
524 4274 653 4343 Γὼγ
705 4252 946 4344 ὄλεθρον,
972 4252 1265 4343 γνώσεται
1303 4252 1400 4337 ὡς-
1422 4277 1518 4328 καὶ
1550 4252 1793 4330 Βαθυλῴ

1911 4252 2288 4353 ευρριίοἱυω-
2317 4272 2529 4329 inferre
2572 4266 2864 4340 potuisse:
2905 4260 3002 4316 sed
3055 4267 3115 4314 ut
3167 4257 3236 4311 ab
3290 4252 3494 4309 lsraela

241 4365 363 4431 νίοις
390 4342 596 4438 ξαύτην
640 4342 923 4438 ἠδυνάμην
974 4342 1292 4436 ἐπενεγκεῖν
1347 4368 1445 4439 τὴν
1502 4368 1793 4439 τιμωρίαν⁴

1912 4342 2218 4444 impietatis
2249 4381 2313 4421 ac
2344 4363 2617 4421 scelerum
2652 4369 2849 4428 poenas
2881 4353 3182 4420 exigerem,
3220 4360 3309 4400 me
3345 4342 3494 4397 nulla

241 4456 367 4511 ἀλλὰ
399 4431 564 4522 δίκας.
602 4431 695 4511 τὸν
743 4431 959 4528 Ἰσραὴλ
1000 4461 1095 4529 τῆς
1128 4431 1509 4521 ἀσεϐείαςνκαὶ
1563 4431 1793 4529 παρανο-

1912 4431 2012 4521 eos
2041 4478 2147 4533 ope
2175 4458 2377 4528 dignos
2410 4459 2733 4507 censentem
2764 4441 3111 4516 permisisse,
3146 4448 3207 4491 ut
3228 4436 3283 4490 in
3315 4431 3491 4489 servi-

244 4548 364 4617 μίας
396 4550 793 4620 πραττόμενος,
834 4528 1382 4618 ἐξανδραποδισθῆναι
1416 4528 1793 4618 παρεχώρησα

1909 4528 2098 4609 ιυιεω-
2137 4549 2546 4618 redigerentur.
2586 4537 2702 4593 Hoc
2735 4551 2870 4593 vero
2920 4547 3027 4587 nos
3081 4528 3249 4584 etiam
3305 4528 3495 4594 aperte

239 4639 485 4711 οὐδεμιᾶς
531 4639 730 4703 αὐτοὺς
776 4639 1009 4706 ἀξιώσας
1040 4638 1373 4709 ἐπικουρίας.
1408 4639 1517 4691 Καὶ
1543 4637 1701 4693 τοῦτο
1753 4640 1793 4692 δε

1907 4645 2090 4707 docet,
2125 4647 2245 4712 post
2263 4612 2519 4690 vreditum
2554 4632 2693 4684 istas
2729 4630 2919 4696 gentes
2963 4621 3023 4675 in
3065 4632 3160 4673 eos
3191 4612 3491 4669 invasisse.

243 4701 419 4802 σαφέῦς
442 4701 591 4803 ήμᾶς
620 4701 878 4797 διδάσκει,
907 4701 1171 4795 (ὓς-εὐθὺς
1204 4701 1342 4800 μετὰ
1368 4730 1466 4801 τὴν
1493 4729 1749 4784 ἐπάνοδον
1775 4730 1793 4780 ’1

1913 4754 1932 4788 ι
1966 4701 2325 4804 Cognoscent
2379 4721 2527 4778 enim
2580 4732 2775 4773 omnes
2825 4721 3038 4785 gentes,
3088 4706 3288 4778 inquit,
3342 4701 3493 4774 quod

241 4820 438 4874 τούτων
470 4822 580 4874 τῶν
604 4819 773 4873 ὲθνῶν
807 4820 1026 4888 ἐγένετο
1057 4819 1445 4882 ἐπανάστασις.
1488 4838 1505 4869 ι
1530 4817 1793 4872 Γνώσεται

1906 4793 2134 4897 propter
2179 4823 2408 4890 peccata
2439 4826 2538 4869 sua
2586 4809 2643 4864 in
2688 4805 3012 4862 servitutem
3049 4798 3274 4854 redacta
3320 4793 3494 4849 fuerit

242 4913 364 4980 γὰρ,
408 4911 566 4981 φησὶ,
609 4911 787 4964 πάντα
836 4909 907 4963 τὰ
961 4909 1111 4978 ἑθνη,
1145 4909 1226 4963 ὅτι
1277 4909 1367 4962 διὰ
1392 4908 1492 4971 τὰς
1532 4909 1793 4980 ἁμαρτίας

1908 4888 2097 4973 omnis
2131 4888 2328 4966 domus
2364 4901 2557 4959 Israel.
2594 4918 2613 4950 ι
2661 4895 2869 4951 Omnes
2915 4891 3086 4955 enim,
3117 4888 3212 4959 qui
3257 4898 3496 4955 conspe-

243 4979 947 5075 αὑτῶνήχμαλωτεύθησαν
988 5002 1097 5064 πᾶς
1133 4997 1281 5064 οἶκος
1332 4979 1618 5072 Ἰσραήλ.)
1658 5001 1793 5054 Θεω-

1913 5008 2100 5065 xerint
2124 4999 2473 5074 repentinam
2504 4993 2725 5049 illorum
2753 4986 2978 5050 caedem,
3007 4989 3161 5037 recte
3187 4979 3495 5049 cogitantes

246 5068 600 5164 ροῦντεξγαρ
625 5068 863 5154 ἅπαντες
889 5090 988 5160 τὴν
1017 5090 1218 5160 ἀθρόαν
1247 5068 1470 5144 ἐκείνων
1505 5068 1786 5161 αναίρεσιν

1915 5068 2248 5166 intelligent,
2275 5098 2338 5146 ut
2360 5100 2553 5159 poenas
2583 5086 2940 5154 peccatorum
2963 5074 3204 5136 luerent,
3222 5084 3319 5124 eos
3343 5068 3493 5121 illam

242 5160 513 5253 λογισμοῖς
548 5160 725 5247 όρθοῖς
757 5179 1024 5250 χρώμενοι
1059 5180 1399 5248 συνήσουσιν,
1435 5181 1516 5233 ὅτι
1537 5160 1693 5244 δίκας
1724 5180 1777 5233 τί
1790 5213 1793 5217 ‹

1917 5160 2256 5245 sustinuisse
2295 5174 2691 5247 captivitatem.
2754 5165 2884 5233 Quae
2942 5160 3168 5234 quidem
3219 5161 3495 5213 testantur

244 5290 419 5336 νοντες
446 5272 557 5325 τῶν
585 5271 1022 5342 ἁμαρτημάτων,
1057 5269 1154 5338 τὴν
1178 5271 1555 5339 αἰχμαλωσίαν
1591 5271 1793 5340 ἐκείνηη

1916 5281 2081 5335 etiam
2113 5290 2176 5330 ea
2208 5286 2330 5344 qua:
2360 5272 2690 5337 sequuntur.

245 5364 560 5433 ὑπέμειναν.
593 5363 876 5433 Μαρτυρεῖ
913 5360 969 5413 δὲ
994 5359 1199 5422 τούτοις
1229 5362 1323 5413 καὶ
1351 5362 1418 5413 τὰ
1443 5361 1760 5431 ἐπαγόμενα
1793 5376 1805 5390 ·

1483 5495 1721 5551 VARUE
1763 5488 2173 5548 LECTIONES.

314 5586 359 5656 ⁸7
399 5586 580 5656 διάπτ.
618 5588 727 5640 καί.
766 5586 886 5641 Des.
915 5587 969 5640 in
1000 5588 1062 5652 A,
1092 5587 1306 5656 gemina
1334 5586 1478 5641 enim
1513 5595 1596 5641 est
1627 5584 2047 5656 interpretatio;
2141 5578 2186 5656 3f
2224 5577 2318 5632 καὶ
2360 5575 2621 5656 τρόποιν..
2651 5570 2706 5622 1η
2755 5565 2796 5618 Β
2822 5563 3043 5656 ρορξιιξτ

257 5654 299 5728 ῨῨ
333 5655 481 5728 ὗμῖντ
512 5655 673 5728 Ηςζπ.
704 5657 973 5728 gentibus.
1047 5628 1062 5652 ’
1085 5623 1133 5689 θ’
1173 5623 2054 5726 rem?"53?.235322713
2080 5623 2339 5720 γνὼσξτε.
2371 5623 2491 5678 ’τῖε
2519 5623 2838 5697 ’ἐπεσανί
2899 5634 2943 5666 ⁸³
2979 5632 3023 5683 Δ
3053 5623 3119 5681 τὰ
3137 5623 3486 5694 ἀνομήματα.

257 5723 301 5754 ⁸⁸⁵
339 5726 540 5794 αὐτοῖς.
571 5725 647 5779 Ex
672 5723 800 5782 A'ct
830 5727 869 5778 Β
893 5727 1072 5791 suppl.
