3860 6206
395 336 530 401 1215

1385 342 1873 405 THEODORETI
1906 341 2246 404 EPISCOPI
2284 341 2660 404 CYBENSIS‘

3535 329 3662 393 1215

469 445 608 500 Vens
667 447 860 502 25-27.
903 446 1197 518 Propterea
1231 449 1342 502 lucc
1375 449 1506 504 dicit
1536 449 1752 506 Adonei
1791 450 1972 505 Domi-

2149 447 2370 514 κε’-κζ’.
2415 447 2518 501 Διὰ
2547 447 2726 502 τοῦτο
2765 443 2907 497 τάδε
2935 442 3100 510 λέγει
3150 438 3400 494 Ἀδωνατ
3421 439 3650 507 Κύριος·

393 551 532 590 nus:
562 535 716 590 Nunc
747 539 994 592 reducam
1033 541 1399 609 captivitatem
1432 542 1644 610 Jacobi,
1676 555 1726 598 et
1755 545 1977 599 misere-

395 630 490 681 bor
513 631 700 684 domus
739 629 984 696 Israelis,
1011 645 1056 686 et
1089 649 1155 687 ea:
1195 633 1308 687 zelo
1344 651 1501 704 agam
1534 645 1751 706 propter
1784 649 1977 691 nomen

395 731 636 774 sanctum
677 738 870 778 meum.
923 724 992 778 Et
1020 729 1037 747 '
1091 727 1258 796 ferent
1314 727 1662 797 ignominiaa:
1709 745 1883 795 suam,
1929 736 1979 783 et

395 827 572 864 omnes
611 812 909 881 injustitias
935 833 1083 881 suas,
1119 834 1248 887 quas
1277 817 1476 886 injuste
1507 819 1884 874 commiserunt
1923 820 1978 873 in

395 919 494 966 me,
519 919 636 956 cum
663 903 1012 962 habitaverint
1041 910 1144 978 ipsi
1165 912 1219 963 in
1246 920 1388 965 terra
1413 928 1513 965 sua
1543 912 1597 965 in
1627 927 1775 981 pace,
1801 921 1850 966 et
1874 929 1980 967 non

393 994 493 1044 crit
529 1001 751 1049 terrens.
797 995 932 1051 Cum
986 997 1243 1054 reduxero
1290 1018 1384 1072 ego
1411 1017 1498 1056 eos
1543 1002 1606 1056 de
1643 1002 1904 1073 gentibus,
1930 1013 1979 1057 et

393 1084 625 1139 eduxere
663 1104 750 1142 eos
782 1105 810 1143 e
837 1091 1135 1160 regionibus
1169 1099 1424 1161 ipsorum.
1467 1094 1622 1160 Quod
1668 1095 1784 1149 ait:
1819 1095 1980 1151 «Ἐο-

389 1189 518 1237 rent
555 1181 920 1255 ignominiam
957 1198 1141 1249 suam,
1180 1194 1233 1240 et
1261 1200 1456 1241 omnes
1487 1186 1794 1257 injustitias
1823 1201 1978 1250 suas,

392 1290 532 1344 quas
560 1275 766 1347 injuste
799 1277 1207 1336 commiserunt
1238 1280 1297 1334 in
1321 1293 1430 1346 me,
1470 1298 1487 1332 ι
1516 1280 1662 1335 idem
1691 1288 1798 1344 est,
1831 1279 1980 1350 quod

392 1367 580 1421 animo
618 1382 805 1422 secum
855 1370 1218 1439 reputabant,
1268 1377 1498 1442 propter
1547 1384 1665 1435 eas,
1712 1385 1854 1441 quas
1888 1387 1982 1428 su-

393 1457 695 1513 stinuerint
738 1460 1109 1528 calamitates,
1146 1463 1474 1519 earumdem
1512 1461 1744 1521 sibimet
1782 1481 1843 1520 se
1882 1479 1978 1520 au-

392 1557 579 1604 ctores
621 1549 818 1615 fuisse,
858 1560 915 1608 et
961 1553 1287 1624 ignominiae
1318 1569 1544 1612 causam
1592 1571 1717 1613 esse
1759 1557 1982 1626 injusti-

393 1638 552 1694 tiam.
588 1639 713 1696 Haec
759 1651 945 1699 autem
996 1644 1348 1717 cogitabunt,
1395 1647 1598 1718 inquit,
1636 1649 1694 1703 in
1739 1650 1980 1720 patriam

393 1735 601 1784 terram
633 1735 870 1798 reversi,
911 1742 1077 1806 atque
1116 1737 1331 1808 1017
1363 1739 1432 1794 ab
1466 1740 1554 1796 bis
1584 1741 1851 1811 gravibus
1881 1739 1979 1794 ho-

2077 540 2210 595 Νῦν
2236 541 2600 608 ἀναστρέψω
2645 537 2762 605 τὴν
2813 533 3238 604 αἰχμαλωσίαν
3281 528 3510 591 Ἰακὼϐ,
3567 531 3661 583 καὶ

2079 631 2316 700 ἐλεήσω
2352 630 2460 685 τὸν
2501 628 2675 685 οἷκον
2727 627 3000 698 Ἰσραὴλ,
3044 625 3143 678 καί
3192 623 3439 691 ζηλὼσω
3464 623 3556 676 διὰ
3598 625 3660 675 τὸ

2081 722 2270 794 ὄνομά
2300 742 2422 794 μου
2436 724 2483 757 ⁸⁵
2508 724 2575 778 τὸ
2611 723 2803 793 ἅγιον.
2839 720 2946 774 Καὶ
2968 718 3274 786 λήψονται
3303 713 3419 782 τὴν
3433 715 3659 783 ἀτιμίαν

2079 815 2312 870 ἑαυτῶν
2327 816 2394 878 ⁸⁸,
2427 815 2528 870 καὶ
2582 814 2786 880 πάσας
2811 803 2858 846 ³⁷
2895 812 3003 876 τὰς
3056 810 3295 875 ἀδικίας
3327 803 3528 864 αὐτῶν
3548 848 3562 871 ,
3595 806 3664 873 ἇς

2078 907 2388 975 ἠδίκησαν
2435 909 2522 972 είς
2567 906 2673 976 ἐμὲ
2721 905 2793 958 ἐν
2822 903 2902 969 τῷ
2936 899 3397 967 κατοικισθῆναι
3453 897 3660 962 αὐτοὺς

2081 997 2181 1051 ἐπὶ
2218 995 2330 1065 τῆς
2367 998 2480 1068 γῆς
2503 998 2550 1031 ⁸⁸
2583 995 2786 1052 αὐτῶν
2822 995 2914 1048 ἐπ’
2945 991 3212 1062 εἰρήνης,
3237 990 3336 1043 καὶ
3366 989 3480 1042 οὐκ
3501 986 3660 1040 ἔσται

2082 1092 2116 1145 ό
2155 1089 2454 1159 ἐκφοϐῶν.
2504 1089 2608 1144 Ἐν
2645 1088 2724 1154 τῷ
2763 1084 3126 1155 ἐπιστρέψαι
3148 1093 3195 1124 θ’
3239 1100 3318 1152 με
3357 1081 3576 1146 αὐτοὺς
3599 1081 3663 1133 ἐκ

2081 1181 2201 1235 τῶν
2219 1181 2432 1245 ἐθνῶν,
2468 1181 2565 1235 καί
2593 1179 2943 1250 ὲξαγαγεῖν¹
2973 1176 3195 1242 αὐτοὺς
3221 1177 3289 1228 ἐκ
3327 1175 3448 1227 τῶν
3473 1169 3661 1242 χωρῶν

2081 1269 2339 1325 αὑτῶν-³.
2372 1271 2499 1337 Τδ,‹
2521 1270 2801 1342 Λήψονται
2827 1269 2926 1340 τὴν
2957 1267 3192 1338 ἀνομίαν
3215 1264 3422 1327 αὐτῶν,
3452 1265 3545 1316 καὶ
3571 1264 3662 1316 πά-

2084 1377 2184 1425 σας
2211 1361 2311 1426 τὰς
2343 1360 2559 1426 ἀδικίας
2609 1360 2812 1428 αὐτῶν,
2849 1359 2918 1424 ἃς
2943 1359 3210 1430 ἠδίκησαν
3241 1357 3324 1420 είς
3352 1356 3482 1427 ἐμὲ,
3505 1373 3523 1405 ι
3555 1355 3666 1408 ἀντὶ

2080 1451 2207 1520 τοῦ,
2237 1454 2332 1518 El;
2357 1453 2600 1509 διάνοιαν
2627 1453 2912 1526 λήψονται,
2959 1452 3029 1505 δι’
3073 1443 3150 1505 ὧν
3183 1447 3492 1519 ὑπέμειναν
3524 1447 3662 1500 ἀνια-

2085 1545 2218 1618 ρῶν,
2246 1547 2323 1610 ὼς
2353 1545 2508 1600 αὐτοὶ
2531 1543 2740 1600 τούτων
2770 1545 2984 1607 ἑαυτοῖς
3011 1542 3258 1611 ἐγένοντο
3282 1538 3555 1610 πρόξενοι,
3580 1540 3664 1591 καὶ

2081 1638 2182 1708 τῆς
2207 1637 2432 1708 ἀτιμίας
2469 1637 2618 1692 αἰτία
2648 1639 2681 1708 ἠ
2714 1636 2917 1692 ἀδικία.
2958 1634 3184 1696 Τούτοις
3225 1631 3304 1698 δὲ,
3347 1629 3508 1701 φησὶ,
3538 1629 3662 1699 χρή·

2086 1749 2270 1787 σονται
2306 1735 2420 1796 τοῖς
2466 1732 2752 1802 λογισμοῖς
2783 1732 2868 1794 εἰς
2911 1730 3013 1802 τὴν
3046 1728 3257 1782 οἰκείαν
3283 1725 3664 1787 ἐπανελθόντες

393 1821 574 1878 stibus
611 1823 852 1880 liberati.
893 1825 1048 1883 Tunc
1082 1831 1258 1896 enim,
1290 1807 1343 1882 ﬁt
1379 1829 1445 1886 Et
1492 1807 1888 1888 sanctiﬁcabor
1918 1832 1976 1886 in

2087 1821 2208 1892 γῆν,
2243 1817 2336 1875 καὶ
2362 1821 2474 1875 τῶν
2500 1820 2756 1893 χαλεπῶν
2783 1820 2993 1874 τούτων
3028 1817 3172 1871 τῶν⁹
3195 1815 3480 1887 πολεμίων
3505 1814 3666 1867 ἀπαλ-

395 1911 532 1981 ipsis
563 1927 755 1967 coram
791 1916 1072 1986 gentibus.
1112 1937 1131 1970 ι
1177 1917 1295 1974 Hoc
1336 1930 1444 1986 est,
1491 1923 1785 1994 perspicua
1832 1922 1980 1978 facta.

396 2018 516 2057 mea
555 2006 798 2074 potentia
846 2007 914 2062 ab
961 2010 1221 2068 omnibus
1257 2013 1549 2078 adorabor,
1591 2023 1816 2086 propter
1857 2029 1980 2072 eam

394 2095 824 2164 providentiam,
861 2113 1031 2171 quam
1062 2117 1194 2174 erga
1222 2118 1320 2160 eos
1355 2103 1727 2161 adhibuerim.

468 2363 631 2423 Vens.
695 2367 786 2424 28.
861 2370 928 2424 Et
991 2383 1342 2442 cognoscent,
1400 2390 1480 2428 me
1530 2390 1644 2430 esse
1695 2373 1980 2432 Dominum

400 2455 567 2510 Deum
595 2459 850 2528 ipsorum,
884 2477 1001 2515 cum
1046 2465 1384 2531 apparuerint
1435 2481 1528 2536 ego
1568 2465 1698 2536 ipsis
1726 2467 1782 2522 in
1815 2470 1984 2538 genti-

399 2547 515 2602 bus.
562 2547 676 2603 Mea
709 2552 854 2606 enim
897 2552 1241 2622 providentia
1270 2571 1298 2609 a
1336 2555 1770 2627 Babyloniorum
1807 2561 1979 2615 etiam

396 2634 644 2694 dominio
711 2641 950 2706 liberati,
1027 2642 1422 2714 Scythicarum
1470 2662 1698 2717 quoque
1735 2647 1980 2719 gentium

397 2728 686 2785 interitum
721 2734 1217 2804 conspicabuntur.
1265 2756 1282 2789 ι
1315 2735 1381 2791 Ει
1416 2739 1772 2810 congregabo
1795 2756 1891 2796 eos
1927 2740 1981 2794 in

396 2829 601 2875 terram
647 2823 914 2893 ipsorum,
956 2834 1014 2880 et
1045 2842 1161 2882 non
1195 2828 1581 2900 derelinquam
1611 2831 1850 2902 amplius
1878 2831 1982 2886 ali-

397 2927 536 2982 quos
563 2929 627 2968 ex
658 2914 802 2984 ipsis
839 2915 936 2970 ibi.
979 2934 998 2970 ι
1042 2915 1160 2973 Hoc
1194 2919 1367 2984 enim,
1397 2931 1667 2991 quantum
1703 2925 1756 2977 in
1789 2924 1982 2979 divina

396 3004 745 3073 providentia
776 3007 900 3072 luit,
932 3007 1187 3064 effectum
1223 3018 1346 3078 est;
1381 3020 1435 3066 at
1476 3013 1569 3083 qui
1602 3012 1811 3072 divinis
1851 3015 1982 3086 legi-

2081 1913 2368 1981 λαγέντεςν
2404 1915 2524 1967 τότε
2559 1913 2690 1984 γὰρ,
2732 1932 2751 1965 ι
2790 1913 2903 1966 Kal
2942 1909 3356 1980 ἀγιασθήσομαι
3399 1909 3460 1961 ἐν
3494 1906 3664 1965 αὐτοῖς

2083 2004 2318 2058 ἐνώπιον
2345 2003 2456 2057 τῶν
2483 2001 2656 2058 ἐθνῶν
2673 2047 2687 2058 .
2709 2021 2728 2056 ι
2776 2001 2922 2056 Ἂντ)⁸
2943 1999 3037 2054 τοῦ
3056 2017 3069 2031 ·
3099 2000 3278 2072 Δήλης
3317 2015 3426 2064 μου
3462 1996 3559 2066 τῆς
3585 1994 3664 2047 δυ·

2082 2098 2299 2168 νάμεως
2321 2096 2641 2169 γενομένης,
2667 2096 2766 2167 τὴν
2800 2095 2953 2166 παρά
2983 2093 3199 2147 πάντων
3225 2091 3460 2160 δέξομαι
3503 2103 3665 2156 προσ-

2079 2189 2328 2259 κύνησιν,
2358 2185 2448 2242 διὰ
2483 2189 2581 2259 τῆς
2615 2185 2749 2259 περὶ
2789 2187 3015 2250 τούτους
3069 2185 3160 2239 ὑπ’
3191 2181 3329 2255 ἐμοῦ
3369 2179 3664 2250 γενομένης

2085 2281 2366 2354 προνοίας.

2158 2381 2272 2445 κη’.
2304 2373 2413 2427 Kal
2444 2373 2800 2444 γνώσονται,
2828 2371 2918 2425 ὅτι
2940 2369 3055 2440 ἐγώ
3074 2371 3190 2438 είμι
3219 2367 3444 2434 Κύριος
3473 2369 3506 2419 ὀ
3534 2361 3665 2429 Θεὸς

2084 2463 2303 2532 αὐτῶν,
2334 2465 2450 2520 ἐνδ
2482 2465 2565 2532 τῷ
2614 2460 2990 2534 ἐπιφανῆναί
3037 2479 3114 2532 με
3167 2459 3375 2525 αὐτοῖς
3431 2457 3503 2511 ἐν
3557 2456 3668 2521 τοῖς

2083 2559 2308 2614 ἔθνεσι.
2364 2557 2463 2612 Διὰ
2492 2557 2601 2628 γὰρ
2628 2558 2730 2626 τῆς
2769 2556 2908 2628 ἐμῆς
2946 2553 3289 2627 προμηθείας
3317 2553 3421 2605 xal
3453 2551 3547 2620 τῆς
3568 2549 3666 2602 τῶν

2084 2649 2444 2703 Βαϐυλωνίων
2493 2650 2979 2720 ἀπαλλαγήσονται
3029 2645 3388 2707 δεσποτείας,
3442 2643 3537 2696 καὶ
3567 2640 3666 2693 τῶν

2086 2740 2366 2795 Σκυθικῶν
2396 2741 2568 2793 ἐθνῶν
2595 2741 2683 2794 τὸν
2715 2740 2935 2812 ὄλεθρον
2960 2739 3204 2809 ὄψονται.
3233 2755 3252 2788 ι
3279 2737 3394 2789 Καὶ
3412 2735 3436 2767 ³
3469 2733 3666 2800 συνάξω

2086 2831 2283 2895 αὐτοὺς
2312 2831 2404 2884 ἐπὶ
2437 2832 2536 2902 τὴν
2565 2831 2669 2902 γῆν
2699 2831 2898 2894 αὐτῶν,
2923 2830 3016 2882 καὶ
3044 2828 3105 2882 ού
3136 2825 3456 2895 καταλείψω
3496 2824 3664 2877 οὐκέτι

2086 2923 2184 2976 ἀπ’
2232 2921 2416 2977 αὐτῶν
2470 2925 2604 2977 ἐκεῖ.
2641 2941 2657 2974 ι
2698 2923 2809 2976 Kal
2861 2920 3041 2987 τοῦτο,
3081 2921 3206 2974 ὅσον
3264 2912 3401 2989 ἧκεν
3453 2920 3531 2980 είς
3580 2915 3665 2986 τὴν

2087 3013 2238 3067 θείαν
2283 3013 2634 3084 κηδεμονίαν,
2684 3014 2976 3086 γεγένηται
3001 3029 3014 3041 ·
3050 3015 3101 3065 οἱ
3143 3011 3199 3065 δέ
3233 3013 3349 3074 τοῖς
3383 3009 3553 3072 θείοις
3583 3008 3662 3060 νό-

397 3094 501 3150 bus
553 3111 864 3168 repugnare
920 3111 1354 3169 consueverant,
1406 3102 1589 3160 redire
1639 3107 1980 3172 noluerunt,

2091 3119 2211 3174 μοις
2247 3103 2570 3157 ἀντιτείνειν
2604 3103 2877 3168 εἰωθότες,
2913 3103 3232 3157 ἐπανελθεῖν
3257 3102 3360 3155 οὐκ
3379 3099 3663 3198 ἠθέλησαν,

399 3186 493 3242 sed
537 3187 786 3258 plerique
820 3191 1018 3258 patriae
1047 3201 1211 3248 terrae
1240 3204 1487 3249 exteram
1532 3208 1976 3266 praeposuerunt.

468 3277 630 3333 Vens.
671 3279 761 3334 29.
806 3280 875 3334 Et
917 3299 1020 3336 non
1048 3294 1281 3338 avertam
1313 3285 1540 3354 amplius
1585 3288 1778 3356 {aciem
1811 3306 1980 3344 meam

398 3370 464 3423 ab
497 3373 592 3436 eis,
633 3389 691 3425 eo
726 3375 863 3442 quod
898 3375 1063 3443 e/fudi
1103 3377 1337 3444 furerent
1383 3394 1553 3432 meum
1581 3395 1738 3448 super
1765 3379 1980 3435 domum

400 3455 594 3521 Israel,
626 3458 755 3512 dicit
789 3458 996 3515 Adonai
1043 3461 1320 3518 Dominus.
1364 3463 1481 3521 Hoc
1514 3467 1682 3521 etiam
1728 3471 1982 3540 sequitur

400 3547 684 3603 hominum
727 3552 1063 3608 voluntatem
1098 3574 1110 3610 :
1148 3556 1203 3610 in
1244 3556 1409 3610 nobis
1441 3556 1590 3611 enim
1632 3565 1716 3615 est
1767 3561 1937 3616 situm
1962 3603 1978 3627 ,

397 3639 571 3694 bonas
597 3642 1028 3711 pollicitationes
1059 3647 1126 3700 ad
1155 3647 1362 3700 exitum
1403 3647 1728 3717 perducere.
1771 3652 1849 3705 Ita
1880 3669 1981 3709 no-

397 3731 482 3788 bis
511 3749 730 3804 quoque
773 3750 1003 3807 regnum
1040 3738 1310 3793 caelorum
1364 3738 1632 3796 Dominus
1671 3743 1977 3812 promisit:

399 3823 495 3878 sed
542 3823 678 3878 illud
727 3827 996 3898 consequi
1033 3827 1262 3884 minime
1295 3831 1624 3898 poterimus,
1674 3833 1722 3887 si
1766 3848 1869 3890 nos
1916 3851 1983 3891 eo

398 3913 657 3985 indignos
686 3916 739 3970 in
778 3919 1205 3974 conversatione
1236 3929 1427 3975 nostra
1455 3920 1882 3992 praebuerimus.
1912 3929 1982 3983 At

398 4005 446 4058 si
483 4006 753 4072 studiose,
790 4010 1056 4080 omnique
1097 4011 1394 4070 alacritate
1423 4014 1642 4073 divinas
1690 4018 1843 4090 leges
1875 4020 1979 4075 ob-

399 4098 828 4166 servaverimus,
875 4101 1136 4158 omnibus
1185 4105 1480 4173 promissis
1523 4107 1687 4164 bonis
1733 4109 1983 4180 perfrue-

398 4203 543 4242 mur.
585 4188 664 4244 ita
693 4206 914 4260 quoque
943 4189 1148 4250 Judazis
1190 4196 1482 4266 pollicitus
1527 4199 1726 4269 fuerat,
1762 4217 1823 4260 se
1867 4219 1981 4259 non

397 4296 522 4335 esse
556 4296 879 4338 aversurum
917 4283 1110 4341 l'aciem
1159 4287 1228 4344 ab
1273 4290 1376 4356 eis,
1415 4295 1740 4362 parentibus
1782 4295 1982 4352 videli-

399 4377 485 4422 ενι
518 4369 594 4423 illi
627 4379 681 4425 et
705 4371 1063 4432 credentibus
1103 4376 1434 4450 divinasque
1468 4381 1618 4454 leges
1667 4384 1978 4442 observan-

2086 3190 2202 3245 ἀλλ’
2223 3191 2271 3244 οἱ
2295 3191 2509 3255 πλείους
2524 3192 2622 3262 τῆς
2636 3190 2898 3263 πατρῴας
2918 3193 3020 3263 γῆς
3045 3192 3144 3261 τὴν
3163 3191 3322 3259 ξένην
3345 3187 3660 3260 προείλοντο.

2156 3283 2258 3338 κθ’.
2299 3284 2406 3338 Καὶ
2433 3287 2545 3338 οὐκ
2592 3285 2956 3354 ἁποστρέψω
2987 3283 3191 3338 οὐκέτι
3238 3282 3305 3336 τύ
3351 3277 3666 3350 πρόσωπόν

2079 3393 2197 3444 μου
2239 3376 2340 3430 ἀπ’
2371 3373 2591 3437 αὐτῶν,
2622 3375 2752 3429 ἀνθ’
2793 3369 2882 3430 ὧν
2910 3375 3124 3444 ἐξέχεα
3165 3374 3272 3428 τὸν
3323 3374 3519 3440 θυμόν
3558 3386 3664 3439 μου

2048 3465 2182 3540 ¹ἐπὶ
2235 3465 2344 3519 τὸν
2395 3461 2565 3519 οἷκον
2611 3465 2892 3533 Ἰσραὴλ,
2939 3465 3105 3535 λέγει
3162 3463 3407 3518 Ἀδωναϊ
3445 3463 3660 3529 Κύριος.
3709 3521 3713 3530 γ

2086 3558 2199 3612 Kal
2250 3557 2411 3613 τοῦτο
2462 3559 2519 3612 δὲ
2567 3557 2761 3613 ἕπεται
2811 3559 2923 3612 τῶν
2976 3557 3286 3630 ἀνθρώπων
3334 3557 3402 3626 τῇ
3459 3552 3660 3622 γνώμῃ.

2096 3652 2213 3722 Ἐφ’
2241 3651 2373 3724 ἡμῖν
2400 3651 2509 3724 γάρ
2540 3650 2656 3705 ἐστι
2685 3649 2746 3704 τὸ
2766 3653 2887 3716 ταῖς
2906 3649 3141 3719 ἀγαθαῖς
3161 3648 3535 3718 ὑποσχέσεσιν
3561 3645 3662 3696 ἐπι-

2085 3743 2257 3797 θεῖναι
2285 3745 2345 3798 τὸ
2373 3743 2576 3815 πέρας·
2611 3743 2754 3796 οὕτω
2783 3741 2879 3796 καὶ
2906 3741 3038 3814 ἡμῖν
3070 3741 3344 3811 ὑπέσχετο
3369 3738 3480 3791 τῶν
3510 3737 3660 3806 ούρα-

2084 3837 2192 3892 νῶν
2230 3837 2329 3910 τὴν
2368 3838 2647 3910 βασιλείαν
2677 3840 2706 3891 ό
2739 3836 3046 3907 Δεσπότης,
3087 3834 3203 3889 ἀλλ’
3260 3832 3323 3887 ού
3369 3827 3662 3900 τευξόμεθα

2084 3929 2290 4001 ταύτης
2343 3929 2581 3997 ἀναξίως
2633 3927 3083 3998 πολιτευόμενοι*
3141 3921 3535 3989 σπουδάζοντες
3575 3921 3660 3984 δέ,

2083 4021 2177 4075 καὶ
2201 4021 2296 4075 σὺν
2319 4019 2595 4092 προθυμία
2625 4020 2777 4091 πάσῃ
2800 4018 2926 4083 τοὺς
2952 4017 3134 4082 θείους
3149 4017 3354 4088 νόμους
3379 4017 3659 4087 φυλάττον-

2083 4128 2191 4176 τες,
2218 4111 2640 4182 ἀπολαυσόμεθα
2678 4112 2898 4174 πάντως
2943 4107 3052 4163 τῶν
3084 4109 3513 4181 ἐπηγγελμένων
3535 4107 3658 4173 ἀγα-

2085 4199 2210 4255 θῶν.
2242 4201 2398 4256 Οὖτω
2417 4202 2512 4255 καὶ
2543 4203 2656 4264 τοῖς
2672 4199 2949 4263 Ἰουδαίοις
2978 4199 3249 4271 ὑπέσχετο
3301 4198 3378 4270 μὴ
3407 4195 3658 4266 ἀποστρέ-

2082 4292 2204 4363 ψειν
2226 4292 2247 4325 θ
2275 4292 2368 4347 ἀπ’
2402 4291 2582 4346 αὐτῶν
2606 4291 2665 4345 τὸ
2694 4291 3004 4363 πρόσωπον,
3033 4289 3310 4362 δηλονότιτ
3340 4288 3658 4358 πειθομένων

2086 4383 2236 4455 αύτῷ
2264 4383 2359 4437 καὶ
2391 4383 2776 4449 πιστευόντων,
2808 4383 2904 4437 καὶ
2931 4382 3060 4446 τοὺς
3076 4381 3254 4444 θείους
3295 4378 3658 4450 φυλασσόντων

402 4459 570 4515 tibus.
594 4461 773 4532 Atque
807 4463 922 4519 haac
951 4465 1026 4518 ita
1070 4481 1130 4521 se
1161 4465 1389 4535 habere,
1420 4472 1580 4528 testis
1604 4479 1689 4529 est
1721 4473 1979 4532 historia.

2093 4475 2310 4546 νόμους.
2330 4475 2536 4529 Καὶὸτι
2574 4474 2728 4529 ταῦθ’
2755 4474 2929 4538 οὕτως
2943 4473 3077 4545 ἔχει,
3121 4473 3335 4545 μάρτυς
3365 4473 3401 4543 ὴ
3434 4467 3653 4540 ἱστορία·

399 4552 537 4608 Cum
585 4555 732 4609 enim
781 4571 847 4610 ex
909 4555 1151 4628 Egypto
1221 4560 1487 4631 populum
1553 4563 1859 4640 eduxisset,
1920 4567 1976 4623 in

2087 4566 2363 4637 ἐξαγαγὼν
2386 4567 2496 4638 γὰρ
2528 4567 2587 4634 ἐξ
2612 4566 2892 4636 Αἰγύπτου
2908 4567 2999 4620 τὸν
3018 4564 3168 4630 λαὸν,
3187 4566 3268 4628 είς
3287 4561 3385 4635 τὴν
3406 4559 3655 4632 ἐπηγγελ-

405 4645 622 4716 1018
653 4648 980 4716 promissam
1027 4659 1228 4706 terram
1277 4654 1559 4723 pollicitus
1594 4663 1680 4711 est
1711 4673 1771 4713 se
1802 4659 1978 4716 intro.

401 4735 700 4791 ducturum
761 4753 881 4793 esse
946 4755 1042 4796 eos
1099 4758 1114 4796 :
1175 4750 1230 4796 at
1293 4743 1388 4798 ubi
1454 4743 1663 4802 divinis
1743 4747 1983 4808 decretis

404 4825 760 4884 adversantes
821 4830 988 4900 impie
1047 4833 1230 4890 vivere
1287 4848 1738 4906 perseverarunt,
1783 4841 1836 4896 in
1891 4843 1988 4898 de-

405 4923 554 4969 serto
583 4931 774 4971 omnes
801 4933 897 4973 eos
927 4922 1153 4986 occidit,
1195 4932 1251 4979 et
1297 4923 1518 4982 duobus
1567 4936 1784 4984 tantum
1818 4948 1880 4985 ex
1917 4932 1984 4987 iis

405 5006 497 5074 qui
544 5007 981 5076 pollicitationes
1031 5025 1390 5086 exceperant,
1447 5021 1688 5074 servavit
1740 5025 1985 5093 promis-

406 5099 640 5155 sionem.
675 5098 773 5156 Hic
813 5103 983 5175 igitur
1022 5107 1210 5163 itidem
1267 5109 1364 5180 qui
1409 5111 1718 5178 credidere,
1753 5122 1807 5169 et
1835 5117 1987 5171 salu-

408 5198 527 5247 tare
553 5197 891 5263 praeconium
929 5211 1271 5271 exceperunt
1299 5206 1337 5269 θ,
1378 5201 1592 5257 ﬁrmam
1623 5203 1827 5260 habent
1862 5209 1986 5278 pol-

2084 4660 2251 4730 μένην
2266 4657 2462 4721 αὐτοὺς
2486 4659 2635 4725 ἄξειν
2663 4658 2933 4728 ὑπέσχετο
2958 4659 3060 4728 γῆν
3076 4673 3090 4689 ο
3110 4657 3298 4728 ἐπειδὴ
3323 4657 3379 4710 δὲ
3394 4657 3496 4718 τοῖς
3507 4653 3653 4712 θείοις

2089 4752 2358 4821 δόγμασιν
2383 4751 2790 4815 ἀντιτείνοντες,
2815 4750 3042 4821 ἀσεϐείᾳ
3063 4750 3334 4815 συζῶντες
3351 4747 3654 4807 διετέλεσαν,

2085 4843 2296 4907 πάντας
2323 4843 2524 4905 αὐτοὺς
2552 4845 2609 4895 ἐν
2639 4845 2708 4912 τῇ
2733 4843 2926 4912 ἐρήμῳ
2967 4841 3182 4911 θανάτῳ
3231 4840 3528 4911 παρέδωκε,
3573 4835 3654 4889 δύο

2095 4933 2274 5006 μόνοις
2308 4935 2368 4998 ἐξ
2410 4935 2661 4988 ἁπάντων
2688 4934 2796 4987 τῶν
2844 4933 3153 5003 δεξαμένων
3193 4932 3294 4995 τὰς
3331 4929 3649 4999 ὑποσχέσεις,

2097 5027 2390 5099 πληρώσας
2420 5026 2517 5088 τὰς
2543 5025 2886 5095 ὑποσχέσεις.
2907 5027 3017 5078 Kal
3034 5023 3269 5078 ἐνταῦθα
3296 5023 3464 5076 τοίνυν
3490 5020 3537 5073 οί
3563 5019 3651 5088 μὲν

2094 5119 2541 5184 πεπιστευκότες,
2572 5118 2666 5172 καὶ
2695 5118 2755 5171 τὸ
2787 5118 3051 5188 σωτήριον
3076 5117 3360 5187 δεξάμενοι
3393 5115 3647 5183 κήρυγμα.

2096 5210 2319 5282 βεϐαίαν
2364 5210 2549 5282 έχουσι
2589 5209 2687 5281 τὴν
2730 5210 3060 5281 ὑπόσχεσινο
3094 5209 3154 5263 οὐ
3189 5209 3300 5282 γὰρ
3336 5200 3648 5275 ἀπέστρεψε⁸

1721 5384 1960 5440 ἾΑΒΙᾸΞ
2000 5385 2403 5444 LECTIONES.

477 5511 527 5546 93

569 5535 709 5595 μου.
751 5517 809 5595 l_n
852 5523 896 5595 ᾼ
951 5523 1175 5595 ponitur
1225 5536 1365 5595 post
1399 5524 1576 5594 ἅγιον.
1678 5526 1724 5557 ⁹⁶
1764 5525 1854 5585 ὰτι

1906 5525 2018 5608 ίαν-
2049 5526 2204 5611 ιὲιιιυτἐ
2258 5527 2401 5611 _Post
2459 5543 2636 5611 pauca
2703 5530 2813 5611 leg:
2869 5531 3116 5611 ἀνομίαν.
3157 5530 3358 5611 αὐτῶν.

3450 5529 3491 5561 θ’
3523 5523 3642 5576 mis.

506 5544 514 5546 '
569 5544 670 5589 μου
752 5544 809 5574 Ill
852 5544 896 5574 Α
951 5544 1175 5592 pomulr
1225 5544 1349 5595 ροδι
1399 5544 1576 5594 αγιον.
1679 5544 1724 5557 ’ν
1764 5544 1854 5585 an
1906 5544 1992 5580 tav
2049 5544 2203 5582 εαυτ.
2269 5544 2401 5584 I’OSI.
2459 5544 2636 5599 pauca
2704 5544 2808 5604 leg.
2869 5544 3103 5602 ανομιαν
3157 5544 3358 5585 αὑτων.
3451 5544 3642 5612 "vna?-

413 5587 735 5683 rjiifré;
760 5591 1200 5683 ’ἕρῖὴιέξεκίανι
1225 5593 1597 5683 ἥιὴδίῖεηεξαγ-
1641 5595 1720 5683 η⁹⁸
1759 5598 1803 5683 e
1829 5544 1929 5683 ’ξεν
1955 5597 2080 5683 γῆν
2156 5600 2204 5631 ⁹⁹
2242 5600 2676 5683 mmmam.
2704 5601 2909 5683 ριιιίεεο
3161 5604 3205 5654 Α
3233 5607 3642 5683 συναγειγειυξξ·

414 5660 434 5688 ’
474 5657 673 5742 αὐτῶν.
703 5660 747 5712 Α
776 5657 1101 5742 τῶνέθνῶν.
1181 5665 1201 5696 ³
1240 5657 1530 5742 τῶνκιὴὶε.
1561 5666 1702 5742 inii.
1746 5665 1800 5742 _"
1840 5657 1897 5718 ἐν
2016 5657 2216 5742 ἔθνεσιἶ
2253 5668 2412 5742 I_Iebr.
2445 5657 2896 5742 si'id'eportavero
2937 5657 3166 5742 'quidem
3210 5688 3308 5726 eos
3351 5657 3414 5742 all
3448 5657 3641 5742 'gcn‘tes‘.

414 5725 531 5793 sed,
557 5736 664 5782 etc.

778 5729 798 5760 ⁵
838 5733 928 5786 καὶ
973 5764 1009 5774 -
1058 5735 1193 5789 ἐκεῖ.
1226 5736 1352 5792 Des.
1386 5736 1440 5790 in
1464 5735 1527 5788 A.
1605 5737 1625 5768 ⁸
1665 5735 1706 5786 Β
1735 5736 2118 5806 ἀποστρέφειν.
2199 5740 2217 5770 ⁷
2261 5739 2302 5790 Β
2327 5739 2484 5810 δῆλον
2512 5729 2622 5795 ὃτιί
2689 5742 2709 5773 ⁸
2748 5740 2928 5797 Editio
2958 5729 3108 5812 prior
3136 5743 3262 5797 hab.
3293 5729 3634 5806 ἀπέστρεψαν·
