3860 6206
206 309 344 374 1217

1311 302 1391 362 IN
1433 299 1878 364 EZECHIELIS
1913 304 2071 368 CAP.
2112 307 2378 371 XXXIX.

3344 309 3477 379 1218

207 419 268 470 τὸ
289 413 584 485 πρόσωπον
605 409 770 466 αὐτοῦ
800 409 893 464 ἀπ’
926 407 1105 464 αὖτῶν
1130 425 1140 438 ·
1167 407 1216 462 οἱ
1243 410 1299 463 δὲ
1332 412 1589 466 τάναντία
1617 413 1790 486 δρῶν·

1906 415 2262 475 licitationem
2299 439 2313 474 ε
2351 435 2462 478 non
2497 419 2644 476 enim
2691 417 2895 473 avertit
2941 417 3134 475 faciem
3196 436 3353 479 suam
3403 428 3473 480 ab

206 525 294 572 τες
314 509 338 540 ⁸
369 505 449 575 τῷ
480 503 610 573 θείῳ
643 503 968 574 βουλήματι,
991 503 1182 574 πόρρω
1218 521 1323 558 που
1353 505 1454 576 τῆς
1508 505 1660 568 Θείας
1691 507 1792 560 ὲπ·

213 599 374 666 οψίας
394 594 1032 666 τυγχάνουσιν,οὑδεμιᾶς
1052 594 1417 658 ἀπολαύοντες
1433 596 1794 672 προμηθείας.

211 689 372 754 ἀλλὰ,
410 707 428 738 ι
454 685 831 758 πορευόμενοι,
860 685 998 741 κατὰ
1023 685 1114 737 τὸν
1139 686 1421 757 προφήτην
1447 687 1697 753 Ἡσαΐαν,
1721 687 1796 760 τῷ

209 782 351 850 φωτὶ
385 779 478 831 τοῦ
511 777 680 848 πυρὸς
704 776 904 838 αὐτῶν,
930 777 1022 828 καὶ
1054 779 1119 846 τῇ
1153 777 1313 845 φλογὶ
1401 777 1720 845 ἐξέκαυσαν,
1771 800 1790 832 ι

211 874 306 926 καὶ
364 870 743 941 πορεύσονται,
792 868 932 920 κατά
980 868 1070 920 τὸν
1125 868 1264 922 θεῖον
1323 870 1508 936 Δαϐὶδ,
1551 873 1652 924 «ἐν
1686 875 1798 935 τοῖς

209 964 637 1034 ἐπιτηδεύμασιν
696 961 897 1016 αὐτῶν.
925 979 943 1010 ι
979 961 1165 1014 Ταῦτα
1203 962 1303 1032 μὲν
1347 963 1488 1016 οὔτω
1521 966 1660 1016 νοεῖν
1693 966 1798 1018 ὑπὸ

212 1055 310 1121 τῆς
343 1053 489 1111 θείας
522 1051 743 1122 Γραφῆς
775 1050 1156 1119 ἐδιδάχθημεν.
1207 1051 1346 1119 Ἐγὼ
1383 1052 1496 1104 δὲίθ
1535 1052 1798 1123 θαυμάζω

213 1147 275 1198 οὐ
318 1145 476 1214 μόνον
521 1142 787 1194 Ἰουδαίων
824 1142 922 1210 τὴν
957 1140 1167 1204 ἄνοιαν,
1224 1141 1359 1194 ἀλλά
1391 1143 1486 1194 καί
1517 1161 1708 1207 τινων,
1737 1143 1799 1196 τὸ

218 1237 318 1308 μὲν
350 1232 731 1306 Χριστιανικὸν
761 1233 930 1300 ὄνομα
961 1231 1384 1302 περικειμένων,
1425 1235 1538 1295 τοῖς
1583 1233 1800 1286 Ἰουδαῖ-

213 1331 330 1390 κοίς
362 1327 417 1379 δὲ
449 1324 640 1394 μύθοις
668 1323 1067 1392 προσεχόντωνο
1091 1322 1295 1374 καὶτοῦ
1314 1324 1436 1390 Γὼγ
1463 1323 1554 1376 καὶ
1586 1322 1800 1392 Μαγὼγ

214 1414 313 1484 τὴν
346 1412 713 1465 ἐπανάστασιν
739 1409 800 1460 οὐ
835 1407 1164 1478 γεγενῆσθαι
1197 1408 1486 1476 λεγόντων,
1513 1409 1627 1464 ἀλλ’
1671 1409 1792 1462 ἔσει-

216 1505 350 1557 ισθαι
383 1499 828 1574 προσδοκώντων.
869 1497 976 1562 υῦς
1009 1498 1114 1551 ἔδει
1149 1499 1399 1564 συνιδεῖν,
1428 1500 1640 1572 πρῶτον
1677 1501 1798 1570 μὲν,

217 1598 297 1648 ὅτι
327 1597 395 1666 τῇ
422 1595 486 1646 ὲκ
516 1590 832 1654 Βαὸυλῶνος
863 1589 1166 1658 ἀνακλήσει
1198 1592 1231 1661 ή
1261 1590 1454 1644 τούτου
1488 1591 1799 1664 προφητεία

219 1685 572 1747 συνέζευκται
599 1697 613 1712 ο
656 1680 864 1742 ἔπειτα,
919 1679 1115 1732 ὅτιδιά
1152 1679 1356 1732 τούτων
1411 1681 1514 1750 ἔφη
1556 1681 1798 1752 μαθήσε-

1898 510 2003 566 eis.
2039 509 2143 576 Qui
2183 526 2312 567 vero
2348 525 2410 566 ea
2444 509 2804 564 committunt
2828 524 2952 579 quae
2974 509 3175 563 divinae
3205 510 3471 566 voluntati

1901 609 2230 672 repugnant,
2270 602 2338 658 ab
2373 601 2496 670 ejus
2533 600 2725 669 procul
2763 599 2966 653 absunt
3009 610 3254 668 aspectu,
3297 616 3475 670 neque

1900 691 2072 746 ullum
2113 692 2231 762 ejus
2281 691 2637 761 providentia:
2696 690 2936 745 fructum
2992 691 3326 761 percipiunt,
3377 691 3475 748 sed

1905 797 1924 830 ι
1965 781 2341 843 ambulantes,
2375 781 2680 836 secundum
2710 777 2931 844 Isaiam,
2960 779 3166 833 lumine
3193 779 3338 849 ignis
3365 783 3473 846 sui,

1899 879 1952 925 et
1981 869 2220 934 ﬂamma,
2246 886 2415 940 quam
2453 872 2865 926 succenderunt
2907 881 2928 909 ο
2955 911 2969 936 ,
3003 889 3021 922 ›
3061 871 3215 924 ibunt
3255 887 3476 941 quoque

1901 961 2206 1014 secundum
2239 961 2490 1016 divinum
2525 958 2784 1013 Davidcm
2815 977 2832 1009 ι
2865 959 2919 1012 in
2945 959 3216 1013 institutis
3241 960 3424 1014 suisd.
3450 980 3470 1012 ι

1902 1053 2027 1107 llaec
2060 1053 2284 1122 quidem
2319 1067 2421 1106 nos
2464 1053 2538 1106 ita
2598 1053 2908 1122 intelligere
2958 1052 3142 1106 divina
3185 1053 3476 1122 Scriptura

1901 1143 2082 1198 edocti
2117 1157 2329 1196 smnus.
2386 1141 2501 1212 Ego
2531 1159 2662 1197 vero
2708 1143 2952 1196 admiror
2999 1158 3109 1196 non
3168 1144 3344 1198 solum
3381 1144 3478 1199 Ju-

1900 1235 2143 1289 dzeorum
2195 1234 2497 1296 inscitiam,
2557 1235 2654 1290 sed
2716 1235 2883 1288 etiam
2943 1237 3329 1304 quorumdam,
3382 1237 3476 1305 qui

1900 1325 2278 1380 Christianum
2325 1341 2525 1380 nomen
2558 1325 2831 1389 obtinent,
2881 1324 2973 1378 sed
3007 1324 3073 1377 ad
3101 1323 3362 1380 Judaicas
3397 1326 3480 1379 fa-

1901 1418 2058 1472 bulas
2087 1415 2400 1482 attendunt,
2431 1425 2484 1470 ct
2517 1416 2652 1487 Gogi
2692 1426 2854 1485 atque
2885 1415 3093 1485 Magogi
3131 1416 3478 1471 invasionem

1901 1525 2010 1564 non
2047 1509 2246 1562 factam
2274 1508 2666 1573 asserunt,sed
2693 1508 2934 1562 futuram
2955 1515 3300 1576 exspectant.
3328 1507 3477 1573 Quos

1904 1597 2246 1653 intellexisse
2299 1599 2660 1667 oportuisset,
2713 1597 2890 1666 primo
2925 1595 3092 1665 hujus
3133 1596 3474 1666 prophetiam

1900 1705 2024 1743 cum
2075 1691 2427 1745 revocatione
2463 1704 2494 1744 e
2535 1688 2814 1760 Babylone
2848 1688 3207 1757 conjunctam
3256 1687 3428 1744 fuisse
3459 1708 3473 1744 :

221 1777 346 1829 σθαι
373 1778 442 1828 τά
458 1775 584 1844 ἔθνη
615 1773 709 1826 τοῦ
736 1771 870 1825 Θεοῦ
894 1772 993 1841 τὴν
1020 1771 1268 1840 δύναμιν.
1300 1772 1466 1835 Ποίας
1491 1771 1621 1841 γὰρ,
1647 1771 1799 1824 είπά-

1906 1781 2102 1836 deinde
2139 1781 2272 1846 dici,
2307 1796 2406 1850 per
2454 1780 2569 1834 haec
2607 1788 2798 1849 gentes
2852 1778 2946 1834 Dei
3006 1782 3304 1850 potentiam
3353 1796 3479 1836 esse

217 1887 422 1933 τωσαν,
454 1869 623 1922 δεῖται
645 1866 738 1919 νῦν
767 1865 835 1918 τὰ
864 1863 990 1934 έθνη
1014 1862 1366 1926 διδασκαλίας
1392 1863 1471 1926 είς
1501 1862 1794 1930 διάγνωσιν

215 1964 315 2032 τῆς
347 1961 498 2024 θείας
534 1959 837 2026 δυνάμεως,
871 1957 920 2011 οἳ
965 1956 1250 2010 πιστεύειν
1284 1957 1380 2026 μὲν
1409 1956 1489 2018 είς
1531 1955 1593 2007 τὸ
1623 1954 1793 2024 ὄνομα

216 2053 309 2106 τού
335 2052 570 2121 Πατρὸς,
607 2052 698 2105 καὶ
725 2049 817 2103 τοῦ
849 2049 1003 2112 Υίοῦ,
1040 2048 1134 2102 καὶ
1165 2047 1260 2100 τοῦ
1292 2047 1446 2115 ἁγίου
1478 2045 1795 2116 Πνεύματος

214 2144 596 2216 ἐδιδάχθησαν,
617 2143 917 2210 δοξολογεῖν
946 2142 1003 2195 δὲ
1035 2142 1130 2195 καὶ
1161 2142 1491 2211 προσκυνεῖν
1517 2140 1618 2208 τὴν
1643 2139 1796 2192 θείαν

217 2239 420 2309 ἔμαθον
444 2237 628 2306 φύσιν,
660 2235 758 2305 τῆς
778 2236 834 2289 δὲ
856 2235 963 2288 τῶν
991 2233 1224 2287 εἰδώλων
1245 2232 1640 2303 ἀπηλλάγησαν
1663 2233 1797 2286 πλά-

215 2348 360 2400 νης;
405 2329 571 2382 Ποίαν
618 2327 676 2380 δὲ
731 2326 987 2395 τοιαύτην
1040 2325 1392 2378 διδασκαλίαν
1431 2326 1464 2395 ἡ
1530 2323 1625 2376 τοῦ
1673 2322 1797 2386 Γὼγ

216 2422 500 2492 ἀναίρεσις
559 2421 948 2491 προσενεγκεῖν
997 2417 1248 2488 ἠδύνατο,
1301 2416 1419 2469 οἵαν
1473 2415 1584 2468 τῶν
1624 2415 1798 2485 ’ίερῶν

216 2512 537 2568 ἀποστόλων
570 2509 814 2580 περιέχει
842 2509 904 2560 τὸ
937 2509 1238 2578 κήρυγμας
1270 2505 1443 2558 Τοῦτο
1470 2505 1566 2574 μὲν
1594 2504 1703 2572 γὰρ
1731 2502 1799 2556 τὰ

222 2605 356 2675 περὶ
381 2602 616 2674 Τριάδος
648 2601 742 2654 καὶ
785 2599 1010 2670 μονάδος
1052 2598 1297 2658 ἅπαντας
1357 2594 1670 2664 ἀνθρώπους
1719 2592 1799 2645 δι-

214 2697 432 2758 ὃάσκει,
466 2695 560 2748 καὶ
583 2695 664 2747 ὅτι
698 2693 756 2745 ὲν
798 2693 862 2761 τῇ
896 2691 994 2761 μιᾷ
1037 2688 1197 2758 φύσει
1225 2687 1327 2750 τάς
1362 2688 1510 2757 τρεῖς
1538 2684 1801 2754 ἰδιότητας

216 2785 574 2855 θεωροῦμεν·
629 2782 722 2836 καὶ
767 2781 904 2853 πρὸς
954 2779 1165 2841 τούτοις
1220 2778 1430 2848 νεκρῶν
1478 2776 1798 2838 ἀνάστασιν,

214 2881 313 2932 καὶ
339 2877 550 2948 κρίσιν,
592 2875 686 2928 καὶ
709 2873 976 2926 ἀντίδοσιν
1008 2870 1228 2939 ἀγαθῶν
1263 2872 1358 2922 καὶ
1381 2867 1489 2921 τῶν
1516 2865 1799 2926 ἐναντίων,

213 2970 469 3043 οὐρανῶν
526 2967 821 3038 βασιλείαν,
871 2964 969 3034 τὴν
1032 2965 1090 3017 ἐν
1132 2963 1323 3033 γεέννῃ
1373 2959 1666 3029 τιμωρίαν,
1705 2956 1804 3026 τῆς

215 3063 428 3130 ἀρετῆς
455 3059 526 3111 τά
568 3057 891 3127 μαθήματα,
915 3055 984 3107 τὰ
1012 3055 1110 3124 τῆς
1133 3051 1448 3120 φιλοσοφίας
1474 3049 1799 3118 διδάγματα,

216 3151 314 3202 καὶ
341 3149 411 3202 τά
461 3148 617 3211 ἄλλα,
664 3148 762 3199 ὅσα
791 3146 851 3198 τό
880 3161 940 3198 τε
995 3144 1136 3198 θεῖον
1167 3142 1498 3210 Εὑαγγέλιον
1538 3138 1803 3209 περιέχει,

215 3243 315 3294 καὶ⁸
362 3239 434 3291 τὰ
487 3238 610 3310 ἱερὰ
652 3239 759 3291 τῶν
800 3237 1114 3292 ἀποστόλων
1160 3235 1589 3305 συγγράμματα,
1634 3233 1698 3284 Ἡ
1751 3230 1806 3283 δὲ

215 3331 314 3384 τοῦ
351 3333 479 3398 Γὼγ
510 3328 788 3399 ἀναίρεσις
821 3328 979 3399 μόνον
1004 3327 1210 3390 ἐδίδαξε
1239 3327 1306 3380 τὰ
1333 3325 1483 3394 ἔθνη,
1523 3325 1607 3378 ὅτι
1647 3323 1806 3393 μεγί-

217 3438 359 3490 στην
394 3420 511 3489 ἔχει
555 3417 782 3487 δύναμιν
821 3419 849 3470 ὁ
885 3416 1156 3470 Ἰουδαίων
1184 3417 1336 3479 Θεὸς,
1371 3415 1466 3468 καὶ
1499 3414 1580 3466 ὅτι
1625 3413 1684 3465 ού
1720 3411 1808 3465 διὰ

213 3513 320 3583 τὴν
355 3509 526 3563 αὑτοῦ
549 3508 828 3562 ἀσθένειαν
855 3508 957 3561 ὑπὸ
986 3505 1346 3568 Βαϐυλωνίοις
1377 3505 1645 3574 ἐγένοντο,
1673 3502 1808 3556 ἀλλὰ

213 3603 310 3656 διὰ
324 3602 432 3671 τὴν
453 3600 658 3657 οἰκείαν
678 3599 1042 3670 παρανομίαν.
1061 3598 1122 3650 El
1143 3597 1320 3650 τοίνυν
1349 3596 1570 3667 μηδέπω
1586 3594 1655 3648 τὰ
1668 3594 1808 3648 κατά

214 3695 313 3746 τ’λν
341 3692 471 3758 Γὼγ
497 3689 858 3757 ἐγένετο,ἀλλ’
881 3690 966 3743 ἐπ’
993 3689 1234 3758 ἐσχάτων
1257 3687 1366 3740 τῶν
1387 3687 1608 3756 ἡμερῶν
1645 3686 1808 3756 γενή-

220 3800 407 3848 σεται,
429 3783 527 3835 κα)⁵
541 3781 605 3834 δι’
627 3781 836 3834 ἐκείνου
857 3781 1156 3852 μαθήσεται
1180 3781 1246 3833 τὰ
1277 3780 1405 3849 ἔθνη
1430 3780 1520 3832 τὸν
1549 3780 1654 3833 τῶν
1674 3779 1810 3832 ὅλων

213 3873 413 3928 σέϐειν
443 3872 598 3937 Θεὸν,
631 3869 850 3942 μείζονα
882 3872 948 3924 τὰ
971 3872 1112 3925 κατά
1139 3872 1230 3926 τὸν
1259 3870 1381 3941 Γὼγ
1407 3871 1502 3924 τοῦ
1535 3869 1807 3940 σωτηρίου

217 3963 494 4034 σταυροῦ,
521 3963 613 4016 καὶ
641 3961 734 4014 τοῦ
767 3961 997 4014 θανάτου
1025 3961 1118 4016 τοῦ
1149 3961 1240 4013 τὸν
1266 3960 1492 4014 θάνατον
1525 3960 1807 4023 λύσαντος,

215 4058 320 4110 καὶ
357 4054 470 4107 τῶν
500 4053 661 4107 θείων
698 4053 1030 4117 ἀποστόλων,
1058 4054 1107 4106 οἳ
1141 4052 1218 4122 τῷ
1263 4051 1402 4120 φωτὶ
1429 4052 1527 4122 τῆς
1573 4052 1808 4127 θεογνω-

218 4148 356 4208 σίας
400 4144 501 4214 τὴν
539 4143 864 4214 οἰκουμένην
914 4141 1293 4212 κατηύγασαν.
1330 4141 1520 4195 Ταῦτα
1553 4141 1652 4212 μὲν
1700 4141 1810 4212 γὰρ

216 4239 457 4292 ᾶπαντα
495 4234 594 4287 οὐκ
647 4234 832 4304 ἴσχυσε
865 4233 1070 4298 διδάξαι
1108 4231 1176 4286 τὰ
1218 4231 1347 4303 ἔθνη
1391 4233 1482 4286 τὸν
1526 4233 1635 4288 τῶν
1675 4233 1811 4287 ὅλων

213 4329 409 4390 Θεὸν,
463 4325 599 4396 μόνη
645 4324 704 4378 δὲ
753 4321 908 4393 ἠτοῦ
963 4323 1086 4391 Γὼγ
1118 4323 1398 4390 ἀναίρεσις
1443 4323 1601 4393 δῆλον
1649 4323 1810 4377 αὐτὸν

1897 1873 2240 1943 cognituras.
2278 1873 2396 1939 Qua
2430 1872 2576 1927 enim
2613 1872 2867 1926 doctrina
2905 1887 3075 1933 nunc,
3121 1871 3311 1926 dicant
3346 1871 3474 1942 ipsi,

1896 1973 2088 2034 gentes
2119 1965 2367 2036 indigent
2406 1965 2472 2020 ad
2513 1965 2759 2019 divinam
2793 1965 3095 2033 potentiam
3139 1977 3478 2032 cognoscen-

1897 2058 2048 2122 dam,
2077 2074 2200 2129 quae
2223 2056 2448 2113 credere
2471 2057 2526 2111 in
2557 2070 2755 2109 nomen
2784 2055 2984 2120 Patris,
3015 2063 3068 2107 et
3096 2053 3217 2106 Filii
3243 2093 3256 2116 ,
3279 2063 3333 2108 et
3355 2054 3479 2124 Spi-
3577 2064 3588 2074 '

1897 2150 2040 2205 ritus
2074 2151 2249 2205 sancti
2277 2149 2486 2204 edocta:
2529 2154 2681 2211 sunt,
2739 2146 3021 2200 celebrare
3064 2153 3244 2198 autem
3287 2153 3341 2199 et
3377 2146 3478 2198 ad-

1899 2255 2058 2294 orare
2081 2241 2401 2295 didicerunt
2437 2239 2679 2293 divinam
2712 2245 2988 2298 naturam.
3033 2246 3086 2290 et
3113 2239 3181 2292 ab
3207 2237 3476 2291 idolorum

1899 2343 2088 2384 errore
2117 2328 2334 2385 liberati
2375 2327 2552 2384 sunt?
2584 2325 2759 2392 Quam
2803 2326 3016 2395 1019
3052 2340 3183 2380 vero
3223 2325 3482 2394 hujusce-

1901 2419 2047 2473 modi
2079 2419 2388 2473 doctrinam
2423 2419 2559 2488 (ἓοεί
2588 2418 2843 2472 interitus
2877 2418 3071 2471 aﬂ‘erre
3105 2418 3301 2486 potuit,
3345 2429 3481 2485 qua-

1903 2512 2009 2568 lem
2042 2521 2359 2566 sanctorum
2395 2511 2771 2581 apostolorum
2820 2511 3065 2564 continet
3108 2509 3484 2579 praeconium?

1905 2599 2020 2657 Hoc
2037 2601 2205 2666 enim,
2237 2616 2357 2671 qua:
2383 2601 2450 2654 ad
2473 2600 2797 2654 Trinitatem
2817 2605 2871 2653 et
2885 2599 3151 2653 unitatem
3179 2599 3476 2666 pertinent,

1901 2706 2092 2749 omnes
2125 2691 2374 2746 homines
2407 2691 2582 2750 docet,
2629 2697 2683 2745 et
2732 2690 2788 2742 in
2822 2704 2931 2742 una
2970 2699 3164 2742 natura
3207 2700 3318 2743 tres
3349 2703 3479 2758 pro-

1904 2782 2163 2850 prietates
2202 2781 2596 2850 contemplari;
2657 2778 2724 2833 ad
2758 2779 2872 2832 hanc
2913 2789 3256 2833 mortuorum
3291 2794 3483 2834 resur-

1907 2871 2230 2937 rectionem,
2263 2871 2628 2942 etjudicium,
2652 2880 2706 2926 et
2737 2871 3021 2940 praemium
3057 2880 3168 2924 tum
3185 2872 3478 2934 bonorum,

1907 2974 2020 3018 tum
2072 2965 2374 3027 malorum,
2424 2964 2695 3019 calorum
2746 2977 2994 3032 regnum,
3044 2961 3373 3031 supplicium
3425 2961 3480 3016 in

1908 3055 2175 3124 gehenna,
2206 3055 2428 3108 virtutis
2466 3052 2808 3122 disciplinas,
2849 3052 3217 3122 phil030phim
3248 3051 3478 3122 dogma-

1907 3153 1993 3210 ta,
2029 3155 2082 3200 et
2117 3147 2222 3200 alia
2262 3160 2451 3216 quaacu
2466 3160 2608 3214 nque
2657 3144 2903 3198 divinum
2941 3144 3189 3198 continet
3234 3142 3482 3212 Evange-

1908 3239 2064 3299 lium,
2097 3244 2150 3291 et
2190 3252 2346 3293 sacra
2382 3235 2754 3306 apostolorum
2787 3234 3082 3288 volumina.
3116 3234 3248 3304 (ἲοεί
3298 3240 3479 3286 autem

1906 3331 2166 3385 interitus
2197 3337 2388 3401 gentes
2413 3329 2681 3382 duntaxat
2707 3326 2953 3389 edocuit,
2980 3325 3217 3379 maxima
3238 3325 3479 3394 potentia

1908 3424 2192 3492 praeditum
2232 3437 2352 3476 esse
2381 3420 2694 3476 Judaeorum
2749 3417 2941 3479 Deum,
2994 3425 3046 3471 ct
3091 3431 3199 3470 non
3260 3422 3484 3486 propter

1907 3515 2026 3584 ejus
2057 3501 2514 3576 imbecillitatem,
2549 3510 2646 3567 sed
2672 3518 2896 3580 propter
2919 3509 3197 3579 propriam
3234 3508 3479 3578 ipsorum

1908 3606 2277 3676 iniquitatem,
2315 3605 2372 3658 in
2405 3603 2834 3675 Babyloniorum
2882 3616 2977 3656 eos
3032 3608 3360 3670 potestatem
3404 3614 3484 3653 re-

1909 3698 2117 3753 dactos.
2145 3695 2200 3751 Si
2234 3697 2401 3766 igitur
2433 3695 2670 3749 nondum
2704 3708 2766 3748 ea
2799 3708 2921 3763 qum
2969 3700 3219 3763 spectant
3263 3690 3331 3744 ad
3371 3689 3484 3744 Go-

1909 3805 2060 3858 gum,
2102 3787 2373 3855 accidere,
2403 3787 2496 3842 sed
2538 3783 2851 3840 novissimis
2885 3783 3079 3839 diebus
3129 3782 3404 3847 evenient,
3429 3788 3486 3837 et

1911 3897 2008 3955 per
2044 3881 2196 3935 illum
2227 3879 2655 3949 discentgentes
2696 3885 2979 3932 auctorem
3019 3876 3262 3930 omnium
3298 3891 3483 3930 rerum

1913 3969 2080 4024 Deum
2115 3968 2318 4034 colere,
2351 3967 2562 4038 majora
2604 3976 2733 4023 sunt
2760 3982 2824 4022 ea
2858 3981 2979 4037 quae
3005 3965 3070 4020 ad
3106 3965 3314 4038 Gogum
3355 3965 3487 4020 atti-

1913 4069 2044 4117 nent
2089 4060 2316 4116 salutari
2366 4074 2552 4123 cruce,
2606 4069 2660 4114 et
2702 4067 2879 4114 morte
2916 4058 3031 4120 illa,
3082 4074 3203 4128 qua:
3255 4066 3488 4111 mortem

1911 4153 2206 4215 destruxit,
2242 4162 2297 4207 et
2329 4151 2531 4207 divinis
2565 4152 2853 4221 apostolis,
2897 4151 2988 4224 qui
3025 4150 3359 4223 COgnitionis
3392 4149 3488 4202 Dei

1912 4244 2121 4298 lumine
2176 4242 2366 4296 orbem
2417 4250 2688 4296 terrarum
2747 4243 3118 4296 illustrarunt.
3182 4238 3306 4292 Ilaac
3341 4239 3487 4293 enim

1913 4333 2100 4388 omnia
2131 4348 2239 4386 non
2273 4339 2570 4402 potuerunt
2591 4342 2782 4402 gentes
2813 4340 3090 4386 auctorem
3125 4330 3367 4383 omnium
3396 4343 3488 4383 re-

216 4420 410 4473 ἅπασι
469 4416 837 4486 καταστήσειο
891 4413 1035 4467 οὕτω
1087 4413 1276 4482 σαφῶς
1322 4412 1706 4478 Ἰουδαΐζουσιν
1763 4416 1802 4467 ol

1918 4439 2039 4478 rum
2068 4422 2234 4477 Deum
2270 4421 2489 4487 docere,
2521 4421 2615 4476 sed
2650 4421 2802 4476 solus
2836 4419 2968 4491 (ἶοεί
2997 4419 3250 4474 interitus
3275 4417 3478 4488 perspi-

215 4510 410 4564 ταῦτα
440 4507 878 4578 μυθολογοῦντες.
929 4505 1120 4576 Ἡμεῖς
1163 4505 1240 4569 δὲ,
1281 4507 1346 4574 τῇ
1389 4504 1509 4576 θείᾳ
1553 4505 1813 4577 πειθόμε-

216 4619 302 4655 νοι
359 4599 572 4670 Γραφῇ,
616 4597 716 4668 τὴν
751 4597 1157 4668 προειρημένην
1213 4595 1511 4666 ἑρμηνείαν
1560 4597 1816 4667 ἐποιησά-

217 4691 419 4763 μεοα,
474 4688 817 4753 διδάξαντες,
864 4689 944 4741 ὃτι
982 4685 1238 4756 ἐλήλυθεν
1278 4680 1464 4750 οὗτος,
1507 4688 1602 4740 καὶ
1642 4687 1816 4758 πέρας

216 4784 286 4838 τὰ
326 4783 460 4836 κατ’
485 4781 646 4834 αὑτὸν
679 4781 888 4849 εἴληφε.
929 4779 1038 4832 Καὶ
1074 4780 1194 4831 τότε
1228 4778 1324 4848 μὲν
1353 4777 1524 4849 ἔμαθε
1552 4779 1619 4830 τὰ
1655 4779 1812 4851 ἔθνη,

215 4877 296 4939 ὡς
330 4873 399 4926 ού
427 4873 516 4924 διὰ
557 4872 656 4942 τὴν
691 4871 842 4924 θείαν
870 4871 1154 4923 ἀσθένειαν
1187 4869 1285 4939 τὴν
1323 4869 1694 4940 αἰχμαλωσίαν
1721 4873 1814 4926 ὑπ·

217 4967 435 5037 έμενον
453 4963 502 5014 οἱ
519 4962 781 5025 Ἰουδαῖοι,
806 4961 939 5015 ἀλλὰ
958 4961 1044 5016 διὰ
1059 4961 1157 5030 τὴν
1190 4959 1339 5028 σφῶν
1368 4959 1548 5014 αὐτῶν
1575 4977 1811 5032 παρανο-

221 5061 374 5129 μίαν
395 5072 411 5086 ο
449 5055 539 5107 ἐπὶ
581 5055 637 5108 δὲ
663 5055 756 5108 τοῦ
785 5054 1073 5124 παρόντος,
1107 5052 1196 5110 διὰ
1230 5052 1323 5106 τοῦ
1357 5053 1686 5107 Δεσποτικοῦ
1717 5053 1811 5108 θα-

221 5153 406 5206 νάτου
455 5148 547 5200 καὶ
601 5147 699 5217 τῆς
749 5146 1097 5206 ἀναστάσεως
1168 5143 1267 5207 τὰς
1318 5144 1420 5214 τῆς
1485 5144 1816 5215 θεογνωσίας

323 5333 357 5364 ε
402 5323 508 5380 lsa.
552 5336 606 5383 ι,
645 5319 699 5372 2.
776 5317 800 5354 ά
875 5316 1018 5374 Psal.
1052 5331 1216 5382 Lxxx,
1256 5315 1344 5370 15.

1913 4528 2077 4567 cuum
2111 4513 2289 4583 ipsum
2322 4515 2337 4533 ’
2396 4511 2656 4566 omnibus
2701 4510 2884 4565 faciet.
2932 4510 3011 4563 lta
3050 4516 3237 4578 aperte
3285 4507 3489 4561 Judznis

1915 4602 2099 4657 favent
2131 4602 2226 4672 qui
2255 4601 2371 4655 hmo
2400 4599 2737 4656 fabulantur.
2774 4601 2888 4655 Nos
2923 4606 3125 4663 autem,
3157 4597 3354 4651 divina:
3392 4597 3490 4651 ob-

1913 4700 2204 4762 sequentes
2230 4690 2550 4760 Scripturaa,
2577 4691 2863 4744 attulimus
2892 4688 3054 4743 modo
3083 4688 3284 4741 dictam
3316 4687 3490 4742 inter-

1913 4782 2294 4853 pretationem.
2331 4797 2438 4852 qua
2469 4779 2758 4836 docuimus
2804 4787 2856 4835 et
2883 4780 3048 4833 istum
3077 4777 3316 4842 venisse,
3347 4783 3402 4831 et
3425 4790 3490 4831 ea

1913 4890 2034 4944 quae
2061 4874 2127 4928 ad
2154 4874 2335 4943 ipsum
2354 4872 2726 4942 pertinebant,
2740 4871 2805 4926 ad
2824 4871 3028 4926 exitum
3062 4868 3326 4939 perducta
3343 4883 3486 4923 esse.

1920 4966 1984 5019 Et
2016 4973 2148 5020 tunc
2183 4966 2402 5035 quidem
2431 4973 2622 5036 gentes
2652 4963 2914 5027 didicere,
2949 4976 3060 5015 non
3097 4969 3318 5030 propter
3352 4959 3491 5014 divi-

1926 5071 2048 5110 nam
2091 5056 2470 5125 impotentiam
2504 5055 2823 5111 scrvitutem
2873 5052 3207 5108 sustinuisse
3245 5049 3487 5117 Judteos,

1932 5146 2027 5202 sed
2058 5155 2276 5218 propter
2307 5162 2406 5202 sua
2441 5147 2607 5217 impia
2636 5147 2880 5202 facinora
2915 5163 2927 5198 :
2969 5145 3022 5198 in
3055 5143 3309 5212 praesenti
3342 5157 3492 5208 vero,

1516 5471 1749 5528 VARIE
1789 5472 2083 5530 LECTION
2090 5473 2193 5531 ES.

309 5633 338 5701 ἓ
376 5630 484 5701 δρη
503 5628 566 5701 In
595 5626 637 5676 Β
667 5625 884 5701 ponitur
914 5622 1218 5701 post-Oete).

236 5700 388 5756 infra
411 5691 489 5755 'ad
530 5691 708 5767 Aggaei
739 5711 858 5765 cap.
893 5691 930 5748 ti
959 5710 988 5748 a
1018 5691 1216 5747 Nostro
1243 5691 1385 5745 dicta
1417 5697 1565 5744 sunt.

1337 5621 1380 5652 ὀ
1417 5616 1528 5686 ἐγὼ
1555 5618 1633 5684 δὲ,
1665 5638 1718 5675 κ.
1749 5638 1798 5674 τ.
1828 5624 1879 5672 λ.
1919 5617 2045 5674 Haec
2078 5618 2144 5673 ad
2177 5617 2572 5688 Apollinarium
2603 5632 2662 5672 se
2693 5615 2898 5673 referre
2919 5653 2933 5679 ,
2968 5617 3112 5681 patet
3142 5624 3208 5663 ex
3239 5606 3345 5662 illis
3378 5618 3497 5677 qua!
