3860 6206
427 295 559 362 12ἰθ
1405 287 1895 352 TlIEODORETI
1935 285 2060 346 EPI

2134 283 2274 345 IOP-I
2315 281 2678 343 CYRENSIS
3521 270 3638 336 1220

425 437 523 494 per
551 417 889 474 Dominicam
921 420 1151 468 mortem
1194 419 1248 465 et
1282 409 1773 471 resurrectionem,
1816 405 2003 476 cogni-
2030 410 2061 460 Δ

2134 405 2331 466 εκττνας
2363 401 2582 468 εδέξατο
2611 400 2680 452 τὰ
2708 396 2857 466 εθνη.
3010 393 3107 462 τῆς
3133 387 3392 494 πατρῴτς
3423 389 3642 494 {fessus

425 479 596 568 tionis
627 509 720 564 Dei
752 506 936 561 radios
975 511 1164 575 gentes
1197 501 1409 572 1020
1442 513 1728 569 excepere,
1755 506 1810 551 et
1838 512 1867 550 a
1899 509 1995 566 pa-

2134 495 2507 563 ιπαλλαγέντα,
2530 489 2850 562 προσκυνεῖν
2886 483 3284 555 μεμαθήκαμεν
3309 479 3402 533 τὸν
3432 479 3641 550 Πατέρα,

429 605 534 656 tria
580 600 857 668 impietate
892 571 1096 667 libera,
1146 571 1378 647 adorare
1420 589 1717 645 didicimus
1755 586 1993 649 Patrem,

2134 590 2197 644 ιαί
2215 591 2303 644 τὸν
2322 589 2469 653 Υίὸν,
2489 585 2656 642 καὶτὸ
2689 582 2842 650 ἆγιον
2865 577 3087 645 Πνεῦμα
3105 591 3117 604 ·
3149 572 3299 644 αὑτῷ
3324 571 3514 644 πρέπει
3538 571 3646 638 δόξα

429 701 483 747 et
518 691 736 754 Filium,
767 699 821 743 et
853 686 1114 757 Spiritum
1160 690 1435 740 sanctum.
1470 683 1654 752 Ipsum
1690 679 1848 736 decet
1879 677 1994 748 glo-

2136 687 2183 750 ἰς
2209 685 2336 746 τοὺς
2362 682 2561 744 αἰῶνας
2599 678 2706 732 τῶν
2733 673 2942 730 αἰώνων
2968 673 3032 725 ⁸⁸.
3068 669 3261 739 Ἀμήν.

431 785 512 837 ria
544 783 597 836 in
631 782 829 836 sarcula
860 779 1206 836 satculorum.
1239 776 1435 829 Amen.

817 1006 1104 1016 »______
1163 953 3629 1012 ___________________________________.__.

1737 1139 2124 1230 ΤΟΜΟΣ
2177 1131 2368 1232 Iq".

1322 1502 1681 1588 LIBER
1735 1498 2258 1588 DECIMUS
2326 1492 2812 1587 SEXTUS.

473 1000 806 1017 _-—-—.

820 1839 1050 1896 CAPUT
1090 1840 1199 1894 XL.
1244 1839 1403 1911 μω,
1447 1838 1631 1910 xm]
2044 1831 2061 1885 ι

2709 1830 2964 1884 ΚΕΦΑΛ.
3002 1827 3091 1879 Μ’.

510 1934 650 2006 ΙΧίι]
686 1934 852 1987 Vens.
905 1934 948 1990 l.
989 1931 1054 1986 Et
1092 1907 1293 2001 factum
1342 1941 1419 1984 est
1475 1907 1722 1986 vicesimo
1759 1943 1806 1986 et
1837 1933 2018 2001 quinto

2192 1934 2261 1980 α’.
2297 1926 2403 1980 Καὶ
2436 1922 2673 1993 ἐγένετο
2720 1922 2790 1973 ἐν
2820 1919 2900 1985 τῷ
2935 1915 3186 1980 εἰκοστῷ
3231 1913 3330 1967 καὶ
3382 1907 3669 2006 πέμπτῳ

440 2025 760 2094 captivitatis
792 2033 986 2078 nostrw
1007 2039 1168 2084 anno,
1196 2039 1370 2077 mense
1400 2023 1596 2091 primo,
1631 2024 1832 2077 decimo
1876 2039 2023 2076 men-

2134 2019 2240 2071 ἔτει
2289 2016 2398 2084 τῆς
2447 2012 2861 2083 αἰχμαλωσίας
2907 2008 3114 2078 ἡμῶν,
3173 2007 3244 2058 ἐν
3301 2003 3398 2069 τῷ³
3425 1997 3672 2094 πρὼτρι¹³

441 2091 517 2171 eis
553 2117 704 2186 (diei,
747 2131 884 2168 anno
929 2123 1116 2185 quarto
1165 2114 1368 2169 decimo
1420 2123 1698 2184 postquam
1747 2124 1901 2182 capta
1945 2123 2023 2167 est

2134 2109 2284 2176 μηνὶ,
2332 2105 2550 2172 δεκάτῃ
2585 2103 2692 2156 τοῦ
2720 2101 2938 2172 μηνὸς,
2969 2101 3038 2153 ἐν
3083 2097 3163 2163 τῷ
3195 2091 3673 2186 τεσσαρεσκαιδε-

441 2210 589 2264 urbs.
615 2209 752 2262 Hinc
780 2209 944 2262 etiam
973 2208 1324 2276 perspicuum
1355 2217 1459 2268 est,
1485 2209 1800 2277 prophetam
1827 2206 2024 2261 Jecho-

445 2300 548 2352 nite
597 2299 710 2365 regi
761 2296 1101 2365 captivitatis
1161 2295 1372 2350 socium
1430 2294 1631 2361 fuisse,
1680 2303 1805 2364 post
1861 2309 2022 2364 quem

446 2386 706 2441 Sedeeias
753 2385 1011 2440 undecim
1075 2385 1324 2474 regnavit
1373 2400 1568 2450 annos,
1621 2386 1804 2440 minus
1844 2395 2024 2438 tamen

444 2479 728 2533 mensibus
769 2479 964 2547 paucis
997 2495 1010 2530 :
1045 2477 1338 2531 undecimo
1372 2478 1575 2546 quippe
1609 2477 1853 2532 Sedeciae
1881 2477 2026 2546 regis

443 2584 589 2624 anno
621 2577 778 2638 capta
817 2576 905 2623 est
941 2570 1092 2623 urhs.
1130 2566 1262 2621 Jure
1295 2568 1462 2637 igitur
1492 2568 1651 2631 dixit,
1683 2583 1887 2622 annum
1918 2581 2028 2636 quo

445 2665 605 2724 capta
645 2655 745 2710 fuit
791 2657 928 2712 urbs
959 2657 1237 2711 decimum
1271 2664 1555 2725 quartum,
1597 2671 1712 2712 sua:
1745 2657 2031 2728 captivita-

447 2747 517 2800 tis
550 2748 802 2816 quintum
824 2757 878 2801 et
903 2748 1225 2802 vicesimum
1255 2762 1396 2802 esse.

515 2921 616 2978 Die
643 2924 740 2977 hoc
765 2924 869 2992 fuit
895 2939 1054 2991 super
1088 2939 1169 2978 me
1227 2940 1418 2977 manus
1461 2923 1695 2989 Domini,
1729 2923 1920 2993 (Vens.
1951 2921 2031 2989 2.)

449 3014 517 3070 Et
556 3012 712 3067 duxit
742 3031 822 3067 me
856 3014 982 3067 illuc
1009 3015 1060 3066 in
1085 3015 1284 3070 visione
1326 3015 1442 3077 Dei,
1474 3014 1700 3068 adduxit
1734 3023 1911 3067 autem
1954 3028 2034 3065 me

444 3105 505 3158 in
539 3112 737 3157 terram
784 3102 1030 3168 Israetis,
1055 3115 1105 3158 et
1133 3107 1305 3172 posuit
1337 3121 1418 3158 me
1442 3121 1599 3174 super
1633 3115 1857 3157 montem
1886 3102 2035 3155 valde

2124 2200 2280 2264 κάτῳ
2337 2199 2454 2250 ἔτει
2492 2196 2642 2264 μετὰ
2679 2192 2746 2246 τὸ
2796 2191 3022 2246 ἁλῶναι
3071 2191 3187 2256 τὴν
3234 2187 3436 2239 πόλιν.
3469 2181 3577 2235 Καὶ
3601 2181 3672 2230 ὲν·

2123 2290 2311 2343 τεῦθεν
2345 2287 2504 2356 δῆλός
2544 2287 2662 2338 ἐστι
2692 2285 2721 2336 ὁ
2768 2283 3055 2354 προφήτης
3105 2277 3332 2348 Ἰεχονίᾳ
3369 2273 3445 2344 τῷ
3493 2270 3675 2342 βασιλεί

2123 2377 2222 2445 τῆς
2247 2373 2623 2444 αἰχμαλωσίας
2654 2373 2990 2441 κοινωνήσας
3016 2386 3029 2399 ’
3061 2367 3177 2438 μεθ’
3197 2367 3254 2418 ὃν
3281 2363 3539 2424 Σεδεκίας
3567 2359 3676 2414 ἐδα-

2128 2467 2341 2518 σίλευσε
2363 2463 2553 2516 ἕνδεκα
2579 2461 2673 2532 ἐτη
2699 2460 2896 2529 ὀλίγων
2925 2459 3110 2530 μηνῶν
3139 2457 3467 2512 ἀποδέοντα·
3506 2455 3561 2505 ἐν
3588 2453 3676 2519 γὰρ

2127 2557 2201 2627 τῷ
2263 2555 2532 2625 ἑνδεκάτῳ
2589 2554 2696 2606 ἔτει
2751 2552 2851 2622 τῆς
2900 2550 3149 2604 Σεδεκίου
3194 2546 3472 2619 βασιλείας
3522 2543 3676 2614 ἦλωή

2129 2651 2302 2711 πόλις.
2341 2649 2581 2709 Εἰκότως
2620 2644 2796 2698 τοίνυν
2855 2642 2996 2712 ἔφη,
3035 2642 3097 2695 τὸ
3154 2640 3259 2710 τῆς
3301 2637 3555 2698 ἁλώσεως
3597 2632 3678 2700 τῆς

2131 2741 2338 2801 πόλεως
2355 2735 2938 2804 τεσσαρεσκαιδέκατον
2956 2732 3202 2801 ἕτος,τῆς
3228 2730 3409 2784 αὑτῶν
3424 2726 3680 2798 αἰχμαλω·

2133 2832 2251 2894 σίας
2285 2832 2529 2900 πέμπτον
2567 2823 2704 2882 εἶναι
2749 2829 2841 2880 καὶ
2878 2826 3142 2880 εἰκοστόν.

2213 2925 2310 2976 Ἐν
2332 2921 2405 2990 τῇ
2426 2922 2612 2991 ἡμέρᾳ
2639 2921 2824 2987 ταύτῃ
2844 2920 2887 2950 ιδ
2911 2919 3147 2988 ἐγένετο
3174 2917 3266 2970 ἐπ’
3295 2916 3401 2983 ἐμὲ
3431 2915 3556 2982 χείρ
3582 2917 3679 2966 Κυ-

2127 3015 2285 3080 ρίου.
2342 3013 2483 3082 (β’.)
2512 3012 2621 3065 Καὶ
2651 3011 2839 3081 ἤγαγέ
2864 3027 2941 3079 με
2969 3011 3010 3042 ¹⁵
3039 3009 3257 3062 ἐκεῖὲν
3279 3008 3483 3075 ὁράσει
3524 3004 3680 3064 Θεοῦ,

2136 3104 2323 3172 ἤγαγε
2352 3102 2420 3155 δέ
2472 3103 2608 3171 ys”
2667 3105 2755 3167 είς
2798 3101 2915 3168 τὴν
2955 3099 3074 3170 γῆν
3113 3098 3219 3154 τοῦ
3295 3096 3549 3165 Ἰσραὴλ,
3597 3097 3679 3146 καί

445 3193 730 3259 excelsum,
761 3203 809 3247 et
847 3194 900 3246 in
922 3209 980 3247 eo
1009 3195 1163 3264 quasi
1189 3195 1473 3264 wdiﬁcatio
1492 3195 1724 3247 civitatis
1749 3210 1776 3247 e
1799 3193 2026 3262 regione.

2136 3194 2316 3262 ἔθηκέ
2335 3211 2411 3261 με
2441 3195 2534 3246 ἐπ’
2566 3193 2743 3262 ὄρους
2776 3193 3022 3260 ὑψηλοῦ
3052 3192 3310 3259 σφόδρα,
3345 3190 3439 3242 καί
3474 3188 3563 3240 ἐπ’
3590 3188 3681 3237 αὺ-

447 3279 798 3337 Vaticinatus
857 3282 997 3352 ipsis
1033 3293 1223 3337 auctor
1256 3283 1503 3338 omnium
1539 3298 1722 3338 rerum
1770 3281 1912 3336 Deus
1945 3295 2032 3334 re-

447 3373 624 3428 ditqu
661 3374 1056 3442 ecaptivitate,
1088 3384 1426 3444 ostensaque
1462 3388 1558 3443 per
1599 3372 1880 3426 aridorum
1910 3372 2033 3426 illo-

447 3478 570 3518 rum
598 3464 810 3518 ossium
837 3465 1312 3519 resurrectionem
1347 3480 1448 3519 sua
1480 3463 1748 3533 potentia,
1781 3463 2034 3533 przedicit

448 3557 579 3613 item
617 3555 770 3610 urbis
810 3571 874 3610 ac
901 3557 1088 3626 templi
1126 3556 1554 3610 :editicationem
1598 3574 1610 3610 :
1647 3570 1822 3624 neque
1840 3554 2032 3609 verbis

447 3649 666 3696 tantum
709 3659 845 3699 usus
871 3652 981 3707 est,
1014 3643 1110 3698 sed
1136 3645 1300 3698 etiam
1349 3644 1515 3698 talem
1562 3643 1776 3697 indicat
1818 3643 2027 3714 1021

446 3735 719 3790 visionem
748 3737 1051 3806 prophetze,
1087 3735 1259 3790 divini
1299 3733 1545 3805 Spiritus
1567 3734 1807 3790 eﬂicacia
1832 3737 2033 3791 mentis

448 3826 600 3881 illius
629 3828 1063 3884 acieillustrata.
1099 3824 1176 3881 Ne
1211 3841 1339 3881 vero
1378 3826 1606 3896 singula
1656 3827 2034 3897 interpretan-

448 3925 535 3973 tes
574 3917 738 3987 hujus
779 3917 905 3971 libri
943 3917 1160 3988 legendi
1195 3915 1483 3972 studiosos
1528 3916 1802 3972 orationis
1855 3917 2032 3986 longi-

447 4007 640 4063 tudine
661 4007 1060 4080 defatigemus,
1103 4023 1293 4064 eorum
1319 4023 1441 4078 quae
1475 4008 1530 4062 in
1571 4008 1783 4079 Spiritu
1845 4010 2032 4064 divino

447 4099 727 4170 propheta:
789 4107 1010 4154 ostensa
1055 4108 1219 4164 sunt,
1279 4100 1597 4154 summatim
1665 4099 2030 4168 paraphrasi:

447 4189 744 4262 quamdam
804 4189 1008 4246 laccre‘
1070 4190 1436 4245 instituimus.
1500 4190 1589 4243 Ait
1645 4191 1834 4260 igitur,
1905 4207 1924 4240 ι
1976 4190 2030 4244 iu

445 4282 662 4337 visione
715 4281 834 4346 Dei,
883 4300 902 4333 ι
951 4281 1054 4337 hoc
1095 4291 1199 4346 est,
1251 4281 1552 4350 spirituali,
1613 4295 1722 4334 non
1779 4281 2030 4350 corporis

449 4372 684 4438 visione,
715 4383 952 4428 mentem
1005 4373 1124 4439 ejus
1181 4372 1235 4426 in
1294 4381 1494 4428 terram
1533 4371 1753 4426 lsraelis
1790 4370 2017 4426 ductam

447 4463 641 4530 fuisse,
684 4463 1001 4533 vidisseque
1047 4465 1103 4518 in
1141 4472 1326 4518 monte
1381 4463 1619 4532 quodam
1654 4462 1873 4518 excelso
1899 4462 2030 4516 aedi-

2061 4509 2104 4564 D

2133 3289 2238 3342 τοῦ
2257 3289 2396 3341 ὡσεί
2418 3289 2457 3319 ¹⁷
2477 3286 2758 3355 οἰκοδομὴ
2781 3287 3011 3350 πόλεως
3029 3284 3318 3338 ἀπέναντι
3337 3278 3681 3352 ¹⁸.Προθεσπί-

2135 3398 2230 3442 σας
2251 3381 2432 3440 αὑτοῖς
2457 3382 2485 3432 ὁ
2507 3380 2614 3431 τῶν
2631 3378 2767 3431 ὅλων
2793 3377 2924 3440 Θεὸς
2953 3378 3051 3446 τὴν
3080 3376 3186 3428 ἀπὸ
3203 3375 3300 3444 τῆς
3328 3371 3678 3444 αἰχμαλωσίας

2133 3471 2411 3534 ἐπάνοδον,
2446 3470 2540 3522 καὶ
2568 3471 2666 3540 τὴν
2688 3468 2894 3522 οἰκείαν
2917 3467 3206 3530 ὑποδείξας
3237 3466 3466 3536 δύναμιν
3491 3465 3570 3517 διὰ
3591 3461 3678 3526 τῆς

2132 3559 2238 3612 τῶν
2257 3557 2437 3629 ξηρῶν
2462 3557 2684 3609 ἐκείνων
2720 3556 2896 3608 ὀστῶν
2917 3556 3290 3616 ἀναστάσεως,
3329 3553 3574 3623 προλέγει
3597 3548 3678 3600 καὶ

2131 3650 2227 3719 τῆς
2269 3648 2474 3710 πόλεως
2509 3649 2600 3700 καὶ
2629 3647 2722 3699 τοῦ
2757 3647 2865 3701 νεὼ
2895 3648 2993 3718 τὴν
3015 3646 3328 3714 οἰκοδομίαν
3367 3661 3379 3674 ·
3405 3645 3498 3696 καὶ
3520 3641 3574 3693 οὑ
3604 3640 3675 3690 λό-

2131 3758 2248 3808 γοις
2292 3741 2554 3810 κέχρηται
2595 3739 2797 3808 μόνοις,
2853 3738 2987 3791 ἀλλὰ
3027 3738 3122 3790 καὶ⁵
3169 3735 3407 3804 θεωρίαν
3447 3731 3675 3798 τοιαύτην

2132 3831 2471 3886 ὑποδείκνυσι
2504 3831 2644 3910 ίζτῷ
2677 3833 2952 3901 προφήτῃ,
2983 3833 3048 3898 τῇ
3081 3828 3176 3882 τοῦ
3206 3827 3354 3879 θείου
3391 3824 3672 3892 Πνεύματος

2133 3923 2382 3993 ἐνεργείᾳ
2441 3926 2541 3993 τῆς
2589 3922 2828 3984 διανοίας
2885 3920 3048 3973 αὑτοῦ
3083 3920 3328 3987 φωτίσας
3365 3917 3425 3968 τὸ
3456 3912 3666 3968 ὀπτικόν.

2135 4016 2248 4068 Ἵνα
2285 4015 2340 4067 δὲ
2377 4014 2540 4085 μὴτὸ
2565 4014 2682 4067 καθ’
2736 4013 2966 4066 ἕκαστον
3015 4012 3409 4082 ἑρμηνεύοντες
3446 4005 3670 4062 ἀποκναί-

2133 4122 2314 4174 σωμεν
2344 4106 2468 4166 τοὺς
2495 4105 2921 4173 ἐντυγχάνοντας
2954 4103 3079 4172 τῇδε
3109 4105 3174 4172 τῇ
3218 4101 3387 4171 βίϐλῳ
3426 4101 3501 4170 τῷ
3531 4101 3664 4169 μήκει

2129 4197 2238 4250 τῶν
2266 4196 2460 4263 λόγων,
2490 4197 2546 4248 ὲν
2569 4197 2613 4228 ³ο
2655 4195 2934 4264 κεφαλαίῳ
2987 4192 3339 4263 παράφρασίν
3394 4208 3511 4244 τινα
3542 4189 3666 4256 ποιή-

2132 4285 2327 4339 σασθαι
2367 4285 2666 4356 βουλόμεθα
2705 4286 2814 4339 τῶν
2857 4285 3282 4354 ὑποδειχθὲντων
3318 4280 3662 4352 πνευματικῶς

2128 4376 2206 4446 τῷ
2245 4377 2513 4446 θεσπεσίῳ
2545 4377 2819 4448 προφήτῃ.
2857 4376 3022 4443 Λέγει
3059 4375 3272 4438 τοίνυν,
3325 4393 3343 4425 ι
3389 4376 3474 4426 Ἐν
3510 4374 3661 4442 ὁράσει

2133 4466 2288 4533 Θεοῦ,
2323 4486 2340 4519 ι
2401 4469 2642 4520 τουτέστι
2699 4469 3039 4537 πνευματικῇ
3067 4506 3081 4528 ,
3131 4467 3190 4518 οὐ
3231 4467 3511 4537 σωματικῇ
3553 4463 3662 4530 ὕψει.

450 4555 656 4620 ilcium,
713 4554 850 4626 [5,4]
894 4565 948 4610 et
969 4555 1263 4625 quemdam
1325 4554 1399 4608 ibi
1471 4561 1745 4618 stantem,
1787 4554 2028 4608 humana

2135 4560 2453 4630 ἀπαχθῆναι
2507 4559 2608 4629 μὲν
2669 4558 2834 4613 αὑτοῦ
2858 4560 2956 4630 τὴν
2986 4559 3226 4613 διάνοιαν
3256 4561 3336 4621 εἰς
3356 4559 3451 4628 τὴν
3472 4557 3566 4625 γῆν
3591 4552 3662 4605 τοῦ

447 4647 669 4717 quidem
704 4645 882 4700 forma
909 4645 1224 4715 praeditum,
1257 4646 1351 4700 sed
1375 4647 1562 4701 colore
1593 4646 2038 4716 splendidissimi

2143 4651 2380 4722 Ἰσραὴλ,
2412 4652 2540 4704 ἰδεῖν
2559 4651 2614 4703 δὲ
2645 4651 2730 4704 ἐπ’
2753 4650 2912 4723 ὄρους
2939 4650 3083 4713 τινὸς
3121 4649 3328 4721 ὑψηλοῦ
3373 4645 3661 4717 οἰκοδομίαν,

448 4745 614 4806 atque
646 4736 1005 4804 pulcherrimi
1031 4736 1182 4800 teris,
1214 4736 1606 4806 calamumque
1641 4745 1696 4791 et
1732 4737 2034 4792 funiculum

2135 4743 2224 4794 καί
2253 4759 2374 4795 τινα
2395 4743 2682 4811 ἑστηκότα,
2709 4742 2768 4794 τὸ
2809 4742 2907 4812 μὲν
2943 4737 3082 4806 εἶδος
3106 4740 3446 4811 ἀνθρώπειον
3484 4741 3660 4809 ἔχοντα,

447 4826 517 4879 ad
574 4824 888 4878 aediﬁcandi
943 4839 1101 4879 usum
1166 4832 1350 4893 aptum
1405 4826 1761 4891 all'ercntem,
1818 4827 2038 4895 sibique

2134 4830 2229 4900 τὴν
2248 4831 2304 4884 δὲ
2334 4831 2500 4900 χρόαν
2529 4829 2913 4900 λαμπροτάτου
2940 4831 3034 4883 καὶ
3064 4830 3550 4900 περικαλλεστάτου
3569 4827 3664 4896 χαλ-

446 4914 882 4983 praecipientem,
918 4926 978 4969 ut
1019 4932 1139 4985 quze
1171 4916 1604 4972 ostenderentur
1650 4919 2034 4988 conspiceret,

2134 4918 2252 4983 κοῦ,
2287 4919 2531 4987 κάλαμον
2552 4918 2609 4970 δὲ
2642 4920 2735 4971 καὶ
2770 4920 3032 4988 σπαρτίον
3071 4919 3412 4988 οἰκοδομικὸν
3442 4915 3662 4984 ἐπιφερόο

445 5011 504 5060 et
561 5021 680 5076 qua:
720 5006 1038 5062 dicerentur
1079 5007 1316 5062 audiret.
1359 5006 1495 5077 Ejus
1547 5009 1693 5063 enim
1747 5024 1913 5063 causa
1974 5024 2034 5064 se

2134 5027 2313 5080 μενον,
2342 5010 2437 5062 καὶ
2455 5009 2956 5080 παρακελευόμενόν
2987 5028 3076 5081 μοι
3107 5051 3122 5075 ,
3157 5011 3250 5064 καί
3290 5013 3358 5063 τὰ
3389 5005 3664 5062 ὑποδεικνύν

1758 5139 1994 5195 νλιιιλΕ
2037 5139 2324 5196 LECTION
2333 5140 2434 5194 ES.

518 5228 560 5262 ιι
599 5227 706 5280 τῶν
736 5227 965 5306 αἰώνων..
994 5229 1116 5284 Des.
1150 5230 1205 5306 in
1236 5229 1298 5283 Β.
1332 5300 1343 5306 _
1384 5231 1446 5306 _"
1485 5231 1530 5284 Α
1562 5232 1801 5306 πέμπτῳ
1831 5236 1936 5306 καί
1974 5234 2222 5306 εἰκοστῷ.
2285 5304 2291 5306 Α
2327 5235 2369 5266 ⁸³
2409 5233 2631 5306 πρώτῳ.
2681 5236 2760 5290 lta
2806 5237 3148 5292 emendanda
3187 5238 3290 5293 fuit
3329 5237 3483 5294 lectio
3524 5235 3660 5290 Sirm.

519 5251 560 5262 --
599 5251 706 5280 των
736 5251 965 5310 αιωνων..
994 5251 1116 5284 ves.
1150 5251 1205 5283 Ill
1236 5251 1298 5283 ι).
1406 5251 1446 5263 ··
1485 5251 1530 5284 Α
1562 5251 1801 5354 πεῗπτῳ
1831 5251 1924 5286 και
1974 5251 2222 5304 εικοστῳ.
2327 5251 2369 5266 ³⁸
2409 5253 2631 5306 πρωτῳ.
2683 5251 2760 5290 Ita
2806 5251 3148 5292 emenuanua
3187 5251 3290 5293 lutt
3329 5251 3483 5294 lectio
3524 5251 3660 5290 atrm.

447 5300 1073 5380 crepituqunauctontate
1098 5300 1219 5380 cod.
1257 5300 1347 5380 cui
1380 5299 1562 5380 favent
1592 5301 1634 5355 L
1666 5305 1816 5380 Eiet
1849 5304 2011 5380 Hebr.
2113 5304 2390 5380 "fatim.
2420 5308 2476 5380 _A
2531 5306 2755 5380 suetum
2849 5307 2892 5338 "
2931 5309 3022 5380 καὶ
3052 5309 3228 5380 ἤγαγέ
3276 5326 3376 5380 με.-
3399 5307 3513 5380 Haec
3532 5307 3660 5374 juxta

449 5367 589 5443 LXX
618 5367 670 5424 et
700 5367 866 5443 Hebr.
925 5370 1200 5443 pertinent
1230 5372 1496 5443 ad__vers.
1536 5373 1603 5443 i._
1665 5373 1708 5402 ¹⁶
1746 5373 1923 5442 ἤγαγε
1947 5373 2002 5425 δέ
2037 5391 2122 5443 με.
2159 5373 2285 5429 Des.
2319 5367 2372 5428 iii
2405 5375 2468 5428 A.
2580 5376 2618 5408 "
2659 5367 2820 5439 [ὡς.
2935 5375 2979 5407 ¹⁸
3017 5367 3298 5430 ἀπεναντιῖ
3332 5378 3483 5430 Hebr.
3513 5367 3660 5427 a'mc-

450 5441 608 5495 ridic.
698 5441 739 5516 ίξ
843 5439 1202 5516 ’ἐπιδείκνυσα
1303 5440 1348 5470 ⁸⁸
1390 5441 1448 5516 ὲν
1478 5471 1548 5516 -τ
1582 5439 1747 5516 θεσπτ
1768 5439 2230 5516 ’προφήτῃζίιίἱηο
2263 5446 2316 5498 in
2350 5445 2416 5498 iis
2465 5461 2585 5516 qua;
2617 5446 2822 5515 reliqua
2861 5453 3008 5511 sunt,
3045 5457 3228 5503 textus
3257 5448 3361 5500 τῶν
3391 5443 3538 5506 LXX,
3567 5445 3663 5516 ple-

447 5525 678 5579 rurnque
707 5509 1258 5580 desideraturtcu‘jus
1283 5510 1451 5564 ut.vel
1481 5510 1702 5580 aliquod
1737 5513 1791 5564 in
1823 5509 1923 5566 hac
1949 5509 2190 5568 editione
2219 5523 2461 5567 exstaret
2483 5509 2748 5568 indic-iuni
2770 5509 3163 5570 versiculorum
3199 5532 3450 5572 numeros
3476 5509 3656 5568 uncinis

445 5577 690 5658 inclusos
721 5582 774 5658 in
807 5579 1056 5658 versione
1082 5577 1275 5658 Latina
1312 5577 1608 5658 apponere,
1637 5582 1934 5658 simulque,
1968 5598 2091 5658 eum
2123 5583 2451 5639 Sirmundus
2483 5585 2547 5640 ad
2581 5586 2802 5640 unicum
2837 5599 2888 5640 c.
2921 5601 2987 5640 xl.
3011 5587 3281 5654 retulerit,
3314 5601 3429 5658 qua:
3464 5583 3523 5638 ad
3567 5585 3654 5634 duo

448 5653 692 5718 proxima
712 5650 872 5706 simul
892 5649 1184 5717 pertinent,
1204 5652 1400 5720 capitis
1419 5665 1706 5706 numerum
1727 5649 1929 5706 addere
1952 5653 2128 5707 visum
2153 5661 2255 5708 est.
