3860 6206
179 316 292 382 1221

1309 321 1392 382 ΙΝ
1431 318 1881 381 EZECHIELIS
1921 322 2078 384 CAP.
2103 324 2222 384 XL.

3280 323 3420 386 1522

180 447 296 504 μενα
320 427 560 497 θεωρεῖν,
587 428 682 481 καὶ
729 427 838 481 τῶν
891 430 1205 502 λεγομένων
1246 431 1486 487 ἀκούειν.
1531 432 1720 485 Τούτοι

1841 434 2061 490 venisse
2118 433 2333 496 aiebat.
2375 439 2506 487 utet
2560 431 2879 487 ostenderet
2933 439 2988 487 et
3037 433 3283 488 doceret.
3354 436 3421 490 Ut

176 523 269 590 γὰρ
293 521 444 589 χάριν
471 518 564 571 καὶ
585 519 901 590 ἐληλυθέναι
946 521 1206 592 ἔφασκεν,
1261 523 1403 577 ὥστε
1455 525 1550 578 καὶ
1591 527 1726 578 ὑπο-

175 611 320 675 δεῖξαι
351 610 444 662 καὶ
460 609 684 673 διδάξαι.
733 630 750 662 ι
782 612 901 666 Ἵνα
941 615 1033 666 καὶ
1080 615 1167 678 σὺ,
1214 615 1368 685 φησὶ,
1409 614 1585 668 ταῦτα
1616 616 1730 667 δια-

176 701 502 772 πορθμεύσῃς
536 701 613 770 τῷ
667 702 802 773 οἴκῳ
864 704 1147 776 Ἰσραήλ.»
1188 702 1322 760 Εἶτα
1373 707 1588 776 μετρῶν
1649 706 1728 776 τῷ

175 795 379 862 καλάμῳ
408 793 751 846 ὑποδείκνυσί
783 812 873 864 μοι
900 795 1118 851 ἅπαντα
1158 798 1256 866 τῆς
1303 797 1616 868 οἰκοδομίας
1657 798 1727 852 τά

176 885 330 955 μέτρα
358 885 397 914 ¹¹
432 901 444 912 ·
501 887 594 936 καὶ
655 885 869 955 πρῶτον
921 888 1020 957 μὲν
1074 890 1182 941 τῶν
1218 890 1405 944 πυλῶν
1431 891 1499 944 τὰ
1527 891 1724 963 μέτρα,

175 975 384 1028 καὶτῶν
410 975 758 1046 καλουμένων
796 979 966 1033 οὑδῶν
993 998 1052 1034 τε
1098 983 1191 1035 καὶ
1245 983 1590 1055 ὑπερθύριον,
1634 987 1726 1040 καὶ

176 1065 530 1134 παραστάδων.
550 1069 745 1136 Ama};
771 1070 878 1142 γὰρ
911 1073 1108 1137 ἑνικῶς
1134 1074 1234 1144 τὴν
1264 1077 1585 1146 παραστάδα
1621 1087 1723 1132 κα-

171 1156 243 1208 λεῖ
264 1173 274 1185 ·
299 1156 555 1222 αίλαμὼθ
569 1158 624 1208 δὲ
656 1158 1030 1229 πληθυντικῶς
1061 1179 1072 1191 ·
1097 1164 1191 1215 καὶ
1212 1163 1309 1217 θεὲ
1336 1165 1517 1229 πάλιν,
1551 1165 1645 1218 τόν
1661 1183 1721 1218 τε

173 1247 324 1302 οὐδὸν.
354 1248 447 1299 καὶ
470 1248 530 1299 τὺ
566 1249 874 1322 ὑπέρθυρον
896 1268 909 1281 ο
931 1254 1092 1324 θεείμ
1115 1256 1196 1321 δὲ,
1230 1257 1299 1310 τὰ
1330 1257 1465 1310 αὑτά
1490 1257 1726 1329 πληθυν-

171 1338 330 1399 τικῶς.
380 1339 534 1392 Οὕτω
565 1341 673 1410 γάρ
714 1336 874 1413 εὗρον
924 1345 1128 1400 τούτων
1159 1348 1310 1418 παρά
1340 1348 1418 1418 τῷ
1440 1348 1596 1420 Σύρῳ
1625 1349 1723 1420 τὴν

172 1429 456 1500 ἑρμηνείαν,
486 1432 652 1498 Λέγει
687 1433 743 1484 δὲ
775 1435 1078 1504 ἑωρακέναι
1113 1439 1172 1490 οὑ
1219 1439 1377 1508 μόνον
1402 1439 1500 1504 τὰς
1539 1441 1724 1504 ἐξωτέ-

172 1540 274 1591 ρας,
303 1522 435 1575 ἀλλά
463 1524 557 1576 καὶ
583 1524 680 1587 τὰς
701 1525 850 1578 ἔνδον
889 1527 1083 1596 πύλας,
1119 1533 1212 1583 καὶ⁵
1241 1532 1338 1594 τὰς
1373 1532 1577 1603 μεταξὺ
1615 1535 1723 1588 πά-

169 1611 238 1700 λιν
279 1613 460 1677 αὐλάς,
509 1615 607 1666 καὶ
655 1618 754 1680 τὰς
791 1619 1014 1674 ἐκείνων
1047 1623 1353 1695 ὲνδοτέρας.
1399 1627 1462 1677 Al
1493 1627 1592 1696 μὲν
1615 1627 1724 1700 γὰρ

169 1698 288 1772 ἦσαν
329 1705 703 1776 ἀφωρισμέναι
753 1712 865 1772 τοῖς
894 1711 1152 1782 ἱερεῦσιν,
1208 1715 1343 1769 αἰδὲ
1382 1719 1546 1771 πᾶσιν
1582 1698 1723 1791 ἦσαν

1839 544 1858 575 ι
1895 526 2060 578 etiam
2095 532 2179 590 tu,
2217 525 2421 595 inquit,
2467 525 2584 578 lucc
2607 523 2897 580 renunties
2927 525 3116 579 domui
3157 525 3347 582 Israel.
3396 547 3415 578 ι

1835 615 2003 688 [5-16]
2035 616 2243 673 Deinde
2277 617 2514 672 metiens
2542 618 2754 671 calamo
2785 616 3023 672 ostendit
3057 617 3189 672 mihi
3225 635 3421 676 omnes

1831 708 2047 763 aedificii
2070 724 2399 764 mensuras:
2435 725 2500 764 ac
2535 710 2769 779 primum
2798 717 3084 780 portarum
3111 725 3419 776 mensuras,

1831 807 1886 855 et
1921 815 2112 855 eorum
2151 816 2274 870 quae
2317 801 2508 855 limina
2567 810 2834 856 vocantur
2863 841 2876 865 ,
2926 808 2981 855 et
3031 803 3449 870 superlimina-r

1829 891 1996 956 rium,
2023 900 2078 946 et
2107 894 2374 962 pestium.
2419 893 2606 946 Aelam
2656 893 2805 946 enim
2861 893 3133 962 singulari
3188 883 3438 948 numero~

1826 991 2046 1052 postem
2089 990 2271 1045 vocat,
2303 983 2557 1038 wlamoth
2589 998 2719 1038 vero
2752 999 2989 1037 numero
3021 984 3416 1048 multitudinis,

1831 1084 2050 1145 postes;
2109 1086 2165 1131 et
2219 1077 2330 1130 (hee
2385 1093 2582 1132 rursus
2634 1076 2808 1131 limen
2851 1085 2906 1130 ct
2955 1077 3415 1146 snperliminare;

1832 1166 1988 1221 theim
2016 1183 2149 1222 vero
2179 1169 2395 1234 eadem,
2433 1185 2668 1224 numero
2709 1167 3102 1223 multitudinis.
3147 1171 3226 1222 Ita
3272 1170 3416 1223 enim

1830 1258 2072 1328 comperi
2106 1259 2249 1329 apud
2286 1260 2485 1332 Syrum
2517 1261 2711 1314 horum
2751 1261 3286 1331 interpretationem.
3321 1267 3419 1318 As-

1830 1350 1966 1404 serit
1999 1360 2206 1414 autem,
2246 1369 2305 1408 se
2345 1353 2553 1409 vidisse
2586 1370 2697 1408 non
2746 1354 2926 1410 solum
2958 1357 3286 1418 exteriores,
3321 1358 3416 1410 sed

1829 1445 1993 1498 etiam
2043 1446 2343 1502 interiores
2389 1457 2602 1516 portas,
2631 1454 2685 1502 et
2737 1463 2938 1502 rursus
2974 1449 3132 1503 aulas
3186 1449 3414 1518 interje-

1830 1545 1971 1601 etas,
2009 1545 2063 1590 et
2084 1553 2208 1607 quae
2244 1538 2354 1593 illis
2387 1538 2598 1608 1022
2630 1537 2948 1594 interiores.
2981 1538 3116 1592 Aliae
3139 1539 3287 1594 enim
3324 1555 3416 1593 sa-

1829 1625 2150 1682 cerdotibus
2214 1627 2435 1682 tributa:
2480 1627 2702 1682 fuerant
2767 1646 2782 1683 :
2845 1628 2912 1682 ad
2961 1628 3100 1683 alias
3156 1629 3417 1686 omnibus

1829 1719 2101 1775 lsraelitis
2148 1721 2334 1776 aditus
2378 1721 2623 1791 patebat.
2660 1721 2724 1775 Et
2767 1737 2938 1776 unum
2974 1724 3415 1804 circumseptum

180 1792 512 1884 Ἰσραηλίταις
541 1795 704 1865 βαταί
746 1816 760 1830 ·
791 1801 887 1855 καὶ
913 1801 1008 1854 ἕνα
1032 1803 1131 1872 μὲν
1176 1805 1233 1858 ὲν
1259 1805 1445 1880 κύκλῳ
1499 1810 1720 1881 περίϐο-

1829 1809 2069 1866 habebat
2095 1811 2188 1868 Dei
2221 1814 2511 1884 templum,
2554 1814 2853 1868 maximum
2901 1821 2954 1868 et
2988 1792 3361 1870 celsissimum
3397 1855 3413 1880 ,

168 1883 243 1934 λον
261 1879 391 1954 εἶχεν
421 1886 448 1938 6
482 1885 628 1953 θεῖος
647 1888 802 1955 νεὼς,
842 1893 1102 1962 μέγιστόν
1132 1913 1192 1949 τε
1216 1899 1310 1952 καὶ
1345 1879 1683 1970 ὑψηλότατον
1705 1921 1719 1937 ο

168 1972 293 2026 ἔνδον
318 1975 387 2066 δὲ
425 1977 544 2046 μετ’
600 1981 807 2035 ἐκεῖνον
847 1984 1071 2056 τειχίοις
1102 1988 1309 2060 ἑτέροις
1359 1990 1418 2044 τὸ
1455 1990 1720 2066 ὕπαιθρον

169 2066 291 2119 iit-trav
309 2065 576 2138 διώριστο.
621 2071 730 2124 Καὶ
767 2071 836 2125 τὰ
865 2074 964 2143 μὲν
1003 2077 1378 2150 ἀπενενέμητο
1434 2084 1597 2135 παντὶ
1634 2065 1720 2155 τῷ

166 2156 279 2228 λαῷ,
305 2160 367 2212 τὰ
393 2160 448 2214 δὲ
471 2162 728 2234 ὲνδότερα
762 2166 859 2218 καὶ
881 2169 1011 2238 παρ’
1033 2168 1194 2222 αὑτὸν
1228 2171 1319 2223 τὸν
1362 2172 1498 2226 νεὼν
1537 2175 1721 2244 μόνοις

167 2249 408 2318 ἀφιέρωτο
442 2255 556 2317 τοῖς
596 2254 820 2326 ἱερεῦσι.
852 2257 1018 2325 Λέγει
1062 2259 1241 2314 τοίνυν
1281 2261 1409 2315 ἰδεῖν
1452 2266 1508 2317 ἐν
1540 2268 1604 2336 τῇ
1634 2269 1720 2321 ἐν-

165 2339 331 2415 δοτέρᾳ
357 2344 486 2416 αὐλῇ
512 2348 883 2420 παστοφόρια,
929 2351 1025 2404 καὶ
1055 2353 1356 2423 περίστυλα
1377 2357 1672 2426 τριάκοντα
1702 2373 1716 2388 °

165 2437 222 2489 τὰ
243 2436 291 2489 δὲ
317 2441 695 2509 παστοφόρια
719 2443 746 2494 6
775 2442 946 2513 Σύρος
968 2445 1013 2476 ²¹
1037 2445 1289 2516 ἐξέδρας
1307 2449 1578 2522 ὠνόμασε.
1608 2455 1719 2508 Καὶ

165 2524 312 2578 ταῦτα
341 2526 395 2579 δὲ
420 2530 530 2592 τοῖς
561 2528 801 2598 ἱερεῦσιν
823 2533 1124 2604 ἀφώριστο,
1144 2535 1218 2599 ὡς
1239 2539 1268 2590 6
1298 2538 1460 2604 αὐτὸς
1480 2540 1718 2596 διδάσκει

167 2619 538 2690 προφήτης.Τῷ
573 2622 848 2696 θεσπεσίῳ
859 2625 917 2678 δὲ
934 2625 1132 2699 Ἡσαΐᾳ
1151 2631 1314 2699 φησὶν
1335 2633 1362 2684 6
1380 2631 1532 2696 Θεός·
1553 2654 1572 2686 ι
1595 2637 1719 2689 Εἴσ-

165 2708 268 2762 ελθε
302 2711 374 2774 είς
394 2713 450 2764 τὸ
478 2716 850 2787 παστοφόριον
879 2721 1013 2790 πρὸς
1039 2721 1264 2792 Σομμᾶν
1291 2723 1436 2778 ¹³τδν
1459 2742 1721 2797 γραμμα-

164 2800 263 2854 τέα.
285 2804 469 2870 »Λέγει
495 2805 554 2858 δὲ
595 2807 787 2861 ἑκατὸν
811 2809 910 2878 μὲν
939 2811 1158 2882 πήχεων
1188 2808 1347 2885 εὖρος
1375 2816 1722 2888 ἀπονεμηθῆ-

165 2909 236 2946 ναι
251 2896 359 2958 ταῖς
389 2895 686 2968 ἐξωτέραις
720 2901 931 2968 αὐλαῖς,
956 2908 1022 2974 τῇ
1040 2921 1100 2957 τε
1131 2907 1267 2977 πρὸς
1291 2907 1491 2978 ἄρκτον
1520 2912 1613 2963 καὶ
1649 2914 1716 2983 τῇ

165 2984 282 3054 πρὸς
313 2989 662 3062 μεσημϐρίαν
684 2991 982 3066 βελπούσῃ,
1010 2996 1272 3062 ὡσαύτως
1287 2997 1342 3051 δὲ
1378 3001 1473 3052 καὶ
1491 3003 1556 3071 τῇ
1586 3004 1719 3073 πρὸς

163 3074 294 3141 ἥλιον
317 3077 610 3150 ἀνίσχοντα
631 3083 764 3136 ’τῶν
790 3083 846 3138 δὲ
881 3085 1168 3157 ὲσωτέρων
1193 3090 1626 3164 αὑλῶνὲκάστης
1658 3097 1718 3147 τὸ

166 3167 249 3236 μὲν
290 3169 454 3241 μῆκος
485 3174 715 3244 πήχεων
745 3177 1104 3242 εἰκοσιπέντε,
1129 3180 1191 3233 τὸ
1214 3182 1268 3234 δὲ
1305 3178 1463 3254 εὖρος
1498 3188 1718 3256 πήχεων

163 3259 496 3330 πεντήκοντα.
543 3265 713 3332 Λέγει
746 3265 800 3318 δὲ
834 3269 928 3320 καὶ
958 3269 1056 3331 τὰς
1087 3270 1260 3336 πύλας
1295 3274 1527 3328 ἐοικέναι
1558 3277 1720 3348 ἀλλή-

163 3349 262 3412 λαις
274 3352 404 3407 κατὰ
431 3355 636 3420 πάντα,
654 3359 794 3412 κατά
819 3376 877 3411 τε
906 3360 977 3413 τὰ
1012 3361 1305 3432 μέτρα,κα“ι
1331 3369 1473 3420 κατά
1490 3367 1586 3432 τὰς
1614 3371 1720 3423 τῶν

163 3441 388 3531 φοινίκων
408 3445 627 3516 γλυφάς
648 3465 661 3478 ·
695 3448 762 3502 τὰ
791 3450 846 3503 δὲ
869 3452 1206 3525 ἑκατέρωθεν
1238 3457 1336 3527 τῆς
1368 3459 1538 3531 θύρας
1568 3478 1717 3529 γεισο

163 3530 378 3620 σώματα,
432 3539 616 3593 εῐτουν
675 3544 937 3611 κυμάτια,
1007 3547 1184 3602 αἵλευ
1239 3550 1600 3620 ὀνομάζει,ὲν
1631 3550 1719 3619 αἷς

158 3619 520 3712 διαγεγλύφθαι
554 3629 660 3701 ἔφη
681 3633 750 3685 τὰ
773 3633 882 3686 τῶν
903 3637 1161 3704 φοινίκων
1193 3619 1521 3711 εἰκάσματα.
1555 3645 1717 3712 Λέγει

158 3709 206 3765 δὲ
234 3712 492 3789 θεωρῆσαι
551 3722 652 3774 καὶ
701 3724 980 3794 τραπέζας
1027 3728 1368 3800 ἑκατέρωθεν
1406 3731 1514 3786 τῶν
1533 3733 1716 3786 πυλῶν

159 3805 411 3894 κειμένας,
469 3811 528 3862 ἐν
590 3806 677 3876 αἷς
713 3815 782 3867 τὰ
818 3816 990 3886 ἱερεῖα
1027 3819 1267 3884 τιθέντες
1306 3823 1353 3874 οἱ
1387 3823 1549 3894 ἱερεῖς
1580 3843 1718 3878 κατ-

159 3893 388 3965 έσφαζον,
415 3901 484 3955 τά
508 3919 574 3954 τε
597 3903 1058 3978 ὁλοκαυτούμενα,
1077 3911 1170 3963 καὶ
1189 3912 1256 3965 τὰ
1280 3913 1421 3985 ὑπὲρ
1440 3893 1720 3986 γάμαρτίας

160 3986 237 4079 καὶ
262 3989 476 4056 ἀγνοίας
536 3998 996 4068 προσφερόμενα’
1035 4003 1356 4074 πλησιάζειν
1393 4007 1449 4059 δὲ
1484 4008 1585 4079 ἔφη
1625 4011 1720 4062 καὶ

159 4075 317 4170 ῥύακά
341 4099 495 4148 τινα,
527 4086 593 4138 τὸ
647 4083 787 4157 αἷμα
836 4090 946 4143 τῶν
994 4092 1252 4164 θυμάτων
1303 4075 1715 4170 ὑποδεχόμενον,

158 4168 239 4258 καὶ
275 4172 351 4234 είς
382 4191 434 4226 τι
469 4176 674 4246 χωρίον
712 4179 1102 4251 ἀπῳκισμένον
1144 4185 1362 4249 πάντως
1411 4168 1717 4258 μετακομί-

158 4255 316 4348 ζοντα.
377 4262 537 4336 Εἶχον
588 4267 665 4334 δὲ,
715 4270 902 4340 φησιν,
953 4276 1008 4325 αἱ
1049 4275 1320 4345 τράπεζαι
1355 4255 1446 4330 καὶ
1489 4255 1720 4348 ὀρόφους

156 4347 342 4406 ἄνωθεν
369 4358 770 4424 καλύπτοντας,
796 4364 888 4416 καὶ
915 4364 1010 4417 τοῦ
1036 4383 1096 4418 τε
1128 4367 1308 4428 ὑετοῦ,
1340 4368 1435 4421 τοῦ
1470 4385 1529 4422 τε
1564 4369 1717 4439 ἡλίου

155 4443 242 4534 τὴν
264 4451 567 4524 προσϐολὴν
597 4455 982 4526 ἀπείργοντας.
1019 4461 1174 4514 Μετά
1215 4463 1388 4516 ταῦτα
1417 4463 1708 4534 διηγεῖται,

155 4533 220 4628 ᾡς
238 4538 448 4612 ἐξέδρας
509 4544 775 4601 ἐθεάσατο
840 4549 955 4614 δύο,
985 4550 1086 4622 τὴν
1131 4552 1229 4622 μὲν
1264 4555 1343 4616 είς
1374 4533 1594 4624 ἄρκτον,
1619 4557 1717 4628 τὴν

157 4627 206 4681 δὲ
235 4633 308 4696 εἰς
341 4640 693 4710 μεσημϐρίαν
727 4643 1175 4699 ἀποϐλέπουσανο
1219 4649 1535 4720 ἀμφοτέρας
1564 4651 1620 4704 δὲ
1659 4627 1720 4706 έν

155 4725 261 4788 ταῖς
281 4728 586 4801 ὲνδοτέραις
629 4733 1056 4808 ᾠκοδομημένας
1095 4740 1305 4804 αὐλαῖς,
1360 4743 1467 4795 Καὶ
1490 4743 1589 4813 τὴν
1621 4745 1721 4814 μὲν

157 4813 559 4876 ἀποϐλέπουσαν
581 4827 717 4896 πρὸς
768 4829 940 4895 νότον,
966 4833 1077 4894 τοῖς
1109 4832 1346 4900 ἱερεῦσιν
1385 4835 1723 4907 ἀπονενεμῆ-

160 4905 268 4960 σθαι
289 4910 410 4980 ἔφη,
442 4917 558 4977 τοῖς
614 4917 704 4970 τὸν
763 4917 907 4971 θεῖον
953 4921 1281 4989 φυλάττουσι
1310 4923 1444 4978 νεών
1467 4941 1480 4956 '
1512 4926 1611 4994 τὴν
1657 4905 1713 4979 δὲ

158 4998 279 5088 πρὸς
306 5001 510 5074 βορρᾶν
545 5007 981 5073 ἀποϐλέπουσαν,
1015 5017 1127 5076 τοῖς
1151 5014 1211 5067 τὸ
1229 5014 1618 5088 θυσιαστήριον
1654 5018 1714 5072 τὸ

157 5087 251 5152 ἔξω
273 5094 620 5159 φυλάττουσι.
663 5101 808 5173 Ἔφη
833 5102 888 5155 δὲ
919 5105 1011 5157 καὶ
1046 5107 1271 5171 τούτους
1300 5110 1585 5174 κάκείνους
1613 5111 1720 5164 ἀπὸ

156 5178 240 5231 τοῦ
285 5184 492 5241 Σαδοὺκ
543 5191 604 5243 τὸ
654 5195 810 5262 γένος
857 5199 1149 5267 κατάγειν·
1224 5200 1394 5255 πάλαι
1442 5203 1550 5272 γὰρ
1624 5203 1720 5257 τοῦ

257 5361 280 5391 °
315 5350 420 5409 lsa.
465 5373 605 5424 xx",
641 5361 726 5416 15.

1823 1912 1878 1958 et
1913 1905 2061 1959 intus
2088 1913 2212 1975 post
2240 1905 2400 1970 illud,
2435 1905 2562 1962 aliis
2609 1905 2788 1962 muris
2832 1906 2883 1959 id
2917 1921 3085 1960 omne
3131 1909 3276 1976 quod
3309 1906 3417 1961 sub

1822 1996 1915 2051 dio
1940 2005 2061 2053 erat
2094 1998 2382 2054 definitum
2415 1999 2615 2054 fuerat.
2649 1999 2716 2052 Et
2746 1999 2863 2054 haec
2892 1998 3117 2068 quidem
3145 1999 3292 2054 omni
3319 2014 3415 2068 po-

1823 2088 1953 2158 pulo
2014 2087 2237 2143 fuerant
2296 2089 2565 2144 attributa
2613 2108 2627 2145 :
2683 2089 2949 2144 interiora
2983 2104 3133 2155 vero,
3193 2099 3248 2143 et
3293 2105 3416 2158 quae

1822 2171 1992 2250 prope
2041 2181 2221 2250 ipsum
2260 2181 2528 2251 templum
2588 2188 2772 2246 erant,
2833 2179 2969 2235 solis
3027 2179 3415 2233 sacerdotibus

1819 2280 1980 2327 erant
2003 2271 2278 2328 dedicata.
2313 2271 2534 2345 [ΓΙ-211
2563 2274 2654 2326 Ait
2680 2272 2869 2342 igitur,
2901 2271 2956 2326 in
2991 2271 3238 2325 interiori
3270 2272 3414 2322 atrio

1820 2380 1881 2420 se
1936 2363 2144 2420 vidisse
2199 2365 2602 2436 pastophoria,
2660 2364 2892 2434 locaque
2947 2361 3223 2417 columnis
3273 2361 3412 2414 fulta

1820 2455 2070 2526 triginta.
2109 2455 2470 2526 Pastophoria
2513 2472 2643 2511 vero
2695 2455 2872 2526 Syrus
2907 2454 3128 2510 exedras
3173 2453 3414 2522 appella-

1818 2549 1916 2602 vit.
1961 2547 2027 2600 Et
2077 2547 2192 2602 haec
2246 2548 2376 2604 item
2420 2549 2806 2604 sacerdotibus
2858 2546 3116 2602 dedicata
3165 2545 3410 2608 fuerant,

1821 2649 1882 2694 ut
1909 2639 2050 2694 idem
2085 2642 2354 2710 propheta
2391 2642 2574 2696 docet.
2610 2640 2803 2696 Divino
2836 2649 3018 2696 autem
3049 2641 3222 2703 lsaim,
3268 2659 3285 2690 ι
3325 2641 3413 2692 ln-

1820 2731 2069 2803 gredere,
2095 2733 2172 2786 ait
2206 2731 2372 2797 Deus,
2423 2733 2478 2786 in
2531 2732 2948 2802 pastophorium
2999 2731 3066 2784 ad
3126 2730 3409 2784 Sommam

1821 2823 2064 2879 scribam
2087 2834 2133 2876 θ.
2177 2841 2196 2875 ι
2233 2824 2507 2895 Dicitque,
2569 2833 2792 2879 centum
2857 2825 3174 2878 cubitorum
3233 2824 3411 2876 latitu-

1820 2917 2005 2972 dinem
2040 2916 2417 2973 exterioribus
2471 2916 2616 2971 aulis
2679 2917 3018 2987 assignatam
3077 2915 3273 2978 fuisse,
3330 2915 3409 2968 illi

1821 3025 1942 3078 qua:
1974 3009 2040 3064 ad
2084 3009 2424 3079 aquilonem,
2455 3016 2509 3063 et
2555 3008 2632 3061 illi
2690 3023 2813 3078 qua:
2862 3008 2929 3062 ad
2974 3007 3282 3069 meridiem,
3320 3007 3410 3058 iti-

1824 3103 2061 3172 demque
2087 3101 2135 3156 ei
2189 3116 2312 3172 quae
2363 3100 2434 3155 ad
2485 3101 2757 3154 orientem
2809 3099 2981 3154 solem
3037 3097 3406 3168 respiciebat:

1826 3191 2155 3247 interiorum
2198 3205 2330 3246 vero
2356 3190 2609 3243 aularum
2641 3187 3050 3260 longitudinem
3089 3189 3408 3243 cubitorum

1823 3284 2016 3355 viginti
2058 3285 2326 3354 quinque,
2349 3282 2702 3337 latitudinem
2754 3282 3070 3338 cubitorum
3132 3281 3409 3351 quinqua-

1822 3377 1995 3447 ginta.
2026 3374 2242 3446 [ἰῇ-57]
2272 3375 2487 3430 Asserit
2517 3375 2648 3430 item
2689 3383 2880 3445 portas
2919 3374 3023 3429 sibi
3080 3373 3293 3428 similes
3351 3374 3406 3426 in

1821 3466 2081 3520 omnibus
2117 3465 2316 3531 fuisse,
2351 3473 2405 3519 et
2435 3464 2744 3519 secundum
2773 3479 3092 3524 mensuras,
3121 3470 3174 3518 et
3205 3478 3407 3518 secun-

1821 3557 1952 3611 dum
2014 3557 2327 3628 palmarum
2374 3555 2711 3624 sculpturas.
2740 3553 2808 3607 Et
2862 3555 2931 3609 ab
2981 3561 3215 3624 utraque
3255 3561 3411 3623 parte

1815 3649 2000 3718 janua:
2057 3647 2500 3710 imbricamenta,
2543 3647 2661 3702 sive
2703 3645 3108 3716 prominentias
3145 3648 3278 3699 (τίθη
3310 3661 3408 3714 ap-

1821 3741 2007 3809 pellat,
2039 3739 2242 3810 quibus
2298 3739 2610 3808 insculptas
2666 3737 2838 3794 fuisse
2903 3738 3043 3791 dixit
3101 3738 3406 3806 palmarmn

1821 3832 2110 3902 imagines.
2156 3829 2369 3903 [58-42]
2406 3831 2494 3883 Ait
2530 3831 2661 3885 item
2702 3846 2761 3886 se
2793 3829 3151 3900 conspexisse
3186 3843 3408 3882 mensas

1821 3925 1888 3978 ab
1915 3932 2148 3994 utraque
2183 3933 2338 3994 parte
2365 3931 2651 3994 portarum
2685 3923 2920 3992 positas,
2946 3922 3003 3976 in
3023 3925 3039 3942 '
3073 3921 3278 3992 quibus
3307 3936 3408 3990 po-

1819 4018 1956 4071 sitas
1999 4017 2255 4070 victimas
2304 4015 2626 4070 sacerdotes
2676 4015 3024 4086 jugulabant,
3061 4023 3116 4068 et
3145 4014 3408 4067 holocau-

1821 4119 1928 4173 sta,
1954 4116 2008 4162 et
2033 4124 2152 4178 quae
2184 4124 2281 4179 pro
2307 4119 2534 4179 peccato
2564 4115 2618 4163 et
2651 4108 2968 4179 ignorantia
2996 4106 3402 4161 offerebantur:

1819 4205 1871 4254 et
1900 4214 2072 4268 prope
2112 4198 2288 4254 fuisse
2337 4199 2479 4252 dixit
2529 4199 2707 4253 rivum
2743 4197 3037 4268 quemdam
3083 4197 3405 4268 sanguinem

1821 4292 2173 4345 victimarum
2229 4290 2623 4360 excipientem,
2667 4297 2723 4342 ct
2755 4290 2808 4342 in
2869 4289 3046 4342 locum
3107 4287 3402 4357 quemdam

1821 4395 2051 4450 prorsus
2089 4389 2358 4434 remotum
2399 4378 2758 4434 deferentem.
2815 4377 2930 4452 με]
2990 4377 3278 4432 llabebant
3308 4390 3406 4429 au-

1821 4477 1930 4525 tem
1968 4483 2195 4532 mensze,
2230 4467 2430 4538 inquit,
2483 4467 2693 4537 1023
2743 4466 2908 4521 etiam
2967 4474 3112 4520 tecta
3166 4480 3405 4536 superne

1822 4565 2148 4636 operientia,
2181 4563 2492 4633 pluviaque
2521 4570 2574 4617 et
2606 4561 2745 4617 solis
2777 4563 3041 4632 impetum
3075 4561 3406 4632 propulsan-

1819 4657 1915 4711 tia.
1951 4653 2164 4727 [ιι-46]
2198 4653 2404 4709 Deinde
2442 4662 2653 4720 narrat,
2703 4669 2764 4708 se
2813 4652 2953 4707 duas
3001 4653 3236 4709 exedras
3268 4668 3404 4707 con-

1821 4746 2097 4817 spexisse,
2127 4746 2357 4800 alteram
2389 4744 2454 4800 ad
2495 4745 2832 4815 aquilonem,
2875 4745 3106 4799 alteram
3139 4744 3204 4798 ad
3245 4745 3408 4800 meri-

1821 4839 1964 4893 diem
1996 4837 2405 4908 respicientem,
2449 4846 2740 4906 utramque
2766 4837 2822 4890 in
2866 4837 3232 4892 interioribus
3263 4839 3406 4894 aulis

1821 4929 2164 4985 aedificatam.
2203 4927 2268 4982 Et
2302 4944 2423 4999 quae
2473 4928 2540 4982 ad
2599 4939 2850 4983 austrum
2905 4931 3225 4998 respiceret,
3285 4947 3405 4986 eam

1823 5017 1955 5073 dicit
1980 5018 2306 5072 attributam
2357 5016 2532 5072 fuisse
2586 5018 2979 5074 sacerdotibus
3034 5035 3252 5074 sacrum
3311 5020 3407 5078 Dei

1825 5109 2092 5180 templum
2125 5109 2579 5164 custodientibus
2613 5127 2627 5162 :
2661 5125 2783 5180 qua:
2820 5126 2950 5165 vero
2975 5111 3039 5166 ad
3067 5113 3405 5182 aquilonem,

1834 5201 1902 5257 iis
1935 5201 2030 5271 qui
2069 5201 2316 5257 exterius
2372 5201 2545 5257 altare
2597 5201 2969 5258 custodirent.
3021 5201 3086 5259 Et
3143 5213 3260 5260 tum
3306 5205 3407 5260 bos

1399 5484 1632 5540 VARUE
1672 5484 2074 5542 LECTIONES.

372 5607 539 5696 μεξρῃς
619 5615 661 5646 ’³
700 5618 728 5670 ὁ
769 5618 954 5691 Σύρος.
995 5618 1323 5694 Symmacho
1370 5622 1512 5677 hanc
1552 5621 2059 5693 interpretationem
2104 5620 2300 5676 tribuit
2358 5623 2550 5680 Montf.
2611 5627 2665 5681 in
2723 5627 2946 5696 chapl.
3001 5627 3066 5681 ad
3126 5628 3178 5680 h.
3229 5627 3265 5681 Ι.
3302 5627 3404 5679 Σο·

162 5673 312 5736 μνᾶν.
374 5673 459 5708 ³³⁷
477 5673 561 5732 εδ.
