3860 6206
429 307 572 372 1223

1413 249 1902 364 Ti—IEODORETI
1935 293 2277 356 EPISCOPI
2311 287 2680 355 CYRENSIS

3554 287 3668 354 1224

433 425 551 471 tum
608 414 748 477 illos,
799 429 829 468 «ι
885 411 1098 467 Sadoeo
1151 409 1421 466 oriundos
1477 413 1617 466 dixit
1654 429 1667 464 :
1703 409 2013 478 antiquitus

2136 403 2392 475 Ἀϐιάθαρ
2417 405 2478 456 τὸ
2512 405 2668 470 γένος
2714 399 2920 455 ἔπαυσε
2945 397 3038 452 τοῦ
3063 399 3104 452 ίε
3116 396 3362 469 ρατεύειν
3386 398 3414 451 ὁ
3432 398 3536 451 τῶν
3551 401 3670 455 ὅλων

431 507 578 572 enim
621 505 937 559 Abiatharis
960 505 1135 574 genus
1169 503 1486 560 sacerdotio
1525 503 1804 558 abdicavit
1827 510 2022 556 auctor

433 593 678 647 omnium
748 606 929 644 rerum
995 590 1171 653 Deus,
1227 591 1536 646 secundum
1593 594 1759 647 latam
1828 600 2022 646 contra

438 681 555 736 Heli
606 681 911 749 principem
951 681 1303 737 sacerdotum
1331 722 1346 746 ,
1411 683 1761 738 sententiam.
1807 678 2021 753 [47-49]

437 771 754 826 lnteriorem
785 787 1008 841 quoque
1036 774 1240 839 aulam,
1267 789 1388 842 quae
1409 775 1714 844 respiceret
1736 773 1805 828 ad
1833 773 2022 828 orien-

437 873 544 915 tem
575 862 765 926 solem,
801 863 881 916 ait
911 878 941 916 a
972 864 1248 919 vestibulo
1279 864 1458 919 divini
1502 865 1690 934 templi
1748 879 1924 933 usque
1956 862 2025 919 ad

435 959 654 1020 portam
714 963 928 1006 centum
985 954 1249 1010 habuisse
1305 955 1526 1011 cubitos
1575 955 2022 1026 (longitudine),

438 1044 775 1113 totidemque
804 1046 1140 1104 latitudine:
1179 1064 1211 1105 e
1236 1049 1463 1119 regione
1500 1065 1631 1104 vero
1659 1050 1849 1119 templi
1887 1050 2026 1103 alta-

441 1140 596 1197 re,et
625 1133 810 1203 templi
860 1135 1198 1189 vestibulum
1257 1135 1453 1205 viginti
1491 1136 1808 1190 cubitorum
1847 1133 2024 1204 longi-

441 1225 687 1280 tudinem
739 1227 1025 1292 habuisse,
1058 1229 1485 1296 quatunrdceim
1521 1236 1704 1284 autem
1771 1224 2027 1280 latitudic

441 1330 596 1378 nem,
659 1327 983 1384 portamque
1036 1316 1213 1386 ipsius
1273 1318 1536 1372 similiter
1599 1315 2023 1387 quatuordecim

443 1403 790 1459 latitudinem
831 1405 1116 1474 habuisse,
1159 1418 1214 1462 et
1243 1409 1313 1462 ab
1349 1417 1587 1475 utraque
1637 1417 1796 1479 parte
1849 1406 2026 1476 ipsius

443 1495 615 1548 latera
652 1497 735 1550 vel
786 1505 974 1566 postes
1031 1515 1204 1569 usque
1238 1500 1302 1552 ad
1362 1501 1657 1572 angulum,
1712 1516 1780 1556 ex
1849 1501 2026 1556 tribus

444 1589 650 1642 cubitis
712 1599 1030 1660 utrumque.
1099 1591 1178 1644 Ita
1249 1592 1396 1646 enim
1462 1593 1655 1663 viginti
1708 1592 2025 1646 cubitorum

445 1697 702 1736 mensura
726 1683 1034 1752 perﬁcitur,
1058 1684 1227 1754 janua
1249 1684 1670 1753 quatuordecim
1695 1683 2024 1754 accipiente,

445 1783 500 1831 et
530 1776 845 1831 anconibus
873 1777 943 1831 ab
976 1785 1211 1847 utraque
1249 1785 1406 1846 parte
1437 1777 1563 1848 (hos
1590 1778 1740 1832 enim
1785 1777 2028 1832 humeros

447 1867 705 1936 vocavit).
738 1868 984 1937 reliquos
1043 1885 1166 1935 sex,
1205 1878 1395 1924 ternos
1436 1870 1588 1934 hinc,
1624 1879 1811 1925 ternos
1857 1868 2028 1922 illinc.

451 1961 608 2034 [ΧΗ.
645 1961 758 2033 1,2]
809 1961 988 2032 Ipsius
1038 1979 1263 2032 quoque
1317 1963 1503 2032 templi
1561 1971 1774 2031 portatu
1830 1961 2032 2016 habere

448 2051 591 2106 dixit
613 2051 962 2120 latitudinem
997 2052 1311 2106 cubitorum
1345 2052 1558 2117 decem,
1596 2059 1651 2106 et
1693 2052 1761 2106 ab
1793 2061 2032 2119 utraque

451 2151 607 2214 parte
642 2158 896 2200 anconas
943 2145 1230 2213 quinque,
1265 2151 1326 2196 ut
1378 2159 1576 2198 rursus
1611 2141 1803 2213 viginti
1857 2141 2030 2195 cubiti

452 2234 890 2290 absolverentur.
917 2233 982 2295 Et
1017 2234 1426 2299 dimensusest,
1482 2235 1684 2304 inquit,
1743 2241 1797 2286 et
1849 2234 2031 2303 ipsum

452 2327 738 2394 templum,
779 2336 832 2380 et
855 2325 1102 2381 ostendit
1136 2327 1269 2380 mihi
1297 2326 1667 2396 quadraginta
1715 2327 2031 2381 cubitorum

454 2415 893 2484 longitudinem,
959 2433 1022 2471 ac
1088 2418 1279 2488 viginti
1371 2417 1757 2483 latitudinem,
1820 2414 2034 2486 1025

453 2507 715 2576 aequalem
754 2507 1012 2562 vestibuli
1038 2522 1334 2562 mensum.
1375 2505 1517 2578 [5,4]
1557 2505 1681 2560 Vidi
1713 2515 1920 2572 autem,
1957 2505 2034 2560 in-

455 2597 596 2664 quit,
634 2597 862 2651 alteram
895 2612 1116 2666 quoque
1153 2604 1368 2668 portam
1409 2598 1501 2652 illa
1531 2597 1886 2667 ,interiorem,
1931 2611 2032 2651 cu-

451 2689 544 2757 jus
575 2686 808 2741 latitudo
832 2694 988 2741 erant
1029 2687 1200 2741 cubiti
1243 2703 1362 2749 sex,
1387 2696 1441 2742 et
1481 2687 1550 2742 ab
1593 2695 1827 2757 utraque
1875 2695 2033 2756 parte

456 2794 718 2842 ancones,
760 2778 1071 2832 cubitorum
1102 2787 1331 2848 septem.
1369 2778 1473 2834 Sex
1506 2779 1672 2850 igitur
1697 2781 1807 2835 illis
1828 2779 2034 2836 cubitis

457 2871 877 2940 quattuordecim
923 2870 1093 2924 additi
1151 2870 1344 2940 viginti
1412 2871 1732 2940 perﬁciunt.
1787 2870 2035 2926 AlIirmat

464 2970 652 3016 autem
697 2977 756 3016 se
783 2963 1146 3032 conspexisse
1177 2970 1366 3031 portas
1419 2971 1743 3033 separantes
1772 2978 1800 3015 a
1825 2961 2034 3018 sanctis

2123 497 2276 561 Θεὸς,
2306 495 2448 548 κατὰ
2471 495 2572 561 τὴν
2600 491 2972 562 ἐξενεχθεῖσαν
3008 491 3153 544 κατὰ
3187 491 3336 543 Ἠλεὶ
3375 491 3468 543 τοῦ
3505 493 3670 563 ἀρχιε-

2127 587 2266 659 ρέως
2289 586 2493 656 ψῆφον.
2514 584 2676 654 Λέγει
2729 584 2785 637 δὲ
2827 583 3102 653 ἐσωτέραν
3141 583 3186 613 ³⁵
3214 581 3404 652 αὐλὴν,
3439 581 3531 652 τὴν
3557 583 3672 654 πρὸς

2124 679 2274 750 ἥλιον
2305 677 2591 749 ἀνίσχοντα
2623 676 2944 746 βλέπουσαν,
2981 675 3089 728 ἀπὸ
3125 673 3220 728 τοῦ
3241 674 3568 744 προπυλαίου
3591 677 3672 730 τοῦ

2125 768 2270 824 θείου
2303 767 2409 820 νεὼ
2428 767 2590 838 μέχρι
2618 767 2714 836 τῆς
2729 766 2904 836 πύλης
2934 766 3129 819 ἑκατὸν
3159 765 3455 836 ἐσχηκέναι
3480 766 3671 837 πήχεις,

2126 861 2221 918 καὶ
2243 859 2305 916 τὸ
2331 854 2490 930 εὖρος
2528 859 2585 912 δὲ
2615 854 2878 920 ὡσαύτως
2939 857 3225 921 τοσούτους
3246 871 3259 885 °
3287 862 3608 929 καταντικρὺ
3627 861 3676 914 δὲ

2125 951 2219 1006 τοῦ
2277 949 2384 1004 νεὼ
2429 950 2492 1003 τὸ
2529 948 2945 1020 θυσιαστήριον·
3010 948 3074 1000 τὸ
3107 947 3165 1000 δὲ
3220 947 3555 1018 προπύλαιον
3593 950 3702 1042 τοῦ(

2125 1042 2232 1096 νεὼ
2255 1042 2427 1094 εἴκοσι
2464 1040 2563 1110 μὲν
2617 1040 2837 1110 πήχεων
2889 1037 2952 1091 τὺ
2984 1038 3180 1108 μῆκος,
3204 1039 3486 1108 τεττάρων
3517 1040 3570 1093 δὲ
3597 1037 3691 1095 my.

2126 1135 2257 1190 δέκα
2288 1133 2350 1185 τὸ
2405 1133 2602 1194 πλάτος
2628 1145 2642 1160 ·
2699 1131 2794 1184 καὶ
2838 1129 2935 1200 τὴν
2987 1129 3158 1198 θύραν
3219 1130 3388 1182 αὑτοῦ
3428 1131 3610 1199 ὁμοίως
3637 1134 3676 1164 ⁸³

2127 1226 2403 1296 τεττάρων
2437 1224 2532 1277 καὶ
2579 1223 2712 1278 δέκα
2755 1223 2816 1277 τὸ
2871 1222 3094 1287 πλάτος.
3122 1223 3248 1286 τοὺς
3273 1222 3330 1275 δὲ
3364 1223 3677 1293 ἑκατέρωθεν

2127 1322 2302 1390 αὐτῆς
2361 1318 2638 1389 ἀγκῶνας,
2682 1317 2716 1386 ἢ
2773 1317 3126 1387 παραστάδας
3159 1316 3322 1387 μέχρι
3357 1315 3462 1384 τῆς
3481 1317 3677 1382 γωνίας,

2127 1411 2239 1466 ἀπὸ
2289 1411 2456 1482 τριῶν
2510 1411 2732 1480 πήχεων
2789 1408 3079 1479 ἑκατέραν.
3136 1401 3295 1461 Ούτω
3330 1406 3446 1478 γὰρ
3483 1407 3572 1461 καὶ
3590 1409 3681 1461 τῶν

2127 1504 2300 1556 εἴκοσι
2329 1502 2548 1572 πήχεων
2610 1499 2916 1570 πληροῦται
2958 1499 3019 1551 τὸ
3050 1498 3268 1569 μέτρον,
3288 1501 3389 1571 τῆς
3409 1500 3505 1570 μὲν
3537 1501 3681 1573 θύρας

2128 1591 2395 1664 τέτταρας
2429 1592 2523 1644 καὶ
2576 1590 2707 1644 δέκα
2737 1590 3027 1660 λαϐούσης,
3068 1589 3176 1642 τῶν
3229 1591 3569 1662 ἑκατέρωθεν
3606 1593 3683 1659 ἀγ-

2132 1686 2321 1735 κώνων
2353 1680 2598 1752 (τούτους
2625 1680 2733 1752 γὰρ
2751 1679 3050 1749 ἐπωμίδας
3074 1680 3351 1750 ἐκάλεσε),
3367 1682 3496 1744 τοὺς
3515 1681 3680 1745 ἄλλους

2133 1771 2213 1838 ἒξ,
2245 1775 2393 1841 τρεῖς
2417 1771 2690 1834 ἐντεῦθεν,
2737 1771 2831 1824 καὶ
2877 1774 3025 1843 τρεῖς
3059 1771 3288 1824 ἐκεῖθεν.
3324 1770 3502 1824 Αὑτοῦ
3533 1771 3680 1826 δὲτοῦ

2133 1865 2238 1919 νεὼ
2266 1866 2362 1936 τὴν
2398 1864 2568 1933 θύραν
2598 1864 2702 1932 ἔφη
2761 1861 2920 1935 εὖρος
2957 1863 3102 1934 ἔχειν
3148 1864 3370 1935 πήχεων
3405 1864 3553 1930 δέκα,
3579 1867 3682 1928 τοὺς

2131 1959 2190 2011 δὲ
2226 1956 2570 2026 ἑκατέρωθεν
2616 1956 2872 2024 ἀγκῶνας
2911 1957 3020 2009 ἀπὸ
3066 1957 3230 2010 πέντε
3279 1958 3527 2026 πήχεων,
3565 1957 3682 2010 ὥστε

2135 2047 2472 2118 πληροῦσθαι
2526 2045 2690 2099 πάλιν
2742 2047 2868 2109 τοὺς
2919 2045 3092 2100 εἴκοσι
3122 2047 3319 2116 πήχεις
3345 2061 3358 2075 ·
3387 2046 3684 2118 διεμέτρησε

2132 2140 2208 2204 δὲ,
2227 2138 2383 2206 φησὶ,
2411 2136 2506 2190 καὶ
2533 2136 2694 2191 αὐτὸν
2721 2135 2812 2190 τὸν
2834 2135 2987 2199 νεὼν,
3009 2137 3105 2190 καὶ
3127 2137 3373 2201 ὑπέδειξέ
3401 2155 3495 2207 μοι
3515 2155 3683 2190 τεσσα-

2135 2231 2371 2300 ράκοντα
2403 2229 2623 2298 πήχεων
2651 2227 2713 2280 τὸ
2739 2227 2936 2297 μῆκος,
2975 2231 3146 2282 εἴκοσι
3172 2230 3228 2282 δὲ
3260 2229 3322 2282 τδ
3347 2230 3568 2293 πλάτος,
3598 2232 3686 2281 ἰσό-

2137 2335 2333 2390 μετρον
2357 2317 2435 2388 τῷ
2502 2317 2844 2388 προπυλαίῳ.
2884 2315 3039 2373 Εἶδον
3069 2319 3148 2387 δὲ,
3188 2320 3343 2390 φησί,
3394 2322 3492 2374 καὶ
3521 2322 3685 2392 ἑτέραν

2135 2410 2304 2481 θύραν
2360 2410 2644 2481 ὲνδοτέραν
2670 2413 2737 2475 ’⁸,
2767 2412 2828 2464 τὺ
2883 2411 3085 2474 πλάτος
3137 2412 3366 2480 ἔχουσαν
3401 2414 3592 2483 πήχεις
3618 2414 3682 2479 ἒξ,

2132 2509 2258 2571 τοὺς
2287 2508 2342 2561 δὲ
2375 2507 2711 2578 ἑκατέρωθεν
2731 2507 2984 2576 ἀγκῶνας
3013 2508 3122 2560 ἀπὸ
3147 2509 3369 2578 πήχεων
3405 2509 3544 2562 ἑπτά
3563 2525 3574 2538 ·
3595 2509 3687 2570 τοῖς

2135 2597 2194 2666 ἒξ
2222 2598 2400 2652 τοίνυν
2427 2599 2658 2669 πήχεσιν
2693 2601 2742 2652 οἱ
2775 2599 3036 2668 τέτταρες
3061 2599 3155 2652 καὶ
3189 2600 3323 2653 δέκα
3363 2600 3688 2670 προστιθέμε-

2134 2708 2217 2744 νοι
2243 2691 2368 2754 τοὺς
2384 2690 2554 2745 εἴκοσι
2579 2689 2866 2762 πληροῦσι.
2891 2691 3054 2758 Λέγει
3076 2690 3132 2743 δὲ
3167 2690 3468 2744 θεάσασθαι
3491 2692 3579 2744 καί
3606 2691 3688 2753 τὰς

2136 2781 2304 2850 θύρας
2324 2782 2422 2844 τὰς
2453 2778 2794 2850 διοριζούσας
2827 2781 2935 2834 ἀπὸ
2963 2780 3072 2834 τῶν
3108 2781 3280 2848 ἁγίων
3309 2782 3380 2833 τὰ
3408 2782 3573 2849 ’Ἅγια
3597 2781 3688 2832 τῶν

2137 2874 2326 2941 ἁγίων,
2364 2872 2462 2926 καὶ
2507 2872 2568 2925 τὸ
2611 2872 2706 2942 μὲν
2762 2868 2921 2943 εὖρος
2954 2871 3136 2926 αὐτῶν
3175 2872 3219 2903 ³⁷
3255 2874 3542 2943 ἰσόμετρον
3569 2869 3686 2926 εἶναι

2137 2963 2214 3032 τῷ
2239 2963 2364 3032 νεῷ,
2415 2964 2660 3018 τουτέστι
2715 2965 2935 3033 πήχεων
2993 2963 3197 3016 εἴκοσι·
3238 2963 3300 3017 τὸ
3342 2963 3398 3016 δὲ
3437 2963 3566 3032 ῦψος
3602 2965 3687 3032 πή-

460 3051 666 3105 Sancta
695 3058 1040 3114 sanctorum,
1059 3065 1292 3119 quarum
1317 3051 1827 3107 latitudinemdixit
1853 3066 2033 3120 aequa-

2141 3070 2281 3121 χεων
2305 3053 2736 3122 τεσσαράκοντα.
2775 3053 3025 3122 Ζητήσας
3055 3053 3232 3107 δὲκαὶ
3273 3054 3427 3125 παρὰ
3463 3054 3539 3124 τῷ
3559 3054 3689 3123 Σύρῳ

461 3140 564 3194 lem
591 3138 762 3194 fuisse
785 3139 968 3210 templi
987 3154 1280 3204 mensurae,
1298 3140 1402 3194 hoc
1416 3150 1503 3195 est
1522 3140 1834 3196 cubitorum
1855 3140 2035 3210 vigin-

462 3233 528 3297 ti,
547 3229 895 3284 altitudinem
915 3245 1045 3284 vero
1077 3231 1384 3286 cubitorum
1404 3230 1929 3302 quadraginta.Cum
1950 3246 2036 3286 ve—

464 3338 527 3376 ro
549 3321 888 3392 quaesiissem
920 3323 992 3375 ct‘
1026 3322 1169 3391 apud
1231 3320 1427 3393 Syrum
1465 3330 1519 3378 et
1578 3321 1721 3392 apud
1745 3321 2034 3376 Hebraeum

467 3415 642 3466 inveni
684 3411 1032 3466 altitudinem
1096 3428 1355 3468 mensura
1413 3414 1675 3482 arqualem
1731 3413 2032 3468 latitudini.

465 3501 834 3556 Consentiunt
851 3502 998 3558 enim
1020 3511 1273 3572 uterque,
1289 3513 1341 3557 et
1361 3501 1535 3574 Syrus
1562 3509 1616 3555 et
1638 3500 1922 3565 Hebraeus,
1939 3503 2037 3572 qui

469 3593 811 3647 latitudinem
835 3593 1248 3648 etaltitudinem
1271 3594 1461 3664 viginti
1484 3595 1796 3650 cubitorum
1827 3595 2036 3652 dixere.

469 3683 546 3756 [5,
566 3682 622 3755 6]
655 3682 1063 3740 Commemorat
1085 3699 1304 3755 quoque
1332 3700 1391 3739 se
1429 3683 1634 3756 duplex
1695 3685 1750 3740 in
1800 3686 2039 3744 circuitu

470 3776 655 3846 templi
685 3775 978 3830 aedilicium
1003 3779 1384 3847 conspexisse,
1423 3786 1478 3832 et
1509 3777 1648 3832 alios
1675 3793 1865 3836 muros
1887 3790 2040 3837 extra

471 3876 674 3924 tectum
701 3877 1079 3931 eonstructos,
1109 3877 1162 3922 et
1196 3869 1342 3924 inter
1377 3868 1519 3923 duos
1565 3885 1756 3926 muros
1800 3870 2042 3941 undique

469 3961 743 4033 porticum
807 3970 862 4016 et
919 3961 1210 4016 transitum
1263 3979 1278 4017 :
1330 3971 1494 4030 atque
1541 3961 1774 4031 hujusce
1824 3965 2043 4022 aedilicii

470 4068 693 4109 causam
726 4052 903 4119 affert,
942 4069 960 4103 ι
990 4049 1068 4106 Ne
1097 4053 1246 4123 quis,
1280 4052 1482 4122 inquit,
1509 4055 1698 4122 templi
1733 4054 2042 4124 parietibus

473 4145 962 4215 appropinquaret.
1007 4161 1025 4193 ι
1056 4143 1228 4215 [7-H]
1262 4146 1328 4200 Et
1355 4146 1500 4198 hunc
1529 4145 1706 4214 ipsum
1749 4154 2041 4218 angustum

474 4236 736 4289 ambitum
773 4234 911 4288 dixit
939 4235 994 4291 in
1032 4235 1192 4304 plana
1222 4243 1277 4289 et
1307 4235 1452 4290 edita
1486 4235 1720 4292 divisum
1756 4237 1949 4304 fuisse,
1979 4253 2043 4296 ac

2141 3142 2236 3194 καὶ
2264 3141 2418 3212 παρὰ
2437 3141 2514 3212 τῷ
2547 3141 2786 3214 Ἑϐραίῳ
2831 3142 2899 3196 τὰ
2951 3143 3147 3214 μέτρα,
3175 3140 3335 3216 εὗρον
3376 3145 3471 3198 καί⁷
3498 3145 3556 3197 τὸ
3579 3144 3688 3212 ὕψος

2143 3232 2426 3302 ἰσόμετρον
2447 3231 2524 3302 τῷ
2547 3232 2776 3286 πλάτει·
2808 3231 3197 3304 συνεφώνησαν
3233 3232 3342 3303 γὰρ
3395 3233 3687 3303 ἀμφότεροι,

2138 3321 2166 3374 ὅ
2192 3338 2251 3373 τε
2280 3320 2472 3390 Σύρος,
2505 3321 2532 3373 ὅ
2555 3337 2616 3373 τε
2645 3320 2690 3352 ³⁸
2749 3319 3024 3391 Ἐϐραῖος,
3051 3321 3224 3375 εἴκοσι
3264 3323 3485 3391 πήχεων
3511 3322 3688 3391 φήσαν-

2138 3429 2248 3477 τες,
2288 3413 2380 3466 καί⁵
2410 3413 2469 3466 τὸ
2491 3409 2669 3484 εὖρος,
2705 3415 2799 3468 καί
2820 3414 2879 3467 τὸ
2918 3411 3071 3482 ὕψος.
3106 3414 3270 3482 Λέγει
3290 3414 3347 3466 δὲ
3377 3415 3470 3466 καὶ
3497 3411 3688 3466 διπλοῦν

2139 3501 2426 3557 τεθεᾶσθαι
2449 3503 2632 3574 κύκλῳ
2651 3503 2748 3556 τοῦ
2768 3503 2894 3557 ναοῦ
2918 3504 2976 3556 τὸ
2992 3503 3354 3573 οἰκοδόμημα,
3375 3505 3467 3556 καὶ
3496 3503 3686 3570 ἐτέρους

2141 3595 2355 3666 τοίχους
2411 3592 2609 3658 ἔξωθεν
2669 3593 2770 3663 τῆς
2815 3595 3016 3664 ὀροφῆς
3079 3593 3552 3664 ᾠκοδομημένους,
3612 3593 3687 3645 καί

2145 3687 2346 3758 μεταξὺ
2384 3687 2492 3740 τῶν
2533 3685 2627 3740 δύο
2673 3686 2870 3757 τοίχων
2929 3686 3114 3758 κύκλῳ
3169 3687 3469 3757 περίπατόν
3514 3704 3570 3739 τε
3611 3685 3688 3738 καὶ

2141 3778 2333 3832 δίοδον.
2363 3777 2524 3847 Λέγει
2558 3778 2615 3831 δὲ
2661 3780 2756 3832 καὶ
2814 3781 2911 3848 τῆς
2937 3779 3248 3846 οἰκοδομίας
3285 3778 3489 3846 ταύτης
3519 3778 3690 3849 τὴναί-

2143 3871 2266 3924 τίαν
2293 3885 2307 3898 ·
2331 3887 2349 3920 ι
2391 3870 2511 3923 Ἵνα
2543 3870 2750 3940 μηδεὶς,
2781 3871 2933 3940 φησὶ,
2965 3870 3173 3941 πελάζῃ
3218 3871 3332 3932 τοῖς
3368 3869 3462 3922 τοῦ
3489 3869 3585 3921 νεὼ
3601 3867 3688 3920 τοί-

2145 3982 2278 4036 χοις.
2319 3983 2337 4014 ›
2371 3963 2571 4017 Τοῦτον
2606 3964 2662 4016 δὲ
2691 3964 2856 4018 αὑτὸν
2903 3965 3085 4018 στενὸν
3123 3964 3324 4017 κύκλον
3357 3964 3459 4034 ἔφη
3485 3966 3559 4026 εἰς
3588 3961 3687 4014 ἐπί-

2145 4058 2284 4111 πεδα
2309 4055 2403 4109 καὶ
2437 4055 2660 4128 ὑπερῷα
2685 4057 2995 4128 διῃρῆσθαι,
3033 4057 3126 4110 καὶ
3173 4055 3398 4126 θυρίδας
3423 4056 3558 4126 ἔχειν
3579 4054 3687 4118 ἔξω·

2153 4147 2245 4201 θεν
2309 4148 2410 4218 μὲν
2443 4148 2654 4211 στενὰς,
2678 4148 2978 4218 εύρυτέρας
3002 4148 3059 4201 δὲ
3095 4147 3326 4211 ἔνδοθεν,
3359 4149 3427 4212 ἃς
3453 4162 3686 4218 προσαγοσ

2147 4237 2326 4310 ρεύειν
2346 4238 2615 4309 εἰώθαμεν
2653 4237 2835 4304 λοξάςο
2866 4238 2962 4292 καὶ
2988 4238 3182 4308 ἑτέρας
3209 4237 3290 4302 δὲ,
3315 4240 3470 4307 φησὶ,
3503 4236 3583 4290 δύο
3611 4234 3685 4298 ἐξ·

477 4329 744 4383 ienestras
769 4327 1122 4382 extrinsecus
1147 4334 1432 4397 angustas,
1456 4327 1795 4384 intrinsecus
1816 4329 2033 4388 latiores

2148 4331 2307 4402 έδρας
2333 4331 2644 4401 ἐθεασάμην
2678 4330 3018 4401 ἑκατέρωθεν
3038 4330 3130 4383 τοῦ
3162 4330 3306 4383 θείου
3339 4330 3464 4391 νεὼ,
3497 4329 3582 4399 τὴν
3606 4327 3687 4396 μὲν
3716 4337 3722 4343 ·

477 4421 700 4487 habere,
735 4433 872 4488 quas
919 4419 1180 4488 obliquas
1216 4419 1494 4488 appellare
1526 4421 1958 4489 consuevimus;
1993 4432 2033 4477 el

2150 4401 2231 4488 εἰς
2260 4424 2458 4494 ἄρκτον
2494 4423 2937 4489 ἀποϐλέπουσαν,
2961 4423 3058 4492 τὴν
3085 4423 3142 4475 δὲ
3173 4422 3312 4492 πρὸς
3345 4423 3526 4475 νότον·
3555 4418 3687 4472 τοῦτο

476 4510 635 4574 alias,
713 4508 1094 4578 inquit,duas
1166 4509 1400 4565 exedras
1453 4508 1521 4563 ab
1608 4520 1842 4580 utraque
1899 4519 2033 4582 part4

2151 4509 2260 4580 γὰρ
2295 4509 2521 4562 ἐκάλεσε
2549 4510 2926 4578 προσευχὴν,
2960 4510 3146 4580 ἐπειδὴ
3171 4513 3283 4573 τοῖς
3315 4510 3385 4564 τὰ
3412 4509 3684 4580 βορειότερο

477 4600 647 4654 divini
684 4601 870 4670 templi
913 4600 1196 4668 conspexi,
1231 4601 1456 4655 alteram
1499 4601 1566 4655 ad
1600 4602 1914 4672 aquilonem
1966 4619 2053 4660 re-

2149 4601 2251 4672 τῆς
2291 4601 2641 4673 Ἰερουσαλὴμ
2691 4601 2930 4656 οἰκοῦσιν
2967 4603 3241 4656 Ἰουδαίοις
3267 4603 3389 4666 εθος
3447 4601 3580 4655 ἐστὶν
3609 4598 3684 4650 εύ-

479 4693 819 4762 Spicientem,
858 4689 1087 4744 alteram
1121 4697 1300 4744 autem
1331 4689 1397 4744 ad
1439 4697 1689 4746 austrum
1723 4710 1738 4748 :
1771 4691 1875 4747 hoc
1904 4692 2033 4748 enin

2151 4691 2422 4762 χομένοις,
2449 4691 2586 4762 πρὸς
2608 4692 2958 4764 μεσημϐρίαν
2980 4692 3310 4747 ἀποϐλέπειν
3338 4693 3477 4748 κατὰ
3496 4691 3581 4761 τὴν
3602 4685 3684 4754 τῆς

479 4783 694 4838 vocavit
729 4781 1044 4843 orationem,
1077 4780 1348 4850 siquidem
1382 4794 1477 4835 eas
1515 4789 1703 4850 partes
1731 4777 2052 4852 Hierosoly-

2151 4781 2359 4846 πόλεως
2380 4781 2548 4836 θέσιν.
2613 4781 2778 4850 Λέγει
2830 4782 2909 4846 δὲ,
2961 4782 3164 4852 μεταξὺ
3200 4783 3296 4836 τοῦ
3326 4782 3468 4836 θείου
3493 4782 3583 4834 νεὼ
3609 4778 3683 4831 καὶ

481 4888 602 4935 mm,
622 4888 742 4940 quae
765 4873 937 4942 magis
957 4880 1190 4942 vergunt
1221 4871 1287 4925 ad
1315 4873 1652 4942 aquilonem,
1683 4872 2033 4928 incolentibus

2153 4874 2248 4943 τῆς
2279 4872 2620 4946 καλουμένης
2671 4873 2917 4945 ἐξέδρας,
2986 4874 3146 4928 πέντε
3197 4875 3450 4944 διορίζειν
3487 4876 3682 4942 πήχεις’

480 4959 708 5024 Judaeis,
765 4977 885 5016 tuos
933 4970 1040 5027 est,
1093 4977 1217 5016 cum
1279 4970 1600 5031 precantur,
1650 4961 1717 5017 ad
1769 4962 2033 5018 meridien

2150 4962 2259 5017 ἀπὸ
2286 4962 2342 5015 δὲ
2400 4962 2495 5017 τοῦ
2549 4964 2802 5036 ἑσπερίου
2835 4963 3050 5036 τείχους
3080 4964 3275 5035 μέχρις
3306 4967 3473 5035 αὐτῆς
3502 4963 3588 5032 τῆς
3612 4956 3682 5020 ὲξσ

483 5051 777 5121 respicere,
811 5053 1117 5107 secundum
1146 5053 1299 5108 urbis
1326 5054 1511 5108 situm.
1571 5053 1776 5127 [12-14]
1829 5055 2053 5125 Aitque,

2152 5053 2309 5125 ἐδρας
2341 5054 2710 5124 ἐϐδομήκοντα
2741 5053 2883 5108 εἶναι
2911 5057 3128 5127 πήχεις,
3164 5051 3326 5128 εὖρος
3352 5058 3398 5092 ²⁹
3432 5056 3484 5107 δὲ
3507 5049 3681 5114 ἐννενή·

485 5139 627 5195 inter
657 5140 750 5196 Dei
774 5144 1035 5212 templum
1068 5153 1122 5199 et
1157 5143 1238 5199 sic
1270 5144 1475 5199 dictam
1503 5145 1783 5211 exedram,
1815 5146 2033 5216 quinqul

2156 5165 2338 5202 κοντα.
2369 5148 2546 5209 Μέσος
2568 5146 2644 5210 δὲ,
2665 5147 2848 5216 φησὶν,
2868 5141 2977 5215 ἦνὸ
3002 5145 3143 5208 θεῖος
3161 5146 3318 5212 νεὼς,
3350 5143 3546 5199 σανίσιν
3568 5139 3683 5194 ἅπας

485 5231 702 5287 cubitos
727 5233 968 5298 deliniri,
1005 5243 1059 5290 et
1093 5251 1122 5288 a
1154 5235 1365 5305 pariete
1409 5235 1719 5292 occidentis
1774 5252 1949 5307 usque
1992 5251 2033 5290 at

2156 5234 2589 5304 κεκαλυμμένος,
2650 5235 2711 5286 ού
2769 5235 2896 5297 τοὺς
2921 5235 3130 5304 τοίχους
3174 5236 3355 5304 μόνον,
3383 5233 3510 5286 ἀλλὰ
3535 5229 3613 5284 καὶ
3637 5221 3685 5275 τδ

485 5324 659 5393 ipsam
692 5326 946 5381 exedram
991 5329 1340 5399 septuaginta
1393 5327 1612 5385 cubitos
1643 5329 1939 5394 interesse,
2000 5340 2054 5383 et

2159 5328 2353 5394 ἔδαφος
2379 5327 2472 5380 καὶ
2485 5327 2577 5380 τὸν
2596 5327 2811 5399 ὖροφον.
2836 5325 2962 5397 Εἶχε
2979 5327 3032 5381 δὲ
3056 5329 3149 5388 καί
3172 5327 3390 5398 θυρίδας
3406 5319 3682 5380 δικτυωτὰῇ

1750 5501 1982 5559 VARUS
2019 5500 2426 5558 LECTIONES.

556 5593 604 5625 ’δ
639 5594 682 5645 Β
707 5611 892 5662 praem.
928 5596 1048 5662 τήν.

1148 5597 1194 5668 ’ξ
1233 5573 1449 5668 ὁμοίως.
1472 5596 1522 5668 Β
1553 5613 1736 5668 praem.
1768 5597 1949 5650 πάλιν.
2039 5596 2294 5668 “Lava”.
2332 5597 2373 5650 Β
2399 5611 2587 5666 prtem.
2636 5596 2872 5667 ἐκείνης.

2980 5598 3023 5628 ’⁷
3065 5596 3266 5652 αὐτῶν.
3310 5597 3350 5648 Β
3395 5592 3532 5650 addit
3572 5585 3670 5656 ἔφη·

489 5659 535 5692 ”
564 5664 603 5714 Β
631 5659 725 5716 καί
745 5668 792 5721 ὁ,
871 5667 914 5698 ¹⁹
955 5659 1129 5737 εὖρος.
1156 5659 1317 5722 Juxia
1353 5667 1490 5721 LXX
1523 5659 1576 5722 ei
1600 5667 1762 5723 llebr.
1797 5669 1900 5735 leg.
1935 5673 2018 5720 est
2055 5665 2250 5735 μῆκος.
