3860 6206
466 250 594 314 1231
1443 258 1543 316 ΤΠ
1553 258 1925 318 EODOIlETI
1956 261 2010 319 E.

2118 263 2289 323 .COPI
2324 266 2683 328 CYRENSIS

461 380 586 421 cum
617 366 667 418 in
711 376 1034 438 perpetuum
1093 366 1322 435 habitat,
1389 370 1443 423 in
1496 379 1740 441 tempore
1793 372 1859 426 ab
1899 374 2010 442 ipsi:

2135 378 2453 447 ἀμπελῶνος
2499 381 2742 435 ἐκϐαλὼν
2794 384 2874 446 είς
2917 383 3016 454 τὴν
3042 384 3361 457 οἰκουμένην
3397 384 3649 457 διέσπειρε,

461 455 703 512 fructum
738 458 1063 549 percipiens:
1113 456 1338 531 [ιο-ιε]
1375 459 1581 516 Deinde
1620 464 1867 534 praecipit
1909 480 2008 536 pro

2135 467 2223 518 τὸν
2252 468 2307 520 δὲ
2339 469 2634 539 ἀμπελῶνα
2680 470 2889 535 ἐξέδοτο
2921 472 3100 536 ἄλλοις
3139 455 3419 543 γεωργοῖς,
3467 475 3569 544 μεθ’
3586 455 3654 527 *ὧν

459 551 657 619 plietae,
713 558 771 605 ut
810 551 1014 620 papulo
1066 553 1327 608 ostendat
1378 555 1566 624 templi
1615 555 1926 620 aedificium,
1977 575 2007 611 υ

2133 561 2213 626 είς
2245 561 2336 613 τὸν
2379 561 2551 615 αἰῶνα
2584 565 2948 633 κατασκηνοῖ,
2978 565 3058 627 εἰς
3106 564 3297 635 καιρὸν
3343 565 3460 633 παρ’
3506 565 3655 617 αὐτῶν

456 655 680 716 propter
710 646 957 700 beneﬁcii
985 648 1419 718 magnitudinem
1444 657 1499 704 et
1530 664 1682 720 spem
1725 653 2010 707 restitutio-

2132 653 2256 714 τοὺς
2297 654 2541 722 καρποὺς
2582 655 2955 724 κομιζόμενος.
2992 648 3127 709 Εἶτα
3168 654 3571 726 παρακελεύεται
3592 656 3657 726 τῷ

456 737 546 793 nis
569 738 623 791 in
648 737 941 808 pristinum
981 745 1212 803 statum,
1245 738 1455 813 pudore
1484 740 1682 795 suffusi
1711 741 2010 811 delinqueri

2132 743 2387 816 προφήτῃ
2418 742 2585 808 δεῖξαι
2618 745 2696 816 τῷ
2727 745 2840 817 λαῷ
2883 745 2978 798 τοῦ
3008 745 3113 800 νεὼ
3149 747 3246 817 τὴν
3267 745 3657 816 οἱκοδομίαν,ῖνα

453 829 742 895 desinant,
801 836 857 885 et
900 830 1008 886 ab‘
1058 831 1341 902 impietate
1373 831 1653 887 deficiant.
1689 832 1812 888 Non
1851 834 2010 890 solun

2128 834 2215 888 διὰ
2251 836 2311 887 τὸ
2343 836 2570 906 μέγεθος
2595 837 2693 908 τῆς
2728 837 3044 909 εὐεργεσίας
3077 837 3171 891 καὶ
3222 836 3321 908 τῆς
3365 836 3553 900 ἐλπίδος
3577 818 3657 907 τῆς

453 927 633 976 autem
682 920 876 976 leviter
933 921 1297 988 adumbrare,
1351 930 1404 978 et
1457 924 1660 994 popqu
1714 923 2010 980 describeri

2127 925 2477 998 ἀνακλήσεως
2525 927 2913 999 ἐντραπέντες,
2956 928 3048 981 τοῦ
3084 927 3422 999 πλημμελεῖν
3447 929 3531 979 καὶ
3559 928 3659 979 δυσ-

3537 274 3649 338 12ῢὲ

451 1009 639 1079 templi
677 1007 1094 1065 aedificationem
1121 1010 1315 1080 jussus
1355 1019 1460 1077 est,
1510 1011 1606 1066 sed
1656 1012 1822 1067 etiam
1879 1012 2010 1067 illius

2128 1016 2303 1069 σε6εῖν
2357 1018 2690 1072 παύσωνται.
2750 1020 2825 1072 Οὐ
2894 1019 3052 1089 μόνον
3103 1019 3159 1072 δὲ
3213 1016 3556 1086 σκαριφεῖηαι
3584 1018 3660 1070 καὶ

449 1103 810 1157 caeremonias
841 1110 897 1157 et
923 1102 1357 1158 consuetudines
1397 1101 1729 1167 ostendere,
1773 1109 1833 1157 ut
1888 1103 2010 1173 ipso

2123 1105 2417 1177 διαγράψαι
2445 1106 2542 1178 τὴν
2567 1108 2875 1179 οἰκοδομίαν
2908 1106 3134 1178 τῷλαῷ
3169 1107 3521 1178 προσετάχθη,
3550 1105 3660 1159 ἀλλὰ

449 1210 569 1249 rum
597 1193 985 1250 observatione
1022 1194 1312 1249 Dominum
1369 1195 1573 1249 colant.
1608 1193 1824 1250 Asserit
1870 1194 2010 1250 item

2126 1200 2217 1249 καὶ
2232 1197 2417 1251 τούτου
2442 1198 2535 1250 καὶ
2548 1199 2594 1230 ⁸³
2606 1196 2946 1269 δικαιώματα
2969 1199 3064 1252 καὶ
3084 1197 3151 1251 τὰ
3175 1198 3383 1269 νόμιμα
3404 1196 3658 1261 ὑποδεῖξαι,

449 1301 510 1343 se
531 1285 956 1356 contemplatum
991 1301 1114 1341 esse
1137 1287 1304 1341 etiam
1352 1286 1777 1357 thymiamatum
1828 1285 2010 1351 altare1

2124 1285 2212 1339 ἴνα
2235 1288 2301 1356 τῇ
2320 1284 2527 1338 τούτων
2549 1286 2762 1357 φυλακῇ
2804 1286 3183 1356 θεραπεύσωσι
3206 1286 3251 1318 °"
3278 1286 3372 1340 τὸν
3404 1286 3658 1354 Δεσπότην.

448 1378 606 1449 cujus
633 1377 866 1432 altitudo
885 1379 1120 1432 duorum
1156 1378 1493 1443 cubitorum,
1515 1377 1806 1448 longitudo
1837 1378 2010 1445 unius,

2121 1374 2286 1444 Λέγει
2313 1375 2371 1429 δὲ
2422 1375 2711 1429 τεθεᾶσθαι
2741 1377 2834 1430 καὶ
2862 1377 2923 1430 τδ
2967 1376 3075 1431 τῶν
3128 1377 3483 1448 θυμιαμάτων
3510 1375 3661 1429 θυσια-

447 1477 500 1523 et
531 1468 763 1523 latitudo
799 1468 1048 1538 ejusdem
1084 1483 1358 1524 mensurae
1382 1478 1521 1524 erat.
1559 1468 1627 1522 Et
1656 1470 1767 1524 duo
1799 1485 1860 1524 se
1888 1469 2010 1523 alta-

2125 1471 2364 1541 στήριον,
2397 1470 2456 1523 τὸ
2487 1470 2586 1541 μὲν
2615 1470 2748 1541 ὕψος
2779 1470 2874 1524 δύο
2907 1472 3147 1542 πήχεων,
3188 1471 3248 1524 τὸ
3289 1470 3350 1523 δέ
3396 1471 3556 1539 μῆκος
3578 1471 3661 1539 πή-

445 1558 531 1617 ria'
573 1561 925 1631 conspexisse
966 1561 1063 1626 ait,
1126 1576 1234 1616 non
1300 1561 1531 1631 aequalis
1586 1577 1879 1628 mensurae,
1928 1562 2010 1618 sed

2122 1579 2280 1633 χεως,
2311 1564 2596 1634 ίσὸμετρον
2616 1563 2660 1596 ⁵³
2689 1563 2746 1616 δέ
2772 1559 2949 1634 εὖρος,
2976 1563 3137 1632 Λέγει
3158 1563 3250 1615 καὶ
3280 1561 3378 1616 δύο
3410 1560 3659 1613 τεθεᾶσθαι

446 1653 680 1706 alterum
710 1652 911 1720 majus,
954 1651 1184 1706 alterum
1216 1651 1421 1707 minus.
1471 1652 1830 1709 Commodum
1892 1668 2010 1709 verc

2125 1654 2433 1726 ἱλαστήρια,
2465 1655 2565 1707 οὐκ
2599 1655 2644 1687 ⁸⁸
2671 1653 2955 1725 ίσόμετρα,
2986 1653 3123 1708 ἀλλὰ
3153 1653 3212 1707 τὸ
3242 1653 3342 1724 μὲν
3366 1652 3584 1717 ἔλαττον,
3612 1652 3661 1704 τὸ

448 1742 612 1795 fuerit
645 1748 705 1795 ut
737 1739 1103 1811 inquiramus,
1129 1756 1248 1806 cur,
1275 1755 1402 1796 cum
1425 1734 1620 1797 beatus
1644 1741 1823 1799 Moses
1848 1759 2010 1798 unum

2118 1744 2175 1798 δέ
2238 1746 2440 1815 μεῖξον.
2494 1745 2814 1814 Ἀναγκαῖον
2847 1744 3103 1816 ζητῆσαι,
3143 1744 3194 1797 τί
3224 1744 3427 1815 δήποτε
3467 1741 3551 1795 τοῦ
3580 1759 3661 1811 μα-

443 1832 887 1904 propitiatorium
916 1833 1215 1889 secundum
1239 1832 1500 1888 divinum
1554 1840 1890 1905 praeceptum
1935 1833 2019 1891 fe-

443 1923 605 1987 cerit,
629 1922 718 1975 hic
748 1921 1012 1992 pronheta
1034 1922 1143 1976 duo
1166 1922 1597 1993 contempletur.
1621 1922 1877 1977 Arbitror
1920 1939 2020 1977 au-

442 2020 574 2076 tem,
631 2011 684 2066 id
740 2010 885 2082 quod
929 2011 1094 2067 breve
1151 2018 1236 2067 est
1296 2011 1525 2082 majoris
1578 2026 1702 2068 esse
1765 2012 2016 2085 ﬁguram.

443 2101 643 2174 Figura
681 2103 826 2157 enim
849 2108 969 2157 erat
995 2102 1280 2170 antiquum
1314 2102 1452 2158 illud
1482 2101 1621 2157 Novi
1657 2103 2016 2171 Testamenti,

440 2203 499 2249 et
528 2194 969 2265 propitiatorium
1002 2192 1135 2249 illud
1170 2195 1348 2250 nostri
1399 2195 1771 2267 prOpitiatorii
1803 2215 1817 2250 :
1852 2195 2014 2252 Chri-

440 2296 563 2344 stus
609 2294 790 2342 autem
826 2286 1152 2358 propitiatio
1197 2296 1390 2342 nostra
1418 2298 1525 2356 est,
1560 2287 1706 2344 sicut
1741 2288 1819 2343 ait
1855 2286 2014 2344 divus

440 2379 735 2450 Apostolus
757 2421 770 2443 ,
807 2397 826 2430 ι
848 2378 1020 2446 Quem
1051 2378 1341 2449 proposuit
1378 2377 1523 2435 Deus
1564 2379 2015 2451 propitiationem

441 2473 496 2525 in
573 2469 840 2542 sanguine
921 2469 1133 2540 ipsius,

440 2560 651 2633 1031
689 2561 868 2616 suae".
908 2579 927 2613 ι
956 2560 1047 2614 Ait
1075 2561 1226 2626 item,
1260 2561 1405 2616 inter
1433 2560 1546 2617 duo
1574 2561 1771 2616 altaria
1799 2562 2016 2618 cubitos

440 2662 675 2725 quatuor
708 2667 830 2708 esse
881 2653 1083 2708 divinis
1114 2652 1426 2720 Evangeliis
1464 2668 1695 2709 numero
1729 2654 1968 2724 aequales
2002 2673 2015 2709 :

440 2748 581 2801 inter
615 2747 787 2816 legem
821 2745 966 2801 enim
997 2752 1053 2800 et
1074 2753 1328 2819 .sperata
1378 2746 1542 2811 bona,
1592 2746 2016 2819 Evangeliorum

440 2840 617 2908 gratia
654 2837 971 2894 hominibus
1004 2836 1132 2892 data
1163 2846 1270 2893 est.

509 2948 678 3005 Vsus.
717 2949 802 3004 16.
840 2948 909 3003 Et
936 2940 1111 3015 Ariel,
1137 2949 1353 3020 inquit,
1399 2949 1697 3003 cubitorum
1741 2949 2016 3004 duodecim

1216 2469 1283 2525 ad
1356 2470 1732 2526 ostensionem
1789 2470 2020 2541 iustitiae

2121 1836 2312 1907 καρίου
2335 1836 2574 1900 Μωσέως
2602 1837 2661 1890 ἒν
2690 1836 2999 1907 ἱλαστήριον
3021 1834 3165 1889 κατὰ
3182 1836 3280 1905 τὴν
3297 1833 3450 1887 θείαν
3475 1831 3662 1902 ἐντολὴν

2121 1928 2502 1999 πεποιηκότος,
2519 1927 2751 1982 ἐνταῦθα
2770 1927 2864 1981 δύο
2887 1926 3085 1999 θεωρεῖ
3112 1929 3140 1981 ὁ
3162 1928 3467 1998 προφήτης.
3501 1921 3662 1992 Ἦγοῦ-

2123 2037 2220 2091 μαι
2246 2019 2301 2073 δὲ
2339 2018 2413 2084 ὡς
2449 2019 2510 2072 τδ
2544 2018 2717 2091 βραχὺ
2755 2016 2925 2081 τύπος
2948 2016 3043 2070 τοῦ
3074 2015 3317 2088 μείζονος
3343 2032 3359 2047 ·
3393 2016 3549 2077 τύπος
3574 2014 3664 2084 γὰρ

2120 2115 2153 2180 ἡ
2195 2111 2404 2166 Παλαιὰ
2443 2111 2542 2181 τῆς
2600 2110 2748 2174 Νέας
2786 2109 3098 2179 Διαθήκης,
3129 2108 3223 2161 καὶ
3262 2107 3325 2160 τὸ
3388 2106 3663 2175 ἱλαστήριον

2121 2206 2297 2258 ἐκεῖνο
2344 2201 2438 2256 τοῦ
2485 2202 2756 2274 ήμετέρου
2806 2199 3121 2272 ἱλαστηρὶου
3155 2216 3169 2231 ο
3198 2198 3437 2271 Χριστὸς
3476 2196 3531 2250 δέ
3567 2199 3662 2250 ἐστι

2121 2296 2182 2349 τὸ
2202 2295 2467 2367 ἡμέτερον
2491 2288 2877 2368 ἱλαστήριον,ᾖ
2909 2310 3075 2363 φησιν
3105 2293 3135 2345 ὀ
3161 2292 3305 2354 θεῖος
3354 2288 3661 2353 Ἀπόστολος,

2128 2407 2147 2441 ι
2164 2389 2258 2444 ’ὒν
2275 2387 2536 2460 προέθετο
2550 2391 2577 2441 ὁ
2594 2387 2725 2452 Θεὸς
2746 2386 3061 2458 ἱλαστήριον
3075 2385 3117 2418 θ’
3133 2386 3190 2438 ἐν
3205 2383 3282 2454 τῷ
3298 2381 3463 2437 αὑτοῦ
3478 2382 3660 2451 αἵματι,

2125 2479 2205 2541 είς
2227 2477 2450 2542 ἔνδειξιν
2468 2477 2565 2546 τῆς
2589 2475 2938 2546 δικαιοσύνης
2964 2473 3150 2527 αὐτοῦ.
3178 2491 3197 2524 ι
3217 2471 3463 2540 Λέγει’δέ
3481 2473 3566 2524 καὶ
3586 2486 3664 2539 με·

2118 2570 2250 2636 ταξὺ
2274 2569 2382 2622 τῶν
2413 2569 2505 2623 δύο
2525 2568 2850 2640 ίλαστηρίων
2869 2569 3063 2638 πήχεις
3089 2561 3224 2618 εἶναι
3254 2563 3541 2635 τέσσαρας,
3569 2563 3665 2624 τοῖς

2120 2664 2285 2726 θείοις
2313 2646 2671 2731 Εὐαγγελὶοις
2696 2661 3017 2731 ἰσαρίθμους
3047 2674 3061 2688 ⁸
3099 2655 3303 2729 μεταξὺ
3338 2655 3447 2725 γὰρ
3472 2653 3557 2706 τοῦ
3594 2653 3663 2702 νό-

2122 2772 2223 2824 μου
2247 2756 2340 2807 καὶ
2376 2754 2483 2806 τῶν
2517 2752 2888 2823 ἐλπιζομένων
2934 2748 3177 2817 ἀγαθῶν,
3212 2747 3321 2800 τῶν
3352 2743 3664 2814 Εὐαγγελὶων

2119 2850 2151 2918 ή
2175 2848 2335 2917 χάρις
2369 2848 2478 2908 τοῖς
2511 2845 2818 2916 ἀνθρώποις
2844 2843 3020 2914 ἐδόθη.

2190 2957 2285 3023 ις’.
2323 2958 2432 3012 Καὶ
2457 2957 2522 3011 τὸ
2564 2957 2782 3025 Ἀριὴλ,
2812 2958 2968 3027 φησι,
3001 2954 3213 3025 πηχῶν
3236 2955 3462 3008 δώδεκα
3486 2953 3545 3006 τὸ
3569 2950 3665 3021 μῆ-

442 3040 765 3112 longitudine
790 3080 804 3105 ,
848 3051 897 3095 et
939 3040 1225 3094 latitudine
1274 3043 1517 3095 totidem.
1565 3041 1714 3095 Ariel
1748 3056 1873 3095 vero
1911 3038 2010 3094 He-

2120 3066 2224 3114 κος
2245 3049 2287 3080 ⁸⁸
2316 3048 2413 3101 καὶ
2445 3048 2487 3079 ⁶⁹
2518 3050 2581 3101 τὸ
2622 3047 2849 3113 πλάτος
2902 3046 3236 3116 ισόμετρον.
3280 3045 3355 3097 Τὸ
3391 3044 3443 3097 δὲ
3485 3042 3662 3110 Ἀριὶιλ

441 3136 708 3189 braeorum
731 3133 916 3204 lingua
939 3141 1159 3185 montem
1178 3131 1273 3186 Dei
1293 3132 1590 3201 significat,
1609 3132 1693 3187 vel
1710 3131 2011 3186 secundum

440 3227 602 3280 aliam
635 3225 1147 3294 interpretationem
1171 3265 1185 3290 ,
1215 3224 1388 3278 (unum
1431 3223 1544 3277 Dei.
1580 3221 1673 3277 Sic
1704 3233 1918 3288 autem,
1955 3232 2014 3277 ut

439 3332 538 3387 ego
558 3316 817 3379 arbitror,
834 3323 991 3370 vocat
1019 3315 1211 3371 altaris
1236 3316 1412 3370 basin.
1430 3313 1609 3384 Atque
1632 3314 1723 3368 hic
1746 3329 2013 3370 numerus

439 3410 753 3464 cubitorum
784 3408 923 3462 'cum
978 3407 1157 3462 sacris
1201 3407 1470 3477 apostolis
1527 3407 1809 3460 consentit
1838 3444 1852 3468 ,
1916 3405 2011 3474 qui

444 3502 604 3554 bases
655 3508 708 3554 et
753 3497 1066 3571 crepidines
1118 3497 1319 3553 divinae
1378 3498 1568 3567 gratia:
1632 3498 1895 3563 fuerunt,
1958 3503 2013 3551 et

440 3591 701 3647 Ecclesiae.
747 3589 1167 3646 fundamentum
1212 3598 1266 3646 et
1317 3589 1565 3661 crepido.
1605 3605 1625 3639 ι
1661 3585 1743 3641 Tu
1774 3588 1918 3643 enim
1951 3603 2011 3645 es

441 3682 668 3749 Petrus,
709 3681 923 3754 inquit,
971 3688 1025 3735 et
1071 3693 1238 3749 super
1274 3679 1415 3732 hanc
1461 3686 1671 3748 petram
1721 3676 2010 3733 aediﬁcabo

431 3772 738 3831 .Ecclesiam
775 3788 985 3840 meam,
1019 3791 1038 3824 ι
1083 3771 1223 3827 dixit
1270 3770 1534 3826 Dominus
1568 3770 1610 3824 1.
1649 3770 1714 3826 Et
1754 3787 1950 3827 rursus
1993 3790 2006 3827 :

444 3887 463 3919 ι
499 3867 610 3923 Vos
637 3867 770 3922 estis
794 3865 1109 3921 lux'mundi
1146 3876 1208 3917 ω.
1238 3883 1255 3917 ι
1294 3862 1411 3935 [17]
1441 3861 1506 3917 Et
1534 3865 1712 3935 ipsum
1741 3865 2010 3936 pr0pitia-

438 3959 641 4013 torium
682 3956 900 4012 duobus
942 3955 1141 4010 cubitis
1193 3954 1392 4009 asserit
1438 3954 1619 4023 majus
1662 3970 1788 4009 esse
1846 3971 2009 4025 quam

436 4048 618 4113 Ariel,
654 4054 708 4102 et
741 4045 1116 4117 longitudine,
1155 4051 1208 4100 et
1265 4044 1582 4100 latitudine.
1632 4043 1824 4115 Neque
1859 4047 2008 4100 enim

437 4141 552 4196 sola
605 4137 928 4200 divinitate,
987 4134 1082 4191 sed
1130 4135 1294 4190 etiam
1347 4144 1628 4207 assumpta
1697 4138 2008 4192 humanita-

437 4241 520 4295 te,
557 4229 776 4284 inﬁnito
822 4227 1107 4283 intervallo
1144 4228 1318 4297 major
1369 4236 1454 4283 est
1506 4228 1686 4283 servis
1718 4226 2007 4285 Dominus.

440 4321 642 4396 [1827]
677 4321 878 4377 Deinde
909 4324 1186 4391 propheta:
1228 4322 1466 4391 imperat
1520 4331 1716 4376 auctor
1762 4323 2006 4381 omnium

2118 3139 2371 3208 σημαίνει
2429 3142 2493 3209 τῇ
2560 3137 2829 3211 Ἐϐραίων
2858 3140 3008 3209 φωνῇ
3069 3138 3204 3206 ὄρος
3270 3136 3448 3202 Θεοῦ,
3495 3135 3663 3207 ἥκετ’

2114 3227 2279 3296 ἄλλην
2334 3229 2652 3299 ἑρμηνείαν,
2692 3230 2817 3299 φῶς
2866 3229 3014 3283 Θεοῦ
3038 3245 3053 3260 ·
3090 3229 3247 3282 καλεῖ
3279 3228 3336 3281 δὲ
3398 3227 3575 3289 οὕτως,
3603 3226 3664 3286 ὡς

2115 3319 2375 3391 ἡγοῦμαι,
2400 3320 2495 3373 τοῦ
2527 3303 2865 3393 ’ἱλαστηρίου
2922 3321 3021 3392 τὴν
3068 3320 3245 3391 βάσιν.
3302 3318 3584 3390 Συμϐαίνει
3617 3316 3663 3368 δὲ
3700 3369 3708 3375 _

2115 3410 2209 3464 καὶ
2235 3406 2387 3475 οὗτος
2417 3412 2525 3465 τῶν
2561 3414 2777 3483 πήχεων
2807 3414 2835 3466 ὁ
2867 3412 3097 3483 ἀριθμὸς
3124 3414 3235 3475 τοῖς
3266 3412 3432 3483 ἱεροῖς
3460 3410 3660 3465 dmord-

2114 3503 2335 3569 λοις,ο’ί
2385 3504 2570 3574 βάσεις
2623 3505 2716 3559 καὶ
2775 3506 3055 3567 ἐπιϐάσεις
3086 3505 3185 3575 τῆς
3238 3502 3390 3566 θείοις
3444 3503 3662 3572 ἐγένοντο

2113 3596 2355 3666 χάριτος,
2390 3595 2599 3665 καὶτῆς
2637 3594 2967 3665 Ἐκκλησίας
3007 3592 3292 3665 ὑποϐάθρα
3326 3594 3422 3645 καὶ
3453 3590 3660 3661 κρηπίς

2122 3707 2140 3740 ι
2168 3689 2239 3741 Σὺ
2263 3687 2370 3757 γὰρ
2402 3683 2452 3741 εί
2490 3687 2714 3758 Πέτρος,
2755 3687 2909 3758 φησι,
2944 3687 3038 3740 καὶ
3080 3686 3172 3739 ἐπὶ
3196 3686 3369 3757 ταύτῃ
3398 3686 3462 3753 τῇ
3513 3681 3660 3750 πέτρᾳ

2115 3779 2448 3850 οἰκοδομήσω
2487 3797 2587 3850 μου
2645 3780 2744 3852 τὴν
2782 3779 3131 3849 Ἐκκλησίαν,
3169 3796 3187 3829 ι
3227 3778 3255 3829 ὁ
3305 3776 3505 3846 Κύριος
3551 3774 3657 3840 ἔφη.

2114 3872 2224 3926 Καὶ
2245 3871 2433 3927 πάλιν·
2470 3889 2488 3923 ι
2510 3871 2697 3943 Ὑμεῖς
2729 3874 2850 3924 ἐστε
2881 3871 2941 3924 τὸ
2967 3870 3080 3940 φῶς
3102 3869 3196 3922 τοῦ
3225 3867 3451 3937 κόσμου.
3489 3882 3509 3917 ι
3540 3864 3658 3916 Αὐτὸ

2112 3966 2168 4019 δέ
2194 3966 2254 4018 τὸ
2301 3964 2612 4037 ἱλαστήριον
2657 3965 2749 4017 δύο
2781 3967 2977 4035 πήχεσι
3026 3963 3173 4032 λέγει
3207 3959 3391 4032 μεῖζον
3426 3953 3557 4011 εἶναι
3581 3955 3657 4007 τοῦ

2129 4055 2328 4127 Ἀριὴλ,
2358 4056 2450 4110 καὶ
2486 4055 2622 4109 κατὰ
2663 4055 2724 4108 τὸ
2766 4056 2961 4126 μῆκος,
3006 4055 3100 4107 καὶ
3134 4052 3276 4107 κατὰ
3308 4051 3368 4104 τὸ
3400 4044 3547 4119 εὖρος
3572 4063 3585 4077 ’
3606 4048 3656 4099 ού

2112 4147 2218 4218 γὰρ
2276 4148 2410 4220 μόνῃ
2440 4150 2505 4219 τῇ
2562 4147 2799 4217 θεότητι,
2835 4145 2971 4199 ἀλλὰ
3018 4145 3112 4200 καὶ
3164 4145 3232 4215 τῇ
3275 4137 3655 4214 προσληφθείσῃ

2112 4239 2512 4311 ἁνθρωπὸτητι,
2547 4239 2761 4309 ἀπείρῳ
2792 4237 2870 4307 τῷ
2906 4238 3089 4307 μέτρῳ
3121 4235 3322 4306 μείζων
3350 4236 3376 4286 ὁ
3408 4231 3655 4296 Δεσπότης

2111 4330 2220 4383 τῶν
2245 4330 2463 4383 δούλων.
2503 4326 2633 4383 Εἶτα
2673 4329 3106 4400 παρακελεύεται
3133 4326 3211 4397 τῷ
3240 4327 3486 4396 προφήτῃ
3518 4325 3544 4376 ὁ
3565 4321 3657 4374 τῶν

438 4430 618 4469 rerum
656 4412 825 4476 Deus,
856 4420 913 4465 ut
948 4411 1346 4466 sacriﬁciorum
1383 4412 1531 4482 leges
1560 4412 1789 4469 edoceat
1819 4430 2008 4469 sacer-

2118 4423 2246 4476 ὅλων
2277 4423 2427 4486 Θεὸς,
2445 4424 2570 4486 τοὺς
2598 4424 2727 4493 περὶ
2755 4423 2862 4477 τῶν
2893 4421 3094 4475 θυσιῶν
3113 4420 3310 4491 νόμους
3331 4418 3527 4482 διδάξαι
3551 4415 3655 4474 τοὺς

437 4507 633 4571 dotes,
679 4515 733 4560 et
785 4502 1247 4575 quemadmodum
1302 4512 1556 4573 oporteat
1617 4518 1718 4575 pro
1778 4513 2010 4575 peccato

437 4600 666 4655 vitulum
718 4609 773 4654 ct
799 4598 1029 4663 atl'erre,
1063 4603 1116 4651 et
1147 4595 1468 4650 sacriﬁcare
1490 4636 1503 4661 ,
1553 4604 1607 4651 et
1631 4596 1724 4651 ubi
1758 4605 2011 4665 oporteat

436 4694 701 4748 desistere
745 4710 756 4746 :
796 4698 849 4745 et
880 4688 1338 4760 quemadmodum
1381 4687 1510 4744 item
1561 4689 1756 4746 altaris
1796 4705 2009 4746 cornua

434 4785 645 4839 circum
685 4780 1021 4853 aspergenda
1070 4781 1215 4847 sint,
1260 4789 1316 4837 et
1364 4780 1740 4851 propitiatorii
1786 4783 2006 4853 anguli,

435 4874 631 4929 deinde
666 4889 763 4943 pro
802 4879 1024 4943 peccato
1073 4871 1211 4926 inedi
1261 4872 1329 4928 ab
1375 4874 1525 4928 omni
1579 4874 1794 4929 macula
1844 4875 2004 4931 liberi

433 4961 741 5029 offerendi;
786 4973 840 5019 et
884 4978 1079 5018 rursus
1120 4964 1396 5033 quomodo
1432 4963 1624 5017 eodem
1677 4963 1838 5019 modo
1879 4978 2003 5018 san-

434 5054 599 5127 guine
641 5055 661 5076 ‘
699 5054 870 5111 altare
902 5055 1337 5125 perfundendum
1372 5055 1466 5112 sit.
1513 5054 1579 5108 Et
1619 5055 1728 5123 ita,
1772 5055 1990 5126 inquit,

2113 4511 2314 4582 ἱερέας,
2347 4513 2440 4565 καὶ
2469 4513 2616 4575 ὅπως
2637 4512 2718 4564 δεῖ
2738 4511 2829 4564 τὸν
2886 4509 3014 4581 περὶ
3049 4509 3148 4579 τῆς
3182 4505 3451 4578 ἁμαρτίας
3482 4503 3655 4574 μόσχον

2112 4602 2206 4653 καὶ
2253 4603 2648 4672 προσαγαγεῖν,
2706 4602 2801 4654 καὶ
2852 4599 3053 4664 θῦσαι,
3086 4598 3181 4653 καὶ
3234 4597 3364 4652 ἔνθα
3413 4593 3653 4664 προσήκει

2112 4691 2481 4754 καταπαῦσαι,
2522 4692 2614 4744 καὶ
2659 4692 2806 4753 ὅπως
2834 4690 2916 4743 δεῖ
2933 4690 3262 4762 περιῤῥᾶναι
3290 4687 3381 4741 τοῦ
3400 4702 3456 4738 τε
3485 4683 3652 4737 θυσια-

2113 4785 2333 4857 στηρίου
2357 4785 2422 4838 τὰ
2456 4785 2680 4854 κέρατα,
2723 4783 2816 4837 καὶ
2855 4781 2948 4836 τοῦ
2987 4781 3299 4852 ίλαστηρίου
3326 4779 3416 4842 τὰς
3441 4776 3649 4845 γωνίας·

2110 4873 2229 4930 εἶτα
2256 4877 2381 4940 τοὺς
2410 4892 2473 4928 πε
2483 4876 2535 4947 pl.
2561 4874 2832 4945 ἁμαρτίας
2853 4873 3076 4943 ἐρίφους
3102 4872 3297 4944 μώμου
3321 4866 3507 4930 παντὸς
3531 4865 3653 4917 ἐλευ-

2112 4967 2302 5039 θέρους
2333 4966 2488 5029 ὄντας
2527 4967 2899 5035 προσαγαγεῖν
2926 4977 2939 4991 ·
2973 4964 3069 5017 καὶ
3115 4961 3277 5017 πάλιν
3320 4956 3565 5017 ὡσαύτως
3586 4951 3652 5021 τῷ

2103 5059 2296 5115 αἵματι
2327 5059 2654 5130 περιρῤᾶναι
2681 5057 2741 5110 τὸ
2774 5055 3176 5127 θυσιαστήριον.
3226 5053 3379 5110 Οὕτω
3408 5050 3481 5117 δὲ,
3514 5044 3648 5117 φησὶι

508 5231 536 5271 ι
573 5232 734 5287 Rom.
773 5245 859 5300 ιιι,
888 5230 980 5285 es.
1062 5198 1304 5286 1Mattb.
1336 5246 1451 5299 xw,
1493 5230 1582 5285 ιδ.
1663 5237 1698 5260 ιη
1729 5230 1921 5286 Matth.
1946 5249 1998 5299 v,
2033 5232 2119 5286 ιι.

1671 5385 1758 5441 VA
1770 5387 1909 5469 me;
1937 5388 2338 5445 LECTIONES.

511 5507 554 5539 “
593 5506 706 5561 καί.
734 5503 778 5557 Β
801 5505 895 5578 τά.
949 5502 1053 5578 “l3
1078 5504 1447 5578 θεραπεύωσι.
1484 5505 1529 5537 ⁸⁸
1554 5505 1594 5556 Β
1626 5504 1961 5576 ἰσόπλευρον,
1984 5508 2226 5578 ascripta
2257 5520 2438 5564 tamen
2456 5509 2691 5566 lectione
2718 5512 2911 5567 altera.
2956 5511 3138 5565 θθούκ.
3172 5511 3213 5562 Β
3242 5506 3349 5562 καί.
3417 5503 3459 5534 ⁸⁷
3487 5502 3641 5578 ἱλαστ.

440 5575 993 5659 ιιοςοιοίιηεςίιιιίιιιιι·
1015 5575 1102 5628 διὰ
1126 5566 1230 5659 τῆς
1258 5575 1493 5659 πίστεως
1517 5615 1530 5639 ,
1562 5589 1682 5644 quae
1714 5566 1885 5645 etiam
1911 5566 2322 5647 castant‘infra,
2368 5581 2421 5635 in
2462 5589 2610 5635 textu
2645 5582 2750 5638 loci
2784 5566 2956 5638 citati.
3033 5582 3078 5614 ⁸⁸
3116 5583 3160 5633 A
3194 5581 3411 5651 μήκους·
3484 5572 3527 5605 ⁸³
3562 5566 3643 5621 καὶ

438 5674 498 5707 ετ-
528 5646 672 5718 ίσόμ.
703 5647 748 5701 Δ
777 5647 870 5699 ἐπὶ
903 5646 1098 5717 πήχεις
1129 5644 1335 5699 δώδεκα
1367 5644 1618 5708 πλάτους.
