3860 6206
198 387 319 452 1233

1300 377 1381 439 IN
1403 376 1850 437 EZECHIELIS
1879 352 2037 435 CAP.
2065 370 2264 433 XLIV.

3289 361 3436 425 1234·

192 496 716 564 τούτωνγινομένων,
746 490 839 547 καὶ
879 492 972 545 τοῦ
1009 490 1144 563 ὑπὲρ
1182 491 1278 560 τῆς
1328 491 1602 562 ἁμαρτίας
1640 489 1752 541 ἱλα-

1868 502 1978 542 3um
2014 486 2130 539 haec
2162 484 2305 536 facta
2337 479 2574 543 l'uetint,
2608 485 2662 531 et
2694 475 2946 530 absoluta
2978 471 3295 544 propitiatio
3327 490 3431 543 pro

195 587 319 660 σμοῦ
370 583 762 655 πληρωθέντος,
802 582 1145 654 προσοίσουσι
1193 583 1391 653 μόσχον
1421 582 1515 635 καὶ
1546 582 1748 651 πρόϐα-

193 696 292 737 τον,
326 675 516 746 μώμου
548 674 640 726 καὶ
678 672 816 725 αὐτὰ
849 671 1275 742 ἀπηλλαγμένα,
1303 674 1398 725 καὶ
1435 671 1571 741 μετὰ
1600 668 1748 724 ἁλῶν

193 769 278 837 τὴν
311 767 495 819 θυσίαν
524 766 569 797 7°
594 764 1019 818 ἐπιτελέσωσιν.
1041 765 1280 835 Μήνυμα
1308 763 1363 817 δὲ
1391 764 1440 817 οἰ
1474 763 1620 829 ᾶυίες
1662 762 1749 815 λοι

193 858 397 929 γισμοῦ,
421 858 513 911 καὶ
553 858 895 931 διακρίσεως,
931 857 1023 911 καὶ
1063 857 1408 929 φρονήματος
1458 854 1746 919 εὐσεϐοῦς·

193 955 281 1021 οὐχ
322 951 505 1015 ἁπλῶς
555 951 685 1021 γὰρ,
717 948 841 1004 οὔτε
872 949 950 1014 ὡς
1010 950 1118 1003 ἔθει
1176 950 1538 1015 δουλεύοντες,
1581 949 1753 1004 ταῦτα

197 1043 511 1113 ποιήσουσιν,
543 1041 679 1096 ἀλλὰ
733 1042 872 1112 μετά
913 1059 1059 1105 τινος
1090 1042 1251 1110 λόγου
1292 1044 1386 1096 καὶ
1416 1041 1620 1096 σκοποῦ
1656 1043 1750 1095 εύ-

197 1133 357 1185 σεὸεῖν
394 1133 843 1204 προαιρουμένου.
898 1134 1190 1204 Ποιήσουσι
1234 1134 1311 1197 δὲ,
1371 1135 1534 1205 φησὶν
1564 1174 1578 1195 ,
1611 1133 1751 1188 ἑπτὰ

194 1225 388 1295 ἡμέρας
425 1224 525 1288 τὰς
560 1225 773 1279 τοιάσδε
829 1224 1048 1289 Θυσίας·
1085 1226 1194 1279 ἀπὸ
1220 1226 1277 1279 δὲ
1324 1227 1422 1297 τῆς
1441 1227 1633 1297 ὀγδόης
1657 1228 1752 1282 καὶ

195 1317 428 1371 ἐπέκεινα
454 1357 468 1382 ,
502 1319 718 1373 τοιάσδε
758 1319 949 1383 θυσίας
975 1320 1016 1351 ⁷¹
1038 1361 1052 1386 ,
1086 1320 1179 1374 ἵνα
1232 1319 1307 1391 μὴ
1356 1319 1480 1375 καθ’
1523 1321 1752 1377 ἕκαστον

194 1409 375 1474 διεξίω.
1498 1418 1505 1423 ’

757 1502 1155 1557 ΚΕΦΑΛᾹῘΟΝ
1185 1503 1314 1557 MA'.

265 1593 534 1660 ’Υπέδειξε
565 1594 623 1646 δέ
651 1611 739 1664 μοι
756 1596 849 1648 καὶ
865 1597 966 1665 τήν
987 1596 1296 1668 πύλην,τὴν
1316 1594 1454 1667 πρὸς
1485 1594 1753 1661 ἀνατολὰς

195 1686 581 1756 τετραμμένην,
650 1687 1065 1759 κεκλεισμένην,
1114 1690 1208 1743 καὶ
1260 1688 1623 1761 παρηγγύησε
1675 1689 1754 1743 δι-

1851 585 2114 649 peccato,
2153 563 2364 642 1032
2409 569 2637 624 afferent
2665 567 2897 622 vitulum
2939 572 2995 620 et
3040 579 3194 619 ovem
3219 602 3237 630 ,
3277 564 3430 634 ipsos

1851 682 2070 739 quoque
2091 665 2274 719 omnis
2294 661 2525 716 maculae
2542 668 2816 729 expertes,
2838 666 2892 713 et
2921 670 3043 713 cum
3073 657 3188 711 sale
3218 656 3432 711 saeriii-

1851 760 1997 815 cium
2061 763 2345 827 peragent.
2383 753 2479 809 Sal
2518 763 2699 808 autem
2750 750 3020 806 rationem
3068 757 3122 806 et
3163 749 3435 818 judicium

1851 849 2141 920 designat,
2171 852 2226 901 et
2259 846 2403 915 piam
2436 844 2777 915 opinionem.
2812 841 3002 913 Neque
3039 843 3187 897 enim
3219 842 3432 911 simpli-

1852 943 2019 1006 citer,
2061 948 2158 995 aut
2186 938 2576 994 consuetudini
2612 936 2999 1001 inscrvientes,
3027 935 3146 990 haec
3176 932 3384 989 facient
3415 951 3434 988 ι

1853 1032 1949 1087 sed
1980 1031 2214 1103 quadam
2249 1044 2375 1085 cum
2414 1028 2629 1083 ratione
2677 1036 2734 1083 et
2770 1026 3044 1090 consilio,
3096 1024 3242 1095 quod
3284 1034 3435 1081 recte

1853 1136 2016 1193 agere
2063 1121 2388 1177 instituerit.
2442 1119 2509 1173 Et
2560 1118 2789 1183 facient,
2840 1117 3057 1188 inquit,
3101 1132 3197 1187 per
3225 1123 3436 1187 septem

1850 1216 1970 1273 dies
2012 1215 2401 1286 hujuscemodi
2445 1214 2763 1278 sacriﬁcia;
2827 1229 2858 1268 a
2920 1213 3009 1268 die
3049 1228 3178 1269 vero
3237 1220 3436 1268 octavo

1851 1311 1906 1361 et
1927 1306 2095 1371 ultra,
2124 1305 2255 1360 talia
2289 1304 2521 1361 oﬂerent
2549 1301 2844 1370 sacriﬁcia,
2870 1318 2943 1359 ne
2972 1303 3191 1373 singula
3212 1316 3438 1374 percur-

1852 1412 1969 1452 ram
1978 1439 1991 1453 .

2423 1487 2655 1544 CAPUT
2684 1487 2872 1542 XLIV.
3434 1524 3439 1525 κ

1870 1604 1873 1609 ν
1922 1580 2065 1654 [1,2]
2112 1579 2368 1638 Ostendit
2418 1587 2603 1637 autem
2656 1580 2791 1635 mihi
2843 1592 3066 1650 quoque
3109 1584 3321 1647 portam
3369 1576 3438 1632 ad
3527 1586 3529 1588 '

1853 1674 2123 1729 orientem
2168 1687 2494 1728 conversam
2543 1672 2828 1736 clausam,
2881 1670 3254 1742 praecepitque
3299 1669 3441 1724 hanc

195 1777 387 1847 ηνεκῶς
402 1777 606 1846 ταύτην
625 1778 956 1842 κεκλεῖσθαι,
974 1781 1066 1832 κοιλ¹
1083 1780 1493 1852 ἀπονεμηθῆναι
1510 1782 1659 1852 αὑτῷ
1675 1780 1754 1852 τῷ

1868 1766 2206 1820 :ontinenter
2228 1764 2432 1829 claudi,
2460 1772 2517 1820 et
2548 1763 2777 1818 attribui
2804 1762 2905 1830 ipsi
2938 1763 3150 1816 auctori
3185 1760 3438 1816 omnium

197 1846 293 1920 τῶν
324 1870 453 1922 ὅλων
494 1869 778 1940 Δεσπότῃο
812 1871 914 1921 οὐκ
959 1871 1145 1939 ἐπειδὴ
1179 1846 1351 1941 θύρας
1388 1846 1755 1945 ἔχρῃζεν-εἰσ-

1868 1873 2043 1913 rerum
2069 1857 2324 1922 Domino,
2353 1872 2463 1913 non
2493 1856 2643 1927 quod
2670 1866 2828 1926 porta
2860 1854 3153 1925 indigeret.
3181 1868 3308 1908 cum
3353 1854 3440 1909 in-

196 1959 316 2011 ιέναι
346 1958 669 2029 βουλόμενος
698 1960 726 2011 ό
767 1961 1044 2031 πανταχοῦ
1080 1961 1270 2030 παρὼν
1314 1963 1409 2016 καὶ
1458 1965 1572 2026 τοῖς
1618 1964 1756 2020 πᾶσι

197 2051 605 2122 παριστάμενος.
646 2051 773 2115 Πῶς
810 2053 919 2123 γὰρ
948 2053 1011 2105 ἂν
1040 2054 1135 2107 καὶ
1172 2055 1389 2125 εἰσῆλθε
1429 2055 1633 2126 ταύτης
1667 2073 1758 2109 κε-

194 2142 513 2213 κλεισμένης,
584 2144 741 2215 εἴπερ
800 2145 1029 2198 εἰσιέναι
1085 2146 1174 2198 διὰ
1225 2146 1402 2217 θυρῶν
1454 2147 1754 2217 ἐπεφύκεις

203 2233 345 2289 Ἀλλὰ
376 2238 493 2298 ταῖς
524 2237 558 2288 ἁ
578 2236 953 2308 σθενεστέραις
1001 2230 1327 2307 συγκατιὼν
1358 2230 1549 2302 ἀκοαῖς
1585 2239 1758 2292 ταῦτα

194 2328 432 2383 διατυποῖ.
468 2329 642 2394 Εἰκὸς
691 2331 748 2383 δέ
783 2331 829 2363 ⁷³
861 2330 949 2384 διὰ
1000 2331 1209 2385 τούτων
1240 2333 1376 2402 ήμῖν
1424 2332 1758 2385 αἰνίττεσθαι

195 2421 277 2472 καὶ
315 2419 407 2490 τὴν
440 2419 801 2490 Παρθενικὴν
827 2421 1060 2492 μήτραν,
1088 2421 1153 2474 δι’
1194 2417 1262 2494 ἧς
1290 2422 1415 2476 οὔτε
1445 2420 1759 2492 εἰσελήλυθε

199 2522 287 2568 τις,
309 2505 426 2558 οὔτε
478 2507 843 2577 ἐξελήλυθεν,
892 2510 926 2579 ἢ
978 2510 1137 2580 μόνος
1182 2511 1343 2574 αὐτὸς
1385 2512 1413 2563 ὁ
1457 2513 1755 2583 Δεσπότης.

200 2597 483 2668 Προσέταξε
507 2599 564 2651 δὲ
600 2599 755 2669 παρὰ
786 2601 884 2672 τὴν
914 2601 960 2633 ⁷³
993 2602 1162 2674 Θύραν
1193 2604 1286 2656 καὶ
1312 2604 1402 2657 τὸν
1436 2604 1757 2674 ἡγούμενον,

199 2688 419 2740 τουτέστι
447 2687 535 2741 τὸν
566 2688 856 2759 ἀρχιερέα,
887 2691 988 2761 τῆς
1023 2694 1228 2765 τροφῆς
1268 2695 1591 2760 ἀπολαύειν,
1619 2714 1762 2766 παρ·

202 2779 321 2833 ιέναι
381 2781 435 2833 δὲ
488 2781 580 2834 διὰ
639 2781 735 2836 τοῦ
792 2784 1164 2855 προπυλαίου.
1207 2789 1302 2839 καὶ
1357 2787 1624 2854 ἀπιόντα,
1666 2787 1761 2841 καὶ

201 2871 394 2925 ἀνιόντα
416 2872 461 2904 ⁷⁸
483 2891 497 2905 ·
525 2873 692 2927 τοῦτο
710 2878 820 2945 γὰρ
846 2876 1100 2930 ἐκάλεσεν
1129 2877 1332 2946 αἰλὰμ.
1365 2877 1521 2931 Οὕτω
1559 2877 1615 2931 δὲ
1637 2878 1762 2932 τού-

201 2983 294 3019 των
325 2968 412 3020 καὶ
442 2967 793 3037 λαληθέντων
824 2970 919 3021 καὶ
955 2969 1300 3039 δειχθέντων,
1343 2971 1504 3024 πάλιν
1529 2971 1633 3042 ὁρᾷ
1666 2969 1760 3024 τοῦ

201 3054 318 3108 Θεοῦ
346 3056 434 3127 τὴν
461 3057 623 3124 δόξαν
657 3060 715 3110 ἐν
741 3061 807 3129 τῇ
850 3058 991 3130 πύλῃ
1027 3063 1092 3131 τῇ
1125 3061 1262 3131 πρὸς
1295 3060 1534 3133 βορρᾶν,
1570 3062 1665 3115 καὶ
1687 3064 1762 3114 εἰ-

202 3148 310 3200 πεῖν
353 3148 633 3202 κελεύεται
681 3150 757 3220 τῷ
808 3151 1302 3222 παραπικραίνοντι
1351 3152 1465 3222 λαῷ
1489 3152 1560 3223 ,ἦ
1596 3169 1764 3224 προσ·
1791 3181 1833 3238 C

202 3241 369 3309 εριστῇ
390 3240 484 3292 καὶ
506 3239 806 3310 φιλονείκῳ
827 3258 839 3271 ν
869 3240 1042 3303 οὕτως
1066 3242 1174 3313 γὰρ
1200 3242 1296 3295 καὶ
1320 3244 1371 3295 οἱ
1408 3243 1557 3297 ἄλλοι
1587 3244 1763 3315 ἑρμη-

202 3330 369 3383 νευταί
397 3333 811 3402 ἠρμηνεύκασιν
831 3349 844 3362 ’
872 3333 1289 3405 ἀρκεσθῆναιτῇ
1319 3335 1559 3406 προτέρᾳ
1587 3350 1764 3406 παρα-

202 3422 364 3491 νομίᾳ,
399 3424 462 3494 ἢν
514 3422 829 3493 τολμῶντες
886 3424 1231 3490 διετέλεσαν,
1285 3426 1621 3495 ἀλλοφύλους
1672 3426 1764 3479 καὶ

203 3513 587 3587 ἁπεριτμήτους
642 3519 723 3580 εἰς
756 3518 848 3570 τὸν
896 3518 1041 3571 θεῖον
1068 3517 1381 3587 εἰσάγοντες
1406 3517 1572 3571 νεών·
1605 3517 1667 3571 τὸ
1710 3517 1766 3570 δὲ

206 3605 438 3675 μέγιστον
484 3608 595 3663 τῶν
630 3608 1016 3679 ἐγκλημάτων,
1048 3610 1131 3663 ὅτι
1179 3611 1240 3663 οὐ
1271 3610 1433 3680 μόνον
1459 3609 1559 3681 τὴν
1591 3611 1769 3682 σάρκα

203 3698 551 3772 ἀπερίτμητον
598 3697 770 3771 εἶχον,
821 3701 960 3755 ἀλλὰ
1005 3700 1101 3755 καί⁵
1144 3700 1250 3774 πρὸ
1299 3701 1398 3771 τῆς
1428 3700 1629 3773 σαρκὸς
1670 3699 1769 3772 τὴν

203 3789 459 3845 διάνοιαν⁸
486 3793 561 3856 ὡς
614 3788 755 3845 εἶναι
801 3793 960 3863 δῆλον
1035 3793 1116 3846 ὅτι
1161 3794 1260 3864 τῆς
1307 3793 1408 3863 μὲν
1460 3792 1689 3863 καρδίας
1735 3793 1769 3861 ἡ

203 3885 452 3957 περιτομὴ
478 3884 831 3954 δικαιοσύνης
865 3885 1233 3953 κατόρθωσις,
1267 3889 1298 3956 ἠ
1335 3886 1391 3938 δὲ
1434 3885 1535 3954 τῆς
1569 3883 1771 3956 σαρκὸς

204 3979 452 4047 περιτομὴ
477 3978 576 4048 τῆς
618 3977 761 4029 κατὰ
790 3976 1028 4031 διάνοιαν
1058 3979 1358 4048 περιτομῆς
1400 3979 1623 4048 σημεῖόν
1654 3977 1772 4028 ἐστι

204 4067 289 4120 καί
320 4069 571 4139 σφραγίς.
596 4070 899 4140 Παρεγγυᾷ
919 4069 1097 4123 τοίνυν
1127 4071 1155 4122 ὁ
1185 4068 1292 4122 τῶν
1312 4069 1448 4122 ὅλων
1471 4068 1623 4132 Θεὸς,
1648 4068 1774 4130 τοὺς

208 4158 296 4227 μὲν
320 4161 411 4213 καὶ
457 4162 601 4215 κατὰ
647 4161 825 4233 ψυχὴν
855 4162 1284 4233 ἁπεριτμήτους,
1312 4162 1408 4215 καὶ
1438 4161 1580 4214 κατὰ
1615 4158 1776 4228 σῶμα

206 4251 498 4320 ἀλλογενεῖς
526 4253 625 4307 καὶ
650 4253 981 4321 ἀλλοφύλους
1009 4253 1296 4326 πόρρωθεν
1327 4253 1437 4306 τῶν
1465 4252 1625 4306 θείων
1665 4250 1777 4320 μεῖ-

207 4360 283 4397 ναι
306 4346 627 4418 περιϐόλων,
653 4346 781 4409 τοὺς
833 4346 890 4399 δὲ
940 4347 1172 4409 Λευῖτας
1220 4344 1659 4414 κοινωνήσαντας
1708 4342 1774 4411 τῇ

207 4436 290 4488 τοῦ
316 4437 442 4491 λαοῦ
460 4438 802 4510 παρανομίᾳ,
834 4439 928 4493 καὶ
946 4438 1053 4492 τῶν
1082 4438 1317 4492 εἰδώλων
1351 4437 1451 4508 τὴν
1478 4434 1777 4506 θεραπείαν

1859 1951 2014 2022 gredi
2041 1951 2225 2017 vellet,
2255 1950 2350 2020 qui
2382 1949 2589 2019 ubique
2612 1948 2845 2003 interest
2879 1953 2934 2002 et
2976 1945 3243 2001 omnibus
3261 1943 3437 2000 adest.

1859 2042 2152 2109 Quomodo
2178 2043 2327 2098 enim
2355 2042 2463 2096 bac
2493 2041 2686 2096 clausa
2714 2039 3006 2106 ingressus
3034 2044 3185 2093 esset
3206 2075 3221 2098 ,
3265 2036 3312 2091 si
3349 2050 3443 2104 per

1862 2143 2050 2205 portas
2074 2133 2286 2205 ingredi
2308 2131 2731 2190 consuevisset?
2754 2130 2959 2187 Verum
2985 2126 3443 2183 imbecillioribus

1861 2228 2240 2283 auribussese
2272 2222 2698 2280 accommodans
2726 2221 2846 2276 haec
2884 2220 3173 2289 designat..
3197 2216 3263 2270 Et
3297 2215 3447 2271 veri--

1861 2321 2043 2377 simile
2072 2326 2188 2385 est,
2214 2333 2312 2389 per
2340 2317 2461 2372 haec
2487 2315 2650 2371 nobis
2678 2312 3020 2384 Virginalem
3050 2317 3268 2365 uterum
3301 2306 3446 2363 indi-

1861 2412 2001 2478 cari,
2038 2424 2138 2482 per
2162 2425 2325 2483 quem
2358 2422 2540 2479 neque
2581 2408 2871 2478 ingressus
2893 2444 2913 2471 ,
2956 2417 3138 2474 neque
3184 2415 3446 2473 egressus

1861 2511 1945 2560 est
1988 2504 2279 2573 quisquam
2328 2501 2512 2565 alius,
2569 2513 2735 2569 quam
2784 2497 2944 2553 solus
2986 2496 3107 2566 ipse
3155 2492 3443 2548 Dominus;

1863 2593 1943 2667 [3]
1967 2593 2235 2664 Przecepit
2255 2593 2389 2647 item
2411 2632 2427 2657 ,
2458 2589 2605 2661 apud
2637 2589 2780 2643 hanc
2806 2588 2980 2657 ipsam
3008 2594 3224 2657 portam
3244 2583 3443 2638 ducem

1863 2699 2106 2755 quoque,
2132 2684 2236 2737 hoc
2257 2689 2364 2746 est,
2389 2680 2706 2751 principem
2732 2677 3110 2741 sacerdotum,
3129 2675 3256 2731 cibo
3273 2674 3444 2737 vesci,

1863 2784 1919 2830 et
1951 2789 2049 2844 per
2082 2772 2421 2829 vestibulum
2453 2771 2696 2826 transire
2747 2777 2803 2824 et
2843 2767 3137 2823 abeuntem
3186 2772 3243 2821 et
3284 2778 3444 2819 acce-

1864 2866 2086 2921 dentem
2127 2881 2141 2918 :
2182 2864 2287 2918 hoc
2327 2862 2475 2920 enim
2518 2860 2740 2917 vocavit
2781 2858 2958 2915 telam.
3010 2854 3177 2930 [4-8]
3224 2853 3303 2909 lla
3358 2853 3445 2907 his

1865 2958 2114 3011 narratis
2147 2964 2202 3011 et
2234 2954 2479 3011 ostensis
2503 2992 2516 3017 ,
2551 2964 2749 3005 rursus
2791 2949 3040 3003 intuetur
3078 2943 3294 3001 Domini
3330 2943 3448 3011 glo-

1866 3051 2006 3103 riam
2032 3050 2086 3102 in
2114 3054 2271 3118 porta
2301 3045 2371 3099 ad
2405 3043 2719 3114 aquilonem
2757 3039 2902 3104 sita,
2933 3045 2989 3093 et
3013 3034 3446 3102 dicerejubetur

1865 3139 2220 3196 exacerbanti
2254 3137 2458 3208 popqu
2475 3175 2491 3200 ,
2514 3134 2599 3189 vel
2624 3133 2863 3203 litigioso
2884 3138 2938 3186 et
2958 3128 3310 3185 contentiosa
3332 3126 3447 3198 (ita

1871 3231 2081 3301 1033
2112 3231 2259 3285 enim
2287 3236 2343 3284 et
2370 3228 2462 3282 alii
2494 3224 2838 3295 interpretati
2868 3230 2999 3279 sunt
3022 3221 3078 3293 ),
3117 3227 3176 3275 ut
3201 3217 3446 3276 contenti

1865 3325 1976 3378 sint
2003 3320 2254 3393 pristinis
2280 3318 2646 3383 facinoribus,
2676 3330 2803 3386 quae
2834 3323 3053 3386 patrare
3085 3310 3207 3369 ausi
3231 3316 3443 3372 essent,

1867 3416 2206 3486 alienigenas
2222 3420 2277 3468 et
2295 3410 2718 3467 incircumcisos
2733 3407 2791 3463 in
2813 3420 3036 3462 sacrum
3059 3402 3153 3459 Dei
3182 3401 3449 3470 templum

1868 3508 2284 3564 introducentes
2304 3522 2317 3559 :
2335 3510 2388 3558 et
2403 3501 2554 3574 quod
2574 3500 2875 3556 minimum
2890 3495 3186 3552 criminum
3202 3500 3309 3559 est,
3322 3492 3452 3563 quia

1870 3616 1981 3656 non
2014 3600 2193 3656 solum
2232 3610 2455 3653 carnem
2499 3591 2952 3649 incircumcisam
3006 3586 3316 3649 habebant,
3353 3581 3450 3639 sed

1871 3682 2038 3748 etiam
2069 3689 2306 3760 amplius
2340 3702 2509 3742 carne
2531 3693 2772 3740 mentem
2806 3682 3004 3752 ipsam.
3042 3679 3122 3733 Ita
3152 3684 3211 3731 ut
3241 3675 3455 3746 perspi—

1864 3788 2036 3840 'cuum
2073 3783 2165 3847 sit,
2190 3780 2376 3836 cordis
2395 3775 2875 3834 circumcisionem
2902 3771 3132 3842 justitiae
3160 3766 3453 3838 perfectio-

1873 3891 2000 3932 nem
2017 3890 2141 3930 esse
2163 3888 2175 3928 :
2200 3873 2382 3929 carnis
2402 3885 2533 3927 vero
2551 3865 3055 3927 circumcisionem,
3073 3861 3195 3931 ejus
3216 3859 3457 3915 circurn-

1874 3967 2107 4025 cisionis
2121 3980 2243 4037 quae
2259 3964 2460 4020 mentis
2471 3959 2854 4027 est,indicium
2871 3969 2996 4013 esse
3010 3962 3065 4010 et
3079 3951 3428 4025 signaculum
3439 3988 3452 4001 .

1877 4058 2058 4132 [9-16]
2081 4056 2337 4127 Prmcipit
2367 4055 2535 4126 igitur
2574 4058 2773 4107 auctor
2795 4048 3045 4106 omnium
3072 4059 3256 4101 rerum
3289 4041 3454 4103 Deus,

1876 4167 1972 4208 eos
2001 4151 2095 4221 qui
2123 4150 2308 4204 animo
2332 4144 2713 4202 incircumcisi
2730 4150 2908 4207 erant,
2932 4147 2989 4196 et
3007 4150 3246 4208 corpore
3265 4133 3458 4187 alieni-

1878 4258 2032 4312 genae
2056 4243 2144 4295 et‘
2173 4237 2469 4309 peregrini,
2499 4234 2691 4304 procul
2724 4247 2754 4286 a
2782 4230 2988 4287 divinis
3019 4227 3193 4296 septis
3227 4221 3454 4283 morari,

1879 4332 2097 4387 Levitas
2118 4340 2326 4394 autem,
2348 4328 2442 4398 qui
2461 4326 2732 4382 scelerum
2754 4320 2942 4393 populi
2958 4318 3258 4390 participes
3282 4314 3455 4371 fuere.

1879 4433 1934 4480 et
1949 4423 2220 4477 idolorum
2243 4420 2452 4475 cultum
2469 4415 2726 4486 amplexi,
2742 4415 2810 4468 ab
2825 4411 3021 4468 ordine
3040 4424 3141 4465 suo
3164 4403 3456 4463 removeri,

207 4526 641 4600 ἀσπασαμένους,
823 4532 1030 4595 οἰκείας
1079 4530 1287 4595 τάξεως
1331 4500 1658 4597 ἀποστῆναι,
1683 4526 1764 4580 καλ

1883 4530 2060 4586 neque
2083 4514 2390 4583 janitorum
2423 4508 2602 4564 cilicio
2631 4506 2785 4577 fungi
2807 4545 2823 4572 ,
2858 4517 3036 4573 neque
3068 4500 3456 4554 holocaustum

212 4620 337 4690 μήτε
386 4623 701 4692 πυλωρεῖν,
738 4625 875 4694 μήτε
929 4623 1183 4692 σφάττειν
1234 4622 1333 4693 τὴν
1386 4619 1775 4683 ὁλοκαύτωσιν,

209 4711 297 4764 καὶ
344 4713 438 4783 τὴν
493 4715 627 4786 περὶ
676 4715 950 4787 ἁμαρτίας
1004 4715 1233 4779 θυσίαν,
1274 4716 1409 4785 μήτε
1468 4711 1575 4783 μὴν
1610 4711 1776 4764 πελά-

213 4799 316 4866 ζειν
357 4807 469 4870 τοῖς
516 4808 701 4875 ἱεροῖς,
735 4807 872 4859 ἀλλὰ
916 4808 1015 4877 τῆς
1048 4807 1255 4869 οἰκείας
1301 4804 1558 4867 ἀσεϐείας
1595 4803 1778 4856 λαϐεῖν

210 4897 408 4966 καρπὸν
436 4898 537 4969 τὴν
580 4898 804 4969 ἀτιμίαν
827 4915 838 4927 '
877 4899 1035 4968 μόνον
1061 4899 1118 4951 δὲ
1164 4897 1258 4951 τοῦ
1289 4896 1501 4950 Σαδοὺκ
1532 4895 1590 4948 τὸ
1623 4893 1780 4964 γένος

209 4986 294 5037 ἐπὶ
323 4987 421 5055 τῆς
452 4987 713 5059 πατρῴας
767 4991 945 5058 μεῖναι
979 4988 1280 5051 εὐσεϐείας,
1314 4986 1408 5039 καὶ
1453 4985 1780 5056 ἱερουργεῖν,

211 5078 297 5131 καὶ
325 5079 638 5145 φυλάττειν,
664 5081 758 5134 καὶ
779 5081 846 5134 τὰ
867 5080 1001 5134 ἄλλα
1023 5079 1201 5132 πάντα
1226 5079 1331 5148 πλη
1341 5077 1489 5148 ροῦν.
1507 5077 1783 5149 Προσήκει

211 5169 262 5222 δὲ
278 5172 491 5237 αὐτοὺς,
511 5174 794 5243 φησί,τοῖς
816 5174 914 5244 μὲν
933 5172 990 5246 ἐξ
1022 5172 1185 5242 ἐρίων
1211 5171 1494 5241 ὑφάσμασι
1521 5167 1784 5241 μηδαμῶς

213 5266 538 5336 κεχρῆσθαι,
581 5266 863 5339 ἐσθήματα
889 5266 945 5318 δὲ
988 5266 1110 5319 λινᾶ
1158 5262 1577 5335 περιὸάλλεσθαι
1609 5260 1782 5331 μόνα,

213 5357 344 5408 κατὰ
374 5358 465 5410 τὸν
497 5360 598 5428 τῆς
632 5359 942 5429 ἱερουργίας
969 5358 1179 5425 καιρὸν,
1209 5357 1304 5408 καὶ
1331 5355 1541 5424 κίδαριν
1566 5353 1622 5405 δὲ
1651 5351 1782 5402 ἐκαο

216 5463 331 5511 στος
351 5450 415 5520 τῇ
447 5449 658 5520 κεφαλῇ
682 5450 1025 5520 περιτιθέτω,
1045 5448 1139 5502 καὶ
1160 5447 1324 5511 διαζώ
1334 5464 1474 5517 ματα
1497 5446 1554 5498 δὲ
1576 5442 1783 5498 ἔνδοθεν

1877 4609 2154 4681 jugulare,
2194 4612 2284 4659 aut
2317 4600 2654 4669 sacriﬁcium
2696 4614 2798 4669 pro
2826 4605 3071 4668 peccato,
3096 4605 3280 4662 neque
3305 4589 3462 4641 insu-

1883 4679 1979 4773 per
2009 4699 2187 4757 sacris
2213 4694 2659 4768 apprOpinquare
2680 4732 2695 4756 ,
2737 4690 2833 4745 sed
2870 4685 3166 4757 impietatis
3199 4697 3314 4739 suae
3346 4679 3464 4733 fru-

1882 4803 2032 4850 ctum
2083 4789 2439 4863 ignominiam
2480 4785 2802 4856 percipere;
2843 4794 3016 4852 genus
3052 4792 3184 4833 vero
3226 4775 3460 4837 Sadoci,

1884 4887 2034 4958 quod
2076 4884 2311 4956 patriam
2356 4880 2615 4951 pietatem
2664 4873 2943 4939 servavit,
2989 4870 3259 4929 duntaxat
3303 4868 3467 4923 mini-

1891 4990 2086 5045 strare,
2113 4982 2165 5030 et
2193 4971 2498 5029 custodiam
2532 4976 2740 5030 tenere,
2774 4971 2829 5019 et
2854 4963 2960 5016 alia
2986 4960 3173 5015 omnia
3206 4958 3467 5017 sacerdo-

1892 5081 2008 5126 tum
2035 5079 2262 5122 munera
2284 5062 2459 5118 obire.
2490 5055 2716 5131 [17-251
2744 5055 2821 5109 Et.
2840 5054 2998 5109 decet
3033 5051 3217 5123 ipsos,
3251 5050 3464 5120 inquit,

1891 5162 2135 5219 vestibus
2166 5175 2195 5215 e
2228 5158 2371 5211 lanis
2407 5152 2682 5209 contextis
2728 5160 3076 5219 nequaquam
3115 5144 3236 5207 uti,
3275 5142 3367 5197 sed
3403 5141 3468 5194 1i-

1892 5257 2013 5313 neis
2037 5262 2250 5310 tantum
2281 5247 2629 5305 vestimentis
2664 5242 2820 5299 indui
2854 5249 3100 5311 tempore
3132 5233 3425 5290 ministerii
3452 5270 3467 5295 ,

1891 5357 1945 5402 et
1966 5353 2416 5413 unumquemque
2436 5335 2604 5406 capiti
2633 5334 2915 5404 imponere
2938 5327 3197 5387 cidarim,
3246 5332 3301 5378 et
3347 5319 3471 5375 sub-

1891 5409 2350 5510 ligaculisdntus
2403 5445 2461 5487 se
2500 5426 2872 5498 prmcingere,
2924 5431 3088 5493 atque
3114 5422 3373 5472 exeuntes
3400 5409 3468 5464 ad

1484 5620 1721 5676 VARIAE
1760 5610 2173 5673 LECTIONES.

285 5765 328 5836 ἴθ’
367 5764 483 5815 ονσ.
534 5764 589 5836 Β
648 5766 836 5829 θείαν,
883 5766 933 5820 in
969 5767 1213 5836 margine
1248 5765 1457 5819 θυσίαν.

207 5833 248 5864 τ⁴
289 5834 325 5886 ii
360 5834 688 5889 ἐπανιόντα.

1539 5766 1577 5793 τ’
1626 5764 1744 5814 (ius.
1772 5758 1894 5815 Des.
1940 5759 1991 5813 in
2023 5759 2079 5810 li.

2160 5756 2204 5784 τί
2240 5753 2314 5805 δέ.
2351 5749 2471 5802 lies.
2504 5746 2556 5798 in
2591 5740 2647 5793 li.
2728 5741 2769 5768 73
2812 5733 2927 5800 τήν.
2952 5729 2989 5778 Β
3026 5743 3208 5798 prum].
3238 5721 3465 5795 ταύτην.
