3860 6206
437 326 572 391 i235

1384 327 1875 390 TH’EODORETI
1905 333 2242 395 EPISCOPI
2263 334 2622 396 CYRENSIS
3504 339 3623 406 1236'

436 442 703 513 populum
724 480 740 505 ,
767 446 950 494 vestes
998 436 1173 492 cultui
1209 436 1495 495 dedicatas
1527 456 1763 505 exuere,
1804 450 1858 497 et
1888 441 2012 498 aliis

2118 464 2183 499 πε
2195 445 2453 517 ρικείσθω
2472 465 2484 478 ·
2523 445 2757 511 ἐξιόντες
2779 445 2836 498 δὲ
2869 444 3006 517 πρὸς
3034 443 3123 498 τὸν
3155 443 3296 510 λαὸν,
3324 445 3406 511 τὰς
3436 450 3519 518 μὲν
3536 453 3622 508 λει.

435 534 661 588 indutos
712 540 868 586 extra
895 538 1084 599 portas
1114 529 1322 600 egredi.
1347 528 1534 600 Neque
1565 530 1710 585 enim
1737 531 1819 588 fas
1849 540 1954 596 est,
1980 547 2012 586 a

436 623 745 681 sacerdotio
779 623 1019 676 alienum
1062 621 1503 678 sacerdotalibus
1551 624 1797 680 vestibus
1844 624 2010 681 indu.

435 728 548 772 tum
596 716 1060 786 appropinquare.
1101 715 1296 785 Capita
1347 731 1567 786 quoque
1618 731 1728 771 non
1782 717 2011 784 radent,

434 807 580 877 quod
635 805 818 860 facere
859 814 1265 861 consueverant
1315 807 1588 862 idolorum
1639 809 2006 866 sacerdotes:

439 918 460 952 ι
499 898 564 952 Et
605 912 796 952 comas
842 913 976 954 suas
1015 913 1124 952 non
1168 897 1474 953 nudabunt.
1507 918 1527 951 ι
1567 897 1830 955 Hebraeus
1881 915 2011 956 vero

437 991 650 1064 [034
683 1000 740 1048 et
783 993 957 1064 Syrus
995 1009 1098 1047 non
1133 994 1364 1047 nutriant
1402 993 1608 1049 dixere.
1645 993 1831 1063 Neque
1863 996 2008 1050 enim

433 1088 552 1141 radi
579 1087 760 1157 ipsos,
795 1087 1007 1155 inquit,
1043 1093 1300 1156 oportet,
1340 1101 1518 1155 neque
1543 1101 1729 1142 comas
1757 1088 1970 1142 nutrire
1993 1129 2008 1152 ,

433 1177 529 1233 sed
575 1186 820 1234 tonsura:
870 1177 1304 1233 mediocritatem
1358 1178 1677 1233 observare.
1725 1179 1836 1232 Hoc
1866 1179 2010 1233 enim

432 1270 760 1340 signiﬁcavit
781 1314 795 1339 ,
822 1285 947 1326 cum
982 1269 1118 1324 dixit
1155 1289 1170 1324 :
1218 1289 1237 1322 ι
1270 1270 1664 1340 Cooperientes
1691 1272 2011 1340 cooperient

433 1364 614 1432 capita
650 1377 773 1418 sua.
806 1380 825 1413 ι
861 1361 1089 1432 Oportet
1121 1363 1251 1417 item
1286 1363 1440 1432 ipsos
1471 1377 1537 1417 eo
1572 1371 1821 1432 tempore
1846 1405 1861 1427 ,
1899 1377 2010 1432 quo

433 1455 746 1509 sacerdotio
791 1453 1128 1525 iungendum
1170 1463 1274 1519 est,
1316 1469 1350 1508 a
1375 1454 1485 1508 vini
1521 1461 1656 1524 potu-
1691 1453 2006 1511 abstinere:

434 1561 521 1613 ar,
551 1547 597 1602 si
627 1547 798 1600 velint
829 1562 1054 1601 uxorem
1081 1547 1312 1612 ducere,
1338 1560 1515 1614 nequc
1537 1544 1758 1600 viduam
1783 1587 1796 1611 ,
1830 1559 2010 1614 neque

432 1640 782 1709 repudiatam
807 1639 1096 1694 mulierem
1133 1639 1370 1702 ducere,
1406 1638 1501 1692 sed
1533 1638 1823 1707 virginem.
1851 1635 2010 1702 Quod

431 1733 478 1786 si
504 1732 668 1786 etiam
692 1731 872 1801 ntiqua
897 1731 1062 1786 fuerit
1090 1730 1401 1786 sacerdotis
1432 1744 1570 1784 uxor
1598 1729 1762 1783 vidua
1791 1728 2006 1794 relicta,

2112 540 2409 611 τουργικάς
2441 538 2863 593 ἀποδυέσθωσαν
2885 535 3095 601 στολάς,
3126 534 3308 607 ὲτὲρας
3343 537 3396 591 δὲ
3420 539 3621 612 ἀμπεχό-

2116 647 2266 700 μενοι
2293 630 2392 692 vi;
2445 628 2620 692 πύλας
2647 627 2910 692 ὲξίτωσαν
2930 643 2943 656 ο
2977 624 3103 678 οὒτε
3139 624 3245 696 γὰρ
3276 624 3419 694 θέμις
3443 628 3519 680 τὸν
3543 632 3624 700 τῆς

2113 721 2418 792 ἱερωσύνης
2434 720 2711 790 ἀλλότριον
2725 721 2845 782 ταῖς
2867 718 3162 791 ίερατικαῖς
3179 715 3414 779 πελάζειν
3433 720 3622 785 στολαῖς.

2112 817 2223 871 Καὶ
2249 817 2348 879 τὰς
2375 814 2619 886 κεφαλὰς
2647 815 2704 869 δὲ
2746 815 2806 868 οὐ
2859 811 3200 884 ξυρήσονται,
3241 812 3388 866 τοῦτο
3415 812 3508 884 γὰρ
3530 814 3624 879 ἔθος

2109 905 2180 980 ἦν
2219 912 2392 963 ποιεῖν
2424 911 2532 971 τοῖς
2561 908 2671 961 τῶν
2713 904 2946 961 εἰδώλων
2977 904 3213 978 ἱερεῦσιο
3248 905 3280 956 ‹’
3306 907 3408 960 Καὶ
3431 906 3516 971 τὰς
3553 909 3627 961 κό-

2115 1018 2222 1071 μας
2276 1000 2456 1054 αὐτῶν
2497 1000 2558 1052 οὐ
2597 998 2944 1069 ψιλώσουσιν.
2978 1015 2996 1049 ι
3049 997 3106 1049 '0
3146 996 3203 1048 δὲ
3239 996 3486 1067 Ἐϐραῖος,
3510 999 3629 1052 καὶὸ

2112 1092 2304 1162 Σύρος,
2333 1093 2404 1146 οὺ
2456 1089 2790 1160 θρέψουσιν
2818 1088 3046 1158 ἔφασαν.
3094 1085 3230 1140 Οῦτε
3266 1086 3367 1156 γὰρ
3399 1088 3628 1157 ξυρεῖσθαι

2111 1183 2330 1246 αὐτοὺς,
2367 1183 2504 1254 φησὶ
2523 1222 2540 1247 ,
2570 1183 2858 1254 προσήκει.
2891 1179 3014 1235 οὔτε
3068 1179 3245 1249 κόμας
3277 1180 3496 1250 τρέφειν,
3523 1180 3630 1234 ἀλλὰ

2115 1275 2392 1346 μεσότητα
2445 1277 2649 1344 κουρᾶς
2696 1275 3016 1344 ἀγαπῆσαι·
3046 1271 3204 1325 τοῦτο
3255 1272 3360 1341 γὰρ
3402 1272 3628 1342 ἐσήμηνεν

2111 1366 2382 1438 εἰρηκώς·
2426 1385 2445 1418 ι
2501 1365 2882 1430 Καλύπτοντες
2934 1364 3235 1432 καλύψουσι
3296 1363 3390 1427 τὰς
3430 1363 3630 1431 κεφαλὰς

2111 1460 2314 1513 αὐτῶν.
2345 1479 2362 1511 ο
2384 1461 2476 1512 Δεῖ
2505 1459 2562 1514 δὲ
2591 1461 2787 1522 αὐτοὺς
2813 1458 2952 1512 κατά
2977 1458 3069 1511 τὸν
3100 1456 3460 1528 ίερουργίας⁷⁸
3479 1456 3631 1526 καιρὸν

2111 1553 2421 1616 οῖνοποσίας
2459 1551 2797 1622 ἀπέχεσθαι’
2846 1550 3008 1620 γάμῳ
3057 1549 3115 1602 δὲ
3165 1547 3496 1618 βουλομένους
3531 1549 3630 1612 ὁμι-

2111 1643 2247 1706 λεῖν,
2286 1643 2425 1713 μήτε
2442 1641 2638 1712 χήραν,
2669 1641 2808 1711 μήτε
2844 1637 3252 1709 ἐκϐεϐλημένην
3287 1639 3501 1706 γυναῖκα
3524 1637 3632 1706 λαμ-

2113 1733 2317 1798 ϐάνειν,
2350 1731 2492 1788 ἀλλά
2533 1731 2820 1804 παρθένον.
2852 1731 2916 1784 Ei
2961 1730 3018 1783 δὲ
3052 1732 3147 1784 καὶ
3194 1729 3377 1798 ἱερέως
3413 1744 3488 1789 τις
3512 1743 3633 1792 γενο-

431 1831 485 1878 et
519 1823 757 1878 voluerit
791 1823 992 1892 aliquis
1041 1837 1162 1877 eam
1206 1821 1409 1877 ducere
1433 1863 1448 1885 ,
1499 1836 1567 1876 ne
1613 1820 1750 1875 tales
1789 1817 2007 1888 quidem

2117 1830 2252 1901 μένη
2300 1829 2440 1897 γυνὴ
2481 1825 2795 1898 χηρεύσειε,
2825 1826 2918 1877 καὶ
2947 1821 3236 1893 βουληθείη
3270 1838 3352 1884 τις
3380 1820 3530 1891 αὐτὴν
3558 1819 3635 1889 γῆ-

430 1914 648 1984 ῐιυριίαι
671 1927 706 1966 a
733 1913 849 1981 lege
882 1912 1284 1968 interdicentur
1311 1929 1332 1966 ι»
1369 1910 1645 1980 siquidem
1685 1910 2009 1964 inviolatum

433 2014 621 2062 manet
651 2007 946 2063 sacerdotii
975 2021 1172 2078 genus,
1208 2006 1254 2060 si
1287 2021 1411 2076 qua)
1452 2003 1731 2060 sacerdoti
1757 2001 2009 2072 copulata

433 2099 540 2154 fuit
587 2099 867 2161 sacerdoti
915 2114 1112 2156 rursus
1161 2098 1550 2168 coniungatur.
1613 2095 1763 2164 Quos
1815 2108 2016 2151 rursus

434 2199 658 2262 oportet
698 2193 866 2248 etiam
917 2193 1183 2264 populum
1228 2191 1488 2256 erudire,
1527 2197 1583 2246 et
1626 2189 2007 2246 communium

433 2295 836 2353 sacrorumque
869 2281 1171 2338 discrimen
1201 2281 1421 2337 docere.
1466 2279 1574 2351 Ipsi
1611 2279 1777 2335 etiam
1811 2291 2013 2334 causas

434 2373 504 2428 ad
520 2374 698 2429 cades
727 2373 1070 2444 pertinentes
1100 2372 1380 2442 judicent,
1409 2377 1462 2426 et
1485 2369 1624 2424 alias
1655 2369 1781 2423 lites
1811 2366 2013 2423 dissol-

431 2470 586 2527 vant,
621 2477 835 2533 semper
865 2461 921 2517 id
947 2460 1102 2533 quod
1131 2461 1342 2530 justum
1367 2469 1460 2516 est
1481 2502 1500 2526 ,
1529 2457 1908 2530 praeferentes.
1945 2455 2013 2509 Et

433 2552 791 2610 celebritates
825 2553 1130 2610 secundum
1161 2552 1336 2621 legem
1361 2556 1650 2621 peragant,
1687 2557 1742 2604 et
1770 2547 2012 2604 Sabbata

433 2648 620 2718 quiete
666 2655 723 2702 et
765 2647 888 2702 aliis
935 2644 1104 2700 rebus
1138 2644 1431 2698 honorent.
1480 2660 1499 2693 ι
1529 2640 1596 2695 Et
1644 2639 1713 2695 ad
1770 2639 2010 2694 animant

436 2738 678 2794 hominis
707 2753 815 2792 non
839 2736 1242 2807 ingredientur,
1272 2741 1334 2790 ut
1353 2735 1690 2804 polluantur,
1722 2751 1740 2784 ι
1772 2731 1877 2785 hoc
1904 2737 2009 2796 est,

436 2832 504 2886 ad
536 2831 772 2886 cadaver
799 2830 906 2902 (sic
948 2830 1096 2886 enim
1129 2838 1181 2884 et
1211 2827 1506 2894 Hebraeus,
1534 2835 1587 2881 et
1617 2825 1791 2896 Syrus
1823 2823 2010 2891 dixit),

441 2945 458 2973 ι
489 2926 585 2978 sed
622 2924 689 2977 ad
730 2925 907 2978 solum
945 2931 1154 2994 patrem
1186 2930 1243 2976 et
1279 2931 1548 2984 matrem,
1583 2919 1804 2988 inquit,
1844 2916 2013 2971 ﬁlium

434 3025 487 3068 ιιι
520 3014 686 3068 ﬁliam
712 3056 728 3080 ,
769 3014 999 3069 fratrem
1039 3022 1092 3069 et
1134 3029 1380 3069 sororem
1423 3013 1668 3068 nondum
1702 3019 1948 3080 nuptam.
1987 3026 2008 3059 ι

2115 1938 2234 1994 μαι,
2251 1920 2374 1976 οὐδὲ
2399 1921 2429 1973 ὁ
2449 1918 2688 1981 τοιοῦτος
2711 1916 2888 1986 γάμος
2918 1914 3238 1986 παράνομος
3253 1925 3270 1937 ’
3288 1911 3540 1980 ἀνέπαφον
3555 1911 3642 1982 γὰρ

2113 2014 2212 2084 τῆς
2248 2010 2549 2084 ἱερωσύνης
2570 2011 2722 2081 μένει
2748 2009 2812 2062 τὸ
2839 2008 3016 2077 γένος,
3040 2006 3143 2076 τῆς
3171 2007 3308 2075 ίερεῖ
3325 2003 3635 2072 συναφθείσης

2111 2105 2190 2176 τῷ
2226 2105 2364 2175 ίερεῖ
2391 2102 2553 2156 πάλιν
2582 2098 3018 2170 συναπτομένης.
3045 2097 3168 2168 Χρὴ
3195 2096 3251 2148 δὲ
3281 2093 3488 2156 τούτους
3513 2092 3641 2147 πάλιν

2113 2195 2208 2255 καὶ
2239 2195 2330 2248 τὸν
2363 2193 2491 2247 λαὸν
2538 2190 2892 2246 ὲκπαιδεύειν
2919 2189 3031 2243 τῶν
3082 2204 3145 2240 τε
3195 2185 3386 2240 κοινῶν
3433 2184 3520 2239 καὶ
3557 2183 3643 2238 τῶν

2117 2288 2280 2358 ιερῶν
2309 2286 2367 2340 τὸ
2396 2285 2674 2356 διάφορον.
2700 2282 2866 2336 Αὐτοὶ
2894 2281 2952 2336 δὲ
2981 2280 3077 2335 καὶ
3104 2282 3231 2343 ταῖς
3267 2281 3496 2348 φονικαῖς
3522 2278 3644 2338 δικα-

2115 2376 2366 2430 σάτωσαν
2384 2373 2582 2437 δίκαις,
2610 2370 2706 2424 καὶ
2730 2369 2832 2431 τὰς
2859 2368 3027 2432 ἄλλας
3053 2368 3111 2422 δὲ
3138 2366 3458 2438 ἀμφιϐολίας
3484 2365 3644 2418 λυέτω-

2115 2485 2235 2530 σαν,
2275 2462 2554 2535 πανταχοῦ
2578 2461 2848 2534 τιμῶντες
2872 2459 2931 2515 τὸ
2975 2461 3208 2514 δίκαιον.
3241 2460 3348 2513 Καὶ
3375 2457 3467 2521 τάς
3489 2456 3642 2528 ἑορτὰς

2114 2561 2171 2614 δὲ
2197 2557 2341 2614 κατά
2371 2557 2464 2610 τὸν
2517 2556 2682 2626 νόμον
2723 2551 3168 2617 ὲπιτελείτωσαν,
3198 2552 3294 2605 καὶ
3332 2549 3400 2603 τὰ
3435 2546 3646 2601 Σάϐϐατα

2111 2655 2180 2724 τῇ
2215 2649 2382 2720 ἀργίᾳ
2431 2648 2527 2702 καὶ
2573 2648 2688 2708 τοῖς
2731 2643 2907 2707 ἄλλοις
2967 2642 3321 2713 τιμάτωσαν.
3366 2658 3385 2692 ι
3438 2639 3536 2692 Καὶ
3572 2635 3645 2688 ἐπὶ

2113 2742 2294 2814 ψυχὴν
2318 2738 2609 2811 ἀνθρώπου
2652 2738 2754 2790 οὐκ
2781 2734 3178 2788 εἰσελεύσονται
3207 2733 3301 2786 τοῦ
3331 2730 3606 2802 μιανθῆναι,
3624 2745 3641 2778 ι

2112 2831 2398 2884 τουτέστιν
2430 2829 2522 2881 ἐπὶ
2551 2825 2768 2897 νεκρῷ·
2807 2823 2948 2877 οὕτω
2976 2823 3084 2894 γὰρ
3137 2823 3232 2876 καὶ
3257 2825 3285 2875 ὁ
3325 2822 3549 2891 Ἐϐραῖος
3570 2818 3647 2872 καὶ

2113 2924 2141 2974 ὁ
2177 2920 2346 2988 Σύρος
2392 2918 2528 2989 ἔφη·
2571 2937 2589 2970 ι
2625 2917 2737 2970 ἀλλ’
2787 2916 2881 2969 ἐπὶ
2917 2915 3092 2986 μόνῳ,
3157 2914 3330 2983 φησὶ,
3382 2911 3535 2980 πατρὶ
3574 2908 3649 2962 καὶ

2119 3011 2308 3082 μητρὶ,
2341 3011 2444 3080 υίῷ
2479 3011 2574 3063 καὶ
2601 3007 2855 3079 θυγατρὶ,
2874 3005 3086 3077 ἀδελφῷ
3110 3008 3205 3060 καὶ
3232 3003 3423 3074 ἀδελφῇ
3461 3002 3647 3073 μηδέ-πω

436 3105 690 3180 [26-51]
745 3105 951 3161 Deinde
1006 3106 1298 3177 praecipit,
1363 3103 1643 3175 quomodo
1697 3100 2012 3156 immundus

2117 3121 2184 3174 γη
2194 3103 2433 3173 μαμένῃ.
2453 3121 2472 3154 ι
2500 3098 2635 3156 Εἶτα
2653 3101 2942 3172 παρεγγυᾷ
2957 3100 3023 3162 ⁷⁸,
3045 3098 3164 3162 πῶς
3183 3098 3264 3151 δεῖ
3279 3095 3365 3150 τὸν
3389 3095 3647 3164 ἀκάθαρτον

437 3197 822 3253 emundandus
849 3198 942 3262 sit,
968 3205 1031 3251 ut
1057 3197 1132 3251 ita
1163 3197 1338 3267 possit
1366 3196 1434 3250 ad
1466 3194 1781 3250 obeundum
1813 3207 2015 3246 munus

436 3291 744 3346 accedere:
800 3307 910 3351 non
953 3290 1083 3360 quia
1129 3304 1320 3344 revera
1357 3293 1373 3312 '
1414 3286 1816 3342 exsecrandum
1864 3290 2017 3339 esset

437 3391 687 3441 mortuos
723 3384 997 3454 inspicere
1030 3384 1100 3452 (si
1130 3382 1278 3436 enim
1315 3395 1442 3437 vere
1479 3381 1587 3436 hoc
1619 3379 1886 3440 laesisset,
1925 3377 2017 3430 Iae-

438 3477 602 3531 sisset
631 3475 796 3529 etiam
829 3474 1030 3527 mortui
1065 3474 1236 3543 patris
1258 3512 1274 3536 ,
1331 3479 1426 3527 aut
1457 3471 1672 3536 matris,
1703 3478 1797 3523 aut
1826 3469 2016 3526 fratris

437 3569 739 3636 aspectus)
789 3585 801 3620 :
852 3565 954 3622 sed
993 3581 1087 3636 per
1135 3565 1250 3620 haec
1297 3564 1592 3620 ostendere
1632 3563 1772 3627 vult,
1819 3561 2014 3631 majori

437 3657 794 3711 observantia
817 3654 1043 3725 dignum
1073 3657 1217 3726 apud
1248 3655 1491 3718 Iudaeos,
1525 3655 1620 3724 qui
1646 3669 1813 3723 parva
1842 3653 2015 3708 extol-

439 3744 555 3799 lere
590 3743 940 3810 didicerant,
973 3760 1098 3800 esse
1127 3745 1494 3800 sacerdotem.
1531 3743 1736 3798 Deinde
1769 3742 2013 3812 praecipit

443 3837 662 3908 1035.
684 3837 1029 3893 sacerdotem
1067 3852 1288 3906 quoque
1337 3851 1436 3906 pro
1487 3836 1669 3906 seipso
1727 3834 1926 3889 oﬁ‘erre
1958 3835 2012 3888 in

439 3939 628 3984 sancta
670 3929 1092 4000 ingressurum:
1142 3942 1319 3996 neque
1351 3934 1560 3997 partem
1598 3926 1850 3994 accipere
1888 3941 2014 3980 cum

440 4020 567 4075 tiliis
614 4019 836 4076 lsraelis
883 4020 936 4072 in
979 4019 1370 4073 distributione
1405 4024 1588 4070 terrm.
1647 4034 1666 4066 ι
1703 4013 1817 4084 Ego
1857 4015 2008 4069 enim

443 4114 772 4180 lizcreditas,
799 4112 1014 4182 inquit,
1047 4113 1318 4181 ipsorum,
1347 4117 1402 4163 ct
1437 4106 1720 4178 possessio
1742 4121 1958 4161 eorum.
1989 4125 2006 4156 ι

440 4207 570 4260 Mihi
602 4207 751 4262 enim
783 4206 964 4261 oblata
1005 4204 1399 4274 primogenita,
1431 4208 1486 4256 et
1533 4199 1806 4270 primitias
1834 4236 1848 4260 ,
1878 4198 2016 4268 ipsis

440 4300 510 4354 ad
557 4297 851 4353 fruendum
905 4296 1075 4360 dedi,
1120 4305 1175 4352 et
1214 4303 1401 4366 partes
1437 4309 1467 4346 a
1514 4290 1808 4347 sacriﬁciis
1856 4290 2014 4344 abla-

442 4404 526 4448 tas
566 4407 764 4447 rursus
812 4392 896 4446 eis
938 4390 1192 4446 attribui.
1236 4388 1346 4462 Ego
1381 4387 1530 4444 enim
1571 4383 1720 4439 nulla
1769 4397 1826 4438 re
1865 4383 2015 4438 indi-

441 4496 562 4553 geo.
725 4467 728 4470 ’

1011 4589 1241 4654 CAPUT
1281 4591 1445 4646 XLV.

515 4687 663 4760 [l-8]
707 4685 873 4742 Juhet
903 4692 1084 4740 autem
1120 4699 1343 4756 quoque
1376 4693 1578 4739 terram
1621 4684 1917 4754 quamdam
1956 4683 2022 4738 in

442 4776 778 4834 suburbanis
809 4775 1026 4831 deﬁniri
1070 4775 1454 4831 sacerdotibus
1477 4815 1492 4840 ,
1542 4773 1610 4828 ab
1648 4774 1859 4829 oriente
1898 4774 2015 4827 sole

443 4867 516 4922 ad
540 4883 826 4933 occasum,
856 4867 1046 4923 decem
1077 4866 1254 4921 millia
1282 4866 1636 4929 cubitorum,
1672 4873 1727 4919 et
1753 4867 1820 4918 ab
1853 4868 2014 4934 aqui-

442 4959 572 5014 lone
595 4960 661 5013 ad
686 4960 970 5014 meridiem
994 4959 1187 5030 viginti
1209 4958 1454 5029 quinque
1477 4958 1644 5013 millia
1667 4975 1680 5012 :
1703 4969 1782 5022 ut,
1814 4958 2012 5027 inquit,

443 5051 709 5106 habentes
733 5051 844 5122 ipsi
863 5052 1128 5114 decimas,
1154 5060 1208 5105 et
1234 5051 1527 5120 primitias,
1551 5058 1604 5106 et
1629 5050 2012 5120 primogenita,

444 5151 502 5196 et
525 5143 934 5198 sacriliciorum
969 5153 1249 5213 separatas
1275 5150 1479 5212 partes,
1510 5151 1565 5197 et
1594 5158 1627 5199 a,
1654 5151 1796 5197 terra
1823 5157 2017 5196 conso-

447 5237 707 5292 lationem
738 5277 752 5302 ,
796 5237 850 5292 id
887 5237 1034 5307 quod
1069 5235 1277 5304 justum
1321 5242 1403 5290 cst
1440 5234 1882 5304 amplectantur,
1916 5248 2018 5287 nec

449 5330 684 5401 amplius
724 5330 1158 5400 concupiscant,
1198 5343 1374 5397 neque
1415 5328 1616 5398 populo
1648 5333 1917 5392 noceant,
1955 5341 2020 5380 eo

449 5419 698 5476 [ruentes
739 5435 849 5493 quo
891 5419 1142 5474 contenti
1191 5433 1314 5473 esse
1351 5425 1575 5486 queant.
1627 5416 1836 5470 Idcirco
1886 5416 2018 5469 sub-

445 5513 579 5586 jecit
598 5531 612 5570 :

2119 3194 2480 3265 καθαρθῆναι,
2532 3194 2626 3247 καὶ
2676 3191 2818 3246 οὕτω
2851 3193 2916 3261 τῇ
2964 3191 3252 3262 ἱερουργίᾳ
3297 3185 3648 3243 πελάσαιοούκ

2119 3285 2304 3355 ἐπειδὴ
2326 3285 2402 3356 τῷ
2430 3286 2544 3338 ὄντι
2577 3284 2821 3354 μυσαρὸν
2847 3279 2914 3354 ἦν
2947 3283 3009 3336 τὸ
3033 3284 3166 3346 τοὺς
3201 3281 3492 3342 τεθνεῶτας
3516 3278 3646 3349 όρᾷν·

2118 3379 2166 3430 εί
2219 3379 2327 3446 γὰρ
2371 3375 2586 3444 ἀληθῶς
2639 3375 2902 3437 ὲλωϐἄτο,
2935 3374 3245 3444 ἐλυμήνατο
3282 3373 3348 3426 ἂν
3399 3372 3540 3440 καὶὴ
3577 3367 3648 3420 τοῦ

2116 3469 2411 3532 τεθνεῶτος
2449 3470 2673 3539 πατρὸς,
2703 3469 2737 3540 ἢ
2792 3468 3001 3539 μητρὸς
3023 3509 3037 3533 ,
3067 3468 3099 3538 ἢ
3139 3465 3368 3536 ἀδελφοῦ
3402 3465 3490 3518 θέα
3509 3480 3521 3493 ·
3543 3459 3649 3515 ἀλλὰ

2116 3561 2203 3615 διὰ
2232 3560 2437 3614 τούτων
2487 3558 2913 3630 αἱδεσιμώτερον
2959 3559 3114 3631 παρά
3151 3562 3266 3623 τοῖς
3303 3559 3369 3612 τὰ
3403 3554 3559 3628 μικρά
3581 3569 3648 3604 σε·

2120 3653 2338 3724 μνύνειν
2373 3651 2750 3723 μεμαθηκόσιν
2796 3651 3072 3714 Ἰουδαίοις
3113 3651 3205 3705 τὸν
3239 3650 3384 3721 ἱερέα
3408 3644 3533 3701 εἶναι
3555 3645 3642 3714 βου·

2117 3746 2362 3815 λόμενος.
2396 3743 2527 3797 Εἶτα
2565 3743 3005 3816 παρακελεύεται
3039 3744 3136 3796 καὶ
3175 3744 3276 3814 τὴν
3319 3742 3453 3811 ὑπὲρ
3494 3734 3651 3792 ἑαυτοῦ

2120 3836 2307 3890 θυσίαν
2337 3839 2726 3905 προσενεγκεῖν
2765 3835 2855 3889 τὸν
2891 3836 3040 3906 ἱερέα
3065 3835 3334 3905 μέλλοντα
3360 3835 3434 3896 εἰς
3460 3832 3520 3883 τὰ
3549 3832 3651 3896 ἅγια

2119 3928 2390 3982 εἰσιέναι·
2427 3927 2521 3981 καὶ
2581 3927 2773 3998 μερίδα
2830 3926 2904 3997 μὴ
2967 3927 3154 3981 λαϐεῖν
3221 3925 3356 3996 μετά
3407 3923 3508 3977 τῶν
3551 3920 3652 3974 υἱῶν

2132 4019 2343 4091 Ἰσραὴλ
2364 4021 2420 4072 ὲν
2449 4021 2515 4090 τῇ
2547 4019 2775 4090 διανομῇ
2806 4019 2907 4089 τῆς
2933 4018 3057 4089 γῆς.
3109 4037 3129 4069 ς
3179 4018 3321 4087 Ἐγὼ
3348 4017 3470 4087 γὰρ,
3502 4014 3648 4084 φησὶν,

2116 4112 2514 4182 ήκληρονομία
2563 4113 2742 4164 αὐτῶν
2793 4113 2888 4165 καὶ
2947 4111 3284 4182 κατάσχεσις
3332 4109 3561 4163 αὐτῶν.»
3590 4103 3650 4156 Τὰ

2117 4204 2225 4274 γὰρ
2241 4203 2363 4273 ἐμοὶ
2386 4203 2807 4273 προσφερόμενα
2837 4203 3182 4274 πρωτότοκα,
3204 4202 3300 4256 καὶ
3326 4203 3420 4263 τὰς
3441 4196 3650 4268 ἀπαρχὰς

2116 4296 2298 4358 αὐτοῖς
2330 4297 2408 4360 είς
2429 4294 2726 4349 ἀπόλαυσιν
2766 4294 2982 4365 δίδωμι,
3012 4295 3107 4361 καὶ
3125 4293 3192 4347 τὰ
3223 4292 3331 4346 ἀπὸ
3354 4291 3456 4344 τῶν
3491 4284 3649 4341 θυσιῶν

2116 4385 2488 4472 ἀφοριζόμενα
2509 4386 2669 4439 πάλιν
2697 4386 2882 4449 αὐτοῖς
2909 4384 3207 4454 ἀπένειμα.
3247 4381 3385 4451 Ἐγὼ
3406 4382 3503 4451 γὰρ
3529 4379 3647 4430 ἀνεν-

2045 4500 2089 4560 D
2115 4477 2258 4549 δεὴς.

2626 4591 3022 4645 ΚΕΦΑΛΑΈΟΝ
3061 4591 3196 4646 ME’.

2191 4681 2417 4742 Κελεύει
2449 4682 2506 4735 δὲ
2556 4683 2645 4735 καὶ
2687 4683 2791 4752 γῆν
2821 4699 2942 4735 τινα
2971 4680 3336 4752 ἀφορισθῆναι
3375 4675 3648 4748 προάστειον

2118 4778 2231 4839 τοῖς
2260 4775 2466 4846 ἱερεῦσι
2494 4790 2508 4804 ·
2557 4775 2666 4827 ἀπὸ
2703 4775 2800 4843 μὲν
2831 4774 3140 4844 ἀνίσχοντος
3173 4773 3325 4844 ἡλίου
3358 4769 3485 4840 πρὸς
3517 4762 3646 4819 ἑσπέ-

2123 4884 2242 4938 ραν,
2287 4866 2421 4919 δέκα
2466 4865 2708 4936 χιλιάδας
2758 4867 2978 4936 πήχεων
3005 4881 3020 4896 ο
3065 4865 3175 4918 ἀπὸ
3214 4864 3273 4917 δὲ
3312 4864 3502 4934 ἄρκτον
3543 4855 3648 4926 πρός

2125 4957 2469 5029 μεσημϐρίαν
2497 4959 2672 5011 είκοσι
2697 4959 2792 5011 καὶ
2822 4958 2984 5010 πέντε
3019 4957 3285 5028 χιλιάδας,
3316 4955 3469 5016 ὥστε,
3496 4949 3645 5018 φησὶν.

2121 5055 2342 5123 ἔχοντας
2379 5052 2574 5114 αὐτοὺς
2604 5051 2700 5110 τὰς
2731 5050 2984 5116 δεκάτας,
3021 5051 3112 5102 καὶ
3157 5049 3260 5112 τὰς
3289 5044 3545 5114 ἀπαρχὰς»
3578 5036 3649 5091 καί

2113 5143 2181 5195 τὰ
2231 5141 2570 5211 πρωτότοκα,
2618 5139 2710 5192 καὶ
2759 5138 2867 5191 τῶν
2921 5138 3120 5216 θυσιῶν
3163 5143 3268 5199 τὰς
3307 5129 3647 5205 ἀφωρισμένας

2119 5233 2334 5304 μοίρας,
2377 5233 2471 5286 καὶ
2497 5233 2595 5302 τὴν
2622 5231 2729 5285 ἀπὸ
2762 5233 2860 5301 τῆς
2897 5233 3001 5301 γῆς
3043 5228 3392 5302 παραψυχὴν,
3437 5225 3646 5292 στέργειν

2117 5326 2176 5378 τὸ
2222 5326 2460 5388 δίκαιον,
2509 5326 2601 5379 καὶ
2654 5325 2748 5378 τοῦ
2811 5324 3053 5388 πλείονος
3099 5324 3172 5394 μὴ
3227 5319 3496 5391 ἐφίεσθαι,
3541 5308 3645 5382 μηδὲ

2120 5418 2324 5470 ἀδικεῖν
2357 5418 2446 5469 τὸν
2476 5417 2622 5481 λαὸν,
2671 5417 2768 5486 τῆς
2805 5417 3132 5486 αὐταρκείας
3169 5413 3541 5471 ἀπολαύοντας.
3576 5401 3645 5456 Διδ

2121 5523 2223 5578 επη
2231 5525 2397 5577 γαγεν
2410 5523 2424 5537 ο

1681 5638 1913 5695 νΑΒιίΕ
1952 5637 2353 5693 Ι.Ε(;ΪΙΟΝΕ3.

514 5759 583 5817 1'.
607 5760 708 5830 ἱερ.
743 5758 783 5810 Β
809 5775 992 5831 [ει-ειη.
1030 5763 1125 5830 τῆς
1225 5763 1266 5792 τε
1314 5777 1442 5829 παρ.
1482 5788 1549 5797 -
1586 5756 1743 5813 ἀκαθ.
1784 5757 1822 5807 Β
1850 5757 1946 5827 τὴν

1986 5796 1996 5806 .
2028 5795 2039 5807 .
2069 5799 2080 5808 .
2117 5774 2179 5807 αν
2217 5754 2597 5823 (ἀκαθαρσίαν,
2638 5767 2692 5810 ut
2721 5756 2958 5825 videtur)
2993 5757 3252 5827 ἐννόμως.
