3860 6206
423 270 559 333 1239
586 248 591 261 ’

1444 274 1930 335 ΤΠΕΟΟΟΒΕΤΙ
1965 276 2302 335 EPISCOPI
2336 273 2698 335 CYRENSIS

3408 275 3635 345 mea

418 382 686 445 adorent,
731 387 901 448 utque
944 368 1296 433 sacerdotum
1347 378 1603 448 princeps
1631 421 1646 443 ,
1702 381 1829 435 dum
1884 381 1980 437 han

2103 380 2430 453 τὴνεῖσοδον
2464 380 2801 451 ποιήσαιντο,
2834 377 2922 431 διὰ
2952 376 3267 449 τῆςῦὲτέρας
3290 379 3533 437 ποιεῖσθαι
3552 388 3630 456 τὴν

420 473 596 537 liunt,
637 472 889 534 intersit,
925 476 983 522 ιιι
1006 469 1218 539 'majori
1260 472 1591 526 verecundia
1631 474 1815 530 cultus
1844 475 1997 529 exhi-

419 566 639 620 beatur.
667 562 778 635 [l2]
809 561 872 615 Et
892 562 1042 617 omni
1078 562 1278 631 populo
1310 562 1569 620 Sabbatis
1606 573 1660 620 et
1697 566 1823 621 aliis
1850 568 1994 622 cele-

422 652 718 707 hritatibus
745 659 957 718 portam
991 651 1193 721 aperiri
1219 652 1408 721 jussit,
1439 669 1564 722 qua:
1596 665 1682 711 est
1712 657 1778 710 ad
1807 658 1995 711 orien-

417 758 523 799 tem
552 762 566 796 :
604 742 841 813 principi
866 757 998 797 vero
1028 744 1397 810 sacerdotum,
1424 746 1797 803 voluntarium
1819 749 1995 804 sacri-

417 834 599 888 ﬁcium
624 848 689 887 ex
719 833 1020 889 abundanti
1043 833 1240 891 oli'erre
1267 835 1377 892 Deo
1404 837 1631 903 volenti,
1662 855 1995 910 quocunque

413 926 503 981 die
546 925 784 980 voluerit
833 927 1169 982 sacriﬁcium
1207 943 1505 1001 peragere,
1546 931 1741 997 liceat,
1780 932 1991 1003 inquit,

412 1023 625 1084 portam
657 1018 889 1087 aperire.
922 1016 1115 1074 Simile
1151 1019 1302 1074 enim
1336 1022 1474 1085 erit,
1506 1023 1719 1092 inquit,
1748 1024 2009 1083 oblatum.

413 1109 483 1162 ah
522 1108 642 1178 ipso
676 1109 1008 1165 sacriﬁcium
1042 1111 1407 1168 Sabbatorum
1442 1115 1737 1171 sacriﬁcio.
1778 1116 1990 1189 [16-18]

411 1197 477 1252 Ει
519 1215 585 1254 ex
620 1199 843 1255 deﬁnita
884 1199 988 1272 ipsi
1023 1210 1203 1270 terra,
1254 1205 1300 1261 si
1348 1207 1437 1260 cui
1489 1207 1726 1262 liliorum
1777 1207 1994 1265 tradere

411 1289 686 1357 voluerit,
737 1292 935 1361 ipsius,
963 1294 1180 1364 inquit,
1231 1298 1328 1366 qui
1373 1300 1621 1368 accepit,
1661 1308 1992 1370 perpetuum

406 1381 501 1448 jus
533 1385 549 1401 ‘
605 1383 892 1438 obtineat:
954 1386 1101 1456 quod
1134 1387 1179 1442 si
1230 1402 1388 1444 servo
1436 1390 1566 1444 data
1606 1390 1793 1458 fuerit,
1847 1393 1993 1449 illius

412 1470 659 1525 dominio
701 1473 949 1541 potiatur
1001 1491 1176 1546 usque
1223 1478 1290 1532 ad
1337 1480 1688 1538 remissionis
1745 1497 1947 1538 annum
1975 1503 1993 1539 :

408 1571 463 1615 et
503 1577 651 1618 anno
696 1565 823 1628 illo,
850 1567 943 1637 qui
978 1568 1412 1627 hebdomadicus
1455 1574 1790 1644 appellatur,
1835 1577 1990 1646 prin-

2099 475 2300 540 ἔξοδον,
2333 473 2474 528 ὥστε
2502 471 2644 526 κατὰ
2672 469 2825 536 τάξιν
2854 470 3052 534 αὐτοὺς
3084 470 3345 534 εἰσιόντας
3373 475 3458 525 καὶ
3491 475 3632 539 ἐξιόν·

2097 586 2195 632 τας
2239 566 2470 638 θορύϐου
2504 564 2626 636 δίχα
2671 564 2875 626 παντὸς
2923 563 3255 633 προσφέρειν
3302 562 3374 631 τῷ
3419 563 3522 635 Θεῷ
3552 569 3633 637 τὴν

2098 657 2471 728 προσκύνησιν
2500 671 2513 684 ο
2547 652 2805 724 παρέστω
2838 650 2894 704 δὲ
2924 651 3016 703 καὶ
3055 651 3083 703 ὁ
3115 651 3416 720 ἀρχιερεὺς,
3462 654 3633 707 τούτων

2098 748 2423 819 γινομένων,
2474 746 2617 800 ὥστε
2652 743 2789 816 μετά
2815 742 3061 804 πλείονος
3092 741 3270 805 αἰδοῦς
3306 743 3534 810 γενέσθαι
3554 748 3634 819 τὴν

2098 840 2490 912 προσκύνησιν.
2523 838 2632 892 Καὶ
2661 837 2825 890 παντὶ
2853 836 2950 906 μὲν
2971 834 3051 905 τῷ
3074 834 3189 904 λαῷ
3218 835 3274 887 ὲν
3301 836 3405 896 τοῖς
3433 835 3635 890 Σάϐϐασι

2096 935 2190 988 καὶ
2219 935 2279 988 ὲν
2307 935 2427 996 ταῖς
2475 931 2664 995 ἄλλαις
2697 929 2934 1000 ἑορταῖς,
2984 924 3333 995 ἀνοίγνυσθαι
3377 927 3635 995 προσέταξε

2094 1028 2194 1097 τὴν
2214 1024 2349 1097 πρὸς
2372 1024 2446 1077 ἔω
2471 1022 2641 1094 θύραν
2666 1038 2680 1050 ·
2718 1019 2794 1091 τῷ
2825 1020 2881 1072 δὲ
2912 1020 3160 1089 ἀρχιερεῖ
3181 1018 3456 1087 γνωμικὴν
3476 1016 3636 1071 θυσίαν

2095 1118 2160 1171 ὲκ
2184 1116 2502 1188 περιουσίας
2531 1114 2920 1185 προσενεγκεῖν
2943 1110 3020 1180 τῷ
3051 1108 3171 1179 Θεῷ
3207 1107 3516 1179 βουλομένῳ,
3536 1111 3635 1163 καθ’

2094 1212 2162 1278 ἢν
2226 1208 2292 1262 ἂν
2365 1206 2607 1277 βούλοιτο
2668 1203 2883 1275 ἡμέραν
2939 1202 3036 1271 τὴν
3103 1199 3295 1253 θυσίαν
3373 1200 3637 1264 ἐπιτελεῖν,

2093 1301 2352 1370 ἀνοίγειν,
2408 1298 2593 1369 φησὶν,
2651 1296 2851 1361 ἐξέστω
2902 1294 3002 1364 τὴν
3055 1290 3249 1362 θύραν.
3293 1291 3477 1363 ὐμοία
3521 1292 3638 1362 γὰρ,

2094 1393 2264 1462 φησὶ,
2327 1392 2470 1445 ἔστω
2530 1392 2563 1459 ἡ
2626 1388 2756 1458 παρ’
2818 1385 2983 1441 αὐτοῦ
3043 1382 3458 1456 προσφερομένη
3507 1382 3640 1437 θυσία

2093 1484 2160 1551 τῇ
2194 1481 2301 1534 τῶν
2336 1478 2630 1534 Σαὸϐάτων
2679 1477 2858 1547 θυσίᾳ.
2918 1474 3013 1528 Ἐκ
3042 1477 3138 1545 τῆς
3185 1475 3245 1528 δὲ
3291 1474 3638 1544 ἀφωρισμένης

2094 1573 2244 1644 αὐτῷ
2275 1572 2379 1643 γῆς
2408 1573 2461 1626 el
2483 1588 2589 1625 τινι
2614 1569 2723 1623 τῶν
2749 1568 2909 1622 υἱέων
2942 1566 3126 1621 δοῦναι
3157 1565 3462 1637 βουληθείη,
3494 1566 3639 1635 διηνε-

408 1652 515 1723 cipi
562 1657 913 1712 sacerdotum
962 1660 1160 1717 reddet
1215 1662 1621 1721 haereditatem.
1676 1664 1792 1721 Soli
1839 1667 1980 1721 enim

2094 1664 2227 1730 κῶς,
2250 1664 2406 1734 φησὶ,
2428 1662 2619 1716 τούτου
2648 1662 2746 1732 τὴν
2768 1660 3089 1714 δεσποτείαν
3115 1660 3142 1711 ὁ
3160 1659 3225 1711 λα
3234 1659 3450 1729 μϐάνων
3470 1658 3637 1735 ἐχέτῳ·

409 1747 737 1803 sacerdotali
771 1752 957 1820 generi
984 1752 1102 1808 haec
1132 1754 1426 1811 hmreditas
1456 1757 1712 1813 dedicata
1735 1766 1840 1814 est.
1869 1757 1980 1814 Non

2094 1757 2144 1808 εί
2172 1754 2229 1808 δὲ
2253 1733 2440 1825 οἰκέτῃ
2480 1751 2684 1822 δοθείη,
2720 1753 2891 1822 ἐχέτω
2926 1752 2953 1803 ὁ
2986 1749 3205 1819 οἰκέτης
3237 1747 3338 1818 τὴν
3362 1733 3639 1800 δεσποτείαν

406 1837 551 1892 enim
602 1841 791 1908 decet,
849 1853 1077 1914 paterna
1136 1847 1458 1904 haereditate
1498 1851 1716 1923 1038
1761 1852 1980 1922 privatis

2097 1847 2258 1918 μέχρι
2303 1845 2397 1899 τοῦ
2447 1844 2600 1908 ἔτους
2650 1844 2749 1913 τῆς
2779 1843 3046 1913 ἀφέσεως,
3096 1842 3193 1896 καὶ
3235 1841 3317 1912 τῷ
3358 1841 3640 1911 καλουμένῳ

408 1928 537 1984 ﬁliis
571 1936 625 1985 et
667 1934 960 2003 spoliatis,
1011 1939 1078 1993 ad
1129 1939 1367 2009 injurias
1410 1943 1601 2012 populi
1648 1944 1980 2014 procedere,

2093 1937 2432 2010 ἐδδομαδικῷ
2458 1938 2568 1991 ἔτει
2597 1935 2867 1991 ἀποδώσει
2897 1934 2973 2005 τῷ
3006 1936 3282 2034 ἀρχιερεῖ.
3296 1935 3391 2005 τὴν
3421 1934 3640 2004 κληρονο-

320 2057 321 2060 η
406 2019 514 2072 alia
534 2036 728 2077 rursus
746 2026 1131 2085 sacerdotibus
1161 2044 1263 2100 pro
1284 2033 1738 2101 compensatione
1761 2034 1980 2090 deﬁnita

2095 2032 2225 2102 μίαν
2254 2047 2267 2061 ·
2318 2030 2462 2102 μόνῳ
2496 2030 2605 2100 γὰρ
2651 2029 2729 2099 τῷ
2760 2026 3019 2098 ἱερατικῷ
3047 2028 3193 2094 γένει
3222 2020 3379 2087 οὗτος
3410 2028 3436 2079 ὁ
3472 2025 3640 2094 κλῆρος

404 2119 574 2165 terra.
602 2112 687 2168 Sit
716 2116 884 2185 igitur
908 2117 1149 2176 deﬁnitae
1176 2123 1566 2181 sacerdotibus
1621 2133 1784 2181 terrae
1812 2126 1980 2184 haeres

2091 2124 2416 2196 ἀφώρισται.
2446 2124 2520 2176 Οὐ
2554 2122 2664 2193 γὰρ
2700 2122 2971 2191 προσήκει
2996 2120 3095 2190 τῆς
3124 2119 3386 2191 πατρῴας
3418 2119 3641 2188 κληρονο-

402 2218 602 2271 genus.
641 2205 880 2281 [19οὲ4]
930 2211 996 2263 Ει
1035 2214 1309 2277 ostendit,
1353 2216 1564 2287 inquit,
1631 2218 1762 2272 mihi
1815 2220 1984 2275 alium

318 2337 322 2341 .
401 2293 585 2347 iocum
638 2297 807 2352 situm
863 2301 929 2355 ad
983 2317 1279 2370 occasum,
1329 2314 1386 2361 et
1438 2310 1720 2378 aquilonis
1766 2311 1986 2367 exedris

399 2388 777 2459 propinquum
800 2432 814 2457 ,
845 2409 1009 2463 quem
1049 2395 1192 2451 dixit
1225 2398 1293 2452 ad
1332 2400 1684 2469 coquendum
1720 2403 1980 2457 sacerdo-

402 2476 551 2532 tibus
580 2478 894 2549 destinari,
946 2492 1007 2537 ut
1044 2499 1146 2555 pro
1177 2485 1491 2556 ignorantia
1542 2498 1598 2544 et
1645 2500 1874 2561 peccato
1908 2493 1984 2548 ibi

399 2580 685 2641 coquant,
734 2580 789 2628 et
838 2590 1033 2631 manna
1081 2579 1155 2634 ibi
1193 2591 1457 2652 coquant.
1508 2582 1696 2655 Neque
1721 2586 1867 2641 enim
1903 2587 1983 2644 fas

397 2671 483 2716 cst
509 2702 523 2728 ,
558 2664 779 2735 inquit,
817 2682 938 2737 quae
969 2671 1139 2726 semel
1174 2682 1433 2744 separata
1469 2684 1604 2731 sunt
1637 2686 1691 2732 ct
1730 2680 1981 2734 sanctiﬁ-

397 2764 519 2807 cata
545 2795 560 2820 ,
593 2770 657 2809 ea
691 2760 1010 2814 communia
1062 2761 1246 2820 facere
1276 2774 1436 2821 extra
1473 2767 1720 2824 ferendo.
1777 2768 1843 2823 Et
1870 2770 1982 2825 vidi

398 2843 537 2899 alias
568 2846 724 2902 aulas
754 2847 846 2902 illa
885 2840 1170 2909 breviores
1200 2897 1215 2921 ,
1266 2856 1417 2912 circa
1462 2860 1760 2913 maximam
1798 2860 1980 2915 aulam

399 2935 571 3001 sitas,
615 2948 671 2992 et
712 2957 1060 3014 unaquaeque
1100 2946 1338 3002 habebat
1374 2950 1716 3021 longitudine
1765 2952 1982 3007 cubitos

398 3029 649 3099 triginta,
686 3032 980 3092 latitudine
1010 3038 1378 3109 quadraginta
1411 3058 1423 3093 :
1468 3043 1613 3113 apud
1644 3058 1780 3112 quas
1810 3043 1979 3097 aadiﬁ-
2009 3073 2050 3130 ο

400 3127 537 3174 cata:
559 3121 755 3180 domus
780 3134 960 3190 erant,
989 3145 1130 3199 quas
1163 3133 1385 3188 exedra:
1419 3136 1661 3203 vocavit,
1689 3136 1742 3188 in
1772 3134 1975 3204 quibus

396 3213 580 3280 populi
615 3216 885 3272 sacriﬁcia
924 3212 1087 3290 coqui
1120 3226 1397 3294 praecepit.

2095 2217 2222 2286 μίας
2255 2216 2363 2269 τῶν
2400 2215 2563 2269 υἱέων
2606 2212 2979 2284 στερηθέντων
3012 2212 3108 2265 καὶ
3142 2210 3546 2282 γυμνωθέντων,
3577 2211 3644 2272 είς

2088 2309 2180 2363 τὸν
2233 2308 2362 2362 λαὸν
2410 2307 2656 2379 χωρῆσαι
2704 2305 2803 2376 τὴν
2846 2304 3095 2370 ἀδικίαν,
3144 2303 3316 2373 ἄλλης
3357 2303 3509 2358 πάλιν
3550 2304 3641 2373 τοῖς

2093 2399 2330 2470 ἱερεῦσιν
2368 2397 2774 2469 ἀφοριζομένης
2823 2397 2903 2460 είς
2935 2395 3295 2467 παραμυθίαν
3339 2395 3438 2464 γῆς
3464 2411 3477 2425 ·
3524 2392 3642 2446 ἔστω

2086 2492 2262 2546 τοίνυν
2275 2490 2374 2561 τῆς
2389 2489 2782 2561 ἀφωρισμένης
2794 2491 2905 2552 τοῖς
2924 2479 3125 2558 ἱερεῦσι
3144 2487 3248 2557 γῆς
3267 2485 3581 2556 κληρονόμον
3595 2483 3642 2536 τὸ

2087 2583 2261 2652 γένος.
2296 2582 2504 2646 Ἔδειξε
2531 2581 2589 2634 δέ
2623 2598 2734 2650 μοι,
2783 2582 2940 2651 φησὶ,
2978 2580 3073 2634 καὶ
3103 2578 3295 2650 ἕτερον
3337 2579 3495 2630 τόπον
3527 2574 3643 2645 πρὸς

2085 2674 2314 2743 δυσμαῖς
2337 2671 2610 2743 κείμενον,
2633 2673 2750 2734 ταῖς
2779 2669 3058 2742 ἀρκτῴαις
3078 2668 3270 2738 ἐξέδρα
3280 2687 3327 2733 ις
3350 2664 3640 2730 πελάζοντα,

2086 2766 2183 2819 καὶ
2210 2764 2314 2834 ἔφη
2347 2762 2536 2817 τοῦτον
2559 2765 2639 2827 εἰς
2663 2763 2858 2834 ’έψησιν
2883 2762 3241 2834 ἀφορίζεσθαι
3274 2765 3389 2826 τοῖς
3411 2758 3639 2831 ἱερεῦσιν,

2084 2859 2225 2914 ὥστε
2259 2857 2327 2910 τὰ
2377 2858 2503 2928 περὶ
2535 2858 2761 2925 ἀγνοίας
2810 2858 2907 2911 καὶ
2952 2855 3228 2927 ἁμαρτίας
3267 2854 3454 2909 αὐτόθι
3492 2852 3639 2937 έψεῖν,

2088 2948 2248 3000 κάκεῖ
2272 2947 2331 3000 τὸ
2360 2946 2541 3017 μαναὰ
2571 2947 2797 3001 πέπτειν
2816 2947 2884 3002 ⁸⁵.
2917 2946 3055 3000 Οὔτε
3077 2946 3185 3018 γὰρ
3210 2945 3395 3018 θέμις,
3424 2945 3565 3015 φησὶ,
3586 2945 3642 2997 τὰ

2085 3039 2231 3106 ἅπαξ
2267 3040 2631 3109 ἀφορισθέντα
2664 3041 2758 3093 καὶ
2801 3039 3134 3109 ἁγιασθέντα
3183 3039 3344 3094 κοινά
3377 3040 3548 3107 ⁷ποιεῖν
3578 3035 3642 3105 τῷ

2084 3129 2190 3196 ἔξω
2237 3131 2505 3200 κομίζειν.
2559 3127 2714 3186 Εἶδον
2759 3132 2817 3186 δὲ
2860 3135 2952 3185 καὶ
2987 3132 3181 3202 ἑτέρας
3227 3130 3401 3194 αὐλάς
3454 3129 3641 3198 ἐκείνης

2083 3222 2446 3293 βραχυτέρας,
2479 3224 2664 3294 κύκλῳ
2686 3225 2783 3293 τῆς
2812 3224 3073 3295 μεγίστης
3094 3223 3446 3294 διακειμένας
3464 3220 3610 3288 αὐλῆς
3625 3234 3637 3247 ·

396 3299 511 3372 εἶχε
541 3304 598 3356 δὲ
622 3307 824 3379 ἑκάστη
849 3311 909 3363 τὸ
947 3312 1043 3382 μὲν
1067 3315 1240 3385 μῆκος
1271 3317 1466 3387 πήχεις
1494 3315 1805 3387 τριάκοντα,
1857 3314 1916 3366 τὸ
1942 3314 1998 3367 δὲ
2034 3308 2194 3383 εὖρος
2225 3314 2634 3385 τεσσαράκοντα
2660 3333 2673 3345 ·
2726 3304 3072 3386 ᾠκοδόμηντο
3099 3312 3157 3366 δὲ
3190 3314 3326 3384 παρ’
3360 3310 3523 3374 αὐτὰς
3563 3308 3641 3363 7.0.".

395 3394 555 3475 οἶκοι,
599 3397 666 3463 ἃς
696 3399 944 3470 ἐξέδρας
979 3406 1257 3474 ἐκάλεσεν,
1316 3410 1374 3462 ὲν
1417 3402 1499 3471 οἷς
1554 3407 1780 3479 ἕψεσθαι
1823 3404 2181 3478 παρηγγύησε
2215 3404 2283 3457 τὰ
2308 3404 2401 3457 τοῦ
2437 3404 2568 3458 λαοῦ
2609 3404 2846 3476 θύματα.

926 3499 1156 3556 CAPUT
1214 3501 1426 3559 XLVII.

386 3624 393 3631 .
465 3584 634 3643 Vens.
660 3589 775 3645 1-5.
804 3589 870 3644 Et
892 3591 1011 3648 inde
1039 3610 1117 3648 me
1148 3611 1336 3657 rursus
1367 3612 1640 3650 assumens
1672 3595 1973 3649 introduxit

395 3676 465 3731 ad
496 3680 756 3734 vestibula
785 3681 997 3753 domus,
1026 3695 1076 3738 et
1093 3703 1206 3743 ecce
1244 3704 1381 3757 aqua
1412 3687 1778 3763 egrediebatur
1802 3706 1828 3741 e
1847 3688 1973 3742 sub-

393 3766 530 3822 diali
560 3771 675 3825 loco
716 3771 929 3842 domus,
977 3774 1046 3828 ad
1084 3778 1362 3843 orientem,
1407 3779 1534 3847 quia
1577 3780 1741 3848 facies
1786 3781 1974 3835 domus

392 3860 709 3928 respiciebat
752 3864 822 3917 ad
870 3866 1146 3929 orientem,
1204 3877 1255 3921 et
1303 3885 1445 3937 aqua
1500 3868 1849 3927 descendebat
1906 3871 1972 3926 ab

393 3951 586 4020 angulo
632 3952 821 4008 domus
863 3955 1076 4011 dextero
1109 3957 1172 4010 ab
1223 3968 1406 4014 austro
1439 3960 1510 4013 ad
1556 3962 1748 4031 altare.
1796 3962 1873 4016 lta
1907 3978 1971 4018 ea

391 4058 515 4111 qua:
565 4043 632 4097 ad
683 4046 952 4107 sacriﬁcia
1013 4049 1318 4118 pertinent,
1368 4050 1620 4124 edoctus,
1679 4063 1969 4129 postquam

390 4135 586 4193 didicit
645 4137 923 4211 oﬁfereuda
970 4155 1095 4199 esse
1128 4140 1407 4199 sacriﬁcia
1457 4158 1555 4212 pro
1603 4154 1833 4214 peccato
1885 4160 1971 4201 se-

389 4228 630 4283 cundum
669 4229 920 4299 ﬁguram,
957 4232 1188 4293 docetur
1225 4234 1536 4300 animarum
1569 4252 1751 4292 veram
1780 4239 1972 4308 expia-

390 4321 594 4379 tionem
625 4335 693 4375 cx
724 4336 866 4391 aqua
897 4332 953 4379 et
1004 4324 1203 4393 Spiritu
1248 4323 1383 4385 ﬁeri.
1420 4326 1580 4391 Videt
1612 4341 1792 4384 autem
1826 4330 1968 4403 hanc

2597 3499 2995 3554 ΚΕΦΔΛΑῘΟΝ
3032 3499 3164 3553 MZ'.

2150 3590 2218 3646 α’.
2272 3590 2539 3645 Ἐκεῖθέν
2554 3609 2631 3661 με
2666 3591 2854 3645 πάλιν
2883 3590 3084 3645 λαϐὼν
3112 3588 3441 3659 εἰσήγαγεν
3464 3588 3553 3641 ἐπὶ
3580 3583 3643 3639 τὰ

2078 3684 2345 3749 πρόθυρα
2386 3681 2494 3735 τοῦ
2542 3681 2732 3743 οἴκου,
2770 3681 2868 3735 καί
2911 3680 3039 3735 ἰδοὺ
3068 3679 3226 3749 ὕδωρ
3269 3678 3637 3747 ἐξεπορεύετο

2078 3771 2467 3826 ὑποκάτωθεν
2506 3773 2611 3827 τοῦ
2645 3773 2877 3839 αἰθρίου
2909 3772 3018 3826 τοῦ
3053 3772 3226 3826 οἴκου
3269 3771 3421 3826 κατὰ
3451 3773 3637 3824 ἀνατο-

2078 3863 2213 3929 λὰς,
2251 3863 2341 3917 ὅτι
2372 3863 2440 3917 τὸ
2473 3866 2797 3932 πρόσωπον
2819 3864 2926 3919 τοῦ
2961 3865 3132 3919 οἴκου
3150 3865 3493 3919 ἀπέϐλεπεν
3509 3860 3636 3915 κατὰ

2075 3955 2397 4023 ἀνατολὰς,
2433 3957 2531 4011 καὶ
2573 3956 2638 4010 τὸ
2672 3957 2829 4026 ὕδωρ
2863 3956 3211 4011 κατέϐαινεν
3246 3956 3367 4011 ἀπὸ
3394 3954 3499 4010 τοῦ
3526 3953 3636 4007 κλί-

2077 4066 2217 4115 τους
2252 4050 2359 4104 τοῦ
2409 4050 2580 4104 οἴκου
2595 4050 2644 4081 ”
2683 4049 2787 4103 τοῦ
2816 4049 3018 4114 δεξιοῦ
3063 4050 3182 4104 ἀπὸ
3226 4051 3412 4103 νότου
3448 4046 3540 4101 ἐπὶ
3577 4042 3633 4096 τὸ

2077 4142 2531 4210 θυσιαστήριον.
2559 4141 2717 4196 Οὕτω
2759 4143 2827 4195 τὰ
2856 4143 2982 4211 περὶ
3006 4141 3115 4195 τῶν
3142 4140 3346 4194 θυσιῶν
3369 4138 3630 4209 διδαχθεὶς,

2079 4237 2171 4290 καὶ
2226 4234 2433 4307 μαθὼν,
2485 4235 2633 4297 ὅπως
2681 4233 2749 4286 τὰ
2783 4234 2912 4305 περὶ
2950 4234 3058 4286 τῶν
3090 4230 3378 4304 ἁμαρτιῶν
3413 4226 3632 4289 τυπικῶς

2075 4328 2156 4397 δεῖ
2186 4327 2519 4399 προσφέρειν
2549 4326 2786 4396 θύματα,
2821 4326 3132 4380 διδάσκεται
3172 4325 3281 4379 τῶν
3327 4323 3509 4394 ψυχῶν
3549 4321 3632 4389 τὴν

391 4426 588 4479 nquam
638 4426 667 4464 a
717 4414 889 4481 portis
934 4415 1133 4475 domus
1188 4425 1503 4482 exeuntem,
1557 4429 1611 4474 et
1658 4437 1756 4493 per
1798 4422 1970 4478 altare

2085 4416 2333 4487 ἀληθινὴν
2384 4415 2683 4487 κάθαρσιν,
2733 4416 2829 4487 τὴν
2865 4415 2924 4482 ἐξ
2970 4415 3161 4480 ὓδατος
3211 4416 3306 4469 καὶ
3350 4413 3629 4483 πνεύματθς

390 4510 792 4569 transeuntem,
809 4521 905 4573 per
924 4514 1107 4575 partes
1137 4508 1675 4578 magisaquilonares
1694 4512 1762 4587 ad
1782 4514 1937 4568 orien

391 4603 498 4648 tem
552 4594 877 4662 procedere.
912 4596 990 4650 Ex
1032 4595 1242 4659 Judasis
1288 4602 1435 4655 enim
1472 4604 1629 4658 salus
1662 4606 1729 4658 ad
1779 4616 1972 4676 gentes

389 4684 668 4751 pervenit,
699 4693 754 4743 et
789 4685 1046 4743 Christus
1075 4704 1140 4742 ex
1189 4690 1402 4762 1039
1430 4690 1630 4748 Davide
1665 4695 1969 4761 secundum

391 4789 618 4832 carnem
649 4791 714 4831 ex
742 4778 997 4847 virginali
1023 4788 1200 4849 utero,
1237 4784 1403 4839 veluti
1435 4801 1498 4843 ex
1522 4787 1849 4858 quibusdam
1882 4789 1970 4865 di-

386 4863 534 4916 vinis
575 4866 866 4923 vestibulis
898 4883 1192 4939 apparens,
1235 4889 1332 4943 per
1377 4890 1574 4945 aquam
1615 4889 1669 4933 et
1715 4863 1967 4949 spiritum

356 4976 357 4981 π
389 4956 863 5022 regenerationem
895 4962 1017 5016 orbi
1050 4971 1323 5024 terrarum
1360 4978 1443 5023 est
1477 4970 1806 5041 impertitus.
1844 4972 1970 5029 llaec

385 5046 516 5099 item
544 5046 738 5105 beatus
782 5048 953 5110 lsaias
983 5057 1339 5123 vaticinatur,
1386 5054 1620 5117 (licens:
1659 5082 1678 5117 ι
1720 5066 1836 5121 Erit
1879 5068 1968 5121 die

386 5138 501 5205 illo,
545 5139 690 5195 sicut
715 5141 916 5200 ﬂuvius
956 5147 1049 5215 qui
1098 5149 1271 5202 l‘ertur
1303 5152 1579 5220 gloriosus
1625 5157 1677 5209 in
1713 5165 1859 5212 terra
1896 5159 1969 5212 si-

385 5232 553 5286 tiente
587 5239 635 5285 ³⁸.
682 5252 701 5285 ι
737 5233 801 5293 lit
831 5239 1028 5300 beatus
1076 5239 1376 5308 Zacharias
1424 5248 1691 5323 praedata
1739 5251 1968 5323 salutari

453 5398 477 5425 η
509 5388 674 5446 Zaclt.
712 5407 824 5456 xw,
854 5391 903 5444 7.

2072 4510 2384 4580 γινομένην.
2416 4509 2609 4561 Βλέπει
2639 4510 2694 4562 δὲ
2721 4508 2879 4562 τοῦτο
2910 4509 3055 4580 ὕδωρ
3085 4507 3193 4561 ἀπὸ
3225 4508 3335 4561 τῶν
3362 4507 3534 4578 θυρῶν
3551 4502 3626 4555 τοῦ

2069 4602 2218 4672 οἱξκου
2246 4602 2407 4669 ἐξιὸν,
2445 4602 2539 4655 καὶ
2586 4601 2671 4654 διὰ
2713 4601 2806 4654 τοῦ
2843 4601 3231 4673 θυσιαστηρίου
3261 4599 3413 4663 διιὸν,
3446 4597 3535 4650 καί⁸
3555 4592 3627 4646 διὰ

2069 4697 2178 4750 τῶν
2208 4697 2559 4768 βορειοτέρων
2592 4695 2774 4767 μερῶν
2798 4694 2891 4747 ἐπὶ
2919 4694 2989 4747 τά
3017 4695 3128 4764 ἑῷα
3147 4691 3381 4765 χωροῦν.
3424 4691 3511 4743 Ἐκ
3534 4687 3626 4755 γὰρ

2067 4790 2176 4843 τῶν
2210 4790 2481 4845 Ἰουδαίων
2513 4790 2546 4858 ἡ
2592 4786 2836 4858 σωτηρία
2860 4789 2971 4850 τοῖς
3000 4787 3197 4851 ἔθνεσι,
3221 4786 3314 4840 καὶ
3336 4787 3365 4838 ό
3397 4785 3460 4837 ὲκ
3484 4778 3626 4834 Δαὸὶδ

2069 4884 2209 4937 κατά
2243 4883 2340 4954 τὴν
2366 4884 2542 4950 σάρκα
2574 4881 2827 4954 Χριστὸς,
2861 4881 2927 4934 ὲκ
2950 4880 3051 4949 τῆς
3082 4878 3414 4949 παρθενικῆς
3434 4871 3623 4944 νηδύος,

2068 4970 2181 5029 οἷον
2214 4976 2321 5031 ἀπό
2351 4991 2515 5027 τινων
2553 4974 2711 5027 θείων
2763 4972 3051 5043 προθύρων
3100 4969 3416 5039 ἀναφανεὶς,
3451 4964 3542 5034 τὴν
3567 4962 3624 5015 δι’

2070 5063 2262 5126 ὓδατος
2292 5064 2387 5117 καὶ
2423 5063 2732 5133 πνεύματος
2764 5061 3123 5131 ἁναγέννησιν
3148 5063 3215 5131 τῇ
3246 5054 3529 5128 οἰκουμένῃ
3553 5051 3625 5104 δε-

2068 5158 2330 5228 δώρηται.
2363 5155 2548 5210 Ταῦτα
2583 5156 2679 5208 καὶ
2712 5157 2740 5207 ὀ
2783 5155 3053 5226 μακάριος
3086 5154 3313 5216 Ἡσαΐας
3343 5144 3622 5218 προθεσπί-

2070 5249 2172 5315 ζει,
2210 5249 2382 5319 λέγων
2409 5266 2421 5281 ·
2475 5267 2493 5299 ι
2522 5247 2775 5301 Ἕσται¹³ιι
2808 5251 2865 5302 ἐν
2897 5250 2964 5319 τῇ
2995 5247 3177 5319 ἡμέρᾳ
3213 5245 3413 5316 ἐκείνῃ,
3445 5241 3517 5303 ὡς
3541 5252 3622 5290 πθ·

1664 5553 1900 5627 VARle
1944 5558 2347 5618 LECTIONES.

451 5638 495 5668 ’δ’
540 5640 577 5687 Β
608 5639 841 5690 πέττειν.
921 5638 965 5667 ⁸⁵
1015 5640 1104 5693 τοῦ
1139 5643 1307 5696 οἴκου.
1348 5642 1470 5697 Des.
1512 5646 1561 5697 in
1593 5650 1656 5697 Α.

381 5711 654 5779 respicere
693 5709 943 5765 Videntur
975 5714 1037 5767 Ἀκί
1076 5716 1178 5769 Isti.
1218 5732 1358 5781 xui,
1392 5717 1457 5784 5;
1489 5718 1802 5783 ρ‹,›11.λλιγ,
1835 5722 1883 5770 li.

1760 5646 1806 5675 ⁸⁵
1847 5647 2000 5703 ἔσται

2064 5682 2117 5691 ν
2155 5654 2380 5727 Erg-13773.
2419 5660 2489 5710 All
2527 5661 2628 5713 lsa.
2684 5678 2776 5719 LII,
2813 5663 2866 5727 9.,
2909 5662 3018 5714 hil“:
3076 5659 3260 5731 retulit
3315 5654 3497 5717 Sirm-.
3533 5646 3616 5715 59d
