3860 6206
204 336 317 405 1241

1270 348 1354 410 IN
1403 353 1844 416 EZECHlEIJS
1889 358 2025 417 CAP
2072 354 2321 419 XLVII.

3295 352 3433 417 1242

201 453 358 525 ταμὺς
380 448 671 524 φερόμενος
704 453 910 521 ἔνδοξος
938 455 995 509 ἐν
1026 459 1095 529 γῇ
1120 458 1350 533 διψώσῃ.
1383 481 1402 515 ι
1457 466 1567 519 Καὶ
1595 468 1624 519 6
1656 485 1746 537 μα-

1862 468 2141 536 passionc,
2191 476 2246 537 et
2293 481 2358 522 ea
2404 481 2527 537 quae
2572 467 2773 524 accidit
2806 466 3187 522 obscuritate:
3248 485 3268 517 ι
3312 466 3431 521 Non

202 549 371 617 κάριος
391 544 446 599 δὲ
463 546 732 617 Ζαχαρίας
758 550 1169 621 προαγορεύσας
1190 555 1250 606 τὸ
1274 558 1537 627 σωτήριον
1561 558 1750 623 πάθος,

201 641 284 694 καὶ
302 639 358 690 τὸ
383 638 764 707 ἐπιγενόμενον
791 640 978 704 σκότος
1000 658 1015 674 ·
1054 662 1073 694 ι
1105 644 1215 714 Οὐχ
1240 646 1419 716 ἡμέρα
1444 647 1572 719 γὰρ,
1597 652 1751 718 φησι,

200 731 283 784 καὶ
311 731 365 782 οὐ
396 729 509 793 νὺξ,
540 730 634 782 καὶ
664 732 693 801 ή
731 732 914 803 ἡμέρα
946 734 1126 805 ἐκείνη
1161 738 1374 808 γνωστὴ
1407 738 1485 809 τῷ
1526 742 1712 812 Κυρίῳ
1735 759 1751 774 ·

197 818 306 873 οὕτε
349 818 475 890 γὰρ,
527 820 680 888 φησὶ,
725 820 938 892 πλήρης
971 824 1174 894 ἡμέρα,
1220 826 1343 880 οὗτε
1385 828 1596 901 πλήρης
1632 832 1749 898 νὺξ,

201 909 448 978 μεσούσης
490 910 597 982 γὰρ
627 909 723 978 τῆς
747 913 959 983 ἡμέρας
985 916 1170 980 σκότος
1204 919 1418 986 ἐγένετο
1444 936 1457 947 ⁸
1498 942 1517 973 ι
1546 925 1755 994 ἐπήγα-

198 1013 281 1065 γεν
305 1014 317 1025 ·
370 1015 388 1048 ι
434 998 520 1051 Ἐν
556 1002 622 1070 τῇ
654 1001 839 1073 ἡμέρᾳ.
873 1004 1060 1078 ἐκείνῃ
1103 1006 1443 1071 ἐξελεύσεται
1471 1011 1614 1084 ὕδωρ
1643 1014 1752 1079 ζῶν

198 1089 249 1155 ἐξ
281 1088 622 1161 Ἰερουσαλήμ
648 1109 662 1124 ι
709 1092 772 1146 τὸ
800 1093 973 1164 ἥμισυ
1019 1097 1184 1152 αὑτοῦ
1231 1102 1312 1165 είς
1340 1102 1440 1173 τὴν
1478 1103 1752 1160 θάλασσαν

196 1177 282 1249 τὴν
315 1178 567 1249 ἐσχάτην,
598 1181 693 1233 καὶ⁵
732 1181 793 1235 τὸ
824 1184 995 1253 ἥμισυ
1026 1187 1189 1241 αὐτοῦ
1233 1192 1315 1254 είς
1341 1190 1440 1263 τὴν
1480 1192 1751 1249 Θάλασσαν

197 1269 283 1339 τὴν
313 1271 548 1340 πρώτην.
585 1290 604 1322 ι
651 1273 811 1344 Δηλοῖ
839 1276 896 1350 δὲ
923 1277 1013 1329 διὰ
1041 1278 1243 1333 τούτων
1288 1282 1358 1335 τὰ.
1401 1284 1512 1354 ἑῷα
1545 1286 1642 1339 καὶ
1682 1288 1751 1340 τὰ

199 1361 426 1427 ἑσπέρια,
461 1362 528 1416 δι’
556 1356 689 1435 ὧνή
717 1367 1008 1440 οἰκουμένη
1053 1373 1202 1425 πᾶσα
1233 1377 1457 1429 νοεῖται.
1494 1378 1657 1445 Λέγει
1692 1377 1749 1432 δὲ

199 1453 401 1519 καὶτῆς
428 1454 774 1519 ἀναϐλύσεως
822 1457 913 1512 τὸν
952 1461 1162 1531 καιρόν.
1211 1482 1230 1515 ι
1264 1464 1351 1517 Ἐν
1385 1466 1553 1537 θέρει,
1592 1470 1746 1539 φησὶ,

198 1543 280 1597 καὶ
307 1543 419 1613 ἔαρι
452 1546 607 1600 ἔσται
634 1545 825 1612 οὕτως.
859 1568 876 1599 ι
931 1550 1102 1606 Τοῦτο
1129 1556 1225 1607 καὶ
1263 1558 1291 1609 6
1319 1556 1523 1627 Κύριος
1546 1562 1610 1629 τῇ
1646 1562 1749 1614 Σα-

200 1633 414 1718 μαρίτιδί
438 1651 632 1704 φησιν·
675 1655 694 1688 ι
722 1639 818 1701 Ὃς
853 1639 919 1692 ἂν
950 1641 1048 1714 πίῃ
1080 1644 1142 1695 ἐκ
1170 1644 1266 1697 τοῦ
1303 1645 1515 1711 ὓδατος,
1547 1646 1608 1703 οὗ
1639 1650 1749 1718 ἐγὼ

195 1717 332 1775 δώσω
355 1723 515 1793 αὐτῷ,
538 1725 602 1777 οὑ
629 1726 702 1796 μὴ
723 1727 923 1799 διῇσῃ
944 1731 1023 1792 εἰς
1049 1732 1140 1784 τὸν
1168 1733 1360 1796 αίῶνα,
1386 1736 1498 1789 ἀλλ’
1518 1737 1561 1768 ⁸⁷
1595 1717 1748 1794 ἔσται

196 1812 249 1866 τὸ
269 1811 420 1884 ὕδωρ,
449 1813 476 1866 ὃ
504 1815 621 1883 ἐγὼ
649 1816 804 1870 δώσω
825 1819 994 1889 αὐτῷ,
1031 1821 1182 1893 πηγὴ
1214 1822 1405 1888 ὓδατος
1429 1825 1630 1891 ζῶντος
1659 1829 1751 1882 ἀλ-
1783 1833 1825 1888 Β

195 1900 390 1972 λομένου
434 1906 512 1966 εἰς
543 1904 695 1976 ζωὴν
726 1907 961 1963 αἰώνιον.
995 1929 1013 1962 ι
1060 1912 1169 1965 Καὶ
1197 1913 1424 1983 ἑτέρωθι
1448 1932 1463 1946 ο
1519 1936 1537 1968 ι
1572 1919 1637 1971 Εἴ
1660 1937 1745 1983 τις

191 1992 329 2074 διψᾷ,
346 1995 594 2066 ἐρχέσθω
627 1999 761 2069 πρός
789 2018 878 2069 με,
913 2002 1009 2055 καὶ
1039 2003 1241 2057 πινέτω
1260 2022 1273 2034 ε
1312 2008 1340 2059 6
1365 2009 1636 2063 πιστεύων
1665 2013 1745 2074 εἰς

191 2086 296 2155 ἐμὲ,
321 2086 495 2150 καθὼς
521 2083 685 2143 εἶπεν
727 2092 759 2161 ή
801 2093 1015 2162 Γραφὴ,
1050 2097 1286 2166 ποταμοὶ
1312 2100 1376 2151 ἐκ
1409 2099 1505 2169 τῆς
1537 2102 1746 2166 κοιλίας

188 2175 330 2238 αὐτοῦ
363 2178 654 2250 ῥεύσουσιν
692 2182 883 2248 ὓδατος
917 2186 1136 2250 ζῶντος.
1169 2206 1186 2239 ι
1246 2188 1415 2243 Τοῦτο
1448 2192 1508 2245 τὸ
1540 2192 1683 2265 ὕδωρ
1716 2197 1745 2248 6

189 2267 442 2334 θεσπέσιος
466 2268 617 2326 εἶδεν
653 2273 909 2346 Ἰεζεκιὴλ
941 2279 1226 2349 προκύψαν
1260 2281 1358 2351 μὲν
1382 2285 1447 2335 ἐκ
1478 2284 1587 2336 τῶν
1609 2302 1745 2356 προ-

187 2360 344 2430 Θύρων
368 2362 460 2417 τοῦ
503 2366 668 2418 οἴκου
696 2383 708 2394 ·
760 2368 847 2422 διὰ
878 2370 985 2441 γὰρ
1014 2371 1104 2425 τοῦ
1132 2373 1300 2442 νόμου
1335 2374 1430 2428 καὶ
1457 2376 1565 2429 τῶν
1608 2396 1742 2449 προ-

186 2453 347 2523 φητῶν
372 2456 435 2509 τὰ
465 2458 727 2530 ἡμέτερα
772 2461 951 2529 ἀγαθά
983 2464 1287 2536 προερρέθη
1315 2482 1327 2495 ·
1382 2469 1477 2521 καὶ
1507 2470 1657 2524 ἐλθὸν
1685 2472 1741 2524 δὲ

180 2544 255 2599 διὰ
301 2547 387 2600 τοῦ
428 2549 828 2622 θυσιαστηρίου
854 2571 867 2584 ·
920 2556 1137 2627 παρόδῳ
1187 2557 1294 2629 γάρ
1337 2559 1472 2632 μόνῃ
1513 2561 1601 2616 διὰ
1632 2563 1741 2615 τῶν

191 2634 430 2695 Ἰουδαίων
463 2639 748 2709 ἐχρήσατο
770 2658 785 2674 ο
825 2643 1010 2715 ἐπειδὴ
1040 2645 1097 2698 δὲ
1126 2647 1530 2717 ἀπιστήσαντες
1556 2650 1740 2704 δοῦναι

185 2727 271 2798 τῆς
296 2730 516 2795 πίστεως
545 2735 681 2796 τοὺς
708 2735 953 2805 καρποὺς
992 2738 1092 2790 οὐκ
1137 2738 1428 2807 ἠθέλησαν,
1463 2739 1742 2812 ἐχώρησεν

189 2820 255 2881 είς
283 2820 342 2872 τά
372 2819 528 2890 ἔθνη,
582 2823 683 2875 καὶ
724 2824 815 2877 τὸν
861 2826 1114 2896 μέγιστον
1167 2829 1260 2880 καὶ
1301 2828 1582 2882 κάλλιστον
1633 2831 1742 2885 τῶν

198 2911 502 2983 Ἐκκλησιῶν
548 2915 774 2986 ἀρδεύει
821 2917 1169 2988 παράδεισον.
1204 2915 1337 2973 Εἶτα
1368 2920 1517 2988 λέγει
1546 2920 1743 2975 τεθεω-

189 3003 386 3072 ρηκέναι
422 3004 541 3057 τινὰ
594 3006 945 3077 μετρήσαντα
980 3007 1184 3077 χιλίους
1212 3011 1269 3060 ὲν
1298 3010 1375 3079 τῷ
1407 3011 1611 3081 μέτρῳ,
1647 3012 1742 3064 καὶ

187 3092 383 3159 διελθεῖν
402 3095 592 3165 μέχρις
633 3097 989 3167 ἀστραγάλων
1007 3114 1020 3127 ·
1044 3099 1204 3153 πάλιν
1226 3100 1281 3153 δὲ
1310 3101 1408 3168 τὴν
1438 3101 1607 3173 αὐτὴν
1638 3120 1735 3170 με·

1857 557 1977 614 dies
2003 559 2173 625 enim,
2225 559 2424 629 inquit,
2457 567 2512 614 et
2546 575 2654 613 non
2697 575 2831 626 nox,
2883 570 2938 616 et
2981 560 3097 614 dies
3133 558 3226 612 ille
3268 566 3432 613 notus

1856 649 2107 705 Domino.
2148 650 2337 722 Neque
2372 653 2519 706 enim
2560 653 2756 722 plenus
2794 652 2933 716 dies,
2978 653 3177 721 inquit,
3211 667 3388 719 neque
3412 650 3432 671 ‘

1854 742 2016 812 plena
2047 758 2153 796 nox
2191 743 2413 799 :medio
2441 746 2583 800 enim
2613 747 2700 801 die
2729 746 2968 801 tenebrae
3000 751 3137 798 ortae
3168 750 3299 798 sunt
3330 750 3376 795 ο.
3408 760 3426 793 ι

1855 852 2062 908 Deinde
2091 855 2171 908 sic
2203 855 2380 925 pergit
2409 874 2422 910 :
2463 876 2481 908 ι
2530 856 2627 911 Die
2661 856 2757 911 illo
2784 856 3098 926 egredietur
3139 868 3279 924 aqua
3310 854 3433 907 viva

1855 943 1923 998 de
1954 944 2355 1017 Hierosolyma,
2399 947 2691 1001 dimidium
2745 948 2867 1017 ejus
2913 948 2967 1001 in
3012 962 3165 1001 mare
3196 945 3434 1000 novissi-

1853 1024 2028 1100 mum,
2060 1044 2113 1091 et
2143 1037 2431 1092 dimidium
2464 1038 2584 1108 ejus
2616 1040 2671 1093 in
2705 1053 2855 1093 mare
2897 1039 3159 1108 primum.
3186 1055 3205 1089 ι
3238 1037 3303 1090 Et
3338 1050 3435 1107 per

1852 1125 1972 1182 haec
2002 1126 2248 1183 declarat
2281 1136 2464 1182 ortum
2499 1138 2555 1185 et
2584 1145 2869 1197 occasum,
2904 1129 3107 1200 quibus
3141 1138 3293 1184 totus
3318 1136 3432 1183 ter—

1852 1232 2040 1272 rarum
2076 1217 2231 1273 orbis
2260 1220 2609 1291 intelligitur.
2655 1221 3066 1276 Commemorat
3114 1219 3278 1275 etiam
3311 1233 3434 1273 sca-

1851 1311 2094 1366 turiendi
2127 1319 2364 1384 tempus.
2403 1332 2421 1365 ι
2461 1314 2518 1366 In
2549 1321 2761 1378 testate,
2791 1311 2994 1383 inquit,
3033 1319 3088 1367 et
3115 1312 3171 1365 in
3194 1325 3321 1367 vere
3350 1310 3432 1366 sic

1851 1405 1976 1458 erit.
2009 1423 2026 1456 ι
2055 1402 2172 1459 Hoc
2198 1405 2362 1460 etiam
2390 1405 2751 1461 Samaritana:
2769 1406 2910 1461 dixit
2942 1405 3205 1460 Dominus
3240 1424 3253 1461 :
3282 1425 3301 1458 ‹
3326 1404 3431 1470 Qui

1852 1507 2055 1563 biberit
2088 1509 2156 1564 de
2186 1525 2327 1581 aqua
2383 1526 2545 1579 quam
2576 1526 2677 1581 ego
2726 1510 2870 1566 dabo
2902 1510 2973 1578 ei,
3021 1525 3131 1564 non
3180 1509 3327 1564 sitiet
3372 1509 3426 1563 in

1850 1608 2139 1667 azternum,
2188 1602 2284 1656 sed
2324 1604 2430 1658 erit
2479 1618 2644 1673 aqua,
2694 1619 2858 1673 quam
2895 1619 2998 1674 ego
3026 1601 3167 1657 dabo
3198 1602 3270 1667 ei,
3304 1601 3430 1655 fons

1852 1707 2007 1763 aqua:
2032 1694 2165 1748 vivae
2194 1694 2445 1749 salientis
2475 1695 2531 1749 in
2571 1694 2740 1748 vitam
2781 1702 3046 1749 aeternam
3094 1703 3145 1747 Ρ.
3174 1710 3193 1744 ι
3228 1691 3296 1746 Ει
3321 1692 3430 1746 alio

1853 1783 1977 1837 loco
2009 1800 2024 1837 :
2064 1804 2083 1836 ι
2132 1785 2192 1839 Si
2223 1784 2348 1854 quis
2397 1784 2514 1839 sitit
2548 1784 2732 1838 veniat
2783 1785 2849 1839 ad
2887 1800 2971 1839 me
3014 1793 3069 1837 et
3100 1784 3254 1838 bibat
3286 1800 3298 1835 :
3333 1781 3428 1852 qui

1850 1875 2025 1930 credit
2049 1876 2101 1930 in
2135 1891 2240 1939 me,
2272 1877 2416 1930 sicut
2443 1876 2578 1930 dicit
2602 1874 2916 1946 Scriptura,
2954 1874 3179 1929 ﬂumina
3202 1873 3269 1929 de
3295 1888 3428 1927 ven-

1850 1974 1933 2020 tre
1961 1966 2081 2035 ejus
2112 1967 2384 2037 proﬂuent
2421 1983 2575 2037 aqua:
2602 1969 2738 2022 viva:
2769 1977 2819 2022 (ι.
2862 1986 2880 2019 ι
2916 1966 3072 2020 lianc
3109 1979 3308 2034 aquam
3341 1963 3426 2017 di-

1849 2057 2011 2112 vinus
2044 2058 2293 2113 Ezechiel
2338 2058 2492 2123 vidit,
2531 2058 2889 2129 proﬂuentem
2934 2073 2962 2111 a
2997 2057 3287 2114 vestibulis
3328 2056 3426 2110 do-

1845 2163 1969 2204 mus
2001 2148 2123 2220 (per
2158 2148 2326 2219 legem
2362 2149 2505 2202 enim
2544 2155 2597 2203 et
2643 2149 2940 2219 prophetas
2981 2147 3240 2218 praedicta
3274 2145 3426 2201 fuere

1848 2248 2033 2295 nostra
2069 2242 2235 2313 bona)
2269 2249 2323 2295 et
2367 2249 2736 2295 transeuntem
2774 2254 2871 2310 per
2912 2238 3103 2303 altare,
3149 2238 3278 2307 quia
3324 2252 3423 2308 per

1846 2329 2063 2387 Judaans
2100 2331 2368 2386 duntaxat
2402 2331 2664 2386 transiit:
2702 2330 2797 2401 qui
2848 2330 2937 2385 ubi
2985 2344 3093 2385 non
3130 2328 3423 2384 credentes

1852 2422 2066 2495 1040
2096 2422 2217 2477 ﬁdei
2250 2421 2467 2477 fruetus
2499 2421 2728 2477 reddere
2757 2404 3078 2485 noluerunt,
3106 2420 3323 2473 transiit
3353 2416 3424 2472 ad

1844 2522 2053 2582 gentes,
2082 2522 2133 2567 et
2164 2514 2459 2566 maximum
2485 2520 2648 2581 atque
2682 2510 3113 2580 pulcherrimum
3153 2506 3423 2561 Ecclesia-

1842 2618 1965 2656 rum
2002 2603 2191 2672 irrigat
2226 2600 2568 2670 paradisum.
2606 2596 2758 2669 [3-5]
2804 2599 2892 2650 Ait
2944 2595 3145 2650 deinde
3188 2609 3247 2649 se
3290 2607 3422 2647 con-

1843 2696 2093 2765 Spexisse
2122 2692 2436 2763 quemdam,
2463 2691 2555 2761 qui
2585 2703 2808 2745 mensus
2838 2689 2909 2744 sit
2933 2687 3081 2741 mille
3111 2687 3165 2741 in
3198 2699 3423 2739 mensu-

1845 2825 1926 2877 ra,
1977 2816 2031 2864 et
2066 2805 2354 2861 transierit
2383 2819 2563 2875 usque
2606 2803 2674 2857 ad
2722 2801 2863 2856 talos
2895 2820 2906 2855 :
2952 2814 3189 2869 eumque
3224 2811 3422 2851 rursus

1843 2900 2091 2957 eamdem
2127 2897 2439 2952 dimensum
2471 2909 2596 2950 esse
2625 2891 3008 2963 quantitatem,
3039 2896 3094 2945 et
3134 2884 3423 2942 transiisse

1844 3008 2022 3064 usque
2052 2991 2117 3046 ad
2142 3004 2322 3063 genua
2348 3007 2361 3044 :
2386 2995 2439 3043 et
2468 2986 2632 3042 tertio
2653 2985 2898 3040 adhibita
2926 2981 3118 3037 eadem
3141 2992 3421 3041 mensura,

1846 3083 2136 3138 transiisse
2158 3095 2333 3149 usque
2358 3076 2425 3132 ad
2454 3077 2694 3132 lumbos.
2724 3074 2791 3127 At
2826 3074 2916 3128 ubi
2937 3079 3191 3142 quartum
3226 3068 3422 3138 imple-

184 3188 361 3255 τρῆσαι
387 3161 687 3257 ποσύτητα,
720 3161 1065 3258 καὶ-διελθεῖν
1091 3192 1195 3255 ἕως
1227 3161 1472 3260 γονάτων
1496 3207 1511 3223 ο
1542 3161 1661 3263 τρὶς
1685 3193 1741 3245 δὲ

1847 3176 1921 3229 vit
1953 3188 2269 3235 numerum,
2304 3180 2543 3231 torrens,
2582 3167 2782 3237 inquit,
2814 3164 2993 3220 factus
3020 3172 3104 3217 est
3127 3161 3419 3217 maximus.

184 3279 238 3332 τὸ
278 3281 460 3352 μέτρον
506 3284 867 3350 ἐπενεγκεῖν,
920 3283 1012 3336 καὶ
1067 3283 1294 3337 διελθεῖν
1342 3285 1445 3348 ἓως
1500 3283 1736 3354 ὀσφύος⁸

185 3370 347 3442 ἐπειδὴ
373 3373 426 3426 δὲ
450 3374 541 3430 τὸν
571 3374 837 3445 τέταρτον
867 3376 1184 3447 ἐπλήρωσεν
1213 3378 1469 3447 ἀριθμὸν,
1492 3381 1740 3452 Χειμάρ-

188 3464 313 3528 ρους,
349 3467 526 3535 φησὶν,
557 3465 782 3535 ἐγένετο
815 3466 1096 3537 μέγιστος,
1126 3468 1184 3521 ὃν
1210 3469 1307 3538 οὐχ
1336 3463 1447 3522 οἷον
1492 3469 1739 3536 διελθεῖν,

184 3553 252 3615 ὅτι
278 3557 532 3626 ἐκεράιζον
581 3558 648 3611 τὸ
683 3557 847 3629 ὕδωρ,
892 3559 966 3622 ὡς
998 3559 1174 3628 ῥοῖζος
1222 3557 1546 3631 χειμάρρου,
1581 3562 1640 3615 ὃν
1681 3563 1741 3615 ού

182 3644 466 3716 διαϐήσεταί
496 3666 603 3713 τις.
647 3649 883 3715 Ἐδίδαξε
913 3650 970 3702 δὲ
1004 3653 1153 3721 ἡμᾶς
1184 3651 1272 3705 διὰ
1306 3651 1530 3715 τούτων,
1563 3654 1646 3707 ὅτι
1685 3654 1743 3723 ἐν

182 3739 304 3809 ἀρχῇ
334 3741 426 3811 μὲν
458 3742 520 3794 τὸ
548 3742 908 3809 εὐαγγελικὸν
942 3744 1207 3815 κήρυγμα
1232 3744 1444 3811 ὀλίγους
1468 3747 1535 3816 τῇ
1566 3763 1743 3817 σωτη-

185 3830 263 3901 ρία
309 3833 606 3902 προσάξειο
658 3832 775 3886 εἶτα
818 3834 1039 3899 τούτους
1086 3835 1450 3902 διπλασιάσει,
1500 3838 1595 3891 καὶ
1627 3854 1744 3909 τρι-

180 3920 445 3977 πλασιάσει
469 3942 483 3955 ·
516 3925 661 3995 μετὰ
681 3925 739 3976 δὲ
766 3924 939 3979 ταῦτα
966 3926 1245 3996 πληρώσει
1268 3927 1365 3997 τὴν
1390 3928 1740 3999 οἰκουμένην,

181 4013 303 4065 κατὰ
325 4015 418 4084 τὴν
451 4016 798 4086 προφητείαν
841 4019 942 4086 τὴν
976 4018 1241 4086 λέγουσαν
1268 4034 1279 4047 ·
1327 4037 1343 4070 ι
1377 4019 1743 4090 Πληρωθήσεφ

179 4105 314 4155 tua"
346 4107 376 4178 η
408 4107 678 4177 σύμπασα
708 4109 778 4178 γῆ
802 4110 847 4141 ⁸³
875 4108 969 4161 τοῦ
1007 4109 1212 4176 γνῶναι
1255 4110 1346 4163 τὸν
1390 4110 1619 4181 Κύριον,
1668 4112 1744 4175 ὡς

181 4194 306 4268 ὕδωρ
332 4200 463 4253 πολὺ
494 4200 887 4269 κατακαλύψαι
914 4201 1212 4266 θαλάσσας.
1245 4221 1263 4254 ι
1327 4204 1646 4272 Ἐπιστῆσαι
1686 4204 1742 4257 δὲ

80 4359 83 4363 1
178 4290 441 4358 προσήκει,
463 4291 541 4355 ὡς
566 4291 827 4362 τετράκις
858 4293 1153 4365 ὲμέτρησε,
1189 4296 1276 4348 καὶ
1306 4298 1420 4359 τοῖς
1445 4296 1607 4360 θείοις
1642 4297 1745 4348 Εύο

176 4381 428 4446 αγγελίοις
461 4382 752 4453 ἰσάριθμον
780 4384 839 4436 τὸ
880 4386 1078 4455 μέτρον
1109 4387 1506 4456 προσήνεγκεν.
1548 4386 1743 4454 Ἰιγοῦμ-

180 4484 263 4536 μαι
292 4470 345 4523 δὲ
377 4473 437 4526 τὸ
487 4475 753 4545 τέταρτον
789 4476 986 4548 μέτρον
1023 4479 1117 4530 τοῦ
1166 4477 1451 4532 θεσπεσίου
1491 4480 1740 4531 Ἰωάννου

179 4564 504 4633 παραδηλοῦν
556 4566 621 4617 τὸ
656 4567 1006 4634 Εὑαγγέλιον,
1063 4568 1339 4636 θεολογίαν
1386 4570 1507 4639 ἔχον
1546 4570 1743 4624 ἄϐατον

178 4652 463 4723 ἀνθρώποις
497 4659 596 4709 καὶ
642 4659 1035 4728 ἀνυπέρϐατον.
1084 4660 1177 4723 Τίς
1238 4660 1346 4730 γάρ
1411 4661 1477 4712 ἂν
1526 4662 1737 4727 γένοιτο

178 4739 289 4801 νοῦς
322 4743 578 4796 ἐπέκεινα
609 4746 702 4796 τοῦ
737 4748 831 4798 Ἐν
868 4746 1058 4816 ἀρχῇ;
1087 4749 1168 4811 τίς
1206 4749 1249 4800 δ’
1283 4750 1348 4801 ἂν
1379 4749 1651 4819 ὑπερϐαίη
1682 4752 1744 4804 τὸ

176 4823 312 4892 Ἦν;
343 4834 433 4885 Διὸ
462 4836 558 4887 καὶ
599 4836 865 4905 ἐκϐράζον
897 4838 957 4890 τὸ
993 4839 1155 4908 ὕδωρ,
1192 4839 1263 4902 ὡς
1301 4841 1478 4911 ῥοῖζον
1509 4841 1742 4911 χειμάρο

180 4924 287 4990 ρον,
326 4924 382 4976 ὃν
416 4927 477 4978 ού
528 4927 842 4998 διαϐήσεταί
870 4947 973 4993 τις,
1021 4930 1124 5000 ἔφη
1174 4930 1399 4998 ἐξιέναι.
1457 4932 1633 4995 Εὐθὺς
1662 4932 1739 4998 δὲ,

185 5014 327 5083 φησὶ,
362 5021 456 5072 καὶ
503 5022 848 5091 ’παραχρῆμα
876 5022 1119 5087 ὑπέδειξέ
1159 5042 1247 5093 μοι
1278 5024 1430 5095 παρὰ
1461 5025 1557 5094 τὴν
1581 5024 1745 5095 ὄχθην

180 5105 265 5156 τοῦ
303 5108 491 5172 ὕδατος
536 5110 724 5181 δένδρα
781 5114 1153 5177 παντοδαποὺς
1205 5116 1434 5186 βρύοντα
1474 5116 1740 5186 καρπούς.

190 5194 272 5249 Ἐν
306 5200 543 5273 ἑκατέρᾳ
587 5203 642 5254 δὲ
685 5205 818 5278 ὄχθη
846 5207 1016 5259 ταῦτα
1050 5203 1114 5277 ἦν
1158 5210 1223 5261 τά
1268 5210 1458 5280 δένδρα
1484 5227 1496 5240 ο
1545 5211 1603 5262 οὐ
1636 5209 1745 5279 γὰρ

255 5378 276 5405 ο
298 5370 461 5429 ΖιιςΙι.
490 5374 667 5439 xtv,8.
745 5379 955 5435 PJoan.
988 5400 1058 5447 Iv,
1108 5384 1189 5438 li.
1271 5395 1294 5433 ς
1323 5386 1478 5441 Joan.
1505 5403 1595 5449 ru,
1628 5387 1717 5449 57,
1748 5384 1834 5439 58.

1843 3266 1940 3336 qui
1967 3262 2295 3335 pertransiri
2329 3276 2440 3316 non
2466 3267 2672 3331 posset,
2699 3257 2827 3329 quia
2869 3254 3165 3311 ebulliebat
3197 3265 3337 3319 aqua
3362 3257 3423 3304 ut

1845 3360 2082 3429 impetus
2116 3354 2400 3420 torrentis,
2447 3367 2607 3424 quem
2656 3366 2762 3405 non
2797 3346 3155 3419 pertransibit
3195 3342 3419 3413 aliquis.

1845 3468 2155 3537 Docuitque
2183 3481 2284 3521 nos
2311 3481 2408 3537 per
2434 3465 2569 3528 haec,
2603 3461 2720 3517 fore
2755 3468 2815 3514 ut
2844 3458 3000 3514 initio
3038 3454 3421 3526 evangelicum

1845 3559 2181 3630 praeconium
2217 3571 2422 3628 paucos
2456 3556 2523 3610 ad
2550 3554 2781 3609 salutem
2813 3550 3074 3613 adducat,
3107 3546 3305 3604 deinde
3327 3558 3422 3599 eos

1844 3652 2087 3721 duplicet
2113 3666 2179 3705 ac
2197 3650 2458 3721 triplicet,
2489 3664 2552 3702 ac
2580 3656 2772 3718 postea
2801 3652 2976 3699 totum
2996 3642 3218 3711 impleat
3231 3638 3420 3693 orbem

1846 3755 2140 3809 terrarum,
2175 3742 2481 3798 secundum
2534 3739 2876 3810 prophetiam
2921 3737 3112 3791 illam:
3158 3754 3176 3786 ι
3220 3731 3423 3801 Reple-

1844 3837 1992 3891 bitur
2022 3835 2280 3890 universa
2311 3846 2457 3889 terra
2480 3832 2795 3902 cognitione
2822 3827 3064 3889 Domini,
3090 3827 3235 3881 sicut
3268 3836 3423 3893 aqua:

1846 3929 2032 3987 multa:
2065 3942 2189 3997 qua:
2223 3925 2478 3996 operiunt
2516 3924 2691 3978 maria
2724 3933 2770 3978 τ.
2821 3941 2840 3975 ι
2879 3920 2945 3975 Ει
2985 3917 3424 3974 animadvertere

1846 4035 2029 4091 opera:
2062 4019 2304 4090 pretium
2341 4027 2446 4083 est,
2478 4025 2674 4087 quater
2700 4015 2851 4068 illum
2878 4012 3187 4067 dimensum
3229 4007 3421 4069 fuisse,

1844 4122 1900 4169 et
1946 4112 2150 4168 divinis
2193 4110 2508 4179 Evangeliis
2546 4108 2812 4177 aequalem
2846 4118 3075 4160 numero
3107 4112 3420 4157 mensuram

1844 4204 2187 4260 adhibuisse.
2210 4201 2477 4258 Existimo
2520 4216 2654 4256 vero
2687 4208 2941 4269 quartam
2978 4207 3292 4261 mensuram
3332 4191 3418 4244 di-

1844 4295 1955 4349 vini
1984 4292 2213 4348 Joannis
2234 4291 2587 4362 Evangelium
2620 4288 2886 4351 indicare,
2917 4284 3064 4354 quod
3091 4279 3421 4350 theologiam

1846 4384 2090 4438 continet
2117 4383 2480 4446 inaccessam,
2513 4388 2568 4434 et
2598 4394 2761 4449 quam
2794 4377 3111 4432 hominibus
3142 4385 3422 4427 transcen—

1847 4476 1975 4530 dere
2009 4475 2235 4529 minime
2267 4475 2449 4527 liceat.
2508 4471 2642 4537 Quae
2690 4470 2835 4526 enim
2885 4482 3040 4521 mens
3104 4465 3250 4520 ultra
3285 4461 3421 4516 illud

1847 4565 1914 4619 In
1946 4565 2202 4632 principio
2240 4573 2549 4633 penetrare,
2586 4570 2639 4615 et
2677 4576 2800 4631 qua:
2829 4559 2960 4613 illud
2985 4565 3099 4611 erat
3127 4565 3419 4611 transcen-

1841 4659 1970 4714 dere
1997 4657 2232 4728 poterit?
2258 4671 2429 4727 quare
2459 4655 2813 4710 ebullientem
2856 4667 3078 4722 aquam,
3111 4649 3270 4719 quasi
3303 4659 3419 4703 tor—

1842 4748 2014 4802 rentis
2049 4746 2296 4811 ﬂuctum,
2333 4761 2496 4815 quem
2533 4760 2693 4798 nemo
2718 4742 3057 4813 pertransire
3079 4747 3263 4810 queat,
3287 4739 3423 4794 dixit

1840 4840 2062 4894 cxiissc.
2098 4837 2171 4909 [6,
2214 4836 2274 4906 7]
2311 4835 2375 4887 Et
2404 4835 2609 4899 statim,
2659 4834 2873 4903 inquit,
2926 4839 3090 4901 atque
3121 4846 3152 4886 e
3183 4829 3419 4899 vestigio

1841 4928 2083 4983 ostendit
2119 4927 2252 4980 mihi
2292 4925 2436 4994 apud
2475 4926 2647 4994 ripam
2678 4938 2835 4992 aqum
2864 4921 3096 4977 arbores
3123 4921 3302 4976 omnis
3328 4934 3422 4989 ge-

1852 5022 2001 5075 neris
2035 5019 2400 5088 producentes
2453 5017 2682 5070 fructus.
2724 5017 2787 5069 Et
2835 5017 2888 5069 in
2925 5024 3156 5084 utraque
3193 5014 3309 5082 ripa
3339 5012 3423 5067 ha:

1851 5115 2077 5167 arbores
2095 5119 2252 5166 erant
2280 5129 2292 5163 :
2331 5126 2507 5179 neque
2541 5109 2686 5162 enim
2719 5108 2875 5164 ﬁdem
2905 5117 3115 5162 tantum
3149 5108 3203 5161 in
3230 5107 3420 5168 Deum,

1852 5204 1943 5260 sed
1978 5204 2140 5258 etiam
2176 5201 2448 5256 actionem
2485 5201 2789 5256 secundum
2822 5201 2991 5256 Deum
3026 5201 3139 5255 lucc
3166 5214 3330 5270 aqua,
3363 5206 3422 5251 ut

1918 5394 1936 5419 τ
1972 5380 2075 5437 lsa.
2105 5396 2163 5448 ιι,
2192 5380 2263 5447 9;
2290 5378 2566 5444 llabac.u,
2594 5379 2679 5434 14.

1508 5542 1742 5601 νΛὶἶΗΕ
1785 5543 2191 5601 LECTIONES.

274 5669 376 5704 ηε

177 5739 259 5813 5,3,
296 5742 375 5813 lvg
436 5747 746 5822 ἐπληρώθη.
848 5739 902 5787 io
945 5759 1032 5826 γῆ.
1079 5757 1199 5811 llcs.
1238 5739 1389 5809 in'n.

357 5675 469 5758 ἀλλ’
497 5710 565 5756 τ-
596 5681 744 5759 αίῴν.
781 5686 949 5740 Aliter
980 5688 1096 5759 loco
1125 5689 1216 5739 cit.
1242 5687 1364 5759 leg.
1437 5687 1479 5715 κθ
1524 5689 1684 5759 tirno.
1720 5688 1916 5756 Supra,
1955 5702 2077 5758 pag.
2109 5687 2235 5752 252,
2273 5698 2386 5742 erat
2421 5685 2742 5758 ἐνεπλήσθη.
2778 5681 2942 5746 Infra,
2968 5675 3033 5729 ad
3069 5672 3202 5725 Βίω-
3236 5685 3293 5734 ll,
3326 5671 3413 5736 δίε
