3860 6206
437 303 573 368 1243

1454 312 1938 373 THEODORETI
1968 311 2304 372 EPISCOPI
2332 309 2694 372 CYRENSIS

3523 307 3637 374 1241.

435 414 688 471 homines
721 416 1106 486 producerent,
1146 420 1355 493 1051
1390 419 1696 492 eﬂ'ccit.[8}
1740 419 1804 473 Et
1844 420 2000 484 dixit,

2113 421 2272 492 μόνον
2300 421 2398 491 τὴν
2431 421 2509 484 είς
2543 419 2676 472 Θεὸν
2705 415 2910 478 πίστιν,
2951 414 3087 469 ἀλλά
3121 414 3214 468 καὶ
3259 413 3353 486 τὴν
3381 417 3510 471 κατὰ
3534 420 3644 478 Θεὸν

362 571 369 580 ,
435 509 638 578 inquit,
696 507 762 561 ad
787 524 900 566 me:
927 518 1075 587 Aqua
1107 509 1347 567 ﬂuminis
1379 527 1500 582 qua:
1524 511 1808 580 egreditur
1834 513 1886 565 in
1904 509 2012 566 Ga-

434 603 626 657 lilaeam
664 601 730 654 ad
763 601 1055 664 orientem,
1087 609 1141 656 et
1180 602 1468 658 descendit
1510 604 1576 658 ad
1617 604 1903 670 incultam,
1948 616 2013 657 ac

434 693 580 748 \enit
612 705 782 760 usque
810 691 877 746 ad
909 707 1080 757 mare,
1107 693 1172 747 ad
1199 709 1396 764 aquam
1427 695 1555 751 ostii
1583 695 1774 750 maris.
1802 693 1865 748 Et
1896 694 2011 748 haec

430 781 560 836 licet
588 780 746 836 nobis
781 789 1043 838 accurate
1068 783 1121 838 in
1162 783 1392 839 historia
1431 784 1700 842 invenire.
1731 783 1864 839 Nam
1899 785 2011 856 pri-

429 887 521 926 mo
555 873 610 927 in
644 871 921 929 Galilaeam
945 876 1189 933 salutare
1221 879 1556 948 praeconium
1587 879 1857 946 cucurrit,
1883 878 2012 935 inde

428 964 499 1018 ad
530 966 790 1020 incultam
809 976 864 1022 et
890 982 919 1021 a
949 971 1154 1039 pietate
1185 986 1412 1026 vacuam
1441 972 1682 1044 gentium
1705 973 2006 1042 regionem,

427 1057 678 1125 pervenit
707 1059 870 1112 etiam
910 1059 976 1113 ad
1009 1076 1159 1116 mare
1184 1060 1480 1127 ﬂuctuans,
1513 1064 1875 1118 barbarorum
1903 1079 2006 1117 na-

425 1151 624 1205 tiones.
658 1149 1021 1221 Subjicitque,
1052 1169 1111 1209 se
1136 1169 1308 1226 aquas
1339 1155 1812 1212 sanctiﬁcaturum
1853 1170 1998 1211 esse.

428 1241 638 1296 Eﬂiriet
663 1243 834 1306 enim,
867 1253 925 1298 ut
943 1243 1145 1300 Graeca:
1167 1255 1220 1302 et
1245 1246 1508 1302 fabulosae
1525 1246 1796 1302 doctrinae
1813 1246 2003 1301 divino

428 1337 708 1403 praeconio
753 1337 1093 1404 ministrent,
1143 1347 1310 1408 utque
1364 1339 1634 1394 morbosa:
1690 1353 1847 1407 aqua:
1897 1338 2005 1392 illa:

428 1438 526 1492 per
555 1423 652 1479 has
681 1440 854 1495 aquas
887 1427 1247 1481 sanctiﬁcata:
1281 1429 1513 1482 salutem
1545 1429 1916 1498 suppeditent.

2109 514 2308 586 πρᾶξιν
2351 513 2509 567 τοῦτο
2556 512 2618 566 τὸ
2665 510 2810 580 ὕδωρ
2854 509 3153 580 βλαστῆσαι
3200 509 3324 572 τοὺς
3367 510 3644 580 ἀνθρώπους

2109 606 2398 676 πεποίηκε.
2452 607 2562 658 Kal
2603 600 2746 667 εἷπε,
2797 602 2952 671 φησὶ,
2993 600 3131 672 πρός
3159 616 3226 670 με
3252 616 3265 630 ο
3320 599 3390 652 Τὸ
3421 600 3546 673 ὕδωρ
3568 606 3645 659 τοῦ

2109 696 2379 768 ποταμοῦ,
2408 697 2469 750 τὸ
2501 693 2934 766 ἐκπορευόμενον
2966 694 3048 756 είς
3076 691 3175 762 τὴν
3213 691 3538 746 Γαλιλαίαν⁹⁰
3566 699 3646 768 τὴν

2109 790 2248 860 πρὸς
2277 786 2564 852 ἀνατολὰς,
2597 787 2692 840 καὶ
2733 783 3059 838 καταϐαῖνον
3089 783 3182 834 ἐπὶ
3210 781 3308 853 τὴν
3341 782 3570 852 ἀοίκητον
3588 788 3644 851 ",

2107 879 2200 934 καὶ
2227 877 2520 949 ἐρχόμενον
2565 875 2668 939 ἕως
2721 877 2815 929 ἐπὶ
2854 875 2956 946 τὴν
2987 874 3285 940 θάλασσαν,
3335 873 3424 926 ἐπὶ
3451 875 3504 927 τδ
3529 875 3648 948 ’ὕδωρ

2110 971 2210 1040 τῆς
2254 969 2538 1037 διεκδολῆς
2580 969 2681 1038 τῆς
2728 967 3025 1039 θαλάσσης.
3073 966 3185 1021 Kal.
3230 964 3402 1020 ταῦτα
3440 967 3492 1019 δὲ
3529 967 3648 1020 ἔστιν

2111 1061 2356 1134 ἀκριϐῶς
2386 1060 2479 1114 ἐπὶ
2511 1061 2608 1130 τῆς
2644 1060 2884 1130 ἱστορίας
2913 1061 3114 1131 εὑρεῖν.
3169 1058 3391 1130 Πρῶτον
3437 1059 3527 1128 μὲν
3561 1061 3648 1132 γὰρ

2109 1155 2190 1217 είς
2239 1154 2338 1222 τὴν
2391 1151 2679 1206 Γαλιλαίαν
2727 1153 2788 1204 τὸ
2834 1153 3101 1220 σωτήριον
3141 1149 3348 1221 ἔδραμε
3388 1149 3648 1220 κήρυγμαο

2109 1245 2318 1298 ἐκεῖθεν
2343 1243 2398 1297 δέ
2421 1243 2513 1296 ἐπὶ
2534 1243 2633 1312 τὴν
2655 1242 2910 1311 ἀοίκητον
2931 1242 3022 1294 καὶ
3049 1242 3334 1304 εὐσεϐείας
3363 1239 3549 1311 ἔρημον
3566 1241 3650 1294 τῶν

2110 1334 2280 1389 ἐθνῶν
2309 1333 2512 1405 χώραν.
2546 1333 2790 1400 Ἔφθασε
2824 1332 2880 1385 δὲ
2908 1332 3003 1385 καὶ
3041 1332 3132 1385 ἐπὶ
3159 1331 3256 1403 τὴν
3292 1331 3552 1385 θάλασσαν
3575 1331 3652 1401 τὴν

2111 1427 2502 1497 κυμαίνουσαν,
2531 1424 2639 1478 τῶν
2670 1423 2963 1496 βαρϐάρων
2995 1423 3064 1477 1‘1
3093 1424 3224 1493 γένη
3249 1441 3262 1453 ο
3302 1423 3492 1491 ἐπάγει
3517 1423 3562 1476 δὲ
3587 1423 3652 1475 ὅτι

426 1517 522 1568 καὶ
550 1517 769 1584 άγιάσει
801 1518 872 1570 τὰ
897 1517 1092 1572 ὕδατα·
1125 1521 1223 1583 τάς
1251 1521 1360 1591 γὰρ
1395 1521 1714 1589 Ἑλληνικὰς
1758 1521 1852 1574 καλ⁵
1895 1519 2129 1591 μυθικὰς
2171 1519 2521 1582 διδασκαλίας
2549 1518 2938 1588 ὑπηρετεῖσθαι
2987 1517 3404 1591 παρασκευάσει
3437 1516 3508 1586 τῷ
3547 1515 3652 1584 θείῳ

426 1608 765 1678 κηρύγματι,
798 1608 890 1660 καὶ
917 1609 986 1661 τά
1014 1609 1218 1682 νοσώδη
1250 1614 1434 1666 ἐκεῖνα
1468 1612 1634 1666 ὕδατα
1662 1613 1750 1666 διά
1799 1613 2003 1664 τούτων
2043 1610 2151 1664 τῶν
2182 1612 2390 1666 ὑδάτων
2420 1612 2757 1682 ἁγιαζόμενα
2795 1611 3008 1680 ὑγιείας
3038 1610 3190 1664 ἔσται
3221 1610 3537 1680 παρεκτικά.

499 1696 663 1752 Vens.
707 1696 762 1752 9.
806 1697 874 1751 Et
911 1701 1032 1764 erit,
1066 1703 1236 1757 omnis
1268 1705 1450 1757 anima
1487 1705 1806 1758 animalium
1847 1702 1996 1757 ebul-

2177 1703 2241 1760 0'.
2272 1703 2379 1758 Kal
2407 1703 2599 1768 ἔσται,
2625 1703 2793 1758 πᾶσα
2831 1701 3002 1772 ψυχὴ
3033 1705 3076 1736 ⁹²
3115 1701 3234 1755 τῶν
3262 1701 3420 1762 ζώων
3447 1701 3550 1755 τῶν
3574 1701 3654 1755 ἐκ·

428 1789 690 1855 lientium,
725 1807 883 1860 super
920 1793 1100 1846 omnia
1138 1794 1206 1846 ad
1240 1811 1356 1864 qua:
1387 1795 1650 1851 advenerit
1678 1797 1892 1866 ﬂuvius,
1929 1795 2003 1848 vi-

2113 1793 2356 1856 ζεόντων
2389 1795 2489 1848 ἐπὶ
2535 1794 2579 1828 ⁰³
2623 1793 2820 1849 πάντα
2845 1795 2938 1863 ἐφ’
2969 1795 3008 1847 ἄ
3031 1794 3078 1826 ⁸⁸
3104 1792 3334 1860 ἐπέλθῃ
3359 1792 3480 1846 ἐκεῖ
3501 1795 3531 1846 ό
3566 1806 3652 1847 πο·

426 1889 526 1935 ret.
571 1879 763 1937 Omnis
817 1881 1004 1948 enim,
1065 1885 1383 1956 quicunque
1445 1889 1786 1943 salutaribus
1841 1885 2004 1955 aquis

426 1972 665 2038 fruetur,
693 1977 927 2030 salutem
972 1987 1369 2047 consequetur.
1405 1977 1470 2034 Et
1523 1982 1740 2045 asserit,
1789 1981 2003 2051 plenam

427 2066 666 2136 piscium
697 2065 843 2121 hanc
867 2081 1062 2137 aquam
1091 2068 1354 2138 futuram,
1380 2079 1433 2126 et
1467 2071 1772 2142 piscatores
1805 2071 2006 2127 multos

425 2159 740 2214 habituram
775 2175 920 2215 esse.
961 2160 1114 2217 Multi
1151 2165 1296 2218 enim
1334 2181 1427 2236 per
1475 2165 1576 2222 bas
1605 2181 1778 2236 aquas
1821 2165 1888 2220 ad
1919 2181 2008 2220 sa-

425 2250 595 2306 lutem
627 2252 786 2322 quasi
813 2267 880 2306 ex
905 2253 1212 2323 piscatione
1243 2257 1558 2329 capientur:
1591 2267 1644 2312 et
1668 2259 1822 2313 multi
1840 2259 2006 2314 etiam

427 2351 580 2407 sunt,
630 2344 835 2416 quibus
880 2347 1048 2418 hujus
1083 2351 1347 2406 venandae
1381 2353 1574 2422 praeda:
1611 2367 1815 2408 munus
1856 2368 2007 2408 com-

425 2435 694 2491 mittetur.
727 2436 844 2511 [lO]
871 2440 1009 2494 illud
1054 2456 1206 2506 vero,
1253 2460 1272 2494 ι
1313 2443 1384 2497 ab
1427 2443 1672 2514 Engaddi
1715 2459 1890 2514 usque
1938 2444 2006 2498 ad

425 2523 700 2595 Enaglim,
738 2547 756 2579 ι
795 2529 1068 2600 signiﬁcat
1100 2542 1274 2586 ortam
1315 2549 1381 2587 ex
1419 2533 1816 2590 tentationibus
1851 2543 1903 2590 et
1934 2533 2010 2589 af-

426 2613 764 2671 ﬂictionibus
799 2618 1064 2684 laetitiam.
1103 2619 1344 2691 Engaddi
1372 2624 1519 2677 enim
1561 2625 1849 2679 oculorum
1881 2633 2006 2680 ten-

426 2707 688 2762 tationem
713 2708 996 2780 designat;
1030 2710 1278 2783 Enaglim
1315 2730 1464 2777 vero,
1491 2717 1713 2770 oculum
1745 2717 1902 2771 vituli
1937 2717 2006 2772 ad

429 2799 762 2853 sacriﬁcium
799 2801 987 2867 oblati,
1027 2813 1081 2860 et
1121 2815 1410 2876 peccatum
1448 2809 1740 2876 solventis,
1776 2811 1860 2864 vel
1903 2811 2006 2866 sub

422 2889 612 2960 jugum
657 2893 840 2953 tracti.
874 2895 960 2948 cui
1003 2897 1247 2952 colendae
1303 2907 1460 2954 terra”:
1505 2916 1704 2956 munus
1757 2902 2007 2972 impona-

426 2987 539 3034 tur.
574 2981 784 3053 1042
808 2981 1106 3041 Exsiccatio
1126 2997 1308 3042 autem
1332 3005 1670 3060 sagenarum,
1697 3006 1804 3045 non
1825 2993 2003 3046 solum

429 3071 817 3142 frequentiam,
842 3077 938 3132 sed
963 3081 1127 3133 etiam
1149 3081 1392 3135 studium
1414 3090 1467 3136 et
1491 3099 1681 3137 curam
1703 3083 1997 3154 significat.

425 3160 546 3216 Non
574 3163 720 3218 enim
751 3165 1020 3222 desistent
1049 3169 1276 3239 piscari,
1313 3173 1513 3242 inquit,
1542 3175 1634 3228 sed
1672 3173 1746 3228 ibi
1781 3174 2000 3243 requie-

425 3263 586 3309 scent
620 3273 633 3310 :
667 3256 906 3326 quietem
944 3262 1088 3315 enim
1121 3279 1437 3333 saganarum
1461 3267 1871 3320 exsiccationem
1905 3281 2002 3320 νο-

425 3345 613 3411 cavit;
651 3349 1099 3420 quandoquidem
1141 3367 1422 3410 cessantes
1469 3357 1667 3426 piscari
1703 3358 2005 3425 piscatores

426 3456 658 3510 sagenas
675 3445 949 3514 explicare
967 3457 1018 3502 et
1042 3449 1325 3505 exsiccare
1342 3461 1769 3507 consueverunt.
1795 3472 1814 3504 ι
1841 3455 2006 3510 Scor-

427 3533 530 3586 sim
566 3535 711 3604 apud
751 3553 832 3601 se,
877 3538 1082 3610 inquit,
1128 3543 1254 3606 erit,
1288 3563 1305 3595 »
1356 3543 1460 3598 hoc
1490 3553 1596 3610 est,
1629 3546 1700 3600 ab
1729 3547 2006 3616 impietate

430 3634 661 3688 remota,
693 3628 877 3684 anima
928 3647 1051 3702 quae
1102 3635 1347 3690 salvatur
1380 3655 1392 3690 :
1427 3643 1479 3690 et
1515 3637 1728 3706 cepiam
1770 3639 2004 3708 piscium

428 3719 630 3772 asserit
675 3735 785 3776 non
825 3722 990 3779 ﬂuvio
1045 3725 1282 3782 similem
1345 3727 1556 3791 fuisse,
1615 3730 1709 3784 sed
1767 3732 2006 3787 maximo

432 3809 594 3861 mari.
625 3807 813 3882 Neque
839 3815 984 3868 enim
1014 3816 1254 3886 pristino
1291 3819 1494 3887 populo
1523 3820 1752 3889 :equalis
1777 3837 2006 3878 numero

429 3911 604 3954 novus
638 3905 896 3972 populus,
942 3905 1037 3961 sed
1067 3909 1308 3978 gentium
1354 3911 1492 3964 mari
1539 3922 1916 3984 comparatus,
1952 3923 2006 3970 et

431 3991 617 4046 orbem
651 4002 927 4050 terrarum
961 4001 1268 4069 complens.
1306 4000 1403 4057 His
1451 4003 1678 4073 subjicit
1709 4024 1720 4059 :

507 4081 670 4140 Vens.
708 4087 794 4141 11.
832 4089 899 4141 Et
932 4091 986 4142 in
1021 4092 1167 4145 exitu
1201 4093 1334 4162 eius,
1361 4095 1488 4148 etin
1511 4097 1844 4152 conversione
1868 4098 2003 4167 ejus.

430 4186 480 4231 et
509 4178 564 4230 in
586 4179 813 4234 elatione
856 4180 990 4249 ejus,
1037 4183 1238 4238 lacuna:
1288 4185 1402 4254 ejus
1433 4187 1450 4207 '
1506 4203 1607 4242 non
1653 4189 2005 4254 sanabuntur,

431 4267 488 4321 in
511 4269 649 4322 sales
681 4271 978 4326 tradentur.
1014 4272 1077 4328 Et
1106 4274 1210 4329 hoc
1256 4277 1310 4330 in
1343 4280 1598 4348 praesenti
1636 4280 1881 4336 videmus
1914 4297 2007 4336 ac-

431 4357 661 4424 cidisse,
710 4361 803 4430 qui
852 4361 906 4415 in
942 4363 1349 4420 multitudinem
1395 4368 1564 4435 aucti,
1622 4370 1676 4424 in
1719 4372 2004 4441 segnitiem

2109 1888 2314 1956 τιιμὸς,
2375 1886 2635 1955 ζήσεται.
2687 1887 2803 1950 Πᾶς
2855 1885 2987 1957 γὰρ,
3035 1886 3186 1956 φησὶ,
3247 1883 3364 1938 τῶν
3412 1884 3654 1955 σωτηρίων

2110 1975 2318 2030 ὑδάτων
2358 1975 2650 2029 ἀπολαύων
2685 1975 2786 2046 τῆς
2832 1973 3109 2046 σωτηρίας
3140 1973 3415 2041 τεύξεται.
3439 1973 3583 2044 Λέγει
3608 1971 3653 2026 δέ

2109 2070 2203 2123 καὶ
2249 2069 2447 2138 ἰχθύων
2478 2068 2684 2138 πλῆρες
2731 2067 2893 2121 τοῦτο
2935 2067 3266 2138 γενήσεσθαι
3309 2066 3376 2120 τὸ
3404 2066 3556 2136 ὕδωρ.
3581 2067 3655 2118 καὶ

2109 2161 2298 2228 ἁλιέας
2326 2162 2470 2229 ’ἐξειν
2516 2160 2742 2227 πολλούς
2765 2179 2777 2192 ’
2813 2161 3000 2216 πολλοὶ
3029 2161 3138 2233 γὰρ
3158 2163 3205 2216 οἱ
3226 2160 3318 2215 διὰ
3344 2159 3449 2215 τῶν
3479 2159 3654 2214 ὑδάτων

2109 2258 2317 2312 τούτων
2356 2260 2435 2321 είς
2475 2257 2750 2330 σωτηρίαν
2804 2255 3132 2328 θηρώμενοι,
3169 2255 3356 2309 πολλοὶ
3403 2254 3458 2308 δὲ
3507 2255 3588 2308 καὶ
3615 2254 3654 2305 oi

2111 2351 2208 2422 τὴν
2232 2351 2407 2419 ἄγραν
2439 2349 2645 2419 ταύτην
2695 2349 2946 2420 θηρεύειν
2989 2348 3435 2418 πεπιστευμένοι.
3482 2346 3548 2399 Τὸ
3591 2345 3652 2407 δὲ,

2115 2460 2132 2493 ι
2165 2441 2271 2496 ἀπὸ
2309 2442 2563 2510 Ἦγγαδδὶ
2580 2443 2624 2476 9⁸
2651 2442 2756 2505 ἕως
2792 2441 3084 2511 Ἡναγλὶμ,
3120 2461 3138 2492 ι
3177 2440 3435 2510 σημαίνει
3463 2440 3552 2510 τὴν
3569 2439 3655 2492 ἀπὸ

2108 2535 2434 2606 πειρασμῶν
2487 2536 2581 2588 καὶ
2629 2535 2860 2604 θλίψεων
2900 2535 3262 2608 εὐφροσύνην.
3298 2534 3373 2586 Τὸ
3415 2532 3516 2601 γὰρ
3551 2533 3654 2598 Ἠγ-

2110 2626 2285 2696 γαδδὶ
2337 2626 2632 2697 ὀφθαλμῶν
2676 2628 3031 2698 πειρατήριον
3060 2628 3108 2659 ³⁸
3161 2625 3420 2695 σημαίνει
3451 2639 3464 2653 ⁸
3505 2622 3558 2674 τὸ
3611 2622 3654 2674 δὲ

2122 2721 2409 2790 Ἢναγλὶμ
2443 2719 2720 2790 ὀφθαλμὸν
2760 2719 2961 2790 μόσχου
3009 2721 3090 2781 είς
3141 2718 3333 2771 θυσίαν
3385 2731 3655 2786 προσφερο-

2112 2813 2300 2879 μένου,
2332 2813 2427 2866 καὶ
2474 2812 2574 2881 τὴν
2616 2812 2892 2882 ἁμαρτίαν
2915 2810 3156 2873 λύοντος,
3192 2810 3226 2881 ἢ
3271 2810 3376 2862 ὑπὸ
3410 2809 3559 2876 ζυγὸν
3584 2809 3655 2860 έλ-

2109 2903 2363 2972 κομένου,
2415 2902 2507 2954 καὶ
2559 2903 2834 2972 γεωργίαν
2877 2903 3288 2971 πιστευομένου.
3328 2901 3404 2954 Τὸ
3452 2900 3655 2969 ψυγμὸς

2110 2993 2397 3064 σαγηνῶν
2447 2995 2504 3048 δὲ
2543 2995 2797 3065 σημαίνει
2827 2994 2934 3048 τῶν
2966 2994 3161 3047 ἀλιέων
3182 2995 3242 3046 οὑ
3279 2995 3440 3064 μόνον
3467 2993 3521 3045 τὸ
3547 2991 3658 3060 πλῆ-

2110 3086 2222 3148 θος,
2256 3086 2392 3139 ἀλλὰ
2450 3086 2542 3140 καὶ
2588 3088 2649 3140 τὸ
2678 3086 2956 3157 ἐπιμελές.
2999 3088 3073 3140 Οὐ
3107 3086 3215 3156 γάρ
3263 3087 3655 3156 ἀποστήσονται.

2110 3178 2263 3248 φησι,
2306 3178 2398 3230 τοῦ
2431 3179 2686 3241 ἁλιεύειν,
2724 3180 2839 3232 ἀλλ’
2866 3181 2982 3232 ἐκεῖ
3033 3179 3530 3233 διαναπαύσονται·
3579 3178 3658 3246 τὴν

2109 3270 2216 3342 γὰρ
2252 3270 2570 3325 ἀνάπαυλαν
2594 3272 2837 3341 ψωμὸν
2881 3272 3166 3342 σαγηνῶν
3192 3273 3470 3334 ἐκάλεσεν,
3499 3269 3656 3338 ἐπειδὴ

2107 3358 2200 3412 τοῦ
2232 3360 2467 3413 ἁλιεύειν
2516 3362 2812 3431 παυόμενοι
2850 3362 3017 3424 ἁλιεῖς
3048 3361 3254 3415 ἁπλοῦν
3303 3361 3402 3425 τὰς
3450 3364 3659 3430 σαγήνας

2109 3452 2202 3504 καὶ
2232 3450 2508 3522 ξηραίνειν
2539 3451 2782 3507 εἰώθασι.
2828 3472 2846 3504 ι
2885 3453 3021 3506 Καθ’
3045 3453 3244 3523 ἑαυτὴν
3273 3453 3448 3518 ἔσται,
3486 3473 3503 3504 ι
3528 3452 3655 3521 φησὶ.

2107 3542 2376 3606 τουτέστι,
2427 3544 2527 3613 τῆς
2575 3545 2833 3607 ἀσεϐείας
2888 3544 3270 3615 κεχωρισμένη
3326 3545 3359 3614 ἡ
3409 3542 3656 3612 σωζομένη

2107 3630 2252 3702 ψυχή
2286 3647 2299 3660 °
2333 3630 2482 3700 λέγει
2511 3632 2566 3685 δὲ
2600 3633 2692 3686 καὶ
2717 3633 2776 3685 τδ
2807 3633 3012 3702 πλῆθος
3064 3632 3174 3685 τῶν
3229 3631 3426 3702 ἰχθύων
3468 3632 3526 3684 οὐ
3578 3647 3658 3682 ποί

2109 3724 2267 3796 ταμῴ
2299 3725 2554 3788 ἐοικέναι,
2587 3726 2726 3779 ἀλλά
2747 3725 2812 3798 τῇ
2847 3727 3077 3798 μεγίστῃ
3099 3726 3365 3799 θαλάσσῃ.
3400 3724 3529 3779 Οὔτε
3569 3723 3659 3793 γὰρ

2108 3816 2186 3886 τῷ
2213 3816 2466 3887 προτέρῳ
2492 3817 2606 3888 λαῷ
2637 3817 2922 3889 ίσάριθμος
2950 3822 2979 3872 ὁ
3000 3821 3118 3882 νέος
3142 3819 3290 3882 λαὸς,
3325 3819 3456 3872 ἀλλά
3484 3822 3545 3888 τῇ
3572 3816 3658 3869 τῶν

2109 3905 2278 3958 ἐθνῶν
2321 3905 2562 3980 θαλάττῃ
2617 3909 3046 3978 ἀπεικασμένος,
3076 3910 3169 3963 καὶ
3216 3909 3316 3980 τὴν
3369 3907 3658 3979 οἰκουμένην

2109 3997 2216 4069 πλη
2225 3999 2351 4069 ρῶν.
2391 4000 2614 4064 Τούτοις
2642 4002 2835 4068 ἐπάγει
2857 4017 2870 4030 ·

2181 4095 2270 4144 ια’.
2322 4092 2431 4144 Kal
2470 4093 2512 4124 ’7
2551 4091 2621 4144 ἐν
2666 4091 2741 4159 τῇ
2786 4091 3070 4160 διεκϐολῇ
3108 4093 3318 4157 αὑτοῦ,
3363 4095 3457 4149 καί
3495 4094 3559 4148 ἐν
3598 4091 3656 4158 τῇ

2109 4183 2446 4253 ἐπιστροφῇ
2471 4185 2517 4218 ’³⁸
2535 4184 2743 4248 αὑτοῦ,
2774 4185 2871 4238 καὶ
2899 4185 2969 4239 ἐν
2991 4185 3066 4254 τῇ
3111 4187 3434 4255 ὑπεράρσει
3473 4185 3652 4247 αὐτοῦ,

2108 4277 2181 4330 τὰ
2207 4275 2424 4344 τενάγη
2456 4277 2644 4331 αὐτοῦ
2681 4279 2754 4332 οὐ
2770 4277 2856 4348 μὴ
2879 4277 3016 4346 ἰαθῇ
3051 4281 3117 4344 δ’,
3144 4282 3231 4346 εἰς
3255 4280 3408 4346 ἅλας
3432 4277 3653 4344 aconcre-

2109 4385 2223 4422 ται.
2252 4370 2359 4422 Καὶ
2394 4369 2553 4424 τοῦτο
2591 4369 2806 4440 ὁρῶμεν
2835 4371 2929 4424 ἐπὶ
2960 4370 3053 4423 τού
3091 4371 3358 4442 παρόντος
3391 4369 3656 4440 γεγενημέ·

432 4448 572 4518 lapsi
597 4465 814 4508 smnus.
849 4452 915 4507 Et
941 4467 1312 4513 consentanea
1339 4457 1600 4516 Dominus
1627 4477 1845 4533 quoque
1870 4479 2003 4532 pra:-

2115 4477 2234 4513 νον’
2288 4460 2613 4531 αὐξηθέντες
2643 4461 2750 4532 γὰρ
2801 4464 2880 4524 εἰς
2914 4462 3118 4531 πλῆθος
3170 4465 3250 4526 είς
3289 4463 3541 4536 ρᾳθυμίαν
3581 4459 3654 4524 ἐξ·

434 4541 593 4597 dixit.
630 4562 649 4594 ι
685 4543 823 4598 Cum
867 4546 1015 4600 enim
1069 4547 1448 4616 abundaverit,
1491 4553 1688 4623 inquit,
1723 4556 2008 4626 iniquitas,

432 4632 755 4703 refrigescet
786 4636 1032 4694 Charitas
1067 4640 1364 4698 multorum
1418 4651 1463 4700 ⁸.
1504 4663 1522 4696 ι
1567 4645 1672 4701 Eos
1715 4647 1882 4717 igitur
1914 4649 2010 4718 qui

434 4725 490 4776 in
533 4725 824 4793 superﬁcie
848 4736 1160 4794 versantur,
1209 4739 1262 4785 et
1310 4735 1696 4803 prmdicatione
1743 4737 2012 4791 duntaxat

435 4813 739 4870 instructos
757 4858 772 4882 ,
794 4817 990 4887 quales
1024 4831 1274 4876 nostrum
1303 4825 1550 4895 plurimi,
1577 4827 1797 4882 lacunas
1818 4836 2009 4883 vocat:

432 4906 633 4958 etenim
671 4906 879 4964 lacuna:
924 4925 1033 4966 non
1077 4914 1431 4984 profundam,
1471 4920 1564 4976 sed
1619 4920 1674 4975 in
1717 4921 2008 4992 superficie

506 5090 530 5132 ς
559 5079 752 5146 Matth.
781 5102 932 5157 xxtv,
959 5089 1050 5145 19..

2112 4553 2436 4622 ωκείλαμεν.
2462 4552 2680 4622 Συνῳδὰ
2699 4553 2755 4606 δὲ
2784 4553 2877 4606 καὶ
2897 4555 2926 4606 ό
2952 4553 3226 4623 Δεσπότης
3264 4555 3650 4625 προηγόρευσεν

2118 4665 2136 4697 ι
2177 4646 2343 4699 Ὅταν
2375 4647 2390 4676 ¹
2415 4645 2544 4714 γὰρ,
2569 4645 2725 4715 φησὶ,
2749 4643 3034 4715 πληθυνθῇ
3063 4646 3096 4714 ἡ
3143 4645 3365 4715 ἀνομία,
3388 4646 3651 4714 ψυγήσεται

2113 4739 2146 4809 ἡ
2180 4737 2366 4808 ἀγάπη
2404 4736 2515 4790 τῶν
2575 4735 2804 4790 πολλῶν.
2851 4755 2868 4786 ι
2902 4736 3041 4798 Τοὺς
3084 4735 3266 4789 τοίνυν
3317 4735 3647 4794 ἐπιπολαίους,

2114 4831 2205 4882 καὶ
2249 4829 2310 4882 τὸ
2352 4831 2611 4900 κήρυγμα
2649 4827 2807 4898 μόνον
2861 4827 3297 4897 περικειμένους,
3325 4830 3482 4881 ὁποῖοι
3515 4826 3650 4894 ἡμῶν

2114 4923 2163 4974 oi
2205 4921 2462 4986 πλεῖστοι,
2513 4917 2730 4990 τενάγη
2775 4917 3077 4973 ἀποκαλεῖ·
3115 4919 3212 4972 καὶ
3239 4920 3348 4992 γὰρ
3371 4921 3436 4974 τὰ
3473 4918 3646 4984 τενάγη

1766 5257 1996 5314 VARUS
2035 5256 2435 5315 LECTIONES.

506 5407 774 5489 ⁸⁸]ξαλιλ.
810 5407 1033 5489 fielilah.
1051 5409 1143 5464 alii
1172 5411 1382 5489 regius
1416 5414 1742 5489 appellative
1791 5416 1858 5489 de
1893 5423 2071 5489 tractu
2100 5414 2434 5489 (orientali)
2489 5416 2784 5489 explicant.
2859 5417 2903 5450 "
2943 5417 3088 5489 ἀοίκ.
3119 5419 3166 5472 Α
3213 5416 3475 5489 Ἀραόίαν.
3501 5409 3642 5467 Hebr.

434 5479 737 5556 planitiem.
819 5479 867 5511 "
896 5479 1501 5556 dulh_—_éxc._Hebr.'
1539 5487 1719 5556 omnis
1747 5487 1927 5556 anima
1961 5487 2084 5541 viva
2106 5479 2424 5556 reptilium.’
2485 5486 2532 5519 ⁸³
2559 5479 2662 5541 ’ἐπὶ
2694 5517 2764 5528 —
2806 5505 2927 5542 ποτ.
2965 5487 3127 5543 Hebr.

3171 5500 3484 5558 quocunque
3507 5495 3647 5535 vene-

438 5552 545 5630 rint
571 5548 841 5630 ﬂumina._
893 5548 1119 5630 ’χάρη
1148 5551 1278 5630 A__et
1305 5552 1346 5605 Β
1366 5569 1530 5630 sequ.
1568 5555 1652 5610 ἄν.
1729 5555 1773 5586 ³⁸
1811 5556 1855 5608 Λ
1877 5548 2484 5630 Λίνγαδεῖνξοι-ᾶοὶηάε,
2510 5557 2889 5628 Ἐναγαλλείμ.
2963 5559 3009 5592 ⁸⁸
3049 5559 3090 5610 Β
3120 5548 3642 5630 οφθαλμδνὲῖειραξη-

441 5619 580 5687 ρίου.
655 5621 700 5653 ’⁷
741 5620 1131 5697 ιςαὶτ-δοθήσ.
1167 5622 1312 5697 Hebr
1363 5619 1470 5697 Sed
1505 5626 1623 5697 loca
1658 5640 1882 5697 comosa
1910 5619 2029 5695 ejus
2077 5639 2129 5682 et
2167 5619 2410 5696 paludes
2439 5627 2577 5695 ejus,
2606 5619 2660 5684 et
2688 5619 2954 5696 quae'non
3001 5619 3358 5697 sanabuntur,
3385 5626 3474 5684 soli
3498 5619 3634 5676 relin-

441 5699 698 5757 quentur.
774 5689 821 5722 "
861 5693 904 5745 Α
935 5689 1274 5766 ἀποστροφῇ.
1365 5695 1409 5728 ⁹¹
1453 5696 1596 5768 ἰαθῇ.
1634 5697 1676 5748 Α
1708 5689 1992 5764 ἀγιάσωσι.

2108 5698 2123 5728 ¹
2165 5699 2294 5753 ὅταν
2318 5727 2385 5736 --
2411 5698 2626 5770 ἀνομία.
2661 5699 2833 5755 Aliter
2856 5701 2974 5755 loco
3001 5699 3090 5755 cit.
3125 5700 3227 5771 leg.
