3860 6206
207 357 329 425 12ίὸ

1269 355 1354 416 IN
1394 352 1859 415 EZECHIELIS
1880 352 2039 414 CAP.
2069 353 2339 416 XLVIII.

3211 422 3213 425 τ
3287 343 3425 408 ιειδ

202 472 255 527 οὐ
285 464 467 540 βαθέα,
491 462 603 519 ἀλλ’
634 462 694 529 ἐξ
717 461 983 535 ἐπιπολῆς
1004 461 1119 535 ἔχει
1146 462 1207 517 τὸ
1241 461 1406 537 ὕδωρ.
1433 463 1576 528 Τοὺς
1603 461 1745 517 οὕτω

1860 463 2134 518 continent
2164 477 2386 533 aquam.
2443 459 2552 517 Eos
2583 458 2749 531 igitur
2792 456 2885 531 qui
2933 454 3006 511 ita
3055 452 3236 509 aﬂ'ecti
3296 461 3429 509 sunt

202 562 360 619 τοίνυν
385 556 758 627 διακειμένους
782 555 932 624 λέγει
966 555 1265 627 θεραπείας
1327 556 1402 626 μὴ
1439 554 1748 626 τυγχάνειν.

210 651 355 709 Ἀλλὰ
396 651 492 705 καὶ
512 646 674 714 οὕτω,
706 647 894 719 φησὶν,
920 647 1023 702 οὐκ
1056 647 1320 720 ἄχρηστοι
1353 649 1467 712 τοῖς
1509 647 1746 711 λοιποῖς·

200 743 548 814 παιδευόμενοι
576 740 686 812 γὰρ
714 740 986 813 πρόφασις
1014 741 1112 806 τῆς
1148 740 1317 812 ἄλλης
1357 739 1625 809 ὠφελείας
1654 756 1750 808 γε·-

197 840 448 909 νήσονται.
472 827 546 888 Οῦ
575 834 754 906 χάριν,
771 832 875 903 ἔφη
903 852 922 885 t
950 834 1032 898 είς
1062 832 1194 898 ἅλας
1219 832 1527 904 δοθήσεται.
1552 851 1572 885 ι
1618 832 1747 903 ’Δρο

197 929 332 983 τύειν
360 925 467 996 γὰρ
492 921 599 978 οἶδέ
636 940 754 989 πως
786 924 955 996 ἡμᾶς,
988 924 1082 978 καὶ
1110 924 1380 995 ὡφελείας
1402 921 1665 995 πληροῦν,
1687 922 1749 976 ού

199 1022 342 1093 μόνον
372 1020 400 1072 δ
430 1017 746 1080 διδάσκαλος
772 1018 792 1049 ’
814 1016 992 1085 λόγος,
1023 1016 1157 1070 ἀλλὰ
1179 1016 1274 1071 καὶ
1311 1018 1345 1086 ὴ
1376 1013 1749 1086 ἐπιφερομένη

193 1112 280 1182 τῆς
309 1108 574 1182 ἁμαρτίας
596 1107 850 1180 τιμωρία.
874 1107 1028 1163 υῦτω
1047 1108 1115 1162 τά
1135 1108 1277 1163 κατὰ
1314 1109 1441 1173 τοὺς
1470 1107 1751 1180 ῥᾳθύμους

194 1201 610 1275 προαγορεύσεις,
639 1200 799 1254 πάλιν
825 1200 932 1254 τῶν
964 1200 1269 1254 σπουδαίων
1303 1201 1399 1254 καὶ
1438 1199 1545 1254 τῶν
1577 1199 1750 1267 ἁγίων

193 1297 305 1357 τοὺς
323 1294 565 1364 καρποὺς
591 1292 881 1364 διηγεῖται,
915 1294 1011 1346 καὶ
1042 1294 1125 1346 ὅτι
1150 1292 1298 1346 οὐδὲν
1326 1279 1575 1363 ἄκαρπον
1614 1290 1751 1362 παρ’

194 1388 376 1451 αὐτοῖς,
403 1384 538 1439 ἀλλὰ
572 1384 747 1439 πάντα
785 1383 1061 1457 βρώσιμα.
1095 1384 1240 1457 Πρὸς
1288 1383 1345 1436 δὲ
1395 1381 1474 1454 τῷ
1524 1381 1746 1452 καρπῷ,

194 1479 344 1550 φησί’

257 1570 338 1640 ιβ’.
363 1567 471 1624 Καί
496 1569 518 1600 ³
546 1567 614 1622 τὸ
645 1568 887 1638 φύλλον
907 1565 1094 1623 αὑτοῦ
1131 1567 1243 1620 οὐκ
1280 1563 1747 1634 ἁποῤῥυήσεται,

194 1661 320 1718 οὐδὲ
348 1661 371 1693 δ
401 1658 487 1730 μὴ
518 1656 832 1728 παλαιωθῇ
859 1657 953 1711 ἐπ’
984 1658 1007 1689 ⁸
1039 1655 1247 1722 αὑτοῦ,
1288 1654 1416 1710 οὐδ’
1442 1656 1516 1710 οὐ
1539 1653 1626 1724 μὴ
1651 1653 1750 1709 ἐκ·

193 1752 355 1819 λείπῃ
387 1753 421 1805 ὁ
448 1748 683 1817 καρπὸς
715 1746 899 1802 αὐτοῦ
932 1748 954 1779 ⁸
987 1745 1098 1815 τῆς
1130 1746 1482 1813 καινότητος
1502 1743 1690 1799 αὐτοῦ
1725 1743 1746 1774 ⁷

194 1846 273 1909 εἰς
300 1807 481 1907 ι’.τοὺς
495 1807 702 1910 μῆνας
729 1838 918 1893 αὐτοῦ
936 1855 952 1870 ·
979 1807 1627 1906 πρωτοϐολήαειίδιότι
1676 1835 1751 1890 τὰ
1783 1807 1826 1864 Β

194 1934 365 1989 ὕδατα
393 1931 599 1987 αὐτῶν
629 1931 699 1985 ἐκ
735 1929 854 1985 τῶν⁴
886 1929 1071 1999 ἁγίων
1105 1928 1294 1983 ταῦτα
1340 1928 1748 1997 ἐκπορεύεται,

197 2025 285 2087 καὶ
327 2024 495 2080 ἔσται
559 2025 595 2078 ό
619 2022 848 2091 καρπὸς
880 2020 1081 2076 αὐτῶν
1124 2021 1213 2086 είς
1251 2019 1507 2088 βρῶσιν,
1555 2019 1656 2074 καί
1708 2018 1748 2087 ἡ

193 2116 464 2182 ἀνάδοσις
493 2115 517 2147 ’
570 2113 771 2169 αὐτῶν
810 2115 899 2181 είς
939 2113 1192 2182 ὑγίειαν.
1230 2110 1440 2175 Ταῦτα,
1487 2110 1641 2182 φησὶ,
1681 2109 1753 2164 τὰ

192 2209 364 2280 δένδρα
426 2207 613 2262 πάντα
653 2204 913 2278 ἐδώδιμον
939 2205 1078 2260 οίσει
1121 2204 1333 2276 καρπὸν
1380 2202 1569 2256 τοῦτον
1596 2203 1640 2235 ¹⁶
1672 2201 1753 2255 δι-

191 2297 401 2371 ηνεκῶς.
421 2298 497 2353 Οὐ
528 2297 644 2368 γάρ
674 2295 821 2361 suae
840 2293 933 2349 τοῦ
964 2295 1136 2360 ἔτους,
1163 2295 1298 2350 ἀλλὰ
1317 2292 1457 2349 κατὰ
1491 2293 1658 2365 μῆνα⁹
1688 2291 1748 2346 ού

192 2391 289 2463 γάρ
315 2394 370 2448 ἔν
390 2392 612 2462 ἑορταῖς
644 2389 961 2445 εὐσεϐοῦσιν
985 2389 1036 2441 οί
1071 2387 1238 2457 ἅγιοι,
1269 2386 1533 2458 διηνεκῶς
1562 2386 1619 2440 δὲ
1653 2386 1752 2458 τὴν

191 2485 286 2540 τῶν
315 2483 472 2538 θείων
509 2481 699 2553 νόμων
740 2479 1074 2552 ἐκπληροῦσι
1130 2479 1396 2551 φυλακήν.
1441 2477 1602 2532 Ἀλλὰ
1658 2478 1753 2531 καὶ

200 2576 296 2631 ατὰ
323 2575 511 2645 φύλλα,
551 2576 739 2646 φησὶν,
780 2574 882 2627 οὐκ
912 2573 1325 2646 άπορρυἡσεται
1363 2571 1691 2626 ἀπἀὐτῶν.
1726 2588 1745 2622 ι

194 2667 395 2738 Ἔχουσι
430 2666 543 2738 γὰρ
592 2668 658 2738 τῇ
691 2668 791 2737 τῆς
829 2665 1029 2736 ἀρετῆς
1079 2663 1314 2734 ἐργασίᾳ
1336 2664 1435 2734 τὴν
1486 2662 1754 2734 θυμηδίαν

192 2758 596 2814 ἀκολουθοῦσαν,
620 2777 640 2811 ι
663 2759 720 2812 '0
757 2758 814 2812 δὲ
848 2757 1059 2829 καρπὸς
1093 2756 1269 2810 αὐτῶν
1313 2756 1432 2820 ὅλος
1481 2757 1561 2819 εις
1610 2754 1753 2825 βρῶ-

194 2867 286 2905 σιν.
318 2870 337 2902 ι
365 2850 688 2922 Θαυμάζειν
744 2848 854 2921 γὰρ
912 2847 1184 2919 εἰώθαμεν
1241 2850 1369 2910 τοὺς
1406 2847 1504 2916 τῆς
1552 2845 1754 2917 ἀρετῆς

192 2939 429 3011 ἀθλητάς.
463 2960 481 2994 ι
531 2941 655 2994 Kal.
680 2942 714 3011 ἡ
739 2941 988 3003 ἀνάδοσις
1018 2939 1197 2995 αὐτῶν
1226 2940 1307 3003 εἰς
1330 2939 1559 3005 ὑγίειαν.
1591 2955 1610 2989 s
1650 2938 1755 2990 Λο-

192 3032 445 3103 γιζόμενοι
485 3032 607 3104 γὰρ
636 3033 760 3086 ὅσον
811 3030 1016 3099 ἀγαθὸν
1046 3032 1079 3101 ἡ
1114 3030 1255 3084 κατὰ
1301 3029 1433 3083 Θεὸν
1466 3027 1600 3098 ζωὴ,
1655 3027 1755 3093 τὴν

1853 555 2054 613 asserit
2114 555 2341 610 minime
2391 552 2658 622 consequi
2705 547 3031 606 remedium.
3085 544 3191 601 Sed
3242 554 3295 599 et
3347 544 3428 597 sic

1851 646 2016 703 etiam
2048 644 2165 710 isti,
2227 646 2326 709 ait,
2380 645 2612 715 reliquis
2667 656 2780 697 non
2845 639 3116 712 inutjles:
3171 634 3426 704 castigati

1849 737 1996 797 enim
2033 734 2298 793 utilitatis
2328 736 2453 791 aliis
2485 743 2656 790 causa
2695 738 2882 788 erunt.
2915 727 3283 796 Quamobrem
3322 743 3340 776 ι
3372 724 3428 778 in

1850 829 1998 889 sales
2023 827 2305 885 dabuntur
2341 846 2362 881 ι
2413 826 2572 882 dixit.
2620 825 2904 881 lnstruere
2946 821 3094 876 enim
3141 833 3243 873 nos
3290 831 3431 887 quo-

1852 921 2169 985 dammodo,
2200 930 2254 977 et
2286 918 2529 975 utilitate
2578 916 2807 986 implere
2839 912 3150 974 consuevit,
3193 925 3302 964 non
3333 924 3420 965 so-

1851 1010 1965 1067 lum
1993 1010 2173 1066 oratio
2206 1010 2435 1073 docens,
2468 1008 2563 1064 sed
2597 1006 2766 1062 etiam
2810 1005 3023 1059 illatum
3072 1017 3170 1073 pro
3202 1006 3430 1071 peccato

1853 1100 2208 1173 supplicium.
2240 1098 2454 1172 1043
2486 1097 2670 1164 lta,iis
2710 1096 2992 1169 praedictis
3061 1108 3184 1163 quae
3228 1093 3296 1148 ad
3343 1107 3432 1148 se~

1850 1209 1986 1266 gues
2022 1193 2279 1256 attinent,
2322 1206 2519 1248 rursus
2566 1189 2943 1246 studiosorum
2998 1193 3433 1254 sanctorumque

1850 1283 2065 1339 fructus
2095 1288 2513 1347 commemorat,
2542 1287 2596 1335 et
2625 1278 2763 1333 nihil
2805 1277 2950 1347 apud
2999 1277 3152 1346 ipsos
3192 1288 3316 1329 esse
3345 1274 3432 1328 in-

1850 1372 2220 1437 fructuosum,
2252 1371 2347 1428 sed
2383 1370 2571 1425 omnia
2599 1369 2873 1440 ejusmodi
2901 1382 3024 1437 quae
3055 1365 3270 1422 comedi
3298 1378 3431 1434 pos-

1851 1476 1982 1523 sint.
2010 1464 2218 1520 Praeter
2248 1464 2489 1519 fructum
2527 1472 2732 1527 autem,
2773 1461 2977 1531 inquit,

1924 1558 2090 1615 Vatis.
2125 1557 2212 1612 12.
2257 1557 2439 1611 Etiam
2474 1556 2662 1625 [otium
2706 1552 2823 1622 ejus
2870 1568 2975 1607 non
3018 1550 3232 1619 defluat,
3271 1563 3436 1619 neque

1850 1652 2192 1707 inveterascet
2236 1663 2392 1718 super
2427 1664 2510 1712 eo,
2562 1662 2725 1716 neque
2775 1644 2983 1708 deﬁciet
3040 1643 3245 1712 fructus
3292 1640 3431 1709 ejus,

1851 1743 2103 1800 novitatis
2134 1741 2273 1812 ejus,
2323 1741 2382 1795 in
2426 1755 2631 1794 menses
2682 1739 2799 1807 ejus
2827 1751 2846 1790 :
2894 1735 3164 1805 primitiae
3220 1733 3428 1802 a/feret,

1852 1836 1980 1907 quia
2006 1849 2159 1904 αιιιιω
2199 1847 2383 1888 eorum
2434 1830 2501 1886 de
2549 1829 2750 1885 sanctis
2804 1827 3167 1897 egrediuntur,
3225 1831 3277 1878 et
3330 1821 3432 1875 erit

1854 1927 2060 1997 [ructus
2087 1940 2274 1981 earum
2307 1924 2364 1978 in
2396 1920 2594 1986 cibum,
2628 1929 2677 1976 et
2705 1918 3022 1990 germinatio
3043 1930 3225 1972 earum
3248 1911 3316 1967 ad
3341 1928 3431 1967 sa-

1853 2021 2097 2077 nitatem.
2135 2016 2253 2085 H2,
2288 2012 2497 2084 inquit,
2539 2012 2767 2067 arbores
2805 2023 2998 2065 omnes
3030 2008 3096 2062 ad
3128 2020 3283 2062 esum
3326 2003 3432 2059 uti.

1853 2112 1958 2168 lem
1993 2109 2304 2181 producent
2330 2106 2595 2169 fructum,
2623 2111 2790 2173 atque
2819 2100 2969 2155 hunc
2999 2099 3055 2153 in
3080 2107 3431 2168 perpetuum.

1851 2201 1971 2257 Non
2009 2201 2155 2257 enim
2190 2199 2360 2255 semel
2404 2197 2461 2251 in
2506 2208 2676 2258 anno,
2708 2191 2805 2248 sed
2857 2190 3058 2262 quovis
3091 2201 3303 2251 mense,
3336 2200 3434 2240 ne—

1853 2307 1960 2364 que
1990 2291 2047 2346 in
2073 2287 2495 2346 celebritatibus
2525 2292 2740 2338 tantum
2767 2283 2857 2353 pie
2879 2282 3074 2336 vivunt
3109 2277 3315 2338 sancti,
3337 2274 3436 2331 sed

1852 2385 2211 2441 continenter
2258 2377 2478 2435 divinas
2515 2375 2667 2446 leges
2720 2374 3038 2429 observant.
3090 2368 3236 2437 Quin
3271 2367 3434 2422 etiam

1859 2494 1878 2529 ι
1909 2474 2082 2540 Folia,
2133 2471 2338 2543 inquit,
2392 2484 2504 2525 non
2538 2466 2781 2523 deﬂuent
2835 2464 2908 2519 ab
2962 2462 3123 2534 ipsis.
3166 2479 3186 2514 ›
3224 2459 3438 2513 [labent

1853 2569 2001 2626 enim
2021 2567 2247 2623 virtutis
2270 2559 2658 2619 exercitationi
2694 2562 3092 2627 congruentem
3138 2550 3308 2606 animi
3348 2548 3438 2602 ιω.

1855 2660 2055 2723 titiam,
2094 2665 2151 2712 et
2202 2674 2224 2708 ι
2263 2654 2505 2708 Fructus
2552 2651 2801 2719 ipsarum
2852 2654 3006 2700 totus
3057 2645 3113 2699 in
3163 2644 3368 2697 cibum.
3413 2657 3433 2691 ι

1853 2749 2128 2806 Admirari
2162 2747 2309 2803 enim
2336 2742 2732 2799 consuevimus
2757 2738 2982 2792 virtutis
3021 2736 3281 2790 athletas.
3317 2751 3336 2783 ι
3372 2728 3440 2783 Ει

1855 2838 2187 2911 germinatio
2247 2850 2439 2892 earum
2504 2832 2573 2887 ad
2636 2830 2954 2887 sanitatem.
3014 2845 3033 2879 ι
3095 2825 3438 2895 Reputantes

1855 2936 2003 2990 enim
2034 2940 2302 3003 quantum
2345 2930 2418 2985 sit
2452 2928 2656 2983 bonum
2704 2925 2816 2978 vita
2867 2919 3172 2978 secundum
3222 2916 3313 2971 Dei
3343 2930 3440 2971 vo-

1859 3030 2125 3084 luntatem
2153 3022 2482 3093 composita,
2521 3021 2650 3074 hinc
2677 3016 2972 3073 utilitatem
3002 3010 3359 3083 percipimus,
3383 3016 3440 3062 et

191 3125 416 3179 ἐντεῦθεν
459 3103 741 3195 ὠφέλειαν
769 3121 1149 3194 καρπούμεθα,
1173 3121 1266 3174 καὶ
1295 3120 1395 3192 τῆς
1445 3118 1588 3174 κατὰ
1623 3119 1754 3172 Θεὸν

1860 3121 2153 3177 sanitatem
2186 3132 2309 3186 quae
2334 3122 2420 3171 est
2465 3111 2770 3170 secundum
2812 3107 2980 3163 Deum
3025 3103 3436 3172 consequimur.

191 3216 380 3286 ὑγιείας
404 3215 778 3288 τυγχάνομεν.
820 3212 1102 3268 Ἐντεῦθεν
1135 3213 1445 3267 διδάσκεται
1470 3212 1499 3263 ὁ
1547 3211 1760 3281 προφή-

187 3325 293 3381 της,
342 3309 458 3363 τίνα
498 3308 585 3362 τά
631 3309 755 3379 ὅρια
818 3305 914 3360 τοῦ
958 3305 1196 3375 Ἰσραήλ.
1247 3304 1381 3357 Ἀπὸ
1431 3303 1603 3375 βορρᾶ
1660 3306 1760 3372 μέν

189 3415 305 3470 φησι
334 3399 432 3469 τὴν
453 3397 587 3452 ὁδὸν
609 3391 748 3450 εἶναι
779 3396 876 3467 τὴν
919 3394 1094 3466 Ἦμὰο
1154 3393 1425 3463 ἁναμέσον
1451 3393 1561 3445 τῶν
1596 3392 1760 3462 ὁρίων

187 3488 476 3559 Δαμασκοῦ.
525 3488 718 3558 ’.Ὴμὰθ
738 3487 795 3540 δὲ
827 3487 926 3558 τὴν
963 3485 1316 3553 Ἐπιφάνειαν
1340 3482 1588 3550 καλοῦσι’,
1618 3482 1759 3545 τινὲς

186 3581 356 3652 δὲτὴν
394 3580 662 3652 Ἐμίσαν.
709 3581 825 3635 Καὶ
867 3579 975 3650 γὰρ
1002 3581 1035 3649 η
1072 3577 1193 3632 θεία
1238 3577 1430 3647 Γραφὴ
1486 3575 1579 3630 δύο
1622 3572 1760 3629 οἶδεν

192 3671 527 3742 ὁμωνύμους*
574 3671 724 3739 λέγει
763 3671 905 3742 γάρ’
949 3688 967 3722 ι
1004 3670 1097 3731 El;
1132 3667 1309 3738 Ἡμὰθ
1338 3668 1434 3739 τὴν
1459 3666 1754 3739 μεγάλην.»

204 3764 323 3816 Ἀπὸ
353 3762 633 3818 ἀνατολῶν
660 3762 716 3815 δὲ
743 3761 892 3830 λέγει
914 3756 1005 3814 τὸν
1046 3760 1320 3831 Ἰορδάνην
1351 3759 1521 3831 ὃριον,
1549 3761 1642 3814 καὶ
1669 3761 1760 3814 τὸν

192 3854 316 3923 πρὸς
339 3853 607 3916 ἀνατολὰς
653 3851 981 3922 φοινικῶνα·
1020 3850 1129 3904 ἀπὸ
1162 3849 1218 3902 δὲ
1257 3851 1624 3921 μεσημϐρίας,
1656 3851 1762 3915 ἕως

189 3944 381 4000 ὑδάτων
406 3943 717 4014 ἀντιλογίας
738 3960 751 3974 ·
786 3942 929 3997 οὕτω
960 3944 1067 4013 γὰρ
1103 3943 1162 3995 τὸ
1214 3941 1491 4014 Μαριμὼθ
1536 3945 1564 3996 ὀ
1591 3944 1761 4014 Σύρος

187 4038 556 4109 ¹ἠρμτίινιευσενο
625 4035 733 4090 ἀπὺ
788 4035 997 4099 δύσεως
1055 4035 1113 4088 δὲ
1155 4035 1254 4105 τὴν
1300 4035 1575 4089 θάλασσαν
1613 4034 1760 4105 ὅριον

187 4120 335 4181 εἶναι.
367 4127 591 4198 Ταύτην
620 4125 679 4179 δὲ
720 4123 1052 4196 προσέταξεν
1100 4124 1160 4177 οὐ
1211 4124 1370 4194 μόνον
1406 4127 1520 4187 τοῖς
1563 4124 1628 4177 ἐκ
1666 4124 1760 4178 τοῦ

199 4217 405 4290 Ἰσραὴλ
423 4218 487 4272 τὸ
513 4219 679 4286 γένος
729 4217 1032 4287 κατάγουσι
1063 4216 1479 4288 διανεμηθῆναι,
1504 4216 1643 4271 ἀλλὰ
1668 4216 1761 4271 καὶ

185 4312 287 4373 τοῖς
318 4311 708 4383 προσηλύτοις,
754 4313 866 4375 τοῖς
906 4310 1264 4381 παροικοῦσιν
1293 4312 1352 4363 ὲν
1384 4309 1534 4380 μέσῳ
1560 4309 1759 4378 αὐτῶν,

186 4401 406 4468 Οῖτινες,
441 4404 631 4474 φησιν,
657 4403 954 4474 ἐγέννησαν
982 4404 1132 4466 υἱοὺς
1161 4405 1218 4456 ὲν
1243 4402 1393 4473 μέσῳ
1413 4401 1620 4472 ύμῶν.ι
1650 4402 1762 4456 Καὶ

1863 3208 2102 3286 [15-20.]
2135 3207 2408 3276 Deinceps
2444 3203 2711 3259 edocetur
2745 3199 3039 3271 propheta,
3076 3194 3300 3265 quinam
3329 3190 3442 3247 sint

1863 3285 1997 3361 lines
2031 3302 2272 3359 lsraelis.
2305 3299 2388 3354 Ah
2413 3297 2675 3368 aquilone
2707 3294 2785 3348 ait
2806 3293 2951 3346 viam
2973 3304 3100 3346 esse
3121 3285 3317 3340 Emalh
3346 3298 3443 3354 per

1844 3399 1999 3469 ‘ﬁnes
2046 3393 2315 3450 Damasci.
2353 3388 2550 3447 Emath
2595 3396 2779 3441 autem
2826 3379 3188 3454 Epiphaniam
3223 3382 3440 3438 vocant,

1861 3495 1915 3542 et
1943 3484 2166 3555 quidam
2199 3480 2462 3535 Emisam.
2497 3474 2714 3531 Etenim
2758 3472 2945 3529 divina
2975 3468 3265 3538 Scriptura
3300 3463 3442 3518 duas

1863 3553 2017 3631 novit
2058 3571 2305 3642 ejusdem
2357 3566 2627 3629 nominis;
2658 3563 2794 3617 dicit
2825 3561 2975 3615 enim
3017 3576 3032 3613 :
3074 3577 3092 3609 ι
3133 3555 3214 3610 Ad
3244 3553 3477 3608 Emath-

1861 3679 2137 3736 magnam.
2172 3681 2192 3714 ι
2225 3660 2291 3715 Ει
2321 3660 2392 3715 ab
2428 3666 2552 3715 ortu
2584 3658 2662 3711 ait
2690 3652 2989 3710 Jordanem
3031 3649 3219 3710 linem,
3247 3654 3303 3702 et
3327 3644 3445 3715 pal-

1860 3769 2065 3815 metum
2088 3755 2238 3828 quod
2261 3761 2344 3810 est
2360 3753 2429 3807 ad
2458 3750 2730 3807 orientem
2760 3761 2777 3800 :
2811 3761 2842 3800 a
2869 3742 3099 3800 meridie
3117 3738 3329 3812 10“
3352 3752 3447 3792 ve-

1862 3870 1948 3919 ro,
1997 3866 2178 3923 usque
2207 3851 2226 3870 ‘
2269 3847 2338 3902 ad
2380 3859 2554 3916 aquas
2624 3838 3115 3900 contradictionis;
3177 3835 3259 3889 sic
3292 3832 3439 3887 enim

1864 3943 2173 4001 Marimoth.
2201 3940 2375 4011 Syrus
2410 3938 2812 4006 interpretatus
2852 3937 2940 3987 est
2975 3946 2990 3984 :
3022 3927 3093 3983 ab
3120 3940 3324 3982 occasu
3354 3938 3447 3977 vc-

1864 4051 1948 4101 ro,
1980 4047 2135 4088 mare
2167 4030 2328 4086 ﬁnem
2352 4042 2499 4084 esse.
2530 4021 2761 4097 [21-25]
2792 4021 2857 4076 Ει
2881 4021 3023 4074 hanc
3047 4015 3308 4088 praecepit
3337 4026 3447 4066 non

1863 4127 2045 4184 solum
2083 4123 2153 4179 iis
2190 4121 2286 4193 qui
2316 4120 2388 4176 ab
2415 4118 2618 4175 Israele
2642 4130 2817 4187 genus
2846 4113 3137 4172 ducerent,
3169 4105 3446 4166 distribui,

1864 4223 1961 4279 sed
2008 4222 2171 4278 etiam
2208 4216 2506 4290 proselytis
2546 4214 2835 4288 intercos
2869 4203 3254 4262 habitantibus
3289 4217 3303 4252 :
3351 4196 3446 4266 qui

1865 4314 2029 4376 ﬁlios.
2065 4312 2267 4382 inquit,
2305 4311 2359 4363 in
2390 4308 2545 4364 vobis
2575 4301 2896 4375 genuerint.
2955 4316 2975 4349 ι
3023 4296 3088 4350 Ει
3119 4301 3450 4382 unaquaque

1865 4407 1921 4463 in
1976 4378 2160 4469 tribu,-
2208 4402 2409 4473 inquit,
2461 4397 2774 4453 habitantes
2811 4387 3079 4463 proselyti
3113 4399 3239 4441 cum
3298 4378 3448 4433 tribu

182 4493 227 4545 ol
280 4495 513 4567 ἑκάστῃ,
574 4497 711 4567 φησὶ
737 4537 753 4562 ,
815 4497 954 4567 φυλῇ
997 4494 1374 4558 συνοικοῦντες
1431 4494 1754 4565 προσήλυτοι

1868 4496 2248 4555 hereditatem
2291 4493 2533 4565 capiant.
2573 4506 2592 4539 ι

185 4586 316 4653 μετᾶ
337 4586 435 4656 τῆς
469 4586 643 4657 αὐτῆς
664 4586 838 4657 φυλῆς
863 4586 964 4658 τὴν
994 4584 1357 4657 κληρονομίαν
1385 4583 1754 4639 λαϐέτωσαν.»

688 4678 1086 4735 ΚΕΦΑΛΑῙΟΝ
1139 4676 1278 4730 ΜΗ’.

245 4764 376 4821 Εἶτα
417 4767 634 4823 κελεύει
665 4768 890 4840 πρώτην
941 4769 1038 4839 μὲν
1082 4768 1266 4823 λαϐεῖν
1298 4768 1397 4839 τὴν
1443 4767 1618 4839 φυλὴν
1654 4770 1760 4822 Δᾶν

178 4858 283 4912 ἀπὸ
307 4860 504 4933 βορρᾶ,
536 4861 801 4933 δευτέραν
835 4861 934 4932 τὴν
981 4860 1170 4931 Ἀσὴρ,
1206 4859 1394 4930 τρίτην
1427 4860 1526 4929 τὴν
1553 4859 1764 4926 Νεφθαο

177 4950 320 5023 λεὶμ,
342 4954 620 5024 τετάρτην
642 4954 741 5026 τὴν
761 4954 1049 5025 Μανασσῆ,
1068 4954 1324 5023 πέμπτην
1358 4954 1457 5022 τὴν
1499 4952 1761 5023 Ἐφραῒμ,

178 5042 337 5114 ἕκτην
391 5045 496 5117 τὴν
533 5045 782 5116 Ῥουϐὴν,
845 5045 1083 5117 ἑϐδόμην
1114 5043 1210 5114 τὴν
1258 5043 1451 5097 Ἰούδα·
1508 5040 1626 5097 εἶτα
1663 5044 1762 5115 τὴν

176 5139 283 5199 τοῖς
313 5138 571 5208 ἱερεῦσιν
619 5138 1029 5212 ἀφορισθεῖσαν,
1071 5139 1233 5191 πέντε
1287 5137 1385 5209 μὲν
1441 5139 1537 5192 καὶ
1590 5140 1762 5192 εἴκοσι

176 5221 427 5292 χιλιάδων
456 5226 520 5279 τὸ
556 5222 733 5299 εὖρος,
767 5227 900 5281 δέκα
930 5227 988 5280 δὲ
1022 5226 1277 5298 χιλιάδων
1306 5225 1366 5279 τὸ
1417 5227 1620 5297 μῆκοςσ
1672 5244 1763 5280 κε-

176 5310 318 5368 λεύει
344 5315 403 5369 δὲ
435 5315 635 5377 τούτου
676 5318 717 5352 υ
751 5316 844 5372 τὸν
891 5317 1090 5388 κλῆρον
1133 5316 1262 5385 περὶ
1318 5316 1487 5386 αὐτὴν
1538 5316 1761 5385 τεθῆναι

2394 4660 2630 4721 CAPUT
2686 4655 2918 4714 XLVIII.

1940 4764 2082 4840 [1-7]
2122 4761 2330 4817 Deinde
2385 4756 2634 4828 praecipit
2676 4762 2738 4808 ut
2777 4749 3012 4821 primam
3050 4740 3235 4840 capiat
3272 4737 3450 4840 tribus

1868 4828 1984 4914 Da‘n
2016 4828 2086 4913 ab
2120 4855 2400 4926 aquilone,
2458 4851 2686 4904 alteram
2719 4844 2879 4905 Aser,
2917 4836 3136 4926 tertiam
3167 4828 3450 4900 Neplttha-

1866 4948 1990 5014 lim,
2021 4922 2275 5017 quartam
2316 4940 2592 5001 Mauasse,
2621 4936 2873 5005 quintam
2911 4922 3195 4996 Ephraim,
3235 4927 3447 4976 sextam

1869 5035 2085 5097 Ruben,
2114 5032 2402 5103 septimam
2427 5027 2598 5093 Juda;
2629 5020 2806 5096 [8-H]
2831 5028 2945 5072 tum
2974 5032 3091 5071 eam
3117 5028 3236 5083 quae
3268 5023 3452 5103 succr-

1866 5127 2090 5184 dotihus
2124 5102 2388 5180 attributa
2427 5127 2534 5183 est,
2588 5116 2835 5186 quinque
2878 5121 2933 5166 ct
2976 5105 3169 5178 viginti
3214 5102 3449 5158 millium

1865 5221 2236 5280 latitudinem,
2279 5216 2468 5270 decem
2513 5209 2747 5263 millium
2784 5200 3182 5273 longitudinem
3217 5195 3417 5251 habere.
3433 5206 3455 5256 ς.

1859 5312 2124 5383 jubctque
2178 5307 2343 5379 hujus
2389 5302 2760 5359 baercditatem
2815 5297 2966 5354 circa
3017 5294 3201 5364 ipsam
3257 5287 3448 5340 urbem

1521 5473 1755 5528 VARI/ll
1797 5468 2199 5527 LECTIONES.

368 5627 776 5717 διδασκαλικὸς.
829 5631 874 5717 ’³
913 5630 1006 5711 καὶ
1039 5630 1330 5717 -ἀποῤῥ
1364 5629 1489 5685 Des.
1523 5630 1576 5682 in
1601 5629 1667 5683 Α.
1745 5628 1765 5660 ⁸
1804 5627 1925 5681 οὐδὲ
1971 5655 2042 5666 -
2089 5624 2273 5717 αὑτοῦ.
2327 5622 2556 5717 gemina
2594 5628 2678 5676 est
2721 5611 3115 5717 interpretatio;
3195 5607 3214 5636 '
3258 5602 3443 5717 Βιάπῖ

1361 5700 1398 5717 ιι
1511 5700 1523 5711 ο
1610 5699 1626 5717 Δ
1739 5699 1758 5717 ι
1806 5700 1875 5717 Α-
2044 5713 2218 5717 --μμ
2401 5710 2419 5717 -
2460 5709 2484 5717 _
2543 5706 2712 5717 ...μνη
2744 5704 2822 5717 ...ε
2860 5684 2974 5717 sui:
3006 5694 3088 5717 mn
3123 5689 3313 5717 nrt!an
3367 5688 3443 5717 cn.

181 5696 201 5725 '
237 5697 364 5751 αὒτ.
398 5697 532 5751 Des.
568 5697 625 5753 in
654 5699 716 5753 A.

184 5763 395 5826 {ructus
428 5767 579 5837 ejus.

685 5770 707 5801 ⁹
747 5771 790 5823 Δ
825 5761 1105 5833 ἀνάϐασις.
1145 5770 1304 5824 Hebr.
1337 5770 1526 5825 I’olittm
1563 5770 1705 5839 ejus.
1785 5769 1826 5802 ¹⁰
1866 5767 2011 5822 τοῦτ.
2055 5761 2095 5818 Β
2145 5781 2331 5838 prtem.
2362 5764 2498 5817 οἴσει
2527 5761 2602 5815 δέ.

829 5701 848 5731 ⁷
887 5700 986 5767 τῆς
1015 5717 1159 5754 καιν.
1194 5684 1314 5753 αύτ.
1361 5684 1482 5755 Des.
1511 5700 1563 5753 in
1597 5699 1661 5753 Α.
1739 5699 1760 5730 ³
1800 5700 1879 5761 εἰς
1927 5729 1993 5738 —
2039 5695 2280 5767 πρωτοϐ.
2342 5693 2503 5767 Hebr.
2532 5692 2825 5767 ‘mcns‘tbu‘s
2860 5684 2975 5761 suis
3006 5684 3336 5732 ttmltlrcsccl
3367 5688 3445 5727 SC-

2685 5761 2722 5790 ”
2770 5758 2809 5808 li
2844 5751 3054 5805 τοῦτον.
