3860 6206
247 322 365 393 1249

1334 322 1409 381 IN
1436 321 1877 382 EZECHIELIS
1910 323 2066 383 CAP.
2117 323 2380 384 XLVIII.

3318 321 3450 387 1250

248 456 267 489 ι
308 437 361 489 '0
401 428 544 497 οἶκος
597 434 808 504 Ἰσραὴλ
862 435 1075 500 ἔπεσεν,
1114 436 1215 490 οὐκ
1260 436 1340 489 ἐτι
1374 436 1448 507 μὴ
1481 438 1706 507 ἀναστῇ.
1749 454 1765 486 ι

1877 446 2028 506 εοιτ.
2069 458 2090 490 ι
2124 437 2243 492 Non
2269 436 2475 492 audivit
2511 444 2713 501 autem,
2758 443 2817 491 ut
2854 452 2950 508 par
2993 444 3099 503 est,
3127 437 3278 492 Pauli
3312 442 3445 494 doc-

242 528 341 581 υύκ
367 526 554 594 ἤκουσε
580 524 655 587 δὲ,
690 524 765 588 ὡς
787 524 980 588 ἔοικεν,
1005 526 1125 579 οὐδὲ
1150 527 1247 596 τῆς
1275 528 1489 581 Παύλου
1521 528 1774 582 διδασκα-

240 616 363 678 λίας,
388 613 450 684 ἢν
476 612 736 676 Γαλάταις
788 615 1147 685 προσήνεγκε,
1178 615 1379 686 λέγων’
1417 635 1436 669 ι
1478 618 1686 682 Οῖτινες
1717 620 1775 671 ἐν

237 707 368 778 νόμῳ
396 703 714 771 δικαιοῦσθε,
741 708 841 777 τῆς
870 706 1089 778 χάριτος
1126 707 1437 773 ἐξεπέσατε.
1468 728 1489 761 ι
1517 710 1628 764 Καὶ
1671 714 1776 764 πά-

237 798 338 849 λιν·
378 813 395 846 ι
427 794 567 848 Διότι
603 795 645 825 ’³
680 795 740 860 ἐξ
787 795 964 867 ἔργων
1025 800 1189 869 νόμου
1240 800 1301 852 οὐ
1356 800 1772 870 δικαιωθήσεται

237 887 370 939 πᾶσι
394 883 540 953 σάρξ,
590 883 725 937 ἀλλὰ
748 884 834 937 διά
865 884 1097 949 πίστεως
1142 887 1317 956 Ἰησοῦ
1368 888 1626 956 Χριστοῦ.
1655 908 1674 940 ι
1703 919 1774 929 -ο

237 993 254 1025 ι
291 975 341 1028 Ὀ
388 975 490 1045 γάρ
542 974 703 1044 νόμος
751 975 917 1046 ὀργὴν
958 978 1371 1047 κατεργάζεται.
1406 972 1479 1033 Οῦ
1525 979 1634 1049 γάρ
1674 979 1773 1032 οὐκ

231 1066 336 1118 ἔστι
361 1066 533 1135 νόμος,
559 1066 677 1119 οὐδὲ
704 1067 1036 1138 παράϐασις.
1067 1088 1085 1120 ι
1115 1070 1225 1122 Καὶ
1275 1070 1436 1123 πάλιν
1455 1088 1466 1098 ·
1497 1091 1517 1122 ι
1556 1072 1629 1124 Τὸ
1663 1072 1771 1143 γάρ

231 1155 466 1209 ἀδύνατον
514 1156 604 1208 τοῦ
652 1157 859 1226 νόμου,
910 1161 967 1210 ἐν
1011 1153 1056 1228 ᾧ
1088 1160 1304 1229 ἠσθένει
1349 1161 1436 1214 διὰ
1483 1161 1582 1230 τῆς
1640 1177 1772 1232 σαρ-

231 1246 331 1311 κὸς,
366 1248 392 1298 ό
429 1246 556 1310 Θεὸς
586 1248 679 1300 τὸν
706 1248 901 1302 ἑαυτοῦ
947 1250 1072 1303 Υῖὸν
1102 1251 1323 1321 πέμψας
1375 1253 1433 1304 ἐν
1462 1252 1767 1324 ὁμοιώματι

231 1337 409 1406 σαρκὸς
438 1337 729 1407 ἁμαρτίας,
760 1338 851 1392 καὶ
909 1341 1037 1412 περὶ⁵
1069 1342 1342 1413 ἁμαρτίας
1381 1344 1447 1408 ³³,
1479 1344 1767 1415 κατέκρινε

228 1428 313 1497 τὴν
350 1427 614 1497 ἁμαρτίαν
658 1429 717 1482 ἐν
753 1432 818 1501 τῇ
847 1433 1028 1502 σαρκὶ,
1070 1433 1156 1487 ἵνα
1181 1433 1240 1486 τὸ
1266 1432 1543 1505 δικαίωμα
1559 1435 1654 1488 τοῦ
1684 1437 1768 1489 νό-

230 1537 319 1589 μου
349 1520 599 1592 πληρωθῇ
626 1523 683 1574 ἐν
732 1524 861 1593 ἡμῖν
889 1526 1002 1588 τοῖς
1031 1523 1105 1596 μὴ
1132 1527 1272 1579 κατὰ
1300 1526 1477 1598 σάρκα
1531 1543 1765 1599 περιπα-

225 1612 406 1675 τοῦσιν,
427 1612 557 1667 άλλὰ
580 1612 723 1666 κατὰ
743 1615 987 1684 Πνεῦμα.
1026 1635 1043 1667 ι
1080 1616 1189 1669 Καὶ
1219 1617 1444 1688 ἑτέρωθι
1464 1634 1508 1670 ἰ
1541 1627 1767 1672 Δικαιω-

227 1706 387 1767 θέντες
413 1700 500 1759 οῦν
531 1706 595 1759 ἐκ
640 1706 875 1770 πίστεως
924 1709 1147 1779 εἰρήνην
1189 1708 1400 1780 ἔχωμεν
1430 1712 1474 1742 ³³
1511 1712 1647 1783 πρὸς
1674 1713 1765 1766 τὸν

224 1793 338 1847 θεὸν
367 1794 449 1847 διὰ
492 1794 585 1848 τοῦ
631 1795 834 1868 Κυρίου
885 1778 1041 1867 ἡμῶν
1088 1778 1260 1869 Ἰησοῦ
1306 1778 1618 1872 Χριστοῦ.»
1652 1804 1762 1857 Καὶ
1800 1778 1838 1832 Β

225 1887 290 1956 τῷ
316 1886 490 1957 Πέτρῳ
534 1885 592 1939 δὲ
650 1890 1113 1962 σχηματισαμένῳ
1153 1891 1249 1963 τὴν
1274 1891 1370 1945 τοῦ
1400 1893 1564 1964 νόμου
1596 1895 1760 1966 φυλα-

225 1976 331 2047 κὴν,
369 1979 452 2032 διὰ
492 1977 590 2048 τὴν
633 1979 742 2033 τῶν
791 1980 1049 2052 μαθητῶν
1096 1983 1402 2049 ἀσθένειαν,
1450 1984 1760 2056 ἔμπροσθεν

224 2070 415 2122 πάντων
469 2068 608 2141 ἔφη’
652 2089 671 2123 ι
736 2071 799 2123 Εἰ
865 2072 951 2140 σὺ,
997 2073 1245 2138 Ἰουδαῖος
1290 2073 1363 2129 ὢν
1406 2075 1473 2143 ³³,
1531 2077 1763 2141 ἐθνικῶς

223 2159 325 2231 ζῇς,
387 2161 475 2214 καὶ
519 2162 623 2216 οὐκ
682 2162 1022 2231 Ἰουδαϊκῶς,
1061 2164 1115 2219 τι
1161 2167 1231 2220 τὰ
1269 2167 1395 2238 ἔθνη
1434 2168 1762 2237 ἀναγκάζεις

233 2252 546 2320 Ἰουδαῖζειν;
612 2274 634 2308 ι
690 2252 822 2310 Εἶτα
880 2258 1125 2325 ἐπάγει·
1177 2277 1197 2310 t
1274 2259 1463 2329 Ἡμεῖς
1512 2261 1669 2329 φύσει
1715 2264 1761 2295 ³⁵

231 2345 474 2414 Ἰουδαῖοι,
519 2348 616 2401 καὶ
646 2349 746 2402 οὐκ
796 2349 855 2417 ἐξ
897 2351 1065 2405 ἐθνῶν
1103 2351 1435 2422 ἁμαρτωλοί.
1472 2355 1689 2418 Ειδότες
1713 2356 1761 2387 ³⁸

219 2433 266 2485 δὲ
296 2434 368 2486 ὅτι
397 2436 452 2488 οὑ
478 2435 784 2491 δικαιοῦται
805 2438 1087 2511 ἄνθρωπος
1115 2439 1174 2507 ἐξ
1200 2440 1376 2510 ἔργων
1405 2443 1592 2513 νόμου,
1624 2443 1760 2499 ἀλλὰ

218 2522 275 2578 δι’
318 2525 474 2596 ἀκοῆς
528 2527 790 2593 πίστεως,
828 2531 920 2583 καὶ
956 2533 1116 2602 ἡμεῖς
1148 2534 1226 2595 εἰς
1273 2533 1478 2602 Ἰησοῦν
1528 2536 1761 2606 Χριστὸν

219 2618 610 2689 ἐπιστεύσαμεν,
642 2621 728 2676 ἵνα
756 2624 819 2674 ἐκ
858 2623 1091 2687 πίστεως
1120 2624 1516 2694 δικαιωθῶμεν.
1556 2645 1574 2676 ι
1607 2626 1763 2681 Οὕτω

219 2707 435 2772 Γαλάτας
464 2713 872 2784 περιτμηθῆναι
923 2714 1059 2784 μετὰ
1104 2715 1201 2784 τὴν
1234 2715 1417 2769 πίστιν
1458 2716 1764 2787 ἀνασχομέ-

221 2818 325 2865 νους
354 2803 647 2870 ἀνοήτους
676 2806 960 2860 ἀποκαλεῖ.
1005 2808 1112 2861 Καὶ
1144 2809 1523 2879 Φιλιππησιοις
1562 2809 1616 2862 δὲ
1646 2812 1764 2863 ἐπι-

220 2893 456 2961 στέλλων,
498 2899 594 2950 καὶ
647 2897 755 2951 τῶν
802 2898 973 2952 ταῦτα
1021 2900 1377 2953 διδασκόντων
1418 2902 1761 2972 κατηγορῶν,

218 2983 378 3052 κύνας
402 2988 701 3059 ἀποκαλεῖ,
736 2988 929 3054 λέγων·
971 3009 989 3041 t
1009 2991 1239 3045 Βλέπετε
1266 2995 1392 3056 τοὺς
1420 2992 1612 3060 κύνας,
1643 2993 1758 3064 βλέ-

218 3091 328 3129 πετε
356 3080 474 3143 τοὺς
501 3083 707 3145 κακοὺς
740 3083 997 3153 ἐργάτας,
1030 3084 1253 3154 βλέπετε
1283 3084 1378 3155 τὴν
1410 3088 1724 3157 κατατομήν
1744 3100 1758 3115 ’

1880 530 2104 598 trinam,
2133 546 2302 601 quam
2358 530 2573 586 Calatis
2602 533 2854 602 protulit,
2901 534 3092 588 dicens
3127 551 3139 586 :
3177 552 3196 584 ί
3248 533 3350 598 Qui
3391 534 3447 587 in

1876 625 1995 693 lege
2010 624 2621 695 justiﬁeamini,gratia
2653 624 3007 679 excidistisﬂ.
3051 644 3067 677 ι
3105 627 3169 679 Ει
3202 642 3395 680 rursus
3430 645 3444 679 :

1880 732 1900 766 ι
1936 713 2230 785 Propterea
2252 717 2398 786 quod
2431 717 2697 786 operibus
2723 717 2859 785 legis
2899 730 3010 770 non
3044 708 3447 784 justiiicabilur

1874 808 2055 862 omnis
2085 823 2238 872 caro,
2275 809 2368 863 sed
2397 824 2494 878 per
2532 809 2691 863 iidem
2716 807 2846 863 Jesu
2872 808 3078 864 Christi
3104 808 3153 861 δ.
3181 826 3305 861 »-ι
3334 809 3445 862 Lex

1873 898 2023 953 enim
2082 899 2220 953 iram
2269 910 2551 968 operatur.
2615 900 2717 955 Ubi
2778 900 2923 953 enim
2967 913 3075 953 non
3110 909 3193 953 est
3232 899 3338 959 lex.
3369 900 3443 953 ibi

1873 1003 2091 1058 quoque
2113 1005 2223 1042 non
2244 998 2329 1043 est
2371 990 2748 1059 praevaricatio
2776 1000 2821 1044 ε.
2854 1008 2874 1041 ι
2921 990 3161 1059 Itemque
3192 1007 3205 1043 :
3247 1008 3266 1041 ι
3308 989 3442 1043 Nam

1871 1080 2018 1149 quod
2049 1080 2392 1149 impossibile
2436 1090 2555 1135 erat
2611 1081 2747 1150 legi,
2790 1081 2845 1135 in
2902 1095 3014 1151 quo
3060 1080 3444 1134 inﬁrmabalur

1872 1187 1970 1241 per
2001 1187 2249 1237 carnem,
2271 1170 2416 1227 Deus
2438 1172 2638 1227 Filium
2666 1188 2828 1229 suum
2844 1174 3069 1227 mittens
3091 1172 3144 1225 in
3184 1172 3444 1226 similitu-

1869 1263 1998 1318 dine
2017 1265 2202 1318 carnis
2227 1265 2463 1332 peccati,
2502 1272 2557 1318 et
2587 1280 2685 1334 pro
2730 1275 2979 1335 peccato,
3014 1264 3294 1317 damnmit
3319 1279 3444 1330 pec-

1869 1361 2053 1408 catum
2079 1354 2134 1408 in
2161 1370 2349 1419 carne,
2387 1366 2445 1408 ut
2477 1354 2804 1425 jttstiﬁcatio
2845 1355 2982 1424 legis
3024 1354 3343 1422 impleretur
3387 1353 3440 1406 in

1869 1443 2051 1509 nobis,
2091 1446 2186 1515 qui
2222 1461 2328 1498 non
2362 1445 2666 1500 secundum
2691 1460 2915 1499 carnem
2950 1444 3315 1502 ambulamus,
3346 1445 3439 1495 sed

1869 1537 2172 1591 secundum
2206 1536 2535 1607 Spiritumd.
2575 1555 2593 1588 ι
2626 1536 2692 1589 Ει
2732 1537 2838 1590 alio
2874 1537 2993 1590 loco
3029 1554 3042 1590 :
3085 1554 3104 1587 ι
3146 1535 3439 1590 Justilicati

1869 1630 2039 1699 igitur
2064 1643 2130 1683 ex
2171 1626 2276 1681 [ide
2324 1642 2514 1697 pacem
2562 1627 2861 1681 habeamus
2908 1625 3051 1694 apud
3106 1624 3296 1687 Deum,
3347 1641 3442 1694 per

1868 1722 2159 1777 Dominum
2189 1729 2439 1774 nostrum
2474 1717 2664 1774 Iesum
2710 1719 2992 1774 Christum
3015 1729 3060 1773 ο,
3109 1734 3131 1770 ι
3157 1717 3219 1771 Ει
3254 1718 3438 1779 Petro,

1867 1815 1961 1886 qui
1993 1815 2128 1884 legis
2173 1812 2619 1868 observationem
2667 1812 3048 1875 simulaverat,
3084 1819 3307 1880 propter
3351 1811 3441 1862 di-

1866 1907 2207 1976 scipulorum
2241 1903 2693 1965 imbecillitatem,
2724 1918 2908 1957 coram
2957 1903 3216 1956 omnibus
3248 1902 3385 1956 dixit
3422 1919 3437 1954 :

1870 2015 1889 2049 ι
1929 1995 1986 2051 Si
2027 2004 2109 2060 tu,
2144 2010 2269 2049 cum
2291 1992 2515 2048 Iudaeus
2547 1993 2649 2054 sis,
2677 1992 2971 2063 gentilium
2995 1992 3157 2046 modo
3192 1993 3353 2050 vivis.
3387 2001 3441 2045 et

1865 2104 1977 2146 non
2003 2086 2259 2150 Judaice,
2295 2083 2570 2155 quomodo
2599 2091 2793 2152 gentes
2817 2083 2973 2152 cogis
2998 2080 3291 2136 Judaizare
3313 2082 3331 2120 ί
3354 2084 3377 2134 ?
3415 2104 3434 2132 ι

1865 2178 2072 2235 Deinde
2124 2178 2396 2247 subiicit:
2441 2194 2459 2227 ι
2496 2174 2611 2229 Nos
2669 2183 2867 2229 natura
2913 2173 3122 2244 1047
3162 2174 3355 2234 Judaei,
3389 2184 3443 2227 rt

1864 2288 1972 2329 non
2005 2287 2071 2328 ex
2106 2271 2362 2342 gentibus
2394 2275 2737 2340 peccatores.
2794 2266 3043 2321 Scientes
3087 2275 3267 2319 autem
3330 2281 3440 2319 non

1859 2363 2154 2435 iustiﬁcari
2184 2361 2465 2418 hominem
2501 2375 2570 2415 ex
2605 2360 2867 2430 operibus
2891 2358 3048 2427 legis,
3076 2358 3169 2412 sed
3208 2372 3305 2426 per
3343 2372 3440 2410 au-

1863 2459 2038 2512 ditum
2070 2457 2216 2521 ﬁdei,
2248 2463 2303 2511 et
2332 2469 2433 2509 nos
2459 2455 2515 2507 in
2547 2451 2731 2507 Jesuni
2754 2451 3034 2506 Christum
3081 2451 3436 2513 credidimus,

1865 2558 1923 2604 ut
1959 2566 2020 2605 ex
2065 2548 2170 2602 ﬁde
2192 2549 2566 2618 justiticemur
2585 2548 2630 2600 ⁸.
2663 2563 2682 2595 ι
2722 2543 2799 2597 lla
2837 2543 3095 2609 Galatas,
3130 2544 3220 2612 qui
3270 2544 3440 2599 susti-

1863 2648 2099 2695 nuerant
2132 2646 2255 2708 post
2283 2638 2442 2692 [idem
2481 2635 2834 2699 circumcidi,
2883 2651 3039 2688 sensu
3076 2644 3314 2687 carentes
3345 2649 3438 2687 ro-

1865 2743 1950 2788 cat
1971 2733 2023 2794 h,
2050 2739 2105 2785 et
2140 2731 2207 2784 ad
2228 2728 2609 2798 Philippenses
2639 2727 2907 2784 scribens.
2940 2740 3148 2795 eosque
3170 2740 3439 2780 accusans

1865 2824 1956 2892 qui
2016 2821 2133 2875 haec
2180 2820 2470 2882 docerent,
2530 2832 2686 2871 canes
2742 2815 2979 2885 appellat
3028 2829 3145 2876 eos,
3197 2814 3433 2866 dicens:

1871 2935 1889 2967 ι
1926 2914 2121 2969 Videte
2160 2928 2365 2976 canes,
2425 2911 2605 2964 videte
2664 2905 3452 2974 malosoperarios,viiletecir-

1854 3006 2263 3061 cumcisionem.
2298 3002 2409 3057 Nos
2437 3002 2584 3056 enim
2618 3013 2808 3054 sumus
2834 2996 3209 3059 circumcisio,
3235 2997 3327 3064 qui
3383 2995 3438 3048 in

1867 3098 2064 3168 spiritu
2121 3097 2393 3152 servimus
2440 3092 2583 3156 Deo,
2618 3100 2670 3145 et
2706 3105 2817 3145 non
2859 3089 2911 3143 in
2965 3103 3132 3143 carne
3183 3086 3438 3140 fiduciam

217 3170 353 3238 ἡμεῖς
391 3170 493 3242 γάρ
526 3173 699 3243 ἐσμεν
746 3176 780 3244 ὴ
829 3177 1123 3247 περιτομὴ,
1174 3178 1223 3228 οἱ
1265 3177 1536 3246 πνεύματι
1575 3177 1761 3248 Θεῴίτ

1870 3189 2200 3244 habentesi.
2246 3205 2264 3237 ι
2301 3185 2365 3239 Ει
2405 3202 2472 3241 ne
2496 3188 2623 3254 quis
2674 3183 2855 3252 ipsum
2904 3180 3224 3249 opinaretur
3273 3177 3441 3245 Spiri~

215 3258 558 3331 λατρεύοντες,
597 3265 696 3318 καὶ
722 3263 767 3295 ³⁸
803 3267 902 3319 οὐκ
930 3267 988 3320 ἐν
1025 3268 1187 3339 σαρκὶ
1217 3270 1556 3333 πεποιθότες.
1597 3289 1615 3321 ι
1654 3272 1765 3324 Καὶ

216 3346 278 3410 ὡς
307 3349 366 3402 ἂν
408 3353 562 3422 μήτις
595 3355 762 3409 αὑτὸν
788 3356 1044 3412 ὑπολάϐοι
1092 3363 1204 3424 τοῖς
1236 3367 1624 3432 πνευματικοῖς
1661 3366 1762 3418 ἐπ-

214 3439 509 3508 ερεὲδεσθαι,
562 3444 645 3507 ὡς
688 3446 1017 3515 ἀμοιροῦντα
1052 3449 1158 3502 τῶν
1210 3453 1510 3522 σαρκικῶν,
1541 3455 1763 3519 εἰκότως

214 3529 468 3601 ἐπήγαγε·
511 3555 528 3586 ι
567 3538 793 3608 Καίπερ
815 3540 858 3570 ³³
890 3540 1000 3608 ἐγὼ
1041 3543 1179 3613 έχων
1227 3546 1548 3615 πεποίθησιν
1577 3549 1671 3600 καὶ
1707 3550 1764 3600 ἐν

215 3625 376 3692 σαρκί.
421 3626 488 3678 Εἴ
525 3644 615 3691 τις
663 3629 809 3682 δοκεῖ
840 3631 994 3696 ἄλλος
1042 3635 1358 3690 πεποιθέναι
1386 3637 1429 3668 ³⁰
1462 3640 1516 3690 ἐν
1576 3640 1760 3709 σαρκὶ,

214 3712 309 3779 ἐγὼ
347 3716 560 3784 μᾶλλον.
606 3738 627 3772 ι
684 3722 790 3774 Καὶ
832 3723 1096 3794 διηγεῖται
1134 3728 1201 3778 τὰ
1245 3728 1510 3782 Ἰουδαίων
1553 3732 1759 3800 σεμνόν

218 3822 233 3852 ί
270 3805 592 3880 Περιτομῆ³¹
634 3812 994 3884 ὀκταήμερος.
1028 3836 1044 3866 ι
1081 3818 1237 3871 Κατὰ
1264 3820 1445 3890 νόμον,
1485 3825 1637 3893 φησὶ,
1665 3824 1765 3894 τὴν

211 3902 488 3972 περιτομὴν
506 3905 803 3974 ἐδεξάμην.
834 3909 944 3960 Καὶ
973 3909 1158 3981 ἐπειδὴ
1190 3911 1493 3981 συνέϐαινε,
1526 3915 1763 3979 καὶτοὺς

209 3989 303 4041 τῶν
338 3994 689 4065 προσηλύτων
725 3998 859 4060 υἱεῖς
889 4000 1027 4053 κατὰ
1058 4000 1245 4057 τοῦτον
1283 4004 1389 4057 τῶν
1419 4006 1641 4077 ἡμερῶν
1676 4007 1765 4061 τὸν

209 4079 419 4152 ἀριθμὸν
445 4089 893 4157 περιτέμνεσθαι,
919 4093 1231 4161 ἀναγκαίως
1254 4096 1532 4166 ἐπήγαγεν
1558 4116 1570 4128 ·
1609 4118 1627 4150 ι
1673 4100 1766 4152 Ἐκ

210 4172 502 4243 σπέρματος
524 4179 566 4209 ³³
633 4179 865 4251 Ἰσραήλ.
902 4200 919 4232 ι
965 4184 1074 4236 Καὶ
1116 4185 1214 4237 οὐκ
1257 4187 1508 4256 ἀρκεῖται
1559 4191 1624 4257 τῇ
1671 4188 1763 4241 τοῦ

209 4266 529 4338 πατριάρχου
580 4275 926 4345 προσηγορίᾳ
976 4274 1112 4328 ἀλλὰ
1156 4277 1251 4329 καὶ
1288 4278 1389 4347 τῆς
1436 4279 1608 4348 φυλῆς
1633 4280 1677 4310 ³³
1705 4280 1766 4332 τὸ

206 4349 360 4424 ὄνομα
406 4359 575 4429 λέγει,
633 4363 845 4429 δεικνὺς
876 4367 936 4418 τὸ
977 4369 1268 4438 ἐπίσημον,
1317 4387 1334 4418 ι
1374 4370 1545 4439 φυλῆς
1584 4371 1766 4425 Βενια-

1868 3280 2112 3335 tualibus
2164 3279 2347 3340 inniti,
2384 3287 2644 3347 tanquam
2695 3289 2882 3329 eorum
2917 3288 3039 3343 quae
3082 3273 3266 3326 carnis
3311 3281 3440 3325 sunt

1866 3380 2165 3440 expertem,
2215 3369 2410 3423 merito
2452 3366 2728 3435 subjecit:
2766 3382 2785 3415 ι
2843 3362 3166 3432 Quanquam
3205 3377 3307 3432 ego
3340 3361 3437 3413 ba-

1868 3466 2021 3518 beam
2045 3461 2299 3516 iiduciam
2319 3470 2375 3514 ct
2392 3460 2447 3512 in
2468 3471 2658 3512 carne.
2687 3457 2743 3510 Si
2766 3457 2891 3525 quis
2911 3456 3052 3509 alius
3071 3453 3284 3507 videtur
3309 3466 3440 3503 con-

1869 3545 2036 3608 lidere
2063 3555 2115 3606 in
2134 3567 2324 3614 carne,
2349 3566 2450 3620 ego
2490 3550 2666 3618 magis
2688 3548 2700 3598 i
2719 3588 2731 3601 .
2756 3567 2773 3599 ι
2804 3547 3114 3615 Narratque
3145 3560 3207 3599 ea
3235 3545 3438 3613 quibus

1866 3644 2041 3699 ,ιιιὰαή
2068 3644 2447 3715 gloriabantur
2482 3662 2494 3695 :
2531 3661 2548 3692 ι
2581 3641 2787 3695 Octavo
2814 3641 2905 3694 die
2947 3637 3310 3693 circumcisus
3329 3637 3377 3688 ιι.
3415 3656 3433 3687 ι

1870 3736 2182 3791 Secundum
2250 3736 2444 3804 legem,
2498 3732 2696 3801 inquit,
2742 3730 3109 3784 circumcisus
3162 3742 3307 3780 sum.
3374 3726 3439 3779 lit

1867 3829 1996 3898 quia
2022 3826 2247 3891 accidit,
2273 3834 2329 3878 ut
2358 3825 2761 3894 proselytorum
2783 3835 3000 3891 quoque
3018 3820 3113 3873 lilii
3133 3818 3436 3874 secundum

1866 3921 2017 3974 hunc
2040 3919 2253 3973 dierum
2285 3931 2574 3972 numerum
2604 3911 3156 3976 circumciderentur,
3185 3926 3441 3965 necessa-

1867 4014 1949 4067 rio
1970 4012 2192 4081 adjecit,
2233 4028 2250 4059 ι
2292 4023 2357 4064 ex
2390 4008 2597 4062 semine
2619 4006 2860 4061 lsraelis.
2893 4023 2911 4056 ι
2940 4003 3126 4072 Neque
3152 4009 3442 4056 CODlCllll.3

1869 4105 2193 4176 patriarcha
2228 4101 2609 4172 appellatione,
2641 4099 2821 4152 tribus
2851 4110 3070 4165 quoque
3096 4108 3292 4147 nomen
3326 4108 3442 4144 IIIC-

1868 4205 2068 4261 morat,
2122 4195 2468 4249 nobilitatem
2504 4189 2822 4254 ostendens,
2861 4207 2879 4238 ι
2921 4187 2988 4241 de
3035 4186 3178 4239 tribu
3240 4183 3441 4249 Bonifa-

1868 4288 2001 4341 min.
2032 4305 2051 4337 ι
2086 4286 2129 4338 Α
2172 4282 2408 4338 Racliele
2466 4281 2612 4335 enim
2678 4278 2893 4348 1048
2943 4276 3180 4337 dilecta,
3236 4272 3436 4340 inquit,

1869 4394 1989 4432 sum
2017 4375 2307 4429 oriundus.
2343 4371 2461 4425 Non
2494 4373 2641 4425 enim
2683 4371 2859 4424 solum
2907 4384 2973 4421 ex
3029 4367 3095 4421 iis
3137 4380 3243 4418 non
3292 4379 3438 4421 sum,

208 4443 306 4513 μίν·
343 4467 362 4500 ³
538 4456 640 4524 τῆς
661 4455 706 4487 ³⁵
742 4456 942 4528 Ῥαχὴλ
971 4458 1102 4529 γὰρ,
1141 4461 1297 4531 φησι,
1328 4461 1427 4530 τῆς
1459 4464 1761 4533 ἀγαπωμέ-

1870 4470 1959 4538 qui
1993 4475 2124 4521 sunt
2155 4465 2461 4524 semiservi,
2500 4463 2594 4517 scd
2627 4462 2791 4515 etiam
2837 4458 3027 4512 liberis
3070 4464 3288 4525 prtesto,
3320 4463 3442 4507 tau-

205 4552 291 4606 νης
323 4546 544 4613 κατάγω
593 4548 651 4600 τὸ
699 4548 872 4616 γένος.
902 4552 974 4604 Οὐ
1021 4553 1116 4623 γάρ
1158 4554 1315 4622 μόνον
1360 4555 1460 4607 οὐκ
1507 4556 1625 4625 εἰμὶ
1653 4556 1760 4609 τῶν

205 4628 517 4704 ἡμιδοὺὶων,
545 4640 684 4695 ἀλλά
716 4643 811 4696 καὶ
841 4645 975 4714 πρὸς
1003 4648 1128 4709 τοὺς
1161 4645 1481 4717 ἐλευθέρους
1516 4647 1622 4717 ἔχω
1650 4649 1761 4702 δια-

177 4780 226 4865 ’ί
271 4799 423 4850 1lsa.
461 4814 613 4861 xxxx,
648 4799 741 4853 20.
820 4813 844 4840 δ
882 4800 1057 4855 Galat.
1113 4820 1165 4865 ν,
1196 4803 1248 4855 ιι.

1355 4805 1382 4844 ι)
1409 4803 1580 4859 Galat.
1615 4822 1683 4868 ll,
1712 4806 1798 4864 16-

210 4864 407 4921 ῖϐυιιιι
458 4887 533 4934 ιι,
578 4870 665 4923 ιι.
747 4874 772 4912 ε
807 4872 933 4925 ibid.
974 4864 1171 4937 15,16.
1248 4874 1274 4912 ιι
1317 4874 1495 4929 Galat.
1531 4890 1608 4934 ιιι,
1656 4864 1789 4940 ι’,5.

1869 4575 2030 4627 quam
2058 4573 2123 4612 cx
2157 4572 2218 4609 ca
2273 4571 2393 4623 qua:
2452 4554 2602 4623 prius
2656 4553 2987 4620 desponsata
3035 4547 3136 4601 fuit
3183 4556 3236 4599 et
3288 4547 3443 4599 valde

1870 4651 2093 4710 dilecta,
2132 4647 2423 4701 oriundus.
2455 4645 2517 4699 Et
2545 4644 2673 4697 hinc
2699 4642 2765 4696 ad
2798 4640 3164 4709 antiquiorem
3212 4638 3439 4705 stirpem

1879 4817 1899 4844 ο
1942 4807 2098 4859 Rom.
2136 4817 2210 4865 IV,
2250 4801 2336 4855 1E5.
2414 4799 2439 4837 (³
2469 4799 2621 4852 llom.
2653 4813 2770 4855 vm.
2808 4798 2859 4854 3,
2896 4796 2950 4865 4.
3032 4794 3240 4865 ellum.
3279 4809 3340 4857 ν,
3389 4795 3438 4847 ι.

1872 4863 2450 4945 ιριιιιιρρ.ιιι,ιι,5.
2532 4868 2796 4923 iihid.4.
2876 4863 3152 4920 kibid.5.

1466 5027 1706 5082 VAlliZE
1751 5026 2153 5082 LECTIONES.

272 5181 309 5211 ³³
346 5180 810 5253 διότι-Χριστοῦ.
847 5184 967 5237 llzcc
999 5200 1218 5238 sensum
1250 5184 1353 5238 loci
1382 5184 1500 5246 cit.,
1543 5200 1649 5237 non
1680 5185 1840 5236 verba
1874 5184 2205 5251 eVprimunt.
2286 5180 2489 5253 "__za‘._
2515 5197 2572 5230 π.
2606 5179 2702 5253 ἀμ.
2739 5175 3040 5253 Βρεηίιι-Β.
3120 5176 3165 5207 ³³
3202 5174 3437 5253 ἔχωμεν.

203 5249 276 5322 l_ta
304 5267 520 5320 quoque
549 5247 720 5317 ini'ra,
754 5262 885 5308 tom.
920 5253 1007 5317 lli,
1039 5256 1156 5308 loco
1185 5255 1301 5315 cit.,
1334 5256 1548 5322 legitur.
1587 5254 1691 5306 Alii
1729 5255 1925 5308 habent
1949 5247 2176 5322 ἔχομεν.
2255 5256 2300 5284 ³⁸
2342 5250 2436 5303 ὥν.
2472 5247 2732 5322 Locottit.
2761 5257 2846 5302 est
2870 5247 3153 5322 ὑπάρχων.
3221 5247 3441 5322 fictis.

203 5317 374 5374 Editio
407 5317 558 5391 prior
584 5324 814 5377 habebat
848 5325 1028 5394 φησίν.

204 5404 315 5440 can.
347 5406 405 5440 ll.
518 5393 562 5425 ⁸⁷
603 5392 642 5440 Β
668 5393 822 5440 Θεοῦ-
860 5396 930 5440 Ila
964 5410 1028 5440 (ιιι

221 5405 315 5456 :ap.
346 5406 405 5444 ιι.

1109 5325 1152 5354 ³⁸
1189 5316 1484 5392 εἰδότεξέα
1508 5323 1904 5392 δικαιωθῶμεν.
1963 5316 2110 5376 Alias
2141 5323 2409 5376 lectiones
2458 5318 2803 5392 y'_ide__iufra,
2851 5327 2985 5392 tum.
3021 5316 3116 5392 |_l|,
3155 5316 3236 5392 ad
3267 5316 3441 5369 Galat.

518 5393 562 5463 ³³
603 5392 642 5443 Β
668 5393 823 5448 Θεοῦ.
860 5385 933 5447 ita
964 5410 1181 5463 quoque
1222 5396 1359 5462 apud
1390 5391 1669 5463 Nostrum
1698 5385 1798 5462 leg:
1847 5392 2009 5455 infra,
2033 5393 2098 5463 gl.
2136 5394 2253 5463 cit.,
2289 5402 2423 5444 tom.
2456 5389 2544 5463 Ill.
2595 5389 2852 5463 Eamdem
2883 5385 2938 5463 h_.
2974 5388 3007 5440 I.
3038 5386 3350 5463 lectionem,
3386 5393 3443 5462 In}

202 5452 428 5532 uidetur,
466 5462 656 5532 habuit
688 5465 823 5517 liber
852 5465 956 5518 iste
980 5452 1271 5532 ἷιιιοίιειιε⁵
1298 5471 1386 5532 est
1407 5452 1777 5532 Wetstenius;
1805 5462 1849 5494 ³⁸
1871 5452 2004 5515 καί.⁷
2030 5461 2151 5532 Des.
2188 5452 2288 5514 hoc
2322 5463 2441 5515 loco
2475 5456 3097 5532 ista,_zai_zauxtbpey0t
3131 5457 3187 5506 ἐν
3224 5452 3444 5520 Χριστῴ

212 5527 393 5596 Ἰησοῦ.
474 5532 518 5562 ³³
559 5531 606 5582 Β
631 5533 826 5586 καίτοι.

905 5535 946 5564 ³ο
986 5528 1039 5597 εἴ
1061 5551 1143 5594 τις
1168 5533 1314 5585 δοκεῖ
1342 5531 1456 5603 ἄλλ.
1482 5549 1611 5584 πεπ.
1640 5532 1679 5582 Β
1707 5529 1989 5603 εἷτα-κατά
2024 5531 2325 5603 σύγκρισιν·
2362 5531 2416 5584 εἴ
2445 5546 2526 5592 τις
2554 5528 2833 5581 πέποιθεν.

2912 5527 3071 5579 einde
3098 5537 3193 5591 per
3221 5535 3444 5588 compa-

193 5591 464 5674 rationem,
500 5599 555 5653 Si
597 5603 750 5672 quis,
790 5591 1337 5674 iuquit,coniiderct.
1419 5602 1457 5674 3f
1501 5605 1790 5674 περιτομῇ.
1832 5601 1998 5674 Sirm.
2027 5591 2315 5674 περιτομή,
2349 5591 2541 5669 sicque
2576 5598 2738 5674 intra,
2770 5591 3306 5674 torui.Jll,lqco.cit.,
3338 5591 3444 5672 leg.

324 5659 542 5750 praestat
589 5659 748 5750 lectio
772 5659 1058 5750 περιτομῇ.
1123 5674 1165 5706 ³²
1191 5674 1391 5750 σπέρμ.
1431 5659 1851 5750 ιιιῖιτιὲιΙηὸΪςει
1886 5659 2423 5750 γένους,Ῑιιξιιιίιέε.

2472 5671 2596 5722 lcct.
2694 5666 2738 5697 ³³
2757 5665 2878 5732 φυλ.
2908 5665 2948 5714 Β
2987 5661 3140 5732 addit
3166 5659 3442 5732 Βενιαμξν,

205 5737 292 5792 sed
319 5722 535 5807 iuncus
562 5741 768 5798 additis
804 5722 1087 5814 prasina
1117 5722 1505 5798 coita-usus;
1579 5722 1619 5774 ἐτι
1665 5722 1730 5794 ἐκ
1751 5722 1863 5812 an}.
1985 5722 2516 5798 excidium-1d.
2553 5736 2709 5801 infra,
2740 5722 2868 5787 nitu.
2905 5732 2992 5795 ιιι,
3027 5729 3092 5783 ad
3129 5729 3304 5784 locum
3332 5722 3433 5782 ὐῖίο
