3860 6206
432 287 564 354 1251
1418 285 1896 346 THEODORET]
1929 275 2264 344 EPISCOPI
2291 281 2653 343 CYRENSIS
3527 279 3647 346 1252

390 447 394 449 .
433 395 777 468 progreditur
810 413 823 450 :
853 415 871 447 ι
899 393 1164 450 Hebraeus
1195 408 1262 449 ex
1285 391 1583 451 Hebraeis.»
1613 392 1829 449 Hebraei
1854 409 1914 449 en

2118 391 2296 462 ρορὰν,
2333 391 2409 456 ὼς
2433 392 2499 444 ἐκ
2523 391 2628 460 τῆς
2659 388 3205 462 προμνηστευθείσης
3236 391 3333 444 καὶ
3358 391 3495 459 άγαν
3525 395 3642 464 ἁγα-

430 491 500 544 ab
534 490 746 545 llebero
776 487 1031 558 appellati
1060 493 1214 543 sunt.
1247 485 1391 551 Quin
1457 487 1621 542 etiam
1674 487 1952 542 honestiss

2127 482 2370 554 ιηθείσης
2405 481 2733 552 βλαστήσας.
2775 479 3055 533 Ἐντεῦθεν
3081 480 3173 532 ἐπὶ
3193 479 3293 549 τὴν
3317 483 3651 556 ἀρχαιοτέραν

432 599 531 636 ιιιίιε
563 589 742 644 sectae,
767 580 966 650 inquit,
998 577 1106 633 fui:
1133 578 1462 633 tsecundum
1487 577 1660 648 legem
1684 577 1828 632 etiim
1860 576 1956 630 Ph:

2125 572 2386 627 ίναϐαίνει
2447 572 2602 643 ῥίζαν
2657 572 2757 636 τὸ,
2818 591 2837 622 ι
2899 570 3150 642 Ἐϐραῖος
3199 571 3258 638 ἐξ
3326 573 3599 644 Ἐϐραίων.
3632 597 3649 629 ι

431 674 688 732 ι-ἰδαειιει.
723 672 951 744 »Νοιιιιε
994 673 1173 729 solum
1230 688 1435 728 nomen
1485 671 1702 742 pietatis
1748 667 1955 723 obtinui

2131 663 2358 736 Εόραῖοι
2387 663 2497 735 γὰρ
2520 665 2584 718 ἐκ
2609 663 2702 717 τοῦ
2738 663 2896 736 Ἐσέρ
2930 663 3472 734 προσηγορεύθησαν.
3513 669 3655 722 Ἀλλὰ

431 768 524 822 sed
547 767 712 821 etiam
741 781 802 820 re
847 765 1034 822 ornari
1085 764 1256 820 alacri
1282 764 1468 818 animo
1499 763 1784 820 studebam
1812 779 1825 816 :
1859 779 1876 812 ι
1909 759 1955 814 Si

2132 757 2212 810 mi
2253 758 2538 828 αἱρέσεως,
2595 756 2757 828 φησὶ,
2806 755 3104 827 καλλίστης
3150 757 3454 829 ἐγενόμην,
3494 763 3656 816 «κατὰ

429 859 669 913 cundum
727 857 902 913 zelum
953 858 1098 914 enim
1138 872 1518 928 persequens,
1570 855 1773 925 inquit,
1824 852 1952 907 Eccl

2133 854 2269 923 ,ὁμον
2299 852 2408 921 γάρ
2453 851 2764 921 Φαρισαῖος,
2807 867 2826 899 ›
2871 847 2989 902 Οὐκ
3038 847 3207 918 δνομα
3237 849 3295 901 δὲ
3337 849 3494 920 μόνον
3533 849 3657 923 είχον

430 948 645 1002 siam“.
676 966 695 999 ι
733 946 810 1001 lta
839 947 1126 1012 omnibus,
1159 948 1229 1001 de
1263 946 1464 1016 quibus
1489 943 1832 1016 gloriandum
1867 941 1954 996 vid

2139 944 2410 1008 ύσεϐείας,
2450 942 2586 996 ἀλλὰ
2615 941 2706 994 καὶ
2735 940 2814 1012 τῷ
2844 941 3129 1011 πράγματι
3155 941 3478 1011 κοσμεῖσθαι
3510 948 3658 1016 πρού-

429 1038 922 1103 retur,.enarratis,
960 1037 1204 1108 adjecit:
1247 1057 1265 1090 ι
1297 1036 1404 1093 Sed
1436 1054 1556 1107 quae
1600 1036 1732 1090 mihi
1786 1034 1953 1089 fuerui

2136 1035 2395 1106 09.06an
2420 1049 2464 1084 ἰ
2492 1031 2645 1086 Κατὰ
2671 1030 2832 1101 ζῆλον
2863 1030 2992 1102 γὰρ,
3022 1031 3406 1101 φησ“ι,διὼκων
3427 1035 3522 1106 τὴν
3553 1036 3660 1091 Ἐκ-

430 1139 606 1199 lucra,
642 1135 759 1189 haec
785 1134 1089 1188 arbitratus
1120 1148 1241 1188 sum
1275 1138 1498 1203 propter
1520 1129 1801 1184 Christum
1842 1126 1954 1180 detr

2138 1126 2339 1200 ελησίαν
2359 1126 2424 1179 ³⁸.
2447 1143 2466 1175 ι
2493 1123 2677 1187 Οὕτως
2695 1124 2911 1177 ἅπαντα
2926 1124 2995 1176 τὰ
3013 1123 3273 1178 δοκοῦντα
3301 1125 3475 1194 σεμνὰ
3496 1126 3662 1199 διηγη.

430 1235 673 1280 mentum
719 1243 733 1280 :
783 1233 837 1280 et
877 1226 1119 1278 arbitror
1183 1224 1368 1280 omnia
1429 1229 1682 1278 stercora
1739 1233 1884 1284 esse,
1946 1232 1954 1267 ι

2133 1222 2364 1292 πάμενος,
2422 1220 2698 1289 ἐπήγαγεν
2791 1235 2810 1266 ι
2864 1216 3003 1269 Ἀλλ’
3036 1217 3193 1271 ἆτινα
3242 1212 3316 1288 ἦν
3372 1235 3462 1288 μοι
3495 1221 3657 1293 κέρδη,

431 1318 710 1373 Christum
739 1315 1151 1370 lucrifaciamn.
1199 1333 1217 1366 ι
1254 1313 1359 1368 Sed
1390 1328 1512 1383 qua:
1561 1312 1759 1366 beatus
1804 1308 1955 1362 Pauli

2136 1315 2282 1369 αὔτα
2312 1313 2523 1383 ἥγημαι
2552 1309 2640 1363 διὰ
2670 1309 2904 1379 Χριστὸν
2926 1309 2971 1340 ³⁸
3002 1308 3225 1379 ζημίαν,
3251 1310 3352 1363 καὶ
3379 1309 3660 1381 inminet"

431 1408 802 1461 detrimentum
829 1415 883 1462 et
910 1418 1147 1460 stercora
1189 1405 1506 1475 appellavit,
1545 1417 1669 1457 cum
1703 1399 1955 1470 spiritual

2132 1407 2289 1460 πάντα
2311 1402 2358 1435 ⁸⁸
2394 1394 2636 1456 σκύϐαλα
2691 1395 2854 1462 εἶναι,
2909 1400 2996 1453 ἵνα
3041 1400 3275 1470 Χριστὸν
3331 1401 3592 1472 κερδήσω.
3642 1423 3656 1456 ι

432 1501 536 1555 hus
587 1500 810 1563 collata,
853 1499 967 1552 haec
1024 1498 1477 1566 sapientissimus
1531 1493 1894 1565 Apolinarius
1943 1506 1956 1544 :

2139 1498 2263 1552 Δλλ*
2293 1498 2428 1568 ὅπερ
2459 1498 2486 1549 ὁ
2521 1494 2791 1566 μακάριος
2822 1493 3030 1557 Παῦλος
3069 1493 3272 1564 ζημίαν
3309 1497 3406 1547 καὶ
3446 1496 3663 1552 σκύϐαλα

432 1592 548 1644 Elia
579 1578 1188 1656 Judmis'praadicatum
1246 1589 1335 1651 iri,
1382 1597 1438 1640 et
1495 1587 1565 1640 ab
1618 1586 1738 1655 ipso
1791 1582 1952 1638 Chris

2139 1589 2540 1661 προσηγόρευσε,
2558 1590 2669 1650 τοῖς
2693 1589 3078 1657 πνευματικοῖς
3097 1587 3499 1657 παρεξετάσας,
3516 1589 3663 1642 ταῦτα

434 1683 666 1736 Domino
728 1679 1102 1737 conﬁrmanda
1149 1678 1264 1732 fore
1322 1677 1483 1733 dixit.
1543 1675 1661 1743 Qua
1709 1675 1776 1731 de
1841 1689 1958 1729 caus

2175 1683 2483 1752 σοφώτατος
2526 1680 2899 1750 Ἀπολινάριος
2926 1679 3028 1732 ὑπὸ
3061 1677 3160 1750 μὲν
3201 1676 3391 1733 Ἦλιοῦ
3417 1682 3667 1751 κηρυχθή-

434 1784 640 1837 autem,
671 1774 821 1828 dicat
855 1773 969 1835 ille,
997 1772 1066 1826 iis
1089 1771 1182 1840 qui
1215 1787 1246 1825 e
1274 1768 1476 1824 Judaais
1502 1778 1684 1831 erunt.
1717 1781 1958 1823 conversi

2140 1775 2305 1830 ιεσθαι
2346 1776 2456 1838 τοῖς
2490 1773 2786 1838 Ἰουδαίοις,
2836 1771 2928 1823 ὑπ’
2964 1769 3127 1824 αὐτοῦ
3173 1770 3229 1823 δέ
3273 1770 3375 1823 τοῦ
3421 1772 3664 1826 Δεσπότου

435 1867 636 1921 tionem
667 1864 822 1918 dabit
847 1862 1151 1918 secundum
1191 1863 1387 1932 legem,
1421 1863 1580 1932 quasi
1612 1859 1749 1916 ﬁdes
1779 1860 1959 1915 salute

2139 1869 2348 1941 ίριστοῠ
2387 1865 2848 1938 βεϐαιωθήσεσθαι
2876 1864 3002 1935 ἔφη.
3027 1864 3092 1916 Τί
3120 1863 3322 1934 δήποτε
3353 1863 3431 1925 δὲ,
3462 1865 3663 1930 εἰπάτω,

435 1957 568 2011 dare
593 1954 872 2024 nequeat?
893 1965 947 2008 ct
980 1969 1080 2008 cur
1113 1953 1256 2007 hanc
1294 1954 1454 2010 nobis
1484 1954 1739 2008 omnibus
1763 1953 1959 2023 gentibi

2141 1966 2224 2026 κοῖς
2271 1960 2329 2029 ἐξ
2361 1959 2629 2014 Ἰουδαίων
2671 1957 2768 2030 τὴν
2798 1958 2940 2011 κατὰ
2984 1958 3146 2029 νόμον
3191 1957 3358 2010 δώσει
3395 1956 3665 2023 πολιτείαν,

443 2047 688 2113 tradidit,
729 2057 788 2101 ut
819 2048 955 2117 ipsis
1007 2045 1307 2115 perfectam
1348 2046 1590 2114 praebeat
1639 2045 1910 2101 salutem?
1957 2044 1967 2095 ι

2139 2056 2191 2118 b;
2219 2055 2318 2125 τῆς
2347 2053 2582 2116 πίστεως
2618 2052 2678 2105 οὐ
2709 2051 3014 2121 δυναμένης
3043 2050 3226 2103 δοῦναι
3259 2049 3362 2122 τὴν
3386 2050 3663 2120 σωτηρίανς

439 2151 622 2195 autem
653 2147 712 2193 ut
745 2138 852 2192 ﬁde
889 2136 1194 2193 sulﬁciente
1235 2137 1301 2191 ad
1367 2138 1603 2192 salutem
1662 2136 1963 2192 achrendar

2142 2147 2227 2201 {ai
2279 2146 2418 2209 τίνος
2465 2145 2651 2197 ἕνεκεν
2703 2142 2797 2196 καὶ
2843 2141 3047 2211 ταύτην
3081 2143 3247 2196 πᾶσιν
3276 2144 3419 2212 ἡμῖν
3453 2142 3666 2214 παρέσχε

437 2243 492 2289 et
519 2231 930 2288 conciliandum
979 2231 1140 2286 nobis
1167 2245 1393 2300 regnum
1423 2230 1713 2296 ccelorum,
1750 2229 1885 2299 legis
1915 2228 1961 2282 oi

2150 2240 2226 2300 οἷς
2256 2235 2484 2299 ἔθνεσιν,
2517 2234 2582 2287 ἶν’
2623 2233 2805 2295 αὐτοῖς
2835 2230 3047 2284 τελείαν
3083 2230 3346 2303 παράσχῃ
3389 2232 3488 2303 τὴν
3528 2249 3670 2304 σωτηο

438 2325 808 2380 servationem
838 2322 1146 2392 abrOgavit,
1177 2336 1285 2392 qua
1318 2321 1388 2376 de
1420 2335 1590 2376 causa
1641 2321 1840 2391 legem,
1896 2336 1962 2389 qu

2142 2329 2276 2395 :iav;
2310 2327 2372 2380 Εί
2419 2326 2477 2379 δέ
2508 2324 2582 2388 ὡς
2625 2323 2726 2394 τῆς
2771 2321 3008 2385 πίστεως
3044 2320 3324 2393 ἀρκούσης
3373 2321 3468 2374 καὶ
3498 2321 3666 2388 σῶσαι,

437 2416 648 2470 salvum
679 2415 898 2469 facere'
931 2414 1144 2483 nequit,
1176 2426 1376 2468 rursus
1417 2411 1622 2468 Judzeis
1675 2413 1955 2468 constitue

2143 2420 2214 2474 εαὶ
2244 2418 2352 2472 τῶν
2386 2415 2628 2488 οὐρανῶν
2657 2415 2987 2486 προξενῆσαι
3015 2413 3114 2484 τὴν
3144 2412 3451 2484 βασιλείαν,
3471 2413 3565 2484 τὴν
3590 2413 3667 2466 τοῦ

436 2505 572 2560 Nam
601 2505 835 2574 plurima
870 2504 1042 2574 ipsius
1085 2505 1269 2576 (legis)
1318 2505 1525 2560 nullam
1579 2504 1781 2559 all‘erre
1830 2503 1960 2558 obse

2143 2513 2282 2582 ’ὁμου
2335 2509 2651 2563 κατέπαυσε
2700 2505 2970 2576 φυλακὴν,
3004 2504 3149 2568 τίνος
3203 2506 3370 2576 χάριν
3403 2503 3492 2557 τὸν
3523 2504 3667 2557 σῶσαι

437 2598 698 2652 vantibns
724 2596 1016 2664 justitiam,
1078 2595 1195 2666 ipse
1252 2595 1466 2668 1049
1521 2594 1669 2650 Deus
1712 2610 1810 2665 per
1870 2595 2018 2648 hunc
2123 2603 2197 2676 μὴ
2217 2601 2512 2671 δυνάμενον
2541 2599 2705 2670 νόμον
2727 2597 2890 2651 πάλιν
2919 2597 3202 2666 ἐπιστήσει
3231 2599 3347 2659 τοῖς
3389 2595 3667 2659 Ἰουδαίοις;

437 2690 756 2761 prophetam
792 2703 895 2743 nos
934 2687 1144 2744 docuit.
1176 2706 1195 2740 ι
1234 2687 1368 2743 Dedi
1408 2689 1556 2744 enim
1615 2688 1774 2757 ipsis,
1816 2687 1961 2758 inqui

2148 2694 2243 2746 Οτι
2276 2691 2385 2761 γὰρ
2423 2688 2586 2744 αὐτοῦ
2628 2689 2697 2742 τὰ
2741 2687 2971 2741 πλεῖστα
3021 2686 3278 2758 οὐδεμίαν
3329 2690 3448 2751 τοῖς
3494 2686 3669 2756 φυλάτ-

439 2789 712 2854 ρτεεοερῑιι
733 2797 843 2836 non
867 2781 1036 2845 bona,
1070 2792 1123 2836 et
1149 2781 1580 2851 justiﬁcationes
1604 2780 1661 2834 in
1684 2779 1888 2850 quibus
1909 2793 1963 2831 nt

2143 2799 2272 2835 ·ουσι
2312 2778 2658 2848 δικαιοσύνην
2695 2777 2943 2848 παρέχει,
2981 2779 3142 2842 αὐτὸς
3173 2780 3200 2830 ὁ
3236 2777 3374 2840 Θεὸς
3410 2778 3497 2832 διὰ
3536 2777 3667 2830 τοῦδε

403 2915 406 2918 .
437 2877 680 2931 virent“.
723 2893 740 2926 ι
778 2874 1065 2941 Quomodo
1097 2875 1268 2943 igitur
1293 2889 1404 2929 non
1463 2874 1632 2937 bona,
1681 2886 1911 2941 quaeque

2143 2877 2264 2943 λμᾶς
2306 2870 2506 2936 ἐδίδαξε
2544 2871 2642 2923 τοῦ
2672 2873 2948 2941 προφήτου
2971 2886 2983 2898 ·
3031 2889 3049 2922 ι
3093 2871 3311 2924 Ἐδωκσ
3339 2871 3470 2942 γὰρ,
3508 2872 3667 2940 φησὶν,

437 2979 547 3022 tam
594 2966 837 3036 praebere
893 2974 1198 3037 nequeant,
1243 2965 1451 3021 Judaeis
1500 2979 1706 3020 rursus
1751 2964 1961 3032 impone

2145 2966 2304 3028 ιὺτοῖς
2339 2964 2739 3035 προστάγματα
2770 2963 2832 3016 οὐ
2878 2962 3038 3027 καλὰ,
3093 2963 3189 3017 καὶ
3240 2963 3581 3034 δικαιώματα
3625 2965 3669 3016 ἐν

437 3074 562 3114 eum
599 3073 694 3114 eos
738 3059 952 3114 salvere
999 3058 1151 3122 velit,
1213 3065 1268 3113 et
1324 3072 1436 3112 non
1484 3055 1752 3126 perdere?
1803 3052 1869 3106 Et
1910 3053 1957 3105 al

2142 3052 2200 3121 ιῖς
2227 3058 2288 3110 ού
2321 3056 2573 3128 ζήσονται
2613 3057 2670 3108 ἐν
2702 3056 2907 3118 αὐτοῖς.
2944 3075 2962 3108 ι
3002 3055 3126 3120 Πῶς
3148 3056 3326 3110 τοίνυν
3346 3055 3418 3109 τὰ
3445 3055 3505 3108 οὐ
3531 3055 3666 3120 καλὰ,

436 3163 656 3218 quoque
691 3148 904 3202 ratione
933 3147 1092 3201 facile
1122 3153 1207 3201 est
1236 3146 1354 3201 hac
1400 3143 1776 3214 exspectantis
1825 3157 1960 3196 amet

2144 3150 2217 3202 ιαὶ
2247 3149 2390 3218 ζωὴν
2412 3149 2672 3220 παρέχειν
2697 3150 2757 3201 οὑ
2778 3148 3070 3217 δυνάμενα,
3111 3148 3277 3202 πάλιν
3306 3147 3553 3219 ἐπιθήσει
3577 3149 3668 3210 τοῖς

437 3241 567 3294 tiam
601 3253 960 3310 cognoscere.
997 3236 1054 3291 Si
1089 3237 1238 3292 enim
1285 3252 1374 3291 res
1421 3234 1737 3290 Iudaeorum
1795 3240 1961 3286 nostr:

2144 3240 2400 3301 Ιουδαίοις
2421 3278 2437 3304 ,
2471 3239 2644 3291 σῶσαι
2674 3239 2891 3304 αὐτοὺς,
2927 3238 3042 3292 ἀλλ’
3070 3238 3170 3291 οὐκ
3204 3238 3468 3292 ἀπολέσαι
3513 3236 3667 3308 βουλό-

439 3345 559 3383 runt
588 3344 773 3384 rerum
806 3329 981 3398 ﬁgura
1014 3326 1189 3391 fuere,
1221 3327 1366 3396 quod
1404 3327 1522 3396 ipse
1551 3325 1869 3390 conﬁtetur,
1922 3340 1963 3378 ni

2145 3348 2318 3397 ιενος;
2371 3331 2481 3384 Καὶ
2513 3329 2779 3401 ἑτέρωθεν
2810 3329 2866 3382 δὲ
2896 3330 3077 3401 ῥᾴδιον
3115 3329 3351 3384 συνιδεῖν
3395 3329 3488 3383 τοῦ
3523 3327 3669 3381 ταῦτα

436 3436 544 3490 que
577 3429 874 3490 repugnat,
914 3419 1134 3473 ubinam
1165 3419 1427 3473 anniculo
1454 3433 1598 3488 agno
1618 3432 1757 3486 opus
1788 3427 1872 3474 est
1895 3433 1960 3486 po

2146 3422 2529 3494 προσδοκῶντος
2558 3423 2657 3493 τὴν
2685 3423 2891 3478 ἄνοιαν.
2923 3420 2986 3474 Εἰ
3015 3421 3123 3493 γάρ
3143 3423 3212 3476 τὰ
3233 3423 3505 3478 Ἰουδαίων
3528 3423 3670 3483 τύπος

444 3510 780 3564 iunnaculati
835 3509 1124 3580 agni,qui
1181 3509 1408 3564 sustulit
1469 3516 1753 3579 peccatum
1807 3509 1968 3564 mund

2138 3516 2231 3569 τῶν
2255 3514 2539 3586 ἡμετέρων
2560 3532 2574 3545 ν
2603 3512 2955 3584 συνομολογεϊ
2982 3512 3089 3584 γάρ
3123 3514 3304 3579 τοῦτο,
3339 3516 3437 3569 καὶ
3462 3516 3557 3569 οὐκ
3583 3516 3662 3569 άν-

438 3603 808 3660 sacriﬁeium?
841 3612 896 3658 et
926 3616 1050 3673 quae
1077 3616 1407 3673 azymorum
1441 3601 1655 3657 utilitas
1699 3607 1825 3670 post
1855 3601 1962 3657 cmi

2143 3606 2358 3676 τίλέγειο
2399 3605 2503 3659 ποῦ
2543 3606 2719 3676 χρείαι
2749 3604 2842 3658 τοῦ
2873 3605 3209 3660 ἐνιαυσιαίου
3245 3607 3519 3678 προϐάτου
3554 3605 3667 3676 μετὰ

439 3705 576 3751 stem
608 3695 949 3764 panemivel
991 3693 1284 3750 Paschatis
1322 3693 1487 3762 typici
1525 3702 1650 3762 post
1698 3693 1963 3762 spirituali

2142 3698 2220 3770 τὴν
2267 3697 2455 3751 θυσίαν
2500 3694 2596 3750 τοῦ
2651 3695 2881 3766 ἀμώμου
2932 3695 3127 3766 ἀμνοῦ,
3176 3696 3271 3750 τοῦ
3324 3699 3549 3768 ἄραντος
3588 3697 3666 3768 τὴν

441 3785 546 3839 Sed
574 3799 752 3853 neque
786 3784 1035 3838 divinum
1090 3782 1417 3853 Apostolum
1455 3782 1649 3847 audit,
1703 3783 1965 3838 dicentem

2141 3792 2397 3864 Ξιμαρτίαν
2438 3790 2532 3844 τοῦ
2561 3790 2804 3858 κόσμου;
2835 3789 2993 3841 Ποῖον
3023 3789 3079 3840 δὲ
3107 3789 3218 3842 τῶν
3255 3788 3483 3861 ἀζύμων
3505 3791 3665 3860 δφελος

444 3893 464 3926 ι
487 3874 771 3928 Feriemur
800 3873 988 3943 itaque
1005 3887 1116 3928 non
1148 3872 1203 3927 in
1227 3870 1500 3927 fermento
1531 3873 1726 3936 veteri,
1756 3888 1937 3944 neque
1963 3873 1968 3924 i

2142 3885 2264 3939 ιετὰ
2293 3884 2382 3938 τὸν
2420 3886 2742 3954 ἐπουράνιον
2766 3885 2949 3954 άρτον,
2979 3882 3011 3952 ἢ
3046 3881 3228 3951 πάσχα
3259 3883 3492 3936 τυπικοῦ
3552 3881 3666 3952 μετὰ

442 3965 710 4019 fermento
743 3964 965 4019 malitia
994 3972 1050 4020 et
1083 3964 1371 4034 nequitiae,
1402 3965 1496 4020 sed
1549 3965 1603 4019 in
1647 3966 1854 4036 azymis
1903 3965 1966 4020 si:

2138 3979 2184 4031 τὸ
2233 3977 2640 4045 πνευματικῶς
2686 3974 2825 4027 Ἀλλ’
2861 3972 2983 4027 οὗτε
3034 3978 3131 4026 τοῦ
3176 3973 3319 4027 θείου
3370 3975 3662 4029 Ἀποστὸλου

440 4055 684 4109 ceritatis
715 4062 770 4109 et
803 4055 1060 4111 veritatis
1077 4066 1125 4110 Ρ.
1149 4086 1220 4098 -—
1249 4055 1464 4110 Etenim
1503 4056 1704 4126 pascha
1755 4065 1964 4112 nostrni

2138 4067 2312 4121 ὶκούει
2346 4067 2628 4134 λέγοντος’
2679 4085 2697 4117 ι
2737 4066 2901 4118 Ὥστε
2941 4065 3310 4135 ἑορτάζωμεν,
3351 4066 3427 4137 μὴ
3460 4068 3515 4120 ἐν
3541 4065 3662 4136 ζύμῃ

442 4159 540 4214 pro
569 4143 733 4211 nobis
764 4144 1082 4200 immolatus
1106 4154 1192 4202 est
1219 4146 1548 4201 Christusq:
1579 4165 1597 4197 ι
1630 4161 1805 4215 neque
1835 4147 1964 4202 Dom

2138 4159 2354 4230 παλαιᾷ,
2393 4158 2526 4227 μηδέ
2558 4159 2614 4210 ἐν
2647 4156 2796 4230 ζύμῃ
2827 4155 3024 4218 κακίας
3054 4156 3148 4208 καί¹
3177 4157 3462 4226 πονηρίας,
3492 4156 3597 4210 ἀλλ’
3619 4158 3662 4206 ἐν

440 4251 570 4290 num
606 4236 912 4306 discipulos
944 4253 1078 4293 suos
1114 4238 1438 4296 docentem.
1480 4253 1608 4293 cum
1642 4239 1775 4294 dicit
1809 4259 1821 4293 :
1855 4259 1872 4292 ι
1906 4239 1964 4293 ιιι

2139 4244 2354 4315 Ξιζύμοις
2413 4245 2763 4314 είλικρινείας
2815 4246 2909 4297 καὶ
2991 4243 3264 4313 ἀληθείας.
3313 4247 3423 4299 Καὶ
3471 4245 3572 4315 γὰρ
3616 4244 3663 4297 τὸ

439 4339 526 4384 est
553 4343 758 4399 corpus
791 4344 997 4395 meum,
1032 4331 1180 4401 quod
1212 4345 1314 4401 pro
1365 4331 1523 4385 vobis
1568 4331 1862 4401 frangitur,
1915 4333 1963 4386 ln

2137 4337 2314 4405 Πάσχα
2347 4335 2503 4404 ἡμῶν
2537 4335 2678 4406 ὺπέρ
2707 4335 2864 4404 ἡμῶν
2891 4335 3054 4404 ἐτύθη
3092 4336 3328 4404 Χριστός
3351 4354 3363 4367 ο
3404 4356 3422 4389 ›
3451 4338 3564 4391 οὔτε
3587 4337 3661 4389 τοῦ

443 4420 602 4475 facile
635 4420 689 4474 in
730 4435 904 4474 tneam
940 4421 1551 4476 commemorationem.
1578 4440 1595 4472 ι
1617 4421 1727 4476 Et:
1763 4440 1780 4474 ι
1808 4421 1909 4478 Hic
1936 4438 1966 4478 e

2137 4427 2350 4497 Κυρίου,
2392 4427 2518 4489 τοὺς
2547 4427 2742 4480 ἑαυτοῦ
2775 4426 3116 4488 διδάσκοντος
3149 4428 3420 4498 μαθητὰς,
3463 4431 3550 4482 καὶ
3591 4428 3661 4479 λέ-

442 4511 665 4581 sanguis
699 4526 872 4574 meus,
909 4512 1002 4581 qui
1039 4527 1140 4581 pro
1165 4513 1323 4568 vobis
1344 4513 1642 4567 ell‘unditur
1665 4516 1718 4568 in
1741 4515 1966 4570 remissii

2135 4536 2342 4586 γοντος·
2398 4540 2415 4570 ι
2465 4519 2634 4571 Τοῦτό
2678 4519 2777 4589 μού
2825 4522 2939 4574 ἐστι
2974 4522 3034 4574 τὸ
3073 4521 3252 4590 σῶμα,
3279 4522 3341 4575 τὸ
3377 4522 3510 4594 ὑπὲρ
3537 4521 3659 4588 ὑμῶν

443 4614 567 4653 nem
596 4607 972 4668 peccatorum,
1008 4600 1114 4657 hoc
1142 4599 1312 4656 facile
1343 4604 1395 4656 in
1430 4617 1603 4657 meam
1626 4617 1967 4660 connnemor:

2129 4607 2402 4676 κλώμενοι)
2423 4624 2436 4636 ·
2475 4607 2633 4660 τοῦτο
2664 4611 2865 4662 ποιεῖτε
2895 4612 2974 4675 εἰς
3011 4612 3108 4682 τὴν
3139 4613 3278 4682 ἐμὴν
3309 4611 3612 4683 ἀνάμνησιν.
3641 4630 3653 4660 ι

443 4691 648 4744 tionem
677 4700 760 4744 τ.»
796 4690 861 4744 Et
881 4692 1036 4757 alibi,
1061 4708 1184 4746 cum
1210 4693 1443 4748 dixisset
1472 4692 1716 4749 Judaeis'
1747 4716 1806 4773 Le.
1831 4696 1967 4750 Patri

2137 4699 2235 4750 Καί
2262 4716 2274 4728 ·
2314 4719 2331 4748 ι
2375 4699 2542 4752 Τοῦτό
2571 4701 2672 4763 μού
2703 4702 2816 4753 ἐστι
2853 4703 2913 4755 τὸ
2949 4700 3085 4773 αἷμα
3114 4705 3254 4775 ὑπὲρ
3287 4706 3331 4736 ³⁸
3360 4705 3503 4775 ὑμῶν
3531 4705 3661 4770 tua.

444 4780 612 4834 vestri
643 4781 1121 4837 manducaverunt
1153 4799 1359 4838 manna
1399 4786 1453 4838 in
1487 4784 1708 4840 deserto
1727 4788 1764 4847 ς’
1789 4800 1839 4846 _,t
1870 4803 1968 4842 moi

2136 4793 2345 4858 νόμενον
2371 4793 2447 4854 είς
2479 4791 2671 4860 ἄφεσιν
2704 4791 2987 4863 ἁμαρτιῶν
3015 4813 3025 4825 ·
3055 4795 3214 4849 τοῦτο
3241 4799 3445 4851 ποιεῖτε
3474 4797 3546 4858 et;
3581 4793 3660 4860 τὴν

443 4870 523 4922 tui
573 4879 724 4938 sunt,
761 4891 778 4922 ι
818 4871 1061 4937 adjecit:
1105 4892 1122 4925 ι
1156 4875 1255 4929 llic
1299 4883 1383 4932 est
1433 4876 1596 4946 panis
1647 4877 1808 4942 vitae,
1854 4885 1915 4931 ut

2134 4881 2267 4951 ἐμὴν
2320 4881 2648 4950 ἀνάμνησιν.
2693 4902 2711 4934 ι
2759 4887 2866 4940 Καὶ
2919 4886 3154 4956 ἀλλαχοῦ
3201 4887 3260 4940 δὲ
3305 4886 3532 4959 εἰρηκὼς
3571 4886 3658 4943 τοῖς

443 4961 568 5028 quis
596 4976 662 5015 ex
703 4962 822 5030 ipso
884 4965 1325 5031 manducaverit,
1363 4982 1472 5022 non
1530 4968 1866 5022 moriatur‘.
1898 4987 1916 5020 ›
1955 4969 1967 5022 Ι

2142 4973 2441 5036 Ἰουδαίοις·
2485 4994 2502 5025 ι
2540 4975 2601 5027 Οἱ
2643 4977 2876 5047 πατέρες
2911 4978 3065 5048 ὑμῶν
3104 4977 3307 5046 ἔφαγον
3344 4979 3405 5031 τὸ
3435 4977 3591 5046 μάννα
3616 4975 3660 5024 ἐν

443 5060 501 5106 ιιι
531 5053 638 5107 alia
675 5071 794 5124 qua:
851 5057 1063 5112 inﬁnita
1120 5067 1269 5126 sunt,
1304 5062 1550 5115 omittam
1577 5104 1592 5128 ,
1633 5062 1933 5118 etiamnum

2137 5067 2192 5135 τῇ
2221 5066 2434 5135 ἐρήμῳ,
2463 5067 2557 5120 καὶ
2588 5068 2878 5134 ἀπέθανον,
2913 5089 2931 5120 ι
2960 5069 3242 5140 ἐπήγαγεν
3261 5089 3273 5101 ·
3309 5091 3328 5123 ι
3363 5063 3520 5131 Οὗτός
3543 5068 3661 5118 ἐστιν

518 5210 800 5293 laliiiilipp.
828 5232 910 5282 ιιι,
933 5217 1015 5293 5._
1038 5218 1266 5293 _m_i_i_)id.
1303 5219 1361 5293 6._
1435 5228 1461 5255 η
1491 5220 1626 5274 ibid.
1657 5222 1719 5293 ‘7‘,
1749 5220 1802 5275 8.
1873 5228 1910 5293 ξ
1931 5222 2042 5293 ΑΕΖ(

2135 5262 2146 5274 .
2187 5240 2278 5288 xx,
2310 5224 2400 5278 25.
2478 5235 2505 5273 Ρ
2530 5225 2546 5279 Ι
2573 5225 2697 5278 Cor.
2727 5243 2779 5293 ν,
2809 5225 2862 5280 8.
2905 5235 2933 5276 ει
2965 5226 3096 5282 ibid.
3141 5228 3195 5284 7.
3280 5239 3301 5266 τ
3323 5227 3502 5285 Matth,
3532 5238 3659 5285 xxvi.

444 5281 680 5350 96-28;!
713 5281 840 5340 Cor.
884 5281 960 5351 xi,
988 5287 1079 5354 ‘24,
1103 5289 1194 5342 95.
1289 5297 1310 5324 ⁸
1339 5289 1500 5346 Joan.
1535 5306 1608 5355 Vl,
1643 5281 1731 5345 49⁷,
1815 5297 1834 5328 ι
1871 5290 2002 5345 ibid.
2033 5292 2120 5347 50.

1731 5451 1963 5507 νΑιιιΑε
1999 5449 2401 5508 LECTIONES.

518 5527 563 5619 ξ’
609 5529 957 5619 Ἐκκλησίαν.
991 5534 1110 5619 Des.
1145 5540 1246 5619 hoc
1284 5542 1401 5598 loco
1430 5545 1635 5615 reliqua
1669 5562 1735 5600 ex
1767 5561 1908 5600 vers.
1935 5545 1986 5598 6.
2031 5546 2108 5619 j'
2148 5547 2248 5619 X9.
2286 5545 2436 5619 Loro
2469 5545 2774 5619 ci_t._pr:em.
2811 5547 3030 5619 16w”?
3055 5548 3150 5600 καὶ
3182 5547 3434 5619 ἡγοῦμαι,
3465 5564 3510 5599 κ.
3545 5539 3653 5619 τ.

449 5595 858 5732 ἓεξιηιξιοομιορο
890 5621 1010 5674 quae
1045 5609 1160 5664 loco
1187 5613 1306 5679 cit.,
1341 5630 1484 5669 vers.
1532 5595 1562 5669 ἑ
1619 5624 1953 5685 praecedunt.
2027 5616 2072 5648 ³⁸
2113 5595 2306 5669 πάντα.
2352 5613 2475 5669 Des.
2515 5595 2674 5681 ini'ra,
2721 5595 2853 5672 tom.
2892 5595 2979 5681 l—ll,
3021 5595 3149 5673 hic};
3174 5595 3594 5684 eiiI'r'ii’éégp.
3624 5607 3656 5661 ll

553 5705 580 5717 ι·
630 5707 640 5719 ο
691 5697 759 5722 oJo

553 5697 640 5719 :illo
691 5697 759 5722 ου.
