3860 6206
279 295 413 362 1253

1425 282 1505 350 ΙΝ
1539 288 1987 350 EZECHIELIS
2018 291 2176 352 CAP.
2206 290 2473 354 XLVIII.

3398 299 3539 373 1254

275 412 303 462 ὀ
330 409 489 480 ἄρτος
509 405 613 479 τῆς
647 404 791 478 ζωῆς
816 405 883 473 ³ο,
916 405 1003 460 ἵνα
1036 423 1115 469 τις
1150 405 1299 476 φάγῃ
1348 405 1405 471 ἐξ
1443 403 1609 459 αὐτοῦ
1649 404 1744 458 καὶ
1780 403 1842 474 μ’)

1960 404 2360 478 Hierosolymis
2392 416 2449 464 et
2479 409 2668 466 crucis
2698 409 2911 482 1050
2936 411 3224 483 templum,
3260 420 3316 468 et
3350 428 3541 469 resur-

275 497 544 570 ἀποθάνῃ.
580 514 599 548 ι
652 496 762 550 Kal
790 495 876 549 ἵνα
907 493 976 548 τὰ
1000 493 1137 548 ἄλλα
1168 494 1456 547 καταλίπω
1498 495 1665 566 μυρία
1696 494 1845 557 ὄντα,

271 588 352 640 Et:
377 587 421 618 δι
460 586 556 641 νῦν
588 588 648 641 ὲν
689 586 803 649 τοῖς
842 584 1271 657 Ἰεροσολύμοις,
1307 585 1343 657 ἥ
1384 602 1443 639 τε
1471 584 1565 638 τοῦ
1611 583 1846 654 σταυροῦ

271 680 565 752 ἐκκλησία,
605 679 698 733 καὶ
728 679 761 749 ή
806 678 1122 743 ἀνάστασις,
1152 680 1248 733 καὶ
1289 680 1322 750 ὴ
1371 678 1658 749 ἀνάληψις,
1688 679 1844 748 καὶὴ

269 773 330 825 ὲν
360 774 427 842 τῇ
456 770 595 825 Σιὼν
622 769 906 842 ὲ›.κλησία.
936 769 1032 823 καὶ⁵
1055 771 1088 841 ή
1119 769 1239 842 ίερά
1267 769 1533 840 Βηθλεὲμ,
1556 770 1649 823 καὶ
1671 769 1848 839 ἕτεροι

268 860 327 915 δὲ
374 862 658 932 εύκτήριοι
707 860 861 914 τόποι
915 859 1120 931 μυρίοι,
1186 858 1293 912 Τοῦ
1358 857 1626 913 Ἰουδαίων
1670 859 1848 912 τοίνυν

269 952 765 1023 ἀνῳκοδομημένου
799 950 926 1017 νεὼ,
953 951 1276 1024 λυθήσονται
1302 944 1467 1015 οὗτοι,
1500 950 1533 1022 ἢ
1568 950 1664 1004 καὶ
1692 949 1847 1003 αὐτοὶ

273 1043 497 1114 μενοῦσι
528 1043 865 1114 τιμώμενοι;
910 1043 1257 1115 διαμένοντες
1298 1041 1356 1095 δὲ
1391 1040 1483 1095 ἐπὶ
1525 1042 1623 1113 τῆς
1653 1040 1848 1112 προτέπ

273 1153 375 1205 ρας
424 1136 608 1207 τιμῆς,
644 1136 1038 1207 τιμηθήσονται
1080 1135 1185 1189 ὑπὸ
1225 1134 1519 1199 Ἰουδαίων,
1569 1136 1604 1207 ἢ
1647 1136 1847 1205 ἀτιμα-

274 1228 599 1300 σθήσονταις
655 1226 721 1280 El
775 1227 874 1299 μὲν
923 1222 1016 1282 οὖν
1062 1228 1424 1299 ἀτιμάσουσι,
1472 1227 1568 1281 καὶ
1607 1227 1700 1280 ἐπὶ
1745 1225 1848 1297 τῆς

273 1322 548 1395 προτέρας
591 1321 812 1392 μενοῦσι
843 1321 1062 1391 μανίας,
1096 1322 1192 1375 καὶ
1220 1322 1372 1376 οὐδὲν
1413 1321 1605 1392 ὄφελος
1646 1322 1711 1376 ὲκ
1737 1321 1846 1375 τῶν

271 1414 366 1469 τοῦ
417 1415 658 1486 μεγάλου
703 1413 882 1495 ᾙλιοῦ
920 1412 1180 1485 λήψονται
1232 1414 1632 1487 κηρυγμάτων·
1691 1414 1741 1466 εί
1789 1413 1846 1467 δὲ

270 1509 585 1580 τιμήσουσι,
627 1508 777 1560 ποῖον
808 1506 916 1577 ἄρα
946 1505 1054 1560 τῶν
1080 1506 1386 1578 εὐκτηρίων
1415 1506 1609 1573 πλέον;
1638 1505 1729 1559 τὸν
1749 1506 1845 1560 τοῦ

275 1597 534 1671 σταυροῦ,
573 1600 608 1669 ἢ
646 1598 747 1668 τῆς
789 1598 1172 1666 ἀναστάσεως,
1213 1599 1246 1669 ἢ
1285 1598 1379 1652 τὸν
1423 1598 1846 1671 οἰκοδομηθησό⁴

276 1708 467 1763 μενον;
520 1691 583 1744 El
642 1691 740 1762 μὲν
783 1690 892 1761 γὰρ
938 1691 1144 1744 ἐκεῖνον
1191 1689 1375 1756 πλέον,
1422 1691 1497 1755 ὡς
1535 1691 1597 1744 οὺ
1634 1691 1846 1746 τελείαν

273 1786 484 1854 ἔχοντες
533 1780 735 1851 γνῶσιν
792 1782 951 1836 τοῦτο
1001 1785 1320 1854 ποιήσουσιν
1356 1796 1371 1811 ·
1424 1785 1475 1838 εί
1521 1783 1578 1836 δὲ
1619 1783 1844 1848 τούτους
1876 1764 1920 1820 Β

272 1876 693 1946 προτιμήσουσι,
739 1876 970 1948 περιττὴ
1020 1877 1054 1949 ἡ
1099 1876 1307 1930 ἐκείνου
1346 1875 1629 1947 οἰκοδομία
1655 1892 1667 1904 ·
1702 1877 1750 1929 εί
1787 1875 1844 1928 δὲ

270 1967 369 2037 τὴν
401 1967 523 2037 ίσην
566 1967 974 2039 ἀπονεμήσουσι
1020 1967 1189 2038 τιμὴν
1234 1966 1445 2030 τούτοις
1482 1983 1540 2020 τε
1581 1967 1840 2037 κάκείνῳ,

271 2057 622 2126 προσοίσουσι
669 2058 767 2129 μὲν
816 2059 937 2111 ἐκεῖ
966 2056 1063 2121 τάς
1112 2057 1325 2123 θυσίας,
1365 2055 1599 2112 ἐνταῦθα
1642 2055 1699 2109 δὲ
1735 2055 1843 2108 τῶν

273 2144 432 2216 ιερῶν
465 2144 867 2200 ἀπολαύσονται
902 2145 1244 2218 μυστηρίων.
1295 2146 1405 2201 Kal
1457 2146 1574 2209 πῶς
1625 2140 1738 2199 οἷόν
1781 2162 1843 2199 τε

272 2238 366 2291 σὺν
398 2239 512 2301 τοῖς
555 2236 614 2302 ἐξ
659 2235 828 2291 ὲθνῶν
861 2236 1249 2291 ππιστευκόσι
1293 2235 1400 2289 τῶν
1448 2234 1609 2289 θείων
1645 2236 1843 2299 αὐτοὺς

270 2330 564 2385 ἀπολαύειν
598 2330 940 2404 μυστηρίων,
975 2329 1070 2384 τοῦ
1101 2329 1266 2401 νόμου
1304 2328 1405 2398 τὴν
1435 2328 1572 2401 πρὸς
1609 2328 1679 2383 τὰ
1713 2328 1841 2399 ἔθνη

267 2421 550 2492 ἐπιμιξίαν
578 2421 914 2488 κωλύοντος;
945 2421 1207 2475 Λείπεται
1245 2420 1444 2486 τοίνυν,
1487 2421 1544 2474 ὲν
1587 2419 1735 2491 αὐτῷ
1763 2419 1842 2490 τῷ

267 2515 381 2586 ναῷ
418 2518 514 2571 καὶ
539 2516 609 2571 τὰ
632 2515 984 2586 εὐαγγελικά,
1034 2516 1130 2569 καὶ
1158 2514 1227 2568 τὰ
1266 2513 1467 2585 νομικά
1503 2514 1841 2586 πληροῦσθαι

268 2614 410 2667 κατὰ
461 2613 693 2667 ταυτόν·
736 2613 832 2667 καὶ
878 2612 1090 2682 ἀνάγκη
1121 2609 1284 2663 πάλιν
1334 2609 1513 2680 μάχην
1564 2606 1701 2663 εἶναι
1746 2608 1842 2662 καὶ

267 2702 421 2779 ἔριν,
462 2703 623 2775 ήμῶν
666 2702 765 2774 μὲν
801 2701 922 2758 καθ’
957 2702 1182 2765 ἑαυτοὺς
1214 2697 1663 2770 πολιτευομένων,
1693 2698 1841 2753 ὲκεί-

268 2813 373 2851 νων
398 2796 456 2849 δὲ
482 2795 580 2867 τὴν
606 2796 750 2851 κατὰ
791 2795 881 2849 τὸν
901 2795 947 2828 ⁶¹
990 2794 1154 2866 νόμον
1182 2795 1439 2868 λατρείαν
1476 2792 1843 2865 προαιρουμέ-

267 2903 397 2942 νων.
441 2887 554 2942 Kal
607 2886 722 2950 πῶς
760 2886 1016 2960 ἀληθεύει
1065 2886 1275 2952 Παῦλος
1322 2887 1537 2956 λέγων’
1578 2884 1842 2956 ιΧριστός

266 2978 420 3030 ἐστιν
453 2978 486 3048 ή
536 2978 727 3050 εἰρήνη
761 2977 938 3050 ήμῶν,
972 2978 1001 3032 ό
1048 2978 1283 3049 ποιήσας
1325 2978 1397 3031 τά
1443 2977 1727 3046 ἀμφότερα
1758 2974 1838 3039 ἓν,

266 3071 362 3124 καὶ
386 3069 451 3123 τὸ
480 3070 793 3141 μεσότοιχον
820 3069 912 3124 τοῦ
942 3070 1200 3141 φραγμοῦ
1223 3070 1413 3136 λύσας,
1440 3071 1540 3140 τὴν
1562 3069 1760 3140 ἔχθραν
1782 3069 1839 3122 ὲν
1867 3106 1912 3165 c

266 3161 335 3230 τῇ
366 3159 532 3230 σαρκὶ
556 3159 742 3226 αὐτοῦ,
780 3160 873 3214 τὸν
915 3161 1081 3231 νόμον
1108 3159 1219 3214 τῶν
1246 3160 1475 3215 ἐντολῶν
1505 3162 1562 3214 ὲν
1608 3159 1840 3230 δόγμασι

268 3254 647 3323 καταργήσας,
680 3252 768 3307 ενα
799 3253 925 3316 τοὺς
955 3251 1048 3306 δύο
1082 3253 1265 3326 κτίσῃ,
1289 3252 1557 3317 τουτέστι,
1589 3251 1682 3305 τὸν
1705 3250 1841 3305 ἐθνι-

268 3344 364 3396 κὸν
403 3342 501 3397 καὶ
547 3342 638 3396 τὸν
680 3343 1001 3411 Ἰουδαϊκὸν,
1039 3345 1191 3412 είς⁸³
1242 3344 1340 3398 ενα
1391 3344 1578 3399 καινὸν
1624 3343 1839 3416 ἄνθρω-

270 3452 370 3489 πον
394 3434 461 3499 ⁸⁵,
509 3437 604 3489 καὶ
654 3436 1072 3508 ἀποκαταλλάξῃ
1120 3437 1251 3501 τοὺς
1293 3436 1641 3508 ἀμφοτέρους
1672 3437 1730 3489 ὲν
1762 3437 1843 3489 ἐνὶ

269 3528 542 3598 πνεύματι
584 3528 721 3599 πρὸς
753 3528 842 3581 τὸν
883 3529 1102 3600 Πατέρα
1120 3528 1204 3594 Mi;
1241 3548 1260 3580 ι
1296 3530 1406 3583 Kal
1439 3529 1628 3584 πάλιν·
1674 3548 1694 3581 ι
1729 3529 1845 3584 υύκ

268 3621 350 3674 ἔνι
381 3620 632 3684 Ἰουδαῖός
655 3638 714 3673 τε
734 3621 826 3674 καὶ
849 3621 1052 3691 Ἕλλην
1075 3622 1142 3676 ⁸⁸.
1175 3640 1193 3673 ι
1218 3623 1327 3677 Kal
1342 3622 1574 3694 ἀλλαχοῦ
1591 3640 1605 3656 ·
1631 3643 1649 3675 ι
1665 3625 1840 3677 Ὅπου

266 3713 369 3767 οὐκ
390 3712 469 3767 ἔνι
507 3713 755 3777 Ἰουδαῖός
784 3730 844 3767 τε
876 3714 977 3767 καὶ
997 3712 1221 3785 Ἕλλην,
1240 3716 1510 3787 περιτομὴ
1542 3718 1637 3769 καὶ
1668 3715 1840 3786 ἀκρο-
1872 3755 1875 3758 μ

266 3804 501 3869 Gnatia,
549 3805 684 3859 ἀλλὰ
705 3805 748 3838 ⁸⁷
782 3807 850 3860 τὰ
882 3805 1062 3860 πάντα
1100 3806 1193 3860 καὶ
1234 3808 1294 3860 ὲν
1334 3808 1468 3860 πᾶσι
1501 3807 1762 3878 Χριστός.
1817 3826 1834 3858 ι

266 3897 401 3964 Ναὶ,
432 3897 597 3968 φησὶν
624 3897 654 3951 ὁ
700 3895 1009 3966 σοφώτατος
1025 3897 1092 3963 ⁸⁸,
1139 3898 1233 3952 καὶ
1265 3898 1359 3952 ἐπὶ
1385 3898 1496 3953 τῶν
1528 3898 1839 3953 ἀποστόλων

264 3985 319 4038 οἱ
370 3987 430 4039 ὲν
482 3986 874 4058 Ἰεροσολύμοις
926 3987 1005 4059 τῷ
1050 3987 1367 4060 κηρύγματι
1417 3990 1842 4055 πεπιστευκότες

280 4071 524 4126 Ἰουδαῖοι
553 4072 650 4143 τὴν
686 4073 826 4128 κατὰ
859 4076 1022 4146 νόμον
1061 4076 1317 4149 λατρείαν
1363 4079 1661 4147 ἐφύλαττον
1682 4123 1696 4147 ,
1731 4080 1841 4136 τῶν

265 4162 444 4219 ἄλλων
495 4165 833 4238 Ἐκκλησιῶν
879 4167 986 4233 ἔξω
1032 4168 1127 4223 τοῦ
1172 4169 1338 4241 νόμου
1384 4171 1838 4242 πολιτευομένων.

265 4254 380 4308 Kal
401 4258 463 4309 οὐ
494 4258 762 4327 συνίησιν,
798 4258 878 4313 ὅτι
905 4262 971 4332 τῇ
1000 4260 1219 4315 ἐκείνων
1245 4262 1499 4335 ἀσθενείᾳ
1527 4264 1841 4332 συγκατιόν-

264 4362 358 4410 τες
384 4348 431 4401 οἱ
460 4347 593 4418 ἱεροὶ
617 4350 905 4404 ἀπόστολοι
933 4351 1092 4406 τοῦτο
1118 4354 1419 4422 τηνικαῦτα
1444 4354 1688 4423 γίνεσθαι
1711 4372 1840 4408 συν-

1948 498 2143 564 rectio,
2172 507 2230 554 et
2259 500 2313 553 in
2338 501 2539 571 cqalum
2562 504 2888 573 assumptio,
2914 512 2967 559 ct
2988 506 3253 576 templum
3272 506 3330 560 in
3348 504 3538 567 Sione.

1947 599 2004 646 et
2061 606 2221 646 sacra
2262 591 2541 651 Bethleem
2565 633 2581 659 ,
2609 604 2665 652 et
2697 596 2804 652 alia
2843 596 3065 653 inﬁnita
3095 599 3341 655 oratoria
3386 599 3538 656 exsi-

1947 689 2120 736 stunt.
2142 680 2451 740 lnstanrato
2472 686 2641 756 igitur
2666 685 2981 743 Judaeorum
3002 689 3228 759 templo,
3247 688 3537 746 destruen-

1948 786 2039 831 tur
2072 777 2197 845 ista,
2226 779 2312 834 vel
2352 780 2545 835 eodem
2591 783 2645 836 in
2693 783 2903 839 honore
2953 783 3349 839 habebuntur?
3386 792 3441 840 et
3476 786 3536 841 in

1949 867 2184 937 pristino
2217 869 2431 926 honore
2460 876 2897 941 perseverantia,
2936 890 2966 929 a
2999 873 3210 932 ludatis
3248 876 3533 941 celentur,

1948 961 2032 1016 vel
2062 961 2360 1033 ignominia
2390 962 2732 1020 adicientur?
2763 966 2823 1020 Si
2864 967 3031 1037 igitur
3066 967 3366 1039 ignominia
3416 967 3534 1022 atil-

1949 1053 2119 1121 cient,
2156 1056 2290 1111 etin
2324 1055 2558 1126 pristina
2602 1058 2819 1113 insania
2874 1059 3296 1127 permanebunt,
3324 1069 3381 1111 et
3410 1059 3535 1112 nul-

1950 1144 2055 1198 lam
2088 1145 2398 1217 percipient
2429 1148 2725 1203 utilitatem
2749 1164 2818 1205 ex
2856 1150 3042 1219 magni
3094 1150 3227 1204 Elia:
3261 1149 3534 1219 praedica-

1947 1235 2212 1292 tionibus.
2245 1237 2403 1304 Quod
2446 1239 2492 1294 si
2529 1240 2584 1294 in
2615 1239 2830 1295 honore
2878 1240 3189 1304 habebunt,
3233 1255 3531 1311 quemnam

1946 1330 2219 1386 orationis
2244 1331 2424 1385 locum
2466 1331 2643 1401 magis
2675 1331 3065 1387 aestimabunt?
3099 1346 3167 1386 an
3200 1332 3384 1387 crucis
3404 1374 3419 1399 ,
3445 1332 3532 1388 vel

1949 1421 2378 1478 resurrectionis
2398 1422 2422 1476 τ
2444 1437 2513 1477 an
2543 1438 2668 1478 eum
2692 1423 2787 1492 qui
2815 1423 3218 1479 instaurandus
3250 1424 3367 1478 est?
3392 1421 3530 1477 Nam
3614 1446 3629 1453 -

1948 1514 1996 1570 si
2024 1490 2188 1570 illum
2229 1516 2503 1587 amplius,
2539 1490 2858 1586 quasi—non
2913 1515 3160 1586 perfecta
3212 1516 3536 1586 cognitione

1936 1607 2161 1676 praediti
2190 1608 2293 1662 hoc
2326 1607 2549 1663 facient.
2602 1606 2759 1674 Quod
2815 1607 2863 1662 si
2919 1607 3034 1662 haec
3083 1609 3530 1678 anteposuerint,

1947 1712 2352 1766 supervacanea
2407 1699 2516 1754 erit
2568 1698 2830 1754 illorum'
2871 1696 3166 1752 aediﬁcatio
3221 1715 3235 1750 :
3285 1696 3332 1753 si
3399 1712 3532 1752 vero

1949 1788 2211 1856 aequalem
2244 1789 2505 1845 honorem
2535 1789 2780 1845 tribuent
2813 1796 2868 1843 et
2906 1788 3030 1845 istis
3055 1801 3110 1844 et
3142 1789 3247 1853 illi,
3296 1788 3531 1845 oﬁ'erent

1950 1882 2171 1951 quidem
2196 1881 2271 1937 ibi
2292 1881 2590 1946 sacrilicia,
2615 1883 2709 1938 sed
2730 1883 2821 1936 hic
2838 1882 3019 1937 sacris
3045 1881 3323 1953 mysteriis
3342 1882 3529 1937 frueno

1949 1973 2138 2027 tur.Et
2155 1974 2432 2043 quomodo
2455 1974 2571 2029 fieri
2589 1980 2772 2044 potest
2794 1981 2853 2028 ut
2872 1988 2979 2029 una
2999 1988 3123 2028 eum
3149 1974 3217 2029 iis
3239 1974 3332 2043 qui
3350 1989 3381 2027 e
3398 1988 3531 2042 gen-

1948 2066 2098 2121 tibus
2114 2066 2422 2132 credidere,
2442 2066 2652 2122 divinis
2679 2067 2785 2136 ipsi
2803 2067 3085 2138 mysteriis
3109 2067 3525 2134 fruantur,enm

1946 2156 2034 2212 lex
2096 2157 2345 2227 ipsorum
2399 2156 2795 2212 commercium
2850 2171 2976 2211 cum
3033 2156 3288 2226 gentibus
3333 2155 3528 2226 prohi-

1945 2247 2103 2303 beat?
2129 2246 2421 2317 Reliquum
2457 2247 2629 2316 igitur
2659 2253 2766 2310 est,
2797 2254 2857 2300 ut
2896 2247 3086 2301 eodem
3136 2246 3192 2300 in
3238 2246 3441 2315 templo
3473 2253 3530 2300 et

1943 2339 2262 2410 evangelica
2294 2346 2349 2393 et
2376 2339 2571 2409 legalia
2594 2339 2784 2395 eodem
2829 2351 3077 2409 tempore
3121 2338 3524 2393 absolvantur:

1945 2442 2010 2483 ac
2039 2444 2238 2484 rursus
2273 2442 2507 2483 necesse
2533 2436 2637 2494 est,
2664 2435 2719 2483 et
2736 2442 2976 2497 pugnam
3013 2434 3068 2482 et
3113 2426 3528 2482 contentionem

1943 2518 2307 2583 intercedere,
2343 2518 2509 2575 nobis
2530 2518 2752 2588 quidem
2783 2518 3089 2574 secundum
3123 2518 3271 2588 leges
3306 2527 3528 2573 nostras
3568 2536 3577 2545 -

1942 2609 2289 2680 degentibus,
2316 2610 2427 2665 illis
2452 2624 2586 2665 vero
2616 2609 2825 2663 cultum
2850 2608 3159 2663 secundum
3196 2609 3369 2678 legem
3397 2623 3531 2676 ρτιιεσ

1944 2697 2275 2755 ferentibus.
2305 2699 2371 2754 Et
2394 2700 2675 2770 quomodo
2705 2713 2834 2753 vere
2864 2699 3001 2753 dicit
3030 2697 3238 2753 Paulus
3276 2717 3289 2752 :
3320 2717 3338 2749 ι
3366 2696 3529 2752 Chri-

1944 2798 2066 2847 stus
2088 2801 2174 2846 est
2218 2804 2324 2860 pax
2373 2798 2589 2855 nostra,
2645 2786 2739 2858 qui
2794 2785 2927 2842 fecit
2980 2796 3221 2857 utraque
3244 2802 3438 2853 unum,
3470 2794 3529 2841 et

1944 2882 2186 2939 medium
2244 2882 2506 2953 parietem
2564 2881 2818 2935 maceria:
2870 2880 3127 2945 solvens,
3176 2877 3527 2932 inimicitiam

1944 2988 2113 3029 carne
2143 2988 2264 3041 sua,
2313 2974 2484 3044 legem
2519 2972 2910 3027 mandatorum
2944 2969 3189 3026 decretis
3223 2984 3522 3033 evacuans,

1944 3074 2006 3120 ut
2042 3066 2180 3121 duos
2213 3064 2436 3128 condat,
2482 3062 2593 3117 hoc
2641 3070 2747 3127 est,
2797 3061 3056 3134 gentilem
3095 3068 3150 3117 et
3183 3060 3390 3131 1051
3426 3059 3526 3115 Ju-

1945 3158 2188 3224 daicum,
2227 3159 2278 3213 in
2304 3172 2476 3213 unum
2512 3171 2716 3212 novum
2767 3155 3069 3217 hominem,
3098 3162 3154 3209 et
3203 3153 3527 3209 reconciliet

1944 3253 2136 3307 ambos
2163 3252 2219 3305 in
2254 3265 2366 3306 uno
2394 3250 2597 3320 spiritu
2644 3264 2773 3303 cum
2823 3245 3068 3302 Patre“?
3107 3264 3127 3298 ι
3169 3246 3248 3302 Ac
3286 3261 3521 3301 rursus:

1949 3364 1969 3398 ι
1994 3343 2113 3399 Non
2136 3353 2220 3400 est
2250 3341 2496 3407 Iudaeus,
2527 3355 2703 3412 neque
2741 3339 2965 3397 Graecus
2982 3348 3027 3394 ν.
3062 3358 3082 3393 ι
3119 3337 3186 3392 Et
3215 3338 3326 3392 alio
3352 3338 3474 3392 loco
3504 3355 3520 3392 :

1948 3453 1970 3490 ι
1997 3435 2099 3493 Ubi
2137 3451 2248 3491 non
2279 3444 2362 3492 est
2397 3432 2642 3497 Judaaus,
2680 3448 2859 3504 neque
2881 3431 3128 3499 Graecus,
3167 3431 3525 3487 circumcisio

1910 3592 1917 3597 _
1942 3540 1995 3584 et
2017 3527 2367 3600 pratputium,
2394 3526 2487 3581 sed
2512 3527 2697 3581 omnia
2719 3533 2775 3580 et
2803 3525 2857 3580 in
2879 3525 3140 3582 omnibus
3158 3523 3517 3580 Christusx‘h

1941 3621 2055 3689 Nar,
2093 3620 2273 3692 inquit
2315 3618 2799 3690 sapientissimus.
2845 3619 3012 3674 etiam
3044 3625 3291 3688 tempore
3314 3632 3381 3673 eo
3414 3632 3524 3688 quo

1942 3713 2179 3784 apostoli
2231 3712 2630 3783 praedicabant,
2665 3710 2760 3781 qui
2799 3709 2855 3765 in
2898 3708 3294 3782 Hierosolymis
3325 3724 3526 3780 praeco-

1943 3806 2037 3862 nio
2066 3804 2355 3860 credidere
2381 3802 2581 3870 Judaei,
2607 3803 2817 3858 cultum
2847 3801 3153 3867 secundum
3208 3803 3383 3873 legem
3422 3802 3523 3856 ob—

1944 3896 2264 3961 servabant,
2306 3894 2428 3950 aliis
2462 3893 2734 3950 Ecclesiis
2768 3902 2926 3950 extra
2983 3891 3121 3966 legis
3167 3893 3378 3949 cultum
3427 3893 3524 3949 de-

1943 3990 2224 4061 gentibus.
2258 3987 2448 4064 Neque
2486 3987 2769 4058 intelligit,
2822 4000 3012 4042 sacros
3056 3985 3360 4057 apostolos,
3397 3985 3522 4041 illo-

1942 4097 2204 4145 rumsese
2227 4080 2721 4136 accommodantes
2747 4078 3138 4144 imbecillitati,
3170 4078 3277 4133 hoc
3307 4092 3372 4133 eo
3389 4086 3524 4132 tem-

1942 4190 2076 4247 pore
2111 4173 2224 4229 ﬁeri
2258 4172 2604 4243 permisisse,
2631 4171 2728 4227 sed
2763 4172 2915 4241 ipsos
2964 4170 3135 4225 libere
3183 4170 3361 4238 legem
3410 4182 3519 4221 non

1943 4270 2271 4323 observasse
2328 4279 2541 4334 :quam
2597 4264 2810 4318 violare
2860 4263 3287 4331 haudquaquam
3354 4260 3523 4314 susti-

1942 4362 2220 4426 nuissent,
2253 4351 2472 4428 si‘legis
2516 4355 2967 4410 observationem
3006 4351 3378 4407 necessariam
3423 4347 3521 4404 co"-

265 4437 575 4510 εχώρησαν,
622 4440 777 4495 αὐτοὶ
807 4441 864 4495 δὲ
912 4442 1018 4498 τὸν.
1054 4444 1217 4514 νόμον
1264 4444 1593 4514 παρέϐαινον
1642 4445 1834 4511 ἀδεῶς,

1944 4451 2285 4522 gnovissent.
2320 4447 2523 4502 Verum
2547 4446 2649 4516 ipsi
2692 4459 2817 4499 cum
2876 4443 3086 4514 optime
3142 4450 3373 4498 nossent
3423 4456 3522 4496 su-

263 4531 366 4583 οὑκ
399 4529 487 4597 ἂν,
524 4533 683 4603 εἰπερ
711 4533 905 4606 ᾔδεσαν
934 4535 1240 4604 ἀναγκαίαν
1273 4535 1367 4589 τοῦ
1395 4535 1561 4606 νόμου
1596 4537 1695 4607 τὴν
1735 4554 1837 4605 φυο

266 4619 471 4693 λακήν,
504 4622 862 4694 ἀνασχόμενοι
890 4627 1225 4699 παραόἧναι.
1251 4625 1392 4680 Ἀλλ’
1428 4627 1581 4681 αὐτοὶ
1616 4627 1737 4697 μὲν,
1765 4628 1841 4689 ὡς

267 4711 470 4778 εἰδότες
492 4716 751 4787 περιττὴν
775 4716 873 4788 τὴν
899 4717 1041 4772 κατά
1061 4719 1222 4788 νόμον
1242 4719 1537 4785 πολιτείαν,
1565 4719 1654 4772 τὸν
1673 4721 1839 4787 εὐαγ-

265 4803 484 4873 γελικδν
517 4805 786 4877 μετῄεσαν
818 4808 958 4879 βίον·
984 4812 1094 4874 τοῖς
1113 4810 1168 4864 δὲ
1200 4810 1440 4874 ἀσθενῶς
1472 4810 1841 4882 διακειμένοις

260 4896 363 4965 τῆς
396 4896 489 4950 τοῦ
535 4898 703 4971 νόμου
752 4900 1000 4971 φυλακῆς
1045 4903 1425 4974 παρεχώρουν,
1478 4903 1619 4957 κατά
1678 4904 1842 4974 μέρος

335 5085 365 5113 ιι
393 5074 590 5144 Ephes.
634 5093 693 5141 ιι,
720 5077 902 5134 ιιι-ιδ.
980 5088 1005 5117 ν
1032 5079 1209 5136 Galat.
1247 5094 1330 5146 Ill,
1361 5081 1453 5138 28.

1934 4555 2331 4612 pervacaneam
2379 4553 2503 4595 esse
2560 4537 2863 4591 secundum
2907 4537 3081 4606 legem
3139 4533 3522 4589 conversatio-

1935 4648 2082 4697 nem,
2117 4630 2493 4701 evangelicam
2529 4627 2696 4681 vitam
2746 4635 3071 4696 transegere
3098 4643 3110 4679 :
3140 4624 3209 4681 iis
3259 4638 3396 4679 vero
3422 4625 3520 4694 qui

1935 4723 2272 4780 imbecillius
2299 4720 2482 4776 allecti
2526 4729 2686 4775 erant
2741 4719 2879 4789 legis
2908 4717 3359 4772 observationem
3387 4729 3521 4770 con-

1936 4817 2230 4880 cedebant,
2268 4813 2530 4886 paulatim
2575 4828 2670 4867 eos
2735 4811 2802 4866 ad
2845 4809 3173 4881 perfectiora
3233 4809 3516 4864 ducentes.

1934 4908 2013 4961 Ita
2041 4907 2397 4962 Timotheum
2431 4904 2630 4959 beatus
2654 4902 2863 4959 Paulus
2904 4901 3300 4958 circumcisum
3355 4916 3521 4958 evan-

1536 5097 1563 5124 ι
1592 5083 1811 5140 Coloss.
1844 5101 1927 5150 Ill,
1969 5085 2060 5139 Η.

1541 5240 1779 5297 VARUE
1820 5239 2233 5299 LECTIONES.

371 5418 418 5448 “
455 5417 558 5486 τῆς
590 5416 754 5492 ζωῆς.
776 5417 933 5492 Loco
959 5420 1250 5492 cit._est,_6
1274 5422 1339 5492 ὲκ
1360 5420 1454 5474 τοῦ
1479 5420 1709 5492 ούρανοῦ
1746 5423 2110 5492 καταϐαίνων.
2188 5424 2231 5454 ⁸⁸
2273 5424 2317 5476 Β
2344 5423 2481 5477 ἔστι.
2557 5422 2602 5455 ⁸¹
2641 5421 2752 5475 τόν.
2784 5420 2909 5477 Des.
2940 5420 3078 5492 in_B.
3155 5418 3213 5492 “_
3237 5418 3338 5480 είς.
3372 5414 3517 5492 Loro

264 5489 357 5545 cit.
392 5485 738 5565 praeceditﬁv
771 5489 965 5565 εαυτῷ.
1025 5488 1089 5565 _“
1126 5489 1280 5565 ᾄνθρ.
1312 5489 1454 5565 Loco
1483 5485 1577 5545 cit'.
1617 5491 1888 5565 sequitur,
1928 5495 2102 5565 ποιῶν
2147 5495 2393 5565 εἰρήνην.
2469 5494 2514 5525 ι’
2555 5509 2647 5565 πν.
2679 5509 2774 5565 πρ.
2822 5509 2871 5546 τ.
2893 5489 3146 5565 -πμιέοοο
3171 5488 3264 5541 cit.
3293 5486 3516 5565 εει-σώ-

308 5555 421 5637 ari,
448 5557 530 5627 τῷ
561 5555 709 5637 Θεῷ..
774 5557 819 5589 ⁵⁵
855 5555 986 5637 lico.
1025 5560 1185 5637 lectio
1223 5555 1308 5615 est
1332 5560 1537 5637 Ἕλλην
1582 5555 1883 5637 zeal-joco:-
1926 5555 2337 5637 Sicqueinl'ra,
2387 5564 2507 5637 loco
2535 5555 2793 5637 cit.,_lé_g_2
2868 5557 3105 5637 "alia.
3134 5573 3185 5637 κ,
3216 5573 3267 5608 τ.
3304 5556 3350 5611 λ.
3388 5556 3512 5636 Ilus.

283 5645 371 5712 loc
396 5626 525 5709 loco
555 5642 675 5752 ﬂuat:
696 5626 817 5682 loco
845 5631 937 5710 cit.
960 5629 1298 5713 praecedunt.
1328 5626 1600 5703 βάρϐαρος
1630 5660 1699 5672 --
1729 5631 2032 5708 ἐλεύθερος.

283 5716 411 5752 nam
440 5711 525 5752 snc
596 5705 739 5752 tctus
763 5737 777 5752 .
814 5705 871 5752 ttt
909 5716 962 5752 ιιι
1005 5701 1399 5752 superioribus.

258 5701 411 5756 niam
440 5697 525 5755 sic
556 5697 739 5752 dictus
763 5737 777 5757 .
814 5705 871 5752 ut
909 5697 980 5754 in'
1005 5697 1399 5771 superioribus.

2147 5634 2191 5666 “
2229 5637 2256 5688 ὀ
2292 5624 2620 5705 σοφώτατος.
2643 5624 2885 5688 ’Βςῖίίορῑ
2908 5625 3255 5698 Apolinarius
3283 5639 3378 5696 per
3409 5624 3518 5679 iro—
