3860 6206
248 248 374 312 i257

1387 253 1465 313 IN
1520 247 1914 312 DANlELEM
1946 202 2375 317 ramulo.

3350 251 3487 317 1258

242 359 397 428 τικῆς
424 358 665 422 διανοίαις⁸
694 358 1124 430 ὲφικνουμένων·
1180 358 1365 431 ἐπειδὴ
1415 360 1493 425 δὲ,
1528 359 1660 430 μίαν
1708 356 1806 428 μὲν

1920 360 2124 417 cunctis
2177 361 2296 434 ipsa
2347 364 2583 421 lectione
2646 362 3098 436 percipientibus.
3147 361 3286 429 Quia
3335 380 3484 431 vero,

244 451 479 514 ἅπαντες
501 451 521 483 ³
576 452 736 521 φύσιν
791 452 1055 524 ἐλάχομεν
1077 495 1090 520 ,
1130 452 1228 506 οὐκ
1264 452 1395 524 ἴσην.
1425 451 1481 505 δὲ
1530 452 1768 515 ἅπαντες
1791 450 1812 483 ⁸

242 544 443 612 γνῶσιν
474 543 741 614 ἐλάθομεν
770 544 830 614 (ι
851 543 1098 616 Ἐκάστῳ
1138 546 1247 617 γὰρ
1292 545 1516 611 δίδοται,
1558 545 1743 615 φησὶν,
1776 545 1810 615 ὴ

243 634 551 706 φανέρωσις
573 636 669 690 τοῦ
714 638 1026 707 Πνεύματος
1066 637 1203 708 πρὸς
1240 637 1300 691 τὸ
1344 637 1621 708 συμφέρον
1643 637 1685 704 ⁵,
1717 635 1813 690 καὶ

241 727 384 798 ἄλλῳ
407 729 429 761 ⁵
461 729 559 799 μὲν
588 728 786 783 δίδοται
808 730 828 760 ⁷
854 728 941 783 διὰ
960 727 1054 782 τοῦ
1076 728 1389 799 Πνεύματος
1408 728 1566 797 λόγος
1599 726 1811 797 σοφίας,

240 819 384 888 ἄλλῳ
408 820 463 873 δὲ
487 819 644 889 λόγος
665 821 921 891 γνώσεως
950 819 1091 874 κατὰ
1116 821 1174 873 τὸ
1204 820 1335 874 αὐτὸ
1366 819 1612 891 Πνεῦμα,
1644 819 1814 891 ἑτέρῳ

239 913 296 967 δὲ
329 911 511 975 πίστις
543 912 602 966 ὲν
629 911 707 982 τῷ
750 911 902 984 αύτῷ
947 911 1226 985 Πνεύματι
1252 927 1264 943 ·
1299 931 1319 965 ι
1376 912 1468 967 καὶ
1497 911 1565 965 τὰ
1600 911 1725 981 ἑξῆς
1758 910 1816 964 δὲ

240 1001 502 1066 ὡσαύτως
525 1001 666 1056 κατὰ
705 1001 967 1073 διαίρεσιν
1007 1002 1220 1057 ᾶπαντα
1257 1000 1626 1073 διανέμεται)·
1657 999 1812 1052 οὐδὲν

242 1091 468 1155 ἀπεικὸς
505 1085 662 1161 οἶμαι
701 1092 891 1155 ποιεῖν,
927 1091 977 1143 εί
1015 1092 1129 1154 τοῖς
1159 1089 1416 1161 ἀγνοοῦσι
1445 1089 1513 1143 τὰ
1545 1090 1663 1143 θεῖα
1691 1087 1815 1142 τούο

240 1189 347 1237 των
389 1182 797 1253 συγγράμματα
846 1182 1125 1255 ἔγγραφον
1172 1182 1505 1257 παραδῴην⁸
1559 1182 1815 1236 διδασκα-

241 1275 383 1339 λίαν,
416 1275 667 1328 παιδόθεν
703 1274 802 1345 μὲν
848 1275 1031 1340 αὐτοῖς
1064 1276 1371 1348 ἐντραφεὶς,
1425 1276 1575 1348 παρὰ
1604 1275 1815 1330 πολλῶν

242 1369 296 1422 δὲ
321 1367 683 1440 συγγραφέων
710 1366 952 1423 εὐσεϐῶν
987 1367 1230 1441 σμικράν
1259 1385 1384 1423 τινα
1409 1368 1610 1438 γνῶσιν
1638 1369 1814 1438 ἐρανι-

243 1458 609 1530 σάμενοςέκαὶ
633 1457 742 1529 γάρ
758 1459 786 1510 ὁ
804 1457 947 1522 θεῖος
961 1459 1396 1530 παρακελεύεται
1414 1458 1645 1531 νόμος,ἃ
1666 1458 1817 1528 παρὰ

241 1550 348 1604 τῶν
371 1548 624 1620 πατέρων
652 1549 1071 1621 μεμαθήκαμεν,
1094 1551 1221 1614 τοὺς
1246 1550 1499 1619 ἐγγόνους
1522 1549 1812 1603 διδάσκειν.

244 1662 267 1695 ‹
288 1643 529 1710 Διδάξεις
543 1642 652 1712 γὰρ
672 1640 812 1696 αὐτὰ
832 1643 874 1707 ⁸,
916 1643 1068 1712 φησὶ,
1095 1642 1224 1706 τοὺς
1248 1641 1397 1707 υἱούς
1412 1660 1526 1707 σου,
1562 1642 1656 1695 καὶ
1692 1643 1816 1704 τοὺς

238 1736 388 1798 υἱοὺς
411 1733 522 1787 τῶν
561 1733 693 1787 υἱῶν
713 1749 807 1786 σου
830 1748 843 1763 ·
858 1724 945 1786 »οὗ
975 1733 1134 1805 χάριν
1158 1734 1252 1788 καὶ
1279 1733 1306 1787 ό
1320 1732 1818 1805 μέγαςδιδάσκαλος

240 1824 424 1890 Δαϐὶδ,
462 1843 480 1877 ι
518 1823 845 1896 Προσέχετε,
873 1824 1003 1889 λαός
1040 1842 1162 1896 μου,
1196 1824 1350 1895 φησὶ,
1383 1823 1476 1878 τὸν
1497 1824 1660 1896 νόμον
1691 1842 1814 1895 μου,

242 1919 459 1974 κλίνατε
509 1917 570 1972 τὸ
602 1913 697 1981 οὖς
736 1917 889 1989 ὑμῶν
923 1919 1005 1981 εἰς
1050 1917 1119 1972 τὰ
1161 1919 1382 1990 ῥήματα
1418 1915 1512 1971 τοῦ
1549 1916 1818 1986 στόματός

243 2027 376 2083 μουο
414 2009 611 2077 ἁνοίξω
636 2011 694 2065 ὲν
724 2008 1056 2081 παραϐολαῖς
1081 2010 1141 2063 τὸ
1165 2010 1337 2082 στόμα
1365 2026 1488 2082 μου,
1517 2009 1816 2080 φθέγξομαι

238 2101 605 2174 προϐλήματα
634 2099 729 2154 ἀπ’
758 2100 953 2171 ἀρχῆς.
987 2119 1005 2152 ι
1042 2095 1177 2154 Εἶτα
1207 2100 1424 2165 δεικνὺς
1454 2101 1620 2155 πόθεν
1642 2099 1817 2154 ταῦτα

240 2193 597 2265 μεμάθηκεν,
625 2211 645 2245 ι
677 2192 817 2246 Ὅσα
863 2190 1200 2262 ἠκούσαμεν,
1236 2192 1393 2262 φησι,
1435 2191 1530 2245 καὶ
1573 2190 1815 2262 ἔγνωμεν

239 2286 379 2340 αύτὰ
402 2287 470 2350 ⁸⁸,
497 2285 595 2339 καὶ
623 2286 672 2339 οἱ
705 2283 942 2357 πατέρες
983 2284 1141 2355 ήμῶν
1173 2284 1501 2355 διηγήσαντο
1531 2284 1683 2355 ἡμῖν,
1715 2284 1816 2337 οὐκ

239 2376 450 2447 ὲκρύὸη
474 2375 584 2429 ἀπὸ
611 2373 719 2429 τῶν
744 2373 952 2428 τέκνων
986 2373 1185 2440 αὐτῶν,
1218 2375 1299 2437 είς
1327 2372 1521 2442 γενεὰν
1551 2373 1764 2444 ἑτέραν.
1788 2391 1808 2425 ι

239 2469 350 2521 Καὶ
370 2471 469 2539 τῆς
501 2466 755 2538 γνώσεως
779 2468 877 2540 τὴν
896 2467 1071 2522 αἰτίαν
1111 2467 1397 2532 διδάσκων,
1432 2486 1450 2518 ι
1474 2466 1656 2537 Νόμον
1681 2466 1811 2538 γὰρ,

238 2561 425 2631 φησιν,
456 2559 608 2613 ἔθετο
629 2562 687 2615 ὲν
732 2560 950 2632 Ἰσραήλ
967 2576 980 2590 ’
1009 2560 1110 2614 ὃσα
1137 2559 1439 2613 ἐνετείλατο
1467 2562 1578 2623 τοῖς
1605 2560 1817 2630 πατρά-

239 2670 327 2707 σιν
348 2652 507 2725 ήμῶν
531 2654 596 2719 ¹¹,
623 2652 719 2707 τοῦ
755 2652 1024 2724 γνωρίσαι
1059 2652 1197 2706 αὐτὰ
1227 2653 1338 2715 τοῖς
1372 2652 1505 2715 υίοῖς
1535 2652 1715 2707 αὐτῶν
1746 2653 1813 2717 ¹⁹,

234 2746 390 2808 ὅπως
421 2744 487 2798 ἂν
512 2743 556 2775 ³⁸
582 2743 696 2815 γνῷ
723 2742 883 2813 γενεὰ
931 2743 1112 2815 ἑτέρα,
1158 2741 1266 2796 υἱοὶ
1308 2740 1694 2814 τεχθησόμενοι
1736 2742 1811 2775 ⁸⁸⁸

237 2835 334 2888 καὶ
380 2834 801 2906 ἀναστήσονται,
857 2833 953 2888 καὶ
1007 2832 1477 2906 ἀναγγελοῦσινλδ
1532 2832 1673 2886 αὐτὰ
1703 2836 1815 2898 τοῖς

237 2928 376 2989 υἱοῖς
402 2925 602 2979 αὐτῶν.
638 2946 657 2978 ι
696 2926 805 2980 Καὶ
829 2925 927 2997 τὴν
956 2928 1021 2980 ἐκ
1049 2928 1148 2996 τῆς
1175 2925 1520 2989 διδασκαλίας
1548 2925 1813 2995 ὠφέλειαν

1913 447 2016 502 etsi
2039 463 2230 505 omnes
2254 466 2417 507 unam
2443 452 2623 535 sopiti
2652 466 2842 508 sumus
2864 459 3335 517 naturam,tamen
3375 468 3483 507 non

1914 538 2170 595 omnibus
2209 556 2310 612 par
2353 542 2719 614 cognoscendi
2762 542 2996 598 facultas
3042 556 3306 598 concessa
3355 551 3483 598 est:

1923 647 1942 679 ι
1970 627 2278 703 Unicuique
2303 634 2449 689 enim
2482 635 2662 700 datur,
2696 634 2911 706 inquit,
2954 633 3330 689 manifestatio
3362 633 3488 705 Spi-

1916 720 2058 777 ritus
2090 723 2156 778 ad
2203 724 2516 790 utilitatem,
2555 734 2611 782 et
2648 726 2741 781 alii
2800 725 3022 797 quidem
3075 740 3171 797 per
3217 725 3484 795 Spiritum

1920 810 2133 885 1054.
2156 812 2319 868 datur
2350 804 2531 870 sermo
2553 816 2872 887 sapientia;
2904 816 2995 873 alii
3026 832 3209 872 sermo
3243 817 3487 872 scientia:

1916 900 2220 955 secundum
2251 903 2501 959 eumdem
2532 904 2835 976 Spiritum;
2863 906 3019 962 alteri
3046 905 3181 963 lides
3210 907 3263 961 in
3295 907 3486 963 eodem

1918 988 2126 1061 Spiritu
2147 995 2256 1058 ι,›“
2282 1002 2333 1048 et
2369 1010 2490 1066 quae
2516 996 2773 1067 deinceps
2799 1009 3125 1069 sequuntur,
3160 1000 3342 1055 omnia
3371 1005 3488 1070 pari

1917 1079 2207 1140 divisionis
2277 1087 2489 1143 ratione
2538 1088 2837 1145 distributa
2891 1091 3082 1145 :nibil
3123 1106 3230 1157 me,
3280 1092 3423 1162 quod
3457 1106 3488 1146 a

1917 1175 2129 1231 ratione
2159 1177 2477 1246 abhorreat,
2502 1181 2745 1237 arbitror
2766 1180 3040 1238 facturum
3061 1199 3201 1249 esse,
3232 1185 3276 1239 si
3303 1186 3491 1240 divina

1917 1262 2113 1319 horum
2165 1268 2368 1338 scripta
2400 1269 2784 1341 ignorantibus
2820 1273 3140 1328 eorumdem
3178 1274 3487 1329 doctrinam

1917 1351 2076 1409 libris
2110 1356 2332 1428 scriptis
2368 1358 2675 1431 impertiar,
2709 1362 2804 1433 qui
2839 1377 2870 1418 a
2910 1379 3080 1433 puero
3111 1364 3168 1419 in
3200 1365 3309 1420 illis
3351 1365 3489 1419 edu-

1917 1453 2099 1514 catus,
2126 1462 2156 1501 a
2188 1449 2372 1506 multis
2407 1453 2570 1507 etiam
2609 1453 2717 1524 piis
2758 1455 3125 1526 scriptoribus
3156 1457 3487 1513 mediocrem

1917 1539 2210 1609 quamdam
2242 1542 2612 1614 cognitionem
2644 1546 2884 1618 percepi.
2916 1546 3131 1603 Etenim
3173 1548 3359 1603 divina
3401 1548 3489 1602 lex

1918 1632 2194 1703 prtecipit,
2225 1642 2287 1689 ut
2316 1651 2437 1706 quae
2467 1651 2497 1692 a
2532 1641 2854 1708 parentibus
2883 1640 3197 1708 didicimus,
3239 1656 3301 1697 ea
3347 1641 3489 1696 lilios

1918 1732 2139 1781 nostros
2164 1727 2511 1786 edoceamus.
2541 1749 2561 1784 ι
2597 1731 2832 1789 Docebis
2846 1735 2990 1790 enim
3013 1750 3100 1801 ea,
3126 1736 3325 1805 inquit,
3347 1735 3488 1790 ﬁlios

1918 1824 2045 1873 tuos
2073 1825 2126 1873 et
2168 1830 2390 1891 nepotes
2429 1831 2554 1881 tuos
2587 1824 2639 1880 ι).
2678 1844 2698 1878 ι
2721 1825 2901 1893 Quare
2929 1818 3093 1881 etiam
3121 1843 3353 1897 magnus
3399 1826 3489 1881 ille

1916 1908 2111 1965 doctor
2141 1910 2343 1970 David:
2387 1933 2407 1968 ι
2460 1916 2758 1983 Attendite,
2804 1918 3002 1989 inquit,
3046 1919 3248 1989 populo
3293 1919 3389 1984 mi.
3416 1918 3487 1972 ad

1918 2000 2090 2071 legem
2119 2018 2319 2070 meam,
2339 2005 2605 2063 inclinate
2630 2023 2818 2064 aurem
2834 2020 3070 2065 vestram
3090 2010 3158 2064 ad
3184 2010 3347 2065 verba
3371 2012 3487 2066 oris

1918 2093 2060 2148 mei:
2099 2096 2342 2163 aperiam
2387 2097 2442 2151 in
2487 2098 2763 2168 parabolis
2793 2114 2856 2155 os
2896 2114 3100 2167 meum,
3137 2102 3334 2171 loquar
3364 2116 3491 2170 pro-

1917 2182 2224 2254 positiones
2258 2187 2327 2241 ab
2356 2186 2511 2242 initio
2543 2198 2590 2243 ε.
2636 2207 2656 2241 ι
2692 2187 2922 2253 Deinde,
2954 2190 3100 2246 unde
3138 2190 3255 2246 haec
3286 2190 3491 2246 didice-

1917 2275 2010 2341 rit,
2041 2276 2320 2333 ostendit:
2354 2295 2374 2329 ι
2418 2277 2634 2345 Quanta
2683 2280 3022 2348 audivimus,
3072 2282 3270 2352 inquit,
3299 2291 3355 2338 et
3399 2298 3493 2338 eo-

1918 2369 2211 2439 gnovimus
2239 2384 2323 2435 ea,
2355 2378 2411 2423 et
2454 2378 2637 2439 patres
2682 2372 2857 2428 nostri
2889 2381 3261 2429 narravcrunt
3295 2375 3452 2431 nobis
3474 2416 3488 2437 ,

1917 2473 2028 2513 non
2076 2468 2206 2516 sunt
2253 2462 2525 2518 occultata
2562 2478 2593 2518 a
2634 2464 2761 2520 ﬁliis
2803 2480 2993 2521 eorum
3043 2466 3098 2521 in
3140 2468 3494 2537 generatione

1919 2549 2088 2605 altera
2100 2549 2151 2605 ἀ.
2178 2569 2198 2601 ι
2222 2549 2544 2622 Docensque
2573 2553 2902 2623 cognitionis
2934 2570 3156 2611 causam
3182 2574 3198 2611 :
3232 2577 3252 2610 ι
3295 2557 3493 2629 Legem

1917 2642 2122 2712 posuit,
2142 2642 2344 2713 inquit,
2363 2644 2416 2698 in
2433 2642 2654 2700 lsraele.
2674 2644 2895 2711 Quanta
2929 2648 3209 2703 mandavit
3242 2650 3494 2718 patribus

1917 2734 2123 2790 nostris
2156 2740 2286 2789 nota
2317 2734 2497 2790 facere
2526 2750 2592 2791 ea
2624 2735 2752 2790 ﬁliis
2782 2737 2918 2802 suis,
2936 2745 2993 2791 ut
3009 2750 3307 2809 cognoscat
3331 2755 3495 2809 gene-

1916 2826 2060 2883 ratio
2104 2826 2300 2891 altera,
2335 2825 2434 2880 ﬁlii
2475 2827 2570 2897 qui
2611 2835 2948 2895 nascentur;
2994 2835 3051 2882 et
3093 2837 3412 2899 exsurgent,
3440 2837 3495 2883 et

1918 2919 2223 2977 narrabunt
2251 2935 2315 2976 ea
2342 2919 2471 2977 ﬁliis
2497 2919 2613 2976 suis
2649 2931 2695 2975 ο.
2730 2939 2750 2972 ι
2799 2918 3106 2976 Utilitatem
3137 2922 3326 2978 itidem
3374 2937 3495 2992 quae

236 3012 455 3076 δεικνὺς
505 3014 700 3083 ἐπάγει
725 3015 788 3046 η’
826 3033 845 3067 ι
905 3016 1022 3069 Ἵνα
1071 3014 1269 3069 θῶνται
1309 3014 1402 3070 ἐπὶ
1429 3016 1520 3070 τὸν
1558 3016 1690 3069 Θεὸν
1716 3016 1815 3086 τὴν

1920 3012 1987 3067 ab
2019 3013 2124 3067 hac
2166 3011 2419 3068 doctrina
2456 3011 2829 3083 proﬁciscitur
2872 3014 3280 3080 demonstrans,
3315 3015 3494 3084 subji-

238 3102 437 3156 ἐλπίδα
466 3103 666 3165 αὐτῶν,
715 3104 809 3157 καὶ
851 3105 926 3175 μὴ
962 3104 1328 3158 ἐπιλάθωνται
1362 3104 1469 3158 τῶν
1503 3104 1680 3177 ἔργων
1721 3105 1817 3159 τοῦ

237 3193 374 3246 Θεοῦ
406 3195 471 3258 ⁸⁷,
514 3194 611 3249 καὶ
638 3194 735 3258 τὰς
764 3194 984 3259 ἐντολὰς
1011 3194 1178 3248 αὐτοῦ
1211 3193 1579 3268 ὲκζητήσωσι.
1615 3214 1634 3248 ι
1674 3196 1820 3252 Ταύ-

240 3300 334 3354 την
365 3282 549 3336 τοίνυν
573 3283 671 3354 τὴν
693 3284 1044 3339 διδασκαλίαν
1071 3287 1222 3357 παρὰ
1248 3287 1357 3341 τῶν
1389 3288 1641 3359 πατέρων
1672 3289 1823 3359 δεχό-

243 3394 426 3446 μενοι,
460 3377 623 3447 χρέος
641 3375 846 3431 δίκαιον
879 3379 991 3441 τοῖς
1020 3378 1139 3448 μεθ’
1169 3379 1312 3450 ὑμᾶς
1342 3380 1652 3450 γενομένοις
1676 3380 1719 3411 ³⁸
1760 3397 1820 3433 τε

241 3468 333 3521 καὶ
363 3467 653 3537 ἐσομένοις
685 3467 994 3539 ὀφείλομεν,
1050 3470 1146 3522 καὶ
1174 3470 1444 3542 προσήκει
1484 3469 1673 3524 τούτου
1723 3471 1820 3542 τὴν

238 3557 455 3613 ἔκτισιν
484 3559 840 3629 εὐγνωμόνως
874 3561 1224 3634 ποιήσασθαι.
1248 3563 1322 3615 Οὐ
1350 3562 1507 3633 μόνον
1526 3563 1583 3617 δὲ
1606 3564 1752 3634 ἡμᾶς
1776 3564 1818 3598 ¹⁹

232 3653 262 3705 ὁ
292 3652 448 3715 θεῖος
475 3652 734 3723 διεγείρει
764 3654 945 3723 νόμος,
976 3654 1112 3708 ἀλλὰ
1145 3654 1242 3709 καὶ
1267 3654 1453 3709 πολλοὶ
1480 3655 1588 3709 τῶν
1622 3657 1821 3729 ἐπισήη

240 3760 355 3813 μων
422 3742 667 3815 συνήθων
688 3744 754 3813 ⁸⁸,
785 3745 1001 3817 θερμῶς
1045 3748 1195 3818 ἡμᾶς
1226 3747 1651 3819 λιπαρήσαντες,
1690 3747 1822 3820 θαρο

236 3836 413 3906 ρῆσαι
450 3836 539 3889 τὸν
559 3838 602 3868 ¹¹
634 3836 822 3905 ἀγῶνα
854 3836 1041 3892 τοῦτον
1069 3839 1407 3909 ¹ήνόιγκασαν.
1447 3839 1585 3912 Φέρε
1618 3842 1817 3906 τοίνυν,

232 3926 326 3981 τοῦ
372 3927 665 3982 Θειοτάτου
710 3929 908 4000 Δανιὴλ
947 3930 1045 4000 τὴν
1086 3931 1439 4002 προφητείαν,
1463 3932 1538 3996 ὡς
1561 3932 1640 3987 ἔνι
1666 3935 1822 4006 μάλι-

233 4035 355 4082 στα,
384 4019 548 4091 σαφῆ
580 4022 692 4084 τοῖς
717 4021 970 4090 ἀγνοοῦσι
1016 4023 1352 4094 ποιήσωμεν.
1386 4025 1547 4085 Ἴσως
1585 4025 1660 4093 δὲ,
1700 4027 1821 4081 οὐδὲ

228 4116 343 4176 τοῖς
402 4109 666 4181 ⁴γνώσεως
696 4111 1022 4182 ἠξιωμένοις
1069 4113 1341 4186 ἄχρηστος
1384 4111 1540 4182 οὗτος
1586 4120 1614 4172 ὁ
1660 4119 1822 4184 πόνος

233 4203 576 4271 γενήσεται·
610 4201 642 4271 ἢ
674 4202 781 4273 γὰρ
823 4202 1040 4257 πλείονα
1069 4206 1392 4276 εὑρήσουσιν
1430 4201 1505 4261 ὧν
1536 4210 1823 4279 νενομίκα-

237 4310 322 4347 σιν
345 4296 417 4359 ²¹,
465 4294 504 4366 ἢ
535 4293 602 4347 τὰ
646 4294 825 4348 αὐτῶν
870 4297 926 4350 ὲν
969 4298 1081 4360 τοῖς
1128 4299 1414 4368 ἡμετέροις
1457 4300 1818 4372 εὑρίσκοντες,

1921 3103 2033 3158 cit:
2068 3120 2092 3153 ι
2131 3102 2203 3159 Ut
2231 3110 2437 3173 ponant
2476 3103 2533 3157 in
2568 3101 2679 3159 Deo
2711 3118 2862 3175 spem
2892 3119 3072 3169 suam,
3125 3112 3180 3159 et
3222 3120 3332 3161 non
3358 3106 3494 3161 obli-

1921 3193 2206 3250 viscantur
2233 3209 2458 3265 operum
2492 3192 2608 3260 Dei,
2638 3204 2693 3250 et
2721 3195 2980 3250 mandata
3003 3195 3125 3267 ejus
3154 3195 3364 3267 1055
3396 3212 3495 3253 ex-

1922 3285 2147 3356 quirant
2183 3283 2227 3340 ί.
2268 3302 2287 3336 ι
2328 3282 2481 3339 Hanc
2528 3284 2713 3354 itaque
2749 3283 3057 3340 doctrinam
3102 3301 3133 3340 a
3173 3288 3495 3357 parentibus

1923 3384 2228 3447 acceptam,
2263 3378 2414 3431 velut
2462 3392 2539 3433 aes
2582 3377 2845 3445 alienum,
2881 3383 3013 3430 natu
3048 3378 3352 3435 minoribus
3395 3395 3494 3449 pu-

1923 3466 2090 3523 steris
2140 3466 2343 3522 nostris
2393 3466 2684 3534 debemus,
2727 3473 2999 3538 gratoque
3041 3466 3225 3521 animo
3267 3482 3366 3538 par
3411 3477 3497 3525 est

1923 3561 2259 3633 persolvere.
2304 3559 2494 3631 Neque
2547 3560 2727 3615 solum
2781 3574 2885 3616 nos
2928 3558 3115 3634 divina
3154 3559 3240 3615 lex
3268 3561 3494 3626 excitat,

1922 3670 2113 3713 verum
2146 3655 2310 3711 etiam
2346 3655 2599 3727 plerique
2624 3656 2872 3712 illustres
2902 3653 3029 3721 viri,
3060 3653 3222 3710 nobis
3255 3652 3495 3709 familia-

1923 3748 2089 3804 ritate
2110 3747 2735 3819 conjuncti,ardentiori
2766 3746 2951 3804 studio
2980 3748 3402 3816 contendentes,
3434 3760 3495 3806 ut

1871 3912 1878 3919 .
1925 3841 2029 3895 hoc
2055 3846 2334 3895 certamen
2362 3839 2628 3895 audacter
2665 3828 2954 3905 iniremus,
2993 3838 3352 3909 impulerunt.
3382 3839 3497 3912 Age

1924 3932 2111 4004 itaque
2146 3930 2454 3987 beatissimi
2496 3929 2743 3987 Danielis
2786 3932 3154 4001 prophetiam,
3182 3946 3346 4003 quam
3376 3948 3495 3986 ma-

1924 4022 2070 4079 xime
2101 4022 2249 4090 licet,
2298 4022 2507 4095 ignaris
2535 4022 2890 4093 perspicuam
2943 4022 3238 4080 iaciamus.
3274 4024 3338 4078 Et
3381 4024 3496 4079 for-

1924 4126 2075 4173 tasse
2128 4133 2200 4174 ne
2248 4117 2316 4174 iis
2368 4117 2592 4187 quidem
2638 4117 2732 4186 qui
2781 4117 3125 4188 intelligendi
3181 4118 3492 4172 facultatem

1924 4209 2211 4264 consecuti
2244 4217 2396 4273 sunt,
2433 4207 2590 4263 labor
2618 4208 2708 4262 hic
2744 4216 2937 4262 noster
2965 4209 3071 4263 erit
3098 4208 3329 4263 inutilis.
3358 4206 3494 4261 Nam

1926 4302 2012 4356 vel
2061 4301 2219 4370 plura
2269 4300 2546 4371 reperient
2581 4314 2744 4368 quam
2792 4299 2998 4368 opinati
3027 4300 3159 4362 sint,
3192 4299 3276 4353 vel
3308 4312 3406 4354 sua
3438 4298 3493 4351 in

238 4384 615 4453 βεὸαιώσουσι
636 4388 700 4456 τῇ
732 4385 987 4458 κοινωνίᾳ
1013 4387 1074 4440 τὸ
1107 4387 1210 4440 ὑπὸ
1241 4387 1391 4456 σφῶν
1415 4390 1593 4443 αὐτῶν
1625 4390 1816 4461 θηρευ·

1925 4390 2136 4449 nostris
2178 4388 2680 4459 deprehendentes,
2713 4387 2863 4457 quod
2897 4402 2927 4441 a
2952 4403 3010 4442 se
3030 4387 3345 4456 indagatum
3374 4388 3494 4444 fue-

235 4475 363 4529 θέν’
404 4475 560 4546 φιλεῖ
595 4474 702 4547 γάρ
748 4494 863 4540 πως
909 4479 941 4548 ή
985 4477 1093 4531 τῶν
1132 4477 1392 4533 πλειόνων
1426 4480 1821 4548 συγκατάθεσις

220 4568 485 4637 ,κρατύνε
498 4584 543 4620 ιν
572 4566 641 4620 τὰ
663 4567 941 4637 νοηθέντα.
973 4570 1172 4624 Τοῦτον
1199 4570 1255 4623 δὲ
1276 4571 1367 4624 τὸν
1394 4572 1680 4642 προφήτην
1723 4571 1819 4625 ἐπὶ

232 4658 331 4711 τοῦ
384 4659 663 4728 παρόντος
705 4660 1025 4730 ἑρμηνεύειν
1071 4661 1411 4732 πειρώμεθα,
1457 4663 1556 4732 οὐχ
1592 4662 1667 4726 ὡς
1712 4664 1821 4718 τῶν

234 4748 418 4802 ἄλλων
476 4749 968 4820 καταφρονοῦντες,
1022 4751 1096 4823 μὴ
1128 4754 1369 4820 γένοιτο⁶
1420 4751 1664 4816 ἅπαντας
1712 4754 1820 4827 γὰρ

236 4838 405 4911 ταμεν
454 4839 558 4892 τοῦ
592 4839 735 4894 θείου
791 4841 1106 4913 Πνεύματος
1148 4843 1388 4915 δργανα’
1439 4844 1575 4899 ἀλλὰ
1612 4846 1825 4917 πρῶτον

1922 4481 1994 4536 rit
2033 4480 2313 4535 communi
2351 4494 2628 4536 consensu
2659 4479 2965 4535 stabilient.
2996 4478 3297 4534 Consuevit
3350 4481 3493 4535 enim

1927 4570 2332 4642 quodammodo
2365 4571 2609 4640 plurium
2640 4585 2952 4624 consensus
2998 4569 3276 4625 intellecta
3308 4586 3497 4625 corro-

1926 4664 2146 4720 borare.
2180 4661 2340 4717 Hunc
2365 4670 2549 4718 autem
2585 4662 2911 4732 prophetam
2944 4662 2997 4715 in
3030 4664 3284 4731 praesenti
3314 4677 3496 4716 cona—

1926 4771 2053 4812 mur
2106 4754 2482 4827 interpretari,
2533 4769 2643 4809 non
2695 4754 2854 4824 quasi
2903 4753 3065 4818 alios,
3104 4754 3247 4823 quod
3303 4754 3491 4818 absit,

1935 4858 2614 4907 contemnentcszomnes
2661 4846 2812 4901 enim
2849 4847 3102 4903 novimus
3148 4860 3273 4902 csse
3323 4847 3493 4901 divini

306 4995 656 5065 ‘lCOl‘.Xll,
697 4996 748 5064 7,
771 4996 825 5053 9.
903 4999 931 5038 b
972 4998 1126 5054 Deut.
1161 5015 1234 5067 Iv,
1259 5002 1311 5056 9.
1391 5012 1412 5040 ο
1442 5001 1585 5060 Psal.
1618 5021 1825 5072 vavu,
1863 5006 1986 5070 l,‘2.
2063 5005 2087 5044 ά
2114 5004 2249 5060 ibid.
2281 5002 2419 5069 5,ι.
2503 5013 2525 5042 θ
2557 5000 2691 5057 ibid.
2724 4999 2782 5063 5,
2810 4998 2862 5055 6.
2947 4997 2967 5036 τ
3001 4998 3134 5056 ibid.
3161 5000 3213 5056 ’1.

1554 5164 1790 5222 νΛΙίΙιιΕ
1830 5166 2233 5225 LECTIONES.

310 5254 332 5286 ³
373 5252 481 5306 ἆπ.
517 5251 576 5323 In
605 5251 644 5305 Β
671 5255 891 5323 ponitur
928 5260 1049 5322 post
1078 5252 1364 5323 ἐλάχομεν.

230 5325 262 5376 δ
276 5324 440 5376 ,Ἄπό
448 5321 633 5386 στολος
641 5362 655 5376 .

235 5463 377 5516 illiti.
506 5463 549 5493 "
585 5465 697 5526 τοῖς
732 5462 867 5527 υἱοῖς
902 5465 1022 5517 αὐτ.
1051 5462 1177 5517 Des.
1235 5462 1369 5516 ibid.

1455 5258 1478 5289 ι
1503 5253 1760 5328 ἅπαντες.
1794 5255 1916 5312 Des.
1952 5258 2053 5311 hoc
2109 5258 2230 5311 loco
2265 5260 2316 5312 in
2348 5258 2408 5311 Β.
2484 5259 2505 5289 ⁸
2551 5275 2722 5328 συμφ.
2758 5255 2817 5312 In
2862 5257 2902 5311 Β
2933 5259 3201 5327 sequitur.
3228 5257 3303 5318 ὣς
3332 5273 3501 5323 φησιν

759 5326 781 5354 ⁸
816 5316 981 5397 ἄλλ-(ξ).
1004 5325 1045 5376 Β
1103 5316 1369 5397 ᾧίξῇιχιιι
1412 5337 1522 5397 ree.
1579 5316 1872 5379 lectfloco
1908 5327 2005 5382 cit.
2055 5328 2105 5397 θ’
2149 5327 2367 5381 δίδοται.
2407 5328 2461 5382 In
2496 5328 2537 5381 B
2560 5316 2776 5397 ponitur
2807 5336 2946 5397 ante»
2965 5316 3141 5396 λόγος,
3166 5316 3492 5397 jnxta'rec.

234 5394 571 5468 lgetiOnetn.
646 5393 727 5468 ξΒ
753 5392 1083 5468 παραδοίηνᾷ
1147 5392 1646 5468 ’διδηαύτάη-Ιριτο
1668 5397 1776 5468 fit.
1807 5404 1891 5468 est
1926 5396 2304 5468 συμβιϐάσεις.

1467 5463 1523 5537 ⁸³,
1549 5462 1635 5517 ἄν.
1659 5464 1789 5537 Des.
1830 5466 1961 5520 ibid.
1997 5462 2008 5468 ’
2042 5467 2085 5497 ¹⁵
2122 5470 2271 5535 τεχθ,
2306 5467 2502 5537 Supra,
2545 5480 2675 5522 tom.
2710 5468 2748 5533 Ι,
2795 5483 2914 5537 pag.
2978 5467 3137 5530 H50,
3182 5462 3375 5537 prmm.
3422 5463 3492 5537 οξ.

2394 5397 2436 5430 ²⁰
2473 5391 2632 5453 αὐτά.
2667 5397 2789 5452 Des.
2831 5398 2884 5451 in
2916 5395 2974 5452 Β.
3037 5391 3048 5396 ⁷
3078 5400 3119 5429 ¹¹
3161 5391 3334 5466 ήμῶν.
3371 5391 3493 5466 Des.

239 5534 288 5606 ff
325 5534 373 5606 β
400 5532 831 5606 ἀπαγγελοῦσιν.
863 5534 1261 5606 Sicqueusupra
1283 5571 1296 5596 ,
1329 5533 1448 5606 loco
1479 5531 1572 5606 cit_.
1655 5535 1697 5565 ¹⁶
1735 5535 1777 5586 Β
1806 5538 2103 5606 ἐπήγαγεν.
2186 5529 2226 5568 r7
2265 5539 2359 5592 τοῦ
2389 5529 2551 5592 θεοῦ.
2614 5529 2812 5606 Supra,
2845 5529 2964 5591 loco
3004 5538 3094 5590 cit.
3109 5529 3260 5606 {erat
3285 5529 3490 5606 αὐτος).

236 5603 282 5634 ⁸⁸
323 5604 366 5658 Β
400 5603 790 5672 γεννωμένοις.
828 5600 1045 5656 omissis
1070 5600 1179 5655 illis
1204 5619 1261 5652 τε
1288 5603 1380 5656 καὶ
1404 5600 1701 5670 ἐσομένοις.

240 5672 300 5727 Β.
385 5675 432 5705 ’ί
475 5671 599 5727 τόν.
628 5671 669 5725 Β
699 5689 882 5741 praem.
922 5674 1078 5744 πρός.
1155 5673 1198 5703 ⁸³
1239 5672 1279 5722 Β
1308 5677 1639 5743 νενοήκασιν.

584 5766 853 5829 Parnm...
889 5764 1005 5826 (ia.
1044 5761 1310 5826 LXXXI.

1787 5607 1827 5638 ‘9
1867 5609 2034 5677 ἡμᾶς.
2071 5605 2127 5662 In
2153 5606 2192 5661 Β
2219 5611 2441 5679 ponitur
2464 5618 2588 5681 post
2648 5608 2808 5671 θεῖος-

2887 5607 2931 5638 ³⁰
2975 5604 3242 5675 συνήθων.
3283 5600 3401 5654 Des.
3440 5598 3496 5655 in

3025 5760 3103 5820 ἵιθ
