  <div class='ocr_page' id='page_1' title='image "/cluster/home/n/w/nwhite01/storage/ocr_20150623/81/mdp.39015078384339/663.png"; bbox 0 0 3860 6206; ppageno 0'>
   <div class='ocr_carea' id='block_1_1' title="bbox 413 258 555 323">
    <p class='ocr_par' dir='ltr' id='par_1_1' title="bbox 413 258 555 323">
     <span class='ocr_line' id='line_1_1' title="bbox 413 258 555 323; baseline 0.007 -2"><span class='ocrx_word' id='word_1_1' title='bbox 413 258 438 321; x_wconf 70' lang='grc'>1</span> <span class='ocrx_word' id='word_1_2' title='bbox 450 260 555 323; x_wconf 72' lang='grc'><strong>259</strong></span> 
     </span>
    </p>
   </div>
   <div class='ocr_carea' id='block_1_2' title="bbox 1402 248 2663 317">
    <p class='ocr_par' dir='ltr' id='par_1_2' title="bbox 1402 248 2663 317">
     <span class='ocr_line' id='line_1_2' title="bbox 1402 248 2663 317; baseline 0 0"><span class='ocrx_word' id='word_1_3' title='bbox 1402 251 1890 317; x_wconf 75' lang='lat' dir='ltr'><strong>THEODORETI</strong></span> <span class='ocrx_word' id='word_1_4' title='bbox 1913 248 2252 312; x_wconf 82' lang='lat' dir='ltr'><strong>El’ISCUPI</strong></span> <span class='ocrx_word' id='word_1_5' title='bbox 2299 255 2663 317; x_wconf 78' lang='lat' dir='ltr'><strong>CYRENSIS</strong></span> 
     </span>
    </p>
   </div>
   <div class='ocr_carea' id='block_1_3' title="bbox 3514 256 3631 338">
    <p class='ocr_par' dir='ltr' id='par_1_3' title="bbox 3514 256 3631 338">
     <span class='ocr_line' id='line_1_3' title="bbox 3514 256 3631 338; baseline 0.068 -8"><span class='ocrx_word' id='word_1_6' title='bbox 3514 256 3631 338; x_wconf 72' lang='lat'><strong>1260‘</strong></span> 
     </span>
    </p>
   </div>
   <div class='ocr_carea' id='block_1_4' title="bbox 417 330 1990 429">
    <p class='ocr_par' dir='ltr' id='par_1_4' title="bbox 417 330 1985 420">
     <span class='ocr_line' id='line_1_4' title="bbox 417 330 1985 420; baseline -0.006 -19"><span class='ocrx_word' id='word_1_7' title='bbox 417 330 1051 420; x_wconf 34' lang='lat' dir='ltr'><strong>Spiritus&#39;iustrumcnla</strong></span> <span class='ocrx_word' id='word_1_8' title='bbox 1088 362 1099 398; x_wconf 90' lang='lat'><strong>:</strong></span> <span class='ocrx_word' id='word_1_9' title='bbox 1148 343 1240 399; x_wconf 76' lang='lat' dir='ltr'><strong>SCl&#39;</strong></span> <span class='ocrx_word' id='word_1_10' title='bbox 1276 343 1514 415; x_wconf 88' lang='lat' dir='ltr'><strong>primum</strong></span> <span class='ocrx_word' id='word_1_11' title='bbox 1547 343 1764 412; x_wconf 84' lang='lat' dir='ltr'><strong>quidem</strong></span> <span class='ocrx_word' id='word_1_12' title='bbox 1812 337 1985 410; x_wconf 83' lang='lat' dir='ltr'><strong>ipsius</strong></span> 
     </span>
    </p>
   </div>
   <div class='ocr_carea' id='block_1_5' title="bbox 2092 330 3627 429">
    <p class='ocr_par' dir='ltr' id='par_1_5' title="bbox 2092 330 3627 429">
     <span class='ocr_line' id='line_1_5' title="bbox 2092 330 3627 429; baseline 0.012 -35"><span class='ocrx_word' id='word_1_13' title='bbox 2092 341 2210 411; x_wconf 82' lang='grc' dir='ltr'>μὲν,</span> <span class='ocrx_word' id='word_1_14' title='bbox 2263 343 2343 396; x_wconf 86' lang='grc' dir='ltr'><strong>ὅτι</strong></span> <span class='ocrx_word' id='word_1_15' title='bbox 2394 343 2585 397; x_wconf 87' lang='grc' dir='ltr'>τούτου</span> <span class='ocrx_word' id='word_1_16' title='bbox 2636 345 2736 415; x_wconf 78' lang='grc' dir='ltr'><strong>τὴν</strong></span> <span class='ocrx_word' id='word_1_17' title='bbox 2784 344 3085 417; x_wconf 77' lang='grc' dir='ltr'><strong>ἑρμηνείαν</strong></span> <span class='ocrx_word' id='word_1_18' title='bbox 3129 348 3276 419; x_wconf 73' lang='grc' dir='ltr'>ἡμᾶς</span> <span class='ocrx_word' id='word_1_19' title='bbox 3319 351 3367 406; x_wconf 79' lang='lat' dir='ltr'><strong>oi</strong></span> <span class='ocrx_word' id='word_1_20' title='bbox 3412 330 3627 429; x_wconf 62' lang='grc' dir='ltr'>συνήθεις</span> 
     </span>
    </p>
   </div>
   <div class='ocr_carea' id='block_1_6' title="bbox 416 435 1978 511">
    <p class='ocr_par' dir='ltr' id='par_1_6' title="bbox 416 435 1978 511">
     <span class='ocr_line' id='line_1_6' title="bbox 416 435 1978 511; baseline -0.006 -16"><span class='ocrx_word' id='word_1_21' title='bbox 416 440 929 511; x_wconf 89' lang='lat' dir='ltr'><strong>interpretationem</strong></span> <span class='ocrx_word' id='word_1_22' title='bbox 965 453 995 491; x_wconf 90' lang='lat' dir='ltr'><strong>a</strong></span> <span class='ocrx_word' id='word_1_23' title='bbox 1026 437 1187 494; x_wconf 85' lang='lat' dir='ltr'><strong>nobis</strong></span> <span class='ocrx_word' id='word_1_24' title='bbox 1242 438 1547 494; x_wconf 76' lang='lat' dir='ltr'><strong>familiares</strong></span> <span class='ocrx_word' id='word_1_25' title='bbox 1586 435 1978 505; x_wconf 74' lang='lat' dir='ltr'><strong>elllagitarunt,</strong></span> 
     </span>
    </p>
   </div>
   <div class='ocr_carea' id='block_1_7' title="bbox 414 525 1982 603">
    <p class='ocr_par' dir='ltr' id='par_1_7' title="bbox 414 525 1982 603">
     <span class='ocr_line' id='line_1_7' title="bbox 414 525 1982 603; baseline -0.005 -16"><span class='ocrx_word' id='word_1_26' title='bbox 414 534 435 554; x_wconf 83' lang='lat'><strong><em>‘</em></strong></span> <span class='ocrx_word' id='word_1_27' title='bbox 462 546 790 603; x_wconf 71' lang='lat' dir='ltr'><strong>aequumque</strong></span> <span class='ocrx_word' id='word_1_28' title='bbox 829 528 1148 585; x_wconf 82' lang='lat' dir='ltr'><strong>censuimus</strong></span> <span class='ocrx_word' id='word_1_29' title='bbox 1192 528 1521 584; x_wconf 84' lang='lat' dir='ltr'><strong>benelicium</strong></span> <span class='ocrx_word' id='word_1_30' title='bbox 1578 528 1647 583; x_wconf 92' lang='lat' dir='ltr'><strong>iis</strong></span> <span class='ocrx_word' id='word_1_31' title='bbox 1679 528 1775 597; x_wconf 89' lang='lat' dir='ltr'><strong>qui</strong></span> <span class='ocrx_word' id='word_1_32' title='bbox 1809 525 1982 597; x_wconf 85' lang='lat' dir='ltr'><strong>petic-</strong></span> 
     </span>
    </p>
   </div>
   <div class='ocr_carea' id='block_1_8' title="bbox 415 617 1988 695">
    <p class='ocr_par' dir='ltr' id='par_1_8' title="bbox 415 617 1988 695">
     <span class='ocr_line' id='line_1_8' title="bbox 415 617 1988 695; baseline -0.005 -18"><span class='ocrx_word' id='word_1_33' title='bbox 415 632 549 679; x_wconf 86' lang='lat' dir='ltr'><strong>runt</strong></span> <span class='ocrx_word' id='word_1_34' title='bbox 602 638 707 676; x_wconf 92' lang='lat' dir='ltr'><strong>non</strong></span> <span class='ocrx_word' id='word_1_35' title='bbox 763 621 1057 695; x_wconf 78' lang='lat' dir='ltr'><strong>denegare.</strong></span> <span class='ocrx_word' id='word_1_36' title='bbox 1114 619 1388 674; x_wconf 69' lang='lat' dir='ltr'><strong>Praeterea</strong></span> <span class='ocrx_word' id='word_1_37' title='bbox 1438 617 1617 674; x_wconf 76' lang='lat' dir='ltr'><strong>effecit</strong></span> <span class='ocrx_word' id='word_1_38' title='bbox 1671 617 1988 672; x_wconf 68' lang='lat' dir='ltr'><strong>Judaeorum</strong></span> 
     </span>
    </p>
   </div>
   <div class='ocr_carea' id='block_1_9' title="bbox 417 709 1990 781">
    <p class='ocr_par' dir='ltr' id='par_1_9' title="bbox 417 709 1990 781">
     <span class='ocr_line' id='line_1_9' title="bbox 417 709 1990 781; baseline -0.004 -13"><span class='ocrx_word' id='word_1_39' title='bbox 417 712 678 775; x_wconf 79' lang='lat' dir='ltr'><strong>amentia,</strong></span> <span class='ocrx_word' id='word_1_40' title='bbox 712 720 875 780; x_wconf 86' lang='lat' dir='ltr'><strong>atque</strong></span> <span class='ocrx_word' id='word_1_41' title='bbox 907 711 1044 766; x_wconf 85' lang='lat' dir='ltr'><strong>adeo</strong></span> <span class='ocrx_word' id='word_1_42' title='bbox 1078 709 1446 781; x_wconf 87' lang='lat' dir='ltr'><strong>impudentia,</strong></span> <span class='ocrx_word' id='word_1_43' title='bbox 1480 720 1541 765; x_wconf 93' lang='lat' dir='ltr'><strong>ut</strong></span> <span class='ocrx_word' id='word_1_44' title='bbox 1584 710 1708 765; x_wconf 92' lang='lat' dir='ltr'><strong>aliis</strong></span> <span class='ocrx_word' id='word_1_45' title='bbox 1750 710 1806 764; x_wconf 91' lang='lat' dir='ltr'><strong>in</strong></span> <span class='ocrx_word' id='word_1_46' title='bbox 1852 723 1990 779; x_wconf 69' lang='lat' dir='ltr'><strong>pra:-</strong></span> 
     </span>
    </p>
   </div>
   <div class='ocr_carea' id='block_1_10' title="bbox 416 801 1990 873">
    <p class='ocr_par' dir='ltr' id='par_1_10' title="bbox 416 801 1990 873">
     <span class='ocr_line' id='line_1_10' title="bbox 416 801 1990 873; baseline -0.003 -14"><span class='ocrx_word' id='word_1_47' title='bbox 416 802 557 859; x_wconf 75' lang='lat' dir='ltr'><strong>seiiti</strong></span> <span class='ocrx_word' id='word_1_48' title='bbox 591 802 836 866; x_wconf 86' lang='lat' dir='ltr'><strong>omissis,</strong></span> <span class='ocrx_word' id='word_1_49' title='bbox 887 801 1055 872; x_wconf 89' lang='lat' dir='ltr'><strong>hujus</strong></span> <span class='ocrx_word' id='word_1_50' title='bbox 1110 802 1503 873; x_wconf 66' lang='lat' dir='ltr'><strong>praedictiones</strong></span> <span class='ocrx_word' id='word_1_51' title='bbox 1548 802 1794 857; x_wconf 90' lang='lat' dir='ltr'><strong>enudare</strong></span> <span class='ocrx_word' id='word_1_52' title='bbox 1827 809 1990 869; x_wconf 87' lang='lat' dir='ltr'><strong>atque</strong></span> 
     </span>
    </p>
   </div>
   <div class='ocr_carea' id='block_1_11' title="bbox 415 893 1990 967">
    <p class='ocr_par' dir='ltr' id='par_1_11' title="bbox 415 893 1990 967">
     <span class='ocr_line' id='line_1_11' title="bbox 415 893 1990 967; baseline -0.004 -15"><span class='ocrx_word' id='word_1_53' title='bbox 415 896 631 967; x_wconf 83' lang='lat' dir='ltr'><strong>aperire</strong></span> <span class='ocrx_word' id='word_1_54' title='bbox 686 894 1091 965; x_wconf 78' lang='lat' dir='ltr'><strong>aggrediamur.</strong></span> <span class='ocrx_word' id='word_1_55' title='bbox 1158 894 1442 966; x_wconf 86' lang='lat' dir='ltr'><strong>Siquidem</strong></span> <span class='ocrx_word' id='word_1_56' title='bbox 1500 910 1567 950; x_wconf 89' lang='lat' dir='ltr'><strong>eo</strong></span> <span class='ocrx_word' id='word_1_57' title='bbox 1633 893 1990 964; x_wconf 69' lang='lat' dir='ltr'><strong>impudentia:</strong></span> 
     </span>
    </p>
   </div>
   <div class='ocr_carea' id='block_1_12' title="bbox 415 987 1991 1059">
    <p class='ocr_par' dir='ltr' id='par_1_12' title="bbox 415 987 1991 1059">
     <span class='ocr_line' id='line_1_12' title="bbox 415 987 1991 1059; baseline 0.001 -20"><span class='ocrx_word' id='word_1_58' title='bbox 415 1004 757 1059; x_wconf 77' lang='lat' dir='ltr'><strong>processere,</strong></span> <span class='ocrx_word' id='word_1_59' title='bbox 795 996 853 1041; x_wconf 88' lang='lat' dir='ltr'><strong>ut</strong></span> <span class='ocrx_word' id='word_1_60' title='bbox 886 1003 914 1042; x_wconf 91' lang='lat' dir='ltr'><strong>a</strong></span> <span class='ocrx_word' id='word_1_61' title='bbox 950 987 1344 1059; x_wconf 83' lang='lat' dir='ltr'><strong>prophetarum</strong></span> <span class='ocrx_word' id='word_1_62' title='bbox 1380 988 1553 1042; x_wconf 88' lang='lat' dir='ltr'><strong>choro</strong></span> <span class='ocrx_word' id='word_1_63' title='bbox 1589 987 1769 1058; x_wconf 90' lang='lat' dir='ltr'><strong>ipsum</strong></span> <span class='ocrx_word' id='word_1_64' title='bbox 1807 999 1991 1055; x_wconf 83' lang='lat' dir='ltr'><strong>segre-</strong></span> 
     </span>
    </p>
   </div>
   <div class='ocr_carea' id='block_1_13' title="bbox 412 1077 1989 1152">
    <p class='ocr_par' dir='ltr' id='par_1_13' title="bbox 412 1077 1989 1152">
     <span class='ocr_line' id='line_1_13' title="bbox 412 1077 1989 1152; baseline -0.003 -16"><span class='ocrx_word' id='word_1_65' title='bbox 412 1091 563 1151; x_wconf 74' lang='lat' dir='ltr'><strong>gent,</strong></span> <span class='ocrx_word' id='word_1_66' title='bbox 592 1081 1027 1152; x_wconf 87' lang='lat' dir='ltr'><strong>propheticoque</strong></span> <span class='ocrx_word' id='word_1_67' title='bbox 1048 1087 1411 1152; x_wconf 79' lang='lat' dir='ltr'><strong>cognomento</strong></span> <span class='ocrx_word' id='word_1_68' title='bbox 1432 1079 1780 1135; x_wconf 88' lang='lat' dir='ltr'><strong>defraudcnt.</strong></span> <span class='ocrx_word' id='word_1_69' title='bbox 1804 1077 1989 1148; x_wconf 86' lang='lat' dir='ltr'><strong>Impu-</strong></span> 
     </span>
    </p>
   </div>
   <div class='ocr_carea' id='block_1_14' title="bbox 411 1173 1986 1243">
    <p class='ocr_par' dir='ltr' id='par_1_14' title="bbox 411 1173 1986 1243">
     <span class='ocr_line' id='line_1_14' title="bbox 411 1173 1986 1243; baseline -0.002 -17"><span class='ocrx_word' id='word_1_70' title='bbox 411 1175 547 1227; x_wconf 87' lang='lat' dir='ltr'><strong>dcns</strong></span> <span class='ocrx_word' id='word_1_71' title='bbox 582 1173 805 1241; x_wconf 80' lang='lat' dir='ltr'><strong>quidem</strong></span> <span class='ocrx_word' id='word_1_72' title='bbox 857 1181 1005 1228; x_wconf 88' lang='lat' dir='ltr'><strong>certe</strong></span> <span class='ocrx_word' id='word_1_73' title='bbox 1041 1173 1145 1226; x_wconf 90' lang='lat' dir='ltr'><strong>hoc</strong></span> <span class='ocrx_word' id='word_1_74' title='bbox 1191 1174 1438 1243; x_wconf 87' lang='lat' dir='ltr'><strong>ipsorum</strong></span> <span class='ocrx_word' id='word_1_75' title='bbox 1470 1182 1555 1228; x_wconf 90' lang='lat' dir='ltr'><strong>est</strong></span> <span class='ocrx_word' id='word_1_76' title='bbox 1585 1182 1986 1233; x_wconf 86' lang='lat' dir='ltr'><strong>commentum,</strong></span> 
     </span>
    </p>
   </div>
   <div class='ocr_carea' id='block_1_15' title="bbox 417 1262 1988 1336">
    <p class='ocr_par' dir='ltr' id='par_1_15' title="bbox 417 1262 1988 1336">
     <span class='ocr_line' id='line_1_15' title="bbox 417 1262 1988 1336; baseline -0.003 -16"><span class='ocrx_word' id='word_1_77' title='bbox 417 1264 630 1336; x_wconf 73' lang='lat'><strong>1056</strong></span> <span class='ocrx_word' id='word_1_78' title='bbox 660 1279 765 1317; x_wconf 88' lang='lat' dir='ltr'><strong>non</strong></span> <span class='ocrx_word' id='word_1_79' title='bbox 798 1270 981 1319; x_wconf 82' lang='lat' dir='ltr'><strong>tamen</strong></span> <span class='ocrx_word' id='word_1_80' title='bbox 1023 1264 1091 1319; x_wconf 88' lang='lat' dir='ltr'><strong>ab</strong></span> <span class='ocrx_word' id='word_1_81' title='bbox 1127 1280 1317 1319; x_wconf 86' lang='lat' dir='ltr'><strong>eorum</strong></span> <span class='ocrx_word' id='word_1_82' title='bbox 1349 1263 1454 1321; x_wconf 74' lang='lat' dir='ltr'><strong>fine</strong></span> <span class='ocrx_word' id='word_1_83' title='bbox 1489 1265 1811 1319; x_wconf 81' lang='lat' dir='ltr'><strong>abhorrens.</strong></span> <span class='ocrx_word' id='word_1_84' title='bbox 1850 1262 1988 1316; x_wconf 85' lang='lat' dir='ltr'><strong>Cum</strong></span> 
     </span>
    </p>
   </div>
   <div class='ocr_carea' id='block_1_16' title="bbox 411 1352 1989 1426">
    <p class='ocr_par' dir='ltr' id='par_1_16' title="bbox 411 1352 1989 1426">
     <span class='ocr_line' id='line_1_16' title="bbox 411 1352 1989 1426; baseline -0.003 -15"><span class='ocrx_word' id='word_1_85' title='bbox 411 1360 556 1411; x_wconf 88' lang='lat' dir='ltr'><strong>cnim</strong></span> <span class='ocrx_word' id='word_1_86' title='bbox 593 1356 765 1410; x_wconf 89' lang='lat' dir='ltr'><strong>multo</strong></span> <span class='ocrx_word' id='word_1_87' title='bbox 801 1356 1068 1425; x_wconf 84' lang='lat' dir='ltr'><strong>apertius,</strong></span> <span class='ocrx_word' id='word_1_88' title='bbox 1095 1371 1261 1426; x_wconf 87' lang='lat' dir='ltr'><strong>quam</strong></span> <span class='ocrx_word' id='word_1_89' title='bbox 1287 1357 1378 1410; x_wconf 85' lang='lat' dir='ltr'><strong>alii</strong></span> <span class='ocrx_word' id='word_1_90' title='bbox 1411 1371 1629 1419; x_wconf 90' lang='lat' dir='ltr'><strong>omnes,</strong></span> <span class='ocrx_word' id='word_1_91' title='bbox 1668 1354 1856 1424; x_wconf 77' lang='lat' dir='ltr'><strong>magni</strong></span> <span class='ocrx_word' id='word_1_92' title='bbox 1892 1352 1989 1407; x_wconf 86' lang='lat' dir='ltr'><strong>Dei</strong></span> 
     </span>
    </p>
   </div>
   <div class='ocr_carea' id='block_1_17' title="bbox 412 1444 1992 1517">
    <p class='ocr_par' dir='ltr' id='par_1_17' title="bbox 412 1444 1992 1517">
     <span class='ocr_line' id='line_1_17' title="bbox 412 1444 1992 1517; baseline -0.003 -14"><span class='ocrx_word' id='word_1_93' title='bbox 412 1458 466 1503; x_wconf 87' lang='lat' dir='ltr'><strong>ct</strong></span> <span class='ocrx_word' id='word_1_94' title='bbox 494 1448 800 1503; x_wconf 85' lang='lat' dir='ltr'><strong>Salvatoris</strong></span> <span class='ocrx_word' id='word_1_95' title='bbox 832 1449 1009 1503; x_wconf 88' lang='lat' dir='ltr'><strong>nostri</strong></span> <span class='ocrx_word' id='word_1_96' title='bbox 1040 1447 1173 1503; x_wconf 80' lang='lat' dir='ltr'><strong>Jesu</strong></span> <span class='ocrx_word' id='word_1_97' title='bbox 1201 1448 1411 1504; x_wconf 86' lang='lat' dir='ltr'><strong>Christi</strong></span> <span class='ocrx_word' id='word_1_98' title='bbox 1451 1446 1765 1517; x_wconf 67' lang='lat' dir='ltr'><strong>praedixerit</strong></span> <span class='ocrx_word' id='word_1_99' title='bbox 1789 1444 1992 1501; x_wconf 83' lang='lat' dir='ltr'><strong>adven-</strong></span> 
     </span>
    </p>
   </div>
   <div class='ocr_carea' id='block_1_18' title="bbox 415 1538 1992 1613">
    <p class='ocr_par' dir='ltr' id='par_1_18' title="bbox 415 1538 1992 1613">
     <span class='ocr_line' id='line_1_18' title="bbox 415 1538 1992 1613; baseline -0.003 -17"><span class='ocrx_word' id='word_1_100' title='bbox 415 1551 555 1605; x_wconf 89' lang='lat' dir='ltr'><strong>tum,</strong></span> <span class='ocrx_word' id='word_1_101' title='bbox 594 1556 787 1613; x_wconf 15' lang='lat' dir='ltr'><strong>Aneque</strong></span> <span class='ocrx_word' id='word_1_102' title='bbox 842 1540 1022 1596; x_wconf 88' lang='lat' dir='ltr'><strong>solum</strong></span> <span class='ocrx_word' id='word_1_103' title='bbox 1076 1555 1138 1595; x_wconf 86' lang='lat' dir='ltr'><strong>ea</strong></span> <span class='ocrx_word' id='word_1_104' title='bbox 1190 1555 1311 1609; x_wconf 78' lang='lat' dir='ltr'><strong>quae</strong></span> <span class='ocrx_word' id='word_1_105' title='bbox 1365 1538 1616 1594; x_wconf 83' lang='lat' dir='ltr'><strong>facturus</strong></span> <span class='ocrx_word' id='word_1_106' title='bbox 1661 1544 1809 1592; x_wconf 86' lang='lat' dir='ltr'><strong>esset</strong></span> <span class='ocrx_word' id='word_1_107' title='bbox 1864 1543 1992 1591; x_wconf 88' lang='lat' dir='ltr'><strong>ante</strong></span> 
     </span>
    </p>
   </div>
   <div class='ocr_carea' id='block_1_19' title="bbox 412 1629 1991 1701">
    <p class='ocr_par' dir='ltr' id='par_1_19' title="bbox 412 1629 1991 1701">
     <span class='ocr_line' id='line_1_19' title="bbox 412 1629 1991 1701; baseline -0.004 -13"><span class='ocrx_word' id='word_1_108' title='bbox 412 1633 948 1696; x_wconf 82' lang='lat' dir='ltr'><strong>commemoraverit,</strong></span> <span class='ocrx_word' id='word_1_109' title='bbox 984 1631 1081 1688; x_wconf 84' lang='lat' dir='ltr'><strong>scd</strong></span> <span class='ocrx_word' id='word_1_110' title='bbox 1121 1632 1288 1687; x_wconf 86' lang='lat' dir='ltr'><strong>etiam</strong></span> <span class='ocrx_word' id='word_1_111' title='bbox 1333 1638 1553 1701; x_wconf 82' lang='lat' dir='ltr'><strong>tempus</strong></span> <span class='ocrx_word' id='word_1_112' title='bbox 1600 1629 1991 1701; x_wconf 64' lang='lat' dir='ltr'><strong>praesignifica-</strong></span> 
     </span>
    </p>
   </div>
   <div class='ocr_carea' id='block_1_20' title="bbox 410 1723 1991 1797">
    <p class='ocr_par' dir='ltr' id='par_1_20' title="bbox 410 1723 1991 1797">
     <span class='ocr_line' id='line_1_20' title="bbox 410 1723 1991 1797; baseline -0.003 -17"><span class='ocrx_word' id='word_1_113' title='bbox 410 1726 573 1797; x_wconf 76' lang='lat' dir='ltr'><strong>verit,</strong></span> <span class='ocrx_word' id='word_1_114' title='bbox 604 1739 1004 1795; x_wconf 86' lang='lat' dir='ltr'><strong>numerumque</strong></span> <span class='ocrx_word' id='word_1_115' title='bbox 1027 1725 1355 1794; x_wconf 82' lang='lat' dir='ltr'><strong>ascripserit</strong></span> <span class='ocrx_word' id='word_1_116' title='bbox 1382 1738 1674 1791; x_wconf 86' lang='lat' dir='ltr'><strong>annorum,</strong></span> <span class='ocrx_word' id='word_1_117' title='bbox 1695 1723 1788 1793; x_wconf 86' lang='lat' dir='ltr'><strong>qui</strong></span> <span class='ocrx_word' id='word_1_118' title='bbox 1819 1735 1991 1791; x_wconf 90' lang='lat' dir='ltr'><strong>usque</strong></span> 
     </span>
    </p>
   </div>
   <div class='ocr_carea' id='block_1_21' title="bbox 410 1816 1992 1884">
    <p class='ocr_par' dir='ltr' id='par_1_21' title="bbox 410 1816 1992 1884">
     <span class='ocr_line' id='line_1_21' title="bbox 410 1816 1992 1884; baseline -0.003 -12"><span class='ocrx_word' id='word_1_119' title='bbox 410 1816 481 1872; x_wconf 89' lang='lat' dir='ltr'><strong>ad</strong></span> <span class='ocrx_word' id='word_1_120' title='bbox 537 1817 687 1873; x_wconf 90' lang='lat' dir='ltr'><strong>illius</strong></span> <span class='ocrx_word' id='word_1_121' title='bbox 750 1816 1042 1871; x_wconf 74' lang='lat' dir='ltr'><strong>adventum</strong></span> <span class='ocrx_word' id='word_1_122' title='bbox 1107 1816 1473 1870; x_wconf 85' lang='lat' dir='ltr'><strong>intcrcessuri</strong></span> <span class='ocrx_word' id='word_1_123' title='bbox 1534 1823 1745 1881; x_wconf 78' lang='lat' dir='ltr'><strong>cssrnt,</strong></span> <span class='ocrx_word' id='word_1_124' title='bbox 1807 1822 1992 1884; x_wconf 81' lang='lat' dir='ltr'><strong>aperte</strong></span> 
     </span>
    </p>
   </div>
   <div class='ocr_carea' id='block_1_22' title="bbox 407 1908 1991 1980">
    <p class='ocr_par' dir='ltr' id='par_1_22' title="bbox 407 1908 1991 1980">
     <span class='ocr_line' id='line_1_22' title="bbox 407 1908 1991 1980; baseline -0.003 -13"><span class='ocrx_word' id='word_1_125' title='bbox 407 1911 683 1979; x_wconf 76' lang='lat' dir='ltr'><strong>expositis.</strong></span> <span class='ocrx_word' id='word_1_126' title='bbox 714 1910 972 1967; x_wconf 87' lang='lat' dir='ltr'><strong>omnibus</strong></span> <span class='ocrx_word' id='word_1_127' title='bbox 1006 1910 1432 1977; x_wconf 81' lang='lat' dir='ltr'><strong>calamitatibus,</strong></span> <span class='ocrx_word' id='word_1_128' title='bbox 1469 1925 1592 1980; x_wconf 70' lang='lat' dir='ltr'><strong>qure</strong></span> <span class='ocrx_word' id='word_1_129' title='bbox 1626 1916 1750 1980; x_wconf 88' lang='lat' dir='ltr'><strong>post</strong></span> <span class='ocrx_word' id='word_1_130' title='bbox 1780 1908 1991 1963; x_wconf 87' lang='lat' dir='ltr'><strong>admis-</strong></span> 
     </span>
    </p>
   </div>
   <div class='ocr_carea' id='block_1_23' title="bbox 408 2000 1989 2069">
    <p class='ocr_par' dir='ltr' id='par_1_23' title="bbox 408 2000 1989 2069">
     <span class='ocr_line' id='line_1_23' title="bbox 408 2000 1989 2069; baseline -0.003 -13"><span class='ocrx_word' id='word_1_131' title='bbox 408 2017 529 2056; x_wconf 86' lang='lat' dir='ltr'><strong>sum</strong></span> <span class='ocrx_word' id='word_1_132' title='bbox 556 2000 795 2069; x_wconf 74' lang='lat' dir='ltr'><strong>perfidia:</strong></span> <span class='ocrx_word' id='word_1_133' title='bbox 827 2002 1007 2055; x_wconf 89' lang='lat' dir='ltr'><strong>scelus</strong></span> <span class='ocrx_word' id='word_1_134' title='bbox 1031 2000 1086 2053; x_wconf 91' lang='lat' dir='ltr'><strong>in</strong></span> <span class='ocrx_word' id='word_1_135' title='bbox 1112 2014 1208 2054; x_wconf 86' lang='lat' dir='ltr'><strong>eos</strong></span> <span class='ocrx_word' id='word_1_136' title='bbox 1236 2010 1425 2055; x_wconf 81' lang='lat' dir='ltr'><strong>essent</strong></span> <span class='ocrx_word' id='word_1_137' title='bbox 1445 2001 1742 2064; x_wconf 64' lang='lat' dir='ltr'><strong>invasurae,</strong></span> <span class='ocrx_word' id='word_1_138' title='bbox 1771 2000 1989 2063; x_wconf 81' lang='lat' dir='ltr'><strong>merito,</strong></span> 
     </span>
    </p>
   </div>
   <div class='ocr_carea' id='block_1_24' title="bbox 408 2092 1994 2161">
    <p class='ocr_par' dir='ltr' id='par_1_24' title="bbox 408 2092 1994 2161">
     <span class='ocr_line' id='line_1_24' title="bbox 408 2092 1994 2161; baseline -0.001 -14"><span class='ocrx_word' id='word_1_139' title='bbox 408 2101 470 2147; x_wconf 89' lang='lat' dir='ltr'><strong>ut</strong></span> <span class='ocrx_word' id='word_1_140' title='bbox 506 2092 613 2148; x_wconf 89' lang='lat' dir='ltr'><strong>Deo</strong></span> <span class='ocrx_word' id='word_1_141' title='bbox 645 2093 851 2157; x_wconf 85' lang='lat' dir='ltr'><strong>infesti,</strong></span> <span class='ocrx_word' id='word_1_142' title='bbox 901 2102 955 2149; x_wconf 87' lang='lat' dir='ltr'><strong>et</strong></span> <span class='ocrx_word' id='word_1_143' title='bbox 989 2095 1242 2149; x_wconf 73' lang='lat' dir='ltr'><strong>veritatis</strong></span> <span class='ocrx_word' id='word_1_144' title='bbox 1290 2095 1500 2157; x_wconf 81' lang='lat' dir='ltr'><strong>hostes,</strong></span> <span class='ocrx_word' id='word_1_145' title='bbox 1554 2096 1759 2146; x_wconf 73' lang='lat' dir='ltr'><strong>audent</strong></span> <span class='ocrx_word' id='word_1_146' title='bbox 1811 2092 1994 2161; x_wconf 79' lang='lat' dir='ltr'><strong>impu-</strong></span> 
     </span>
    </p>
   </div>
   <div class='ocr_carea' id='block_1_25' title="bbox 408 2182 1993 2254">
    <p class='ocr_par' dir='ltr' id='par_1_25' title="bbox 408 2182 1993 2254">
     <span class='ocr_line' id='line_1_25' title="bbox 408 2182 1993 2254; baseline -0.001 -15"><span class='ocrx_word' id='word_1_147' title='bbox 408 2184 601 2239; x_wconf 87' lang='lat' dir='ltr'><strong>denter</strong></span> <span class='ocrx_word' id='word_1_148' title='bbox 624 2199 872 2239; x_wconf 85' lang='lat' dir='ltr'><strong>asserere</strong></span> <span class='ocrx_word' id='word_1_149' title='bbox 906 2199 1031 2240; x_wconf 89' lang='lat' dir='ltr'><strong>eum</strong></span> <span class='ocrx_word' id='word_1_150' title='bbox 1073 2199 1180 2239; x_wconf 89' lang='lat' dir='ltr'><strong>non</strong></span> <span class='ocrx_word' id='word_1_151' title='bbox 1211 2200 1335 2241; x_wconf 86' lang='lat' dir='ltr'><strong>csse</strong></span> <span class='ocrx_word' id='word_1_152' title='bbox 1374 2184 1718 2254; x_wconf 79' lang='lat' dir='ltr'><strong>prophetam,</strong></span> <span class='ocrx_word' id='word_1_153' title='bbox 1757 2182 1847 2252; x_wconf 91' lang='lat' dir='ltr'><strong>qni</strong></span> <span class='ocrx_word' id='word_1_154' title='bbox 1878 2182 1993 2237; x_wconf 67' lang='lat' dir='ltr'><strong>haec</strong></span> 
     </span>
    </p>
   </div>
   <div class='ocr_carea' id='block_1_26' title="bbox 407 2270 1991 2340">
    <p class='ocr_par' dir='ltr' id='par_1_26' title="bbox 407 2270 1991 2340">
     <span class='ocr_line' id='line_1_26' title="bbox 407 2270 1991 2340; baseline -0.004 -9"><span class='ocrx_word' id='word_1_155' title='bbox 407 2287 463 2331; x_wconf 88' lang='lat' dir='ltr'><strong>et</strong></span> <span class='ocrx_word' id='word_1_156' title='bbox 498 2273 709 2329; x_wconf 89' lang='lat' dir='ltr'><strong>iuliuita</strong></span> <span class='ocrx_word' id='word_1_157' title='bbox 752 2274 860 2327; x_wconf 80' lang='lat' dir='ltr'><strong>alia</strong></span> <span class='ocrx_word' id='word_1_158' title='bbox 900 2272 1133 2328; x_wconf 85' lang='lat' dir='ltr'><strong>ediderit</strong></span> <span class='ocrx_word' id='word_1_159' title='bbox 1165 2275 1413 2340; x_wconf 84' lang='lat' dir='ltr'><strong>oracula,</strong></span> <span class='ocrx_word' id='word_1_160' title='bbox 1457 2275 1709 2329; x_wconf 85' lang='lat' dir='ltr'><strong>sulliccre</strong></span> <span class='ocrx_word' id='word_1_161' title='bbox 1742 2270 1991 2328; x_wconf 89' lang='lat' dir='ltr'><strong>arbitrati</strong></span> 
     </span>
    </p>
   </div>
   <div class='ocr_carea' id='block_1_27' title="bbox 406 2364 1996 2424">
    <p class='ocr_par' dir='ltr' id='par_1_27' title="bbox 406 2364 1996 2424">
     <span class='ocr_line' id='line_1_27' title="bbox 406 2364 1996 2424; baseline -0.003 0"><span class='ocrx_word' id='word_1_162' title='bbox 406 2381 562 2424; x_wconf 83' lang='lat' dir='ltr'><strong>suam</strong></span> <span class='ocrx_word' id='word_1_163' title='bbox 615 2365 946 2421; x_wconf 84' lang='lat' dir='ltr'><strong>sententiam</strong></span> <span class='ocrx_word' id='word_1_164' title='bbox 990 2364 1059 2418; x_wconf 84' lang='lat' dir='ltr'><strong>ad</strong></span> <span class='ocrx_word' id='word_1_165' title='bbox 1111 2366 1214 2420; x_wconf 78' lang='lat' dir='ltr'><strong>huc</strong></span> <span class='ocrx_word' id='word_1_166' title='bbox 1266 2366 1618 2420; x_wconf 86' lang='lat' dir='ltr'><strong>mendacium</strong></span> <span class='ocrx_word' id='word_1_167' title='bbox 1664 2367 1996 2419; x_wconf 83' lang='lat' dir='ltr'><strong>confirman-</strong></span> 
     </span>
    </p>
   </div>
   <div class='ocr_carea' id='block_1_28' title="bbox 406 2455 1988 2526">
    <p class='ocr_par' dir='ltr' id='par_1_28' title="bbox 406 2455 1988 2526">
     <span class='ocr_line' id='line_1_28' title="bbox 406 2455 1988 2526; baseline -0.003 -12"><span class='ocrx_word' id='word_1_168' title='bbox 406 2459 560 2514; x_wconf 89' lang='lat' dir='ltr'><strong>dum.</strong></span> <span class='ocrx_word' id='word_1_169' title='bbox 594 2455 680 2510; x_wconf 84' lang='lat' dir='ltr'><strong>Nil</strong></span> <span class='ocrx_word' id='word_1_170' title='bbox 711 2456 910 2510; x_wconf 90' lang='lat' dir='ltr'><strong>mirum</strong></span> <span class='ocrx_word' id='word_1_171' title='bbox 943 2463 1028 2512; x_wconf 82' lang='lat' dir='ltr'><strong>est</strong></span> <span class='ocrx_word' id='word_1_172' title='bbox 1062 2465 1273 2520; x_wconf 90' lang='lat' dir='ltr'><strong>autem,</strong></span> <span class='ocrx_word' id='word_1_173' title='bbox 1307 2457 1377 2520; x_wconf 90' lang='lat' dir='ltr'><strong>si,</strong></span> <span class='ocrx_word' id='word_1_174' title='bbox 1403 2458 1495 2526; x_wconf 91' lang='lat' dir='ltr'><strong>qui</strong></span> <span class='ocrx_word' id='word_1_175' title='bbox 1529 2457 1582 2511; x_wconf 92' lang='lat' dir='ltr'><strong>in</strong></span> <span class='ocrx_word' id='word_1_176' title='bbox 1626 2457 1988 2526; x_wconf 80' lang='lat' dir='ltr'><strong>L&#39;nigcnitum</strong></span> 
     </span>
    </p>
   </div>
   <div class='ocr_carea' id='block_1_29' title="bbox 408 2548 1992 2614">
    <p class='ocr_par' dir='ltr' id='par_1_29' title="bbox 408 2548 1992 2614">
     <span class='ocr_line' id='line_1_29' title="bbox 408 2548 1992 2614; baseline -0.002 -8"><span class='ocrx_word' id='word_1_177' title='bbox 408 2559 561 2606; x_wconf 88' lang='lat' dir='ltr'><strong>tanta</strong></span> <span class='ocrx_word' id='word_1_178' title='bbox 608 2548 759 2604; x_wconf 83' lang='lat' dir='ltr'><strong>rabie</strong></span> <span class='ocrx_word' id='word_1_179' title='bbox 787 2548 1157 2614; x_wconf 87' lang='lat' dir='ltr'><strong>insanierunt,</strong></span> <span class='ocrx_word' id='word_1_180' title='bbox 1187 2549 1326 2605; x_wconf 90' lang='lat' dir='ltr'><strong>bene</strong></span> <span class='ocrx_word' id='word_1_181' title='bbox 1360 2551 1589 2604; x_wconf 68' lang='lat' dir='ltr'><strong>allectos</strong></span> <span class='ocrx_word' id='word_1_182' title='bbox 1631 2549 1845 2604; x_wconf 86' lang='lat' dir='ltr'><strong>Domini</strong></span> <span class='ocrx_word' id='word_1_183' title='bbox 1889 2549 1992 2603; x_wconf 85' lang='lat' dir='ltr'><strong>mi-</strong></span> 
     </span>
    </p>
   </div>
   <div class='ocr_carea' id='block_1_30' title="bbox 407 2640 1997 2713">
    <p class='ocr_par' dir='ltr' id='par_1_30' title="bbox 407 2640 1997 2713">
     <span class='ocr_line' id='line_1_30' title="bbox 407 2640 1997 2713; baseline 0 -17"><span class='ocrx_word' id='word_1_184' title='bbox 407 2641 617 2696; x_wconf 86' lang='lat' dir='ltr'><strong>nistros</strong></span> <span class='ocrx_word' id='word_1_185' title='bbox 647 2640 942 2695; x_wconf 84' lang='lat' dir='ltr'><strong>calumniis</strong></span> <span class='ocrx_word' id='word_1_186' title='bbox 973 2640 1341 2696; x_wconf 83' lang='lat' dir='ltr'><strong>insectantur.</strong></span> <span class='ocrx_word' id='word_1_187' title='bbox 1389 2641 1677 2700; x_wconf 83' lang='lat' dir='ltr'><strong>Prioribus</strong></span> <span class='ocrx_word' id='word_1_188' title='bbox 1712 2643 1859 2698; x_wconf 90' lang='lat' dir='ltr'><strong>enim</strong></span> <span class='ocrx_word' id='word_1_189' title='bbox 1900 2656 1997 2713; x_wconf 88' lang='lat' dir='ltr'><strong>po-_</strong></span> 
     </span>
    </p>
   </div>
   <div class='ocr_carea' id='block_1_31' title="bbox 407 2731 1993 2806">
    <p class='ocr_par' dir='ltr' id='par_1_31' title="bbox 407 2731 1993 2806">
     <span class='ocr_line' id='line_1_31' title="bbox 407 2731 1993 2806; baseline 0.003 -18"><span class='ocrx_word' id='word_1_190' title='bbox 407 2735 641 2789; x_wconf 85' lang='lat' dir='ltr'><strong>steriora</strong></span> <span class='ocrx_word' id='word_1_191' title='bbox 681 2734 1035 2788; x_wconf 83' lang='lat' dir='ltr'><strong>conveniunt.</strong></span> <span class='ocrx_word' id='word_1_192' title='bbox 1071 2731 1252 2799; x_wconf 85' lang='lat' dir='ltr'><strong>Quare</strong></span> <span class='ocrx_word' id='word_1_193' title='bbox 1298 2734 1417 2804; x_wconf 87' lang='lat' dir='ltr'><strong>ipse</strong></span> <span class='ocrx_word' id='word_1_194' title='bbox 1463 2750 1687 2806; x_wconf 85' lang='lat' dir='ltr'><strong>quoque</strong></span> <span class='ocrx_word' id='word_1_195' title='bbox 1728 2734 1993 2792; x_wconf 85' lang='lat' dir='ltr'><strong>Dominus</strong></span> 
     </span>
    </p>
   </div>
   <div class='ocr_carea' id='block_1_32' title="bbox 407 2821 1992 2896">
    <p class='ocr_par' dir='ltr' id='par_1_32' title="bbox 407 2821 1992 2896">
     <span class='ocr_line' id='line_1_32' title="bbox 407 2821 1992 2896; baseline 0.002 -17"><span class='ocrx_word' id='word_1_196' title='bbox 407 2824 521 2880; x_wconf 89' lang='lat' dir='ltr'><strong>ait:</strong></span> <span class='ocrx_word' id='word_1_197' title='bbox 567 2842 587 2877; x_wconf 84' lang='grc' dir='ltr'><strong>ι</strong></span> <span class='ocrx_word' id='word_1_198' title='bbox 638 2821 695 2877; x_wconf 88' lang='lat' dir='ltr'><strong>Si</strong></span> <span class='ocrx_word' id='word_1_199' title='bbox 729 2837 820 2877; x_wconf 87' lang='lat' dir='ltr'><strong>me</strong></span> <span class='ocrx_word' id='word_1_200' title='bbox 854 2824 1125 2893; x_wconf 84' lang='lat' dir='ltr'><strong>persecuti</strong></span> <span class='ocrx_word' id='word_1_201' title='bbox 1178 2832 1327 2889; x_wconf 88' lang='lat' dir='ltr'><strong>sunt,</strong></span> <span class='ocrx_word' id='word_1_202' title='bbox 1378 2836 1432 2880; x_wconf 89' lang='lat' dir='ltr'><strong>et</strong></span> <span class='ocrx_word' id='word_1_203' title='bbox 1494 2841 1590 2881; x_wconf 90' lang='lat' dir='ltr'><strong>vus</strong></span> <span class='ocrx_word' id='word_1_204' title='bbox 1646 2842 1992 2896; x_wconf 85' lang='lat' dir='ltr'><strong>persequen-</strong></span> 
     </span>
    </p>
   </div>
   <div class='ocr_carea' id='block_1_33' title="bbox 409 2912 1994 2985">
    <p class='ocr_par' dir='ltr' id='par_1_33' title="bbox 409 2912 1994 2985">
     <span class='ocr_line' id='line_1_33' title="bbox 409 2912 1994 2985; baseline 0.001 -15"><span class='ocrx_word' id='word_1_205' title='bbox 409 2924 500 2970; x_wconf 90' lang='lat' dir='ltr'><strong>tur</strong></span> <span class='ocrx_word' id='word_1_206' title='bbox 538 2913 606 2971; x_wconf 70' lang='grc' dir='ltr'><strong>τ’.</strong></span> <span class='ocrx_word' id='word_1_207' title='bbox 653 2931 672 2965; x_wconf 77' lang='grc' dir='ltr'>ι</span> <span class='ocrx_word' id='word_1_208' title='bbox 706 2913 783 2968; x_wconf 85' lang='lat' dir='ltr'><strong>Ac</strong></span> <span class='ocrx_word' id='word_1_209' title='bbox 827 2928 1026 2969; x_wconf 88' lang='lat' dir='ltr'><strong>rursus</strong></span> <span class='ocrx_word' id='word_1_210' title='bbox 1070 2933 1083 2970; x_wconf 87' lang='lat'><strong>:</strong></span> <span class='ocrx_word' id='word_1_211' title='bbox 1134 2932 1153 2966; x_wconf 87' lang='grc' dir='ltr'><strong>ι</strong></span> <span class='ocrx_word' id='word_1_212' title='bbox 1198 2912 1254 2968; x_wconf 89' lang='lat' dir='ltr'><strong>Si</strong></span> <span class='ocrx_word' id='word_1_213' title='bbox 1290 2916 1742 2985; x_wconf 79' lang='lat' dir='ltr'><strong>patremfamilias</strong></span> <span class='ocrx_word' id='word_1_214' title='bbox 1776 2916 1994 2973; x_wconf 87' lang='lat' dir='ltr'><strong>Beelze-</strong></span> 
     </span>
    </p>
   </div>
   <div class='ocr_carea' id='block_1_34' title="bbox 2089 432 3627 522">
    <p class='ocr_par' dir='ltr' id='par_1_34' title="bbox 2089 432 3627 522">
     <span class='ocr_line' id='line_1_34' title="bbox 2089 432 3627 522; baseline 0.007 -39"><span class='ocrx_word' id='word_1_215' title='bbox 2089 432 2422 505; x_wconf 79' lang='grc' dir='ltr'><strong>ἐπήγγειλαν</strong></span> <span class='ocrx_word' id='word_1_216' title='bbox 2447 433 2514 500; x_wconf 79' lang='grc'><strong>³³,</strong></span> <span class='ocrx_word' id='word_1_217' title='bbox 2572 435 2668 489; x_wconf 73' lang='grc' dir='ltr'>καὶ</span> <span class='ocrx_word' id='word_1_218' title='bbox 2715 437 2992 509; x_wconf 84' lang='grc' dir='ltr'>προσῆκον</span> <span class='ocrx_word' id='word_1_219' title='bbox 3018 436 3066 470; x_wconf 68' lang='grc'><strong>⁸⁸</strong></span> <span class='ocrx_word' id='word_1_220' title='bbox 3117 438 3396 510; x_wconf 82' lang='grc' dir='ltr'><strong>ἡγούμεθα</strong></span> <span class='ocrx_word' id='word_1_221' title='bbox 3424 446 3484 516; x_wconf 78' lang='grc' dir='ltr'>ἢν</span> <span class='ocrx_word' id='word_1_222' title='bbox 3511 451 3627 522; x_wconf 45' lang='lat' dir='ltr'><strong>gn}-</strong></span> 
     </span>
    </p>
   </div>
   <div class='ocr_carea' id='block_1_35' title="bbox 2091 522 3630 607">
    <p class='ocr_par' dir='ltr' id='par_1_35' title="bbox 2091 522 3630 607">
     <span class='ocr_line' id='line_1_35' title="bbox 2091 522 3630 607; baseline 0.011 -31"><span class='ocrx_word' id='word_1_223' title='bbox 2091 522 2265 595; x_wconf 81' lang='grc' dir='ltr'>θημεν</span> <span class='ocrx_word' id='word_1_224' title='bbox 2298 524 2343 556; x_wconf 76' lang='grc'><strong>’⁵</strong></span> <span class='ocrx_word' id='word_1_225' title='bbox 2404 526 2598 598; x_wconf 85' lang='grc' dir='ltr'><strong>χάριν,</strong></span> <span class='ocrx_word' id='word_1_226' title='bbox 2648 531 2854 599; x_wconf 84' lang='grc' dir='ltr'>ταύτην</span> <span class='ocrx_word' id='word_1_227' title='bbox 2912 527 3096 583; x_wconf 86' lang='grc' dir='ltr'>δοῦναι</span> <span class='ocrx_word' id='word_1_228' title='bbox 3117 532 3164 564; x_wconf 67' lang='grc'>’⁸</span> <span class='ocrx_word' id='word_1_229' title='bbox 3220 535 3332 596; x_wconf 80' lang='grc' dir='ltr'>τοῖς</span> <span class='ocrx_word' id='word_1_230' title='bbox 3386 537 3630 607; x_wconf 76' lang='grc' dir='ltr'>ῂτηκόσιν.</span> 
     </span>
    </p>
   </div>
   <div class='ocr_carea' id='block_1_36' title="bbox 2093 615 3632 688">
    <p class='ocr_par' dir='ltr' id='par_1_36' title="bbox 2093 615 3632 688">
     <span class='ocr_line' id='line_1_36' title="bbox 2093 615 3632 688; baseline 0.01 -19"><span class='ocrx_word' id='word_1_231' title='bbox 2093 615 2324 669; x_wconf 80' lang='grc' dir='ltr'><strong>Ἔπειτα</strong></span> <span class='ocrx_word' id='word_1_232' title='bbox 2358 615 2414 670; x_wconf 83' lang='grc' dir='ltr'><strong>δὲ</strong></span> <span class='ocrx_word' id='word_1_233' title='bbox 2453 619 2599 688; x_wconf 82' lang='grc' dir='ltr'>ἡμᾶς</span> <span class='ocrx_word' id='word_1_234' title='bbox 2641 619 2674 688; x_wconf 82' lang='grc' dir='ltr'>ἠ</span> <span class='ocrx_word' id='word_1_235' title='bbox 2719 619 2990 673; x_wconf 76' lang='grc' dir='ltr'><strong>Ἰουδαίων</strong></span> <span class='ocrx_word' id='word_1_236' title='bbox 3022 620 3178 675; x_wconf 75' lang='grc' dir='ltr'>ἄνοια</span> <span class='ocrx_word' id='word_1_237' title='bbox 3209 639 3268 675; x_wconf 90' lang='grc' dir='ltr'><strong>τε</strong></span> <span class='ocrx_word' id='word_1_238' title='bbox 3293 624 3384 677; x_wconf 71' lang='grc' dir='ltr'><strong>καὶ</strong></span> <span class='ocrx_word' id='word_1_239' title='bbox 3419 627 3632 686; x_wconf 75' lang='grc' dir='ltr'>ἀναίδεια</span> 
     </span>
    </p>
   </div>
   <div class='ocr_carea' id='block_1_37' title="bbox 2091 710 3633 788">
    <p class='ocr_par' dir='ltr' id='par_1_37' title="bbox 2091 710 3633 788">
     <span class='ocr_line' id='line_1_37' title="bbox 2091 710 3633 788; baseline 0.01 -26"><span class='ocrx_word' id='word_1_240' title='bbox 2091 710 2502 781; x_wconf 74' lang='grc' dir='ltr'><strong>παρασκευάζει</strong></span> <span class='ocrx_word' id='word_1_241' title='bbox 2536 713 2662 776; x_wconf 70' lang='grc' dir='ltr'>τοὺς</span> <span class='ocrx_word' id='word_1_242' title='bbox 2694 712 2794 782; x_wconf 85' lang='grc' dir='ltr'>μὲν</span> <span class='ocrx_word' id='word_1_243' title='bbox 2820 712 3012 778; x_wconf 79' lang='grc' dir='ltr'>ἄλλους</span> <span class='ocrx_word' id='word_1_244' title='bbox 3042 715 3100 767; x_wconf 81' lang='grc' dir='ltr'>ἐν</span> <span class='ocrx_word' id='word_1_245' title='bbox 3129 715 3207 787; x_wconf 77' lang='grc' dir='ltr'><strong>τῷ</strong></span> <span class='ocrx_word' id='word_1_246' title='bbox 3241 719 3457 788; x_wconf 83' lang='grc' dir='ltr'>παρόντι</span> <span class='ocrx_word' id='word_1_247' title='bbox 3485 740 3633 778; x_wconf 84' lang='grc' dir='ltr'>κατα-</span> 
     </span>
    </p>
   </div>
   <div class='ocr_carea' id='block_1_38' title="bbox 2090 798 3635 885">
    <p class='ocr_par' dir='ltr' id='par_1_38' title="bbox 2090 798 3635 885">
     <span class='ocr_line' id='line_1_38' title="bbox 2090 798 3635 885; baseline 0.011 -33"><span class='ocrx_word' id='word_1_248' title='bbox 2090 798 2289 867; x_wconf 81' lang='grc' dir='ltr'>λιπεῖν,</span> <span class='ocrx_word' id='word_1_249' title='bbox 2320 800 2418 865; x_wconf 85' lang='grc' dir='ltr'><strong>τὰς</strong></span> <span class='ocrx_word' id='word_1_250' title='bbox 2443 801 2501 854; x_wconf 83' lang='grc' dir='ltr'><strong>δὲ</strong></span> <span class='ocrx_word' id='word_1_251' title='bbox 2525 802 2715 855; x_wconf 79' lang='grc' dir='ltr'>τούτου</span> <span class='ocrx_word' id='word_1_252' title='bbox 2751 805 3087 876; x_wconf 77' lang='grc' dir='ltr'>προρρήσεις</span> <span class='ocrx_word' id='word_1_253' title='bbox 3109 808 3368 877; x_wconf 75' lang='grc' dir='ltr'><strong>γυμνοῦν,</strong></span> <span class='ocrx_word' id='word_1_254' title='bbox 3393 812 3478 864; x_wconf 80' lang='grc' dir='ltr'>καὶ</span> <span class='ocrx_word' id='word_1_255' title='bbox 3494 814 3635 885; x_wconf 73' lang='grc' dir='ltr'>δήλας</span> 
     </span>
    </p>
   </div>
   <div class='ocr_carea' id='block_1_39' title="bbox 2091 891 3635 972">
    <p class='ocr_par' dir='ltr' id='par_1_39' title="bbox 2091 891 3635 972">
     <span class='ocr_line' id='line_1_39' title="bbox 2091 891 3635 972; baseline 0.01 -29"><span class='ocrx_word' id='word_1_256' title='bbox 2091 893 2267 944; x_wconf 86' lang='grc' dir='ltr'>ποιεῖν</span> <span class='ocrx_word' id='word_1_257' title='bbox 2290 906 2304 918; x_wconf 89' lang='grc'><strong>·</strong></span> <span class='ocrx_word' id='word_1_258' title='bbox 2338 893 2418 956; x_wconf 91' lang='grc' dir='ltr'><strong>είς</strong></span> <span class='ocrx_word' id='word_1_259' title='bbox 2459 891 2569 962; x_wconf 78' lang='grc' dir='ltr'><strong>γὰρ</strong></span> <span class='ocrx_word' id='word_1_260' title='bbox 2613 892 2882 965; x_wconf 81' lang='grc' dir='ltr'><strong>τοσαύτην</strong></span> <span class='ocrx_word' id='word_1_261' title='bbox 2913 897 3300 967; x_wconf 80' lang='grc' dir='ltr'><strong>ἀναισχυντίαν</strong></span> <span class='ocrx_word' id='word_1_262' title='bbox 3330 901 3540 971; x_wconf 78' lang='grc' dir='ltr'>ῆλασαν,</span> <span class='ocrx_word' id='word_1_263' title='bbox 3574 908 3635 972; x_wconf 86' lang='grc' dir='ltr'>ὡς</span> 
     </span>
    </p>
   </div>
   <div class='ocr_carea' id='block_1_40' title="bbox 2093 983 3635 1066">
    <p class='ocr_par' dir='ltr' id='par_1_40' title="bbox 2093 983 3635 1066">
     <span class='ocr_line' id='line_1_40' title="bbox 2093 983 3635 1066; baseline 0.01 -30"><span class='ocrx_word' id='word_1_264' title='bbox 2093 983 2186 1037; x_wconf 72' lang='grc' dir='ltr'>καὶ</span> <span class='ocrx_word' id='word_1_265' title='bbox 2218 983 2312 1036; x_wconf 90' lang='grc' dir='ltr'><strong>τοῦ</strong></span> <span class='ocrx_word' id='word_1_266' title='bbox 2341 983 2502 1055; x_wconf 86' lang='grc' dir='ltr'>χοροῦ</span> <span class='ocrx_word' id='word_1_267' title='bbox 2535 986 2644 1039; x_wconf 85' lang='grc' dir='ltr'>τῶν</span> <span class='ocrx_word' id='word_1_268' title='bbox 2685 988 2979 1059; x_wconf 79' lang='grc' dir='ltr'>προφητῶν</span> <span class='ocrx_word' id='word_1_269' title='bbox 3022 989 3214 1043; x_wconf 87' lang='grc' dir='ltr'>τοῦτον</span> <span class='ocrx_word' id='word_1_270' title='bbox 3253 993 3635 1066; x_wconf 73' lang='grc' dir='ltr'>ἀποσχοινίζειν,</span> 
     </span>
    </p>
   </div>
   <div class='ocr_carea' id='block_1_41' title="bbox 2093 1074 3638 1156">
    <p class='ocr_par' dir='ltr' id='par_1_41' title="bbox 2093 1074 3638 1156">
     <span class='ocr_line' id='line_1_41' title="bbox 2093 1074 3638 1156; baseline 0.007 -26"><span class='ocrx_word' id='word_1_271' title='bbox 2093 1074 2186 1130; x_wconf 77' lang='grc' dir='ltr'>καὶ</span> <span class='ocrx_word' id='word_1_272' title='bbox 2250 1074 2422 1145; x_wconf 76' lang='grc' dir='ltr'>αὐτῆς</span> <span class='ocrx_word' id='word_1_273' title='bbox 2486 1075 2649 1130; x_wconf 78' lang='grc' dir='ltr'>αὐτὸν</span> <span class='ocrx_word' id='word_1_274' title='bbox 2721 1081 2821 1150; x_wconf 76' lang='grc' dir='ltr'>τῆς</span> <span class='ocrx_word' id='word_1_275' title='bbox 2896 1083 3243 1151; x_wconf 77' lang='grc' dir='ltr'>προφητικῆς</span> <span class='ocrx_word' id='word_1_276' title='bbox 3307 1089 3638 1156; x_wconf 71' lang='grc' dir='ltr'><strong>προσηγορίας</strong></span> 
     </span>
    </p>
   </div>
   <div class='ocr_carea' id='block_1_42' title="bbox 2093 1164 3639 1244">
    <p class='ocr_par' dir='ltr' id='par_1_42' title="bbox 2093 1164 3639 1244">
     <span class='ocr_line' id='line_1_42' title="bbox 2093 1164 3639 1244; baseline 0.011 -28"><span class='ocrx_word' id='word_1_277' title='bbox 2093 1164 2436 1235; x_wconf 84' lang='grc' dir='ltr'>ἀποστερεῖν.</span> <span class='ocrx_word' id='word_1_278' title='bbox 2470 1168 2627 1219; x_wconf 86' lang='grc' dir='ltr'>Ἔστι</span> <span class='ocrx_word' id='word_1_279' title='bbox 2668 1167 2725 1220; x_wconf 83' lang='grc' dir='ltr'><strong>δὲ</strong></span> <span class='ocrx_word' id='word_1_280' title='bbox 2764 1168 2944 1221; x_wconf 81' lang='grc' dir='ltr'>αὐτῶν</span> <span class='ocrx_word' id='word_1_281' title='bbox 2968 1172 3010 1201; x_wconf 76' lang='grc'><strong>’⁷</strong></span> <span class='ocrx_word' id='word_1_282' title='bbox 3040 1173 3255 1237; x_wconf 79' lang='grc' dir='ltr'>ἀναιδὲς</span> <span class='ocrx_word' id='word_1_283' title='bbox 3293 1176 3412 1244; x_wconf 78' lang='grc' dir='ltr'>μὲν,</span> <span class='ocrx_word' id='word_1_284' title='bbox 3438 1179 3528 1230; x_wconf 79' lang='grc' dir='ltr'>οὐκ</span> <span class='ocrx_word' id='word_1_285' title='bbox 3550 1181 3639 1233; x_wconf 74' lang='grc' dir='ltr'><strong>ἀπὸ</strong></span> 
     </span>
    </p>
   </div>
   <div class='ocr_carea' id='block_1_43' title="bbox 2095 1255 3640 1336">
    <p class='ocr_par' dir='ltr' id='par_1_43' title="bbox 2095 1255 3640 1336">
     <span class='ocr_line' id='line_1_43' title="bbox 2095 1255 3640 1336; baseline 0.011 -28"><span class='ocrx_word' id='word_1_286' title='bbox 2095 1255 2297 1309; x_wconf 80' lang='grc' dir='ltr'>σκοποῦ</span> <span class='ocrx_word' id='word_1_287' title='bbox 2350 1256 2407 1310; x_wconf 84' lang='grc' dir='ltr'>δὲ</span> <span class='ocrx_word' id='word_1_288' title='bbox 2454 1256 2514 1311; x_wconf 84' lang='grc' dir='ltr'>τὸ</span> <span class='ocrx_word' id='word_1_289' title='bbox 2564 1258 2879 1329; x_wconf 86' lang='grc' dir='ltr'>τέχνασμα·</span> <span class='ocrx_word' id='word_1_290' title='bbox 2933 1262 3122 1334; x_wconf 79' lang='grc' dir='ltr'>ἐπειδὴ</span> <span class='ocrx_word' id='word_1_291' title='bbox 3175 1266 3285 1336; x_wconf 89' lang='grc' dir='ltr'>γὰρ</span> <span class='ocrx_word' id='word_1_292' title='bbox 3346 1267 3446 1319; x_wconf 84' lang='grc' dir='ltr'>τῶν</span> <span class='ocrx_word' id='word_1_293' title='bbox 3491 1270 3640 1325; x_wconf 72' lang='grc' dir='ltr'>ἄλλων</span> 
     </span>
    </p>
   </div>
   <div class='ocr_carea' id='block_1_44' title="bbox 2094 1346 3637 1428">
    <p class='ocr_par' dir='ltr' id='par_1_44' title="bbox 2094 1346 3637 1428">
     <span class='ocr_line' id='line_1_44' title="bbox 2094 1346 3637 1428; baseline 0.012 -29"><span class='ocrx_word' id='word_1_294' title='bbox 2094 1346 2350 1400; x_wconf 77' lang='grc' dir='ltr'>ἁπάντων</span> <span class='ocrx_word' id='word_1_295' title='bbox 2380 1347 2560 1418; x_wconf 88' lang='grc' dir='ltr'>πολλῷ</span> <span class='ocrx_word' id='word_1_296' title='bbox 2610 1351 2947 1424; x_wconf 72' lang='grc' dir='ltr'>σαφέστερον</span> <span class='ocrx_word' id='word_1_297' title='bbox 2988 1355 3088 1425; x_wconf 84' lang='grc' dir='ltr'>τὴν</span> <span class='ocrx_word' id='word_1_298' title='bbox 3128 1356 3221 1410; x_wconf 88' lang='grc' dir='ltr'><strong>τοῦ</strong></span> <span class='ocrx_word' id='word_1_299' title='bbox 3265 1359 3496 1428; x_wconf 78' lang='grc' dir='ltr'>μεγάλου</span> <span class='ocrx_word' id='word_1_300' title='bbox 3525 1361 3637 1417; x_wconf 83' lang='grc' dir='ltr'>Θεοῦ</span> 
     </span>
    </p>
   </div>
   <div class='ocr_carea' id='block_1_45' title="bbox 2093 1439 3639 1524">
    <p class='ocr_par' dir='ltr' id='par_1_45' title="bbox 2093 1439 3639 1524">
     <span class='ocr_line' id='line_1_45' title="bbox 2093 1439 3639 1524; baseline 0.011 -32"><span class='ocrx_word' id='word_1_301' title='bbox 2093 1439 2187 1493; x_wconf 60' lang='grc' dir='ltr'>καὶ</span> <span class='ocrx_word' id='word_1_302' title='bbox 2246 1440 2500 1512; x_wconf 79' lang='grc' dir='ltr'><strong>Σωτῆρος</strong></span> <span class='ocrx_word' id='word_1_303' title='bbox 2554 1442 2713 1513; x_wconf 84' lang='grc' dir='ltr'>ἡμῶν</span> <span class='ocrx_word' id='word_1_304' title='bbox 2786 1444 2959 1516; x_wconf 77' lang='grc' dir='ltr'>Ἰησοῦ</span> <span class='ocrx_word' id='word_1_305' title='bbox 3011 1448 3249 1519; x_wconf 80' lang='grc' dir='ltr'>Χριστοῦ</span> <span class='ocrx_word' id='word_1_306' title='bbox 3316 1454 3639 1524; x_wconf 71' lang='grc' dir='ltr'>προεθέσπισε</span> 
     </span>
    </p>
   </div>
   <div class='ocr_carea' id='block_1_46' title="bbox 2093 1533 3639 1613">
    <p class='ocr_par' dir='ltr' id='par_1_46' title="bbox 2093 1533 3639 1613">
     <span class='ocr_line' id='line_1_46' title="bbox 2093 1533 3639 1613; baseline 0.011 -29"><span class='ocrx_word' id='word_1_307' title='bbox 2093 1535 2416 1602; x_wconf 77' lang='grc' dir='ltr'>παρουσίαν,</span> <span class='ocrx_word' id='word_1_308' title='bbox 2448 1533 2507 1586; x_wconf 85' lang='grc' dir='ltr'><strong>ού</strong></span> <span class='ocrx_word' id='word_1_309' title='bbox 2542 1534 2701 1605; x_wconf 79' lang='grc' dir='ltr'>μόνον</span> <span class='ocrx_word' id='word_1_310' title='bbox 2731 1535 2766 1589; x_wconf 75' lang='grc' dir='ltr'>ἃ</span> <span class='ocrx_word' id='word_1_311' title='bbox 2798 1540 3015 1609; x_wconf 89' lang='grc' dir='ltr'>ποιήσει</span> <span class='ocrx_word' id='word_1_312' title='bbox 3055 1543 3485 1613; x_wconf 81' lang='grc' dir='ltr'>προαγορεύσας,</span> <span class='ocrx_word' id='word_1_313' title='bbox 3527 1548 3639 1602; x_wconf 82' lang='grc' dir='ltr'><strong>ἀλλά</strong></span> 
     </span>
    </p>
   </div>
   <div class='ocr_carea' id='block_1_47' title="bbox 2092 1623 3638 1707">
    <p class='ocr_par' dir='ltr' id='par_1_47' title="bbox 2092 1623 3638 1707">
     <span class='ocr_line' id='line_1_47' title="bbox 2092 1623 3638 1707; baseline 0.01 -31"><span class='ocrx_word' id='word_1_314' title='bbox 2092 1623 2187 1677; x_wconf 77' lang='grc' dir='ltr'><strong>καὶ</strong></span> <span class='ocrx_word' id='word_1_315' title='bbox 2218 1624 2307 1679; x_wconf 79' lang='grc' dir='ltr'>τὸν</span> <span class='ocrx_word' id='word_1_316' title='bbox 2332 1624 2524 1695; x_wconf 77' lang='grc' dir='ltr'>χρόνον</span> <span class='ocrx_word' id='word_1_317' title='bbox 2546 1627 2918 1699; x_wconf 82' lang='grc' dir='ltr'>προειρηκὼς,</span> <span class='ocrx_word' id='word_1_318' title='bbox 2955 1632 3160 1685; x_wconf 72' lang='grc' dir='ltr'>καὶτὸν</span> <span class='ocrx_word' id='word_1_319' title='bbox 3186 1635 3355 1707; x_wconf 85' lang='grc' dir='ltr'>μέχρι</span> <span class='ocrx_word' id='word_1_320' title='bbox 3384 1636 3638 1707; x_wconf 67' lang='grc' dir='ltr'>τῆξαύτοῦ</span> 
     </span>
    </p>
   </div>
   <div class='ocr_carea' id='block_1_48' title="bbox 2094 1715 3641 1796">
    <p class='ocr_par' dir='ltr' id='par_1_48' title="bbox 2094 1715 3641 1796">
     <span class='ocr_line' id='line_1_48' title="bbox 2094 1715 3641 1796; baseline 0.011 -28"><span class='ocrx_word' id='word_1_321' title='bbox 2094 1715 2399 1787; x_wconf 80' lang='grc' dir='ltr'>παρουσίας</span> <span class='ocrx_word' id='word_1_322' title='bbox 2432 1716 2537 1771; x_wconf 83' lang='grc' dir='ltr'><strong>τῶν</strong></span> <span class='ocrx_word' id='word_1_323' title='bbox 2566 1718 2703 1772; x_wconf 85' lang='grc' dir='ltr'><strong>ὲτῶν</strong></span> <span class='ocrx_word' id='word_1_324' title='bbox 2732 1720 3052 1787; x_wconf 86' lang='grc' dir='ltr'>ὲντεθεικὼς</span> <span class='ocrx_word' id='word_1_325' title='bbox 3080 1725 3339 1796; x_wconf 74' lang='grc' dir='ltr'>ἀριθμὸν,</span> <span class='ocrx_word' id='word_1_326' title='bbox 3373 1729 3464 1781; x_wconf 75' lang='grc' dir='ltr'>καὶ</span> <span class='ocrx_word' id='word_1_327' title='bbox 3494 1729 3641 1785; x_wconf 78' lang='grc' dir='ltr'>ᾶπαν-</span> 
     </span>
    </p>
   </div>
   <div class='ocr_carea' id='block_1_49' title="bbox 2092 1809 3641 1891">
    <p class='ocr_par' dir='ltr' id='par_1_49' title="bbox 2092 1809 3641 1891">
     <span class='ocr_line' id='line_1_49' title="bbox 2092 1809 3641 1891; baseline 0.009 -30"><span class='ocrx_word' id='word_1_328' title='bbox 2092 1825 2161 1862; x_wconf 88' lang='grc' dir='ltr'><strong>τα</strong></span> <span class='ocrx_word' id='word_1_329' title='bbox 2180 1810 2225 1842; x_wconf 73' lang='grc'>³⁸</span> <span class='ocrx_word' id='word_1_330' title='bbox 2260 1810 2445 1879; x_wconf 78' lang='grc' dir='ltr'>σαφῶς</span> <span class='ocrx_word' id='word_1_331' title='bbox 2472 1809 2774 1876; x_wconf 82' lang='grc' dir='ltr'><strong>καταλέξας</strong></span> <span class='ocrx_word' id='word_1_332' title='bbox 2820 1813 2890 1867; x_wconf 84' lang='grc' dir='ltr'>τὰ</span> <span class='ocrx_word' id='word_1_333' title='bbox 2914 1815 3134 1880; x_wconf 78' lang='grc' dir='ltr'>τούτους</span> <span class='ocrx_word' id='word_1_334' title='bbox 3174 1818 3379 1882; x_wconf 81' lang='grc' dir='ltr'>αὐτοὺς</span> <span class='ocrx_word' id='word_1_335' title='bbox 3409 1820 3535 1890; x_wconf 81' lang='grc' dir='ltr'>μετὰ</span> <span class='ocrx_word' id='word_1_336' title='bbox 3559 1822 3641 1891; x_wconf 75' lang='grc' dir='ltr'>τὴν</span> 
     </span>
    </p>
   </div>
   <div class='ocr_carea' id='block_1_50' title="bbox 2094 1902 3639 1984">
    <p class='ocr_par' dir='ltr' id='par_1_50' title="bbox 2094 1902 3639 1984">
     <span class='ocr_line' id='line_1_50' title="bbox 2094 1902 3639 1984; baseline 0.007 -29"><span class='ocrx_word' id='word_1_337' title='bbox 2094 1902 2350 1956; x_wconf 85' lang='grc' dir='ltr'>ἀπιστίαν</span> <span class='ocrx_word' id='word_1_338' title='bbox 2373 1903 2793 1975; x_wconf 72' lang='grc' dir='ltr'>καταληψόμενα</span> <span class='ocrx_word' id='word_1_339' title='bbox 2825 1906 3068 1978; x_wconf 74' lang='grc' dir='ltr'>λυπηρὰ,</span> <span class='ocrx_word' id='word_1_340' title='bbox 3106 1910 3361 1975; x_wconf 79' lang='grc' dir='ltr'>είκότως,</span> <span class='ocrx_word' id='word_1_341' title='bbox 3410 1913 3495 1966; x_wconf 81' lang='grc' dir='ltr'>ᾶτε</span> <span class='ocrx_word' id='word_1_342' title='bbox 3525 1914 3580 1984; x_wconf 81' lang='grc' dir='ltr'><strong>δὴ</strong></span> <span class='ocrx_word' id='word_1_343' title='bbox 3602 1915 3639 1949; x_wconf 79' lang='grc'><strong>⁸⁸</strong></span> 
     </span>
    </p>
   </div>
   <div class='ocr_carea' id='block_1_51' title="bbox 2096 1994 3641 2071">
    <p class='ocr_par' dir='ltr' id='par_1_51' title="bbox 2096 1994 3641 2071">
     <span class='ocr_line' id='line_1_51' title="bbox 2096 1994 3641 2071; baseline 0.008 -26"><span class='ocrx_word' id='word_1_344' title='bbox 2096 1994 2369 2064; x_wconf 83' lang='grc' dir='ltr'>θεομισείς</span> <span class='ocrx_word' id='word_1_345' title='bbox 2419 1994 2512 2047; x_wconf 73' lang='grc' dir='ltr'>καὶ</span> <span class='ocrx_word' id='word_1_346' title='bbox 2541 1995 2640 2064; x_wconf 76' lang='grc' dir='ltr'>τῆς</span> <span class='ocrx_word' id='word_1_347' title='bbox 2672 1995 2929 2066; x_wconf 74' lang='grc' dir='ltr'>ἀληθείας</span> <span class='ocrx_word' id='word_1_348' title='bbox 2964 1998 3170 2068; x_wconf 78' lang='grc' dir='ltr'>ἐχθροὶ,</span> <span class='ocrx_word' id='word_1_349' title='bbox 3211 2000 3482 2071; x_wconf 81' lang='grc' dir='ltr'>τολμῶσιν</span> <span class='ocrx_word' id='word_1_350' title='bbox 3510 2005 3641 2059; x_wconf 80' lang='grc' dir='ltr'>ἀναι-</span> 
     </span>
    </p>
   </div>
   <div class='ocr_carea' id='block_1_52' title="bbox 2094 2086 3642 2164">
    <p class='ocr_par' dir='ltr' id='par_1_52' title="bbox 2094 2086 3642 2164">
     <span class='ocr_line' id='line_1_52' title="bbox 2094 2086 3642 2164; baseline 0.005 -25"><span class='ocrx_word' id='word_1_351' title='bbox 2094 2086 2200 2149; x_wconf 85' lang='grc' dir='ltr'><strong>δῶς</strong></span> <span class='ocrx_word' id='word_1_352' title='bbox 2223 2086 2403 2154; x_wconf 75' lang='grc' dir='ltr'>λέγειν</span> <span class='ocrx_word' id='word_1_353' title='bbox 2428 2086 2472 2118; x_wconf 83' lang='grc'><strong>³⁰</strong></span> <span class='ocrx_word' id='word_1_354' title='bbox 2520 2086 2596 2151; x_wconf 86' lang='grc' dir='ltr'><strong>ὡς</strong></span> <span class='ocrx_word' id='word_1_355' title='bbox 2639 2088 2738 2142; x_wconf 75' lang='grc' dir='ltr'>οὐκ</span> <span class='ocrx_word' id='word_1_356' title='bbox 2768 2089 2882 2142; x_wconf 85' lang='grc' dir='ltr'>ἔστι</span> <span class='ocrx_word' id='word_1_357' title='bbox 2909 2090 2949 2121; x_wconf 70' lang='grc' dir='ltr'>’ί</span> <span class='ocrx_word' id='word_1_358' title='bbox 3004 2094 3289 2164; x_wconf 63' lang='grc' dir='ltr'>προφήτης</span> <span class='ocrx_word' id='word_1_359' title='bbox 3323 2096 3352 2147; x_wconf 86' lang='grc' dir='ltr'>ὁ</span> <span class='ocrx_word' id='word_1_360' title='bbox 3382 2094 3542 2149; x_wconf 84' lang='grc' dir='ltr'>ταῦτα</span> <span class='ocrx_word' id='word_1_361' title='bbox 3566 2095 3642 2149; x_wconf 85' lang='grc' dir='ltr'>καὶ</span> 
     </span>
    </p>
   </div>
   <div class='ocr_carea' id='block_1_53' title="bbox 2097 2181 3643 2259">
    <p class='ocr_par' dir='ltr' id='par_1_53' title="bbox 2097 2181 3643 2259">
     <span class='ocr_line' id='line_1_53' title="bbox 2097 2181 3643 2259; baseline 0.005 -25"><span class='ocrx_word' id='word_1_362' title='bbox 2097 2181 2269 2251; x_wconf 85' lang='grc' dir='ltr'>μυρία</span> <span class='ocrx_word' id='word_1_363' title='bbox 2295 2181 2460 2252; x_wconf 72' lang='grc' dir='ltr'>ἕτερα</span> <span class='ocrx_word' id='word_1_364' title='bbox 2479 2182 2958 2254; x_wconf 81' lang='grc' dir='ltr'>χρησμολογήσας,</span> <span class='ocrx_word' id='word_1_365' title='bbox 2992 2185 3241 2257; x_wconf 77' lang='grc' dir='ltr'>ἀποχρῆν</span> <span class='ocrx_word' id='word_1_366' title='bbox 3261 2187 3542 2257; x_wconf 80' lang='grc' dir='ltr'>ἡγούμενοι</span> <span class='ocrx_word' id='word_1_367' title='bbox 3563 2189 3643 2259; x_wconf 78' lang='grc' dir='ltr'><strong>τὴν</strong></span> 
     </span>
    </p>
   </div>
   <div class='ocr_carea' id='block_1_54' title="bbox 2094 2272 3640 2349">
    <p class='ocr_par' dir='ltr' id='par_1_54' title="bbox 2094 2272 3640 2349">
     <span class='ocr_line' id='line_1_54' title="bbox 2094 2272 3640 2349; baseline 0.004 -23"><span class='ocrx_word' id='word_1_368' title='bbox 2094 2272 2302 2326; x_wconf 82' lang='grc' dir='ltr'>οἰκείαν</span> <span class='ocrx_word' id='word_1_369' title='bbox 2355 2273 2629 2341; x_wconf 81' lang='grc' dir='ltr'>ἀπόφασιν</span> <span class='ocrx_word' id='word_1_370' title='bbox 2675 2275 2755 2336; x_wconf 86' lang='grc' dir='ltr'><strong>είς</strong></span> <span class='ocrx_word' id='word_1_371' title='bbox 2799 2274 2902 2346; x_wconf 82' lang='grc' dir='ltr'>τὴν</span> <span class='ocrx_word' id='word_1_372' title='bbox 2943 2275 3039 2328; x_wconf 87' lang='grc' dir='ltr'><strong>τοῦ</strong></span> <span class='ocrx_word' id='word_1_373' title='bbox 3089 2277 3325 2346; x_wconf 74' lang='grc' dir='ltr'>ψεύδους</span> <span class='ocrx_word' id='word_1_374' title='bbox 3366 2279 3640 2349; x_wconf 76' lang='grc' dir='ltr'>βεὸαίωσιν.</span> 
     </span>
    </p>
   </div>
   <div class='ocr_carea' id='block_1_55' title="bbox 2095 2362 3645 2439">
    <p class='ocr_par' dir='ltr' id='par_1_55' title="bbox 2095 2362 3645 2439">
     <span class='ocr_line' id='line_1_55' title="bbox 2095 2362 3645 2439; baseline 0.005 -23"><span class='ocrx_word' id='word_1_375' title='bbox 2095 2362 2418 2434; x_wconf 83' lang='grc' dir='ltr'>Θαυμαστὸν</span> <span class='ocrx_word' id='word_1_376' title='bbox 2446 2365 2501 2418; x_wconf 83' lang='grc' dir='ltr'>δὲ</span> <span class='ocrx_word' id='word_1_377' title='bbox 2530 2365 2703 2431; x_wconf 80' lang='grc' dir='ltr'>οὐδὲν,</span> <span class='ocrx_word' id='word_1_378' title='bbox 2736 2366 2784 2418; x_wconf 89' lang='grc' dir='ltr'>εἰ</span> <span class='ocrx_word' id='word_1_379' title='bbox 2815 2367 2958 2420; x_wconf 72' lang='grc' dir='ltr'>κατὰ</span> <span class='ocrx_word' id='word_1_380' title='bbox 2980 2368 3023 2398; x_wconf 78' lang='grc'><strong>³⁸</strong></span> <span class='ocrx_word' id='word_1_381' title='bbox 3053 2369 3146 2421; x_wconf 88' lang='grc' dir='ltr'><strong>τοῦ</strong></span> <span class='ocrx_word' id='word_1_382' title='bbox 3182 2371 3520 2439; x_wconf 83' lang='grc' dir='ltr'>Μονογενοῦς</span> <span class='ocrx_word' id='word_1_383' title='bbox 3542 2372 3645 2424; x_wconf 85' lang='grc' dir='ltr'>λυτ-</span> 
     </span>
    </p>
   </div>
   <div class='ocr_carea' id='block_1_56' title="bbox 2094 2456 3643 2531">
    <p class='ocr_par' dir='ltr' id='par_1_56' title="bbox 2094 2456 3643 2531">
     <span class='ocr_line' id='line_1_56' title="bbox 2094 2456 3643 2531; baseline 0.003 -21"><span class='ocrx_word' id='word_1_384' title='bbox 2094 2458 2395 2529; x_wconf 84' lang='grc' dir='ltr'>τήσαντες,</span> <span class='ocrx_word' id='word_1_385' title='bbox 2441 2458 2566 2521; x_wconf 72' lang='grc' dir='ltr'>τοὺς</span> <span class='ocrx_word' id='word_1_386' title='bbox 2606 2456 2793 2522; x_wconf 76' lang='grc' dir='ltr'>εὔνους</span> <span class='ocrx_word' id='word_1_387' title='bbox 2827 2458 2921 2512; x_wconf 88' lang='grc' dir='ltr'><strong>τοῦ</strong></span> <span class='ocrx_word' id='word_1_388' title='bbox 2950 2461 3223 2514; x_wconf 83' lang='grc' dir='ltr'>Δεσπότου</span> <span class='ocrx_word' id='word_1_389' title='bbox 3280 2462 3643 2531; x_wconf 76' lang='grc' dir='ltr'>συκοφαντοῦσι</span> 
     </span>
    </p>
   </div>
   <div class='ocr_carea' id='block_1_57' title="bbox 2096 2548 3644 2625">
    <p class='ocr_par' dir='ltr' id='par_1_57' title="bbox 2096 2548 3644 2625">
     <span class='ocr_line' id='line_1_57' title="bbox 2096 2548 3644 2625; baseline 0.003 -23"><span class='ocrx_word' id='word_1_390' title='bbox 2096 2548 2433 2619; x_wconf 81' lang='grc' dir='ltr'>θεράποντας</span> <span class='ocrx_word' id='word_1_391' title='bbox 2454 2563 2468 2577; x_wconf 92' lang='grc'><strong>·</strong></span> <span class='ocrx_word' id='word_1_392' title='bbox 2502 2548 2787 2618; x_wconf 78' lang='grc' dir='ltr'>συμϐαίνει</span> <span class='ocrx_word' id='word_1_393' title='bbox 2812 2550 2921 2622; x_wconf 83' lang='grc' dir='ltr'><strong>γὰρ</strong></span> <span class='ocrx_word' id='word_1_394' title='bbox 2950 2555 3061 2616; x_wconf 84' lang='grc' dir='ltr'>τοῖς</span> <span class='ocrx_word' id='word_1_395' title='bbox 3108 2554 3405 2625; x_wconf 84' lang='grc' dir='ltr'>προτέροις</span> <span class='ocrx_word' id='word_1_396' title='bbox 3437 2553 3503 2606; x_wconf 76' lang='grc' dir='ltr'>τὰ</span> <span class='ocrx_word' id='word_1_397' title='bbox 3542 2552 3644 2607; x_wconf 70' lang='lat'><strong>62&#39;5-</strong></span> 
     </span>
    </p>
   </div>
   <div class='ocr_carea' id='block_1_58' title="bbox 2094 2639 3641 2716">
    <p class='ocr_par' dir='ltr' id='par_1_58' title="bbox 2094 2639 3641 2716">
     <span class='ocr_line' id='line_1_58' title="bbox 2094 2639 3641 2716; baseline 0.005 -25"><span class='ocrx_word' id='word_1_398' title='bbox 2094 2655 2246 2711; x_wconf 84' lang='grc' dir='ltr'>τερα.</span> <span class='ocrx_word' id='word_1_399' title='bbox 2282 2639 2372 2692; x_wconf 83' lang='grc' dir='ltr'><strong>Διὸ</strong></span> <span class='ocrx_word' id='word_1_400' title='bbox 2402 2639 2496 2692; x_wconf 76' lang='grc' dir='ltr'>καὶ</span> <span class='ocrx_word' id='word_1_401' title='bbox 2524 2641 2553 2692; x_wconf 86' lang='grc' dir='ltr'><strong>ὁ</strong></span> <span class='ocrx_word' id='word_1_402' title='bbox 2582 2640 2782 2710; x_wconf 75' lang='grc' dir='ltr'>Κύριός</span> <span class='ocrx_word' id='word_1_403' title='bbox 2818 2659 3002 2714; x_wconf 77' lang='grc' dir='ltr'>φησιν·</span> <span class='ocrx_word' id='word_1_404' title='bbox 3041 2664 3060 2696; x_wconf 79' lang='grc' dir='ltr'><strong>ι</strong></span> <span class='ocrx_word' id='word_1_405' title='bbox 3084 2644 3149 2699; x_wconf 77' lang='lat' dir='ltr'><strong>Ei</strong></span> <span class='ocrx_word' id='word_1_406' title='bbox 3176 2644 3275 2716; x_wconf 75' lang='grc' dir='ltr'><strong>ἐμὲ</strong></span> <span class='ocrx_word' id='word_1_407' title='bbox 3312 2647 3544 2712; x_wconf 79' lang='grc' dir='ltr'>ἐδίωξαν,</span> <span class='ocrx_word' id='word_1_408' title='bbox 3564 2647 3641 2700; x_wconf 81' lang='grc' dir='ltr'>καὶ</span> 
     </span>
    </p>
   </div>
   <div class='ocr_carea' id='block_1_59' title="bbox 2097 2728 3643 2808">
    <p class='ocr_par' dir='ltr' id='par_1_59' title="bbox 2097 2728 3643 2808">
     <span class='ocr_line' id='line_1_59' title="bbox 2097 2728 3643 2808; baseline 0.006 -25"><span class='ocrx_word' id='word_1_409' title='bbox 2097 2730 2240 2800; x_wconf 83' lang='grc' dir='ltr'>ὑμᾶς</span> <span class='ocrx_word' id='word_1_410' title='bbox 2265 2728 2533 2795; x_wconf 83' lang='grc' dir='ltr'>διώξουσι.</span> <span class='ocrx_word' id='word_1_411' title='bbox 2577 2748 2595 2782; x_wconf 76' lang='grc' dir='ltr'>ι</span> <span class='ocrx_word' id='word_1_412' title='bbox 2642 2732 2752 2785; x_wconf 73' lang='grc' dir='ltr'><strong>Καὶ</strong></span> <span class='ocrx_word' id='word_1_413' title='bbox 2783 2733 2944 2787; x_wconf 78' lang='grc' dir='ltr'>πάλιν</span> <span class='ocrx_word' id='word_1_414' title='bbox 2969 2751 2983 2766; x_wconf 80' lang='grc' dir='ltr'><strong>ο</strong></span> <span class='ocrx_word' id='word_1_415' title='bbox 3024 2754 3042 2787; x_wconf 82' lang='grc' dir='ltr'><strong>ι</strong></span> <span class='ocrx_word' id='word_1_416' title='bbox 3079 2736 3142 2789; x_wconf 80' lang='lat' dir='ltr'><strong>Ei</strong></span> <span class='ocrx_word' id='word_1_417' title='bbox 3173 2737 3266 2790; x_wconf 83' lang='grc' dir='ltr'>τὸν</span> <span class='ocrx_word' id='word_1_418' title='bbox 3290 2739 3643 2808; x_wconf 78' lang='grc' dir='ltr'>οἰκοδεσπότην</span> 
     </span>
    </p>
   </div>
   <div class='ocr_carea' id='block_1_60' title="bbox 2094 2823 3643 2901">
    <p class='ocr_par' dir='ltr' id='par_1_60' title="bbox 2094 2823 3643 2901">
     <span class='ocr_line' id='line_1_60' title="bbox 2094 2823 3643 2901; baseline 0.006 -25"><span class='ocrx_word' id='word_1_419' title='bbox 2094 2823 2425 2889; x_wconf 77' lang='grc' dir='ltr'>Βεελζεὸοὺό</span> <span class='ocrx_word' id='word_1_420' title='bbox 2455 2824 2800 2879; x_wconf 84' lang='grc' dir='ltr'>ἀπεκάλεσαν</span> <span class='ocrx_word' id='word_1_421' title='bbox 2828 2828 2896 2892; x_wconf 84' lang='grc'><strong>³³,</strong></span> <span class='ocrx_word' id='word_1_422' title='bbox 2934 2828 3086 2900; x_wconf 82' lang='grc' dir='ltr'>πόσῳ</span> <span class='ocrx_word' id='word_1_423' title='bbox 3110 2831 3313 2901; x_wconf 80' lang='grc' dir='ltr'>μᾶλλον</span> <span class='ocrx_word' id='word_1_424' title='bbox 3349 2834 3470 2897; x_wconf 81' lang='grc' dir='ltr'>τοὺς</span> <span class='ocrx_word' id='word_1_425' title='bbox 3494 2835 3643 2887; x_wconf 72' lang='grc' dir='ltr'>οἰκια-</span> 
     </span>
    </p>
   </div>
   <div class='ocr_carea' id='block_1_61' title="bbox 2095 2917 3644 2996">
    <p class='ocr_par' dir='ltr' id='par_1_61' title="bbox 2095 2917 3644 2996">
     <span class='ocr_line' id='line_1_61' title="bbox 2095 2917 3644 2996; baseline 0.004 -26"><span class='ocrx_word' id='word_1_426' title='bbox 2095 2918 2225 2981; x_wconf 75' lang='grc' dir='ltr'>κοὺς</span> <span class='ocrx_word' id='word_1_427' title='bbox 2261 2917 2463 2986; x_wconf 76' lang='grc' dir='ltr'>αὐτοῦς</span> <span class='ocrx_word' id='word_1_428' title='bbox 2517 2937 2535 2969; x_wconf 76' lang='grc' dir='ltr'>ι</span> <span class='ocrx_word' id='word_1_429' title='bbox 2588 2918 2707 2972; x_wconf 78' lang='grc' dir='ltr'>Ἵνα</span> <span class='ocrx_word' id='word_1_430' title='bbox 2737 2918 2793 2971; x_wconf 84' lang='grc' dir='ltr'><strong>δὲ</strong></span> <span class='ocrx_word' id='word_1_431' title='bbox 2820 2921 2884 2973; x_wconf 81' lang='grc' dir='ltr'>ὲκ</span> <span class='ocrx_word' id='word_1_432' title='bbox 2919 2921 3115 2976; x_wconf 86' lang='grc' dir='ltr'>πολλοῦ</span> <span class='ocrx_word' id='word_1_433' title='bbox 3141 2924 3237 2977; x_wconf 87' lang='grc' dir='ltr'><strong>τοῦ</strong></span> <span class='ocrx_word' id='word_1_434' title='bbox 3267 2926 3540 2996; x_wconf 80' lang='grc' dir='ltr'>περιόντος</span> <span class='ocrx_word' id='word_1_435' title='bbox 3563 2923 3644 2994; x_wconf 76' lang='grc' dir='ltr'><strong>τὴν</strong></span> 
     </span>
    </p>
   </div>
   <div class='ocr_carea' id='block_1_62' title="bbox 406 3006 1990 3086">
    <p class='ocr_par' dir='ltr' id='par_1_62' title="bbox 406 3006 1983 3077">
     <span class='ocr_line' id='line_1_62' title="bbox 406 3006 1983 3077; baseline -0.003 -14"><span class='ocrx_word' id='word_1_436' title='bbox 406 3008 519 3063; x_wconf 86' lang='lat' dir='ltr'><strong>bub</strong></span> <span class='ocrx_word' id='word_1_437' title='bbox 539 3016 902 3072; x_wconf 84' lang='lat' dir='ltr'><strong>vocaverunt,</strong></span> <span class='ocrx_word' id='word_1_438' title='bbox 925 3016 1131 3077; x_wconf 86' lang='lat' dir='ltr'><strong>quanto</strong></span> <span class='ocrx_word' id='word_1_439' title='bbox 1163 3008 1340 3077; x_wconf 78' lang='lat' dir='ltr'><strong>magis</strong></span> <span class='ocrx_word' id='word_1_440' title='bbox 1362 3007 1699 3063; x_wconf 88' lang='lat' dir='ltr'><strong>domesticos</strong></span> <span class='ocrx_word' id='word_1_441' title='bbox 1724 3007 1847 3076; x_wconf 87' lang='lat' dir='ltr'><strong>ejus</strong></span> <span class='ocrx_word' id='word_1_442' title='bbox 1877 3006 1942 3061; x_wconf 72' lang='grc' dir='ltr'><strong>εἳ</strong></span> <span class='ocrx_word' id='word_1_443' title='bbox 1966 3026 1983 3059; x_wconf 73' lang='grc' dir='ltr'>ι</span> 
     </span>
    </p>
   </div>
   <div class='ocr_carea' id='block_1_63' title="bbox 2092 3006 3644 3086">
    <p class='ocr_par' dir='ltr' id='par_1_63' title="bbox 2092 3009 3644 3086">
     <span class='ocr_line' id='line_1_63' title="bbox 2092 3009 3644 3086; baseline 0.004 -23"><span class='ocrx_word' id='word_1_444' title='bbox 2092 3009 2365 3064; x_wconf 82' lang='grc' dir='ltr'>ἀναίδειαν</span> <span class='ocrx_word' id='word_1_445' title='bbox 2391 3010 2572 3065; x_wconf 78' lang='grc' dir='ltr'>αὐτῶν</span> <span class='ocrx_word' id='word_1_446' title='bbox 2610 3012 2994 3085; x_wconf 68' lang='grc' dir='ltr'>διελέγξωμεν,</span> <span class='ocrx_word' id='word_1_447' title='bbox 3038 3016 3343 3086; x_wconf 83' lang='grc' dir='ltr'>πυθώμεθα</span> <span class='ocrx_word' id='word_1_448' title='bbox 3375 3018 3544 3071; x_wconf 74' lang='grc' dir='ltr'>αὐτῶν</span> <span class='ocrx_word' id='word_1_449' title='bbox 3569 3016 3644 3070; x_wconf 82' lang='grc' dir='ltr'>οῦ-</span> 
     </span>
    </p>
   </div>
   <div class='ocr_carea' id='block_1_64' title="bbox 409 3097 1989 3168">
    <p class='ocr_par' dir='ltr' id='par_1_64' title="bbox 409 3097 1989 3168">
     <span class='ocr_line' id='line_1_64' title="bbox 409 3097 1989 3168; baseline -0.002 -13"><span class='ocrx_word' id='word_1_450' title='bbox 409 3098 481 3155; x_wconf 87' lang='lat' dir='ltr'><strong>Ut</strong></span> <span class='ocrx_word' id='word_1_451' title='bbox 518 3105 700 3153; x_wconf 86' lang='lat' dir='ltr'><strong>autem</strong></span> <span class='ocrx_word' id='word_1_452' title='bbox 736 3097 981 3168; x_wconf 90' lang='lat' dir='ltr'><strong>ipsorum</strong></span> <span class='ocrx_word' id='word_1_453' title='bbox 1016 3098 1415 3167; x_wconf 89' lang='lat' dir='ltr'><strong>impudentiam</strong></span> <span class='ocrx_word' id='word_1_454' title='bbox 1447 3099 1664 3155; x_wconf 87' lang='lat' dir='ltr'><strong>abunde</strong></span> <span class='ocrx_word' id='word_1_455' title='bbox 1689 3099 1989 3168; x_wconf 76' lang='lat' dir='ltr'><strong>redargua-</strong></span> 
     </span>
    </p>
   </div>
   <div class='ocr_carea' id='block_1_65' title="bbox 406 3190 1991 3263">
    <p class='ocr_par' dir='ltr' id='par_1_65' title="bbox 406 3190 1991 3263">
     <span class='ocr_line' id='line_1_65' title="bbox 406 3190 1991 3263; baseline -0.001 -16"><span class='ocrx_word' id='word_1_456' title='bbox 406 3207 551 3256; x_wconf 90' lang='lat' dir='ltr'><strong>mus,</strong></span> <span class='ocrx_word' id='word_1_457' title='bbox 571 3191 644 3246; x_wconf 89' lang='lat' dir='ltr'><strong>ita</strong></span> <span class='ocrx_word' id='word_1_458' title='bbox 669 3205 764 3246; x_wconf 85' lang='lat' dir='ltr'><strong>eos</strong></span> <span class='ocrx_word' id='word_1_459' title='bbox 793 3190 1195 3261; x_wconf 73' lang='lat' dir='ltr'><strong>interrogemus</strong></span> <span class='ocrx_word' id='word_1_460' title='bbox 1226 3191 1531 3258; x_wconf 83' lang='lat' dir='ltr'><strong>:Quidnam</strong></span> <span class='ocrx_word' id='word_1_461' title='bbox 1557 3191 1836 3261; x_wconf 68' lang='lat' dir='ltr'><strong>prophetae</strong></span> <span class='ocrx_word' id='word_1_462' title='bbox 1864 3206 1991 3263; x_wconf 91' lang='lat' dir='ltr'><strong>pro-</strong></span> 
     </span>
    </p>
   </div>
   <div class='ocr_carea' id='block_1_66' title="bbox 410 3282 1990 3355">
    <p class='ocr_par' dir='ltr' id='par_1_66' title="bbox 410 3282 1990 3355">
     <span class='ocr_line' id='line_1_66' title="bbox 410 3282 1990 3355; baseline -0.003 -16"><span class='ocrx_word' id='word_1_463' title='bbox 410 3284 590 3355; x_wconf 88' lang='lat' dir='ltr'><strong>prium</strong></span> <span class='ocrx_word' id='word_1_464' title='bbox 644 3282 935 3339; x_wconf 86' lang='lat' dir='ltr'><strong>asseritis?</strong></span> <span class='ocrx_word' id='word_1_465' title='bbox 969 3283 1136 3353; x_wconf 85' lang='lat' dir='ltr'><strong>Atqui</strong></span> <span class='ocrx_word' id='word_1_466' title='bbox 1179 3283 1600 3353; x_wconf 86' lang='lat' dir='ltr'><strong>respondebunt</strong></span> <span class='ocrx_word' id='word_1_467' title='bbox 1632 3283 1871 3337; x_wconf 83' lang='lat' dir='ltr'><strong>fortasse</strong></span> <span class='ocrx_word' id='word_1_468' title='bbox 1903 3283 1990 3336; x_wconf 74' lang='grc' dir='ltr'>[ιι-</span> 
     </span>
    </p>
   </div>
   <div class='ocr_carea' id='block_1_67' title="bbox 409 3368 1988 3444">
    <p class='ocr_par' dir='ltr' id='par_1_67' title="bbox 409 3368 1988 3444">
     <span class='ocr_line' id='line_1_67' title="bbox 409 3368 1988 3444; baseline -0.001 -17"><span class='ocrx_word' id='word_1_469' title='bbox 409 3384 532 3427; x_wconf 91' lang='lat' dir='ltr'><strong>tura</strong></span> <span class='ocrx_word' id='word_1_470' title='bbox 574 3387 937 3444; x_wconf 71' lang='lat' dir='ltr'><strong>prmnosccre,</strong></span> <span class='ocrx_word' id='word_1_471' title='bbox 978 3371 1282 3443; x_wconf 87' lang='lat' dir='ltr'><strong>eademque</strong></span> <span class='ocrx_word' id='word_1_472' title='bbox 1338 3372 1655 3442; x_wconf 71' lang='lat' dir='ltr'><strong>prtedicere.</strong></span> <span class='ocrx_word' id='word_1_473' title='bbox 1688 3368 1988 3431; x_wconf 81' lang='lat' dir='ltr'><strong>Videamus</strong></span> 
     </span>
    </p>
   </div>
   <div class='ocr_carea' id='block_1_68' title="bbox 411 3462 1989 3536">
    <p class='ocr_par' dir='ltr' id='par_1_68' title="bbox 411 3462 1989 3536">
     <span class='ocr_line' id='line_1_68' title="bbox 411 3462 1989 3536; baseline -0.001 -16"><span class='ocrx_word' id='word_1_474' title='bbox 411 3469 616 3536; x_wconf 87' lang='lat' dir='ltr'><strong>itaque,</strong></span> <span class='ocrx_word' id='word_1_475' title='bbox 650 3480 719 3520; x_wconf 89' lang='lat' dir='ltr'><strong>an</strong></span> <span class='ocrx_word' id='word_1_476' title='bbox 759 3478 867 3518; x_wconf 89' lang='lat' dir='ltr'><strong>non</strong></span> <span class='ocrx_word' id='word_1_477' title='bbox 916 3463 1034 3518; x_wconf 66' lang='lat' dir='ltr'><strong>haec</strong></span> <span class='ocrx_word' id='word_1_478' title='bbox 1072 3471 1128 3520; x_wconf 90' lang='lat' dir='ltr'><strong>et</strong></span> <span class='ocrx_word' id='word_1_479' title='bbox 1180 3462 1525 3535; x_wconf 84' lang='lat' dir='ltr'><strong>praenoverit,</strong></span> <span class='ocrx_word' id='word_1_480' title='bbox 1575 3471 1632 3517; x_wconf 90' lang='lat' dir='ltr'><strong>et</strong></span> <span class='ocrx_word' id='word_1_481' title='bbox 1674 3462 1989 3533; x_wconf 64' lang='lat' dir='ltr'><strong>praedixerit</strong></span> 
     </span>
    </p>
   </div>
   <div class='ocr_carea' id='block_1_69' title="bbox 411 3554 1989 3626">
    <p class='ocr_par' dir='ltr' id='par_1_69' title="bbox 411 3554 1989 3626">
     <span class='ocr_line' id='line_1_69' title="bbox 411 3554 1989 3626; baseline -0.001 -13"><span class='ocrx_word' id='word_1_482' title='bbox 411 3559 604 3613; x_wconf 88' lang='lat' dir='ltr'><strong>beatus</strong></span> <span class='ocrx_word' id='word_1_483' title='bbox 639 3555 867 3611; x_wconf 84' lang='lat' dir='ltr'><strong>Daniel?</strong></span> <span class='ocrx_word' id='word_1_484' title='bbox 896 3554 962 3609; x_wconf 89' lang='lat' dir='ltr'><strong>Et</strong></span> <span class='ocrx_word' id='word_1_485' title='bbox 984 3571 1108 3626; x_wconf 71' lang='lat' dir='ltr'><strong>quae</strong></span> <span class='ocrx_word' id='word_1_486' title='bbox 1145 3556 1214 3612; x_wconf 89' lang='lat' dir='ltr'><strong>de</strong></span> <span class='ocrx_word' id='word_1_487' title='bbox 1242 3556 1477 3611; x_wconf 90' lang='lat' dir='ltr'><strong>Domino</strong></span> <span class='ocrx_word' id='word_1_488' title='bbox 1504 3554 1730 3610; x_wconf 84' lang='lat' dir='ltr'><strong>Christo</strong></span> <span class='ocrx_word' id='word_1_489' title='bbox 1770 3555 1989 3611; x_wconf 85' lang='lat' dir='ltr'><strong>locutus</strong></span> 
     </span>
    </p>
   </div>
   <div class='ocr_carea' id='block_1_70' title="bbox 407 3647 1990 3721">
    <p class='ocr_par' dir='ltr' id='par_1_70' title="bbox 407 3647 1990 3721">
     <span class='ocr_line' id='line_1_70' title="bbox 407 3647 1990 3721; baseline 0 -17"><span class='ocrx_word' id='word_1_490' title='bbox 407 3657 515 3715; x_wconf 91' lang='lat' dir='ltr'><strong>est,</strong></span> <span class='ocrx_word' id='word_1_491' title='bbox 548 3650 765 3705; x_wconf 86' lang='lat' dir='ltr'><strong>interim</strong></span> <span class='ocrx_word' id='word_1_492' title='bbox 798 3649 1017 3705; x_wconf 90' lang='lat' dir='ltr'><strong>silentio</strong></span> <span class='ocrx_word' id='word_1_493' title='bbox 1042 3658 1431 3721; x_wconf 64' lang='lat' dir='ltr'><strong>praetereamus</strong></span> <span class='ocrx_word' id='word_1_494' title='bbox 1460 3666 1475 3703; x_wconf 91' lang='lat'><strong>:</strong></span> <span class='ocrx_word' id='word_1_495' title='bbox 1503 3647 1637 3703; x_wconf 88' lang='lat' dir='ltr'><strong>alias</strong></span> <span class='ocrx_word' id='word_1_496' title='bbox 1660 3662 1789 3703; x_wconf 91' lang='lat' dir='ltr'><strong>vero</strong></span> <span class='ocrx_word' id='word_1_497' title='bbox 1813 3647 1990 3718; x_wconf 87' lang='lat' dir='ltr'><strong>ipsius</strong></span> 
     </span>
    </p>
   </div>
   <div class='ocr_carea' id='block_1_71' title="bbox 408 3735 1991 3808">
    <p class='ocr_par' dir='ltr' id='par_1_71' title="bbox 408 3735 1991 3808">
     <span class='ocr_line' id='line_1_71' title="bbox 408 3735 1991 3808; baseline -0.001 -15"><span class='ocrx_word' id='word_1_498' title='bbox 408 3738 788 3808; x_wconf 71' lang='lat' dir='ltr'><strong>praedictiones</strong></span> <span class='ocrx_word' id='word_1_499' title='bbox 821 3737 878 3792; x_wconf 88' lang='lat' dir='ltr'><strong>in</strong></span> <span class='ocrx_word' id='word_1_500' title='bbox 914 3738 1151 3794; x_wconf 85' lang='lat' dir='ltr'><strong>medium</strong></span> <span class='ocrx_word' id='word_1_501' title='bbox 1188 3735 1559 3808; x_wconf 86' lang='lat' dir='ltr'><strong>proferamus.</strong></span> <span class='ocrx_word' id='word_1_502' title='bbox 1605 3735 1991 3807; x_wconf 86' lang='lat' dir='ltr'><strong>Comperimus</strong></span> 
     </span>
    </p>
   </div>
   <div class='ocr_carea' id='block_1_72' title="bbox 410 3827 1992 3907">
    <p class='ocr_par' dir='ltr' id='par_1_72' title="bbox 410 3827 1992 3907">
     <span class='ocr_line' id='line_1_72' title="bbox 410 3827 1992 3907; baseline 0.001 -24"><span class='ocrx_word' id='word_1_503' title='bbox 410 3829 578 3900; x_wconf 76' lang='lat' dir='ltr'><strong>igitur</strong></span> <span class='ocrx_word' id='word_1_504' title='bbox 608 3828 1164 3907; x_wconf 76' lang='lat' dir='ltr'><strong>deBabyloniorum,</strong></span> <span class='ocrx_word' id='word_1_505' title='bbox 1199 3829 1267 3883; x_wconf 90' lang='lat' dir='ltr'><strong>de</strong></span> <span class='ocrx_word' id='word_1_506' title='bbox 1314 3827 1606 3883; x_wconf 87' lang='lat' dir='ltr'><strong>Persarum</strong></span> <span class='ocrx_word' id='word_1_507' title='bbox 1660 3828 1873 3899; x_wconf 74' lang='lat'><strong>1057</strong></span> <span class='ocrx_word' id='word_1_508' title='bbox 1926 3844 1992 3884; x_wconf 89' lang='lat' dir='ltr'><strong>ac</strong></span> 
     </span>
    </p>
   </div>
   <div class='ocr_carea' id='block_1_73' title="bbox 408 3918 1992 3989">
    <p class='ocr_par' dir='ltr' id='par_1_73' title="bbox 408 3918 1992 3989">
     <span class='ocr_line' id='line_1_73' title="bbox 408 3918 1992 3989; baseline 0.001 -16"><span class='ocrx_word' id='word_1_509' title='bbox 408 3919 793 3988; x_wconf 75' lang='lat' dir='ltr'><strong>Macedonum,</strong></span> <span class='ocrx_word' id='word_1_510' title='bbox 848 3920 916 3976; x_wconf 90' lang='lat' dir='ltr'><strong>de</strong></span> <span class='ocrx_word' id='word_1_511' title='bbox 968 3918 1344 3975; x_wconf 85' lang='lat' dir='ltr'><strong>Romanorum</strong></span> <span class='ocrx_word' id='word_1_512' title='bbox 1395 3934 1570 3989; x_wconf 79' lang='lat' dir='ltr'><strong>regno</strong></span> <span class='ocrx_word' id='word_1_513' title='bbox 1621 3920 1801 3988; x_wconf 88' lang='lat' dir='ltr'><strong>ipsum</strong></span> <span class='ocrx_word' id='word_1_514' title='bbox 1841 3934 1992 3976; x_wconf 85' lang='lat' dir='ltr'><strong>com-</strong></span> 
     </span>
    </p>
   </div>
   <div class='ocr_carea' id='block_1_74' title="bbox 410 4009 1989 4086">
    <p class='ocr_par' dir='ltr' id='par_1_74' title="bbox 410 4009 1989 4086">
     <span class='ocr_line' id='line_1_74' title="bbox 410 4009 1989 4086; baseline -0.001 -19"><span class='ocrx_word' id='word_1_515' title='bbox 410 4016 566 4085; x_wconf 87' lang='lat' dir='ltr'><strong>plura</strong></span> <span class='ocrx_word' id='word_1_516' title='bbox 597 4014 935 4086; x_wconf 74' lang='lat' dir='ltr'><strong>praedixisse.</strong></span> <span class='ocrx_word' id='word_1_517' title='bbox 972 4012 1197 4067; x_wconf 88' lang='lat' dir='ltr'><strong>Scilicet</strong></span> <span class='ocrx_word' id='word_1_518' title='bbox 1234 4027 1356 4081; x_wconf 71' lang='lat' dir='ltr'><strong>qua:</strong></span> <span class='ocrx_word' id='word_1_519' title='bbox 1392 4009 1823 4081; x_wconf 85' lang='lat' dir='ltr'><strong>Babyloniorum</strong></span> <span class='ocrx_word' id='word_1_520' title='bbox 1873 4014 1989 4083; x_wconf 71' lang='lat' dir='ltr'><strong>regi</strong></span> 
     </span>
    </p>
   </div>
   <div class='ocr_carea' id='block_1_75' title="bbox 409 4102 1992 4173">
    <p class='ocr_par' dir='ltr' id='par_1_75' title="bbox 409 4102 1992 4173">
     <span class='ocr_line' id='line_1_75' title="bbox 409 4102 1992 4173; baseline -0.001 -12"><span class='ocrx_word' id='word_1_521' title='bbox 409 4114 674 4161; x_wconf 87' lang='lat' dir='ltr'><strong>eventura</strong></span> <span class='ocrx_word' id='word_1_522' title='bbox 723 4112 934 4169; x_wconf 87' lang='lat' dir='ltr'><strong>essent,</strong></span> <span class='ocrx_word' id='word_1_523' title='bbox 985 4111 1038 4159; x_wconf 89' lang='lat' dir='ltr'><strong>et</strong></span> <span class='ocrx_word' id='word_1_524' title='bbox 1095 4102 1558 4173; x_wconf 84' lang='lat' dir='ltr'><strong>quemadmodum</strong></span> <span class='ocrx_word' id='word_1_525' title='bbox 1607 4102 1790 4158; x_wconf 84' lang='lat' dir='ltr'><strong>Persae</strong></span> <span class='ocrx_word' id='word_1_526' title='bbox 1842 4103 1992 4160; x_wconf 88' lang='lat' dir='ltr'><strong>illius</strong></span> 
     </span>
    </p>
   </div>
   <div class='ocr_carea' id='block_1_76' title="bbox 410 4192 1991 4271">
    <p class='ocr_par' dir='ltr' id='par_1_76' title="bbox 410 4192 1991 4271">
     <span class='ocr_line' id='line_1_76' title="bbox 410 4192 1991 4271; baseline 0 -17"><span class='ocrx_word' id='word_1_527' title='bbox 410 4215 639 4271; x_wconf 77' lang='lat' dir='ltr'><strong>regnum</strong></span> <span class='ocrx_word' id='word_1_528' title='bbox 702 4198 1027 4268; x_wconf 90' lang='lat' dir='ltr'><strong>occupaturi</strong></span> <span class='ocrx_word' id='word_1_529' title='bbox 1078 4196 1208 4261; x_wconf 91' lang='lat' dir='ltr'><strong>sint,</strong></span> <span class='ocrx_word' id='word_1_530' title='bbox 1267 4192 1488 4261; x_wconf 88' lang='lat' dir='ltr'><strong>deinde,</strong></span> <span class='ocrx_word' id='word_1_531' title='bbox 1549 4203 1606 4249; x_wconf 92' lang='lat' dir='ltr'><strong>ut</strong></span> <span class='ocrx_word' id='word_1_532' title='bbox 1657 4195 1725 4252; x_wconf 91' lang='lat' dir='ltr'><strong>iis</strong></span> <span class='ocrx_word' id='word_1_533' title='bbox 1778 4198 1991 4254; x_wconf 85' lang='lat' dir='ltr'><strong>eversis</strong></span> 
     </span>
    </p>
   </div>
   <div class='ocr_carea' id='block_1_77' title="bbox 410 4287 1986 4363">
    <p class='ocr_par' dir='ltr' id='par_1_77' title="bbox 410 4287 1986 4363">
     <span class='ocr_line' id='line_1_77' title="bbox 410 4287 1986 4363; baseline 0.001 -17"><span class='ocrx_word' id='word_1_534' title='bbox 410 4291 638 4347; x_wconf 79' lang='lat' dir='ltr'><strong>Macedo</strong></span> <span class='ocrx_word' id='word_1_535' title='bbox 675 4292 793 4363; x_wconf 89' lang='lat' dir='ltr'><strong>ipse</strong></span> <span class='ocrx_word' id='word_1_536' title='bbox 814 4305 978 4360; x_wconf 90' lang='lat' dir='ltr'><strong>quam</strong></span> <span class='ocrx_word' id='word_1_537' title='bbox 1003 4290 1297 4345; x_wconf 85' lang='lat' dir='ltr'><strong>celerrime</strong></span> <span class='ocrx_word' id='word_1_538' title='bbox 1328 4304 1358 4344; x_wconf 88' lang='lat' dir='ltr'><strong>e</strong></span> <span class='ocrx_word' id='word_1_539' title='bbox 1387 4290 1496 4344; x_wconf 80' lang='lat' dir='ltr'><strong>vita</strong></span> <span class='ocrx_word' id='word_1_540' title='bbox 1528 4287 1855 4346; x_wconf 89' lang='lat' dir='ltr'><strong>decessurus</strong></span> <span class='ocrx_word' id='word_1_541' title='bbox 1888 4292 1986 4357; x_wconf 88' lang='lat' dir='ltr'><strong>sit,</strong></span> 
     </span>
    </p>
   </div>
   <div class='ocr_carea' id='block_1_78' title="bbox 407 4382 1992 4454">
    <p class='ocr_par' dir='ltr' id='par_1_78' title="bbox 407 4382 1992 4454">
     <span class='ocr_line' id='line_1_78' title="bbox 407 4382 1992 4454; baseline 0.002 -17"><span class='ocrx_word' id='word_1_542' title='bbox 407 4392 648 4454; x_wconf 83' lang='lat' dir='ltr'><strong>quatuor</strong></span> <span class='ocrx_word' id='word_1_543' title='bbox 682 4398 818 4438; x_wconf 83' lang='lat' dir='ltr'><strong>vero</strong></span> <span class='ocrx_word' id='word_1_544' title='bbox 871 4385 1036 4439; x_wconf 89' lang='lat' dir='ltr'><strong>unius</strong></span> <span class='ocrx_word' id='word_1_545' title='bbox 1069 4383 1187 4437; x_wconf 83' lang='lat' dir='ltr'><strong>vice</strong></span> <span class='ocrx_word' id='word_1_546' title='bbox 1239 4396 1415 4452; x_wconf 76' lang='lat' dir='ltr'><strong>regno</strong></span> <span class='ocrx_word' id='word_1_547' title='bbox 1463 4382 1621 4451; x_wconf 89' lang='lat' dir='ltr'><strong>quasi</strong></span> <span class='ocrx_word' id='word_1_548' title='bbox 1672 4383 1992 4443; x_wconf 66' lang='lat' dir='ltr'><strong>haereditate</strong></span> 
     </span>
    </p>
   </div>
   <div class='ocr_carea' id='block_1_79' title="bbox 411 4473 1988 4546">
    <p class='ocr_par' dir='ltr' id='par_1_79' title="bbox 411 4473 1988 4546">
     <span class='ocr_line' id='line_1_79' title="bbox 411 4473 1988 4546; baseline 0.003 -16"><span class='ocrx_word' id='word_1_549' title='bbox 411 4474 635 4544; x_wconf 83' lang='lat' dir='ltr'><strong>petituri</strong></span> <span class='ocrx_word' id='word_1_550' title='bbox 669 4475 816 4540; x_wconf 88' lang='lat' dir='ltr'><strong>sint;</strong></span> <span class='ocrx_word' id='word_1_551' title='bbox 860 4490 960 4530; x_wconf 91' lang='lat' dir='ltr'><strong>nec</strong></span> <span class='ocrx_word' id='word_1_552' title='bbox 993 4491 1100 4530; x_wconf 87' lang='lat' dir='ltr'><strong>non</strong></span> <span class='ocrx_word' id='word_1_553' title='bbox 1131 4481 1188 4529; x_wconf 92' lang='lat' dir='ltr'><strong>ut</strong></span> <span class='ocrx_word' id='word_1_554' title='bbox 1217 4490 1283 4531; x_wconf 77' lang='lat' dir='ltr'><strong>ex</strong></span> <span class='ocrx_word' id='word_1_555' title='bbox 1334 4489 1445 4529; x_wconf 92' lang='lat' dir='ltr'><strong>uno</strong></span> <span class='ocrx_word' id='word_1_556' title='bbox 1472 4473 1716 4543; x_wconf 86' lang='lat' dir='ltr'><strong>ipsorum</strong></span> <span class='ocrx_word' id='word_1_557' title='bbox 1762 4477 1988 4546; x_wconf 87' lang='lat' dir='ltr'><strong>quidam</strong></span> 
     </span>
    </p>
   </div>
   <div class='ocr_carea' id='block_1_80' title="bbox 409 4564 1990 4638">
    <p class='ocr_par' dir='ltr' id='par_1_80' title="bbox 409 4564 1990 4638">
     <span class='ocr_line' id='line_1_80' title="bbox 409 4564 1990 4638; baseline 0.004 -19"><span class='ocrx_word' id='word_1_558' title='bbox 409 4566 682 4621; x_wconf 85' lang='lat' dir='ltr'><strong>oriundus</strong></span> <span class='ocrx_word' id='word_1_559' title='bbox 717 4565 931 4619; x_wconf 86' lang='lat' dir='ltr'><strong>infinita</strong></span> <span class='ocrx_word' id='word_1_560' title='bbox 959 4568 975 4587; x_wconf 86' lang='grc'>⁶</span> <span class='ocrx_word' id='word_1_561' title='bbox 1007 4566 1205 4621; x_wconf 88' lang='lat' dir='ltr'><strong>damna</strong></span> <span class='ocrx_word' id='word_1_562' title='bbox 1232 4564 1440 4621; x_wconf 74' lang='lat' dir='ltr'><strong>Judzeis</strong></span> <span class='ocrx_word' id='word_1_563' title='bbox 1469 4565 1723 4622; x_wconf 87' lang='lat' dir='ltr'><strong>illaturus</strong></span> <span class='ocrx_word' id='word_1_564' title='bbox 1766 4568 1860 4635; x_wconf 91' lang='lat' dir='ltr'><strong>sit,</strong></span> <span class='ocrx_word' id='word_1_565' title='bbox 1893 4571 1990 4638; x_wconf 83' lang='lat' dir='ltr'><strong>qui</strong></span> 
     </span>
    </p>
   </div>
   <div class='ocr_carea' id='block_1_81' title="bbox 410 4656 1991 4731">
    <p class='ocr_par' dir='ltr' id='par_1_81' title="bbox 410 4656 1991 4731">
     <span class='ocr_line' id='line_1_81' title="bbox 410 4656 1991 4731; baseline 0.004 -20"><span class='ocrx_word' id='word_1_566' title='bbox 410 4657 596 4711; x_wconf 86' lang='lat' dir='ltr'><strong>divina</strong></span> <span class='ocrx_word' id='word_1_567' title='bbox 631 4657 922 4726; x_wconf 81' lang='lat' dir='ltr'><strong>impetrata</strong></span> <span class='ocrx_word' id='word_1_568' title='bbox 950 4671 1054 4726; x_wconf 91' lang='lat' dir='ltr'><strong>ope</strong></span> <span class='ocrx_word' id='word_1_569' title='bbox 1086 4657 1155 4711; x_wconf 88' lang='lat' dir='ltr'><strong>ab</strong></span> <span class='ocrx_word' id='word_1_570' title='bbox 1188 4657 1338 4712; x_wconf 88' lang='lat' dir='ltr'><strong>illius</strong></span> <span class='ocrx_word' id='word_1_571' title='bbox 1368 4656 1590 4711; x_wconf 89' lang='lat' dir='ltr'><strong>tandem</strong></span> <span class='ocrx_word' id='word_1_572' title='bbox 1621 4656 1836 4731; x_wconf 76' lang='lat' dir='ltr'><strong>feritate</strong></span> <span class='ocrx_word' id='word_1_573' title='bbox 1864 4663 1991 4718; x_wconf 82' lang='lat' dir='ltr'><strong>vin-</strong></span> 
     </span>
    </p>
   </div>
   <div class='ocr_carea' id='block_1_82' title="bbox 409 4747 1989 4819">
    <p class='ocr_par' dir='ltr' id='par_1_82' title="bbox 409 4747 1989 4819">
     <span class='ocr_line' id='line_1_82' title="bbox 409 4747 1989 4819; baseline 0.006 -18"><span class='ocrx_word' id='word_1_574' title='bbox 409 4748 748 4804; x_wconf 86' lang='lat' dir='ltr'><strong>dicarcntur.</strong></span> <span class='ocrx_word' id='word_1_575' title='bbox 774 4748 911 4803; x_wconf 88' lang='lat' dir='ltr'><strong>Tum</strong></span> <span class='ocrx_word' id='word_1_576' title='bbox 949 4748 1074 4803; x_wconf 87' lang='lat' dir='ltr'><strong>inde</strong></span> <span class='ocrx_word' id='word_1_577' title='bbox 1105 4747 1387 4819; x_wconf 82' lang='lat' dir='ltr'><strong>digressus</strong></span> <span class='ocrx_word' id='word_1_578' title='bbox 1418 4748 1671 4819; x_wconf 65' lang='lat' dir='ltr'><strong>praedicit</strong></span> <span class='ocrx_word' id='word_1_579' title='bbox 1705 4748 1989 4811; x_wconf 80' lang='lat' dir='ltr'><strong>Romano-</strong></span> 
     </span>
    </p>
   </div>
   <div class='ocr_carea' id='block_1_83' title="bbox 408 4839 1990 4911">
    <p class='ocr_par' dir='ltr' id='par_1_83' title="bbox 408 4839 1990 4911">
     <span class='ocr_line' id='line_1_83' title="bbox 408 4839 1990 4911; baseline 0.008 -21"><span class='ocrx_word' id='word_1_580' title='bbox 408 4851 530 4891; x_wconf 89' lang='lat' dir='ltr'><strong>rum</strong></span> <span class='ocrx_word' id='word_1_581' title='bbox 563 4842 881 4907; x_wconf 86' lang='lat' dir='ltr'><strong>potentiam,</strong></span> <span class='ocrx_word' id='word_1_582' title='bbox 926 4841 1020 4910; x_wconf 88' lang='lat' dir='ltr'><strong>qui</strong></span> <span class='ocrx_word' id='word_1_583' title='bbox 1063 4839 1249 4911; x_wconf 80' lang='lat' dir='ltr'><strong>regnis</strong></span> <span class='ocrx_word' id='word_1_584' title='bbox 1279 4842 1545 4898; x_wconf 88' lang='lat' dir='ltr'><strong>omnibus</strong></span> <span class='ocrx_word' id='word_1_585' title='bbox 1586 4840 1873 4901; x_wconf 86' lang='lat' dir='ltr'><strong>debellatis</strong></span> <span class='ocrx_word' id='word_1_586' title='bbox 1917 4847 1990 4903; x_wconf 87' lang='lat' dir='ltr'><strong>ab</strong></span> 
     </span>
    </p>
   </div>
   <div class='ocr_carea' id='block_1_84' title="bbox 408 4928 1986 5007">
    <p class='ocr_par' dir='ltr' id='par_1_84' title="bbox 408 4928 1986 5007">
     <span class='ocr_line' id='line_1_84' title="bbox 408 4928 1986 5007; baseline 0.008 -27"><span class='ocrx_word' id='word_1_587' title='bbox 408 4928 663 4984; x_wconf 87' lang='lat' dir='ltr'><strong>omnibus</strong></span> <span class='ocrx_word' id='word_1_588' title='bbox 701 4943 888 4987; x_wconf 89' lang='lat' dir='ltr'><strong>essent</strong></span> <span class='ocrx_word' id='word_1_589' title='bbox 936 4936 1184 4989; x_wconf 72' lang='lat' dir='ltr'><strong>cxacturi</strong></span> <span class='ocrx_word' id='word_1_590' title='bbox 1247 4935 1476 4991; x_wconf 88' lang='lat' dir='ltr'><strong>tributa.</strong></span> <span class='ocrx_word' id='word_1_591' title='bbox 1526 4936 1662 4991; x_wconf 90' lang='lat' dir='ltr'><strong>Nam</strong></span> <span class='ocrx_word' id='word_1_592' title='bbox 1716 4939 1847 5007; x_wconf 94' lang='lat' dir='ltr'><strong>quid</strong></span> <span class='ocrx_word' id='word_1_593' title='bbox 1917 4953 1986 4993; x_wconf 84' lang='lat' dir='ltr'><strong>ea</strong></span> 
     </span>
    </p>
   </div>
   <div class='ocr_carea' id='block_1_85' title="bbox 482 5102 1477 5179">
    <p class='ocr_par' dir='ltr' id='par_1_85' title="bbox 482 5102 1477 5179">
     <span class='ocr_line' id='line_1_85' title="bbox 482 5102 1477 5179; baseline 0.009 -19"><span class='ocrx_word' id='word_1_594' title='bbox 482 5102 530 5145; x_wconf 79' lang='grc'><strong>¹⁶</strong></span> <span class='ocrx_word' id='word_1_595' title='bbox 550 5103 709 5162; x_wconf 82' lang='lat' dir='ltr'><strong>Joan.</strong></span> <span class='ocrx_word' id='word_1_596' title='bbox 744 5125 832 5176; x_wconf 76' lang='lat' dir='ltr'><strong>xv,</strong></span> <span class='ocrx_word' id='word_1_597' title='bbox 859 5108 948 5166; x_wconf 71' lang='lat'><strong>20.</strong></span> <span class='ocrx_word' id='word_1_598' title='bbox 1030 5114 1053 5152; x_wconf 70' lang='grc' dir='ltr'>ε</span> <span class='ocrx_word' id='word_1_599' title='bbox 1075 5112 1266 5167; x_wconf 78' lang='lat' dir='ltr'><strong>Matth.</strong></span> <span class='ocrx_word' id='word_1_600' title='bbox 1295 5128 1352 5179; x_wconf 82' lang='lat' dir='ltr'><strong>x,</strong></span> <span class='ocrx_word' id='word_1_601' title='bbox 1384 5113 1477 5169; x_wconf 72' lang='lat'><strong>25.</strong></span> 
     </span>
    </p>
   </div>
   <div class='ocr_carea' id='block_1_86' title="bbox 2088 3102 3643 3181">
    <p class='ocr_par' dir='ltr' id='par_1_86' title="bbox 2088 3102 3643 3181">
     <span class='ocr_line' id='line_1_86' title="bbox 2088 3102 3643 3181; baseline 0.005 -27"><span class='ocrx_word' id='word_1_602' title='bbox 2088 3118 2224 3165; x_wconf 76' lang='grc' dir='ltr'>τωςο</span> <span class='ocrx_word' id='word_1_603' title='bbox 2253 3102 2318 3157; x_wconf 88' lang='grc' dir='ltr'>Τί</span> <span class='ocrx_word' id='word_1_604' title='bbox 2350 3105 2630 3175; x_wconf 73' lang='grc' dir='ltr'>προφήτου</span> <span class='ocrx_word' id='word_1_605' title='bbox 2675 3106 2802 3160; x_wconf 85' lang='grc' dir='ltr'>ίδιον</span> <span class='ocrx_word' id='word_1_606' title='bbox 2838 3104 2977 3162; x_wconf 83' lang='grc' dir='ltr'>εἶναί</span> <span class='ocrx_word' id='word_1_607' title='bbox 3008 3125 3180 3176; x_wconf 84' lang='grc' dir='ltr'>φατε;</span> <span class='ocrx_word' id='word_1_608' title='bbox 3217 3110 3382 3162; x_wconf 83' lang='grc' dir='ltr'><strong>Ἀλλά</strong></span> <span class='ocrx_word' id='word_1_609' title='bbox 3411 3109 3512 3181; x_wconf 87' lang='grc' dir='ltr'><strong>γὰρ</strong></span> <span class='ocrx_word' id='word_1_610' title='bbox 3535 3111 3643 3172; x_wconf 77' lang='grc' dir='ltr'>ἴσως</span> 
     </span>
    </p>
   </div>
   <div class='ocr_carea' id='block_1_87' title="bbox 2087 3193 3643 3273">
    <p class='ocr_par' dir='ltr' id='par_1_87' title="bbox 2087 3193 3643 3273">
     <span class='ocr_line' id='line_1_87' title="bbox 2087 3193 3643 3273; baseline 0.004 -26"><span class='ocrx_word' id='word_1_611' title='bbox 2087 3193 2153 3247; x_wconf 85' lang='grc' dir='ltr'>ἂν</span> <span class='ocrx_word' id='word_1_612' title='bbox 2180 3194 2408 3263; x_wconf 75' lang='grc' dir='ltr'>εἴποιεν,</span> <span class='ocrx_word' id='word_1_613' title='bbox 2445 3196 2506 3250; x_wconf 81' lang='grc' dir='ltr'>τὸ</span> <span class='ocrx_word' id='word_1_614' title='bbox 2529 3198 2599 3251; x_wconf 72' lang='grc' dir='ltr'>τὰ</span> <span class='ocrx_word' id='word_1_615' title='bbox 2624 3199 2885 3269; x_wconf 85' lang='grc' dir='ltr'>μέλλοντα</span> <span class='ocrx_word' id='word_1_616' title='bbox 2914 3201 3222 3271; x_wconf 79' lang='grc' dir='ltr'>προειδέναι</span> <span class='ocrx_word' id='word_1_617' title='bbox 3260 3218 3322 3255; x_wconf 90' lang='grc' dir='ltr'><strong>τε</strong></span> <span class='ocrx_word' id='word_1_618' title='bbox 3355 3203 3445 3256; x_wconf 77' lang='grc' dir='ltr'><strong>καὶ</strong></span> <span class='ocrx_word' id='word_1_619' title='bbox 3469 3201 3643 3273; x_wconf 84' lang='grc' dir='ltr'>προλέ-</span> 
     </span>
    </p>
   </div>
   <div class='ocr_carea' id='block_1_88' title="bbox 2088 3291 3639 3366">
    <p class='ocr_par' dir='ltr' id='par_1_88' title="bbox 2088 3291 3639 3366">
     <span class='ocr_line' id='line_1_88' title="bbox 2088 3291 3639 3366; baseline 0.001 -23"><span class='ocrx_word' id='word_1_620' title='bbox 2088 3305 2225 3358; x_wconf 88' lang='grc' dir='ltr'>γειν.</span> <span class='ocrx_word' id='word_1_621' title='bbox 2263 3291 2491 3362; x_wconf 84' lang='grc' dir='ltr'>Ἶδωμεν</span> <span class='ocrx_word' id='word_1_622' title='bbox 2515 3293 2716 3359; x_wconf 83' lang='grc' dir='ltr'>τοίνυν,</span> <span class='ocrx_word' id='word_1_623' title='bbox 2748 3296 2797 3348; x_wconf 84' lang='grc' dir='ltr'><strong>εί</strong></span> <span class='ocrx_word' id='word_1_624' title='bbox 2823 3293 2896 3365; x_wconf 81' lang='grc' dir='ltr'>μὴ</span> <span class='ocrx_word' id='word_1_625' title='bbox 2918 3296 3094 3349; x_wconf 88' lang='grc' dir='ltr'>ταῦτα</span> <span class='ocrx_word' id='word_1_626' title='bbox 3123 3296 3217 3348; x_wconf 72' lang='grc' dir='ltr'><strong>καὶ</strong></span> <span class='ocrx_word' id='word_1_627' title='bbox 3246 3296 3639 3366; x_wconf 80' lang='grc' dir='ltr'>προμεμάθηκε,</span> 
     </span>
    </p>
   </div>
   <div class='ocr_carea' id='block_1_89' title="bbox 2088 3382 3643 3459">
    <p class='ocr_par' dir='ltr' id='par_1_89' title="bbox 2088 3382 3643 3459">
     <span class='ocr_line' id='line_1_89' title="bbox 2088 3382 3643 3459; baseline 0.001 -23"><span class='ocrx_word' id='word_1_628' title='bbox 2088 3382 2183 3436; x_wconf 72' lang='grc' dir='ltr'><strong>καὶ</strong></span> <span class='ocrx_word' id='word_1_629' title='bbox 2238 3384 2570 3455; x_wconf 82' lang='grc' dir='ltr'>προείρηκεν</span> <span class='ocrx_word' id='word_1_630' title='bbox 2618 3385 2647 3438; x_wconf 84' lang='grc' dir='ltr'>ὁ</span> <span class='ocrx_word' id='word_1_631' title='bbox 2690 3387 2963 3457; x_wconf 82' lang='grc' dir='ltr'>μακάριος</span> <span class='ocrx_word' id='word_1_632' title='bbox 3015 3388 3236 3459; x_wconf 74' lang='grc' dir='ltr'>Δανιήλ.</span> <span class='ocrx_word' id='word_1_633' title='bbox 3284 3389 3396 3442; x_wconf 74' lang='grc' dir='ltr'><strong>Καὶ</strong></span> <span class='ocrx_word' id='word_1_634' title='bbox 3437 3388 3522 3440; x_wconf 83' lang='grc' dir='ltr'><strong>τὸν</strong></span> <span class='ocrx_word' id='word_1_635' title='bbox 3561 3385 3643 3457; x_wconf 84' lang='grc' dir='ltr'>μὲν</span> 
     </span>
    </p>
   </div>
   <div class='ocr_carea' id='block_1_90' title="bbox 2090 3473 3639 3549">
    <p class='ocr_par' dir='ltr' id='par_1_90' title="bbox 2090 3473 3639 3549">
     <span class='ocr_line' id='line_1_90' title="bbox 2090 3473 3639 3549; baseline 0.002 -23"><span class='ocrx_word' id='word_1_636' title='bbox 2090 3475 2220 3545; x_wconf 76' lang='grc' dir='ltr'>περὶ</span> <span class='ocrx_word' id='word_1_637' title='bbox 2242 3473 2337 3528; x_wconf 87' lang='grc' dir='ltr'><strong>τοῦ</strong></span> <span class='ocrx_word' id='word_1_638' title='bbox 2366 3475 2639 3529; x_wconf 81' lang='grc' dir='ltr'>Δεσπότου</span> <span class='ocrx_word' id='word_1_639' title='bbox 2661 3476 2708 3508; x_wconf 64' lang='grc'><strong>³⁵</strong></span> <span class='ocrx_word' id='word_1_640' title='bbox 2736 3478 2971 3549; x_wconf 76' lang='grc' dir='ltr'>Χριστοῦ</span> <span class='ocrx_word' id='word_1_641' title='bbox 2992 3478 3149 3547; x_wconf 82' lang='grc' dir='ltr'>λόγον</span> <span class='ocrx_word' id='word_1_642' title='bbox 3173 3480 3311 3542; x_wconf 87' lang='grc' dir='ltr'>τέως</span> <span class='ocrx_word' id='word_1_643' title='bbox 3333 3478 3639 3549; x_wconf 80' lang='grc' dir='ltr'>ὲπισχῶμεν,</span> 
     </span>
    </p>
   </div>
   <div class='ocr_carea' id='block_1_91' title="bbox 2087 3566 3638 3641">
    <p class='ocr_par' dir='ltr' id='par_1_91' title="bbox 2087 3566 3638 3641">
     <span class='ocr_line' id='line_1_91' title="bbox 2087 3566 3638 3641; baseline 0.002 -22"><span class='ocrx_word' id='word_1_644' title='bbox 2087 3566 2189 3630; x_wconf 77' lang='grc' dir='ltr'>τὰς</span> <span class='ocrx_word' id='word_1_645' title='bbox 2217 3567 2273 3620; x_wconf 82' lang='grc' dir='ltr'><strong>δὲ</strong></span> <span class='ocrx_word' id='word_1_646' title='bbox 2293 3567 2461 3632; x_wconf 80' lang='grc' dir='ltr'>ἄλλας</span> <span class='ocrx_word' id='word_1_647' title='bbox 2492 3567 2656 3623; x_wconf 78' lang='grc' dir='ltr'>αὐτοῦ</span> <span class='ocrx_word' id='word_1_648' title='bbox 2685 3570 3024 3640; x_wconf 83' lang='grc' dir='ltr'>προφητείας</span> <span class='ocrx_word' id='word_1_649' title='bbox 3053 3572 3133 3634; x_wconf 89' lang='grc' dir='ltr'><strong>είς</strong></span> <span class='ocrx_word' id='word_1_650' title='bbox 3163 3570 3330 3641; x_wconf 83' lang='grc' dir='ltr'>μέσον</span> <span class='ocrx_word' id='word_1_651' title='bbox 3352 3571 3638 3639; x_wconf 78' lang='grc' dir='ltr'>ἀγάγωμεν.</span> 
     </span>
    </p>
   </div>
   <div class='ocr_carea' id='block_1_92' title="bbox 2088 3658 3640 3732">
    <p class='ocr_par' dir='ltr' id='par_1_92' title="bbox 2088 3658 3640 3732">
     <span class='ocr_line' id='line_1_92' title="bbox 2088 3658 3640 3732; baseline 0.001 -22"><span class='ocrx_word' id='word_1_652' title='bbox 2088 3658 2435 3729; x_wconf 83' lang='grc' dir='ltr'>Εὑρίσκομεν</span> <span class='ocrx_word' id='word_1_653' title='bbox 2462 3660 2640 3715; x_wconf 79' lang='grc' dir='ltr'>τοίνυν</span> <span class='ocrx_word' id='word_1_654' title='bbox 2674 3661 2837 3716; x_wconf 73' lang='grc' dir='ltr'>αὐτὸν</span> <span class='ocrx_word' id='word_1_655' title='bbox 2871 3661 3040 3715; x_wconf 79' lang='grc' dir='ltr'>πολλὰ</span> <span class='ocrx_word' id='word_1_656' title='bbox 3071 3662 3173 3731; x_wconf 84' lang='grc' dir='ltr'>μὲν</span> <span class='ocrx_word' id='word_1_657' title='bbox 3207 3662 3339 3731; x_wconf 73' lang='grc' dir='ltr'>περὶ</span> <span class='ocrx_word' id='word_1_658' title='bbox 3367 3665 3463 3732; x_wconf 78' lang='grc' dir='ltr'><strong>τῆς</strong></span> <span class='ocrx_word' id='word_1_659' title='bbox 3490 3659 3640 3714; x_wconf 74' lang='grc' dir='ltr'>Βαϐυ-</span> 
     </span>
    </p>
   </div>
   <div class='ocr_carea' id='block_1_93' title="bbox 2090 3747 3640 3823">
    <p class='ocr_par' dir='ltr' id='par_1_93' title="bbox 2090 3747 3640 3823">
     <span class='ocr_line' id='line_1_93' title="bbox 2090 3747 3640 3823; baseline 0.001 -22"><span class='ocrx_word' id='word_1_660' title='bbox 2090 3747 2299 3805; x_wconf 84' lang='grc' dir='ltr'>λωνίων</span> <span class='ocrx_word' id='word_1_661' title='bbox 2342 3749 2641 3821; x_wconf 86' lang='grc' dir='ltr'>βασιλείας,</span> <span class='ocrx_word' id='word_1_662' title='bbox 2696 3751 2867 3805; x_wconf 78' lang='grc' dir='ltr'>πολλὰ</span> <span class='ocrx_word' id='word_1_663' title='bbox 2912 3752 2971 3805; x_wconf 84' lang='grc' dir='ltr'><strong>δὲ</strong></span> <span class='ocrx_word' id='word_1_664' title='bbox 3014 3752 3143 3823; x_wconf 77' lang='grc' dir='ltr'>περὶ</span> <span class='ocrx_word' id='word_1_665' title='bbox 3170 3752 3273 3822; x_wconf 86' lang='grc' dir='ltr'>τῆς</span> <span class='ocrx_word' id='word_1_666' title='bbox 3308 3750 3525 3822; x_wconf 81' lang='grc' dir='ltr'>Περσῶν</span> <span class='ocrx_word' id='word_1_667' title='bbox 3563 3751 3640 3804; x_wconf 72' lang='grc' dir='ltr'><strong>καὶ</strong></span> 
     </span>
    </p>
   </div>
   <div class='ocr_carea' id='block_1_94' title="bbox 2090 3842 3638 3917">
    <p class='ocr_par' dir='ltr' id='par_1_94' title="bbox 2090 3842 3638 3917">
     <span class='ocr_line' id='line_1_94' title="bbox 2090 3842 3638 3917; baseline -0.002 -21"><span class='ocrx_word' id='word_1_668' title='bbox 2090 3842 2436 3909; x_wconf 78' lang='grc' dir='ltr'>Μακεδόνων,</span> <span class='ocrx_word' id='word_1_669' title='bbox 2469 3844 2641 3898; x_wconf 72' lang='grc' dir='ltr'>πολλὰ</span> <span class='ocrx_word' id='word_1_670' title='bbox 2673 3844 2731 3897; x_wconf 84' lang='grc' dir='ltr'>δὲ</span> <span class='ocrx_word' id='word_1_671' title='bbox 2766 3844 2859 3898; x_wconf 73' lang='grc' dir='ltr'>καὶ</span> <span class='ocrx_word' id='word_1_672' title='bbox 2888 3845 3139 3917; x_wconf 75' lang='grc' dir='ltr'>περὶτῆς</span> <span class='ocrx_word' id='word_1_673' title='bbox 3164 3844 3274 3898; x_wconf 85' lang='grc' dir='ltr'><strong>τῶν</strong></span> <span class='ocrx_word' id='word_1_674' title='bbox 3303 3844 3350 3877; x_wconf 86' lang='grc'><strong><em>³⁸</em></strong></span> <span class='ocrx_word' id='word_1_675' title='bbox 3386 3842 3638 3914; x_wconf 83' lang='grc' dir='ltr'>Ῥωμαίων</span> 
     </span>
    </p>
   </div>
   <div class='ocr_carea' id='block_1_95' title="bbox 2092 3934 3639 4007">
    <p class='ocr_par' dir='ltr' id='par_1_95' title="bbox 2092 3934 3639 4007">
     <span class='ocr_line' id='line_1_95' title="bbox 2092 3934 3639 4007; baseline -0.002 -18"><span class='ocrx_word' id='word_1_676' title='bbox 2092 3936 2575 4007; x_wconf 85' lang='grc' dir='ltr'>προαγορεύσαντα</span> <span class='ocrx_word' id='word_1_677' title='bbox 2600 3952 2617 3971; x_wconf 76' lang='grc' dir='ltr'><strong>ο</strong></span> <span class='ocrx_word' id='word_1_678' title='bbox 2647 3938 2746 3991; x_wconf 74' lang='grc' dir='ltr'>καὶ</span> <span class='ocrx_word' id='word_1_679' title='bbox 2791 3939 2914 3990; x_wconf 90' lang='grc' dir='ltr'>τίνα</span> <span class='ocrx_word' id='word_1_680' title='bbox 2948 3938 3048 4007; x_wconf 84' lang='grc' dir='ltr'>μὲν</span> <span class='ocrx_word' id='word_1_681' title='bbox 3079 3937 3379 3991; x_wconf 83' lang='grc' dir='ltr'>πείσεταιὸ</span> <span class='ocrx_word' id='word_1_682' title='bbox 3414 3937 3459 3968; x_wconf 76' lang='grc'><strong>³⁸</strong></span> <span class='ocrx_word' id='word_1_683' title='bbox 3490 3934 3639 3988; x_wconf 76' lang='grc' dir='ltr'>Βαϐυ-</span> 
     </span>
    </p>
   </div>
   <div class='ocr_carea' id='block_1_96' title="bbox 2090 4028 3640 4101">
    <p class='ocr_par' dir='ltr' id='par_1_96' title="bbox 2090 4028 3640 4101">
     <span class='ocr_line' id='line_1_96' title="bbox 2090 4028 3640 4101; baseline -0.003 -20"><span class='ocrx_word' id='word_1_684' title='bbox 2090 4028 2297 4083; x_wconf 85' lang='grc' dir='ltr'>λωνίων</span> <span class='ocrx_word' id='word_1_685' title='bbox 2326 4029 2603 4100; x_wconf 74' lang='grc' dir='ltr'>βασιλεὺς,</span> <span class='ocrx_word' id='word_1_686' title='bbox 2629 4031 2780 4094; x_wconf 77' lang='grc' dir='ltr'>ὅπως</span> <span class='ocrx_word' id='word_1_687' title='bbox 2808 4030 2865 4083; x_wconf 75' lang='grc' dir='ltr'><strong>δὲ</strong></span> <span class='ocrx_word' id='word_1_688' title='bbox 2888 4031 3096 4101; x_wconf 87' lang='grc' dir='ltr'>Πέρσαι</span> <span class='ocrx_word' id='word_1_689' title='bbox 3123 4029 3222 4101; x_wconf 77' lang='grc' dir='ltr'>τὴν</span> <span class='ocrx_word' id='word_1_690' title='bbox 3248 4028 3456 4083; x_wconf 74' lang='grc' dir='ltr'>ἐκείνου</span> <span class='ocrx_word' id='word_1_691' title='bbox 3489 4041 3640 4095; x_wconf 87' lang='grc' dir='ltr'>παρα-</span> 
     </span>
    </p>
   </div>
   <div class='ocr_carea' id='block_1_97' title="bbox 2091 4109 3639 4190">
    <p class='ocr_par' dir='ltr' id='par_1_97' title="bbox 2091 4109 3639 4190">
     <span class='ocr_line' id='line_1_97' title="bbox 2091 4109 3639 4190; baseline -0.006 -20"><span class='ocrx_word' id='word_1_692' title='bbox 2091 4118 2353 4188; x_wconf 74' lang='grc' dir='ltr'>λήψονται</span> <span class='ocrx_word' id='word_1_693' title='bbox 2385 4118 2686 4190; x_wconf 84' lang='grc' dir='ltr'>βασιλείαν,</span> <span class='ocrx_word' id='word_1_694' title='bbox 2714 4118 2907 4173; x_wconf 79' lang='grc' dir='ltr'>ἔπειτα</span> <span class='ocrx_word' id='word_1_695' title='bbox 2943 4119 3027 4171; x_wconf 85' lang='grc' dir='ltr'>ὅτι</span> <span class='ocrx_word' id='word_1_696' title='bbox 3055 4116 3281 4179; x_wconf 86' lang='grc' dir='ltr'>τούτους</span> <span class='ocrx_word' id='word_1_697' title='bbox 3306 4113 3596 4173; x_wconf 81' lang='grc' dir='ltr'>καταλύσας</span> <span class='ocrx_word' id='word_1_698' title='bbox 3614 4109 3639 4161; x_wconf 81' lang='grc'>6</span> 
     </span>
    </p>
   </div>
   <div class='ocr_carea' id='block_1_98' title="bbox 2092 4206 3639 4282">
    <p class='ocr_par' dir='ltr' id='par_1_98' title="bbox 2092 4206 3639 4282">
     <span class='ocr_line' id='line_1_98' title="bbox 2092 4206 3639 4282; baseline -0.006 -17"><span class='ocrx_word' id='word_1_699' title='bbox 2092 4210 2359 4265; x_wconf 84' lang='grc' dir='ltr'>Μακεδὼν</span> <span class='ocrx_word' id='word_1_700' title='bbox 2404 4212 2717 4282; x_wconf 83' lang='grc' dir='ltr'>τελευτήσει</span> <span class='ocrx_word' id='word_1_701' title='bbox 2758 4212 2855 4282; x_wconf 84' lang='grc' dir='ltr'>μὲν</span> <span class='ocrx_word' id='word_1_702' title='bbox 2896 4209 3059 4274; x_wconf 76' lang='grc' dir='ltr'>αὐτὸς</span> <span class='ocrx_word' id='word_1_703' title='bbox 3086 4210 3161 4273; x_wconf 85' lang='grc' dir='ltr'><strong>ὡς</strong></span> <span class='ocrx_word' id='word_1_704' title='bbox 3193 4209 3442 4279; x_wconf 84' lang='grc' dir='ltr'>τάχιστα,</span> <span class='ocrx_word' id='word_1_705' title='bbox 3480 4206 3639 4258; x_wconf 84' lang='grc' dir='ltr'>τέττα-</span> 
     </span>
    </p>
   </div>
   <div class='ocr_carea' id='block_1_99' title="bbox 2096 4291 3639 4373">
    <p class='ocr_par' dir='ltr' id='par_1_99' title="bbox 2096 4291 3639 4373">
     <span class='ocr_line' id='line_1_99' title="bbox 2096 4291 3639 4373; baseline -0.014 -7"><span class='ocrx_word' id='word_1_706' title='bbox 2096 4318 2187 4372; x_wconf 83' lang='grc' dir='ltr'><strong>ρες</strong></span> <span class='ocrx_word' id='word_1_707' title='bbox 2207 4301 2264 4353; x_wconf 79' lang='grc' dir='ltr'><strong>δὲ</strong></span> <span class='ocrx_word' id='word_1_708' title='bbox 2290 4300 2405 4355; x_wconf 79' lang='grc' dir='ltr'>ἀνθ’</span> <span class='ocrx_word' id='word_1_709' title='bbox 2427 4302 2544 4365; x_wconf 80' lang='grc' dir='ltr'>ἑνὸς</span> <span class='ocrx_word' id='word_1_710' title='bbox 2565 4301 3034 4373; x_wconf 86' lang='grc' dir='ltr'>κληρονομήσουσι</span> <span class='ocrx_word' id='word_1_711' title='bbox 3059 4299 3158 4370; x_wconf 78' lang='grc' dir='ltr'>τὴν</span> <span class='ocrx_word' id='word_1_712' title='bbox 3186 4299 3455 4370; x_wconf 87' lang='grc' dir='ltr'>βασιλείαν</span> <span class='ocrx_word' id='word_1_713' title='bbox 3475 4296 3535 4328; x_wconf 89' lang='grc'><strong>³⁷·</strong></span> <span class='ocrx_word' id='word_1_714' title='bbox 3562 4291 3639 4347; x_wconf 74' lang='grc' dir='ltr'><strong>καὶ</strong></span> 
     </span>
    </p>
   </div>
   <div class='ocr_carea' id='block_1_100' title="bbox 2023 4363 3639 4463">
    <p class='ocr_par' dir='ltr' id='par_1_100' title="bbox 2023 4363 3639 4463">
     <span class='ocr_line' id='line_1_100' title="bbox 2023 4363 3639 4463; baseline -0.005 -18"><span class='ocrx_word' id='word_1_715' title='bbox 2023 4363 2068 4423; x_wconf 73' lang='grc' dir='ltr'><strong>θ</strong></span> <span class='ocrx_word' id='word_1_716' title='bbox 2211 4388 2272 4455; x_wconf 73' lang='grc' dir='ltr'><strong>ἐξ</strong></span> <span class='ocrx_word' id='word_1_717' title='bbox 2297 4390 2417 4454; x_wconf 69' lang='grc' dir='ltr'>ἑνὸς</span> <span class='ocrx_word' id='word_1_718' title='bbox 2445 4363 2989 4463; x_wconf 41' lang='grc' dir='ltr'>τούτων-βλαστήσας</span> <span class='ocrx_word' id='word_1_719' title='bbox 3007 4408 3092 4454; x_wconf 88' lang='grc' dir='ltr'>τις</span> <span class='ocrx_word' id='word_1_720' title='bbox 3112 4363 3294 4461; x_wconf 47' lang='grc' dir='ltr'>’μυρία</span> <span class='ocrx_word' id='word_1_721' title='bbox 3314 4390 3412 4443; x_wconf 83' lang='grc' dir='ltr'>ὅσα</span> <span class='ocrx_word' id='word_1_722' title='bbox 3442 4384 3639 4457; x_wconf 77' lang='grc' dir='ltr'>ἐργάσε-</span> 
     </span>
    </p>
   </div>
   <div class='ocr_carea' id='block_1_101' title="bbox 2096 4476 3638 4550">
    <p class='ocr_par' dir='ltr' id='par_1_101' title="bbox 2096 4476 3638 4550">
     <span class='ocr_line' id='line_1_101' title="bbox 2096 4476 3638 4550; baseline -0.007 -12"><span class='ocrx_word' id='word_1_723' title='bbox 2096 4501 2185 4538; x_wconf 91' lang='grc' dir='ltr'><strong>ται</strong></span> <span class='ocrx_word' id='word_1_724' title='bbox 2211 4486 2320 4545; x_wconf 85' lang='grc' dir='ltr'>τοῖς</span> <span class='ocrx_word' id='word_1_725' title='bbox 2359 4483 2630 4548; x_wconf 87' lang='grc' dir='ltr'>Ἰουδαίοις</span> <span class='ocrx_word' id='word_1_726' title='bbox 2653 4485 2699 4517; x_wconf 79' lang='grc'><strong>³⁸</strong></span> <span class='ocrx_word' id='word_1_727' title='bbox 2725 4485 2897 4550; x_wconf 81' lang='grc' dir='ltr'>δεινὰ,</span> <span class='ocrx_word' id='word_1_728' title='bbox 2930 4485 3025 4539; x_wconf 70' lang='grc' dir='ltr'><strong>κα)⁸</strong></span> <span class='ocrx_word' id='word_1_729' title='bbox 3050 4484 3137 4537; x_wconf 81' lang='grc' dir='ltr'><strong>ὅτι</strong></span> <span class='ocrx_word' id='word_1_730' title='bbox 3163 4481 3316 4546; x_wconf 86' lang='grc' dir='ltr'>θείας</span> <span class='ocrx_word' id='word_1_731' title='bbox 3334 4476 3638 4535; x_wconf 79' lang='grc' dir='ltr'>ἀπολαύσαν-</span> 
     </span>
    </p>
   </div>
   <div class='ocr_carea' id='block_1_102' title="bbox 2095 4569 3638 4647">
    <p class='ocr_par' dir='ltr' id='par_1_102' title="bbox 2095 4569 3638 4647">
     <span class='ocr_line' id='line_1_102' title="bbox 2095 4569 3638 4647; baseline 0.002 -19"><span class='ocrx_word' id='word_1_732' title='bbox 2095 4592 2186 4638; x_wconf 87' lang='grc' dir='ltr'><strong>τες</strong></span> <span class='ocrx_word' id='word_1_733' title='bbox 2214 4574 2466 4646; x_wconf 82' lang='grc' dir='ltr'>βοηθείας</span> <span class='ocrx_word' id='word_1_734' title='bbox 2486 4576 2587 4646; x_wconf 85' lang='grc' dir='ltr'>τῆς</span> <span class='ocrx_word' id='word_1_735' title='bbox 2615 4575 2826 4629; x_wconf 79' lang='grc' dir='ltr'>ἐκείνου</span> <span class='ocrx_word' id='word_1_736' title='bbox 2848 4575 3169 4647; x_wconf 77' lang='grc' dir='ltr'>θηριότητος</span> <span class='ocrx_word' id='word_1_737' title='bbox 3190 4574 3235 4607; x_wconf 84' lang='grc'><strong><em>³⁸</em></strong></span> <span class='ocrx_word' id='word_1_738' title='bbox 3257 4569 3638 4639; x_wconf 74' lang='grc' dir='ltr'>ἀπαλλαγήσονῖ</span> 
     </span>
    </p>
   </div>
   <div class='ocr_carea' id='block_1_103' title="bbox 2095 4658 3635 4738">
    <p class='ocr_par' dir='ltr' id='par_1_103' title="bbox 2095 4658 3635 4738">
     <span class='ocr_line' id='line_1_103' title="bbox 2095 4658 3635 4738; baseline -0.006 -20"><span class='ocrx_word' id='word_1_739' title='bbox 2095 4682 2204 4720; x_wconf 89' lang='grc' dir='ltr'>ται.</span> <span class='ocrx_word' id='word_1_740' title='bbox 2242 4662 2374 4719; x_wconf 85' lang='grc' dir='ltr'><strong>Εἶτα</strong></span> <span class='ocrx_word' id='word_1_741' title='bbox 2408 4666 2649 4736; x_wconf 76' lang='grc' dir='ltr'>μεταϐὰς</span> <span class='ocrx_word' id='word_1_742' title='bbox 2690 4666 2900 4720; x_wconf 74' lang='grc' dir='ltr'>ἐκεῖθεν</span> <span class='ocrx_word' id='word_1_743' title='bbox 2937 4665 3198 4738; x_wconf 87' lang='grc' dir='ltr'>προλέγει</span> <span class='ocrx_word' id='word_1_744' title='bbox 3234 4665 3334 4737; x_wconf 77' lang='grc' dir='ltr'>τὴν</span> <span class='ocrx_word' id='word_1_745' title='bbox 3380 4658 3635 4730; x_wconf 84' lang='grc' dir='ltr'>Ῥωμαίων</span> 
     </span>
    </p>
   </div>
   <div class='ocr_carea' id='block_1_104' title="bbox 2098 4750 3634 4829">
    <p class='ocr_par' dir='ltr' id='par_1_104' title="bbox 2098 4750 3634 4829">
     <span class='ocr_line' id='line_1_104' title="bbox 2098 4750 3634 4829; baseline -0.002 -18"><span class='ocrx_word' id='word_1_746' title='bbox 2098 4759 2273 4828; x_wconf 75' lang='grc' dir='ltr'>ἰσχὺν,</span> <span class='ocrx_word' id='word_1_747' title='bbox 2308 4758 2402 4812; x_wconf 71' lang='grc' dir='ltr'>καὶ</span> <span class='ocrx_word' id='word_1_748' title='bbox 2439 4760 2519 4813; x_wconf 85' lang='grc' dir='ltr'>ὅτι</span> <span class='ocrx_word' id='word_1_749' title='bbox 2550 4758 2731 4823; x_wconf 81' lang='grc' dir='ltr'>πάσας</span> <span class='ocrx_word' id='word_1_750' title='bbox 2759 4758 3270 4829; x_wconf 78' lang='grc' dir='ltr'>καταγωνισάμενοι</span> <span class='ocrx_word' id='word_1_751' title='bbox 3293 4757 3337 4790; x_wconf 67' lang='grc'>⁸⁸</span> <span class='ocrx_word' id='word_1_752' title='bbox 3380 4753 3476 4816; x_wconf 83' lang='grc' dir='ltr'><strong>τὰς</strong></span> <span class='ocrx_word' id='word_1_753' title='bbox 3503 4750 3634 4821; x_wconf 75' lang='grc' dir='ltr'>βασι·</span> 
     </span>
    </p>
   </div>
   <div class='ocr_carea' id='block_1_105' title="bbox 2098 4835 3634 4922">
    <p class='ocr_par' dir='ltr' id='par_1_105' title="bbox 2098 4835 3634 4922">
     <span class='ocr_line' id='line_1_105' title="bbox 2098 4835 3634 4922; baseline -0.008 -19"><span class='ocrx_word' id='word_1_754' title='bbox 2098 4848 2269 4914; x_wconf 89' lang='grc' dir='ltr'>λείας,</span> <span class='ocrx_word' id='word_1_755' title='bbox 2302 4848 2394 4903; x_wconf 82' lang='grc' dir='ltr'>τδν</span> <span class='ocrx_word' id='word_1_756' title='bbox 2426 4850 2580 4922; x_wconf 79' lang='grc' dir='ltr'>παρὰ</span> <span class='ocrx_word' id='word_1_757' title='bbox 2625 4850 2844 4904; x_wconf 83' lang='grc' dir='ltr'>πάντων</span> <span class='ocrx_word' id='word_1_758' title='bbox 2889 4848 3209 4921; x_wconf 84' lang='grc' dir='ltr'>κομιοῦνται</span> <span class='ocrx_word' id='word_1_759' title='bbox 3234 4848 3280 4881; x_wconf 61' lang='grc' dir='ltr'>δι</span> <span class='ocrx_word' id='word_1_760' title='bbox 3331 4842 3539 4915; x_wconf 84' lang='grc' dir='ltr'>δασμόν.</span> <span class='ocrx_word' id='word_1_761' title='bbox 3582 4835 3634 4889; x_wconf 84' lang='grc' dir='ltr'>Τί</span> 
     </span>
    </p>
   </div>
   <div class='ocr_carea' id='block_1_106' title="bbox 2095 4928 3632 5016">
    <p class='ocr_par' dir='ltr' id='par_1_106' title="bbox 2095 4928 3632 5016">
     <span class='ocr_line' id='line_1_106' title="bbox 2095 4928 3632 5016; baseline -0.006 -21"><span class='ocrx_word' id='word_1_762' title='bbox 2095 4942 2178 4996; x_wconf 83' lang='grc' dir='ltr'>δεῖ</span> <span class='ocrx_word' id='word_1_763' title='bbox 2209 4942 2410 5012; x_wconf 84' lang='grc' dir='ltr'>λέγειν,</span> <span class='ocrx_word' id='word_1_764' title='bbox 2447 4943 2547 4996; x_wconf 83' lang='grc' dir='ltr'><strong>ὅσα</strong></span> <span class='ocrx_word' id='word_1_765' title='bbox 2600 4945 2728 5016; x_wconf 75' lang='grc' dir='ltr'>περὶ</span> <span class='ocrx_word' id='word_1_766' title='bbox 2776 4942 2874 4997; x_wconf 80' lang='grc' dir='ltr'><strong>τοῦ</strong></span> <span class='ocrx_word' id='word_1_767' title='bbox 2906 4943 3015 4997; x_wconf 80' lang='grc' dir='ltr'><strong>τῶν</strong></span> <span class='ocrx_word' id='word_1_768' title='bbox 3056 4941 3386 5013; x_wconf 75' lang='grc' dir='ltr'>Αἰγυπτίων,</span> <span class='ocrx_word' id='word_1_769' title='bbox 3435 4936 3522 4991; x_wconf 76' lang='grc' dir='ltr'>καὶ</span> <span class='ocrx_word' id='word_1_770' title='bbox 3557 4928 3632 4986; x_wconf 79' lang='grc' dir='ltr'><strong>τοῦ</strong></span> 
     </span>
    </p>
   </div>
   <div class='ocr_carea' id='block_1_107' title="bbox 1642 5265 2353 5325">
    <p class='ocr_par' dir='ltr' id='par_1_107' title="bbox 1642 5265 2353 5325">
     <span class='ocr_line' id='line_1_107' title="bbox 1642 5265 2353 5325; baseline 0.003 -4"><span class='ocrx_word' id='word_1_771' title='bbox 1642 5265 1878 5323; x_wconf 67' lang='lat' dir='ltr'><strong>VARI/l3</strong></span> <span class='ocrx_word' id='word_1_772' title='bbox 1937 5266 2353 5325; x_wconf 86' lang='lat' dir='ltr'><strong>LECTlONES.</strong></span> 
     </span>
    </p>
   </div>
   <div class='ocr_carea' id='block_1_108' title="bbox 474 5377 3397 5453">
    <p class='ocr_par' dir='ltr' id='par_1_108' title="bbox 474 5377 3397 5453">
     <span class='ocr_line' id='line_1_108' title="bbox 474 5377 3397 5453; baseline -0 -21"><span class='ocrx_word' id='word_1_773' title='bbox 474 5378 519 5413; x_wconf 84' lang='grc'><strong>²³</strong></span> <span class='ocrx_word' id='word_1_774' title='bbox 736 5377 971 5453; x_wconf 52' lang='grc' dir='ltr'><strong>ᾔτιγσαν.Δ</strong></span> <span class='ocrx_word' id='word_1_775' title='bbox 1014 5379 1087 5453; x_wconf 56' lang='lat' dir='ltr'><em>ff</em></span> <span class='ocrx_word' id='word_1_776' title='bbox 1116 5379 1501 5453; x_wconf 64' lang='lat' dir='ltr'><strong>B__1tpOO‘ﬁXStV.</strong></span> <span class='ocrx_word' id='word_1_777' title='bbox 1536 5449 1545 5453; x_wconf 94' lang='lat'><strong>_</strong></span> <span class='ocrx_word' id='word_1_778' title='bbox 1579 5379 1687 5453; x_wconf 62' lang='grc' dir='ltr'><strong>ξδΒ</strong></span> <span class='ocrx_word' id='word_1_779' title='bbox 1714 5381 1987 5453; x_wconf 81' lang='grc' dir='ltr'>ῂτήμεθα.</span> <span class='ocrx_word' id='word_1_780' title='bbox 2066 5381 2111 5413; x_wconf 85' lang='grc'><strong>¹⁶</strong></span> <span class='ocrx_word' id='word_1_781' title='bbox 2132 5382 2174 5434; x_wconf 89' lang='grc' dir='ltr'>Β</span> <span class='ocrx_word' id='word_1_782' title='bbox 2204 5378 2589 5453; x_wconf 53' lang='grc' dir='ltr'>μεταδοῦναι.-</span> <span class='ocrx_word' id='word_1_783' title='bbox 2626 5380 2671 5413; x_wconf 78' lang='grc'><strong>’⁷</strong></span> <span class='ocrx_word' id='word_1_784' title='bbox 2712 5379 2753 5453; x_wconf 86' lang='grc' dir='ltr'><strong>Β</strong></span> <span class='ocrx_word' id='word_1_785' title='bbox 2781 5380 2985 5453; x_wconf 78' lang='grc' dir='ltr'>αὐτοῖς.</span> <span class='ocrx_word' id='word_1_786' title='bbox 3036 5380 3106 5453; x_wconf 52' lang='grc' dir='ltr'><strong>ξ’</strong></span> <span class='ocrx_word' id='word_1_787' title='bbox 3144 5382 3187 5433; x_wconf 90' lang='grc' dir='ltr'><strong>Β</strong></span> <span class='ocrx_word' id='word_1_788' title='bbox 3215 5380 3397 5435; x_wconf 83' lang='grc' dir='ltr'>πάντα.</span> 
     </span>
    </p>
   </div>
   <div class='ocr_carea' id='block_1_109' title="bbox 400 5446 3628 5577">
    <p class='ocr_par' dir='ltr' id='par_1_109' title="bbox 400 5446 3628 5577">
     <span class='ocr_line' id='line_1_109' title="bbox 400 5446 3628 5523; baseline -0.002 -20"><span class='ocrx_word' id='word_1_789' title='bbox 400 5448 485 5520; x_wconf 81' lang='grc' dir='ltr'><strong>δή.</strong></span> <span class='ocrx_word' id='word_1_790' title='bbox 538 5451 659 5504; x_wconf 84' lang='lat' dir='ltr'><strong>Des.</strong></span> <span class='ocrx_word' id='word_1_791' title='bbox 700 5446 767 5503; x_wconf 67' lang='grc' dir='ltr'><strong>ἱιῖ</strong></span> <span class='ocrx_word' id='word_1_792' title='bbox 798 5446 857 5502; x_wconf 82' lang='grc' dir='ltr'>Β.</span> <span class='ocrx_word' id='word_1_793' title='bbox 932 5450 977 5482; x_wconf 85' lang='grc'><strong>⁸⁰</strong></span> <span class='ocrx_word' id='word_1_794' title='bbox 1014 5448 1128 5518; x_wconf 82' lang='grc' dir='ltr'><strong>λέγ.</strong></span> <span class='ocrx_word' id='word_1_795' title='bbox 1162 5449 1201 5503; x_wconf 84' lang='grc' dir='ltr'><strong>Β</strong></span> <span class='ocrx_word' id='word_1_796' title='bbox 1232 5446 1424 5520; x_wconf 66' lang='grc' dir='ltr'><strong>’βε-(ειη.</strong></span> <span class='ocrx_word' id='word_1_797' title='bbox 1466 5449 1559 5504; x_wconf 69' lang='grc' dir='ltr'>καὶ</span> <span class='ocrx_word' id='word_1_798' title='bbox 1586 5446 2310 5523; x_wconf 72' lang='grc' dir='ltr'>λίαν”ὰπήρυοριασμένως.</span> <span class='ocrx_word' id='word_1_799' title='bbox 2388 5451 2431 5482; x_wconf 83' lang='grc'><strong>³¹</strong></span> <span class='ocrx_word' id='word_1_800' title='bbox 2477 5452 2516 5501; x_wconf 91' lang='grc' dir='ltr'><strong>Β</strong></span> <span class='ocrx_word' id='word_1_801' title='bbox 2559 5446 2649 5521; x_wconf 87' lang='grc' dir='ltr'><strong>ἦν.</strong></span> <span class='ocrx_word' id='word_1_802' title='bbox 2728 5451 2773 5482; x_wconf 79' lang='grc'><strong>³⁸</strong></span> <span class='ocrx_word' id='word_1_803' title='bbox 2814 5450 2974 5504; x_wconf 85' lang='grc' dir='ltr'>κατά.</span> <span class='ocrx_word' id='word_1_804' title='bbox 3036 5449 3078 5503; x_wconf 87' lang='grc' dir='ltr'><strong><em>Β</em></strong></span> <span class='ocrx_word' id='word_1_805' title='bbox 3148 5467 3329 5520; x_wconf 71' lang='lat' dir='ltr'><strong>prtem.</strong></span> <span class='ocrx_word' id='word_1_806' title='bbox 3384 5446 3447 5498; x_wconf 87' lang='grc' dir='ltr'>οί.</span> <span class='ocrx_word' id='word_1_807' title='bbox 3526 5446 3564 5473; x_wconf 79' lang='grc'><strong>³³</strong></span> <span class='ocrx_word' id='word_1_808' title='bbox 3598 5446 3628 5490; x_wconf 70' lang='lat' dir='ltr'><strong>li</strong></span> 
     </span>
     <span class='ocr_line' id='line_1_110' title="bbox 402 5512 3628 5577; baseline 0.002 -6"><span class='ocrx_word' id='word_1_809' title='bbox 402 5518 727 5577; x_wconf 76' lang='grc' dir='ltr'>Βεελζεϐοὺλ</span> <span class='ocrx_word' id='word_1_810' title='bbox 755 5519 1038 5577; x_wconf 80' lang='grc' dir='ltr'>ἐκάλεσαν.</span> <span class='ocrx_word' id='word_1_811' title='bbox 1075 5520 1232 5577; x_wconf 78' lang='lat' dir='ltr'><strong>iuxta</strong></span> <span class='ocrx_word' id='word_1_812' title='bbox 1282 5535 1391 5575; x_wconf 90' lang='lat' dir='ltr'><strong>rec.</strong></span> <span class='ocrx_word' id='word_1_813' title='bbox 1453 5520 1578 5575; x_wconf 87' lang='lat' dir='ltr'><strong>lect.</strong></span> <span class='ocrx_word' id='word_1_814' title='bbox 1655 5520 1701 5551; x_wconf 75' lang='lat'><strong>”</strong></span> <span class='ocrx_word' id='word_1_815' title='bbox 1738 5524 1903 5575; x_wconf 84' lang='grc' dir='ltr'>Δεσπ.</span> <span class='ocrx_word' id='word_1_816' title='bbox 1934 5521 2065 5577; x_wconf 83' lang='lat' dir='ltr'><strong>Des.</strong></span> <span class='ocrx_word' id='word_1_817' title='bbox 2095 5522 2146 5573; x_wconf 92' lang='lat' dir='ltr'><strong>in</strong></span> <span class='ocrx_word' id='word_1_818' title='bbox 2181 5521 2237 5574; x_wconf 75' lang='lat' dir='ltr'><strong>ll.</strong></span> <span class='ocrx_word' id='word_1_819' title='bbox 2319 5521 2362 5569; x_wconf 68' lang='lat'><strong>&#39;9</strong></span> <span class='ocrx_word' id='word_1_820' title='bbox 2403 5520 2532 5574; x_wconf 85' lang='grc' dir='ltr'>τῶν.</span> <span class='ocrx_word' id='word_1_821' title='bbox 2570 5520 2690 5575; x_wconf 87' lang='lat' dir='ltr'><strong>Des.</strong></span> <span class='ocrx_word' id='word_1_822' title='bbox 2738 5521 2790 5574; x_wconf 89' lang='lat' dir='ltr'><strong>in</strong></span> <span class='ocrx_word' id='word_1_823' title='bbox 2821 5518 2878 5573; x_wconf 89' lang='grc' dir='ltr'><strong>Β.</strong></span> <span class='ocrx_word' id='word_1_824' title='bbox 2958 5519 3002 5551; x_wconf 82' lang='grc'><strong><em>³⁸</em></strong></span> <span class='ocrx_word' id='word_1_825' title='bbox 3039 5522 3088 5575; x_wconf 76' lang='grc' dir='ltr'><strong>ὁ.</strong></span> <span class='ocrx_word' id='word_1_826' title='bbox 3124 5520 3250 5577; x_wconf 90' lang='lat' dir='ltr'><strong>Des.</strong></span> <span class='ocrx_word' id='word_1_827' title='bbox 3278 5518 3396 5573; x_wconf 87' lang='lat' dir='ltr'><strong>ibid.</strong></span> <span class='ocrx_word' id='word_1_828' title='bbox 3470 5514 3509 5544; x_wconf 80' lang='grc'><strong>³⁷</strong></span> <span class='ocrx_word' id='word_1_829' title='bbox 3546 5512 3628 5576; x_wconf 57' lang='grc' dir='ltr'><strong>τὴν</strong></span> 
     </span>
    </p>
   </div>
   <div class='ocr_carea' id='block_1_110' title="bbox 402 5518 1701 5587">
    <p class='ocr_par' dir='ltr' id='par_1_110' title="bbox 402 5518 1701 5587">
     <span class='ocr_line' id='line_1_111' title="bbox 402 5518 1701 5587; baseline 0.002 -16"><span class='ocrx_word' id='word_1_830' title='bbox 402 5518 727 5582; x_wconf 76' lang='grc' dir='ltr'>Βεελζεϐοὺλ</span> <span class='ocrx_word' id='word_1_831' title='bbox 755 5519 1038 5583; x_wconf 79' lang='grc' dir='ltr'>ἐκάλεσαν,</span> <span class='ocrx_word' id='word_1_832' title='bbox 1074 5518 1251 5587; x_wconf 25' lang='grc' dir='ltr'>Ῑιιιῑιιί</span> <span class='ocrx_word' id='word_1_833' title='bbox 1282 5535 1391 5575; x_wconf 90' lang='lat' dir='ltr'><strong>rec.</strong></span> <span class='ocrx_word' id='word_1_834' title='bbox 1453 5520 1578 5575; x_wconf 89' lang='lat' dir='ltr'><strong>lect.</strong></span> <span class='ocrx_word' id='word_1_835' title='bbox 1655 5520 1701 5551; x_wconf 75' lang='lat'><strong>”</strong></span> 
     </span>
    </p>
   </div>
   <div class='ocr_carea' id='block_1_111' title="bbox 3474 5372 3627 5424">
    <p class='ocr_par' dir='ltr' id='par_1_111' title="bbox 3474 5372 3627 5424">
     <span class='ocr_line' id='line_1_112' title="bbox 3474 5372 3627 5424; baseline 0.013 -5"><span class='ocrx_word' id='word_1_836' title='bbox 3474 5376 3515 5406; x_wconf 78' lang='grc'><strong><em>²⁹</em></strong></span> <span class='ocrx_word' id='word_1_837' title='bbox 3551 5372 3627 5424; x_wconf 63' lang='lat' dir='ltr'><strong>ita</strong></span> 
     </span>
    </p>
   </div>
   <div class='ocr_carea' id='block_1_112' title="bbox 3148 5437 3632 5520">
    <p class='ocr_par' dir='ltr' id='par_1_112' title="bbox 3148 5437 3632 5520">
     <span class='ocr_line' id='line_1_113' title="bbox 3148 5437 3632 5520; baseline -0.012 -18"><span class='ocrx_word' id='word_1_838' title='bbox 3148 5467 3329 5520; x_wconf 71' lang='lat' dir='ltr'><strong>prtem.</strong></span> <span class='ocrx_word' id='word_1_839' title='bbox 3365 5446 3447 5520; x_wconf 68' lang='lat' dir='ltr'><strong>ei.</strong></span> <span class='ocrx_word' id='word_1_840' title='bbox 3472 5514 3509 5520; x_wconf 85' lang='lat'>__</span> <span class='ocrx_word' id='word_1_841' title='bbox 3526 5437 3632 5520; x_wconf 69' lang='lat' dir='ltr'><strong>“_li</strong></span> 
     </span>
    </p>
   </div>
   <div class='ocr_carea' id='block_1_113' title="bbox 402 5589 3627 5661">
    <p class='ocr_par' dir='ltr' id='par_1_113' title="bbox 402 5589 3627 5661">
     <span class='ocr_line' id='line_1_114' title="bbox 402 5589 3627 5661; baseline -0.002 -19"><span class='ocrx_word' id='word_1_842' title='bbox 402 5590 695 5657; x_wconf 80' lang='grc' dir='ltr'>βασιλείαν.</span> <span class='ocrx_word' id='word_1_843' title='bbox 737 5591 811 5644; x_wconf 89' lang='lat' dir='ltr'><strong>Ita</strong></span> <span class='ocrx_word' id='word_1_844' title='bbox 844 5589 902 5661; x_wconf 76' lang='grc' dir='ltr'><strong>Β,</strong></span> <span class='ocrx_word' id='word_1_845' title='bbox 933 5591 1225 5661; x_wconf 60' lang='grc' dir='ltr'>εειίδίιειη.</span> <span class='ocrx_word' id='word_1_846' title='bbox 1249 5590 1483 5647; x_wconf 84' lang='lat' dir='ltr'><strong>habebat</strong></span> <span class='ocrx_word' id='word_1_847' title='bbox 1505 5591 1601 5661; x_wconf 78' lang='grc' dir='ltr'>τῆς</span> <span class='ocrx_word' id='word_1_848' title='bbox 1641 5589 1935 5660; x_wconf 82' lang='grc' dir='ltr'>βασιλείας.</span> <span class='ocrx_word' id='word_1_849' title='bbox 2020 5591 2063 5623; x_wconf 79' lang='grc'>³⁸</span> <span class='ocrx_word' id='word_1_850' title='bbox 2105 5592 2145 5645; x_wconf 87' lang='grc' dir='ltr'><strong>Β</strong></span> <span class='ocrx_word' id='word_1_851' title='bbox 2178 5593 2300 5655; x_wconf 75' lang='grc' dir='ltr'>τοὺς</span> <span class='ocrx_word' id='word_1_852' title='bbox 2331 5591 2636 5655; x_wconf 83' lang='grc' dir='ltr'>Ἰουδαίους.</span> <span class='ocrx_word' id='word_1_853' title='bbox 2714 5591 2758 5623; x_wconf 83' lang='grc'><strong>³³</strong></span> <span class='ocrx_word' id='word_1_854' title='bbox 2797 5591 2838 5643; x_wconf 89' lang='grc' dir='ltr'>Β</span> <span class='ocrx_word' id='word_1_855' title='bbox 2872 5589 3184 5661; x_wconf 84' lang='grc' dir='ltr'>θηριωδίας.</span> <span class='ocrx_word' id='word_1_856' title='bbox 3260 5591 3302 5622; x_wconf 75' lang='grc'><strong>⁸⁸</strong></span> <span class='ocrx_word' id='word_1_857' title='bbox 3327 5590 3362 5642; x_wconf 86' lang='grc' dir='ltr'><strong>Β</strong></span> <span class='ocrx_word' id='word_1_858' title='bbox 3387 5599 3627 5649; x_wconf 75' lang='grc' dir='ltr'>καταγω-</span> 
     </span>
    </p>
   </div>
   <div class='ocr_carea' id='block_1_114' title="bbox 400 5660 1224 5733">
    <p class='ocr_par' dir='ltr' id='par_1_114' title="bbox 400 5660 1224 5733">
     <span class='ocr_line' id='line_1_115' title="bbox 400 5660 1224 5733; baseline 0.007 -23"><span class='ocrx_word' id='word_1_859' title='bbox 400 5660 685 5731; x_wconf 80' lang='grc' dir='ltr'>νισαμένη.</span> <span class='ocrx_word' id='word_1_860' title='bbox 761 5661 801 5691; x_wconf 67' lang='grc'><strong>⁸¹</strong></span> <span class='ocrx_word' id='word_1_861' title='bbox 846 5660 903 5714; x_wconf 89' lang='grc' dir='ltr'>Β.</span> <span class='ocrx_word' id='word_1_862' title='bbox 925 5660 1224 5733; x_wconf 85' lang='grc' dir='ltr'>κομίσεται.</span> 
     </span>
    </p>
   </div>
  </div>
