3860 6206
418 291 555 357 ιῖεθθ

1399 276 1885 341 THEODORETI
1923 274 2262 337 EPISCOPI
2298 277 2662 339 CYRENSIS

3487 283 3597 348 Ῑὲὐί

417 413 709 476 agrestem,
771 399 1088 459 barbarum,
1145 393 1345 448 divinis
1420 393 1697 464 mysteriis
1756 389 1979 445 minime

2091 387 2332 460 δυσσεϐῆ,
2362 391 2453 443 τὸν
2485 388 2747 459 θηριώδη,
2782 387 2872 442 τὸν
2907 387 3200 461 βάρϐαρον,
3230 389 3314 442 τὸν
3346 390 3442 444 τῶν
3466 391 3601 446 θείων

419 497 724 559 initiatum,
755 491 846 563 qui
873 491 940 544 de
973 486 1196 542 Daniele
1229 485 1546 541 exclamans
1586 485 1663 539 ita
1689 483 1934 551 loquitur
1967 499 1980 536 :

422 605 442 639 ι
483 587 623 653 Quia
656 583 893 653 Spiritus
921 577 1014 632 Dei
1049 583 1276 631 sanctus
1306 585 1389 630 est
1421 575 1476 628 in
1499 576 1620 644 ipso
1644 571 1692 632 i.
1725 591 1742 624 ι
1775 571 1984 627 Etenim

418 693 608 735 revera
645 675 811 730 divini
844 671 1083 742 Spiritus
1113 685 1315 724 munus
1343 675 1486 731 erat,
1518 676 1572 722 et
1613 667 1888 723 somnium
1922 665 1986 718 il-

417 764 706 835 lud,quod
756 763 898 818 alius
961 766 1342 829 conspexerat,
1403 757 1498 814 sed
1549 757 1813 812 memoria
1871 770 1982 809 non

417 859 654 922 tenebat,
691 869 975 918 enarrare,
1007 862 1058 908 et
1081 850 1326 922 ejusdem
1354 859 1667 906 accuratam
1701 864 1767 903 ac
1797 860 1983 901 veram

415 949 920 1019 interpretationem
958 945 1179 1002 all'erre.
1217 944 1331 1000 Vos
1363 959 1496 1000 vero
1527 959 1598 999 ne
1629 942 1730 997 hac
1764 941 1981 1011 quidem

414 1061 474 1100 re
508 1042 706 1097 adduci
743 1040 972 1110 potestis
1024 1048 1082 1092 ut
1136 1039 1189 1092 in
1231 1037 1551 1108 prophetam
1603 1033 1870 1090 desinatis
1901 1034 1985 1088 in-

412 1135 616 1200 sanire,
648 1133 744 1188 sed
780 1149 875 1203 per
902 1132 1223 1202 pr0phetam
1261 1130 1539 1201 pr0phetm
1567 1127 1795 1182 Domino
1823 1142 1984 1196 repu-

412 1228 611 1300 gnatis.
679 1225 748 1279 At
803 1225 1065 1296 propheta
1125 1225 1242 1294 ipse
1294 1223 1433 1277 nihil
1471 1220 1670 1276 vestris
1712 1218 1984 1274 machinis

413 1323 660 1386 Iredetur,
690 1335 850 1390 quem
883 1321 1204 1388 prophetam
1238 1318 1422 1372 divina
1452 1316 1731 1371 volumina
1759 1315 1985 1369 demon-

413 1419 614 1475 strant,
656 1411 932 1480 cujusque
978 1409 1327 1480 przecognitio
1379 1408 1750 1479 prmdictionis
1787 1408 1986 1462 confir-

413 1509 595 1556 matur
614 1511 834 1555 eventu.
856 1498 1055 1554 Verum
1088 1499 1371 1553 enimvero
1413 1512 1515 1552 nos
1545 1513 1692 1551 nunc
1720 1513 1808 1552 res
1837 1498 1984 1566 ipsas

413 1600 721 1657 cernentes,
759 1590 980 1658 antiqua
1018 1589 1110 1643 illa
1151 1588 1509 1659 intelligimus
1539 1588 1788 1652 oracula,
1834 1597 1888 1644 et
1916 1588 1985 1644 ab

414 1683 550 1754 ipsis
594 1682 758 1736 rebus
813 1679 963 1734 ducti
1021 1680 1181 1733 facile
1234 1678 1750 1748 comprehendimus
1802 1692 1982 1734 rerum

414 1781 671 1829 eventum
707 1791 721 1827 :
759 1786 857 1827 vos
888 1779 1070 1825 autem
1113 1771 1384 1826 insaniam
1426 1777 1663 1826 vestram
1693 1770 1855 1824 etiam
1888 1785 1984 1840 per

415 1867 528 1920 hzrc
586 1864 902 1920 declaratis.
939 1863 1005 1917 Et
1043 1877 1142 1919 nos
1182 1877 1329 1918 nunc
1380 1863 1703 1917 summatim
1736 1871 1983 1916 vestram

413 1957 803 2027 impudentiam
849 1955 1233 2025 redarguimus
1269 1973 1282 2010 :
1327 1962 1383 2008 at
1424 1955 1766 2025 singularum
1798 1965 1984 2008 rerum

416 2047 794 2118 interpretatio
819 2047 1118 2100 amentiam
1156 2047 1370 2118 1060
1407 2057 1640 2102 vestram
1677 2046 1984 2102 evidentius

415 2139 745 2195 confutabit.
792 2141 905 2210 Age
957 2140 1166 2209 itaque,
1208 2155 1330 2193 cum
1361 2148 1415 2194 et
1454 2154 1553 2210 pro
1593 2139 1750 2194 nobis
1786 2139 1983 2194 idonea

414 2230 732 2287 defensione
770 2231 856 2286 usi
898 2229 1090 2293 simus,
1145 2237 1199 2285 et
1233 2227 1450 2284 Judznos
1499 2231 1715 2286 abunde
1757 2245 1984 2288 accusa-

417 2324 658 2379 verimus
685 2340 697 2376 :
728 2323 963 2392 primum
990 2322 1291 2392 prophetia:
1315 2323 1659 2377 dcclarcmus
1687 2338 1980 2394 argumen-
2005 2377 2008 2381 .

417 2424 554 2479 tum,
589 2414 785 2468 deinde
826 2413 1118 2469 verborum
1166 2413 1664 2483 interpretationem
1702 2414 1984 2485 aggredia-

419 2524 560 2568 mur.
596 2506 728 2561 Post
771 2505 975 2562 Josiam
1030 2504 1169 2577 (fuit
1222 2517 1404 2562 autem
1458 2505 1545 2561 hic
1598 2507 1720 2577 pius
1771 2507 1886 2577 rex)
1926 2508 1982 2562 in

416 2599 602 2656 Judaa
656 2599 904 2669 regnavit
957 2599 1078 2668 ejus
1113 2598 1259 2654 ﬁlius
1303 2597 1565 2664 Joachaz,
1620 2615 1717 2669 per
1767 2614 1982 2655 menses

419 2701 532 2744 tres
562 2697 706 2744 totos
735 2703 799 2742 ac
832 2687 950 2744 dies
977 2703 1202 2758 paucos.
1253 2688 1461 2759 Duplex
1505 2699 1689 2745 autem
1733 2690 1862 2745 huic
1889 2705 1988 2744 no-

416 2795 542 2836 men
576 2779 698 2834 fuit.
727 2779 790 2834 In
820 2777 972 2836 libris
1005 2781 1150 2834 enim
1185 2779 1400 2851 Regum
1441 2789 1496 2836 et
1529 2778 1986 2852 Paralipomenon

415 2870 651 2928 Joachaz
670 2872 970 2942 appellatur
992 2867 1019 2910 ι
1039 2891 1053 2928 :
1077 2871 1171 2928 sed
1203 2871 1400 2930 beatus
1427 2871 1694 2929 Jeremias
1725 2875 1984 2944 propheta

417 2963 596 3032 ipsum
631 2962 799 3017 Selim
827 2971 1007 3019 vocat.
1047 2963 1204 3021 llunc
1227 2966 1370 3022 bello
1393 2974 1617 3037 captum
1642 2965 1864 3038 Egypti
1889 2981 1986 3022 rex

417 3054 632 3147 Pharao
661 3054 968 3147 _Nechaoin
1004 3055 1299 3147 Egyptum
1334 3058 1608 3128 captivum
1654 3058 1903 3125 abduxit,
1936 3067 1990 3115 et
2017 3081 2064 3147 ο

419 3145 474 3198 in
505 3145 627 3214 ejus
661 3144 841 3200 locum
874 3143 1200 3202 Eliacimum
1241 3146 1472 3201 fratrem
1511 3147 1633 3216 ejus
1662 3164 1843 3219 regem
1875 3150 1992 3205 suf-

418 3234 569 3300 fecit,
604 3242 660 3290 et
685 3233 992 3291 Joacimum
1041 3239 1399 3308 nuncupavit.
1444 3237 1712 3309 Regnavit
1757 3241 1849 3295 hic
1891 3256 1990 3296 an-

417 3341 520 3382 nos
548 3325 822 3393 undecim,
870 3341 1090 3382 menses
1132 3343 1338 3398 paucos
1371 3328 1617 3398 insuper.
1667 3329 1837 3401 Regni
1866 3332 1990 3402 ejus

418 3434 566 3474 anno
592 3419 759 3475 tertio
809 3418 1315 3475 Nabuchodonosor
1356 3411 1780 3490 Babyloniorum
1832 3423 1850 3444 ⁶
1894 3439 1990 3480 rex

419 3524 546 3564 cum
596 3509 842 3564 exercitu
893 3507 1198 3580 profectus,
1248 3510 1392 3565 haud
1443 3526 1651 3579 paucos
1688 3529 1752 3567 ex
1797 3513 1865 3568 iis
1896 3515 1991 3584 qui

418 3599 635 3670 generis
667 3599 946 3654 nobilitate
977 3606 1327 3670 praestarent,
1352 3600 1496 3656 bello
1522 3603 1689 3672 cepit,
1723 3605 1989 3659 nonnulla

420 3704 584 3745 sacra
615 3704 748 3745 vasa
795 3689 998 3744 divinis
1035 3697 1250 3744 tantum
1286 3692 1478 3748 usibus
1525 3693 1773 3750 dedicata
1820 3697 1992 3752 corri-

421 3782 559 3851 puit,
597 3782 963 3851 impositoque
1005 3782 1106 3852 ipsi
1135 3779 1384 3838 Joacimo
1414 3785 1624 3841 tributo
1655 3787 1991 3860 Babylonem

416 3888 480 3929 se
521 3871 745 3941 recepit.
803 3871 1008 3926 Deinde
1056 3886 1183 3927 cum
1236 3874 1328 3930 ille
1360 3875 1687 3946 imperatum
1723 3880 1990 3936 tributum

419 3962 589 4016 nollet
617 3961 951 4030 persolvere,
995 3978 1190 4018 rursus
1227 3965 1294 4019 ad
1330 3964 1764 4038 Hierosolymam
1803 3968 1984 4024 addu-

419 4054 502 4108 xit
539 4053 744 4124 1061
777 4053 1106 4120 exercitum,
1139 4064 1410 4127 captaque
1455 4059 1614 4123 urbe,
1654 4067 1708 4113 et
1747 4057 1992 4118 Joacimo

421 4145 732 4210 interfecto,
764 4159 864 4216 pro
899 4160 965 4202 eo
999 4161 1180 4216 regem
1213 4157 1365 4204 creat
1406 4149 1555 4207 illius
1595 4149 1790 4217 ﬁlium,
1823 4167 1851 4206 a
1895 4151 1994 4208 Ju-

420 4232 552 4290 dzeis
589 4233 777 4290 itidem
815 4232 1024 4290 Joacim
1066 4246 1343 4301 vocatum,
1390 4239 1487 4294 sed
1521 4247 1734 4296 mutato
1770 4242 1993 4299 nomine

420 4345 623 4384 rursus
665 4328 892 4384 Eliacim
939 4340 1342 4402 nuncupatum.
1397 4333 1574 4403 Atque
1611 4333 1759 4388 hunc
1796 4334 1991 4390 beatus

2086 481 2362 553 ἀμύητον,
2419 481 2625 552 βοῶντα
2679 479 2934 553 περὶτοῦ
2974 481 3192 552 Δανιὴλ,
3242 483 3332 535 καὶ
3377 481 3600 552 λέγοντα·

2092 591 2119 626 ο
2142 575 2264 628 Ὅτι
2296 574 2517 644 Πνεῦμα
2555 573 2690 628 Θεοῦ
2716 574 2869 642 ἆγιόν
2889 576 3036 628 ἐστιν
3066 576 3123 628 ἐν
3153 574 3316 645 αύτῷ.
3349 594 3367 627 3
3399 576 3605 648 Καὶγὰρ

2085 665 2163 738 τῷ
2199 667 2310 721 δντι
2343 667 2436 721 τοῦ
2479 667 2624 720 θείου
2675 666 2990 738 Πνεύματος
3017 666 3176 738 ἔργον
3206 663 3290 738 ἦν,
3319 668 3407 722 καὶ
3449 669 3500 722 τὸ
3536 672 3606 722 ἐν-

2089 757 2280 813 ύπνιον
2314 759 2509 822 εἰπεῖν,
2542 759 2570 812 ὃ
2592 759 2778 830 ἕτερος
2806 758 3140 829 θεασάμενος
3172 760 3430 830 ἐπελήσθη
3449 761 3504 827 ⁸⁸,
3529 765 3607 816 καὶ

2084 851 2274 905 τούτου
2306 851 2542 921 δηλῶσαι
2575 851 2675 922 τὴν
2705 851 3002 922 ἑρμηνείαν
3028 851 3269 923 ἀκριϐῶς
3296 869 3350 905 τε
3379 853 3463 906 καὶ
3498 855 3609 927 ἀληο

2087 943 2216 1006 θῶς.
2263 943 2436 1012 ’Υμᾶς
2466 942 2522 995 δὲ
2554 941 2674 996 οὐδὲ
2702 943 2860 996 τοῦτο
2884 941 3060 996 πείθει
3093 943 3191 1014 τὴν
3219 943 3356 997 κατὰ
3385 944 3469 998 τοῦ
3497 961 3608 1014 προ-

2086 1035 2257 1104 φήτου
2298 1033 2597 1090 καταλῦσαι
2629 1035 2844 1106 μανίαν,
2878 1035 3014 1089 ἀλλὰ
3039 1033 3126 1088 διὰ
3148 1035 3245 1090 τοῦ
3273 1038 3526 1108 προφήτου
3547 1038 3612 1109 τῷ

2085 1124 2178 1178 τοῦ
2210 1126 2489 1196 προφήτου
2523 1126 2810 1196 πολεμεῖτε
2842 1127 3111 1198 Δεσπότῃ.
3150 1127 3290 1180 Ἀλλ’
3318 1131 3344 1181 ὁ
3384 1129 3472 1198 μὲν
3501 1146 3611 1200 προσ

2086 1218 2261 1288 φήτης
2288 1217 2438 1270 οὐδὲν
2466 1219 2530 1270 ἐκ
2556 1217 2662 1273 τῶν
2685 1219 2964 1290 ὑμετέρων
2993 1218 3318 1291 βλαϐήσεται
3343 1221 3612 1290 τεχνασμὰο

2085 1325 2220 1361 των·
2254 1309 2540 1380 προφήτην
2559 1311 2668 1380 γὰρ
2690 1309 2850 1362 αὑτὸν
2873 1311 3112 1365 δείκνυσι
3138 1312 3204 1365 τὰ
3225 1311 3342 1364 θεῖα
3372 1313 3616 1381 συγγράμ-

2088 1416 2258 1470 ματα,
2292 1399 2498 1468 βεϐαιοῖ
2524 1401 2580 1453 δὲ
2603 1403 2700 1473 τὴν
2730 1403 3038 1475 πρόγνωσιν
3074 1403 3170 1458 καὶ
3203 1403 3265 1456 τὸ
3293 1404 3384 1471 τῆς
3409 1404 3615 1474 προῤῥή-

2087 1503 2223 1550 σεως
2245 1488 2416 1552 τέλος.
2466 1489 2627 1543 ’Λλλὰ
2647 1491 2691 1522 ⁸³
2720 1489 2829 1564 γὰρ
2859 1492 2955 1546 νῦν
2983 1493 3221 1561 δρῶντες
3253 1493 3321 1546 τὰ
3353 1493 3616 1562 πράγματα

2086 1578 2312 1648 νοοῦμεν
2335 1580 2519 1634 ἐκεῖνα
2554 1581 2622 1634 τὰ
2653 1581 2856 1637 παλαιὰ
2893 1583 3263 1654 θεσπίσματα,
3302 1585 3394 1637 καὶ
3422 1583 3504 1636 ὑπ’
3536 1585 3616 1636 αύ-

2085 1673 2194 1726 τῶν
2227 1673 2619 1745 ποδηγούμενοι
2642 1674 2750 1729 τῶν
2783 1677 3123 1749 πραγμάτων
3155 1676 3353 1748 ῥᾳδίως
3381 1674 3617 1745 λαμϐάνο-

2093 1783 2191 1837 μεν
2220 1766 2317 1837 τὴν
2351 1765 2459 1820 τῶν
2493 1767 2832 1837 πραγμάτων
2856 1769 2901 1799 “
2934 1767 3238 1837 κατάληψιν
3258 1782 3272 1795 ’
3301 1767 3446 1836 ὑμεῖς
3471 1765 3521 1820 δὲ
3542 1767 3618 1836 τὴν

2089 1857 2295 1911 οἰκείαν
2329 1859 2614 1930 παροινίαν
2639 1859 2684 1890 ⁸⁵
2731 1860 2823 1913 καὶ
2849 1859 2939 1915 διὰ
2977 1858 3182 1912 τούτων
3212 1855 3450 1929 δηλοῦτε.
3487 1856 3620 1908 Ἀλλὰ

2089 1949 2184 2004 νῦν
2217 1950 2314 2020 μὲν
2345 1951 2402 2004 ἐν
2437 1951 2714 2022 κεφαλαίῳ
2760 1952 2857 2023 τῆς
2899 1953 3172 2024 ὑμετέρας
3210 1951 3478 2014 ἀναιδείας
3517 1951 3621 2013 τοὺς

2089 2041 2344 2113 ἐλέγχους
2391 2043 2794 2114 ἐποιησάμεθα·
2833 2047 2865 2115 ἠ
2905 2045 2960 2098 δὲ
3005 2045 3146 2099 κατὰ
3190 2045 3356 2116 μέρος
3396 2042 3622 2115 ἑρμηνεία

2090 2135 2478 2206 ἐναργέστερον
2513 2137 2665 2206 ὑμῶν
2707 2135 2912 2205 ἐλέγξει
2936 2139 2980 2170 ⁸⁸
3024 2137 3122 2209 τήν
3146 2137 3354 2192 ἄνοιαν.
3384 2136 3507 2206 Φέρε
3535 2134 3624 2188 τοί-

2090 2243 2205 2294 νυν,
2247 2228 2346 2298 τήν
2393 2243 2453 2280 τε
2485 2227 2626 2300 ὑπὲρ
2673 2229 2830 2300 ήμῶν
2874 2228 3053 2284 αὐτῶν
3084 2228 3401 2299 ἀπολογίαν,
3434 2226 3519 2281 καὶ
3545 2227 3624 2295 τὴν

2105 2316 2371 2371 Ἰουδαίων
2393 2317 2728 2389 κατηγορίαν
2760 2319 3122 2390 ἀποχρώντως
3154 2318 3520 2389 ποιησάμενοι,
3545 2315 3624 2384 τήν

2089 2409 2188 2481 τῆς
2220 2411 2555 2482 προφητείας
2597 2411 2854 2466 ὑπόθεσιν
2885 2413 3054 2484 δήλην
3098 2413 3364 2484 πρότερον
3390 2411 3624 2478 καταστή-

2094 2519 2295 2572 σωμεν,
2330 2497 2428 2555 εἷθ’
2451 2501 2624 2567 οὕτως
2661 2503 2761 2574 τῆς
2800 2505 2939 2558 κατὰ
2985 2504 3128 2572 λέξιν
3173 2503 3464 2575 ἑρμηνείας
3499 2499 3624 2569 ἁψώ-

2095 2593 2256 2664 μεθα.
2286 2593 2438 2647 Μετὰ
2459 2595 2502 2626 ⁸⁷
2537 2593 2629 2647 τὸν
2665 2595 2874 2650 Ἰωσίαν
2901 2595 3152 2667 (εὐσεϐὴς
3181 2595 3239 2648 δέ
3261 2588 3414 2657 οὗτος
3431 2591 3626 2662 γεγένη-

2093 2700 2182 2735 ται
2214 2683 2486 2754 βασιλεὺς)
2541 2684 2856 2737 ἐϐασίλευσε
2895 2684 2998 2755 τῆς
3055 2683 3319 2746 Ἰουδαίας
3366 2679 3628 2750 Ἰωάχαζ,ὀ

2094 2775 2212 2839 υἱὸς
2240 2775 2425 2841 αὑτοῦ,
2458 2777 2606 2846 τρεῖς
2635 2775 2810 2846 μῆνας
2836 2774 2880 2808 ⁸³
2915 2776 3064 2839 ὅλους
3098 2776 3190 2829 καὶ
3213 2774 3398 2843 ὀλίγας
3427 2772 3625 2843 ἡμέραςο

2093 2866 2358 2937 διώνυμος
2383 2867 2437 2920 δὲ
2478 2860 2631 2932 οὗτος
2670 2863 2772 2939 ἦν’
2808 2868 2866 2920 ἐν
2894 2867 2993 2938 μὲν
3030 2870 3139 2938 γὰρ
3177 2871 3302 2930 ταῖς
3333 2864 3625 2924 Βασιλείαις,

2095 2961 2325 3025 καὶτοῖς
2356 2959 2855 3032 Παραλειπομένοις
2879 2962 2944 3026 ⁸⁸,
2989 2959 3215 3031 Ἰωὰχαζ
3244 2954 3630 3027 ὀνομάζεταιοό

2095 3053 2151 3107 δὲ
2197 3053 2466 3125 μακάριος
2519 3052 2786 3124 Ἱερεμίας
2809 3053 2856 3086 ⁷ο
2901 3050 3063 3106 αὐτὸν
3088 3053 3117 3106 ὁ
3155 3052 3440 3123 προφήτης
3464 3048 3628 3114 Σελεὶμ

2094 3145 2511 3216 προσαγορεύει.
2559 3145 2760 3199 Τοῦτον
2806 3143 3140 3216 δορυάλωτον
3184 3145 3211 3196 ό
3243 3143 3346 3211 τῆς
3389 3139 3627 3208 Αἰγύπτου

2093 3236 2346 3308 βασιλεὺς
2374 3237 2572 3308 Φαραὼ
2591 3237 2786 3308 Νεχαὼ
2807 3237 2985 3290 λαϐὼν
3007 3236 3076 3302 ⁷¹,
3105 3236 3447 3306 αἰχμάλωτον
3467 3233 3535 3294 είς
3549 3232 3628 3299 τὴν

2091 3329 2364 3398 Αἴγυπτον
2411 3330 2734 3400 ἀπήγαγεν·
2797 3331 3170 3401 ἐχειροτόνησε
3217 3329 3277 3382 δὲ
3329 3329 3438 3383 ἀντ’
3487 3322 3626 3380 αἰτοῦ

2093 3417 2316 3489 βασιλέα
2362 3419 2640 3491 Ἐλιακεὶμ
2671 3419 2762 3474 τὸν
2797 3419 3022 3490 ἀδελφὸν
3051 3419 3237 3485 αὐτοῦ,
3273 3420 3367 3475 καὶ
3408 3416 3628 3484 Ἰωακεὶμ

2091 3513 2253 3568 αὐτὸν
2286 3513 2744 3586 προσηγόρευσεν.
2794 3514 3143 3568 Ἐϐασίλευσε
3179 3514 3233 3567 δὲ
3285 3505 3437 3574 οῦτος
3467 3510 3517 3562 ἓν
3552 3508 3628 3560 καὶ

2091 3603 2224 3658 δέκα
2254 3603 2348 3676 ἐτη
2381 3605 2516 3674 πρὸς
2547 3605 2744 3673 ὀλίγοις
2780 3605 2965 3677 μησίν.
3016 3607 3102 3658 Ἐν
3149 3603 3205 3657 δὲ
3235 3604 3315 3674 τῷ
3355 3604 3511 3675 τρίτῳ
3539 3599 3630 3652 ἔτει

2090 3698 2191 3768 τῆς
2210 3695 2395 3749 τούτου
2419 3695 2695 3766 βασιλείας
2715 3695 3144 3768 ἐπιστρατεύσας
3167 3691 3627 3765 Ναϐουχοδονόσορ,

2091 3788 2120 3841 ὁ
2142 3787 2252 3841 τῶν
2275 3787 2631 3841 Βαϐυλωνίων
2667 3787 2940 3857 βασιλεὺς,
2982 3787 3141 3841 ἔλαϐε
3189 3787 3287 3858 μὲν
3323 3787 3421 3839 ούκ
3447 3783 3628 3850 ὀλίγους

2091 3877 2458 3951 δορυαλώτους
2477 3879 2584 3932 τῶν
2603 3879 2688 3932 ἐπ’
2709 3879 2956 3949 εὐγενείᾳ
2974 3878 3438 3950 λαμπρυνομένων
3457 3892 3468 3904 ·
3496 3871 3626 3926 ἔλαϐε

2091 3970 2147 4025 δὲ
2172 3970 2266 4024 καὶ
2297 3969 2413 4022 ἔνια
2445 3970 2552 4023 τῶν
2588 3969 2746 4041 ίερῶν
2789 3969 2996 4023 σκευῶν
3036 3969 3147 4021 τῶν
3183 3971 3304 4030 ταῖς
3347 3968 3506 4028 θείαις
3535 3965 3624 4016 λει-

2093 4061 2372 4132 τουργίαις
2405 4062 2826 4133 ἀφιερωμένων·
2860 4061 3061 4132 δασμὸν
3093 4061 3148 4114 δέ
3190 4078 3313 4114 τινα
3347 4058 3538 4120 ἐπιθεὶς
3564 4053 3624 4122 τῷ

2104 4153 2359 4225 Ἰωακεὶμ
2400 4153 2612 4225 ἀπῆρεν
2650 4158 2729 4217 είς
2766 4153 2863 4224 τὴν
2885 4154 2932 4184 τ’
2980 4151 3295 4206 Βαϐυλῶνα.
3330 4147 3476 4214 Εἶτα,
3519 4145 3623 4206 τούτ

2091 4261 2184 4298 του
2209 4245 2255 4276 ⁷³
2285 4245 2376 4299 τὸν
2398 4245 2680 4316 ὁρισθέντα
2700 4245 2746 4276 ⁷⁸
2778 4245 2940 4314 φόρον
2972 4245 3180 4297 ἐκτῖσαι
3211 4243 3284 4313 μὴ
3316 4239 3624 4312 βουλομένου,

2093 4337 2255 4391 πάλιν
2309 4338 2706 4408 ἐπεστράτευσε
2760 4339 2873 4400 τοῖς
2927 4335 3351 4406 Ἰεροσολύμοις,
3406 4331 3493 4386 καὶ
3545 4328 3626 4397 τὴν

418 4420 688 4478 Jcremias
739 4421 1001 4492 prOpheta
1053 4420 1374 4478 Jechoniam
1439 4424 1706 4481 nominat.
1771 4445 1789 4478 ι
1850 4423 1986 4481 Vivo

2093 4427 2248 4481 πόλιν
2306 4427 2463 4492 ἐλὼν,
2514 4427 2606 4480 καὶ
2659 4427 2846 4481 τοῦτον
2902 4425 3139 4493 ἀνελὼν,
3186 4425 3499 4495 καθίστησιν
3529 4418 3624 4474 ἀντ’

417 4516 566 4570 enim
607 4530 731 4584 ego,
768 4514 969 4594 inquit,
1007 4515 1138 4570 dicit
1167 4513 1452 4580 Dominus,
1503 4516 1550 4572 si
1583 4515 1748 4573 fuerit
1791 4515 1989 4573 Jecho-

422 4609 562 4672 nias,
595 4607 741 4662 filius
772 4603 1000 4660 Joacimi
1044 4605 1186 4674 regis
1225 4603 1402 4672 Judze,
1441 4607 1680 4679 sigillum
1732 4609 1786 4663 in
1818 4623 1985 4664 manu

2096 4517 2259 4572 αὑτοῦ
2315 4518 2537 4587 βασιλέα
2573 4518 2664 4570 τὸν
2709 4519 2768 4584 ἐξ
2815 4518 3008 4582 αὑτοῦ,
3050 4518 3368 4588 Ἰωακεὶμη
3417 4514 3508 4585 μὲν
3542 4507 3626 4563 ὑπὸ

2099 4610 2202 4663 τῶν
2244 4609 2512 4665 Ἰουδαίων
2557 4610 2944 4682 ὀνομασθέντα,
3004 4609 3289 4680 Ἐλιακεὶμ
3308 4611 3354 4642 ⁷⁸
3396 4606 3450 4660 δέ
3489 4602 3624 4657 πάλιν

495 4777 510 4827 i
562 4776 700 4830 Dan.
735 4793 809 4841 ιν,
844 4775 897 4841 5,
929 4776 983 4832 6.
1065 4778 1091 4818 Ιι
1127 4778 1196 4833 IV
1227 4779 1530 4850 Regnum,
1568 4781 1774 4855 lsqq.;
1810 4785 1856 4842 ll
1879 4786 2004 4843 Par.
2045 4803 2234 4851 xxxvr,
2271 4789 2299 4842 ι
2335 4802 2456 4857 sqq.

1704 4985 1934 5041 VARle
1969 4985 2371 5044 LECTIONES.

493 5133 540 5206 σε
707 5134 786 5206 ξιιμ
817 5131 857 5186 Β
882 5148 981 5206 pro
1011 5134 1312 5206 ἀπελήσθη,
1354 5144 1412 5190 ut
1445 5138 1570 5193 hab.
1625 5137 1793 5197 Sirm.

1902 5143 1947 5174 ⁸³
1985 5143 2140 5198 ἀλλά.
2177 5142 2414 5214 Βίαύτά.
2491 5142 2536 5174 ⁸⁸
2574 5159 2668 5210 πρ.
2705 5143 2748 5194 Β
2779 5141 3162 5214 γραμμάτωνη
3221 5143 3266 5176 ⁸⁸
3305 5142 3347 5194 Β
3375 5135 3626 5214 πονηρίαν.

583 5203 864 5284 διελέγξει.
884 5203 898 5205 “
939 5205 982 5284 "_’
1023 5205 1198 5284 Mari,
1231 5203 1355 5260 κζτ.
1376 5207 1428 5260 λ.
1465 5207 1743 5284 Prolixius
1771 5212 1894 5273 hoc,
1919 5214 2064 5281 quod
2096 5213 2364 5284 sequitur,
2393 5203 2768 5284 argumentum
2789 5203 3012 5274 ξόιέἰειι
3038 5212 3271 5284 quidem
3313 5208 3432 5284 in__B
3456 5203 3623 5284 totum,

422 5275 516 5353 sed
547 5274 620 5353 ad
640 5273 1082 5353 ntargjnem‘hgee
1105 5277 1342 5353 epitome
1379 5286 1462 5330 est
1487 5279 1735 5353 ascripta
1761 5322 1774 5344 ,
1817 5273 2101 5353 pt'teinisso
2143 5273 2308 5335 titulo
2443 5273 2742 5353 ’λ’πὸθεσις.
2778 5273 2929 5335 ιὊτι
2960 5273 3098 5352 μετὰ
3131 5282 3341 5336 Ἰωσίαν
3371 5276 3580 5353 Ἰωάχςζ
3602 5275 3624 5326 ὃ

419 5345 536 5423 νέὲς
563 5343 758 5423 αὺῖοῦν.
781 5343 848 5423 ξς
876 5343 967 5423 ἕως
999 5344 1190 5423 Σελὴῆ
1209 5345 1518 5423 (εἰῶ-κατα
1539 5343 1930 5423 τδν’”1ερεμίαν
1985 5343 2420 5423 προαγορεύεται
2455 5352 2578 5423 (sic,
2615 5343 2715 5423 pro
2758 5343 3103 5422 προσαγορ.).
3161 5353 3317 5406 Μετὰ
3364 5349 3412 5423 δέ
3465 5343 3625 5423 τοῦτρν

431 5413 715 5492 Ἐλιακεὶμ
785 5412 1008 5478 ἀδελξδς
1028 5412 1230 5492 αὖροῇέ
1261 5414 1318 5492 δξν
1343 5415 1540 5492 (Ιζσξραὼ
1569 5412 1829 5492 -Ίωοιξιὲὶμ
1854 5412 2316 5492 προσηγόρευσεν.
2348 5412 2500 5474 Μετά
2531 5412 2584 5474 δέ
2614 5412 2816 5492 τοῦτον
2835 5412 3113 5492 ἰπλιακεῖμ
3153 5425 3180 5474 ὁ
3207 5424 3318 5492 υἱὸς
3357 5415 3541 5492 αὐτοῦη
3563 5414 3625 5492 ’ὃς

418 5486 513 5538 καὶ
545 5483 1220 5566 Ἰωαθκεξμμετηωνομᾲσθη
1240 5501 1254 5514 ·
1283 5483 1935 5566 ὃγίΙέρεμίαςξΙεχόνίάν
1964 5483 2220 5562 όνομᾶζει
2245 5509 2258 5522 ο

1405 5555 1530 5630 μῆνζ
1552 5555 1616 5630 in
1643 5557 1681 5610 Β
1713 5555 1935 5627 ponitur
1955 5555 2081 5630 post
2102 5562 2276 5623 ὅλους.

589 5593 707 5624 ..γι
743 5593 877 5615 νυνι..
914 5593 1185 5616 —-v~nw~,.
1219 5593 1234 5603 -
1405 5593 1460 5622 rt!
1494 5593 1530 5606 ν.
1560 5593 1616 5610 ιιι
1643 5593 1681 5610 υ
1714 5593 1926 5627 γυιιιιυι
1958 5593 2081 5630 vum.
2102 5593 2276 5623 unum”
2383 5593 2391 5594 ί
2439 5593 2480 5614 ιι
2514 5593 2620 5623 ιυιιν
2669 5593 2771 5629 91w;-

589 5625 798 5705 gonitur
820 5629 937 5705 p25!
962 5623 1143 5702 0113163.
1221 5623 1266 5654 '"
1461 5593 1514 5678 in
1542 5625 1588 5705 _B
1615 5631 1866 5705 positum
1886 5639 2013 5705 ante
2045 5630 2638 5705 pq0:155;._lli_itl._t_les.
2681 5632 2771 5705 αίχ

426 5694 473 5724 ’³
511 5692 720 5746 τούτου.
749 5691 823 5748 Ita
849 5692 888 5745 Β
909 5705 1004 5763 pro
1033 5692 1242 5760 τοῦτον,
1269 5701 1326 5749 ut
1351 5692 1514 5751 Sirm.
1542 5691 1682 5755 hab.-
1744 5698 1788 5730 “
1828 5699 1870 5751 B
1901 5691 2226 5772 ὡρισμένον.
2280 5691 2291 5696 ’
2310 5703 2354 5734 ⁷⁸
2393 5701 2436 5753 Β
2475 5691 2770 5773 Ἐλιακείμξ

419 5563 519 5624 tur
539 5553 707 5624 αὐτῷ)
740 5554 879 5615 θεῖος
913 5552 1185 5624 Σεδεκίας,
1209 5552 1260 5624 ’.ί
1307 5554 1362 5624 καί

421 5623 479 5676 In
508 5623 547 5675 Β
577 5623 798 5690 ponitur
820 5629 937 5691 post
962 5623 1143 5675 αὐτόν.

2296 5492 2412 5562 μεθ’
2442 5492 2500 5546 ὃν
2531 5493 2560 5544 ὁ
2594 5491 2728 5560 πρὸς
2758 5493 2960 5562 πατρὸς
2987 5485 3165 5546 αὐτῶν
3205 5491 3332 5562 (leg.
3363 5503 3472 5562 esse
3501 5485 3622 5562 vide-

2355 5563 2480 5635 f_’.B
2504 5555 2647 5635 τειῖξ
2669 5555 3191 5635 Περαλέιπομέναες-
3215 5555 3224 5562 ’
3258 5555 3316 5635 ,⁷⁸
3360 5555 3617 5635 ἷξερεξιίοεςο

2779 5623 3040 5702 μάλωτόν.
3124 5633 3170 5663 ⁷³
3211 5632 3326 5700 τήν.
3360 5623 3539 5683 Desit)
3563 5623 3615 5678 Β.

2853 5701 2898 5734 ⁷⁸
2937 5702 2978 5755 Β
3019 5702 3289 5772 Ἰωακείμ.
