3860 6206
279 392 420 458 1265

1448 391 1531 453 IN
1563 388 1953 453 DANIELEM
1989 389 2401 455 rumne.
2448 344 2463 355 ’

3388 398 3523 464 1266

279 507 778 583 μετονομασθέντα.
824 508 932 563 Καὶ
962 507 1145 563 τοῦτον
1193 509 1249 563 δὲ
1296 509 1325 562 6
1370 510 1640 581 μακάριος
1686 510 1848 581 Ἰερε-

1956 507 2180 565 dextera
2209 525 2353 577 mea,
2386 510 2513 566 inde
2544 511 2771 568 evellam
2799 518 2876 578 te,
2908 519 2963 569 et
2986 500 3207 571 tradam
3247 516 3374 573 tein
3407 535 3511 574 tua-

282 606 415 671 μίας
448 602 478 654 ὁ
509 601 798 671 προφήτης
853 601 1103 672 Ἰεχονίαν
1149 602 1426 673 ὀνομάζει.
1466 619 1485 654 ι
1523 602 1609 655 Ζῶ
1648 603 1755 674 γὰρ
1779 605 1847 669 ⁷⁷,

274 692 437 763 φησὶ,
465 691 614 760 λέγει
642 690 866 760 Κύριος,
895 691 989 745 ἐὰν
1008 696 1299 764 γενόμενος
1323 693 1547 765 γένηται
1575 694 1848 764 Ἰεχονίας,

272 782 396 848 υίὸς
439 784 694 854 Ἰωακεὶμ
715 782 979 854 βασιλέως
1013 785 1204 850 Ἰούδα,
1237 786 1671 857 ἀποσφράγισμα
1694 787 1851 840 sui."

276 876 381 944 τῆς
408 874 592 946 χειρός
622 892 723 946 μου
762 875 864 946 τῆς
894 876 1097 944 δεξιᾶς,
1132 878 1339 931 ἐκεῖθεν
1368 878 1628 933 ἐκσπάσω
1648 897 1728 948 σε,
1756 880 1853 933 καὶ

274 964 591 1038 παραδώσω
634 983 695 1020 σε
722 968 801 1031 είς
832 970 1022 1040 χεῖρας
1062 970 1368 1042 ζητούντων
1403 970 1500 1043 τὴν
1525 970 1703 1044 ψυχήν
1733 990 1851 1039 σου,

272 1052 365 1113 ὧν·
387 1060 454 1114 σὺ
481 1060 685 1132 εὐλαδῇ
716 1062 824 1116 ἀπὸ
850 1064 1143 1136 προσώπου
1173 1068 1374 1134 αὐτῶν,
1421 1071 1500 1132 εἰς
1530 1072 1717 1141 χεῖρας
1744 1066 1852 1121 τῶν

275 1151 584 1208 Χαλδαίων.
622 1174 641 1206 ι
692 1155 802 1208 Καὶ
847 1156 1036 1211 τούτου
1083 1159 1264 1213 τοίνυν
1310 1163 1460 1233 τρεῖς
1509 1162 1683 1233 μῆνας
1715 1160 1852 1232 πρὸς

273 1242 492 1312 ὀλίγαις
538 1244 778 1318 ἡμέραις
831 1247 931 1319 τὴν
1003 1249 1281 1320 βασιλείαν
1343 1252 1850 1324 πρυτανεύσαντος,

271 1333 399 1386 τότε
417 1334 468 1366 ⁷⁸
496 1335 659 1389 πάλιν
687 1338 716 1391 6
748 1337 1241 1413 Ναδουχοδονόσορ,
1286 1344 1315 1397 6
1357 1344 1466 1398 τῶν
1498 1343 1852 1399 Βαϐυὶῗωνέων

275 1421 560 1492 βασιλεὺς,
613 1427 871 1498 στρατιὰν
893 1430 941 1463 ⁸⁸
998 1430 1326 1496 ἀποστείλας
1376 1434 1468 1487 καὶ
1524 1435 1849 1506 στρατηγὸν,

270 1512 469 1567 τοῦτον
520 1515 619 1586 μὲν
676 1516 1022 1588 αίχμάλωτον
1070 1520 1360 1593 ἀπήγαγεν
1404 1524 1484 1588 είς
1533 1524 1631 1596 τὴν
1675 1524 1853 1578 Βαϐυ-

269 1603 425 1657 λῶνα
442 1604 513 1669 ⁸⁸,
544 1606 624 1677 τῷ
667 1606 724 1661 δὲ
765 1608 991 1683 Σεδεκίᾳ
1023 1610 1154 1683 θείῳ
1192 1613 1329 1685 πρὸς
1359 1615 1566 1688 πατρὸς
1618 1615 1783 1670 αὐτοῦ
1805 1617 1852 1650 ⁸³

268 1694 396 1748 ὄντι
426 1694 531 1767 τὴν
566 1692 847 1766 βασιλείαν
870 1701 1168 1773 ἐνεχείρισε
1189 1719 1205 1736 α
1236 1705 1331 1759 καὶ
1359 1708 1551 1760 τούτου
1582 1707 1639 1760 δὲ
1667 1708 1850 1761 ιἰνιαυ⁴

268 1786 364 1839 τὸν
392 1786 493 1841 ἕνα
514 1789 651 1860 πρὸς
681 1793 795 1855 τοῖς
832 1792 967 1847 δέκα
1015 1794 1453 1865 βασιλεύσαντος,
1482 1797 1601 1855 εἶτα
1638 1800 1730 1855 τὸν
1756 1801 1849 1870 ὲγ-

270 1877 532 1948 κείμενον
551 1879 599 1913 ”
636 1881 699 1935 οὐ
743 1881 1035 1948 δεδωκότος
1072 1884 1257 1957 φόρον,
1311 1887 1453 1958 μετά
1497 1889 1699 1959 πολλῆς
1749 1890 1847 1960 μὲν

267 1968 560 2040 δυνάμεως
588 1974 966 2046 ἐπιστρατεύει
984 1979 1098 2042 τοῖς
1128 1979 1519 2052 Ἰεροσολύμοις
1541 1981 1651 2035 τῶν
1674 1981 1849 2035 Βαϐυ-

267 2057 484 2113 λωνίων
534 2062 564 2113 6
618 2054 899 2133 βασιλεὺς,
951 2064 1143 2120 ἔπειτα
1196 2067 1587 2141 πολιορκήσας,
1639 2069 1741 2149 καὶ
1770 2069 1850 2141 τῷ

266 2149 419 2221 λιμῷ
447 2154 573 2206 κατ’
596 2154 776 2210 αὐτῶν
803 2158 1075 2230 συμμάχῳ
1093 2160 1457 2232 χρησάμενος,
1483 2161 1577 2215 καὶ
1599 2161 1846 2232 μηχανή·

269 2256 421 2307 ματα
445 2244 564 2306 τοῖς
590 2244 897 2315 περιϐόλοις
928 2249 1335 2319 προσενεγκὼν,
1371 2253 1602 2324 ῥήγνυσι
1648 2252 1748 2322 μὲν
1785 2251 1847 2305 τὸ

263 2330 472 2401 τεῖχος,
520 2333 738 2407 ἀναιρεῖ
778 2335 837 2390 δὲ
878 2339 1006 2403 τοὺς
1049 2339 1355 2408 πλείστους,
1383 2344 1511 2407 τοὺς
1537 2343 1596 2397 δὲ
1625 2343 1846 2406 λοιποὺς

264 2419 738 2491 ἐξανδραποδίσας
782 2426 986 2496 ἀπάγει
1035 2426 1430 2500 δορυαλώτους,
1476 2431 1612 2501 πυρὶ
1654 2432 1755 2502 τήν
1786 2448 1847 2485 τε

263 2510 431 2565 πόλιν
461 2514 559 2568 καὶ
591 2514 653 2568 τὸ
680 2515 823 2587 ίερδν
846 2519 1138 2588 παραδούς.
1178 2521 1317 2575 Ἀλλ’
1337 2524 1366 2576 6
1391 2522 1498 2576 τῶν
1525 2523 1661 2579 ὅλων
1690 2524 1842 2588 Θεὸς,

263 2607 291 2657 6
336 2605 524 2659 ταῦτα
572 2608 766 2667 παθεῖν
806 2610 1094 2677 Ἰουδαίους
1137 2612 1225 2667 διὰ
1274 2617 1374 2685 τὴν
1424 2615 1625 2687 πολλὴν
1666 2615 1847 2671 αὐτῶν

267 2698 641 2770 συγχωρήσας
692 2704 1038 2772 παρανομίαν
1061 2745 1075 2769 ,
1124 2703 1248 2758 οὔτε
1286 2706 1530 2771 κολάζων
1566 2708 1847 2773 παντελῶς

264 2787 477 2852 αὐτοὺς
506 2789 606 2860 τῆς
624 2791 832 2856 οἰκείας
852 2795 1175 2867 κηδεμονίας
1199 2798 1513 2869 ἐγύμνωσεν
1529 2815 1544 2831 ο
1578 2799 1713 2855 ἀλλά
1734 2802 1849 2865 τοῖς

268 2879 374 2947 μὲν
407 2880 470 2932 ὲν
502 2882 569 2951 τῇ
616 2882 845 2956 Ἰουδαίᾳ
869 2881 981 2940 οἷόν
1009 2906 1163 2952 τινας
1189 2892 1545 2963 παιδονόμους
1574 2892 1842 2960 ἐδεδώκει,

263 2968 359 3021 τόν
389 2986 455 3022 τε
503 2971 708 3042 Οὐρίαν
746 2974 837 3029 τδν
883 2978 1144 3049 Σαμαίου,
1194 2983 1289 3036 καὶ
1332 2983 1601 3054 Ἰερεμίαν
1629 2984 1721 3040 τὸν
1750 2985 1845 3040 τοῦ

264 3057 531 3127 Χελκίου,
554 3062 718 3133 ἄνδρα
739 3062 785 3097 ⁸³
806 3068 849 3120 ίε
859 3068 1075 3140 ρωσύνῃ
1095 3070 1190 3124 καὶ
1214 3074 1522 3146 προφητείᾳ
1542 3074 1843 3146 λάμπονταο

1953 616 2058 657 nus
2086 602 2449 672 qumrentium
2495 605 2732 659 animam
2762 613 2932 672 tuam,
2966 622 3199 677 quorum
3238 617 3293 664 tu
3332 609 3518 666 fortui—

1952 691 2051 748 das
2092 691 2308 759 faciem,
2337 694 2389 748 in
2444 709 2639 751 manus
2668 695 3045 755 Chaldaeorum
3099 696 3140 752 ιι
3180 716 3200 750 ι
3235 699 3370 755 Cum
3419 701 3520 771 igi-

1953 792 2045 840 tur
2086 786 2176 840 hic
2213 786 2380 841 etiam
2426 802 2655 858 regnum
2696 803 2912 845 menses
2944 796 3075 855 tres,
3107 791 3226 847 dies
3257 799 3518 861 praeterea

1953 890 2158 949 paucos
2189 876 2651 946 administrasset,
2683 886 2815 934 tunc
2853 895 3048 937 rursus
3083 881 3518 939 Nabuchodono-

1954 984 2047 1026 sor
2077 968 2505 1042 Babyloniorum
2555 986 2672 1037 rex,
2708 973 2879 1027 misso
2906 972 3045 1028 duce
3091 988 3215 1027 cum
3248 974 3514 1035 exercitu.

1953 1060 2135 1132 ipsum
2170 1063 2451 1132 captivum
2482 1063 2814 1134 Babylonem
2847 1065 3251 1135 perducendum
3280 1067 3514 1129 curavit,

1954 1163 2006 1209 et
2058 1152 2323 1219 Sedecize,
2382 1156 2505 1225 ej‘us
2562 1165 2779 1228 patruo,
2835 1174 3064 1229 regnum
3114 1159 3359 1215 tradidit.
3414 1162 3516 1229 Qui

1953 1260 2078 1301 cum
2139 1262 2317 1303 annos
2373 1248 2632 1304 undecim
2695 1259 3001 1321 regnasset,
3053 1266 3115 1306 ac
3171 1260 3359 1323 postea
3407 1270 3515 1309 non

1952 1338 2314 1409 persolvisset
2359 1339 2678 1411 impositum
2715 1341 2820 1397 sibi
2861 1342 3151 1409 tributum,
3189 1359 3312 1400 cum
3349 1347 3518 1399 maxi—

1954 1430 2058 1486 mis
2112 1431 2291 1501 copiis
2332 1430 2761 1502 Babyloniorum
2815 1447 2908 1489 rex
2960 1433 3028 1489 ad
3086 1434 3515 1508 Hierosolymam

1955 1508 2365 1592 proﬁciscitur;
2430 1524 2521 1594 qui
2576 1523 2773 1580 deinde
2835 1524 3176 1583 obsidionem
3238 1526 3515 1587 formans.

1954 1614 2159 1668 auxilio
2184 1612 2343 1671 famis
2383 1614 2451 1669 ad
2472 1615 2521 1670 id
2538 1616 2647 1672 sibi
2677 1617 3000 1687 opitulantis
3014 1633 3149 1673 usus
3173 1618 3535 1689 admotisque

1953 1704 2227 1761 machinis
2257 1720 2449 1763 muros
2486 1706 2803 1771 demolitur,
2834 1715 2887 1762 et
2917 1707 3169 1779 plurimis
3195 1708 3396 1763 occisis
3432 1724 3520 1763 τες

1956 1796 2137 1867 liquos
2184 1797 2240 1852 in
2278 1800 2596 1854 servitutem
2660 1799 2915 1855 redactos
2961 1802 3208 1871 captivos
3262 1800 3516 1864 abducit,

1952 1890 2075 1960 igne
2102 1897 2158 1946 et
2202 1890 2340 1946 urbe
2380 1896 2437 1945 et
2483 1890 2688 1962 templo
2725 1891 3032 1946 succensis.
3078 1892 3277 1947 Verum
3329 1899 3518 1947 auctor

1948 1981 2190 2035 omnium
2212 1980 2375 2048 Deus,
2401 1982 2495 2052 qui
2516 1982 2631 2037 lure
2654 1980 2873 2038 Juda'os
2890 1991 3113 2055 propter
3141 2000 3323 2039 eorum
3353 1984 3519 2037 multa

1948 2074 2157 2128 scelera
2187 2073 2299 2143 pati
2348 2073 2619 2144 permisit,
2656 2090 2723 2129 ne
2767 2075 2986 2146 penitus
3034 2074 3248 2145 quidem
3279 2090 3377 2131 eos
3417 2091 3519 2146 pu-

1947 2164 2109 2221 niens
2140 2164 2312 2219 tutela
2354 2178 2454 2220 sua
2492 2163 2764 2231 destituit,
2804 2166 3017 2237 1062
3065 2165 3164 2222 sed
3208 2166 3275 2221 iis
3319 2167 3411 2237 qui
3463 2168 3517 2222 iu

1944 2253 2130 2309 Iudaea
2178 2262 2371 2320 erant,
2439 2256 2598 2325 quasi
2672 2268 2964 2326 puerorum
3028 2256 3324 2326 magistris
3372 2256 3520 2312 dedit

1947 2343 2137 2400 Uriam
2177 2343 2397 2411 Samaei,
2429 2353 2484 2400 et
2515 2342 2808 2400 Jeremiam
2833 2343 3092 2411 Chelone,
3117 2347 3298 2401 virum
3329 2362 3517 2403 sacer-

1948 2434 2103 2491 dotio
2155 2444 2211 2491 et.
2248 2435 2536 2506 prophetia
2578 2436 2947 2492 clarissimum
2975 2454 2990 2491 :
3022 2437 3087 2491 iis
3131 2452 3280 2500 vero,
3331 2438 3425 2509 qui
3466 2439 3521 2494 iu

1945 2525 2121 2597 prima
2160 2526 2476 2596 captivitate
2502 2525 2647 2582 bello
2683 2528 2827 2597 capti
2857 2527 3078 2582 abducti
3112 2526 3263 2584 fuere
3301 2527 3523 2600 Babylo—

1946 2633 2095 2682 nem,
2129 2632 2239 2671 una
2277 2632 2400 2671 cum
2435 2617 2597 2673 beato
2632 2608 2854 2672 Danicle
2891 2617 3043 2673 misit
3074 2619 3436 2686 Ezechielem,
3466 2627 3520 2674 ct

1944 2708 2236 2774 Ananiam,
2266 2716 2320 2763 et
2349 2708 2627 2773 Azariam,
2675 2716 2731 2764 et
2776 2708 3079 2773 Misaelem,
3140 2720 3203 2765 ut
3247 2710 3519 2767 habentes

1946 2799 2225 2871 perfectos
2244 2799 2683 2856 conversationis
2697 2799 2998 2855 secundum
3012 2799 3185 2871 legem
3198 2800 3513 2871 magistros;

1946 2891 2092 2947 haud
2131 2890 2363 2945 multum
2402 2904 2468 2945 ex
2502 2890 2860 2946 barbarorum
2906 2889 3234 2945 commercio
3274 2891 3520 2961 percipe-

1946 2989 2069 3036 rent
2097 2978 2551 3044 detrimentl,sed
2587 2981 2833 3051 exempla
2868 2980 3155 3043 haberent,
3184 2995 3304 3050 quae
3327 2982 3518 3051 patriae

1946 3072 2168 3128 virtutis
2199 3088 2262 3129 ac
2293 3072 2574 3143 sapientia:
2605 3072 2755 3142 ipsos
2799 3070 3351 3127 commonefacerent.
3380 3071 3517 3125 Tau-

263 3150 386 3213 τοῖς
417 3149 477 3203 δὲ
510 3151 649 3207 κατά
683 3155 784 3227 τὴν
814 3156 1038 3230 πρώτην
1078 3161 1453 3232 αἰχμαλωσίαν
1491 3163 1848 3237 δορυαλώτοις

1951 3175 2059 3220 tam
2093 3163 2341 3219 omnium
2387 3179 2570 3217 rerum
2604 3170 2798 3217 auctor
2835 3161 2977 3219 Deus
3007 3161 3226 3218 adhibet
3268 3164 3516 3234 regendis

268 3240 608 3310 ἀπαχθεῖσιν
635 3244 716 3308 είς
762 3249 1079 3315 Βαϐυλῶνα,
1127 3254 1253 3318 τοὺς
1283 3255 1411 3326 περὶ
1455 3256 1547 3310 τὸν
1580 3256 1849 3328 μακάριον

264 3331 479 3401 Δανιὴλ
533 3337 975 3405 συναπέστειλεν,
1028 3342 1279 3416 Ἐζεκιὴλ
1301 3343 1369 3411 ⁸⁵,
1425 3347 1519 3401 καὶ
1577 3348 1847 3414 Ἀνανίαν,

265 3423 369 3477 καὶ
400 3422 689 3496 Ἀζαρίαν,
716 3431 811 3484 καὶ
843 3433 1067 3506 Μισαήλ
1086 3452 1098 3465 ·
1149 3437 1215 3490 ἵν’
1243 3438 1456 3508 ἔχοντες
1492 3439 1589 3509 τῆς
1619 3440 1848 3509 νομικῆς

263 3511 556 3578 πολιτείας
574 3515 820 3588 ἀκριϐεῖς
842 3521 888 3554 ⁸⁸
919 3522 1289 3590 διδασκάλους,
1324 3526 1400 3599 μὴ
1429 3527 1628 3600 πολλὴν
1662 3530 1725 3582 ἐκ
1750 3529 1849 3598 τῆς

265 3600 384 3656 τῶν
420 3601 713 3677 βαρϐάρων
736 3607 1016 3679 ἐπιμιξίας
1043 3613 1299 3680 δέξωνται
1331 3615 1530 3688 λώϐην,
1562 3617 1677 3671 ἀλλ’
1709 3617 1849 3688 ἔχω-

268 3708 360 3745 σιν
410 3695 698 3764 ἀρχέτυπα
748 3703 847 3772 τῆς
899 3710 1228 3779 προγονικῆς
1261 3708 1459 3777 αὐτοὺς
1505 3710 1707 3781 ἀρετῆς
1755 3710 1849 3763 καὶ

266 3783 601 3854 φιλοσοφίας
644 3790 1147 3864 ἀναμιμνήσκοντα.
1183 3800 1463 3872 Τοσαύτην
1495 3804 1523 3856 6
1552 3801 1661 3857 τῶν
1709 3803 1847 3857 ὅλων

266 3874 412 3939 Θεὸς
443 3875 556 3930 τῶν
582 3879 919 3952 ἁμαρτωλῶν
958 3892 1191 3944 ποιεῖται
1226 3893 1587 3964 προμήθειαν,
1616 3895 1699 3949 ὅτι
1720 3895 1849 3959 τοὺς

264 3966 541 4032 εὐνοϊκῶς
587 3970 734 4042 αὐτῷ
765 3974 1136 4046 δουλεύοντας,
1183 3983 1277 4036 καὶ
1322 3983 1646 4056 θεραπεύειν
1683 3984 1849 4040 αὐτὸν

264 4060 572 4125 διαπαντὸς
600 4064 1099 4141 προθυμουμένους,
1120 4074 1222 4145 τῆς
1248 4074 1469 4131 ἐκείνων
1493 4077 1677 4131 ἕνεκεν
1702 4077 1848 4146 ὠφε-

265 4152 429 4216 λείας
486 4153 870 4224 αἰχμαλώτους
930 4164 1307 4236 συνεχώρησεν
1367 4168 1701 4239 ἀπαχθῆναι,
1753 4170 1850 4223 καὶ

266 4243 528 4299 δουλείαν
563 4246 801 4321 χαλεπὴν
834 4252 1146 4323 ὑπομεῖναι,
1196 4257 1290 4310 καὶ
1332 4258 1547 4322 πολλοῖς
1582 4260 1850 4329 κινδύνοις

268 4341 620 4409 περιπεσεῖν,
655 4342 750 4394 καὶ
773 4343 861 4400 διὰ
899 4347 1158 4417 κυμάτων
1200 4349 1292 4403 καὶ
1336 4349 1600 4415 κλύδωνος
1632 4353 1849 4408 ὁδεῦσαι

265 4429 366 4485 τὸν
419 4432 558 4502 βίον.
613 4435 769 4489 Οὕτω
816 4435 924 4508 γὰρ
956 4438 1049 4491 καὶ
1092 4438 1181 4492 διὰ
1240 4440 1396 4511 Ὠσηὲ
1438 4440 1531 4495 τυῦ
1567 4445 1848 4515 προφήτου

1954 3254 2339 3325 peccatoribus
2374 3254 2801 3325 providentiam,
2862 3263 2921 3308 ut
2962 3270 3059 3310 eos
3099 3253 3193 3324 qui
3234 3270 3302 3309 ex
3333 3254 3515 3308 animo

1954 3352 1971 3369 '
2003 3346 2080 3400 illi
2119 3345 2448 3409 serviebant,
2475 3359 2711 3416 eumque
2742 3344 2846 3401 sibi
2873 3345 2926 3400 in
2958 3345 3106 3401 omni
3128 3345 3239 3399 vita
3270 3345 3516 3401 studiose
3572 3412 3575 3416 _

1952 3437 2245 3494 colendum
2295 3442 2719 3509 proposuerant,
2764 3438 3020 3492 utilitatis
3060 3438 3305 3509 ipsorum
3348 3453 3515 3492 causa

1950 3532 2196 3601 captivos
2229 3528 2450 3595 abduci,
2491 3528 2767 3585 ditﬁcilcm
2811 3529 3132 3584 servitutem
3164 3531 3327 3596 terre,
3368 3536 3422 3584 et
3458 3530 3514 3584 in

1950 3616 2119 3669 multa
2148 3615 2389 3685 pericula
2424 3615 2683 3682 incidere,
2714 3629 2778 3670 ac
2810 3631 2907 3687 per
2926 3615 3127 3673 ﬂuctus
3145 3628 3193 3673 et
3218 3625 3514 3688 tempesta-

1951 3716 2057 3762 tem
2108 3707 2275 3762 vitam
2316 3708 2638 3771 traducere,
2689 3709 3016 3779 permiserit.
3086 3710 3166 3765 Ita
3217 3709 3362 3767 enim
3421 3727 3517 3780 per

1950 3796 2145 3853 Oscam
2190 3800 2507 3870 prophetam
2543 3798 2786 3869 loquitur
2818 3816 2831 3853 :
2882 3817 2901 3850 ι
2949 3796 3177 3871 Propter
3208 3814 3305 3854 vos
3340 3799 3515 3857 occidi

1951 3888 2245 3959 prophetas
2270 3890 2437 3944 verbo
2477 3889 2591 3946 oris
2628 3889 2733 3945 mei
2766 3896 2829 3945 ’³.
2860 3908 2879 3941 ι
2923 3889 2995 3944 Ita
3022 3891 3184 3946 etiam
3226 3891 3375 3947 orbis
3408 3899 3518 3949 ter-

1949 3995 2136 4035 rarum
2182 3981 2414 4037 salutem
2455 3996 2782 4052 procurans,
2829 3990 3051 4036 sanctos
3090 3982 3344 4050 permisit
3388 3998 3517 4054 apo-

1951 4072 2121 4127 stolos
2145 4086 2208 4127 ea
2243 4072 2351 4142 pati
2392 4088 2512 4142 qua:
2556 4072 2754 4127 litteris
2795 4070 3176 4126 commendata
3220 4080 3369 4129 sunt.
3403 4070 3515 4133 Hac

1949 4163 2136 4219 eadem
2166 4164 2509 4235 providentia
2547 4161 2763 4219 Judmos
2788 4163 3093 4237 excipiens,
3123 4164 3340 4227 beatum
3378 4179 3515 4233 quo-

1949 4271 2057 4326 que
2084 4254 2360 4311 Danielum
2395 4271 2519 4309 cum
2557 4255 2692 4326 ipsis
2728 4254 3057 4324 Babylonem
3104 4253 3388 4323 pervenire
3418 4268 3514 4307 cu-

1950 4346 2110 4400 ravit.
2148 4345 2249 4412 Qui
2278 4360 2404 4399 cum
2435 4332 2491 4400 et
2520 4345 2739 4415 juvenis
2768 4352 2939 4411 esset,
2982 4352 3036 4397 et
3072 4341 3244 4396 forma
3268 4340 3507 4404 ﬂoreret.

1951 4452 2075 4491 cum
2117 4438 2220 4507 piis
2257 4437 2363 4492 illis
2397 4435 2838 4491 adolescentibus
2879 4435 2931 4488 in
2966 4435 3109 4503 regia
3143 4432 3425 4497 educatus,
3458 4441 3513 4487 et

267 4523 467 4594 φησὶν,
497 4525 581 4579 ὅτι
618 4544 638 4579 ι
678 4527 1001 4583 Ἀπέκτεινα
1022 4530 1067 4562 ⁸⁷
1101 4530 1169 4583 δι’
1192 4531 1336 4600 ὑμᾶς
1355 4533 1480 4597 τοὺς
1499 4512 1782 4606 προυήτας
1804 4537 1848 4573 ⁸⁸

1954 4543 1983 4582 a
2016 4542 2187 4598 puero
2216 4527 2269 4580 in
2331 4541 2392 4581 se
2428 4525 2698 4599 vigentem
2725 4524 2963 4578 divinam
2995 4523 3224 4592 gratiam
3257 4521 3506 4591 adeptus,

266 4614 331 4666 ἐν
366 4613 576 4683 ῥήματι
608 4616 877 4687 στόματός
908 4635 1030 4689 μου.
1068 4638 1088 4671 ι
1136 4617 1292 4672 Οὕτω
1322 4620 1421 4691 τὴν
1453 4622 1551 4691 τῆς
1591 4623 1850 4695 οἰκουμέ-

266 4719 376 4774 νης
424 4708 945 4779 πραγματευόμενος
998 4709 1293 4781 σωτηρίαν,
1322 4711 1447 4775 τοὺς
1494 4711 1681 4781 ἁγίους
1725 4731 1850 4767 συν-

268 4793 561 4865 εχώρησεν
590 4798 919 4863 ἀποστόλους
956 4801 1138 4855 ἐκεῖνα
1173 4800 1363 4855 παθεῖν
1405 4802 1475 4857 τὰ
1521 4802 1849 4875 ἀνάγραπτα

266 4883 449 4955 πάθη.
489 4888 707 4958 Ταύτην
747 4889 857 4944 τῶν
892 4889 1161 4945 Ἰουδαίων
1206 4892 1522 4963 ποιούμενος
1571 4898 1847 4966 πρόνοιαν,

267 4978 372 5035 καὶ
401 4978 529 5043 τοὺς
559 4981 686 5053 περὶ
728 4982 819 5036 τὸν
870 4984 1139 5054 μακάριον
1169 4985 1365 5054 Δανιὴλ
1391 4985 1707 5059 ᾠκονόμησε
1750 4990 1849 5042 σὺν

267 5068 463 5131 αὐτοῖς
496 5067 594 5141 τὴν
618 5071 912 5126 Βαϐυλῶνα
936 5073 1284 5139 καταλαϐεῖν,
1302 5074 1360 5138 ὃς
1389 5075 1465 5140 ὡς
1482 5076 1529 5107 ³⁸
1562 5075 1680 5141 νέος
1705 5075 1777 5133 ὣν
1799 5077 1844 5110 ⁸⁸

388 5243 409 5285 ι
448 5246 651 5303 Jerem.
681 5263 817 5320 xm,
840 5250 932 5318 Ἡ,
965 5249 1056 5309 25.
1133 5264 1177 5295 ιιι
1208 5251 1345 5311 Osee
1374 5270 1448 5322 vr,
1480 5258 1531 5313 5.

1950 4618 2160 4689 1063
2211 4616 2469 4686 omnique
2516 4615 2797 4687 sapientia:
2840 4621 2895 4667 et
2937 4610 3269 4683 cognitionis
3316 4626 3513 4682 genere

1942 4709 2205 4771 imbutus,
2238 4709 2462 4765 multam
2494 4708 2634 4777 apud
2679 4706 2981 4776 principem
3015 4703 3279 4775 loquendi
3320 4711 3514 4757 nactus

1942 4808 2027 4855 cst
2086 4800 2416 4863 libertatem,
2475 4805 2529 4852 et
2578 4799 2729 4853 vocis
2788 4794 3061 4867 praeconio
3131 4791 3509 4849 commendata

1941 4891 2226 4964 religione,
2264 4891 2339 4945 illi
2384 4906 2604 4961 quoque
2652 4889 2903 4942 utilitatis
2934 4894 3126 4941 auctor
3160 4884 3298 4940 fuit:
3335 4900 3512 4956 neque

1950 4984 2027 5038 illi
2053 4984 2175 5049 soli,
2204 4984 2297 5038 sed
2327 4982 2581 5037 omnibus
2608 4981 2767 5034 etiam
2800 4980 2948 5038 illius
2970 4976 3197 5049 imperio
3228 4976 3508 5047 subjectis.

1952 5074 2084 5140 Quae
2110 5073 2254 5130 enim
2286 5088 2351 5128 ex
2392 5071 2555 5145 huius
2590 5072 2839 5126 doctrina
2867 5068 3058 5128 didicit
3097 5069 3208 5138 ille,
3237 5083 3299 5124 ea
3329 5076 3508 5124 trans-

1576 5410 1809 5467 VARIJE
1844 5411 2248 5468 LECTIONES.

345 5565 560 5635 γτνγάρ,
600 5563 787 5635 Badd.
817 5566 941 5635 ἐγώ.
1020 5566 1066 5598 ⁷⁸
1105 5568 1215 5623 ἐπί.
1256 5569 1294 5621 Β
1319 5571 1402 5623 ἐκ.

1514 5572 1557 5603 ⁷⁹
1594 5571 1730 5624 τότε.

272 5634 441 5705 αὐτῷ.
520 5636 566 5666 ⁸³
604 5634 1028 5706 Βὲπικείμενον.
1104 5638 1149 5669 ⁸⁸
1190 5638 1229 5690 Β
1260 5639 1476 5708 ἄνδρας,
1521 5650 1573 5695 et
1631 5641 1825 5695 deinde
1867 5641 2199 5710 λάμποντας.

274 5704 585 5757 ἀκριϐείας.
660 5700 707 5732 ⁸⁷
748 5705 843 5757 ἀπ.
876 5736 940 5743 -—-
972 5708 1127 5757 στου..
1165 5726 1279 5757 μου.
1324 5710 1491 5757 Aliter
1524 5710 1628 5757 Iro.
1667 5711 1823 5757 infra-
1861 5713 1976 5757 lm-n
2013 5712 2104 5757 cits
2181 5714 2199 5744 ³

315 5721 585 5774 κριοειας.

277 5772 398 5830 Des.
432 5777 486 5829 in
515 5774 574 5827 Β.
658 5772 705 5804 9°
745 5772 831 5827 ὢν.
871 5774 909 5827 Π
946 5772 1200 5834 ιιιίιί.’ἕτι.

1787 5570 1909 5626 Des.
1963 5572 2015 5625 in
2066 5572 2125 5627 Β.

2240 5572 2284 5602 ³ο
2326 5572 2364 5622 Β
2404 5571 2710 5641 στρατείαν.
2784 5571 2825 5603 ⁸³
2862 5572 2902 5623 Β
2939 5567 3330 5641 ,Βαδῖίοωνίῖινκ
3385 5563 3430 5595 ﬂ
3472 5563 3515 5641 ἓ

2275 5642 2320 5671 ⁸⁵
2372 5633 2550 5704 Ἰεζεκ.
2583 5640 2621 5693 Β
2644 5656 2825 5712 prmm.
2859 5638 2967 5690 καί.
3071 5637 3117 5667 ⁸⁸
3157 5638 3271 5711 πολ.
3309 5634 3438 5713 ιξκρἶ
3472 5633 3513 5682 B

660 5700 707 5782 :7
748 5699 940 5782 ‘37:";—
972 5708 1127 5782 (ἶτρξῆ
1164 5726 1279 5775 μουι
1324 5699 1491 5765 MM?
1524 5710 1826 5781 Eg-ti'lfmv
1861 5699 1976 5766 1060
2013 5712 2104 5766 (Ἧι
2162 5699 2225 5744 '83
2271 5699 2713 5782 προν-’Βιιτειοὶω
2739 5709 2951 5768 δούλους
2986 5723 3085 5775 μου
3105 5701 3246 5765 τοῦς.
3325 5699 3503 5769 "ibi.
