  <div class='ocr_page' id='page_1' title='image "/cluster/home/n/w/nwhite01/storage/ocr_20150623/81/mdp.39015078384339/668.png"; bbox 0 0 3860 6206; ppageno 0'>
   <div class='ocr_carea' id='block_1_1' title="bbox 279 373 416 440">
    <p class='ocr_par' dir='ltr' id='par_1_1' title="bbox 279 373 416 440">
     <span class='ocr_line' id='line_1_1' title="bbox 279 373 416 440; baseline 0.015 -2"><span class='ocrx_word' id='word_1_1' title='bbox 279 373 301 438; x_wconf 83' lang='grc'>1</span> <span class='ocrx_word' id='word_1_2' title='bbox 314 377 416 440; x_wconf 74' lang='lat'>269</span> 
     </span>
    </p>
   </div>
   <div class='ocr_carea' id='block_1_2' title="bbox 1510 377 2331 442">
    <p class='ocr_par' dir='ltr' id='par_1_2' title="bbox 1510 377 2331 442">
     <span class='ocr_line' id='line_1_2' title="bbox 1510 377 2331 442; baseline -0.002 -2"><span class='ocrx_word' id='word_1_3' title='bbox 1510 380 1594 442; x_wconf 92' lang='lat' dir='ltr'>IN</span> <span class='ocrx_word' id='word_1_4' title='bbox 1651 377 2010 442; x_wconf 86' lang='lat' dir='ltr'>DANIELIS</span> <span class='ocrx_word' id='word_1_5' title='bbox 2066 377 2223 439; x_wconf 84' lang='lat' dir='ltr'>CAP.</span> <span class='ocrx_word' id='word_1_6' title='bbox 2290 379 2331 439; x_wconf 94' lang='grc' dir='ltr'>Ι.</span> 
     </span>
    </p>
   </div>
   <div class='ocr_carea' id='block_1_3' title="bbox 3390 380 3535 443">
    <p class='ocr_par' dir='ltr' id='par_1_3' title="bbox 3390 380 3535 443">
     <span class='ocr_line' id='line_1_3' title="bbox 3390 380 3535 443; baseline 0 0"><span class='ocrx_word' id='word_1_7' title='bbox 3390 380 3535 443; x_wconf 71' lang='grc' dir='ltr'>ῙέὶἿθ</span> 
     </span>
    </p>
   </div>
   <div class='ocr_carea' id='block_1_4' title="bbox 277 449 1862 559">
    <p class='ocr_par' dir='ltr' id='par_1_4' title="bbox 277 483 1849 558">
     <span class='ocr_line' id='line_1_4' title="bbox 277 483 1849 558; baseline 0.005 -20"><span class='ocrx_word' id='word_1_8' title='bbox 277 485 439 554; x_wconf 81' lang='grc' dir='ltr'>κιὴλ⁸</span> <span class='ocrx_word' id='word_1_9' title='bbox 464 483 549 550; x_wconf 74' lang='grc' dir='ltr'>δὲ,</span> <span class='ocrx_word' id='word_1_10' title='bbox 593 483 689 539; x_wconf 75' lang='grc' dir='ltr'>καὶ</span> <span class='ocrx_word' id='word_1_11' title='bbox 713 483 820 539; x_wconf 87' lang='grc' dir='ltr'>τῶν</span> <span class='ocrx_word' id='word_1_12' title='bbox 851 483 1025 541; x_wconf 77' lang='grc' dir='ltr'>ἄλλων</span> <span class='ocrx_word' id='word_1_13' title='bbox 1053 486 1346 558; x_wconf 75' lang='grc' dir='ltr'>προφητῶν</span> <span class='ocrx_word' id='word_1_14' title='bbox 1385 488 1634 555; x_wconf 68' lang='grc' dir='ltr'>ἕκαστος,</span> <span class='ocrx_word' id='word_1_15' title='bbox 1674 491 1750 555; x_wconf 83' lang='grc' dir='ltr'>ὡς</span> <span class='ocrx_word' id='word_1_16' title='bbox 1778 490 1849 545; x_wconf 70' lang='grc' dir='ltr'>τὰ</span> 
     </span>
    </p>
   </div>
   <div class='ocr_carea' id='block_1_5' title="bbox 1965 449 3527 559">
    <p class='ocr_par' dir='ltr' id='par_1_5' title="bbox 1965 476 3527 559">
     <span class='ocr_line' id='line_1_5' title="bbox 1965 476 3527 559; baseline 0.001 -19"><span class='ocrx_word' id='word_1_17' title='bbox 1965 501 2055 544; x_wconf 72' lang='grc' dir='ltr'>ςιοο</span> <span class='ocrx_word' id='word_1_18' title='bbox 2089 488 2256 559; x_wconf 80' lang='lat' dir='ltr'><strong>igitur</strong></span> <span class='ocrx_word' id='word_1_19' title='bbox 2301 487 2371 542; x_wconf 86' lang='lat' dir='ltr'>ad</span> <span class='ocrx_word' id='word_1_20' title='bbox 2411 484 2841 543; x_wconf 72' lang='lat' dir='ltr'><strong>com-incendam</strong></span> <span class='ocrx_word' id='word_1_21' title='bbox 2901 484 3214 541; x_wconf 73' lang='lat' dir='ltr'><strong>Judzeorum</strong></span> <span class='ocrx_word' id='word_1_22' title='bbox 3265 476 3527 556; x_wconf 80' lang='lat' dir='ltr'><strong>iniquita-</strong></span> 
     </span>
    </p>
   </div>
   <div class='ocr_carea' id='block_1_6' title="bbox 277 575 1852 654">
    <p class='ocr_par' dir='ltr' id='par_1_6' title="bbox 277 575 1852 654">
     <span class='ocr_line' id='line_1_6' title="bbox 277 575 1852 654; baseline 0.004 -24"><span class='ocrx_word' id='word_1_23' title='bbox 277 576 449 631; x_wconf 75' lang='grc' dir='ltr'>πολλὰ</span> <span class='ocrx_word' id='word_1_24' title='bbox 467 577 645 647; x_wconf 82' lang='grc' dir='ltr'>τούτῳ</span> <span class='ocrx_word' id='word_1_25' title='bbox 664 575 742 647; x_wconf 85' lang='grc' dir='ltr'>τῷ</span> <span class='ocrx_word' id='word_1_26' title='bbox 767 576 1037 647; x_wconf 83' lang='grc' dir='ltr'>προοιμίῳ</span> <span class='ocrx_word' id='word_1_27' title='bbox 1053 578 1152 648; x_wconf 82' lang='grc' dir='ltr'>τῆς</span> <span class='ocrx_word' id='word_1_28' title='bbox 1176 580 1514 651; x_wconf 77' lang='grc' dir='ltr'>προφητείας</span> <span class='ocrx_word' id='word_1_29' title='bbox 1535 580 1852 654; x_wconf 71' lang='grc' dir='ltr'>κέχρηταιῆ</span> 
     </span>
    </p>
   </div>
   <div class='ocr_carea' id='block_1_7' title="bbox 288 667 1859 743">
    <p class='ocr_par' dir='ltr' id='par_1_7' title="bbox 288 667 1859 743">
     <span class='ocr_line' id='line_1_7' title="bbox 288 667 1859 743; baseline 0.005 -23"><span class='ocrx_word' id='word_1_30' title='bbox 288 667 540 739; x_wconf 84' lang='grc' dir='ltr'>Ἀπόχρη</span> <span class='ocrx_word' id='word_1_31' title='bbox 568 667 856 738; x_wconf 76' lang='grc' dir='ltr'>τοιγαροῦν</span> <span class='ocrx_word' id='word_1_32' title='bbox 889 670 985 722; x_wconf 76' lang='grc' dir='ltr'>καὶ</span> <span class='ocrx_word' id='word_1_33' title='bbox 1023 668 1183 725; x_wconf 86' lang='grc' dir='ltr'>τοῦτο</span> <span class='ocrx_word' id='word_1_34' title='bbox 1208 672 1308 742; x_wconf 83' lang='grc' dir='ltr'>τὴν</span> <span class='ocrx_word' id='word_1_35' title='bbox 1349 672 1616 728; x_wconf 81' lang='grc' dir='ltr'>Ἰουδαίων</span> <span class='ocrx_word' id='word_1_36' title='bbox 1640 673 1859 743; x_wconf 74' lang='grc' dir='ltr'>ἐλέγξαι</span> 
     </span>
    </p>
   </div>
   <div class='ocr_carea' id='block_1_8' title="bbox 277 758 1857 836">
    <p class='ocr_par' dir='ltr' id='par_1_8' title="bbox 277 758 1857 836">
     <span class='ocr_line' id='line_1_8' title="bbox 277 758 1857 836; baseline 0.006 -25"><span class='ocrx_word' id='word_1_37' title='bbox 277 758 651 829; x_wconf 78' lang='grc' dir='ltr'>παρανομίαν,</span> <span class='ocrx_word' id='word_1_38' title='bbox 698 760 794 813; x_wconf 80' lang='grc' dir='ltr'>καὶ</span> <span class='ocrx_word' id='word_1_39' title='bbox 837 758 1044 826; x_wconf 78' lang='grc' dir='ltr'>διδάξαι</span> <span class='ocrx_word' id='word_1_40' title='bbox 1070 761 1092 795; x_wconf 86' lang='grc'><strong><em>⁸</em></strong></span> <span class='ocrx_word' id='word_1_41' title='bbox 1149 763 1437 836; x_wconf 78' lang='grc' dir='ltr'>προφήτην</span> <span class='ocrx_word' id='word_1_42' title='bbox 1488 764 1581 820; x_wconf 73' lang='grc' dir='ltr'>τὸν</span> <span class='ocrx_word' id='word_1_43' title='bbox 1626 764 1706 836; x_wconf 81' lang='grc' dir='ltr'>τῷ</span> <span class='ocrx_word' id='word_1_44' title='bbox 1746 765 1857 821; x_wconf 82' lang='grc' dir='ltr'>δντι</span> 
     </span>
    </p>
   </div>
   <div class='ocr_carea' id='block_1_9' title="bbox 276 851 594 922">
    <p class='ocr_par' dir='ltr' id='par_1_9' title="bbox 276 851 594 922">
     <span class='ocr_line' id='line_1_9' title="bbox 276 851 594 922; baseline 0.016 -19"><span class='ocrx_word' id='word_1_45' title='bbox 276 851 594 922; x_wconf 81' lang='grc' dir='ltr'>προφήτην.</span> 
     </span>
    </p>
   </div>
   <div class='ocr_carea' id='block_1_10' title="bbox 349 940 1859 1017">
    <p class='ocr_par' dir='ltr' id='par_1_10' title="bbox 349 940 1859 1017">
     <span class='ocr_line' id='line_1_10' title="bbox 349 940 1859 1017; baseline 0.005 -20"><span class='ocrx_word' id='word_1_46' title='bbox 349 940 417 1010; x_wconf 82' lang='grc' dir='ltr'>β’.</span> <span class='ocrx_word' id='word_1_47' title='bbox 467 960 488 994; x_wconf 73' lang='grc' dir='ltr'>ε</span> <span class='ocrx_word' id='word_1_48' title='bbox 519 942 630 996; x_wconf 84' lang='grc' dir='ltr'>Καὶ</span> <span class='ocrx_word' id='word_1_49' title='bbox 657 942 825 997; x_wconf 72' lang='grc' dir='ltr'>ἔδωκε</span> <span class='ocrx_word' id='word_1_50' title='bbox 857 942 1061 1015; x_wconf 84' lang='grc' dir='ltr'>Κύριος</span> <span class='ocrx_word' id='word_1_51' title='bbox 1084 946 1141 1000; x_wconf 77' lang='grc' dir='ltr'>ὲν</span> <span class='ocrx_word' id='word_1_52' title='bbox 1169 945 1349 1017; x_wconf 79' lang='grc' dir='ltr'>χειρὶ⁶</span> <span class='ocrx_word' id='word_1_53' title='bbox 1377 946 1544 1003; x_wconf 78' lang='grc' dir='ltr'>αὑτοῦ</span> <span class='ocrx_word' id='word_1_54' title='bbox 1570 948 1662 1003; x_wconf 76' lang='grc' dir='ltr'>τὸν</span> <span class='ocrx_word' id='word_1_55' title='bbox 1704 950 1859 1004; x_wconf 85' lang='grc' dir='ltr'>Ἰωα-</span> 
     </span>
    </p>
   </div>
   <div class='ocr_carea' id='block_1_11' title="bbox 275 1032 1858 1112">
    <p class='ocr_par' dir='ltr' id='par_1_11' title="bbox 275 1032 1858 1112">
     <span class='ocr_line' id='line_1_11' title="bbox 275 1032 1858 1112; baseline 0.007 -25"><span class='ocrx_word' id='word_1_56' title='bbox 275 1033 432 1102; x_wconf 77' lang='grc' dir='ltr'>κεὶμ,</span> <span class='ocrx_word' id='word_1_57' title='bbox 473 1032 703 1104; x_wconf 76' lang='grc' dir='ltr'>βασιλέα</span> <span class='ocrx_word' id='word_1_58' title='bbox 755 1035 948 1101; x_wconf 81' lang='grc' dir='ltr'>Ἰούδα,</span> <span class='ocrx_word' id='word_1_59' title='bbox 978 1038 1075 1091; x_wconf 75' lang='grc' dir='ltr'>καὶ</span> <span class='ocrx_word' id='word_1_60' title='bbox 1115 1038 1224 1092; x_wconf 81' lang='grc' dir='ltr'>ἀπὸ</span> <span class='ocrx_word' id='word_1_61' title='bbox 1271 1040 1473 1112; x_wconf 79' lang='grc' dir='ltr'>μέρους</span> <span class='ocrx_word' id='word_1_62' title='bbox 1504 1043 1613 1095; x_wconf 87' lang='grc' dir='ltr'>τῶν</span> <span class='ocrx_word' id='word_1_63' title='bbox 1647 1044 1858 1099; x_wconf 82' lang='grc' dir='ltr'>σκευῶν</span> 
     </span>
    </p>
   </div>
   <div class='ocr_carea' id='block_1_12' title="bbox 273 1125 1859 1209">
    <p class='ocr_par' dir='ltr' id='par_1_12' title="bbox 273 1125 1859 1209">
     <span class='ocr_line' id='line_1_12' title="bbox 273 1125 1859 1209; baseline 0.008 -30"><span class='ocrx_word' id='word_1_64' title='bbox 273 1125 431 1180; x_wconf 81' lang='grc' dir='ltr'>οἴκου</span> <span class='ocrx_word' id='word_1_65' title='bbox 460 1126 559 1181; x_wconf 84' lang='grc' dir='ltr'>τοῦ</span> <span class='ocrx_word' id='word_1_66' title='bbox 588 1127 724 1181; x_wconf 87' lang='grc' dir='ltr'>Θεοῦ</span> <span class='ocrx_word' id='word_1_67' title='bbox 739 1129 782 1184; x_wconf 87' lang='grc'>⁷.</span> <span class='ocrx_word' id='word_1_68' title='bbox 832 1146 853 1181; x_wconf 73' lang='grc' dir='ltr'>ι</span> <span class='ocrx_word' id='word_1_69' title='bbox 910 1131 1023 1185; x_wconf 75' lang='grc' dir='ltr'>Καὶ</span> <span class='ocrx_word' id='word_1_70' title='bbox 1051 1131 1210 1187; x_wconf 89' lang='grc' dir='ltr'>τοῦτο</span> <span class='ocrx_word' id='word_1_71' title='bbox 1248 1132 1306 1187; x_wconf 75' lang='grc' dir='ltr'>δὲ</span> <span class='ocrx_word' id='word_1_72' title='bbox 1344 1135 1444 1205; x_wconf 81' lang='grc' dir='ltr'>τὴν</span> <span class='ocrx_word' id='word_1_73' title='bbox 1483 1137 1859 1209; x_wconf 78' lang='grc' dir='ltr'>πνευματικήν</span> 
     </span>
    </p>
   </div>
   <div class='ocr_carea' id='block_1_13' title="bbox 274 1214 1859 1296">
    <p class='ocr_par' dir='ltr' id='par_1_13' title="bbox 274 1214 1859 1296">
     <span class='ocr_line' id='line_1_13' title="bbox 274 1214 1859 1296; baseline 0.009 -29"><span class='ocrx_word' id='word_1_74' title='bbox 274 1214 448 1269; x_wconf 82' lang='grc' dir='ltr'>αὐτοῦ</span> <span class='ocrx_word' id='word_1_75' title='bbox 491 1215 730 1271; x_wconf 82' lang='grc' dir='ltr'>δείκνυσι</span> <span class='ocrx_word' id='word_1_76' title='bbox 777 1218 956 1291; x_wconf 80' lang='grc' dir='ltr'>χάριν.</span> <span class='ocrx_word' id='word_1_77' title='bbox 1004 1219 1142 1275; x_wconf 75' lang='grc' dir='ltr'>Οὔτε</span> <span class='ocrx_word' id='word_1_78' title='bbox 1180 1222 1288 1296; x_wconf 82' lang='grc' dir='ltr'>γάρ</span> <span class='ocrx_word' id='word_1_79' title='bbox 1328 1224 1545 1280; x_wconf 88' lang='grc' dir='ltr'>πάντων</span> <span class='ocrx_word' id='word_1_80' title='bbox 1571 1228 1725 1281; x_wconf 81' lang='grc' dir='ltr'>ὲστὶ⁸</span> <span class='ocrx_word' id='word_1_81' title='bbox 1759 1226 1859 1292; x_wconf 81' lang='grc' dir='ltr'>τὰς</span> 
     </span>
    </p>
   </div>
   <div class='ocr_carea' id='block_1_14' title="bbox 277 1305 1860 1378">
    <p class='ocr_par' dir='ltr' id='par_1_14' title="bbox 277 1305 1860 1378">
     <span class='ocr_line' id='line_1_14' title="bbox 277 1305 1860 1378; baseline 0.01 -20"><span class='ocrx_word' id='word_1_82' title='bbox 277 1305 434 1369; x_wconf 82' lang='grc' dir='ltr'>θείας</span> <span class='ocrx_word' id='word_1_83' title='bbox 461 1307 776 1378; x_wconf 75' lang='grc' dir='ltr'>οἰκονομίας</span> <span class='ocrx_word' id='word_1_84' title='bbox 811 1308 1016 1365; x_wconf 85' lang='grc' dir='ltr'>εἰδέναι</span> <span class='ocrx_word' id='word_1_85' title='bbox 1039 1326 1052 1340; x_wconf 92' lang='grc'><strong>·</strong></span> <span class='ocrx_word' id='word_1_86' title='bbox 1107 1308 1263 1378; x_wconf 74' lang='grc' dir='ltr'>οὗτος</span> <span class='ocrx_word' id='word_1_87' title='bbox 1300 1316 1359 1370; x_wconf 83' lang='grc' dir='ltr'>δὲ</span> <span class='ocrx_word' id='word_1_88' title='bbox 1392 1317 1487 1371; x_wconf 91' lang='grc' dir='ltr'>τοῦ</span> <span class='ocrx_word' id='word_1_89' title='bbox 1519 1317 1664 1372; x_wconf 85' lang='grc' dir='ltr'>θείου</span> <span class='ocrx_word' id='word_1_90' title='bbox 1690 1319 1860 1374; x_wconf 78' lang='grc' dir='ltr'>Πνεῦ-</span> 
     </span>
    </p>
   </div>
   <div class='ocr_carea' id='block_1_15' title="bbox 278 1399 1860 1478">
    <p class='ocr_par' dir='ltr' id='par_1_15' title="bbox 278 1399 1860 1478">
     <span class='ocr_line' id='line_1_15' title="bbox 278 1399 1860 1478; baseline 0.009 -27"><span class='ocrx_word' id='word_1_91' title='bbox 278 1414 455 1469; x_wconf 83' lang='grc' dir='ltr'>ματος</span> <span class='ocrx_word' id='word_1_92' title='bbox 488 1399 814 1471; x_wconf 78' lang='grc' dir='ltr'>ἠξιωμένος,</span> <span class='ocrx_word' id='word_1_93' title='bbox 842 1402 937 1456; x_wconf 73' lang='grc' dir='ltr'>καὶ</span> <span class='ocrx_word' id='word_1_94' title='bbox 976 1403 1119 1474; x_wconf 78' lang='grc' dir='ltr'>ἔγνω</span> <span class='ocrx_word' id='word_1_95' title='bbox 1152 1407 1360 1475; x_wconf 81' lang='grc' dir='ltr'>σαφῶς,</span> <span class='ocrx_word' id='word_1_96' title='bbox 1390 1410 1485 1463; x_wconf 77' lang='grc' dir='ltr'>καὶ</span> <span class='ocrx_word' id='word_1_97' title='bbox 1511 1412 1638 1474; x_wconf 81' lang='grc' dir='ltr'>τοὺς</span> <span class='ocrx_word' id='word_1_98' title='bbox 1665 1411 1860 1478; x_wconf 73' lang='grc' dir='ltr'>ἄλλους</span> 
     </span>
    </p>
   </div>
   <div class='ocr_carea' id='block_1_16' title="bbox 273 1490 1860 1570">
    <p class='ocr_par' dir='ltr' id='par_1_16' title="bbox 273 1490 1860 1570">
     <span class='ocr_line' id='line_1_16' title="bbox 273 1490 1860 1570; baseline 0.008 -26"><span class='ocrx_word' id='word_1_99' title='bbox 273 1490 542 1558; x_wconf 82' lang='grc' dir='ltr'>διδάσκει,</span> <span class='ocrx_word' id='word_1_100' title='bbox 571 1495 654 1547; x_wconf 84' lang='grc' dir='ltr'>ὅτι</span> <span class='ocrx_word' id='word_1_101' title='bbox 680 1493 775 1548; x_wconf 92' lang='grc' dir='ltr'>τοῦ</span> <span class='ocrx_word' id='word_1_102' title='bbox 804 1494 938 1548; x_wconf 89' lang='grc' dir='ltr'>Θεοῦ</span> <span class='ocrx_word' id='word_1_103' title='bbox 971 1495 1079 1550; x_wconf 88' lang='grc' dir='ltr'>τῶν</span> <span class='ocrx_word' id='word_1_104' title='bbox 1104 1496 1242 1551; x_wconf 85' lang='grc' dir='ltr'>ὅλων</span> <span class='ocrx_word' id='word_1_105' title='bbox 1272 1502 1743 1570; x_wconf 75' lang='grc' dir='ltr'>συγχωρήσαντος,</span> <span class='ocrx_word' id='word_1_106' title='bbox 1770 1502 1860 1557; x_wconf 83' lang='grc' dir='ltr'>διά</span> 
     </span>
    </p>
   </div>
   <div class='ocr_carea' id='block_1_17' title="bbox 274 1581 1858 1663">
    <p class='ocr_par' dir='ltr' id='par_1_17' title="bbox 274 1581 1858 1663">
     <span class='ocr_line' id='line_1_17' title="bbox 274 1581 1858 1663; baseline 0.007 -28"><span class='ocrx_word' id='word_1_107' title='bbox 274 1597 337 1635; x_wconf 76' lang='grc' dir='ltr'>τε</span> <span class='ocrx_word' id='word_1_108' title='bbox 362 1581 469 1654; x_wconf 76' lang='grc' dir='ltr'>τὴν</span> <span class='ocrx_word' id='word_1_109' title='bbox 496 1584 593 1638; x_wconf 80' lang='grc' dir='ltr'>τοῦ</span> <span class='ocrx_word' id='word_1_110' title='bbox 637 1584 767 1639; x_wconf 83' lang='grc' dir='ltr'>λαοῦ</span> <span class='ocrx_word' id='word_1_111' title='bbox 796 1585 893 1639; x_wconf 60' lang='grc' dir='ltr'>καὶ¹</span> <span class='ocrx_word' id='word_1_112' title='bbox 928 1584 1023 1640; x_wconf 86' lang='grc' dir='ltr'>τοῦ</span> <span class='ocrx_word' id='word_1_113' title='bbox 1072 1585 1337 1654; x_wconf 80' lang='grc' dir='ltr'>βασιλέως</span> <span class='ocrx_word' id='word_1_114' title='bbox 1365 1591 1729 1663; x_wconf 81' lang='grc' dir='ltr'>παρανομίαν,</span> <span class='ocrx_word' id='word_1_115' title='bbox 1764 1594 1858 1646; x_wconf 75' lang='grc' dir='ltr'>καὶ</span> 
     </span>
    </p>
   </div>
   <div class='ocr_carea' id='block_1_18' title="bbox 273 1674 1858 1749">
    <p class='ocr_par' dir='ltr' id='par_1_18' title="bbox 273 1674 1858 1749">
     <span class='ocr_line' id='line_1_18' title="bbox 273 1674 1858 1749; baseline 0.008 -24"><span class='ocrx_word' id='word_1_116' title='bbox 273 1674 378 1744; x_wconf 79' lang='grc' dir='ltr'>τὴν</span> <span class='ocrx_word' id='word_1_117' title='bbox 426 1674 627 1744; x_wconf 86' lang='grc' dir='ltr'>πολλὴν</span> <span class='ocrx_word' id='word_1_118' title='bbox 673 1676 947 1742; x_wconf 74' lang='grc' dir='ltr'>ἀσέϐειαν,</span> <span class='ocrx_word' id='word_1_119' title='bbox 995 1678 1089 1731; x_wconf 77' lang='grc' dir='ltr'>καὶ</span> <span class='ocrx_word' id='word_1_120' title='bbox 1128 1679 1162 1749; x_wconf 84' lang='grc' dir='ltr'><strong>ἡ</strong></span> <span class='ocrx_word' id='word_1_121' title='bbox 1214 1679 1369 1743; x_wconf 81' lang='grc' dir='ltr'>πόλις</span> <span class='ocrx_word' id='word_1_122' title='bbox 1413 1681 1573 1747; x_wconf 81' lang='grc' dir='ltr'>ἑάλω,</span> <span class='ocrx_word' id='word_1_123' title='bbox 1616 1683 1714 1737; x_wconf 77' lang='grc' dir='ltr'>καὶ</span> <span class='ocrx_word' id='word_1_124' title='bbox 1749 1684 1858 1738; x_wconf 87' lang='grc' dir='ltr'>τῶν</span> 
     </span>
    </p>
   </div>
   <div class='ocr_carea' id='block_1_19' title="bbox 277 1765 1858 1842">
    <p class='ocr_par' dir='ltr' id='par_1_19' title="bbox 277 1765 1858 1842">
     <span class='ocr_line' id='line_1_19' title="bbox 277 1765 1858 1842; baseline 0.008 -24"><span class='ocrx_word' id='word_1_125' title='bbox 277 1765 448 1836; x_wconf 78' lang='grc' dir='ltr'>ιερῶν</span> <span class='ocrx_word' id='word_1_126' title='bbox 478 1766 688 1820; x_wconf 82' lang='grc' dir='ltr'>σκευῶν</span> <span class='ocrx_word' id='word_1_127' title='bbox 718 1767 834 1820; x_wconf 74' lang='grc' dir='ltr'>ἔνια</span> <span class='ocrx_word' id='word_1_128' title='bbox 880 1768 985 1822; x_wconf 81' lang='grc' dir='ltr'>ὑπὸ</span> <span class='ocrx_word' id='word_1_129' title='bbox 1027 1768 1124 1840; x_wconf 75' lang='grc' dir='ltr'>τὴν</span> <span class='ocrx_word' id='word_1_130' title='bbox 1157 1768 1266 1823; x_wconf 80' lang='grc' dir='ltr'>τῶν</span> <span class='ocrx_word' id='word_1_131' title='bbox 1309 1771 1581 1842; x_wconf 83' lang='grc' dir='ltr'>πολεμίων</span> <span class='ocrx_word' id='word_1_132' title='bbox 1609 1773 1858 1839; x_wconf 76' lang='grc' dir='ltr'>ἐξουσίαν</span> 
     </span>
    </p>
   </div>
   <div class='ocr_carea' id='block_1_20' title="bbox 277 1835 1929 1925">
    <p class='ocr_par' dir='ltr' id='par_1_20' title="bbox 277 1835 1929 1925">
     <span class='ocr_line' id='line_1_20' title="bbox 277 1835 1929 1925; baseline 0.01 -20"><span class='ocrx_word' id='word_1_133' title='bbox 277 1835 522 1922; x_wconf 71' lang='grc' dir='ltr'>ἐγένετο.</span> <span class='ocrx_word' id='word_1_134' title='bbox 544 1856 656 1909; x_wconf 75' lang='grc' dir='ltr'>Καὶ</span> <span class='ocrx_word' id='word_1_135' title='bbox 681 1855 798 1911; x_wconf 83' lang='grc' dir='ltr'>λίαν</span> <span class='ocrx_word' id='word_1_136' title='bbox 824 1856 882 1910; x_wconf 74' lang='grc' dir='ltr'>δὲ</span> <span class='ocrx_word' id='word_1_137' title='bbox 909 1835 1224 1925; x_wconf 69' lang='grc' dir='ltr'>ἀναγκαίως</span> <span class='ocrx_word' id='word_1_138' title='bbox 1246 1835 1457 1915; x_wconf 78' lang='grc' dir='ltr'>τέθεικε</span> <span class='ocrx_word' id='word_1_139' title='bbox 1482 1863 1571 1917; x_wconf 83' lang='grc' dir='ltr'>τό’</span> <span class='ocrx_word' id='word_1_140' title='bbox 1616 1835 1857 1921; x_wconf 61' lang='grc' dir='ltr'>«Ἔδωκε</span> <span class='ocrx_word' id='word_1_141' title='bbox 1888 1835 1929 1889; x_wconf 75' lang='grc' dir='ltr'><strong>Β</strong></span> 
     </span>
    </p>
   </div>
   <div class='ocr_carea' id='block_1_21' title="bbox 276 1943 1851 2023">
    <p class='ocr_par' dir='ltr' id='par_1_21' title="bbox 276 1943 1851 2023">
     <span class='ocr_line' id='line_1_21' title="bbox 276 1943 1851 2023; baseline 0.009 -26"><span class='ocrx_word' id='word_1_142' title='bbox 276 1943 493 2016; x_wconf 78' lang='grc' dir='ltr'>Κύριος</span> <span class='ocrx_word' id='word_1_143' title='bbox 515 1946 573 1998; x_wconf 84' lang='grc' dir='ltr'>ὲν</span> <span class='ocrx_word' id='word_1_144' title='bbox 602 1947 751 2017; x_wconf 77' lang='grc' dir='ltr'>χειρί⁹</span> <span class='ocrx_word' id='word_1_145' title='bbox 776 1947 938 2002; x_wconf 70' lang='grc' dir='ltr'>αὐτοῦ</span> <span class='ocrx_word' id='word_1_146' title='bbox 961 1948 1052 2002; x_wconf 81' lang='grc' dir='ltr'>τὸν</span> <span class='ocrx_word' id='word_1_147' title='bbox 1090 1951 1369 2023; x_wconf 71' lang='grc' dir='ltr'>Ἰωακεὶμ,</span> <span class='ocrx_word' id='word_1_148' title='bbox 1390 1952 1612 2023; x_wconf 76' lang='grc' dir='ltr'>βασιλέα</span> <span class='ocrx_word' id='word_1_149' title='bbox 1628 1956 1851 2020; x_wconf 74' lang='grc' dir='ltr'>Ίούδα,»</span> 
     </span>
    </p>
   </div>
   <div class='ocr_carea' id='block_1_22' title="bbox 278 2035 1858 2119">
    <p class='ocr_par' dir='ltr' id='par_1_22' title="bbox 278 2035 1858 2119">
     <span class='ocr_line' id='line_1_22' title="bbox 278 2035 1858 2119; baseline 0.008 -31"><span class='ocrx_word' id='word_1_150' title='bbox 278 2035 371 2088; x_wconf 82' lang='grc' dir='ltr'>ἵνα.</span> <span class='ocrx_word' id='word_1_151' title='bbox 433 2036 509 2105; x_wconf 86' lang='grc' dir='ltr'>μή</span> <span class='ocrx_word' id='word_1_152' title='bbox 552 2054 638 2101; x_wconf 87' lang='grc' dir='ltr'>τις</span> <span class='ocrx_word' id='word_1_153' title='bbox 683 2038 929 2111; x_wconf 79' lang='grc' dir='ltr'>ὑπολάϐῃ</span> <span class='ocrx_word' id='word_1_154' title='bbox 976 2040 1154 2111; x_wconf 79' lang='grc' dir='ltr'>οίκείᾳ</span> <span class='ocrx_word' id='word_1_155' title='bbox 1194 2042 1421 2113; x_wconf 83' lang='grc' dir='ltr'>δυνάμει</span> <span class='ocrx_word' id='word_1_156' title='bbox 1458 2045 1550 2099; x_wconf 81' lang='grc' dir='ltr'>τὸν</span> <span class='ocrx_word' id='word_1_157' title='bbox 1583 2048 1858 2119; x_wconf 81' lang='grc' dir='ltr'>Ναϐουχο-</span> 
     </span>
    </p>
   </div>
   <div class='ocr_carea' id='block_1_23' title="bbox 275 2128 1858 2211">
    <p class='ocr_par' dir='ltr' id='par_1_23' title="bbox 275 2128 1858 2211">
     <span class='ocr_line' id='line_1_23' title="bbox 275 2128 1858 2211; baseline 0.008 -30"><span class='ocrx_word' id='word_1_158' title='bbox 275 2128 509 2200; x_wconf 82' lang='grc' dir='ltr'>δονόσορ</span> <span class='ocrx_word' id='word_1_159' title='bbox 535 2130 878 2202; x_wconf 84' lang='grc' dir='ltr'>χρησάμενον</span> <span class='ocrx_word' id='word_1_160' title='bbox 910 2133 1012 2204; x_wconf 84' lang='grc' dir='ltr'>τῆς</span> <span class='ocrx_word' id='word_1_161' title='bbox 1044 2132 1124 2204; x_wconf 82' lang='grc' dir='ltr'>τῷ</span> <span class='ocrx_word' id='word_1_162' title='bbox 1152 2132 1271 2205; x_wconf 84' lang='grc' dir='ltr'>Θεῷ</span> <span class='ocrx_word' id='word_1_163' title='bbox 1299 2135 1664 2210; x_wconf 80' lang='grc' dir='ltr'>ἀνακειμένης</span> <span class='ocrx_word' id='word_1_164' title='bbox 1700 2157 1858 2211; x_wconf 86' lang='grc' dir='ltr'>περι-</span> 
     </span>
    </p>
   </div>
   <div class='ocr_carea' id='block_1_24' title="bbox 275 2217 1855 2306">
    <p class='ocr_par' dir='ltr' id='par_1_24' title="bbox 275 2217 1855 2306">
     <span class='ocr_line' id='line_1_24' title="bbox 275 2217 1855 2306; baseline 0.013 -37"><span class='ocrx_word' id='word_1_165' title='bbox 275 2217 579 2285; x_wconf 79' lang='grc' dir='ltr'>γενέσθαι⁹</span> <span class='ocrx_word' id='word_1_166' title='bbox 614 2222 823 2287; x_wconf 86' lang='grc' dir='ltr'>πόλεως</span> <span class='ocrx_word' id='word_1_167' title='bbox 844 2238 856 2251; x_wconf 89' lang='grc'><strong>·</strong></span> <span class='ocrx_word' id='word_1_168' title='bbox 910 2224 1153 2296; x_wconf 81' lang='grc' dir='ltr'>μάθωσιν</span> <span class='ocrx_word' id='word_1_169' title='bbox 1187 2227 1424 2293; x_wconf 76' lang='grc' dir='ltr'>ἅπαντες</span> <span class='ocrx_word' id='word_1_170' title='bbox 1467 2232 1559 2284; x_wconf 72' lang='grc' dir='ltr'>καὶ</span> <span class='ocrx_word' id='word_1_171' title='bbox 1591 2231 1855 2306; x_wconf 77' lang='grc' dir='ltr'>ἀκριϐῶς,</span> 
     </span>
    </p>
   </div>
   <div class='ocr_carea' id='block_1_25' title="bbox 275 2309 1859 2398">
    <p class='ocr_par' dir='ltr' id='par_1_25' title="bbox 275 2309 1859 2398">
     <span class='ocr_line' id='line_1_25' title="bbox 275 2309 1859 2398; baseline 0.011 -34"><span class='ocrx_word' id='word_1_172' title='bbox 275 2309 365 2364; x_wconf 82' lang='grc' dir='ltr'>δτι</span> <span class='ocrx_word' id='word_1_173' title='bbox 400 2311 498 2367; x_wconf 80' lang='grc' dir='ltr'>τοῦ</span> <span class='ocrx_word' id='word_1_174' title='bbox 526 2310 664 2369; x_wconf 85' lang='grc' dir='ltr'>Θεοῦ</span> <span class='ocrx_word' id='word_1_175' title='bbox 691 2317 1107 2387; x_wconf 74' lang='grc' dir='ltr'>προδεδωκότος,</span> <span class='ocrx_word' id='word_1_176' title='bbox 1142 2321 1236 2374; x_wconf 75' lang='grc' dir='ltr'>καὶ</span> <span class='ocrx_word' id='word_1_177' title='bbox 1265 2321 1364 2393; x_wconf 84' lang='grc' dir='ltr'>τὴν</span> <span class='ocrx_word' id='word_1_178' title='bbox 1388 2322 1557 2378; x_wconf 84' lang='grc' dir='ltr'>πάλαι</span> <span class='ocrx_word' id='word_1_179' title='bbox 1590 2325 1859 2398; x_wconf 76' lang='grc' dir='ltr'>φρουροῦο</span> 
     </span>
    </p>
   </div>
   <div class='ocr_carea' id='block_1_26' title="bbox 279 2406 1860 2486">
    <p class='ocr_par' dir='ltr' id='par_1_26' title="bbox 279 2406 1860 2486">
     <span class='ocr_line' id='line_1_26' title="bbox 279 2406 1860 2486; baseline 0.01 -30"><span class='ocrx_word' id='word_1_180' title='bbox 279 2418 388 2458; x_wconf 84' lang='grc' dir='ltr'>σαν</span> <span class='ocrx_word' id='word_1_181' title='bbox 416 2406 518 2476; x_wconf 82' lang='grc' dir='ltr'>τὴν</span> <span class='ocrx_word' id='word_1_182' title='bbox 550 2408 706 2464; x_wconf 85' lang='grc' dir='ltr'>πόλιν</span> <span class='ocrx_word' id='word_1_183' title='bbox 738 2410 1147 2482; x_wconf 83' lang='grc' dir='ltr'>ἀποστήσαντος</span> <span class='ocrx_word' id='word_1_184' title='bbox 1191 2413 1372 2486; x_wconf 84' lang='grc' dir='ltr'>χάριν,</span> <span class='ocrx_word' id='word_1_185' title='bbox 1411 2413 1517 2470; x_wconf 77' lang='grc' dir='ltr'>ὑπὸ</span> <span class='ocrx_word' id='word_1_186' title='bbox 1541 2419 1670 2482; x_wconf 82' lang='grc' dir='ltr'>τοὺς</span> <span class='ocrx_word' id='word_1_187' title='bbox 1700 2420 1860 2474; x_wconf 88' lang='grc' dir='ltr'>πολε-</span> 
     </span>
    </p>
   </div>
   <div class='ocr_carea' id='block_1_27' title="bbox 280 2494 1861 2585">
    <p class='ocr_par' dir='ltr' id='par_1_27' title="bbox 280 2494 1861 2585">
     <span class='ocr_line' id='line_1_27' title="bbox 280 2494 1861 2585; baseline 0.011 -38"><span class='ocrx_word' id='word_1_188' title='bbox 280 2494 447 2565; x_wconf 86' lang='grc' dir='ltr'>μίους</span> <span class='ocrx_word' id='word_1_189' title='bbox 471 2497 769 2566; x_wconf 63' lang='grc' dir='ltr'>ἐγένετοίῆ</span> <span class='ocrx_word' id='word_1_190' title='bbox 819 2501 990 2557; x_wconf 88' lang='grc' dir='ltr'>Τοῦτο</span> <span class='ocrx_word' id='word_1_191' title='bbox 1022 2503 1116 2557; x_wconf 77' lang='grc' dir='ltr'>καὶ</span> <span class='ocrx_word' id='word_1_192' title='bbox 1148 2503 1235 2559; x_wconf 70' lang='grc' dir='ltr'>διὰ</span> <span class='ocrx_word' id='word_1_193' title='bbox 1271 2506 1494 2561; x_wconf 77' lang='grc' dir='ltr'>Ἡσαΐου</span> <span class='ocrx_word' id='word_1_194' title='bbox 1521 2509 1617 2563; x_wconf 84' lang='grc' dir='ltr'>τοῦ</span> <span class='ocrx_word' id='word_1_195' title='bbox 1649 2514 1861 2585; x_wconf 88' lang='grc' dir='ltr'>προφή-</span> 
     </span>
    </p>
   </div>
   <div class='ocr_carea' id='block_1_28' title="bbox 275 2589 1857 2673">
    <p class='ocr_par' dir='ltr' id='par_1_28' title="bbox 275 2589 1857 2673">
     <span class='ocr_line' id='line_1_28' title="bbox 275 2589 1857 2673; baseline 0.012 -35"><span class='ocrx_word' id='word_1_196' title='bbox 275 2601 378 2639; x_wconf 83' lang='grc' dir='ltr'>του</span> <span class='ocrx_word' id='word_1_197' title='bbox 409 2589 580 2656; x_wconf 78' lang='grc' dir='ltr'>σαφὲς</span> <span class='ocrx_word' id='word_1_198' title='bbox 609 2590 780 2645; x_wconf 83' lang='grc' dir='ltr'>ποιῶν</span> <span class='ocrx_word' id='word_1_199' title='bbox 813 2591 976 2656; x_wconf 78' lang='grc' dir='ltr'>αὐτὸς</span> <span class='ocrx_word' id='word_1_200' title='bbox 1005 2594 1034 2646; x_wconf 88' lang='grc' dir='ltr'>ό</span> <span class='ocrx_word' id='word_1_201' title='bbox 1061 2593 1171 2646; x_wconf 87' lang='grc' dir='ltr'>τῶν</span> <span class='ocrx_word' id='word_1_202' title='bbox 1199 2596 1337 2649; x_wconf 84' lang='grc' dir='ltr'>ὅλων</span> <span class='ocrx_word' id='word_1_203' title='bbox 1366 2597 1498 2661; x_wconf 74' lang='grc' dir='ltr'>Θεὸς</span> <span class='ocrx_word' id='word_1_204' title='bbox 1529 2599 1672 2655; x_wconf 78' lang='grc' dir='ltr'>οὕτω</span> <span class='ocrx_word' id='word_1_205' title='bbox 1695 2605 1857 2673; x_wconf 83' lang='grc' dir='ltr'>φησί·</span> 
     </span>
    </p>
   </div>
   <div class='ocr_carea' id='block_1_29' title="bbox 282 2676 1862 2758">
    <p class='ocr_par' dir='ltr' id='par_1_29' title="bbox 282 2676 1862 2758">
     <span class='ocr_line' id='line_1_29' title="bbox 282 2676 1862 2758; baseline 0.011 -28"><span class='ocrx_word' id='word_1_206' title='bbox 282 2695 305 2730; x_wconf 73' lang='grc' dir='ltr'>ι</span> <span class='ocrx_word' id='word_1_207' title='bbox 345 2676 442 2748; x_wconf 80' lang='grc' dir='ltr'>Μὴ</span> <span class='ocrx_word' id='word_1_208' title='bbox 487 2677 873 2753; x_wconf 82' lang='grc' dir='ltr'>δοξασθήσεται</span> <span class='ocrx_word' id='word_1_209' title='bbox 928 2683 1083 2756; x_wconf 83' lang='grc' dir='ltr'>ἀξίνη</span> <span class='ocrx_word' id='word_1_210' title='bbox 1139 2685 1267 2740; x_wconf 80' lang='grc' dir='ltr'>ἄνευ</span> <span class='ocrx_word' id='word_1_211' title='bbox 1317 2688 1412 2740; x_wconf 87' lang='grc' dir='ltr'>τοῦ</span> <span class='ocrx_word' id='word_1_212' title='bbox 1458 2691 1748 2758; x_wconf 82' lang='grc' dir='ltr'>κόπτοντος</span> <span class='ocrx_word' id='word_1_213' title='bbox 1805 2696 1862 2749; x_wconf 82' lang='grc' dir='ltr'>ὲν</span> 
     </span>
    </p>
   </div>
   <div class='ocr_carea' id='block_1_30' title="bbox 275 2766 1863 2846">
    <p class='ocr_par' dir='ltr' id='par_1_30' title="bbox 275 2766 1863 2846">
     <span class='ocr_line' id='line_1_30' title="bbox 275 2766 1863 2846; baseline 0.011 -25"><span class='ocrx_word' id='word_1_214' title='bbox 275 2766 465 2839; x_wconf 79' lang='grc' dir='ltr'>αὐτῇ;</span> <span class='ocrx_word' id='word_1_215' title='bbox 579 2770 923 2843; x_wconf 80' lang='grc' dir='ltr'>ὑψωθήσεται</span> <span class='ocrx_word' id='word_1_216' title='bbox 954 2774 1132 2846; x_wconf 89' lang='grc' dir='ltr'>πρίων</span> <span class='ocrx_word' id='word_1_217' title='bbox 1171 2776 1298 2830; x_wconf 81' lang='grc' dir='ltr'>ἄνευ</span> <span class='ocrx_word' id='word_1_218' title='bbox 1339 2777 1432 2831; x_wconf 86' lang='grc' dir='ltr'>τοῦ</span> <span class='ocrx_word' id='word_1_219' title='bbox 1474 2778 1724 2846; x_wconf 74' lang='grc' dir='ltr'>ἕλκοντος</span> <span class='ocrx_word' id='word_1_220' title='bbox 1765 2786 1863 2838; x_wconf 83' lang='grc' dir='ltr'>αὐ-</span> 
     </span>
    </p>
   </div>
   <div class='ocr_carea' id='block_1_31' title="bbox 274 2858 1864 2946">
    <p class='ocr_par' dir='ltr' id='par_1_31' title="bbox 274 2858 1864 2946">
     <span class='ocr_line' id='line_1_31' title="bbox 274 2858 1864 2946; baseline 0.01 -35"><span class='ocrx_word' id='word_1_221' title='bbox 274 2858 409 2925; x_wconf 81' lang='grc' dir='ltr'>τόν;</span> <span class='ocrx_word' id='word_1_222' title='bbox 434 2876 455 2909; x_wconf 72' lang='grc' dir='ltr'>ι</span> <span class='ocrx_word' id='word_1_223' title='bbox 488 2860 738 2915; x_wconf 86' lang='grc' dir='ltr'>Διδάσκει</span> <span class='ocrx_word' id='word_1_224' title='bbox 763 2861 820 2916; x_wconf 85' lang='grc' dir='ltr'>δὲ</span> <span class='ocrx_word' id='word_1_225' title='bbox 845 2863 933 2917; x_wconf 89' lang='grc' dir='ltr'>διά</span> <span class='ocrx_word' id='word_1_226' title='bbox 963 2864 1193 2931; x_wconf 84' lang='grc' dir='ltr'>τούτων,</span> <span class='ocrx_word' id='word_1_227' title='bbox 1227 2867 1303 2931; x_wconf 87' lang='grc' dir='ltr'>ὡς</span> <span class='ocrx_word' id='word_1_228' title='bbox 1334 2868 1497 2932; x_wconf 84' lang='grc' dir='ltr'>αὐτὸς</span> <span class='ocrx_word' id='word_1_229' title='bbox 1519 2872 1632 2934; x_wconf 82' lang='grc' dir='ltr'>τοῖς</span> <span class='ocrx_word' id='word_1_230' title='bbox 1656 2872 1754 2928; x_wconf 88' lang='grc' dir='ltr'>ἀνθ</span> <span class='ocrx_word' id='word_1_231' title='bbox 1767 2874 1864 2946; x_wconf 72' lang='grc' dir='ltr'>ρώ-</span> 
     </span>
    </p>
   </div>
   <div class='ocr_carea' id='block_1_32' title="bbox 278 2951 1865 3033">
    <p class='ocr_par' dir='ltr' id='par_1_32' title="bbox 278 2951 1865 3033">
     <span class='ocr_line' id='line_1_32' title="bbox 278 2951 1865 3033; baseline 0.009 -29"><span class='ocrx_word' id='word_1_232' title='bbox 278 2966 411 3014; x_wconf 87' lang='grc' dir='ltr'>ποις</span> <span class='ocrx_word' id='word_1_233' title='bbox 441 2951 692 3025; x_wconf 76' lang='grc' dir='ltr'>ἐπιφέρει</span> <span class='ocrx_word' id='word_1_234' title='bbox 722 2954 821 3019; x_wconf 83' lang='grc' dir='ltr'>τὰς</span> <span class='ocrx_word' id='word_1_235' title='bbox 848 2957 1138 3027; x_wconf 85' lang='grc' dir='ltr'>τιμωρίας,</span> <span class='ocrx_word' id='word_1_236' title='bbox 1172 2958 1434 3029; x_wconf 84' lang='grc' dir='ltr'>κέχρηται</span> <span class='ocrx_word' id='word_1_237' title='bbox 1454 2961 1494 2992; x_wconf 79' lang='grc'>¹¹</span> <span class='ocrx_word' id='word_1_238' title='bbox 1532 2961 1589 3015; x_wconf 79' lang='grc' dir='ltr'>δὲ</span> <span class='ocrx_word' id='word_1_239' title='bbox 1612 2963 1865 3033; x_wconf 87' lang='grc' dir='ltr'>ὀργάνοις</span> 
     </span>
    </p>
   </div>
   <div class='ocr_carea' id='block_1_33' title="bbox 275 3044 1860 3127">
    <p class='ocr_par' dir='ltr' id='par_1_33' title="bbox 275 3044 1860 3127">
     <span class='ocr_line' id='line_1_33' title="bbox 275 3044 1860 3127; baseline 0.011 -33"><span class='ocrx_word' id='word_1_240' title='bbox 275 3045 399 3105; x_wconf 76' lang='grc' dir='ltr'>τοῖς</span> <span class='ocrx_word' id='word_1_241' title='bbox 418 3044 500 3107; x_wconf 84' lang='grc' dir='ltr'>εἰς</span> <span class='ocrx_word' id='word_1_242' title='bbox 520 3044 675 3099; x_wconf 86' lang='grc' dir='ltr'>τοῦτο</span> <span class='ocrx_word' id='word_1_243' title='bbox 695 3047 1039 3117; x_wconf 78' lang='grc' dir='ltr'>ἐπιτηδείοις.</span> <span class='ocrx_word' id='word_1_244' title='bbox 1072 3070 1091 3102; x_wconf 78' lang='grc' dir='ltr'>ι</span> <span class='ocrx_word' id='word_1_245' title='bbox 1112 3052 1221 3104; x_wconf 75' lang='grc' dir='ltr'>Καὶ</span> <span class='ocrx_word' id='word_1_246' title='bbox 1240 3051 1470 3122; x_wconf 69' lang='grc' dir='ltr'>ἤνεγκεν</span> <span class='ocrx_word' id='word_1_247' title='bbox 1491 3054 1651 3120; x_wconf 74' lang='grc' dir='ltr'>αὐτὰ,</span> <span class='ocrx_word' id='word_1_248' title='bbox 1677 3057 1860 3127; x_wconf 70' lang='grc' dir='ltr'>φησὶν,</span> 
     </span>
    </p>
   </div>
   <div class='ocr_carea' id='block_1_34' title="bbox 1958 576 3522 649">
    <p class='ocr_par' dir='ltr' id='par_1_34' title="bbox 1958 576 3522 649">
     <span class='ocr_line' id='line_1_34' title="bbox 1958 576 3522 649; baseline 0 -16"><span class='ocrx_word' id='word_1_249' title='bbox 1958 587 2093 646; x_wconf 89' lang='lat' dir='ltr'><strong>tem,</strong></span> <span class='ocrx_word' id='word_1_250' title='bbox 2122 587 2179 635; x_wconf 86' lang='lat' dir='ltr'>et</span> <span class='ocrx_word' id='word_1_251' title='bbox 2227 579 2544 649; x_wconf 78' lang='lat' dir='ltr'>prophetam</span> <span class='ocrx_word' id='word_1_252' title='bbox 2593 592 2787 635; x_wconf 80' lang='lat' dir='ltr'>revera</span> <span class='ocrx_word' id='word_1_253' title='bbox 2837 576 3164 647; x_wconf 75' lang='lat' dir='ltr'>prophetam</span> <span class='ocrx_word' id='word_1_254' title='bbox 3228 579 3522 634; x_wconf 84' lang='lat' dir='ltr'><strong>ostenden-</strong></span> 
     </span>
    </p>
   </div>
   <div class='ocr_carea' id='block_1_35' title="bbox 1957 667 2397 738">
    <p class='ocr_par' dir='ltr' id='par_1_35' title="bbox 1957 667 2397 738">
     <span class='ocr_line' id='line_1_35' title="bbox 1957 667 2397 738; baseline -0.002 -14"><span class='ocrx_word' id='word_1_255' title='bbox 1957 667 2109 738; x_wconf 86' lang='lat' dir='ltr'><strong>dum,</strong></span> <span class='ocrx_word' id='word_1_256' title='bbox 2134 671 2268 727; x_wconf 83' lang='lat' dir='ltr'><strong>satis</strong></span> <span class='ocrx_word' id='word_1_257' title='bbox 2293 680 2397 725; x_wconf 86' lang='lat' dir='ltr'><strong>est.</strong></span> 
     </span>
    </p>
   </div>
   <div class='ocr_carea' id='block_1_36' title="bbox 2030 953 3526 1023">
    <p class='ocr_par' dir='ltr' id='par_1_36' title="bbox 2030 953 3526 1023">
     <span class='ocr_line' id='line_1_36' title="bbox 2030 953 3526 1023; baseline -0.002 -11"><span class='ocrx_word' id='word_1_258' title='bbox 2030 955 2197 1011; x_wconf 73' lang='lat' dir='ltr'><strong>Vens.</strong></span> <span class='ocrx_word' id='word_1_259' title='bbox 2229 956 2284 1010; x_wconf 69' lang='grc'>2.</span> <span class='ocrx_word' id='word_1_260' title='bbox 2326 971 2343 1007; x_wconf 79' lang='grc' dir='ltr'>ι</span> <span class='ocrx_word' id='word_1_261' title='bbox 2376 953 2445 1009; x_wconf 80' lang='lat' dir='ltr'>Et</span> <span class='ocrx_word' id='word_1_262' title='bbox 2466 954 2703 1010; x_wconf 80' lang='lat' dir='ltr'><strong>tradidit</strong></span> <span class='ocrx_word' id='word_1_263' title='bbox 2731 954 2997 1011; x_wconf 85' lang='lat' dir='ltr'>Dominus</span> <span class='ocrx_word' id='word_1_264' title='bbox 3026 956 3080 1009; x_wconf 92' lang='lat' dir='ltr'><strong>in</strong></span> <span class='ocrx_word' id='word_1_265' title='bbox 3130 968 3352 1009; x_wconf 83' lang='lat' dir='ltr'><strong>manum</strong></span> <span class='ocrx_word' id='word_1_266' title='bbox 3406 954 3526 1023; x_wconf 83' lang='lat' dir='ltr'>ejus</span> 
     </span>
    </p>
   </div>
   <div class='ocr_carea' id='block_1_37' title="bbox 1958 1045 3526 1119">
    <p class='ocr_par' dir='ltr' id='par_1_37' title="bbox 1958 1045 3526 1119">
     <span class='ocr_line' id='line_1_37' title="bbox 1958 1045 3526 1119; baseline -0.001 -16"><span class='ocrx_word' id='word_1_267' title='bbox 1958 1046 2267 1105; x_wconf 79' lang='lat' dir='ltr'><strong>Joacimum</strong></span> <span class='ocrx_word' id='word_1_268' title='bbox 2302 1062 2485 1119; x_wconf 74' lang='lat' dir='ltr'><strong>regem</strong></span> <span class='ocrx_word' id='word_1_269' title='bbox 2512 1045 2684 1109; x_wconf 73' lang='lat' dir='ltr'><strong>Iudae,</strong></span> <span class='ocrx_word' id='word_1_270' title='bbox 2709 1055 2762 1102; x_wconf 84' lang='lat' dir='ltr'>et</span> <span class='ocrx_word' id='word_1_271' title='bbox 2795 1055 3003 1118; x_wconf 86' lang='lat' dir='ltr'><strong>partem</strong></span> <span class='ocrx_word' id='word_1_272' title='bbox 3037 1061 3299 1100; x_wconf 75' lang='lat' dir='ltr'><strong>vasorum</strong></span> <span class='ocrx_word' id='word_1_273' title='bbox 3330 1045 3526 1101; x_wconf 77' lang='lat' dir='ltr'><strong>donius</strong></span> 
     </span>
    </p>
   </div>
   <div class='ocr_carea' id='block_1_38' title="bbox 1961 1136 3528 1209">
    <p class='ocr_par' dir='ltr' id='par_1_38' title="bbox 1961 1136 3528 1209">
     <span class='ocr_line' id='line_1_38' title="bbox 1961 1136 3528 1209; baseline -0.001 -15"><span class='ocrx_word' id='word_1_274' title='bbox 1961 1139 2081 1196; x_wconf 88' lang='lat' dir='ltr'>Dei.</span> <span class='ocrx_word' id='word_1_275' title='bbox 2116 1158 2137 1192; x_wconf 77' lang='grc' dir='ltr'>ι</span> <span class='ocrx_word' id='word_1_276' title='bbox 2181 1139 2297 1194; x_wconf 87' lang='lat' dir='ltr'><strong>Hoc</strong></span> <span class='ocrx_word' id='word_1_277' title='bbox 2316 1154 2539 1209; x_wconf 91' lang='lat' dir='ltr'><strong>quoque</strong></span> <span class='ocrx_word' id='word_1_278' title='bbox 2569 1139 2801 1208; x_wconf 81' lang='lat' dir='ltr'><strong>gratiam</strong></span> <span class='ocrx_word' id='word_1_279' title='bbox 2849 1140 2998 1192; x_wconf 85' lang='lat' dir='ltr'><strong>illius</strong></span> <span class='ocrx_word' id='word_1_280' title='bbox 3037 1137 3382 1209; x_wconf 76' lang='lat' dir='ltr'><strong>Spiritualem</strong></span> <span class='ocrx_word' id='word_1_281' title='bbox 3434 1136 3528 1192; x_wconf 87' lang='lat' dir='ltr'><strong>de-</strong></span> 
     </span>
    </p>
   </div>
   <div class='ocr_carea' id='block_1_39' title="bbox 1959 1225 3528 1300">
    <p class='ocr_par' dir='ltr' id='par_1_39' title="bbox 1959 1225 3528 1300">
     <span class='ocr_line' id='line_1_39' title="bbox 1959 1225 3528 1300; baseline -0.003 -14"><span class='ocrx_word' id='word_1_282' title='bbox 1959 1231 2161 1286; x_wconf 87' lang='lat' dir='ltr'><strong>clarat.</strong></span> <span class='ocrx_word' id='word_1_283' title='bbox 2209 1227 2397 1300; x_wconf 85' lang='lat' dir='ltr'><strong>Neque</strong></span> <span class='ocrx_word' id='word_1_284' title='bbox 2451 1229 2599 1284; x_wconf 89' lang='lat' dir='ltr'><strong>enim</strong></span> <span class='ocrx_word' id='word_1_285' title='bbox 2645 1228 2887 1282; x_wconf 89' lang='lat' dir='ltr'><strong>omnium</strong></span> <span class='ocrx_word' id='word_1_286' title='bbox 2945 1235 3031 1283; x_wconf 88' lang='lat' dir='ltr'>est</span> <span class='ocrx_word' id='word_1_287' title='bbox 3091 1225 3330 1280; x_wconf 80' lang='lat' dir='ltr'><strong>divinam</strong></span> <span class='ocrx_word' id='word_1_288' title='bbox 3385 1227 3528 1281; x_wconf 84' lang='lat' dir='ltr'><strong>scire</strong></span> 
     </span>
    </p>
   </div>
   <div class='ocr_carea' id='block_1_40' title="bbox 1959 1318 3524 1392">
    <p class='ocr_par' dir='ltr' id='par_1_40' title="bbox 1959 1318 3524 1392">
     <span class='ocr_line' id='line_1_40' title="bbox 1959 1318 3524 1392; baseline -0.003 -15"><span class='ocrx_word' id='word_1_289' title='bbox 1959 1320 2451 1392; x_wconf 86' lang='lat' dir='ltr'>dispensationem.</span> <span class='ocrx_word' id='word_1_290' title='bbox 2477 1318 2578 1374; x_wconf 88' lang='lat' dir='ltr'><strong>llic</strong></span> <span class='ocrx_word' id='word_1_291' title='bbox 2608 1331 2786 1376; x_wconf 78' lang='lat' dir='ltr'><strong>autem</strong></span> <span class='ocrx_word' id='word_1_292' title='bbox 2810 1319 2995 1374; x_wconf 88' lang='lat' dir='ltr'><strong>divino</strong></span> <span class='ocrx_word' id='word_1_293' title='bbox 3026 1318 3234 1389; x_wconf 81' lang='lat' dir='ltr'><strong>Spiritu</strong></span> <span class='ocrx_word' id='word_1_294' title='bbox 3265 1318 3524 1381; x_wconf 83' lang='lat' dir='ltr'><strong>donatus,</strong></span> 
     </span>
    </p>
   </div>
   <div class='ocr_carea' id='block_1_41' title="bbox 1958 1408 3525 1481">
    <p class='ocr_par' dir='ltr' id='par_1_41' title="bbox 1958 1408 3525 1481">
     <span class='ocr_line' id='line_1_41' title="bbox 1958 1408 3525 1481; baseline -0.006 -12"><span class='ocrx_word' id='word_1_295' title='bbox 1958 1419 2014 1469; x_wconf 89' lang='lat' dir='ltr'>et</span> <span class='ocrx_word' id='word_1_296' title='bbox 2040 1420 2229 1481; x_wconf 88' lang='lat' dir='ltr'><strong>aperte</strong></span> <span class='ocrx_word' id='word_1_297' title='bbox 2262 1413 2439 1477; x_wconf 83' lang='lat' dir='ltr'><strong>novit,</strong></span> <span class='ocrx_word' id='word_1_298' title='bbox 2486 1420 2542 1467; x_wconf 93' lang='lat' dir='ltr'><strong>et</strong></span> <span class='ocrx_word' id='word_1_299' title='bbox 2577 1412 2717 1466; x_wconf 91' lang='lat' dir='ltr'><strong>alios</strong></span> <span class='ocrx_word' id='word_1_300' title='bbox 2762 1410 2944 1477; x_wconf 83' lang='lat' dir='ltr'>docet,</span> <span class='ocrx_word' id='word_1_301' title='bbox 2987 1410 3233 1465; x_wconf 84' lang='lat' dir='ltr'>auctoris</span> <span class='ocrx_word' id='word_1_302' title='bbox 3278 1408 3525 1464; x_wconf 85' lang='lat' dir='ltr'><strong>omnium</strong></span> 
     </span>
    </p>
   </div>
   <div class='ocr_carea' id='block_1_42' title="bbox 1957 1501 3527 1575">
    <p class='ocr_par' dir='ltr' id='par_1_42' title="bbox 1957 1501 3527 1575">
     <span class='ocr_line' id='line_1_42' title="bbox 1957 1501 3527 1575; baseline -0.002 -16"><span class='ocrx_word' id='word_1_303' title='bbox 1957 1518 2145 1559; x_wconf 85' lang='lat' dir='ltr'><strong>rerum</strong></span> <span class='ocrx_word' id='word_1_304' title='bbox 2170 1504 2267 1560; x_wconf 87' lang='lat' dir='ltr'>Dei</span> <span class='ocrx_word' id='word_1_305' title='bbox 2308 1504 2612 1575; x_wconf 87' lang='lat' dir='ltr'><strong>permissu,</strong></span> <span class='ocrx_word' id='word_1_306' title='bbox 2648 1511 2873 1573; x_wconf 83' lang='lat' dir='ltr'><strong>propter</strong></span> <span class='ocrx_word' id='word_1_307' title='bbox 2903 1501 3089 1572; x_wconf 87' lang='lat' dir='ltr'><strong>populi</strong></span> <span class='ocrx_word' id='word_1_308' title='bbox 3124 1508 3178 1556; x_wconf 91' lang='lat' dir='ltr'>et</span> <span class='ocrx_word' id='word_1_309' title='bbox 3223 1503 3369 1571; x_wconf 83' lang='lat' dir='ltr'><strong>regis</strong></span> <span class='ocrx_word' id='word_1_310' title='bbox 3404 1515 3527 1557; x_wconf 88' lang='lat' dir='ltr'><strong>sce-</strong></span> 
     </span>
    </p>
   </div>
   <div class='ocr_carea' id='block_1_43' title="bbox 1957 1589 3526 1664">
    <p class='ocr_par' dir='ltr' id='par_1_43' title="bbox 1957 1589 3526 1664">
     <span class='ocr_line' id='line_1_43' title="bbox 1957 1589 3526 1664; baseline -0.005 -16"><span class='ocrx_word' id='word_1_311' title='bbox 1957 1594 2076 1650; x_wconf 86' lang='lat' dir='ltr'><strong>lera</strong></span> <span class='ocrx_word' id='word_1_312' title='bbox 2125 1592 2511 1664; x_wconf 77' lang='lat' dir='ltr'><strong>ingentemque</strong></span> <span class='ocrx_word' id='word_1_313' title='bbox 2537 1592 2896 1663; x_wconf 80' lang='lat' dir='ltr'><strong>impietatem,</strong></span> <span class='ocrx_word' id='word_1_314' title='bbox 2928 1597 3041 1644; x_wconf 89' lang='lat' dir='ltr'>tum</span> <span class='ocrx_word' id='word_1_315' title='bbox 3075 1589 3268 1644; x_wconf 80' lang='lat' dir='ltr'><strong>urbem</strong></span> <span class='ocrx_word' id='word_1_316' title='bbox 3291 1596 3526 1658; x_wconf 86' lang='lat' dir='ltr'><strong>captam,</strong></span> 
     </span>
    </p>
   </div>
   <div class='ocr_carea' id='block_1_44' title="bbox 1961 1679 3529 1752">
    <p class='ocr_par' dir='ltr' id='par_1_44' title="bbox 1961 1679 3529 1752">
     <span class='ocr_line' id='line_1_44' title="bbox 1961 1679 3529 1752; baseline -0.006 -13"><span class='ocrx_word' id='word_1_317' title='bbox 1961 1693 2077 1739; x_wconf 88' lang='lat' dir='ltr'>tum</span> <span class='ocrx_word' id='word_1_318' title='bbox 2113 1698 2399 1741; x_wconf 86' lang='lat' dir='ltr'><strong>sacrorum</strong></span> <span class='ocrx_word' id='word_1_319' title='bbox 2434 1697 2693 1739; x_wconf 80' lang='lat' dir='ltr'><strong>vasorum</strong></span> <span class='ocrx_word' id='word_1_320' title='bbox 2742 1689 2952 1752; x_wconf 88' lang='lat' dir='ltr'><strong>partem</strong></span> <span class='ocrx_word' id='word_1_321' title='bbox 3004 1681 3062 1734; x_wconf 91' lang='lat' dir='ltr'><strong>in</strong></span> <span class='ocrx_word' id='word_1_322' title='bbox 3092 1679 3333 1736; x_wconf 83' lang='lat' dir='ltr'><strong>hostium</strong></span> <span class='ocrx_word' id='word_1_323' title='bbox 3373 1685 3529 1749; x_wconf 81' lang='lat' dir='ltr'><strong>pote-</strong></span> 
     </span>
    </p>
   </div>
   <div class='ocr_carea' id='block_1_45' title="bbox 1959 1769 3528 1831">
    <p class='ocr_par' dir='ltr' id='par_1_45' title="bbox 1959 1769 3528 1831">
     <span class='ocr_line' id='line_1_45' title="bbox 1959 1769 3528 1831; baseline -0.006 0"><span class='ocrx_word' id='word_1_324' title='bbox 1959 1783 2158 1831; x_wconf 85' lang='lat' dir='ltr'><strong>statem</strong></span> <span class='ocrx_word' id='word_1_325' title='bbox 2211 1774 2574 1830; x_wconf 84' lang='lat' dir='ltr'>concessisse.</span> <span class='ocrx_word' id='word_1_326' title='bbox 2640 1772 2707 1826; x_wconf 87' lang='lat' dir='ltr'>Et</span> <span class='ocrx_word' id='word_1_327' title='bbox 2768 1770 3065 1826; x_wconf 85' lang='lat' dir='ltr'><strong>admodum</strong></span> <span class='ocrx_word' id='word_1_328' title='bbox 3134 1769 3528 1826; x_wconf 76' lang='lat' dir='ltr'><strong>convenienter</strong></span> 
     </span>
    </p>
   </div>
   <div class='ocr_carea' id='block_1_46' title="bbox 1958 1857 3529 1937">
    <p class='ocr_par' dir='ltr' id='par_1_46' title="bbox 1958 1857 3529 1937">
     <span class='ocr_line' id='line_1_46' title="bbox 1958 1857 3529 1937; baseline -0.006 -15"><span class='ocrx_word' id='word_1_329' title='bbox 1958 1867 2160 1937; x_wconf 79' lang='lat' dir='ltr'><strong>adjecit</strong></span> <span class='ocrx_word' id='word_1_330' title='bbox 2189 1880 2205 1920; x_wconf 91' lang='lat'><strong>:</strong></span> <span class='ocrx_word' id='word_1_331' title='bbox 2236 1886 2254 1918; x_wconf 77' lang='grc' dir='ltr'>ι</span> <span class='ocrx_word' id='word_1_332' title='bbox 2284 1865 2533 1919; x_wconf 83' lang='lat' dir='ltr'><strong>Tradidit</strong></span> <span class='ocrx_word' id='word_1_333' title='bbox 2563 1863 2832 1919; x_wconf 85' lang='lat' dir='ltr'><strong>Dominus</strong></span> <span class='ocrx_word' id='word_1_334' title='bbox 2868 1862 2924 1916; x_wconf 92' lang='lat' dir='ltr'><strong>in</strong></span> <span class='ocrx_word' id='word_1_335' title='bbox 2962 1876 3184 1916; x_wconf 88' lang='lat' dir='ltr'><strong>manum</strong></span> <span class='ocrx_word' id='word_1_336' title='bbox 3231 1860 3352 1929; x_wconf 85' lang='lat' dir='ltr'><strong>ejus</strong></span> <span class='ocrx_word' id='word_1_337' title='bbox 3402 1857 3529 1913; x_wconf 79' lang='lat' dir='ltr'><strong>Joa-</strong></span> 
     </span>
    </p>
   </div>
   <div class='ocr_carea' id='block_1_47' title="bbox 1957 1946 3531 2025">
    <p class='ocr_par' dir='ltr' id='par_1_47' title="bbox 1957 1946 3531 2025">
     <span class='ocr_line' id='line_1_47' title="bbox 1957 1946 3531 2025; baseline -0.005 -16"><span class='ocrx_word' id='word_1_338' title='bbox 1957 1954 2160 2009; x_wconf 88' lang='lat' dir='ltr'><strong>cimum</strong></span> <span class='ocrx_word' id='word_1_339' title='bbox 2190 1946 2370 2025; x_wconf 82' lang='lat' dir='ltr'><strong>regem</strong></span> <span class='ocrx_word' id='word_1_340' title='bbox 2401 1952 2576 2018; x_wconf 69' lang='lat' dir='ltr'><strong>Indae,</strong></span> <span class='ocrx_word' id='word_1_341' title='bbox 2616 1971 2635 2004; x_wconf 76' lang='grc' dir='ltr'>ι</span> <span class='ocrx_word' id='word_1_342' title='bbox 2674 1967 2742 2007; x_wconf 90' lang='lat' dir='ltr'>ne</span> <span class='ocrx_word' id='word_1_343' title='bbox 2779 1952 2902 2022; x_wconf 90' lang='lat' dir='ltr'><strong>quis</strong></span> <span class='ocrx_word' id='word_1_344' title='bbox 2953 1949 3353 2020; x_wconf 79' lang='lat' dir='ltr'><strong>suspicaretur,</strong></span> <span class='ocrx_word' id='word_1_345' title='bbox 3403 1962 3531 2018; x_wconf 83' lang='lat' dir='ltr'><strong>pro-</strong></span> 
     </span>
    </p>
   </div>
   <div class='ocr_carea' id='block_1_48' title="bbox 1957 2037 3528 2117">
    <p class='ocr_par' dir='ltr' id='par_1_48' title="bbox 1957 2037 3528 2117">
     <span class='ocr_line' id='line_1_48' title="bbox 1957 2037 3528 2117; baseline -0.006 -17"><span class='ocrx_word' id='word_1_346' title='bbox 1957 2046 2095 2117; x_wconf 86' lang='lat' dir='ltr'><strong>priis</strong></span> <span class='ocrx_word' id='word_1_347' title='bbox 2121 2046 2331 2101; x_wconf 89' lang='lat' dir='ltr'><strong>viribus</strong></span> <span class='ocrx_word' id='word_1_348' title='bbox 2367 2061 2529 2100; x_wconf 90' lang='lat' dir='ltr'><strong>usum</strong></span> <span class='ocrx_word' id='word_1_349' title='bbox 2561 2043 3153 2098; x_wconf 84' lang='lat' dir='ltr'><strong>Nabuchodonosorem</strong></span> <span class='ocrx_word' id='word_1_350' title='bbox 3179 2039 3370 2094; x_wconf 87' lang='lat' dir='ltr'><strong>urbem</strong></span> <span class='ocrx_word' id='word_1_351' title='bbox 3417 2037 3528 2094; x_wconf 91' lang='lat' dir='ltr'>Deo</span> 
     </span>
    </p>
   </div>
   <div class='ocr_carea' id='block_1_49' title="bbox 1958 2127 3529 2204">
    <p class='ocr_par' dir='ltr' id='par_1_49' title="bbox 1958 2127 3529 2204">
     <span class='ocr_line' id='line_1_49' title="bbox 1958 2127 3529 2204; baseline -0.005 -15"><span class='ocrx_word' id='word_1_352' title='bbox 1958 2133 2194 2189; x_wconf 84' lang='lat' dir='ltr'><strong>dicatam</strong></span> <span class='ocrx_word' id='word_1_353' title='bbox 2237 2149 2550 2204; x_wconf 86' lang='lat' dir='ltr'><strong>superasse,</strong></span> <span class='ocrx_word' id='word_1_354' title='bbox 2581 2147 2883 2201; x_wconf 89' lang='lat' dir='ltr'><strong>omnesque</strong></span> <span class='ocrx_word' id='word_1_355' title='bbox 2912 2130 3120 2203; x_wconf 73' lang='lat'><strong>1035</strong></span> <span class='ocrx_word' id='word_1_356' title='bbox 3161 2130 3319 2200; x_wconf 82' lang='lat' dir='ltr'><strong>plane</strong></span> <span class='ocrx_word' id='word_1_357' title='bbox 3369 2127 3529 2182; x_wconf 85' lang='lat' dir='ltr'><strong>intel-</strong></span> 
     </span>
    </p>
   </div>
   <div class='ocr_carea' id='block_1_50' title="bbox 1959 2218 3526 2298">
    <p class='ocr_par' dir='ltr' id='par_1_50' title="bbox 1959 2218 3526 2298">
     <span class='ocr_line' id='line_1_50' title="bbox 1959 2218 3526 2298; baseline -0.007 -17"><span class='ocrx_word' id='word_1_358' title='bbox 1959 2227 2155 2298; x_wconf 80' lang='lat' dir='ltr'><strong>ligant,</strong></span> <span class='ocrx_word' id='word_1_359' title='bbox 2193 2233 2484 2297; x_wconf 83' lang='lat' dir='ltr'><strong>propterea</strong></span> <span class='ocrx_word' id='word_1_360' title='bbox 2507 2223 2649 2295; x_wconf 92' lang='lat' dir='ltr'><strong>quod</strong></span> <span class='ocrx_word' id='word_1_361' title='bbox 2684 2223 2825 2278; x_wconf 91' lang='lat' dir='ltr'><strong>Deus</strong></span> <span class='ocrx_word' id='word_1_362' title='bbox 2871 2237 2992 2279; x_wconf 89' lang='lat' dir='ltr'>eam</span> <span class='ocrx_word' id='word_1_363' title='bbox 3047 2230 3172 2276; x_wconf 87' lang='lat' dir='ltr'><strong>ante</strong></span> <span class='ocrx_word' id='word_1_364' title='bbox 3213 2218 3526 2282; x_wconf 83' lang='lat' dir='ltr'><strong>tradiderit,</strong></span> 
     </span>
    </p>
   </div>
   <div class='ocr_carea' id='block_1_51' title="bbox 1959 2310 3527 2388">
    <p class='ocr_par' dir='ltr' id='par_1_51' title="bbox 1959 2310 3527 2388">
     <span class='ocr_line' id='line_1_51' title="bbox 1959 2310 3527 2388; baseline -0.007 -15"><span class='ocrx_word' id='word_1_365' title='bbox 1959 2327 2015 2373; x_wconf 82' lang='lat' dir='ltr'>et</span> <span class='ocrx_word' id='word_1_366' title='bbox 2044 2332 2164 2374; x_wconf 87' lang='lat' dir='ltr'>eam</span> <span class='ocrx_word' id='word_1_367' title='bbox 2193 2319 2447 2388; x_wconf 76' lang='lat' dir='ltr'><strong>gratiam,</strong></span> <span class='ocrx_word' id='word_1_368' title='bbox 2473 2332 2597 2388; x_wconf 82' lang='lat' dir='ltr'><strong>quae</strong></span> <span class='ocrx_word' id='word_1_369' title='bbox 2625 2316 2901 2371; x_wconf 88' lang='lat' dir='ltr'><strong>civitatem</strong></span> <span class='ocrx_word' id='word_1_370' title='bbox 2930 2313 3141 2385; x_wconf 90' lang='lat' dir='ltr'><strong>pridem</strong></span> <span class='ocrx_word' id='word_1_371' title='bbox 3162 2310 3527 2373; x_wconf 86' lang='lat' dir='ltr'><strong>custodiebat,</strong></span> 
     </span>
    </p>
   </div>
   <div class='ocr_carea' id='block_1_52' title="bbox 1961 2401 3528 2477">
    <p class='ocr_par' dir='ltr' id='par_1_52' title="bbox 1961 2401 3528 2477">
     <span class='ocr_line' id='line_1_52' title="bbox 1961 2401 3528 2477; baseline -0.006 -13"><span class='ocrx_word' id='word_1_372' title='bbox 1961 2409 2259 2476; x_wconf 90' lang='lat' dir='ltr'><strong>ademerit,</strong></span> <span class='ocrx_word' id='word_1_373' title='bbox 2285 2408 2496 2463; x_wconf 85' lang='lat' dir='ltr'><strong>idcirco</strong></span> <span class='ocrx_word' id='word_1_374' title='bbox 2518 2423 2639 2464; x_wconf 87' lang='lat' dir='ltr'>eam</span> <span class='ocrx_word' id='word_1_375' title='bbox 2676 2406 2981 2477; x_wconf 74' lang='lat' dir='ltr'><strong>subiectam</strong></span> <span class='ocrx_word' id='word_1_376' title='bbox 3035 2404 3208 2461; x_wconf 75' lang='lat' dir='ltr'><strong>fuisse</strong></span> <span class='ocrx_word' id='word_1_377' title='bbox 3255 2401 3528 2458; x_wconf 84' lang='lat' dir='ltr'><strong>hostibus.</strong></span> 
     </span>
    </p>
   </div>
   <div class='ocr_carea' id='block_1_53' title="bbox 1960 2494 3531 2572">
    <p class='ocr_par' dir='ltr' id='par_1_53' title="bbox 1960 2494 3531 2572">
     <span class='ocr_line' id='line_1_53' title="bbox 1960 2494 3531 2572; baseline -0.003 -19"><span class='ocrx_word' id='word_1_378' title='bbox 1960 2498 2077 2555; x_wconf 83' lang='lat' dir='ltr'><strong>Hoc</strong></span> <span class='ocrx_word' id='word_1_379' title='bbox 2105 2494 2234 2556; x_wconf 82' lang='lat' dir='ltr'><strong>item</strong></span> <span class='ocrx_word' id='word_1_380' title='bbox 2262 2516 2359 2572; x_wconf 87' lang='lat' dir='ltr'>per</span> <span class='ocrx_word' id='word_1_381' title='bbox 2396 2500 2594 2556; x_wconf 87' lang='lat' dir='ltr'><strong>lsaiam</strong></span> <span class='ocrx_word' id='word_1_382' title='bbox 2632 2500 2956 2571; x_wconf 85' lang='lat' dir='ltr'><strong>prophetam</strong></span> <span class='ocrx_word' id='word_1_383' title='bbox 3002 2496 3293 2551; x_wconf 74' lang='lat' dir='ltr'><strong>declarans</strong></span> <span class='ocrx_word' id='word_1_384' title='bbox 3333 2504 3531 2550; x_wconf 84' lang='lat' dir='ltr'><strong>auctor</strong></span> 
     </span>
    </p>
   </div>
   <div class='ocr_carea' id='block_1_54' title="bbox 1961 2587 3535 2659">
    <p class='ocr_par' dir='ltr' id='par_1_54' title="bbox 1961 2587 3535 2659">
     <span class='ocr_line' id='line_1_54' title="bbox 1961 2587 3535 2659; baseline -0.004 -13"><span class='ocrx_word' id='word_1_385' title='bbox 1961 2592 2208 2647; x_wconf 88' lang='lat' dir='ltr'><strong>omnium</strong></span> <span class='ocrx_word' id='word_1_386' title='bbox 2242 2608 2426 2647; x_wconf 88' lang='lat' dir='ltr'><strong>rerum</strong></span> <span class='ocrx_word' id='word_1_387' title='bbox 2474 2593 2642 2656; x_wconf 82' lang='lat' dir='ltr'><strong>Deus,</strong></span> <span class='ocrx_word' id='word_1_388' title='bbox 2675 2592 2751 2646; x_wconf 83' lang='lat' dir='ltr'>ita</span> <span class='ocrx_word' id='word_1_389' title='bbox 2774 2591 2890 2645; x_wconf 88' lang='lat' dir='ltr'><strong>ait:</strong></span> <span class='ocrx_word' id='word_1_390' title='bbox 2921 2608 2940 2643; x_wconf 75' lang='grc' dir='ltr'>ι</span> <span class='ocrx_word' id='word_1_391' title='bbox 2974 2588 3234 2659; x_wconf 79' lang='lat' dir='ltr'><strong>Nunquid</strong></span> <span class='ocrx_word' id='word_1_392' title='bbox 3274 2587 3535 2658; x_wconf 79' lang='lat' dir='ltr'><strong>gloriabi-</strong></span> 
     </span>
    </p>
   </div>
   <div class='ocr_carea' id='block_1_55' title="bbox 1963 2681 3534 2756">
    <p class='ocr_par' dir='ltr' id='par_1_55' title="bbox 1963 2681 3534 2756">
     <span class='ocr_line' id='line_1_55' title="bbox 1963 2681 3534 2756; baseline -0.004 -17"><span class='ocrx_word' id='word_1_393' title='bbox 1963 2693 2054 2740; x_wconf 88' lang='lat' dir='ltr'><strong>tur</strong></span> <span class='ocrx_word' id='word_1_394' title='bbox 2082 2686 2298 2741; x_wconf 85' lang='lat' dir='ltr'><strong>securis</strong></span> <span class='ocrx_word' id='word_1_395' title='bbox 2326 2687 2444 2742; x_wconf 88' lang='lat' dir='ltr'><strong>sine</strong></span> <span class='ocrx_word' id='word_1_396' title='bbox 2472 2703 2556 2753; x_wconf 90' lang='lat' dir='ltr'>eo,</span> <span class='ocrx_word' id='word_1_397' title='bbox 2602 2686 2698 2756; x_wconf 92' lang='lat' dir='ltr'><strong>qui</strong></span> <span class='ocrx_word' id='word_1_398' title='bbox 2756 2688 2904 2740; x_wconf 84' lang='lat' dir='ltr'><strong>sec‘at</strong></span> <span class='ocrx_word' id='word_1_399' title='bbox 2938 2684 3036 2737; x_wconf 88' lang='lat' dir='ltr'>ea?</span> <span class='ocrx_word' id='word_1_400' title='bbox 3063 2690 3160 2737; x_wconf 88' lang='lat' dir='ltr'>aut</span> <span class='ocrx_word' id='word_1_401' title='bbox 3203 2681 3534 2737; x_wconf 80' lang='lat' dir='ltr'><strong>exaltabitur</strong></span> 
     </span>
    </p>
   </div>
   <div class='ocr_carea' id='block_1_56' title="bbox 1963 2769 3534 2844">
    <p class='ocr_par' dir='ltr' id='par_1_56' title="bbox 1963 2769 3534 2844">
     <span class='ocr_line' id='line_1_56' title="bbox 1963 2769 3534 2844; baseline -0.007 -12"><span class='ocrx_word' id='word_1_402' title='bbox 1963 2790 2116 2832; x_wconf 87' lang='lat' dir='ltr'><strong>serra</strong></span> <span class='ocrx_word' id='word_1_403' title='bbox 2176 2777 2296 2830; x_wconf 85' lang='lat' dir='ltr'><strong>sine</strong></span> <span class='ocrx_word' id='word_1_404' title='bbox 2357 2791 2424 2831; x_wconf 92' lang='lat' dir='ltr'><strong>eo</strong></span> <span class='ocrx_word' id='word_1_405' title='bbox 2469 2791 2500 2830; x_wconf 90' lang='lat' dir='ltr'>a</span> <span class='ocrx_word' id='word_1_406' title='bbox 2544 2790 2656 2844; x_wconf 90' lang='lat' dir='ltr'>quo</span> <span class='ocrx_word' id='word_1_407' title='bbox 2707 2772 3072 2828; x_wconf 64' lang='lat' dir='ltr'><strong>trahiturr?»</strong></span> <span class='ocrx_word' id='word_1_408' title='bbox 3115 2769 3211 2825; x_wconf 86' lang='lat' dir='ltr'><strong>His</strong></span> <span class='ocrx_word' id='word_1_409' title='bbox 3264 2784 3393 2824; x_wconf 88' lang='lat' dir='ltr'><strong>vero</strong></span> <span class='ocrx_word' id='word_1_410' title='bbox 3431 2782 3534 2821; x_wconf 90' lang='lat' dir='ltr'>nos</span> 
     </span>
    </p>
   </div>
   <div class='ocr_carea' id='block_1_57' title="bbox 1964 2858 3537 2932">
    <p class='ocr_par' dir='ltr' id='par_1_57' title="bbox 1964 2858 3537 2932">
     <span class='ocr_line' id='line_1_57' title="bbox 1964 2858 3537 2932; baseline -0.008 -9"><span class='ocrx_word' id='word_1_411' title='bbox 1964 2868 2225 2923; x_wconf 88' lang='lat' dir='ltr'><strong>admonet</strong></span> <span class='ocrx_word' id='word_1_412' title='bbox 2271 2883 2332 2923; x_wconf 89' lang='lat' dir='ltr'>se</span> <span class='ocrx_word' id='word_1_413' title='bbox 2368 2866 2687 2921; x_wconf 87' lang='lat' dir='ltr'><strong>hominibus</strong></span> <span class='ocrx_word' id='word_1_414' title='bbox 2727 2863 2934 2920; x_wconf 85' lang='lat' dir='ltr'><strong>inferre</strong></span> <span class='ocrx_word' id='word_1_415' title='bbox 2997 2862 3293 2932; x_wconf 84' lang='lat' dir='ltr'><strong>supplicia,</strong></span> <span class='ocrx_word' id='word_1_416' title='bbox 3339 2867 3394 2914; x_wconf 92' lang='lat' dir='ltr'><strong>et</strong></span> <span class='ocrx_word' id='word_1_417' title='bbox 3452 2858 3537 2912; x_wconf 91' lang='lat' dir='ltr'>in-</span> 
     </span>
    </p>
   </div>
   <div class='ocr_carea' id='block_1_58' title="bbox 1964 2948 3534 3021">
    <p class='ocr_par' dir='ltr' id='par_1_58' title="bbox 1964 2948 3534 3021">
     <span class='ocr_line' id='line_1_58' title="bbox 1964 2948 3534 3021; baseline -0.009 -7"><span class='ocrx_word' id='word_1_418' title='bbox 1964 2957 2290 3015; x_wconf 83' lang='lat' dir='ltr'><strong>strumentis</strong></span> <span class='ocrx_word' id='word_1_419' title='bbox 2322 2958 2389 3011; x_wconf 89' lang='lat' dir='ltr'>ad</span> <span class='ocrx_word' id='word_1_420' title='bbox 2420 2956 2523 3010; x_wconf 90' lang='lat' dir='ltr'>hoc</span> <span class='ocrx_word' id='word_1_421' title='bbox 2545 2954 2759 3010; x_wconf 86' lang='lat' dir='ltr'><strong>idoneis</strong></span> <span class='ocrx_word' id='word_1_422' title='bbox 2797 2953 2896 3010; x_wconf 85' lang='lat' dir='ltr'><strong>uti.</strong></span> <span class='ocrx_word' id='word_1_423' title='bbox 2927 2970 2946 3003; x_wconf 78' lang='lat'><strong>¢</strong></span> <span class='ocrx_word' id='word_1_424' title='bbox 2990 2951 3054 3005; x_wconf 84' lang='lat' dir='ltr'>Et</span> <span class='ocrx_word' id='word_1_425' title='bbox 3087 2949 3406 3021; x_wconf 79' lang='lat' dir='ltr'><strong>asportavil,</strong></span> <span class='ocrx_word' id='word_1_426' title='bbox 3447 2948 3534 3001; x_wconf 62' lang='lat' dir='ltr'>in-</span> 
     </span>
    </p>
   </div>
   <div class='ocr_carea' id='block_1_59' title="bbox 1965 3041 3537 3123">
    <p class='ocr_par' dir='ltr' id='par_1_59' title="bbox 1965 3041 3537 3123">
     <span class='ocr_line' id='line_1_59' title="bbox 1965 3041 3537 3123; baseline -0.009 -17"><span class='ocrx_word' id='word_1_427' title='bbox 1965 3052 2107 3123; x_wconf 87' lang='lat' dir='ltr'><strong>quit,</strong></span> <span class='ocrx_word' id='word_1_428' title='bbox 2141 3064 2204 3105; x_wconf 87' lang='lat' dir='ltr'>ea</span> <span class='ocrx_word' id='word_1_429' title='bbox 2240 3050 2297 3104; x_wconf 95' lang='lat' dir='ltr'>in</span> <span class='ocrx_word' id='word_1_430' title='bbox 2322 3056 2524 3104; x_wconf 89' lang='lat' dir='ltr'><strong>terram</strong></span> <span class='ocrx_word' id='word_1_431' title='bbox 2559 3045 2828 3109; x_wconf 81' lang='lat' dir='ltr'><strong>Scnnaar,</strong></span> <span class='ocrx_word' id='word_1_432' title='bbox 2863 3045 2918 3098; x_wconf 92' lang='lat' dir='ltr'><strong>in</strong></span> <span class='ocrx_word' id='word_1_433' title='bbox 2942 3043 3164 3098; x_wconf 89' lang='lat' dir='ltr'><strong>domum</strong></span> <span class='ocrx_word' id='word_1_434' title='bbox 3197 3041 3283 3096; x_wconf 90' lang='lat' dir='ltr'><strong>dei</strong></span> <span class='ocrx_word' id='word_1_435' title='bbox 3333 3041 3440 3105; x_wconf 88' lang='lat' dir='ltr'><strong>sui,</strong></span> <span class='ocrx_word' id='word_1_436' title='bbox 3481 3045 3537 3093; x_wconf 91' lang='lat' dir='ltr'><strong>ct</strong></span> 
     </span>
    </p>
   </div>
   <div class='ocr_carea' id='block_1_60' title="bbox 279 3131 1862 3226">
    <p class='ocr_par' dir='ltr' id='par_1_60' title="bbox 279 3133 1859 3226">
     <span class='ocr_line' id='line_1_60' title="bbox 279 3133 1859 3226; baseline 0.009 -40"><span class='ocrx_word' id='word_1_437' title='bbox 279 3135 366 3226; x_wconf 82' lang='grc' dir='ltr'>εἰς</span> <span class='ocrx_word' id='word_1_438' title='bbox 394 3133 498 3203; x_wconf 78' lang='grc' dir='ltr'>γῆν</span> <span class='ocrx_word' id='word_1_439' title='bbox 526 3135 789 3226; x_wconf 60' lang='grc' dir='ltr'>Σεινναάρ,</span> <span class='ocrx_word' id='word_1_440' title='bbox 819 3140 901 3202; x_wconf 89' lang='grc' dir='ltr'>εἰς</span> <span class='ocrx_word' id='word_1_441' title='bbox 927 3133 1076 3192; x_wconf 81' lang='grc' dir='ltr'>οἷκον</span> <span class='ocrx_word' id='word_1_442' title='bbox 1104 3138 1228 3192; x_wconf 89' lang='grc' dir='ltr'>θεοῦ</span> <span class='ocrx_word' id='word_1_443' title='bbox 1254 3141 1442 3205; x_wconf 81' lang='grc' dir='ltr'>αὑτοῦ,</span> <span class='ocrx_word' id='word_1_444' title='bbox 1472 3143 1568 3197; x_wconf 75' lang='grc' dir='ltr'>καὶ</span> <span class='ocrx_word' id='word_1_445' title='bbox 1593 3145 1661 3199; x_wconf 76' lang='grc' dir='ltr'>τὰ</span> <span class='ocrx_word' id='word_1_446' title='bbox 1692 3146 1859 3219; x_wconf 81' lang='grc' dir='ltr'>σκεύη</span> 
     </span>
    </p>
   </div>
   <div class='ocr_carea' id='block_1_61' title="bbox 1965 3131 3537 3226">
    <p class='ocr_par' dir='ltr' id='par_1_61' title="bbox 1965 3131 3537 3200">
     <span class='ocr_line' id='line_1_61' title="bbox 1965 3131 3537 3200; baseline -0.01 -1"><span class='ocrx_word' id='word_1_447' title='bbox 1965 3159 2097 3200; x_wconf 89' lang='lat' dir='ltr'><strong>vasa</strong></span> <span class='ocrx_word' id='word_1_448' title='bbox 2121 3142 2309 3198; x_wconf 89' lang='lat' dir='ltr'><strong>intulit</strong></span> <span class='ocrx_word' id='word_1_449' title='bbox 2338 3141 2394 3195; x_wconf 92' lang='lat' dir='ltr'>in</span> <span class='ocrx_word' id='word_1_450' title='bbox 2429 3140 2654 3194; x_wconf 88' lang='lat' dir='ltr'><strong>domum</strong></span> <span class='ocrx_word' id='word_1_451' title='bbox 2697 3135 2941 3191; x_wconf 88' lang='lat' dir='ltr'><strong>thesauri</strong></span> <span class='ocrx_word' id='word_1_452' title='bbox 2975 3134 3062 3190; x_wconf 91' lang='lat' dir='ltr'>dei</span> <span class='ocrx_word' id='word_1_453' title='bbox 3117 3133 3226 3189; x_wconf 91' lang='lat' dir='ltr'><strong>sui.</strong></span> <span class='ocrx_word' id='word_1_454' title='bbox 3266 3150 3284 3184; x_wconf 70' lang='grc' dir='ltr'>ι</span> <span class='ocrx_word' id='word_1_455' title='bbox 3328 3131 3537 3186; x_wconf 78' lang='lat' dir='ltr'><strong>Dixerit</strong></span> 
     </span>
    </p>
   </div>
   <div class='ocr_carea' id='block_1_62' title="bbox 281 3216 1859 3303">
    <p class='ocr_par' dir='ltr' id='par_1_62' title="bbox 281 3216 1859 3303">
     <span class='ocr_line' id='line_1_62' title="bbox 281 3216 1859 3303; baseline 0.009 -26"><span class='ocrx_word' id='word_1_456' title='bbox 281 3216 609 3295; x_wconf 72' lang='grc' dir='ltr'>εἰσήνεγκεν</span> <span class='ocrx_word' id='word_1_457' title='bbox 632 3229 712 3292; x_wconf 83' lang='grc' dir='ltr'>εἰς</span> <span class='ocrx_word' id='word_1_458' title='bbox 739 3225 889 3285; x_wconf 79' lang='grc' dir='ltr'>οἷκον</span> <span class='ocrx_word' id='word_1_459' title='bbox 916 3228 1009 3283; x_wconf 87' lang='grc' dir='ltr'>τοῦ</span> <span class='ocrx_word' id='word_1_460' title='bbox 1041 3232 1314 3303; x_wconf 85' lang='grc' dir='ltr'>θησαυροῦ</span> <span class='ocrx_word' id='word_1_461' title='bbox 1342 3233 1436 3286; x_wconf 89' lang='grc' dir='ltr'>τοῦ</span> <span class='ocrx_word' id='word_1_462' title='bbox 1469 3235 1592 3289; x_wconf 81' lang='grc' dir='ltr'>θεοῦ</span> <span class='ocrx_word' id='word_1_463' title='bbox 1627 3236 1813 3293; x_wconf 87' lang='grc' dir='ltr'>αὑτοῦ.</span> 
     </span>
    </p>
   </div>
   <div class='ocr_carea' id='block_1_63' title="bbox 283 3318 1863 3401">
    <p class='ocr_par' dir='ltr' id='par_1_63' title="bbox 283 3318 1863 3401">
     <span class='ocr_line' id='line_1_63' title="bbox 283 3318 1863 3401; baseline 0.01 -31"><span class='ocrx_word' id='word_1_464' title='bbox 283 3318 400 3371; x_wconf 73' lang='grc' dir='ltr'>Καὶ</span> <span class='ocrx_word' id='word_1_465' title='bbox 447 3318 579 3383; x_wconf 73' lang='grc' dir='ltr'>ἴσως</span> <span class='ocrx_word' id='word_1_466' title='bbox 630 3321 694 3376; x_wconf 81' lang='grc' dir='ltr'>ἄν</span> <span class='ocrx_word' id='word_1_467' title='bbox 738 3339 822 3386; x_wconf 87' lang='grc' dir='ltr'>τις</span> <span class='ocrx_word' id='word_1_468' title='bbox 869 3325 1032 3376; x_wconf 77' lang='grc' dir='ltr'>εἴποι·</span> <span class='ocrx_word' id='word_1_469' title='bbox 1065 3325 1130 3376; x_wconf 87' lang='grc' dir='ltr'>Τί</span> <span class='ocrx_word' id='word_1_470' title='bbox 1175 3325 1376 3397; x_wconf 82' lang='grc' dir='ltr'>δήποτε</span> <span class='ocrx_word' id='word_1_471' title='bbox 1415 3327 1523 3381; x_wconf 89' lang='grc' dir='ltr'>τῶν</span> <span class='ocrx_word' id='word_1_472' title='bbox 1560 3329 1863 3401; x_wconf 85' lang='grc' dir='ltr'>ἀνθρώπων</span> 
     </span>
    </p>
   </div>
   <div class='ocr_carea' id='block_1_64' title="bbox 286 3408 1865 3492">
    <p class='ocr_par' dir='ltr' id='par_1_64' title="bbox 286 3408 1865 3492">
     <span class='ocr_line' id='line_1_64' title="bbox 286 3408 1865 3492; baseline 0.012 -33"><span class='ocrx_word' id='word_1_473' title='bbox 286 3408 713 3482; x_wconf 72' lang='grc' dir='ltr'>ἡμαρτηκότων,</span> <span class='ocrx_word' id='word_1_474' title='bbox 764 3413 834 3465; x_wconf 80' lang='grc' dir='ltr'>τὰ</span> <span class='ocrx_word' id='word_1_475' title='bbox 863 3414 994 3482; x_wconf 77' lang='grc' dir='ltr'>ἅγια</span> <span class='ocrx_word' id='word_1_476' title='bbox 1030 3414 1218 3486; x_wconf 82' lang='grc' dir='ltr'>σκεύη,</span> <span class='ocrx_word' id='word_1_477' title='bbox 1250 3417 1320 3470; x_wconf 77' lang='grc' dir='ltr'>τὰ</span> <span class='ocrx_word' id='word_1_478' title='bbox 1361 3418 1440 3488; x_wconf 80' lang='grc' dir='ltr'>τῷ</span> <span class='ocrx_word' id='word_1_479' title='bbox 1485 3419 1605 3492; x_wconf 82' lang='grc' dir='ltr'>Θεῷ</span> <span class='ocrx_word' id='word_1_480' title='bbox 1642 3424 1865 3477; x_wconf 87' lang='grc' dir='ltr'>ἀνακεί-</span> 
     </span>
    </p>
   </div>
   <div class='ocr_carea' id='block_1_65' title="bbox 290 3502 1865 3583">
    <p class='ocr_par' dir='ltr' id='par_1_65' title="bbox 290 3502 1865 3583">
     <span class='ocr_line' id='line_1_65' title="bbox 290 3502 1865 3583; baseline 0.011 -31"><span class='ocrx_word' id='word_1_481' title='bbox 290 3514 452 3569; x_wconf 80' lang='grc' dir='ltr'>μενα,</span> <span class='ocrx_word' id='word_1_482' title='bbox 501 3502 773 3574; x_wconf 84' lang='grc' dir='ltr'>παρεδόθη</span> <span class='ocrx_word' id='word_1_483' title='bbox 810 3505 1129 3561; x_wconf 79' lang='grc' dir='ltr'>δυσσεϐέσιν</span> <span class='ocrx_word' id='word_1_484' title='bbox 1158 3509 1200 3541; x_wconf 83' lang='grc'>¹¹</span> <span class='ocrx_word' id='word_1_485' title='bbox 1249 3510 1592 3583; x_wconf 86' lang='grc' dir='ltr'>ἀνθρώποις;</span> <span class='ocrx_word' id='word_1_486' title='bbox 1638 3516 1775 3569; x_wconf 76' lang='grc' dir='ltr'>Φασί</span> <span class='ocrx_word' id='word_1_487' title='bbox 1805 3516 1865 3570; x_wconf 81' lang='grc' dir='ltr'>δὲ</span> 
     </span>
    </p>
   </div>
   <div class='ocr_carea' id='block_1_66' title="bbox 285 3590 1868 3674">
    <p class='ocr_par' dir='ltr' id='par_1_66' title="bbox 285 3590 1868 3674">
     <span class='ocr_line' id='line_1_66' title="bbox 285 3590 1868 3674; baseline 0.009 -31"><span class='ocrx_word' id='word_1_488' title='bbox 285 3590 464 3645; x_wconf 82' lang='grc' dir='ltr'>ταῦτα</span> <span class='ocrx_word' id='word_1_489' title='bbox 498 3594 547 3647; x_wconf 90' lang='grc' dir='ltr'>οἰ</span> <span class='ocrx_word' id='word_1_490' title='bbox 575 3595 691 3648; x_wconf 85' lang='grc' dir='ltr'>τῶν</span> <span class='ocrx_word' id='word_1_491' title='bbox 714 3595 874 3650; x_wconf 88' lang='grc' dir='ltr'>θείων</span> <span class='ocrx_word' id='word_1_492' title='bbox 906 3590 1229 3670; x_wconf 76' lang='grc' dir='ltr'>οἰκονομιῶν</span> <span class='ocrx_word' id='word_1_493' title='bbox 1260 3602 1354 3655; x_wconf 81' lang='grc' dir='ltr'>τὸν</span> <span class='ocrx_word' id='word_1_494' title='bbox 1385 3605 1584 3657; x_wconf 82' lang='grc' dir='ltr'>σκοπὸν</span> <span class='ocrx_word' id='word_1_495' title='bbox 1610 3606 1868 3674; x_wconf 85' lang='grc' dir='ltr'>ἀγνοοῦν-</span> 
     </span>
    </p>
   </div>
   <div class='ocr_carea' id='block_1_67' title="bbox 286 3680 1862 3764">
    <p class='ocr_par' dir='ltr' id='par_1_67' title="bbox 286 3680 1862 3764">
     <span class='ocr_line' id='line_1_67' title="bbox 286 3680 1862 3764; baseline 0.01 -29"><span class='ocrx_word' id='word_1_496' title='bbox 286 3696 404 3746; x_wconf 84' lang='grc' dir='ltr'>τες.</span> <span class='ocrx_word' id='word_1_497' title='bbox 456 3700 476 3734; x_wconf 74' lang='grc' dir='ltr'>ι</span> <span class='ocrx_word' id='word_1_498' title='bbox 505 3680 748 3756; x_wconf 76' lang='grc' dir='ltr'>Ψυχικὺς</span> <span class='ocrx_word' id='word_1_499' title='bbox 792 3689 901 3761; x_wconf 79' lang='grc' dir='ltr'>γὰρ</span> <span class='ocrx_word' id='word_1_500' title='bbox 955 3689 1243 3762; x_wconf 82' lang='grc' dir='ltr'>ἄνθρωπος</span> <span class='ocrx_word' id='word_1_501' title='bbox 1289 3695 1349 3746; x_wconf 80' lang='grc' dir='ltr'>οὐ</span> <span class='ocrx_word' id='word_1_502' title='bbox 1401 3695 1613 3764; x_wconf 77' lang='grc' dir='ltr'>δέχεται</span> <span class='ocrx_word' id='word_1_503' title='bbox 1653 3698 1723 3751; x_wconf 78' lang='grc' dir='ltr'>τὰ</span> <span class='ocrx_word' id='word_1_504' title='bbox 1770 3698 1862 3751; x_wconf 86' lang='grc' dir='ltr'>τοῦ</span> 
     </span>
    </p>
   </div>
   <div class='ocr_carea' id='block_1_68' title="bbox 287 3774 1865 3856">
    <p class='ocr_par' dir='ltr' id='par_1_68' title="bbox 287 3774 1865 3856">
     <span class='ocr_line' id='line_1_68' title="bbox 287 3774 1865 3856; baseline 0.009 -29"><span class='ocrx_word' id='word_1_505' title='bbox 287 3774 608 3846; x_wconf 83' lang='grc' dir='ltr'>Πνεύματος</span> <span class='ocrx_word' id='word_1_506' title='bbox 643 3780 736 3833; x_wconf 88' lang='grc' dir='ltr'>τοῦ</span> <span class='ocrx_word' id='word_1_507' title='bbox 769 3782 905 3836; x_wconf 84' lang='grc' dir='ltr'>Θεοῦ</span> <span class='ocrx_word' id='word_1_508' title='bbox 928 3801 942 3815; x_wconf 88' lang='grc'><strong>·</strong></span> <span class='ocrx_word' id='word_1_509' title='bbox 990 3784 1172 3854; x_wconf 78' lang='grc' dir='ltr'>μωρία</span> <span class='ocrx_word' id='word_1_510' title='bbox 1201 3786 1308 3856; x_wconf 73' lang='grc' dir='ltr'>γὰρ</span> <span class='ocrx_word' id='word_1_511' title='bbox 1341 3786 1490 3856; x_wconf 77' lang='grc' dir='ltr'>αὐτῷ</span> <span class='ocrx_word' id='word_1_512' title='bbox 1524 3788 1672 3841; x_wconf 80' lang='grc' dir='ltr'>ἐστιν</span> <span class='ocrx_word' id='word_1_513' title='bbox 1697 3805 1710 3818; x_wconf 69' lang='grc' dir='ltr'><strong>ο</strong></span> <span class='ocrx_word' id='word_1_514' title='bbox 1753 3790 1782 3841; x_wconf 85' lang='grc' dir='ltr'>ὁ</span> <span class='ocrx_word' id='word_1_515' title='bbox 1809 3789 1865 3842; x_wconf 84' lang='grc' dir='ltr'>δὲ</span> 
     </span>
    </p>
   </div>
   <div class='ocr_carea' id='block_1_69' title="bbox 288 3870 1866 3946">
    <p class='ocr_par' dir='ltr' id='par_1_69' title="bbox 288 3870 1866 3946">
     <span class='ocr_line' id='line_1_69' title="bbox 288 3870 1866 3946; baseline 0.011 -28"><span class='ocrx_word' id='word_1_516' title='bbox 288 3870 664 3938; x_wconf 71' lang='grc' dir='ltr'>πνευματικὸς</span> <span class='ocrx_word' id='word_1_517' title='bbox 710 3873 993 3946; x_wconf 85' lang='grc' dir='ltr'>ἀνακρίνει</span> <span class='ocrx_word' id='word_1_518' title='bbox 1033 3877 1291 3942; x_wconf 85' lang='grc' dir='ltr'>πάντα¹⁸,</span> <span class='ocrx_word' id='word_1_519' title='bbox 1338 3899 1357 3932; x_wconf 71' lang='grc' dir='ltr'>ι</span> <span class='ocrx_word' id='word_1_520' title='bbox 1409 3880 1549 3933; x_wconf 81' lang='grc' dir='ltr'>κατὰ</span> <span class='ocrx_word' id='word_1_521' title='bbox 1594 3881 1684 3934; x_wconf 80' lang='grc' dir='ltr'>τὸν</span> <span class='ocrx_word' id='word_1_522' title='bbox 1726 3880 1866 3936; x_wconf 81' lang='grc' dir='ltr'>θεῖον</span> 
     </span>
    </p>
   </div>
   <div class='ocr_carea' id='block_1_70' title="bbox 301 3956 1868 4044">
    <p class='ocr_par' dir='ltr' id='par_1_70' title="bbox 301 3956 1868 4044">
     <span class='ocr_line' id='line_1_70' title="bbox 301 3956 1868 4044; baseline 0.01 -32"><span class='ocrx_word' id='word_1_523' title='bbox 301 3956 627 4017; x_wconf 80' lang='grc' dir='ltr'>’Δπόστολον</span> <span class='ocrx_word' id='word_1_524' title='bbox 647 3979 661 3995; x_wconf 77' lang='grc' dir='ltr'><strong><em>ο</em></strong></span> <span class='ocrx_word' id='word_1_525' title='bbox 693 3965 787 4019; x_wconf 74' lang='grc' dir='ltr'>καὶ</span> <span class='ocrx_word' id='word_1_526' title='bbox 814 3968 1104 4022; x_wconf 80' lang='grc' dir='ltr'>πέπεισται</span> <span class='ocrx_word' id='word_1_527' title='bbox 1137 3970 1233 4040; x_wconf 81' lang='grc' dir='ltr'>μὲν</span> <span class='ocrx_word' id='word_1_528' title='bbox 1286 3971 1366 4025; x_wconf 81' lang='grc' dir='ltr'>ὅτι</span> <span class='ocrx_word' id='word_1_529' title='bbox 1393 3973 1567 4044; x_wconf 83' lang='grc' dir='ltr'>μάτην</span> <span class='ocrx_word' id='word_1_530' title='bbox 1591 3973 1742 4028; x_wconf 80' lang='grc' dir='ltr'>οὐδὲν</span> <span class='ocrx_word' id='word_1_531' title='bbox 1762 3975 1868 4028; x_wconf 79' lang='grc' dir='ltr'>ὑπὸ</span> 
     </span>
    </p>
   </div>
   <div class='ocr_carea' id='block_1_71' title="bbox 288 4048 1868 4136">
    <p class='ocr_par' dir='ltr' id='par_1_71' title="bbox 288 4048 1868 4136">
     <span class='ocr_line' id='line_1_71' title="bbox 288 4048 1868 4136; baseline 0.012 -35"><span class='ocrx_word' id='word_1_532' title='bbox 288 4050 390 4121; x_wconf 78' lang='grc' dir='ltr'>τῆς</span> <span class='ocrx_word' id='word_1_533' title='bbox 421 4048 574 4136; x_wconf 82' lang='grc' dir='ltr'>θείας</span> <span class='ocrx_word' id='word_1_534' title='bbox 613 4056 954 4127; x_wconf 85' lang='grc' dir='ltr'>προμηθείας</span> <span class='ocrx_word' id='word_1_535' title='bbox 985 4061 1369 4130; x_wconf 76' lang='grc' dir='ltr'>οἰκονομεῖται,</span> <span class='ocrx_word' id='word_1_536' title='bbox 1407 4064 1777 4135; x_wconf 82' lang='grc' dir='ltr'>φωτιζόμενος</span> <span class='ocrx_word' id='word_1_537' title='bbox 1811 4067 1868 4121; x_wconf 81' lang='grc' dir='ltr'>δὲ</span> 
     </span>
    </p>
   </div>
   <div class='ocr_carea' id='block_1_72' title="bbox 289 4142 1863 4228">
    <p class='ocr_par' dir='ltr' id='par_1_72' title="bbox 289 4142 1863 4228">
     <span class='ocr_line' id='line_1_72' title="bbox 289 4142 1863 4228; baseline 0.01 -33"><span class='ocrx_word' id='word_1_538' title='bbox 289 4142 398 4196; x_wconf 79' lang='grc' dir='ltr'>ὑπὸ</span> <span class='ocrx_word' id='word_1_539' title='bbox 419 4143 515 4197; x_wconf 87' lang='grc' dir='ltr'>τοῦ</span> <span class='ocrx_word' id='word_1_540' title='bbox 547 4144 691 4200; x_wconf 87' lang='grc' dir='ltr'>θείου</span> <span class='ocrx_word' id='word_1_541' title='bbox 720 4149 1055 4218; x_wconf 86' lang='grc' dir='ltr'>Πνεύματος,</span> <span class='ocrx_word' id='word_1_542' title='bbox 1087 4154 1182 4207; x_wconf 70' lang='grc' dir='ltr'>καὶ</span> <span class='ocrx_word' id='word_1_543' title='bbox 1214 4156 1313 4218; x_wconf 68' lang='grc' dir='ltr'>τὰς</span> <span class='ocrx_word' id='word_1_544' title='bbox 1346 4156 1528 4219; x_wconf 82' lang='grc' dir='ltr'>αἰτίας</span> <span class='ocrx_word' id='word_1_545' title='bbox 1561 4157 1863 4228; x_wconf 84' lang='grc' dir='ltr'>μανθάνει·</span> 
     </span>
    </p>
   </div>
   <div class='ocr_carea' id='block_1_73' title="bbox 289 4231 1866 4320">
    <p class='ocr_par' dir='ltr' id='par_1_73' title="bbox 289 4231 1866 4320">
     <span class='ocr_line' id='line_1_73' title="bbox 289 4231 1866 4320; baseline 0.011 -34"><span class='ocrx_word' id='word_1_546' title='bbox 289 4231 481 4307; x_wconf 81' lang='grc' dir='ltr'>ὥσπερ</span> <span class='ocrx_word' id='word_1_547' title='bbox 508 4237 703 4307; x_wconf 82' lang='grc' dir='ltr'>ἀμέλει</span> <span class='ocrx_word' id='word_1_548' title='bbox 733 4241 828 4293; x_wconf 77' lang='grc' dir='ltr'>καὶ</span> <span class='ocrx_word' id='word_1_549' title='bbox 855 4241 916 4294; x_wconf 73' lang='grc' dir='ltr'>τὸ</span> <span class='ocrx_word' id='word_1_550' title='bbox 944 4243 1038 4296; x_wconf 89' lang='grc' dir='ltr'>νῦν</span> <span class='ocrx_word' id='word_1_551' title='bbox 1088 4243 1420 4316; x_wconf 80' lang='grc' dir='ltr'>ζητούμενον</span> <span class='ocrx_word' id='word_1_552' title='bbox 1464 4247 1579 4301; x_wconf 76' lang='grc' dir='ltr'>ἐστι</span> <span class='ocrx_word' id='word_1_553' title='bbox 1614 4266 1866 4320; x_wconf 88' lang='grc' dir='ltr'>καταμα-</span> 
     </span>
    </p>
   </div>
   <div class='ocr_carea' id='block_1_74' title="bbox 290 4322 1868 4414">
    <p class='ocr_par' dir='ltr' id='par_1_74' title="bbox 290 4322 1868 4414">
     <span class='ocr_line' id='line_1_74' title="bbox 290 4322 1868 4414; baseline 0.011 -37"><span class='ocrx_word' id='word_1_554' title='bbox 290 4322 406 4378; x_wconf 80' lang='grc' dir='ltr'>θεῖν</span> <span class='ocrx_word' id='word_1_555' title='bbox 437 4327 529 4381; x_wconf 74' lang='grc' dir='ltr'>τὸν</span> <span class='ocrx_word' id='word_1_556' title='bbox 575 4335 960 4403; x_wconf 83' lang='grc' dir='ltr'>πνευματικῶς</span> <span class='ocrx_word' id='word_1_557' title='bbox 993 4338 1133 4389; x_wconf 82' lang='grc' dir='ltr'>νοεῖν</span> <span class='ocrx_word' id='word_1_558' title='bbox 1176 4338 1629 4409; x_wconf 74' lang='grc' dir='ltr'>προαιρούμενον.</span> <span class='ocrx_word' id='word_1_559' title='bbox 1694 4342 1868 4414; x_wconf 79' lang='grc' dir='ltr'>Πολλὴ</span> 
     </span>
    </p>
   </div>
   <div class='ocr_carea' id='block_1_75' title="bbox 288 4417 1869 4502">
    <p class='ocr_par' dir='ltr' id='par_1_75' title="bbox 288 4417 1869 4502">
     <span class='ocr_line' id='line_1_75' title="bbox 288 4417 1869 4502; baseline 0.01 -32"><span class='ocrx_word' id='word_1_560' title='bbox 288 4417 404 4490; x_wconf 81' lang='grc' dir='ltr'>γὰρ</span> <span class='ocrx_word' id='word_1_561' title='bbox 448 4419 699 4477; x_wconf 77' lang='grc' dir='ltr'>ἐντεῦθεν</span> <span class='ocrx_word' id='word_1_562' title='bbox 729 4425 915 4495; x_wconf 56' lang='grc' dir='ltr'>οὐχὶίἰ</span> <span class='ocrx_word' id='word_1_563' title='bbox 964 4428 1242 4494; x_wconf 84' lang='grc' dir='ltr'>Ἰουδαίοις</span> <span class='ocrx_word' id='word_1_564' title='bbox 1289 4431 1447 4502; x_wconf 87' lang='grc' dir='ltr'>μόνον</span> <span class='ocrx_word' id='word_1_565' title='bbox 1476 4432 1540 4497; x_wconf 77' lang='grc'>³⁸,</span> <span class='ocrx_word' id='word_1_566' title='bbox 1588 4432 1726 4487; x_wconf 86' lang='grc' dir='ltr'>ἀλλά</span> <span class='ocrx_word' id='word_1_567' title='bbox 1773 4435 1869 4488; x_wconf 76' lang='grc' dir='ltr'>καὶ</span> 
     </span>
    </p>
   </div>
   <div class='ocr_carea' id='block_1_76' title="bbox 1966 3225 3538 3302">
    <p class='ocr_par' dir='ltr' id='par_1_76' title="bbox 1966 3225 3538 3302">
     <span class='ocr_line' id='line_1_76' title="bbox 1966 3225 3538 3302; baseline -0.008 -13"><span class='ocrx_word' id='word_1_568' title='bbox 1966 3234 2203 3291; x_wconf 83' lang='lat' dir='ltr'><strong>fortasse</strong></span> <span class='ocrx_word' id='word_1_569' title='bbox 2226 3232 2447 3302; x_wconf 91' lang='lat' dir='ltr'><strong>aliquis,</strong></span> <span class='ocrx_word' id='word_1_570' title='bbox 2467 3245 2591 3293; x_wconf 88' lang='lat' dir='ltr'><strong>cur,</strong></span> <span class='ocrx_word' id='word_1_571' title='bbox 2613 3243 2738 3284; x_wconf 91' lang='lat' dir='ltr'>cum</span> <span class='ocrx_word' id='word_1_572' title='bbox 2770 3228 3024 3282; x_wconf 87' lang='lat' dir='ltr'><strong>homines</strong></span> <span class='ocrx_word' id='word_1_573' title='bbox 3056 3225 3367 3297; x_wconf 87' lang='lat' dir='ltr'><strong>peccarint,</strong></span> <span class='ocrx_word' id='word_1_574' title='bbox 3402 3237 3538 3279; x_wconf 82' lang='lat' dir='ltr'><strong>san-</strong></span> 
     </span>
    </p>
   </div>
   <div class='ocr_carea' id='block_1_77' title="bbox 1964 3315 3538 3390">
    <p class='ocr_par' dir='ltr' id='par_1_77' title="bbox 1964 3315 3538 3390">
     <span class='ocr_line' id='line_1_77' title="bbox 1964 3315 3538 3390; baseline -0.009 -8"><span class='ocrx_word' id='word_1_575' title='bbox 1964 3337 2052 3382; x_wconf 91' lang='lat' dir='ltr'>cta</span> <span class='ocrx_word' id='word_1_576' title='bbox 2092 3341 2222 3381; x_wconf 88' lang='lat' dir='ltr'><strong>vasa</strong></span> <span class='ocrx_word' id='word_1_577' title='bbox 2270 3324 2378 3379; x_wconf 86' lang='lat' dir='ltr'><strong>Deo</strong></span> <span class='ocrx_word' id='word_1_578' title='bbox 2416 3323 2673 3378; x_wconf 86' lang='lat' dir='ltr'><strong>dedicata</strong></span> <span class='ocrx_word' id='word_1_579' title='bbox 2723 3319 2909 3390; x_wconf 83' lang='lat' dir='ltr'><strong>impiis</strong></span> <span class='ocrx_word' id='word_1_580' title='bbox 2956 3317 3274 3372; x_wconf 84' lang='lat' dir='ltr'><strong>hominibus</strong></span> <span class='ocrx_word' id='word_1_581' title='bbox 3336 3315 3538 3369; x_wconf 87' lang='lat' dir='ltr'><strong>tradita</strong></span> 
     </span>
    </p>
   </div>
   <div class='ocr_carea' id='block_1_78' title="bbox 1968 3406 3538 3481">
    <p class='ocr_par' dir='ltr' id='par_1_78' title="bbox 1968 3406 3538 3481">
     <span class='ocr_line' id='line_1_78' title="bbox 1968 3406 3538 3481; baseline -0.01 -6"><span class='ocrx_word' id='word_1_582' title='bbox 1968 3419 2124 3475; x_wconf 82' lang='lat' dir='ltr'><strong>sint?</strong></span> <span class='ocrx_word' id='word_1_583' title='bbox 2158 3419 2359 3474; x_wconf 76' lang='lat' dir='ltr'><strong>Verum</strong></span> <span class='ocrx_word' id='word_1_584' title='bbox 2389 3416 2502 3469; x_wconf 61' lang='lat' dir='ltr'><strong>haec</strong></span> <span class='ocrx_word' id='word_1_585' title='bbox 2538 3415 2696 3469; x_wconf 86' lang='lat' dir='ltr'><strong>aiunt</strong></span> <span class='ocrx_word' id='word_1_586' title='bbox 2737 3412 2798 3478; x_wconf 88' lang='lat' dir='ltr'>ii,</span> <span class='ocrx_word' id='word_1_587' title='bbox 2845 3411 3053 3481; x_wconf 84' lang='lat' dir='ltr'><strong>quibus</strong></span> <span class='ocrx_word' id='word_1_588' title='bbox 3097 3408 3298 3462; x_wconf 73' lang='lat' dir='ltr'><strong>divina:</strong></span> <span class='ocrx_word' id='word_1_589' title='bbox 3354 3406 3538 3477; x_wconf 78' lang='lat' dir='ltr'><strong>provi-</strong></span> 
     </span>
    </p>
   </div>
   <div class='ocr_carea' id='block_1_79' title="bbox 1965 3497 3536 3579">
    <p class='ocr_par' dir='ltr' id='par_1_79' title="bbox 1965 3497 3536 3579">
     <span class='ocr_line' id='line_1_79' title="bbox 1965 3497 3536 3579; baseline -0.01 -12"><span class='ocrx_word' id='word_1_590' title='bbox 1965 3512 2168 3567; x_wconf 60' lang='lat' dir='ltr'><strong>dentia!</strong></span> <span class='ocrx_word' id='word_1_591' title='bbox 2225 3523 2428 3579; x_wconf 87' lang='lat' dir='ltr'><strong>scopus</strong></span> <span class='ocrx_word' id='word_1_592' title='bbox 2470 3507 2781 3576; x_wconf 83' lang='lat' dir='ltr'><strong>incognitus</strong></span> <span class='ocrx_word' id='word_1_593' title='bbox 2826 3511 2931 3558; x_wconf 91' lang='lat' dir='ltr'><strong>est.</strong></span> <span class='ocrx_word' id='word_1_594' title='bbox 2998 3521 3017 3554; x_wconf 77' lang='grc' dir='ltr'>ι</span> <span class='ocrx_word' id='word_1_595' title='bbox 3073 3498 3342 3554; x_wconf 79' lang='lat' dir='ltr'><strong>Animalis</strong></span> <span class='ocrx_word' id='word_1_596' title='bbox 3388 3497 3536 3552; x_wconf 89' lang='lat' dir='ltr'><strong>enim</strong></span> 
     </span>
    </p>
   </div>
   <div class='ocr_carea' id='block_1_80' title="bbox 1967 3588 3538 3672">
    <p class='ocr_par' dir='ltr' id='par_1_80' title="bbox 1967 3588 3538 3672">
     <span class='ocr_line' id='line_1_80' title="bbox 1967 3588 3538 3672; baseline -0.01 -14"><span class='ocrx_word' id='word_1_597' title='bbox 1967 3603 2131 3658; x_wconf 88' lang='lat' dir='ltr'><strong>homo</strong></span> <span class='ocrx_word' id='word_1_598' title='bbox 2165 3615 2274 3655; x_wconf 89' lang='lat' dir='ltr'>non</span> <span class='ocrx_word' id='word_1_599' title='bbox 2304 3598 2544 3672; x_wconf 84' lang='lat' dir='ltr'><strong>percipit</strong></span> <span class='ocrx_word' id='word_1_600' title='bbox 2576 3611 2638 3651; x_wconf 89' lang='lat' dir='ltr'>ca</span> <span class='ocrx_word' id='word_1_601' title='bbox 2668 3611 2789 3666; x_wconf 78' lang='lat' dir='ltr'><strong>qua:</strong></span> <span class='ocrx_word' id='word_1_602' title='bbox 2817 3601 2947 3649; x_wconf 89' lang='lat' dir='ltr'><strong>sunt</strong></span> <span class='ocrx_word' id='word_1_603' title='bbox 2977 3593 3218 3662; x_wconf 86' lang='lat' dir='ltr'><strong>Spiritus</strong></span> <span class='ocrx_word' id='word_1_604' title='bbox 3249 3588 3378 3657; x_wconf 85' lang='lat' dir='ltr'><strong>Dei;</strong></span> <span class='ocrx_word' id='word_1_605' title='bbox 3402 3589 3538 3643; x_wconf 82' lang='lat' dir='ltr'><strong>stul-</strong></span> 
     </span>
    </p>
   </div>
   <div class='ocr_carea' id='block_1_81' title="bbox 1965 3679 3535 3759">
    <p class='ocr_par' dir='ltr' id='par_1_81' title="bbox 1965 3679 3535 3759">
     <span class='ocr_line' id='line_1_81' title="bbox 1965 3679 3535 3759; baseline -0.011 -8"><span class='ocrx_word' id='word_1_606' title='bbox 1965 3695 2091 3751; x_wconf 89' lang='lat' dir='ltr'><strong>titia</strong></span> <span class='ocrx_word' id='word_1_607' title='bbox 2126 3694 2271 3749; x_wconf 88' lang='lat' dir='ltr'><strong>enim</strong></span> <span class='ocrx_word' id='word_1_608' title='bbox 2314 3700 2397 3748; x_wconf 91' lang='lat' dir='ltr'>est</span> <span class='ocrx_word' id='word_1_609' title='bbox 2431 3690 2542 3757; x_wconf 85' lang='lat' dir='ltr'><strong>illi;</strong></span> <span class='ocrx_word' id='word_1_610' title='bbox 2573 3687 2875 3759; x_wconf 87' lang='lat' dir='ltr'><strong>spiritualis</strong></span> <span class='ocrx_word' id='word_1_611' title='bbox 2918 3693 3124 3750; x_wconf 90' lang='lat' dir='ltr'><strong>autem,</strong></span> <span class='ocrx_word' id='word_1_612' title='bbox 3166 3701 3186 3735; x_wconf 76' lang='grc' dir='ltr'>ι</span> <span class='ocrx_word' id='word_1_613' title='bbox 3233 3679 3535 3736; x_wconf 82' lang='lat' dir='ltr'><strong>secundum</strong></span> 
     </span>
    </p>
   </div>
   <div class='ocr_carea' id='block_1_82' title="bbox 1967 3773 3536 3854">
    <p class='ocr_par' dir='ltr' id='par_1_82' title="bbox 1967 3773 3536 3854">
     <span class='ocr_line' id='line_1_82' title="bbox 1967 3773 3536 3854; baseline -0.012 -11"><span class='ocrx_word' id='word_1_614' title='bbox 1967 3789 2215 3843; x_wconf 87' lang='lat' dir='ltr'><strong>divinum</strong></span> <span class='ocrx_word' id='word_1_615' title='bbox 2242 3782 2584 3854; x_wconf 78' lang='lat' dir='ltr'><strong>Apostolum,</strong></span> <span class='ocrx_word' id='word_1_616' title='bbox 2610 3800 2628 3831; x_wconf 76' lang='grc' dir='ltr'>ι</span> <span class='ocrx_word' id='word_1_617' title='bbox 2655 3779 2866 3851; x_wconf 86' lang='lat' dir='ltr'><strong>judicat</strong></span> <span class='ocrx_word' id='word_1_618' title='bbox 2882 3776 3065 3831; x_wconf 88' lang='lat' dir='ltr'><strong>omnia</strong></span> <span class='ocrx_word' id='word_1_619' title='bbox 3088 3785 3141 3840; x_wconf 72' lang='grc' dir='ltr'>εἰ,</span> <span class='ocrx_word' id='word_1_620' title='bbox 3174 3793 3194 3827; x_wconf 75' lang='grc' dir='ltr'>ι</span> <span class='ocrx_word' id='word_1_621' title='bbox 3215 3773 3536 3842; x_wconf 76' lang='lat' dir='ltr'><strong>ctcxplora-</strong></span> 
     </span>
    </p>
   </div>
   <div class='ocr_carea' id='block_1_83' title="bbox 1966 3863 3539 3942">
    <p class='ocr_par' dir='ltr' id='par_1_83' title="bbox 1966 3863 3539 3942">
     <span class='ocr_line' id='line_1_83' title="bbox 1966 3863 3539 3942; baseline -0.011 -8"><span class='ocrx_word' id='word_1_622' title='bbox 1966 3887 2082 3934; x_wconf 90' lang='lat' dir='ltr'>tum</span> <span class='ocrx_word' id='word_1_623' title='bbox 2131 3878 2294 3933; x_wconf 87' lang='lat' dir='ltr'><strong>habet</strong></span> <span class='ocrx_word' id='word_1_624' title='bbox 2353 3892 2383 3930; x_wconf 92' lang='lat' dir='ltr'>a</span> <span class='ocrx_word' id='word_1_625' title='bbox 2435 3875 2620 3930; x_wconf 88' lang='lat' dir='ltr'><strong>divina</strong></span> <span class='ocrx_word' id='word_1_626' title='bbox 2695 3869 3041 3942; x_wconf 80' lang='lat' dir='ltr'><strong>providentia</strong></span> <span class='ocrx_word' id='word_1_627' title='bbox 3117 3866 3254 3921; x_wconf 88' lang='lat' dir='ltr'><strong>nihil</strong></span> <span class='ocrx_word' id='word_1_628' title='bbox 3329 3863 3539 3919; x_wconf 81' lang='lat' dir='ltr'><strong>frustra</strong></span> 
     </span>
    </p>
   </div>
   <div class='ocr_carea' id='block_1_84' title="bbox 1967 3955 3538 4027">
    <p class='ocr_par' dir='ltr' id='par_1_84' title="bbox 1967 3955 3538 4027">
     <span class='ocr_line' id='line_1_84' title="bbox 1967 3955 3538 4027; baseline -0.009 -6"><span class='ocrx_word' id='word_1_629' title='bbox 1967 3964 2391 4022; x_wconf 87' lang='lat' dir='ltr'><strong>administrari:</strong></span> <span class='ocrx_word' id='word_1_630' title='bbox 2426 3979 2456 4018; x_wconf 89' lang='lat' dir='ltr'>a</span> <span class='ocrx_word' id='word_1_631' title='bbox 2497 3962 2685 4018; x_wconf 86' lang='lat' dir='ltr'><strong>divino</strong></span> <span class='ocrx_word' id='word_1_632' title='bbox 2735 3968 2916 4013; x_wconf 89' lang='lat' dir='ltr'><strong>autem</strong></span> <span class='ocrx_word' id='word_1_633' title='bbox 2973 3957 3185 4027; x_wconf 86' lang='lat' dir='ltr'><strong>Spiritu</strong></span> <span class='ocrx_word' id='word_1_634' title='bbox 3231 3955 3538 4010; x_wconf 88' lang='lat' dir='ltr'><strong>illustratus</strong></span> 
     </span>
    </p>
   </div>
   <div class='ocr_carea' id='block_1_85' title="bbox 1966 4045 3540 4123">
    <p class='ocr_par' dir='ltr' id='par_1_85' title="bbox 1966 4045 3540 4123">
     <span class='ocr_line' id='line_1_85' title="bbox 1966 4045 3540 4123; baseline -0.01 -9"><span class='ocrx_word' id='word_1_635' title='bbox 1966 4058 2131 4114; x_wconf 88' lang='lat' dir='ltr'><strong>etiam</strong></span> <span class='ocrx_word' id='word_1_636' title='bbox 2184 4070 2384 4110; x_wconf 89' lang='lat' dir='ltr'><strong>causas</strong></span> <span class='ocrx_word' id='word_1_637' title='bbox 2451 4050 2749 4123; x_wconf 88' lang='lat' dir='ltr'><strong>perdiscit;</strong></span> <span class='ocrx_word' id='word_1_638' title='bbox 2794 4048 3067 4118; x_wconf 83' lang='lat' dir='ltr'><strong>siquidem</strong></span> <span class='ocrx_word' id='word_1_639' title='bbox 3124 4045 3257 4100; x_wconf 85' lang='lat' dir='ltr'><strong>illud</strong></span> <span class='ocrx_word' id='word_1_640' title='bbox 3322 4059 3540 4114; x_wconf 83' lang='lat' dir='ltr'><strong>quoque</strong></span> 
     </span>
    </p>
   </div>
   <div class='ocr_carea' id='block_1_86' title="bbox 1969 4134 3539 4220">
    <p class='ocr_par' dir='ltr' id='par_1_86' title="bbox 1969 4134 3539 4220">
     <span class='ocr_line' id='line_1_86' title="bbox 1969 4134 3539 4220; baseline -0.01 -19"><span class='ocrx_word' id='word_1_641' title='bbox 1969 4150 2114 4220; x_wconf 87' lang='lat' dir='ltr'><strong>quod</strong></span> <span class='ocrx_word' id='word_1_642' title='bbox 2167 4160 2315 4201; x_wconf 89' lang='lat' dir='ltr'><strong>nunc</strong></span> <span class='ocrx_word' id='word_1_643' title='bbox 2354 4143 2617 4214; x_wconf 69' lang='lat' dir='ltr'><strong>quaeritur</strong></span> <span class='ocrx_word' id='word_1_644' title='bbox 2662 4140 2732 4195; x_wconf 83' lang='lat' dir='ltr'>ab</span> <span class='ocrx_word' id='word_1_645' title='bbox 2778 4153 2844 4193; x_wconf 92' lang='lat' dir='ltr'>eo</span> <span class='ocrx_word' id='word_1_646' title='bbox 2889 4134 3283 4206; x_wconf 74' lang='lat' dir='ltr'><strong>comprehendi</strong></span> <span class='ocrx_word' id='word_1_647' title='bbox 3338 4142 3539 4204; x_wconf 90' lang='lat' dir='ltr'><strong>potest,</strong></span> 
     </span>
    </p>
   </div>
   <div class='ocr_carea' id='block_1_87' title="bbox 1968 4223 3541 4312">
    <p class='ocr_par' dir='ltr' id='par_1_87' title="bbox 1968 4223 3541 4312">
     <span class='ocr_line' id='line_1_87' title="bbox 1968 4223 3541 4312; baseline -0.013 -17"><span class='ocrx_word' id='word_1_648' title='bbox 1968 4242 2063 4312; x_wconf 88' lang='lat' dir='ltr'>qui</span> <span class='ocrx_word' id='word_1_649' title='bbox 2120 4236 2421 4293; x_wconf 84' lang='lat' dir='ltr'><strong>secundum</strong></span> <span class='ocrx_word' id='word_1_650' title='bbox 2483 4233 2746 4305; x_wconf 90' lang='lat' dir='ltr'><strong>Spiritum</strong></span> <span class='ocrx_word' id='word_1_651' title='bbox 2824 4228 3035 4284; x_wconf 85' lang='lat' dir='ltr'><strong>institui</strong></span> <span class='ocrx_word' id='word_1_652' title='bbox 3091 4225 3347 4279; x_wconf 86' lang='lat' dir='ltr'><strong>voluerit.</strong></span> <span class='ocrx_word' id='word_1_653' title='bbox 3404 4223 3541 4276; x_wconf 87' lang='lat' dir='ltr'><strong>Hinc</strong></span> 
     </span>
    </p>
   </div>
   <div class='ocr_carea' id='block_1_88' title="bbox 1968 4312 3541 4388">
    <p class='ocr_par' dir='ltr' id='par_1_88' title="bbox 1968 4312 3541 4388">
     <span class='ocr_line' id='line_1_88' title="bbox 1968 4312 3541 4388; baseline -0.015 -1"><span class='ocrx_word' id='word_1_654' title='bbox 1968 4332 2118 4388; x_wconf 91' lang='lat' dir='ltr'><strong>enim</strong></span> <span class='ocrx_word' id='word_1_655' title='bbox 2149 4343 2259 4383; x_wconf 88' lang='lat' dir='ltr'>non</span> <span class='ocrx_word' id='word_1_656' title='bbox 2290 4326 2500 4381; x_wconf 65' lang='lat' dir='ltr'><strong>Jndzeis</strong></span> <span class='ocrx_word' id='word_1_657' title='bbox 2530 4330 2773 4385; x_wconf 88' lang='lat' dir='ltr'><strong>tantum,</strong></span> <span class='ocrx_word' id='word_1_658' title='bbox 2793 4318 2886 4373; x_wconf 86' lang='lat' dir='ltr'>sed</span> <span class='ocrx_word' id='word_1_659' title='bbox 2917 4317 3051 4387; x_wconf 88' lang='lat' dir='ltr'><strong>ipsis</strong></span> <span class='ocrx_word' id='word_1_660' title='bbox 3086 4317 3251 4370; x_wconf 86' lang='lat' dir='ltr'><strong>etiam</strong></span> <span class='ocrx_word' id='word_1_661' title='bbox 3288 4312 3541 4368; x_wconf 86' lang='lat' dir='ltr'><strong>barbaris</strong></span> 
     </span>
    </p>
   </div>
   <div class='ocr_carea' id='block_1_89' title="bbox 1971 4397 3543 4475">
    <p class='ocr_par' dir='ltr' id='par_1_89' title="bbox 1971 4397 3543 4475">
     <span class='ocr_line' id='line_1_89' title="bbox 1971 4397 3543 4475; baseline -0.015 0"><span class='ocrx_word' id='word_1_662' title='bbox 1971 4423 2135 4475; x_wconf 89' lang='lat' dir='ltr'><strong>allata</strong></span> <span class='ocrx_word' id='word_1_663' title='bbox 2166 4424 2250 4472; x_wconf 87' lang='lat' dir='ltr'>est</span> <span class='ocrx_word' id='word_1_664' title='bbox 2274 4415 2504 4470; x_wconf 87' lang='lat' dir='ltr'><strong>utilitas.</strong></span> <span class='ocrx_word' id='word_1_665' title='bbox 2539 4410 2783 4465; x_wconf 82' lang='lat' dir='ltr'><strong>Primum</strong></span> <span class='ocrx_word' id='word_1_666' title='bbox 2841 4407 2987 4461; x_wconf 88' lang='lat' dir='ltr'><strong>enim</strong></span> <span class='ocrx_word' id='word_1_667' title='bbox 3039 4402 3223 4459; x_wconf 90' lang='lat' dir='ltr'><strong>cdocti</strong></span> <span class='ocrx_word' id='word_1_668' title='bbox 3265 4407 3396 4455; x_wconf 90' lang='lat' dir='ltr'><strong>sunt</strong></span> <span class='ocrx_word' id='word_1_669' title='bbox 3454 4397 3543 4453; x_wconf 78' lang='lat' dir='ltr'>Ju-</span> 
     </span>
    </p>
   </div>
   <div class='ocr_carea' id='block_1_90' title="bbox 291 4490 1862 4595">
    <p class='ocr_par' dir='ltr' id='par_1_90' title="bbox 291 4490 1862 4595">
     <span class='ocr_line' id='line_1_90' title="bbox 291 4490 1862 4595; baseline 0.011 -34"><span class='ocrx_word' id='word_1_670' title='bbox 291 4508 482 4595; x_wconf 74' lang='grc' dir='ltr'>αὐτοῖς</span> <span class='ocrx_word' id='word_1_671' title='bbox 530 4515 642 4577; x_wconf 87' lang='grc' dir='ltr'>τοῖς</span> <span class='ocrx_word' id='word_1_672' title='bbox 669 4490 963 4588; x_wconf 59' lang='grc' dir='ltr'>βαρϐάροις</span> <span class='ocrx_word' id='word_1_673' title='bbox 1005 4490 1241 4587; x_wconf 77' lang='grc' dir='ltr'>ὠφέλεια</span> <span class='ocrx_word' id='word_1_674' title='bbox 1287 4490 1599 4589; x_wconf 73' lang='grc' dir='ltr'>γεγένηται.</span> <span class='ocrx_word' id='word_1_675' title='bbox 1640 4523 1862 4595; x_wconf 80' lang='grc' dir='ltr'>Πρῶτον</span> 
     </span>
    </p>
   </div>
   <div class='ocr_carea' id='block_1_91' title="bbox 1965 4490 3541 4595">
    <p class='ocr_par' dir='ltr' id='par_1_91' title="bbox 1973 4490 3541 4579">
     <span class='ocr_line' id='line_1_91' title="bbox 1973 4490 3541 4579; baseline -0.015 -13"><span class='ocrx_word' id='word_1_676' title='bbox 1973 4513 2097 4577; x_wconf 68' lang='lat' dir='ltr'><strong>claei,</strong></span> <span class='ocrx_word' id='word_1_677' title='bbox 2128 4505 2399 4579; x_wconf 79' lang='lat' dir='ltr'><strong>ejusmodi</strong></span> <span class='ocrx_word' id='word_1_678' title='bbox 2442 4517 2566 4558; x_wconf 85' lang='lat' dir='ltr'><strong>esse</strong></span> <span class='ocrx_word' id='word_1_679' title='bbox 2601 4500 2844 4555; x_wconf 86' lang='lat' dir='ltr'><strong>divinam</strong></span> <span class='ocrx_word' id='word_1_680' title='bbox 2903 4503 3161 4550; x_wconf 87' lang='lat' dir='ltr'><strong>naturam</strong></span> <span class='ocrx_word' id='word_1_681' title='bbox 3215 4507 3338 4562; x_wconf 82' lang='lat' dir='ltr'><strong>quae</strong></span> <span class='ocrx_word' id='word_1_682' title='bbox 3391 4490 3541 4545; x_wconf 88' lang='lat' dir='ltr'><strong>nulla</strong></span> 
     </span>
    </p>
   </div>
   <div class='ocr_carea' id='block_1_92' title="bbox 295 4594 1867 4682">
    <p class='ocr_par' dir='ltr' id='par_1_92' title="bbox 295 4594 1867 4682">
     <span class='ocr_line' id='line_1_92' title="bbox 295 4594 1867 4682; baseline 0.013 -35"><span class='ocrx_word' id='word_1_683' title='bbox 295 4594 397 4667; x_wconf 79' lang='grc' dir='ltr'>μὲν</span> <span class='ocrx_word' id='word_1_684' title='bbox 423 4598 533 4671; x_wconf 79' lang='grc' dir='ltr'>γὰρ</span> <span class='ocrx_word' id='word_1_685' title='bbox 557 4601 906 4674; x_wconf 73' lang='grc' dir='ltr'>ἐδιδάχθησαν</span> <span class='ocrx_word' id='word_1_686' title='bbox 953 4608 1198 4677; x_wconf 28' lang='grc' dir='ltr'>,Ἰουδαῖοι</span> <span class='ocrx_word' id='word_1_687' title='bbox 1230 4609 1289 4663; x_wconf 74' lang='grc' dir='ltr'>τὸ</span> <span class='ocrx_word' id='word_1_688' title='bbox 1322 4611 1421 4680; x_wconf 79' lang='grc' dir='ltr'>τῆς</span> <span class='ocrx_word' id='word_1_689' title='bbox 1456 4611 1606 4676; x_wconf 87' lang='grc' dir='ltr'>θείας</span> <span class='ocrx_word' id='word_1_690' title='bbox 1650 4613 1867 4682; x_wconf 82' lang='grc' dir='ltr'>φύσεως</span> 
     </span>
    </p>
   </div>
   <div class='ocr_carea' id='block_1_93' title="bbox 293 4688 1868 4771">
    <p class='ocr_par' dir='ltr' id='par_1_93' title="bbox 293 4688 1868 4771">
     <span class='ocr_line' id='line_1_93' title="bbox 293 4688 1868 4771; baseline 0.013 -31"><span class='ocrx_word' id='word_1_691' title='bbox 293 4688 542 4753; x_wconf 78' lang='grc' dir='ltr'>ἀνενδεὲς</span> <span class='ocrx_word' id='word_1_692' title='bbox 559 4705 574 4721; x_wconf 76' lang='grc'><strong><em>⁸</em></strong></span> <span class='ocrx_word' id='word_1_693' title='bbox 612 4694 675 4746; x_wconf 87' lang='grc' dir='ltr'>οὐ</span> <span class='ocrx_word' id='word_1_694' title='bbox 700 4695 808 4768; x_wconf 80' lang='grc' dir='ltr'>γὰρ</span> <span class='ocrx_word' id='word_1_695' title='bbox 832 4697 906 4761; x_wconf 87' lang='grc' dir='ltr'>ὡς</span> <span class='ocrx_word' id='word_1_696' title='bbox 931 4698 1182 4771; x_wconf 86' lang='grc' dir='ltr'>δεόμενος</span> <span class='ocrx_word' id='word_1_697' title='bbox 1202 4704 1244 4734; x_wconf 67' lang='grc'>’⁸</span> <span class='ocrx_word' id='word_1_698' title='bbox 1273 4702 1380 4756; x_wconf 88' lang='grc' dir='ltr'>τῶν</span> <span class='ocrx_word' id='word_1_699' title='bbox 1400 4704 1441 4736; x_wconf 78' lang='grc'>¹⁷</span> <span class='ocrx_word' id='word_1_700' title='bbox 1473 4704 1610 4758; x_wconf 84' lang='grc' dir='ltr'>ὅλων</span> <span class='ocrx_word' id='word_1_701' title='bbox 1642 4706 1775 4770; x_wconf 82' lang='grc' dir='ltr'>Θεὸς</span> <span class='ocrx_word' id='word_1_702' title='bbox 1799 4707 1868 4761; x_wconf 80' lang='grc' dir='ltr'>τὰ</span> 
     </span>
    </p>
   </div>
   <div class='ocr_carea' id='block_1_94' title="bbox 294 4776 1867 4865">
    <p class='ocr_par' dir='ltr' id='par_1_94' title="bbox 294 4776 1867 4865">
     <span class='ocr_line' id='line_1_94' title="bbox 294 4776 1867 4865; baseline 0.012 -36"><span class='ocrx_word' id='word_1_703' title='bbox 294 4776 448 4865; x_wconf 64' lang='grc' dir='ltr'>παρὰ</span> <span class='ocrx_word' id='word_1_704' title='bbox 479 4776 589 4832; x_wconf 82' lang='grc' dir='ltr'>τῶν</span> <span class='ocrx_word' id='word_1_705' title='bbox 615 4779 657 4812; x_wconf 76' lang='grc'>⁸⁸</span> <span class='ocrx_word' id='word_1_706' title='bbox 684 4781 987 4854; x_wconf 85' lang='grc' dir='ltr'>ἀνθρώπων</span> <span class='ocrx_word' id='word_1_707' title='bbox 1014 4791 1432 4862; x_wconf 68' lang='grc' dir='ltr'>προσφερόμενα</span> <span class='ocrx_word' id='word_1_708' title='bbox 1474 4793 1710 4865; x_wconf 76' lang='grc' dir='ltr'>δέχεται,</span> <span class='ocrx_word' id='word_1_709' title='bbox 1753 4795 1867 4848; x_wconf 82' lang='grc' dir='ltr'>ἀλλ’</span> 
     </span>
    </p>
   </div>
   <div class='ocr_carea' id='block_1_95' title="bbox 294 4864 1865 4956">
    <p class='ocr_par' dir='ltr' id='par_1_95' title="bbox 294 4864 1865 4956">
     <span class='ocr_line' id='line_1_95' title="bbox 294 4864 1865 4956; baseline 0.015 -40"><span class='ocrx_word' id='word_1_710' title='bbox 294 4864 542 4932; x_wconf 72' lang='grc' dir='ltr'>ἐκείνους</span> <span class='ocrx_word' id='word_1_711' title='bbox 569 4870 994 4947; x_wconf 82' lang='grc' dir='ltr'>εὐγνωμοσύνην</span> <span class='ocrx_word' id='word_1_712' title='bbox 1041 4878 1325 4948; x_wconf 86' lang='grc' dir='ltr'>διδάσκων,</span> <span class='ocrx_word' id='word_1_713' title='bbox 1354 4884 1447 4936; x_wconf 73' lang='grc' dir='ltr'>καὶ</span> <span class='ocrx_word' id='word_1_714' title='bbox 1494 4864 1669 4949; x_wconf 76' lang='grc' dir='ltr'>διδοὺς</span> <span class='ocrx_word' id='word_1_715' title='bbox 1703 4885 1865 4956; x_wconf 86' lang='grc' dir='ltr'>θερα-</span> 
     </span>
    </p>
   </div>
   <div class='ocr_carea' id='block_1_96' title="bbox 294 4956 1867 5046">
    <p class='ocr_par' dir='ltr' id='par_1_96' title="bbox 294 4956 1867 5046">
     <span class='ocr_line' id='line_1_96' title="bbox 294 4956 1867 5046; baseline 0.015 -37"><span class='ocrx_word' id='word_1_716' title='bbox 294 4956 458 5012; x_wconf 75' lang='grc' dir='ltr'>πείαν</span> <span class='ocrx_word' id='word_1_717' title='bbox 482 4961 527 4993; x_wconf 81' lang='grc'>¹⁹</span> <span class='ocrx_word' id='word_1_718' title='bbox 564 4977 621 5015; x_wconf 89' lang='grc' dir='ltr'>τε</span> <span class='ocrx_word' id='word_1_719' title='bbox 665 4964 760 5018; x_wconf 77' lang='grc' dir='ltr'>καὶ</span> <span class='ocrx_word' id='word_1_720' title='bbox 809 4966 1131 5034; x_wconf 85' lang='grc' dir='ltr'>ἀντιδόσεως</span> <span class='ocrx_word' id='word_1_721' title='bbox 1166 4973 1441 5046; x_wconf 81' lang='grc' dir='ltr'>ἀφορμήν.</span> <span class='ocrx_word' id='word_1_722' title='bbox 1496 4977 1621 5040; x_wconf 82' lang='grc' dir='ltr'>Πῶς</span> <span class='ocrx_word' id='word_1_723' title='bbox 1665 4978 1773 5046; x_wconf 80' lang='grc' dir='ltr'>γὰρ</span> <span class='ocrx_word' id='word_1_724' title='bbox 1801 4976 1867 5032; x_wconf 80' lang='grc' dir='ltr'>ἂν</span> 
     </span>
    </p>
   </div>
   <div class='ocr_carea' id='block_1_97' title="bbox 294 5048 1870 5140">
    <p class='ocr_par' dir='ltr' id='par_1_97' title="bbox 294 5048 1870 5140">
     <span class='ocr_line' id='line_1_97' title="bbox 294 5048 1870 5140; baseline 0.015 -39"><span class='ocrx_word' id='word_1_725' title='bbox 294 5048 500 5120; x_wconf 75' lang='grc' dir='ltr'>ἑτέρως</span> <span class='ocrx_word' id='word_1_726' title='bbox 548 5053 914 5130; x_wconf 74' lang='grc' dir='ltr'>ἠδυνήθημεν,</span> <span class='ocrx_word' id='word_1_727' title='bbox 963 5062 1103 5134; x_wconf 83' lang='grc' dir='ltr'>ὑπὲρ</span> <span class='ocrx_word' id='word_1_728' title='bbox 1154 5059 1229 5118; x_wconf 82' lang='grc' dir='ltr'>ὧν</span> <span class='ocrx_word' id='word_1_729' title='bbox 1283 5068 1742 5140; x_wconf 84' lang='grc' dir='ltr'>εὐεργετήθημεν,</span> <span class='ocrx_word' id='word_1_730' title='bbox 1793 5070 1870 5133; x_wconf 80' lang='grc' dir='ltr'>ὡς</span> 
     </span>
    </p>
   </div>
   <div class='ocr_carea' id='block_1_98' title="bbox 275 5140 1868 5232">
    <p class='ocr_par' dir='ltr' id='par_1_98' title="bbox 275 5140 1868 5232">
     <span class='ocr_line' id='line_1_98' title="bbox 275 5140 1868 5232; baseline 0.014 -39"><span class='ocrx_word' id='word_1_731' title='bbox 275 5140 519 5197; x_wconf 81' lang='grc' dir='ltr'>’δυνατὸν</span> <span class='ocrx_word' id='word_1_732' title='bbox 560 5146 896 5219; x_wconf 76' lang='grc' dir='ltr'>ἀμείψασθαι</span> <span class='ocrx_word' id='word_1_733' title='bbox 948 5154 1039 5207; x_wconf 87' lang='grc' dir='ltr'>τὸν</span> <span class='ocrx_word' id='word_1_734' title='bbox 1069 5155 1365 5228; x_wconf 80' lang='grc' dir='ltr'>εὐεργέτην</span> <span class='ocrx_word' id='word_1_735' title='bbox 1409 5160 1562 5227; x_wconf 76' lang='grc' dir='ltr'>Θεὸν,</span> <span class='ocrx_word' id='word_1_736' title='bbox 1593 5164 1642 5214; x_wconf 89' lang='grc' dir='ltr'>εἰ</span> <span class='ocrx_word' id='word_1_737' title='bbox 1679 5161 1753 5232; x_wconf 86' lang='grc' dir='ltr'>μὴ</span> <span class='ocrx_word' id='word_1_738' title='bbox 1799 5161 1868 5215; x_wconf 80' lang='grc' dir='ltr'>τὰ</span> 
     </span>
    </p>
   </div>
   <div class='ocr_carea' id='block_1_99' title="bbox 364 5253 1384 5335">
    <p class='ocr_par' dir='ltr' id='par_1_99' title="bbox 364 5253 1384 5335">
     <span class='ocr_line' id='line_1_99' title="bbox 364 5253 1384 5335; baseline 0.018 -30"><span class='ocrx_word' id='word_1_739' title='bbox 364 5263 394 5304; x_wconf 77' lang='lat' dir='ltr'><strong>P</strong></span> <span class='ocrx_word' id='word_1_740' title='bbox 426 5253 533 5310; x_wconf 89' lang='lat' dir='ltr'><strong>lsa.</strong></span> <span class='ocrx_word' id='word_1_741' title='bbox 562 5258 734 5323; x_wconf 75' lang='lat' dir='ltr'><strong>x,15.</strong></span> <span class='ocrx_word' id='word_1_742' title='bbox 828 5272 855 5312; x_wconf 78' lang='grc' dir='ltr'>(ι</span> <span class='ocrx_word' id='word_1_743' title='bbox 890 5263 905 5317; x_wconf 85' lang='lat' dir='ltr'>l</span> <span class='ocrx_word' id='word_1_744' title='bbox 933 5265 1059 5322; x_wconf 89' lang='lat' dir='ltr'><strong>Cor.</strong></span> <span class='ocrx_word' id='word_1_745' title='bbox 1086 5282 1125 5322; x_wconf 82' lang='grc' dir='ltr'>ιι</span> <span class='ocrx_word' id='word_1_746' title='bbox 1180 5269 1264 5335; x_wconf 56' lang='lat' dir='ltr'>id,</span> <span class='ocrx_word' id='word_1_747' title='bbox 1298 5269 1384 5323; x_wconf 77' lang='grc'>15.</span> 
     </span>
    </p>
   </div>
   <div class='ocr_carea' id='block_1_100' title="bbox 1967 4585 3542 4675">
    <p class='ocr_par' dir='ltr' id='par_1_100' title="bbox 1967 4585 3542 4675">
     <span class='ocr_line' id='line_1_100' title="bbox 1967 4585 3542 4675; baseline -0.018 -13"><span class='ocrx_word' id='word_1_748' title='bbox 1967 4621 2030 4662; x_wconf 84' lang='lat' dir='ltr'>re</span> <span class='ocrx_word' id='word_1_749' title='bbox 2058 4614 2290 4675; x_wconf 85' lang='lat' dir='ltr'><strong>prorsus</strong></span> <span class='ocrx_word' id='word_1_750' title='bbox 2322 4596 2587 4664; x_wconf 81' lang='lat' dir='ltr'><strong>indigeat.</strong></span> <span class='ocrx_word' id='word_1_751' title='bbox 2619 4592 2807 4661; x_wconf 84' lang='lat' dir='ltr'><strong>Neque</strong></span> <span class='ocrx_word' id='word_1_752' title='bbox 2840 4589 2990 4644; x_wconf 88' lang='lat' dir='ltr'><strong>enim</strong></span> <span class='ocrx_word' id='word_1_753' title='bbox 3029 4594 3088 4641; x_wconf 90' lang='lat' dir='ltr'>ut</span> <span class='ocrx_word' id='word_1_754' title='bbox 3120 4585 3379 4654; x_wconf 72' lang='lat' dir='ltr'><strong>indigens</strong></span> <span class='ocrx_word' id='word_1_755' title='bbox 3422 4597 3542 4636; x_wconf 89' lang='lat' dir='ltr'><strong>om-</strong></span> 
     </span>
    </p>
   </div>
   <div class='ocr_carea' id='block_1_101' title="bbox 1970 4676 3546 4753">
    <p class='ocr_par' dir='ltr' id='par_1_101' title="bbox 1970 4676 3546 4753">
     <span class='ocr_line' id='line_1_101' title="bbox 1970 4676 3546 4753; baseline -0.017 0"><span class='ocrx_word' id='word_1_756' title='bbox 1970 4699 2125 4753; x_wconf 87' lang='lat' dir='ltr'><strong>nium</strong></span> <span class='ocrx_word' id='word_1_757' title='bbox 2166 4705 2353 4747; x_wconf 86' lang='lat' dir='ltr'><strong>rerum</strong></span> <span class='ocrx_word' id='word_1_758' title='bbox 2394 4696 2582 4742; x_wconf 87' lang='lat' dir='ltr'><strong>auctor</strong></span> <span class='ocrx_word' id='word_1_759' title='bbox 2613 4684 2759 4738; x_wconf 86' lang='lat' dir='ltr'><strong>Deus</strong></span> <span class='ocrx_word' id='word_1_760' title='bbox 2789 4681 2991 4749; x_wconf 82' lang='lat' dir='ltr'><strong>accipit</strong></span> <span class='ocrx_word' id='word_1_761' title='bbox 3046 4693 3130 4741; x_wconf 89' lang='lat' dir='ltr'>ea,</span> <span class='ocrx_word' id='word_1_762' title='bbox 3187 4691 3311 4746; x_wconf 58' lang='lat' dir='ltr'><strong>qua!</strong></span> <span class='ocrx_word' id='word_1_763' title='bbox 3348 4676 3415 4730; x_wconf 91' lang='lat' dir='ltr'>ab</span> <span class='ocrx_word' id='word_1_764' title='bbox 3452 4676 3546 4728; x_wconf 74' lang='lat' dir='ltr'><strong>lio-</strong></span> 
     </span>
    </p>
   </div>
   <div class='ocr_carea' id='block_1_102' title="bbox 1972 4768 3542 4844">
    <p class='ocr_par' dir='ltr' id='par_1_102' title="bbox 1972 4768 3542 4844">
     <span class='ocr_line' id='line_1_102' title="bbox 1972 4768 3542 4844; baseline -0.015 -1"><span class='ocrx_word' id='word_1_765' title='bbox 1972 4786 2214 4844; x_wconf 89' lang='lat' dir='ltr'><strong>minibus</strong></span> <span class='ocrx_word' id='word_1_766' title='bbox 2242 4781 2585 4844; x_wconf 77' lang='lat' dir='ltr'><strong>offeruntur;</strong></span> <span class='ocrx_word' id='word_1_767' title='bbox 2616 4774 2709 4831; x_wconf 89' lang='lat' dir='ltr'>sed</span> <span class='ocrx_word' id='word_1_768' title='bbox 2731 4783 2792 4828; x_wconf 94' lang='lat' dir='ltr'><strong>ut</strong></span> <span class='ocrx_word' id='word_1_769' title='bbox 2814 4773 2940 4826; x_wconf 88' lang='lat' dir='ltr'><strong>illos</strong></span> <span class='ocrx_word' id='word_1_770' title='bbox 2963 4779 3152 4840; x_wconf 80' lang='lat' dir='ltr'><strong>gratos</strong></span> <span class='ocrx_word' id='word_1_771' title='bbox 3187 4768 3400 4838; x_wconf 76' lang='lat'>1066</span> <span class='ocrx_word' id='word_1_772' title='bbox 3420 4782 3542 4821; x_wconf 88' lang='lat' dir='ltr'><strong>esse</strong></span> 
     </span>
    </p>
   </div>
   <div class='ocr_carea' id='block_1_103' title="bbox 1971 4862 3543 4943">
    <p class='ocr_par' dir='ltr' id='par_1_103' title="bbox 1971 4862 3543 4943">
     <span class='ocr_line' id='line_1_103' title="bbox 1971 4862 3543 4943; baseline -0.017 -7"><span class='ocrx_word' id='word_1_773' title='bbox 1971 4881 2188 4941; x_wconf 86' lang='lat' dir='ltr'><strong>doceat,</strong></span> <span class='ocrx_word' id='word_1_774' title='bbox 2219 4875 2412 4943; x_wconf 90' lang='lat' dir='ltr'><strong>eisque</strong></span> <span class='ocrx_word' id='word_1_775' title='bbox 2451 4869 2536 4925; x_wconf 89' lang='lat' dir='ltr'>sui</span> <span class='ocrx_word' id='word_1_776' title='bbox 2586 4864 2828 4928; x_wconf 87' lang='lat' dir='ltr'><strong>colendi,</strong></span> <span class='ocrx_word' id='word_1_777' title='bbox 2859 4870 2913 4918; x_wconf 87' lang='lat' dir='ltr'><strong>et</strong></span> <span class='ocrx_word' id='word_1_778' title='bbox 2943 4862 3161 4932; x_wconf 64' lang='lat' dir='ltr'><strong>gratiae,</strong></span> <span class='ocrx_word' id='word_1_779' title='bbox 3196 4874 3361 4929; x_wconf 89' lang='lat' dir='ltr'><strong>quam</strong></span> <span class='ocrx_word' id='word_1_780' title='bbox 3412 4873 3543 4927; x_wconf 83' lang='lat' dir='ltr'><strong>pos-</strong></span> 
     </span>
    </p>
   </div>
   <div class='ocr_carea' id='block_1_104' title="bbox 1971 4947 3542 5033">
    <p class='ocr_par' dir='ltr' id='par_1_104' title="bbox 1971 4947 3542 5033">
     <span class='ocr_line' id='line_1_104' title="bbox 1971 4947 3542 5033; baseline -0.017 -7"><span class='ocrx_word' id='word_1_781' title='bbox 1971 4973 2108 5033; x_wconf 89' lang='lat' dir='ltr'><strong>sint,</strong></span> <span class='ocrx_word' id='word_1_782' title='bbox 2140 4961 2446 5023; x_wconf 68' lang='lat' dir='ltr'><strong>referendas</strong></span> <span class='ocrx_word' id='word_1_783' title='bbox 2484 4958 2680 5014; x_wconf 81' lang='lat' dir='ltr'><strong>oll‘crat</strong></span> <span class='ocrx_word' id='word_1_784' title='bbox 2709 4953 3082 5010; x_wconf 85' lang='lat' dir='ltr'><strong>occasionem.</strong></span> <span class='ocrx_word' id='word_1_785' title='bbox 3109 4952 3226 5017; x_wconf 80' lang='lat' dir='ltr'><strong>Qua</strong></span> <span class='ocrx_word' id='word_1_786' title='bbox 3249 4950 3394 5005; x_wconf 88' lang='lat' dir='ltr'><strong>enim</strong></span> <span class='ocrx_word' id='word_1_787' title='bbox 3436 4947 3542 5000; x_wconf 88' lang='lat' dir='ltr'><strong>alia</strong></span> 
     </span>
    </p>
   </div>
   <div class='ocr_carea' id='block_1_105' title="bbox 1970 5036 3531 5128">
    <p class='ocr_par' dir='ltr' id='par_1_105' title="bbox 1970 5036 3531 5128">
     <span class='ocr_line' id='line_1_105' title="bbox 1970 5036 3531 5128; baseline -0.018 -11"><span class='ocrx_word' id='word_1_788' title='bbox 1970 5062 2188 5117; x_wconf 88' lang='lat' dir='ltr'><strong>ratione</strong></span> <span class='ocrx_word' id='word_1_789' title='bbox 2215 5055 2593 5128; x_wconf 84' lang='lat' dir='ltr'><strong>potuissemus</strong></span> <span class='ocrx_word' id='word_1_790' title='bbox 2617 5061 2714 5118; x_wconf 90' lang='lat' dir='ltr'>pro</span> <span class='ocrx_word' id='word_1_791' title='bbox 2764 5042 3049 5101; x_wconf 84' lang='lat' dir='ltr'><strong>beneﬁciis</strong></span> <span class='ocrx_word' id='word_1_792' title='bbox 3083 5040 3326 5111; x_wconf 87' lang='lat' dir='ltr'><strong>acceptis</strong></span> <span class='ocrx_word' id='word_1_793' title='bbox 3363 5036 3531 5128; x_wconf 86' lang='lat' dir='ltr'><strong>Deum</strong></span> 
     </span>
    </p>
   </div>
   <div class='ocr_carea' id='block_1_106' title="bbox 1972 5125 3537 5210">
    <p class='ocr_par' dir='ltr' id='par_1_106' title="bbox 1972 5125 3537 5210">
     <span class='ocr_line' id='line_1_106' title="bbox 1972 5125 3537 5210; baseline -0.02 0"><span class='ocrx_word' id='word_1_794' title='bbox 1972 5155 2113 5210; x_wconf 87' lang='lat' dir='ltr'><strong>bene</strong></span> <span class='ocrx_word' id='word_1_795' title='bbox 2142 5125 2399 5205; x_wconf 39' lang='lat' dir='ltr'><strong>de—nobis</strong></span> <span class='ocrx_word' id='word_1_796' title='bbox 2446 5141 2702 5196; x_wconf 87' lang='lat' dir='ltr'><strong>meritum</strong></span> <span class='ocrx_word' id='word_1_797' title='bbox 2756 5152 2857 5208; x_wconf 90' lang='lat' dir='ltr'>pro</span> <span class='ocrx_word' id='word_1_798' title='bbox 2905 5133 3119 5189; x_wconf 85' lang='lat' dir='ltr'><strong>viribus</strong></span> <span class='ocrx_word' id='word_1_799' title='bbox 3178 5125 3537 5189; x_wconf 86' lang='lat' dir='ltr'><strong>remunerari,</strong></span> 
     </span>
    </p>
   </div>
   <div class='ocr_carea' id='block_1_107' title="bbox 1579 5367 2279 5433">
    <p class='ocr_par' dir='ltr' id='par_1_107' title="bbox 1579 5367 2279 5433">
     <span class='ocr_line' id='line_1_107' title="bbox 1579 5367 2279 5433; baseline -0.016 -1"><span class='ocrx_word' id='word_1_800' title='bbox 1579 5376 1815 5433; x_wconf 68' lang='lat' dir='ltr'>VARIAE‘.</span> <span class='ocrx_word' id='word_1_801' title='bbox 1870 5367 2279 5430; x_wconf 79' lang='lat' dir='ltr'>LECTIONES.</span> 
     </span>
    </p>
   </div>
   <div class='ocr_carea' id='block_1_108' title="bbox 368 5464 2185 5542">
    <p class='ocr_par' dir='ltr' id='par_1_108' title="bbox 368 5464 2185 5542">
     <span class='ocr_line' id='line_1_108' title="bbox 368 5464 2185 5542; baseline 0.002 -24"><span class='ocrx_word' id='word_1_802' title='bbox 368 5465 390 5498; x_wconf 87' lang='grc'><strong><em>³</em></strong></span> <span class='ocrx_word' id='word_1_803' title='bbox 430 5464 472 5527; x_wconf 82' lang='grc' dir='ltr'>Β</span> <span class='ocrx_word' id='word_1_804' title='bbox 517 5465 795 5542; x_wconf 52' lang='grc' dir='ltr'>Ἰεζεκιήλ;</span> <span class='ocrx_word' id='word_1_805' title='bbox 842 5466 892 5542; x_wconf 42' lang='grc' dir='ltr'>Αι</span> <span class='ocrx_word' id='word_1_806' title='bbox 928 5467 1311 5542; x_wconf 56' lang='grc' dir='ltr'>Ιξκέχρηνται,</span> <span class='ocrx_word' id='word_1_807' title='bbox 1360 5472 1596 5542; x_wconf 74' lang='lat' dir='ltr'><strong>positum</strong></span> <span class='ocrx_word' id='word_1_808' title='bbox 1632 5466 1902 5542; x_wconf 64' lang='lat' dir='ltr'><strong>ante_rﬁg</strong></span> <span class='ocrx_word' id='word_1_809' title='bbox 1929 5477 2185 5542; x_wconf 62' lang='grc' dir='ltr'>Δ’προφητυ</span> 
     </span>
    </p>
   </div>
   <div class='ocr_carea' id='block_1_109' title="bbox 295 5532 1852 5610">
    <p class='ocr_par' dir='ltr' id='par_1_109' title="bbox 295 5532 1852 5610">
     <span class='ocr_line' id='line_1_109' title="bbox 295 5532 1852 5610; baseline 0.001 -23"><span class='ocrx_word' id='word_1_810' title='bbox 295 5548 484 5605; x_wconf 74' lang='lat' dir='ltr'><strong>pracm.</strong></span> <span class='ocrx_word' id='word_1_811' title='bbox 516 5539 604 5610; x_wconf 74' lang='grc' dir='ltr'>τῇ,</span> <span class='ocrx_word' id='word_1_812' title='bbox 629 5538 666 5610; x_wconf 76' lang='lat'>_7</span> <span class='ocrx_word' id='word_1_813' title='bbox 704 5535 798 5588; x_wconf 87' lang='grc' dir='ltr'>τοῦ</span> <span class='ocrx_word' id='word_1_814' title='bbox 835 5535 989 5610; x_wconf 84' lang='grc' dir='ltr'>Θεοῦ.</span> <span class='ocrx_word' id='word_1_815' title='bbox 1019 5532 1323 5610; x_wconf 51' lang='grc' dir='ltr'>[κυρίου.</span> <span class='ocrx_word' id='word_1_816' title='bbox 1362 5532 1377 5542; x_wconf 86' lang='grc'><em>’</em></span> <span class='ocrx_word' id='word_1_817' title='bbox 1399 5542 1421 5572; x_wconf 78' lang='grc'>⁸</span> <span class='ocrx_word' id='word_1_818' title='bbox 1460 5540 1500 5590; x_wconf 88' lang='grc' dir='ltr'>Β</span> <span class='ocrx_word' id='word_1_819' title='bbox 1529 5538 1726 5599; x_wconf 81' lang='grc' dir='ltr'>παντὸς</span> <span class='ocrx_word' id='word_1_820' title='bbox 1761 5532 1852 5610; x_wconf 71' lang='grc' dir='ltr'>ᾖν.</span> 
     </span>
    </p>
   </div>
   <div class='ocr_carea' id='block_1_110' title="bbox 299 5605 1879 5680">
    <p class='ocr_par' dir='ltr' id='par_1_110' title="bbox 299 5605 1879 5680">
     <span class='ocr_line' id='line_1_110' title="bbox 299 5605 1879 5680; baseline 0.001 -23"><span class='ocrx_word' id='word_1_821' title='bbox 299 5622 468 5680; x_wconf 58' lang='lat' dir='ltr'><strong>voveo.</strong></span> <span class='ocrx_word' id='word_1_822' title='bbox 502 5675 513 5680; x_wconf 86' lang='lat'>_</span> <span class='ocrx_word' id='word_1_823' title='bbox 548 5605 589 5638; x_wconf 78' lang='lat'>”</span> <span class='ocrx_word' id='word_1_824' title='bbox 629 5606 671 5658; x_wconf 93' lang='lat' dir='ltr'><strong>B</strong></span> <span class='ocrx_word' id='word_1_825' title='bbox 696 5606 1046 5680; x_wconf 62' lang='grc' dir='ltr'>κεχρημένος.</span> <span class='ocrx_word' id='word_1_826' title='bbox 1127 5605 1356 5665; x_wconf 53' lang='lat' dir='ltr'><strong>“deos.</strong></span> <span class='ocrx_word' id='word_1_827' title='bbox 1390 5611 1431 5662; x_wconf 89' lang='lat' dir='ltr'><strong>B</strong></span> <span class='ocrx_word' id='word_1_828' title='bbox 1461 5624 1645 5680; x_wconf 49' lang='lat' dir='ltr'><strong>praem:</strong></span> <span class='ocrx_word' id='word_1_829' title='bbox 1687 5605 1879 5680; x_wconf 81' lang='grc' dir='ltr'>ταῦτα.</span> 
     </span>
    </p>
   </div>
   <div class='ocr_carea' id='block_1_111' title="bbox 302 5675 1885 5748">
    <p class='ocr_par' dir='ltr' id='par_1_111' title="bbox 302 5675 1885 5748">
     <span class='ocr_line' id='line_1_111' title="bbox 302 5675 1885 5748; baseline -0.002 -18"><span class='ocrx_word' id='word_1_830' title='bbox 302 5675 409 5748; x_wconf 52' lang='lat' dir='ltr'><strong>leg:</strong></span> <span class='ocrx_word' id='word_1_831' title='bbox 443 5675 742 5748; x_wconf 47' lang='grc' dir='ltr'>πάνταςεΒ</span> <span class='ocrx_word' id='word_1_832' title='bbox 775 5691 958 5748; x_wconf 66' lang='lat' dir='ltr'><strong>prmtn.</strong></span> <span class='ocrx_word' id='word_1_833' title='bbox 988 5680 1107 5748; x_wconf 80' lang='grc' dir='ltr'>μέν.</span> <span class='ocrx_word' id='word_1_834' title='bbox 1187 5680 1228 5711; x_wconf 68' lang='grc'>¹⁸</span> <span class='ocrx_word' id='word_1_835' title='bbox 1266 5683 1305 5734; x_wconf 88' lang='grc' dir='ltr'>Β</span> <span class='ocrx_word' id='word_1_836' title='bbox 1335 5675 1477 5734; x_wconf 44' lang='grc' dir='ltr'>οὐκ(</span> <span class='ocrx_word' id='word_1_837' title='bbox 1532 5678 1575 5710; x_wconf 80' lang='grc'>¹⁵</span> <span class='ocrx_word' id='word_1_838' title='bbox 1616 5678 1656 5729; x_wconf 90' lang='grc' dir='ltr'><strong>Β</strong></span> <span class='ocrx_word' id='word_1_839' title='bbox 1687 5676 1885 5747; x_wconf 80' lang='grc' dir='ltr'>μόνοις.</span> 
     </span>
    </p>
   </div>
   <div class='ocr_carea' id='block_1_112' title="bbox 298 5743 971 5813">
    <p class='ocr_par' dir='ltr' id='par_1_112' title="bbox 298 5743 971 5813">
     <span class='ocr_line' id='line_1_112' title="bbox 298 5743 971 5813; baseline -0.003 -14"><span class='ocrx_word' id='word_1_840' title='bbox 298 5744 352 5799; x_wconf 86' lang='lat' dir='ltr'>in</span> <span class='ocrx_word' id='word_1_841' title='bbox 375 5744 417 5798; x_wconf 89' lang='grc' dir='ltr'><strong><em>Β</em></strong></span> <span class='ocrx_word' id='word_1_842' title='bbox 516 5747 557 5778; x_wconf 83' lang='grc'>¹⁹</span> <span class='ocrx_word' id='word_1_843' title='bbox 600 5745 638 5797; x_wconf 82' lang='grc' dir='ltr'>Β</span> <span class='ocrx_word' id='word_1_844' title='bbox 663 5743 971 5813; x_wconf 83' lang='grc' dir='ltr'>θεραπείας.</span> 
     </span>
    </p>
   </div>
   <div class='ocr_carea' id='block_1_113' title="bbox 2292 5442 3534 5521">
    <p class='ocr_par' dir='ltr' id='par_1_113' title="bbox 2292 5442 3534 5521">
     <span class='ocr_line' id='line_1_113' title="bbox 2292 5442 3534 5521; baseline -0.013 -13"><span class='ocrx_word' id='word_1_845' title='bbox 2292 5459 2314 5490; x_wconf 81' lang='grc'>⁸</span> <span class='ocrx_word' id='word_1_846' title='bbox 2352 5456 2394 5507; x_wconf 89' lang='grc' dir='ltr'><strong>Β</strong></span> <span class='ocrx_word' id='word_1_847' title='bbox 2421 5451 2611 5518; x_wconf 81' lang='grc' dir='ltr'>δεῖξαι.</span> <span class='ocrx_word' id='word_1_848' title='bbox 2675 5520 2679 5521; x_wconf 12' lang='grc' dir='ltr'>ί</span> <span class='ocrx_word' id='word_1_849' title='bbox 2719 5452 2740 5483; x_wconf 77' lang='grc'>⁸</span> <span class='ocrx_word' id='word_1_850' title='bbox 2778 5451 2940 5521; x_wconf 82' lang='grc' dir='ltr'>χειρί.</span> <span class='ocrx_word' id='word_1_851' title='bbox 2978 5450 3187 5521; x_wconf 87' lang='lat' dir='ltr'><strong>Supra_,</strong></span> <span class='ocrx_word' id='word_1_852' title='bbox 3230 5460 3350 5521; x_wconf 73' lang='lat' dir='ltr'><strong>pag.</strong></span> <span class='ocrx_word' id='word_1_853' title='bbox 3411 5442 3534 5521; x_wconf 64' lang='grc' dir='ltr'>θῚ-ξ,</span> 
     </span>
    </p>
   </div>
   <div class='ocr_carea' id='block_1_114' title="bbox 1928 5512 3539 5600">
    <p class='ocr_par' dir='ltr' id='par_1_114' title="bbox 1928 5512 3539 5600">
     <span class='ocr_line' id='line_1_114' title="bbox 1928 5512 3539 5600; baseline -0.016 -14"><span class='ocrx_word' id='word_1_854' title='bbox 1928 5512 2551 5600; x_wconf 27' lang='grc' dir='ltr'>οηῧνπέριγενέσεσθαί(</span> <span class='ocrx_word' id='word_1_855' title='bbox 2573 5521 2654 5575; x_wconf 90' lang='lat' dir='ltr'>sic</span> <span class='ocrx_word' id='word_1_856' title='bbox 2673 5520 2757 5600; x_wconf 49' lang='lat'>)&#39;.&quot;</span> <span class='ocrx_word' id='word_1_857' title='bbox 2857 5512 2896 5571; x_wconf 83' lang='lat' dir='ltr'><strong>B</strong></span> <span class='ocrx_word' id='word_1_858' title='bbox 2927 5522 3036 5600; x_wconf 68' lang='grc' dir='ltr'>τοζς</span> <span class='ocrx_word' id='word_1_859' title='bbox 3059 5512 3070 5518; x_wconf 82' lang='grc'><em>’</em></span> <span class='ocrx_word' id='word_1_860' title='bbox 3090 5512 3539 5600; x_wconf 22' lang='grc' dir='ltr'>πολεὶιιίρξςβιεγεζ</span> 
     </span>
    </p>
   </div>
   <div class='ocr_carea' id='block_1_115' title="bbox 1957 5579 3536 5658">
    <p class='ocr_par' dir='ltr' id='par_1_115' title="bbox 1957 5579 3536 5658">
     <span class='ocr_line' id='line_1_115' title="bbox 1957 5579 3536 5658; baseline -0.017 0"><span class='ocrx_word' id='word_1_861' title='bbox 1957 5579 2239 5656; x_wconf 48' lang='grc' dir='ltr'>’ῖέὰὶιὲείέ</span> <span class='ocrx_word' id='word_1_862' title='bbox 2266 5579 2452 5658; x_wconf 15' lang='lat' dir='ltr'><strong>ilnl&#39;ra,</strong></span> <span class='ocrx_word' id='word_1_863' title='bbox 2516 5579 2649 5645; x_wconf 72' lang='lat' dir='ltr'><strong>tom.</strong></span> <span class='ocrx_word' id='word_1_864' title='bbox 2676 5579 2777 5650; x_wconf 80' lang='grc' dir='ltr'>ἸΙΙ,</span> <span class='ocrx_word' id='word_1_865' title='bbox 2812 5590 2930 5641; x_wconf 91' lang='lat' dir='ltr'><strong>loco</strong></span> <span class='ocrx_word' id='word_1_866' title='bbox 2963 5579 3054 5658; x_wconf 80' lang='lat' dir='ltr'><strong>cit.</strong></span> <span class='ocrx_word' id='word_1_867' title='bbox 3091 5579 3233 5658; x_wconf 67' lang='lat' dir='ltr'><strong>apud</strong></span> <span class='ocrx_word' id='word_1_868' title='bbox 3280 5579 3536 5658; x_wconf 53' lang='lat' dir='ltr'><strong>ljoslrum</strong></span> 
     </span>
    </p>
   </div>
   <div class='ocr_carea' id='block_1_116' title="bbox 1966 5647 3535 5738">
    <p class='ocr_par' dir='ltr' id='par_1_116' title="bbox 1966 5647 3535 5738">
     <span class='ocr_line' id='line_1_116' title="bbox 1966 5647 3535 5738; baseline -0.017 -12"><span class='ocrx_word' id='word_1_869' title='bbox 1966 5674 2008 5706; x_wconf 81' lang='grc'>¹⁶</span> <span class='ocrx_word' id='word_1_870' title='bbox 2523 5663 2564 5693; x_wconf 85' lang='grc'>¹⁷</span> <span class='ocrx_word' id='word_1_871' title='bbox 2604 5658 2731 5714; x_wconf 83' lang='grc' dir='ltr'>τῶν.</span> <span class='ocrx_word' id='word_1_872' title='bbox 2761 5647 2799 5711; x_wconf 83' lang='grc' dir='ltr'><strong>Β</strong></span> <span class='ocrx_word' id='word_1_873' title='bbox 2826 5671 3007 5727; x_wconf 79' lang='lat' dir='ltr'><strong>praem.</strong></span> <span class='ocrx_word' id='word_1_874' title='bbox 3036 5657 3081 5707; x_wconf 80' lang='grc' dir='ltr'>ό.</span> <span class='ocrx_word' id='word_1_875' title='bbox 3125 5647 3137 5653; x_wconf 86' lang='grc'><em>”</em></span> <span class='ocrx_word' id='word_1_876' title='bbox 3161 5653 3203 5682; x_wconf 74' lang='grc'>³⁸</span> <span class='ocrx_word' id='word_1_877' title='bbox 3240 5649 3365 5700; x_wconf 79' lang='grc' dir='ltr'>τῶν.</span> <span class='ocrx_word' id='word_1_878' title='bbox 3411 5647 3535 5702; x_wconf 84' lang='lat' dir='ltr'><strong>Des.</strong></span> 
     </span>
    </p>
   </div>
  </div>
