3898 6208
464 341 595 439 ιετι

1450 350 1936 413 THEODORETI
1962 353 2301 420 EPISCOPI
2334 356 2698 419 CYRENSIS

3543 357 3653 422 1272

454 452 564 508 nisi
598 452 715 508 haec
744 453 941 524 exigua
971 457 1027 508 et
1055 451 1242 507 tenuia
1267 453 1337 509 ab
1368 453 1733 513 oﬂerentibus
1782 456 2011 527 accepis-

2132 461 2343 533 βραχέα
2386 462 2560 517 ταῦτα
2604 461 2699 515 καὶ
2728 460 2923 531 εὐτελῆ
2970 459 3122 531 παρά
3148 458 3255 514 τῶν
3284 463 3655 532 προσφερόντων

453 544 576 600 set?
608 541 813 600 Volens
842 546 1029 615 itaque
1050 543 1256 602 Judacis
1284 545 1644 616 persuadere,
1674 564 1783 604 non
1813 555 1873 603 ut
1897 563 2026 619 pro-

353 625 360 631 ’
454 636 605 706 prius
639 650 774 690 usus
803 635 1067 707 expleret,
1093 636 1188 692 sed
1222 643 1284 691 ut
1302 636 1528 692 illorum
1558 652 1618 694 se
1651 638 2024 694 imbecillitati

453 724 920 793 accommodaret,
962 728 1243 797 accepisse
1281 743 1342 784 se
1372 728 1556 784 oblata
1599 730 1669 785 ab
1703 731 1814 785 illis
1852 733 2027 786 sacri-

455 819 601 884 ﬁcia,
628 818 823 873 merito
853 818 977 876 illos
1028 829 1342 886 aversatus,
1374 829 1429 878 et
1469 822 1645 894 ipsos,
1673 833 1729 880 et
1778 840 1908 882 vasa
1957 826 2027 880 ab

451 910 564 965 illis
596 908 871 975 dedicata,
931 910 1131 982 quibus
1182 927 1309 968 eum
1349 914 1533 971 colere
1589 928 2023 984 consueverant,

454 1016 563 1054 una
593 1001 713 1070 capi
742 1002 939 1057 voluit.
975 1001 1112 1057 Nam
1135 1004 1231 1074 qui
1264 1005 1485 1061 ratione
1535 1007 1796 1077 praeditos
1847 1007 2026 1064 homi-

370 1116 373 1123 -
450 1109 553 1148 nes
584 1093 859 1164 supplicio
889 1093 1172 1162 aﬂ‘eccrat,
1210 1110 1313 1151 cur
1370 1097 1696 1155 inanimatis
1741 1101 1887 1156 vasis
1933 1115 2027 1171 pe-

452 1185 763 1256 percisset?
792 1185 935 1255 Ipsis
972 1194 1157 1242 autem
1207 1187 1372 1243 rebus
1423 1188 1585 1243 docet
1630 1204 1750 1254 eos,
1799 1190 2025 1262 Babylo-

450 1278 575 1334 nios
614 1277 885 1334 barbaros
919 1284 974 1334 et
1026 1278 1228 1349 impios
1286 1279 1428 1334 nihil
1482 1281 1553 1336 ab
1612 1282 1724 1337 illis
1780 1283 2020 1349 dill‘crre,

451 1385 577 1424 cttm
609 1386 764 1441 reque
796 1385 860 1425 ac
886 1370 988 1437 illi,
1019 1371 1135 1426 imo
1162 1372 1337 1441 magis
1365 1387 1528 1442 quam
1560 1373 1864 1445 illi,.impie
1897 1390 2023 1445 age-

449 1469 593 1516 rent.
628 1462 706 1517 llli
740 1461 910 1527 enim,
954 1476 1137 1531 neque
1186 1471 1412 1533 accepta
1470 1464 1608 1535 lege,
1666 1481 1848 1535 neque
1890 1481 2023 1522 con—

449 1549 625 1604 cessis
661 1550 765 1604 sibi
787 1548 993 1620 quibus
1023 1550 1263 1606 ducibus
1297 1560 1584 1608 uterentur
1618 1555 1933 1624 prophetis,
1966 1556 2021 1610 in

447 1640 793 1709 ignoratione
822 1641 1112 1711 degebant.
1151 1639 1322 1697 Judaei
1354 1658 1483 1698 vero
1529 1645 1598 1699 ab
1643 1645 2018 1703 innumerabi-

449 1730 599 1786 libus
625 1739 741 1786 tum
772 1732 994 1801 priscis,
1025 1722 1141 1787 tu'm
1187 1735 1505 1790 recentibus
1550 1736 1836 1806 prophetis
1891 1737 2017 1793 illu-

446 1820 631 1885 strati,
681 1827 736 1877 et
775 1820 1119 1877 inﬁnitorum
1172 1830 1516 1894 spectatores
1576 1824 1681 1895 ipsi
1716 1826 2014 1882 miraculo-

446 1927 592 1976 rum,
624 1927 805 1968 rerum
855 1913 1099 1969 omnium
1146 1922 1430 1971 auctorem
1479 1914 1650 1972 Deum
1698 1926 2018 1974 contemne-

444 2002 600 2065 bant,
630 2004 1005 2059 etinanimata
1036 2004 1336 2060 simulacra
1361 2006 1545 2062 colere
1565 2008 2013 2078 perseverabant.

444 2093 697 2149 Tradidit
730 2096 916 2166 itaque
941 2094 1196 2150 barbaris
1224 2111 1377 2159 vasa,
1415 2105 1629 2152 tantum
1682 2113 1794 2154 non
1852 2099 2016 2157 rebus

443 2184 580 2257 ipsis
617 2186 693 2240 ita
730 2201 827 2242 eos
865 2184 1448 2258 objurgans:Nullum
1492 2188 1642 2244 inter
1685 2204 1778 2248 vos
1817 2191 2015 2247 barba-

442 2291 648 2347 rosque
666 2277 966 2333 discrimen
1000 2286 1085 2332 est
1114 2292 1306 2347 :aeque
1330 2280 1474 2333 enim
1499 2278 1553 2335 ἐι
1581 2295 1681 2336 vos
1709 2281 2014 2339 sceleribus

439 2382 507 2422 ea
539 2367 807 2437 polluitis,
840 2374 895 2423 et
919 2382 1137 2437 aequum
1174 2377 1278 2436 cst,
1319 2375 1436 2422 tum
1465 2384 1582 2435 vos,
1618 2379 1737 2424 tum
1771 2371 2013 2444 Babylo-

441 2458 564 2513 nios
587 2472 650 2513 ea
680 2458 986 2528 possidere.
1020 2458 1279 2529 Impietas
1318 2458 1465 2515 enim
1498 2468 1553 2516 et
1593 2461 1750 2518 vobis
1813 2470 1869 2517 et
1901 2463 2013 2519 illis

437 2548 775 2605 dominatur.
804 2550 885 2606 Ad
920 2550 1332 2607 convincendos
1364 2549 1621 2619 Iudaeos,
1654 2562 1710 2609 et
1751 2554 2010 2610 erudien-

439 2640 563 2708 dos,
585 2648 640 2696 et
662 2640 807 2696 haud
841 2642 1173 2697 mediocrem
1212 2642 1325 2699 illis
1351 2643 1643 2700 utilitatem
1675 2642 2010 2702 ali‘erendam

438 2733 579 2789 satis
599 2733 707 2789 hoc
740 2742 879 2789 erat.
935 2732 1225 2805 Babylonii
1270 2742 1475 2802 autem,
1526 2735 1656 2791 dum
1698 2737 1753 2791 in
1800 2737 2012 2793 honore

438 2823 781 2890 habuerunt,
810 2831 872 2879 ut
903 2826 1192 2894 putabant,
1228 2840 1383 2891 vasa,
1427 2839 1607 2897 neque
1645 2827 1713 2881 ad
1740 2826 2010 2883 humanos

441 2913 652 2985 1067
686 2930 821 2970 usus
860 2930 924 2971 ea
949 2918 967 2937 ⁶
999 2915 1319 2981 adhibuere,
1370 2917 1477 2972 diis
1510 2933 1650 2987 quos
1706 2917 1808 2987 ipsi
1864 2917 2010 2972 cole-

437 3007 569 3059 bant
592 3005 869 3070 dedicata,
894 3006 1034 3060 nihil
1058 3020 1288 3077 prorsus
1313 3007 1581 3062 malorum
1611 3008 1824 3076 experti
1854 3015 2004 3062 sunt.

435 3100 505 3151 At
536 3097 625 3152 ubi
658 3096 912 3153 Baltasar
942 3112 1041 3153 rex
1070 3097 1183 3154 illis
1211 3098 1267 3152 in
1306 3098 1559 3154 convivio
1593 3099 1673 3153 uti
1705 3114 1875 3156 ausus
1898 3106 2011 3165 est,

435 3188 623 3242 statim
660 3189 892 3258 punitus
915 3186 1130 3244 debitas
1149 3202 1345 3259 pmnas
1375 3188 1501 3253 luit,
1537 3203 1751 3257 suoque
1798 3189 2009 3260 suppli-

434 3279 521 3334 cio
543 3293 734 3335 onmes
774 3279 983 3345 docuit,
1019 3286 1226 3349 quanta
1274 3288 1425 3337 esset
1475 3280 1558 3335 vis
1608 3280 1704 3336 Dei
1737 3281 1887 3338 illius
1939 3282 2007 3337 ad

434 3388 598 3442 quem
622 3371 749 3426 haec
773 3387 907 3427 vasa
948 3372 1322 3442 pertinebant,
1382 3386 1619 3441 eumque
1670 3372 1847 3442 ipsum
1896 3388 2005 3429 non

437 3463 668 3520 invitum
700 3462 820 3519 suis
860 3463 1027 3519 rebus
1063 3464 1338 3532 privatum
1371 3461 1567 3525 fuisse,
1601 3463 1699 3519 sed
1730 3465 2005 3522 volentem

434 3563 659 3626 propter
681 3555 929 3627 ingentia
971 3556 1163 3626 populi
1194 3556 1408 3612 scelera
1442 3570 1508 3612 ea
1533 3556 1851 3614 tradidisse.
1890 3558 2007 3615 Hoc

432 3647 625 3702 itidem
657 3662 783 3702 cum
808 3660 937 3701 arca
958 3647 1087 3701 olim
1112 3646 1242 3703 fecit
1262 3657 1307 3701 ι.
1335 3645 1472 3703 Nam
1508 3654 1799 3717 postquam
1824 3648 2006 3721 Ophni

429 3745 489 3794 et
516 3737 773 3805 Phinees,
810 3737 932 3793 Heli
980 3737 1290 3794 sacerdotis
1313 3737 1432 3803 lilii,
1465 3745 1521 3793 et
1566 3738 1718 3809 impii
1752 3747 1809 3794 et
1854 3740 2007 3795 dete-

431 3829 684 3897 stabiles,
728 3844 790 3885 ea
815 3844 1003 3885 secum
1032 3839 1317 3898 assumpta
1347 3828 1416 3882 ad
1437 3828 1720 3898 suppetias
1750 3830 2003 3899 cognatis

432 3919 690 3978 ferendas
739 3920 958 3986 exiere,
1012 3918 1296 3990 redarguit
1364 3919 1612 3990 ipsorum
1666 3921 2002 3991 impietatem

432 4011 597 4077 Deus,
628 4012 890 4082 nullaque
930 4025 1027 4066 eos
1086 4008 1431 4081 providentia
1489 4010 1770 4081 dignatus,
1837 4010 2001 4081 digna

428 4100 580 4156 cede
616 4098 1033 4157 interﬁciendos
1065 4106 1251 4164 curat,
1284 4112 1472 4153 arcam
1511 4112 1641 4153 vero
1670 4098 2002 4169 alienigenis

426 4193 635 4257 tradit,
701 4191 953 4247 lsraelem
1021 4205 1218 4246 rursus
1276 4188 1534 4245 erudiens
1577 4197 1632 4244 et
1683 4205 2003 4245 commone-

432 4285 639 4341 faciens
669 4298 734 4339 ea
765 4282 868 4339 sibi
903 4297 1029 4337 arca
1067 4281 1204 4336 nihil
1257 4296 1398 4352 opus
1446 4295 1593 4345 esse,
1623 4281 1721 4337 sed
1753 4282 2003 4352 ipsorum

427 4391 596 4433 causa
649 4393 713 4433 se
763 4375 909 4430 illam
969 4374 1370 4441 construxisse,
1427 4383 1483 4428 et
1527 4389 1999 4444 supervacaneum

428 4470 567 4545 ipsis
591 4482 813 4538 quoque
840 4466 993 4521 illius
1024 4479 1185 4521 usum
1220 4465 1340 4520 sine
1391 4474 1540 4521 metu
1586 4466 1829 4521 divinam
1882 4467 1998 4522 vio-
2041 4505 2084 4560 Β

427 4559 672 4616 lantibus
700 4560 894 4629 legem,
931 4565 985 4613 et
1029 4556 1198 4628 impie
1232 4557 1421 4614 vivere
1454 4558 1899 4615 instituentibus.
1927 4558 2006 4616 Ne

426 4665 559 4707 vero
582 4650 845 4719 superbia
881 4649 1014 4704 elati
1056 4647 1384 4720 alienigena:
1418 4650 1816 4721 gloriarentur,
1847 4653 2006 4721 quasi

427 4743 535 4812 ipsi
566 4742 738 4797 Deum
777 4739 1065 4807 vicissent,
1099 4740 1323 4811 quando
1371 4756 1472 4811 pro
1526 4740 1640 4798 Deo
1686 4740 2014 4798 Iudaeorum

427 4846 611 4886 arcam
644 4831 943 4895 habebant,
982 4831 1049 4887 de
1090 4831 1209 4888 suis
1238 4832 1428 4896 idolis,
1461 4848 1583 4903 quae
1616 4832 1723 4903 ipsi
1755 4843 2008 4888 constru-

425 4929 642 4985 xerant,
674 4922 1052 4991 conjecturam
1103 4921 1396 4988 facientes,
1431 4941 1572 4979 neve
1601 4933 1891 4994 propterea
1924 4926 2007 4981 in-

425 5026 561 5083 gens
588 5011 670 5067 illi
697 5013 1088 5068 detrimentum
1114 5014 1450 5085 acciperent,
1478 5022 1540 5070 ut
1566 5016 1659 5085 qui
1680 5014 1993 5071 Judazorum

427 5101 595 5159 Deum
622 5103 782 5174 quasi
813 5104 1089 5177 captivum
1114 5105 1415 5176 cepissent,
1446 5114 1501 5162 et
1522 5107 1689 5164 veluti
1724 5107 1995 5178 quoddam

496 5288 521 5320 ι’
556 5282 577 5336 1
610 5279 745 5352 Reg.
780 5297 857 5348 tv,
896 5295 1008 5339 sec.
1053 5279 1214 5335 LXX.

2129 553 2375 625 ἐδέχετο;
2416 556 2606 607 Πείσαι
2635 554 2815 607 τοίνυν
2845 553 3163 625 βουλόμενος
3202 552 3490 618 Ἰουδαίους,
3521 553 3586 617 ὼς
3605 555 3654 606 οὑ

2125 648 2225 718 τὴν
2253 646 2459 700 οίκείαν
2490 647 2681 717 χρείαν
2710 644 3062 716 ἀναπληρῶν,
3095 642 3229 699 ἀλλά
3258 644 3390 715 πρὸς
3418 644 3510 714 τὴν
3536 645 3659 700 ὲκεί-

2125 752 2234 789 νων
2258 735 2542 790 ἀσθένειαν
2576 736 2623 768 ³⁸
2652 732 2983 804 συγκατιὼν,
3024 734 3124 796 τὰς
3158 733 3289 803 παρ’
3318 732 3489 785 αὐτῶν
3518 749 3658 803 προσ-

2126 828 2437 899 φερομένας
2470 825 2662 890 θυσίας
2688 825 2922 896 ἐδέχετο,
2952 826 3181 887 είκότως
3207 824 3557 894 ἀποστραφεὶς
3580 825 3659 877 αὒ-

2124 919 2252 983 τοὺς
2299 918 2396 973 καὶ
2442 917 2788 989 αἰχμαλωσίᾳ
2817 916 3111 987 παραδοὺς,
3160 915 3256 969 καὶ
3296 914 3367 967 τὰ
3394 915 3478 968 ὑπ’
3507 913 3659 967 αὐχῶν

2126 1007 2559 1081 προσενεχθέντα
2588 1007 2780 1079 σκεύη,
2808 1008 2877 1062 δι’
2907 1001 2982 1061 ὧν
3016 1006 3179 1061 αὐτὸν
3222 1003 3528 1075 θεραπεύειν
3566 1003 3659 1058 ἐνό-

2129 1098 2306 1170 μιζον,
2349 1101 2445 1152 σὺν
2490 1100 2675 1163 αὐτοῖς
2700 1097 3023 1169 αἰχμάλωτα
3051 1098 3302 1153 δέδωκεν.
3349 1098 3407 1150 Ὀ
3437 1096 3536 1167 γὰρ
3551 1096 3660 1159 τοὺς

2124 1190 2375 1259 λογικοὺς
2404 1190 2680 1260 παραδοὺς
2712 1189 2974 1261 τιμωρίᾳ,
3003 1190 3057 1242 τί
3088 1188 3289 1259 δήποτε
3336 1186 3441 1240 τῶν
3472 1186 3669 1258 ἀψύχων

2125 1283 2397 1352 ἐφείδετο;
2451 1282 2699 1335 Διδάσκει
2744 1280 2802 1334 δὲ
2850 1280 3051 1344 αὐτοὺς
3099 1280 3196 1333 καὶ
3247 1280 3315 1332 δι’
3359 1279 3529 1332 αὐτῶν
3571 1279 3661 1333 τῶν

2126 1373 2487 1445 πραγμάτων,
2536 1373 2618 1425 ὅτι
2658 1371 3034 1437 Βαϐυλωνίων,
3077 1370 3184 1424 τῶν
3229 1369 3531 1441 βαρϐάρων,
3570 1370 3659 1425 τῶν

2123 1463 2428 1528 δυσσεϐῶν,
2483 1465 2604 1519 κατ’
2653 1463 2806 1518 οὐδὲν
2855 1462 3199 1534 διαφέρουσιν
3226 1479 3243 1493 ·
3296 1463 3540 1516 ἀσεϐοῦσι
3572 1463 3659 1534 γάρ

2122 1554 2309 1622 ὥσπερ
2342 1554 2558 1618 ἐκεῖνοι,
2606 1550 2863 1621 μᾶλλον²⁸
2892 1550 2949 1604 δὲ
2981 1550 3143 1604 πλέον
3188 1551 3337 1623 ἢπερ
3367 1553 3570 1605 ἐκεῖνοι.
3607 1552 3659 1605 οι

2125 1645 2223 1715 μὲν
2255 1643 2365 1717 γὰρ
2390 1642 2514 1698 οὔτε
2539 1643 2701 1713 νόμον
2753 1639 3059 1713 δεξάμενοι,
3092 1640 3218 1695 οὔτε
3251 1641 3535 1713 προφητῶν
3556 1642 3661 1696 ποδ-

2076 1767 2091 1807 ;
2123 1735 2272 1807 ηγῶν
2308 1734 2737 1797 ἀπολαύσαντες,
2772 1733 2963 1803 ἀγνοίᾳ
3016 1732 3332 1803 κατείχοντο
3355 1748 3370 1762 ⁸
3392 1733 3439 1785 oi
3482 1731 3535 1785 δὲ
3577 1732 3662 1786 ὑπὸ

2127 1826 2333 1897 μυρίων
2360 1824 2606 1880 παλαιῶν
2631 1840 2691 1877 τε
2718 1823 2812 1878 καὶ
2835 1824 2971 1879 νέων
2999 1822 3364 1894 φωτιζόμενοι
3385 1822 3662 1894 προφητῶν,

2123 1917 2217 1973 καὶ
2264 1915 2471 1988 μυρίων
2516 1915 2656 1969 ὅσων
2720 1913 3012 1985 θαυμάτων
3058 1912 3333 1967 αύτόπται
3384 1913 3660 1983 γενόμενοι,

2123 2008 2489 2079 κατεφρόνουν
2526 2006 2626 2078 μὲν
2671 2004 2767 2059 τοῦ
2812 2004 2922 2059 τῶν
2969 2005 3107 2059 ὅλων
3130 2003 3288 2069 Θεοῦ,
3338 2002 3409 2057 τά
3434 2002 3487 2057 δὲ
3512 2001 3664 2073 ἀψυχα

2121 2096 2314 2152 εἴδωλα
2338 2096 2730 2169 θεραπεύοντες
2752 2095 3042 2151 διετέλουν.
3065 2094 3365 2165 Παρέδωκε
3387 2093 3554 2147 τοίνυν
3569 2093 3665 2155 τοῖς

2121 2188 2417 2260 βαρϐάροις
2442 2188 2512 2241 τὰ
2541 2187 2730 2257 σκεύη,
2763 2185 3041 2258 μονονουχὶ
3064 2184 3238 2253 λέγων
3278 2183 3356 2237 δι’
3382 2182 3548 2238 αὐτῶν
3575 2181 3666 2236 τῶν

2119 2280 2479 2353 πραγμάτων,
2499 2280 2579 2334 ὅτι
2599 2278 2739 2332 Κατ’
2760 2278 2908 2332 οὐδὲν
2926 2276 3034 2330 τῶν
3059 2274 3357 2347 βαρϐάρων
3377 2273 3664 2344 διαφέρετε·

2118 2371 2322 2443 ὁμοίως
2368 2370 2477 2440 γὰρ
2523 2369 2662 2423 αὐτὰ
2688 2368 2783 2423 καὶ
2826 2368 2987 2439 ὑμεῖς
3031 2368 3151 2429 ταῖς
3194 2362 3561 2436 παρανομίαις
3587 2378 3665 2433 μοι

2117 2463 2325 2530 λύνετε,
2352 2462 2447 2518 καὶ⁵
2483 2461 2595 2516 ἴσον
2626 2461 2774 2514 ἐστὶν
2808 2460 2953 2532 ὑμᾶς
2985 2476 3044 2514 τε
3075 2455 3247 2512 ταῦτα
3274 2456 3445 2528 ἔχειν,
3477 2457 3562 2510 καὶ
3581 2455 3665 2508 Ba.-

2118 2556 2411 2619 ϐυλωνίους
2438 2572 2452 2585 ο
2488 2554 2712 2609 ἀσέϐεια
2736 2553 2848 2625 γὰρ
2871 2551 2965 2606 καὶ
2995 2550 3151 2621 ὑμῶν
3184 2549 3456 2605 κάκείνων
3478 2548 3660 2620 κρατεῖ.

2116 2649 2255 2714 Τοὺς
2285 2649 2385 2721 μὲν
2409 2643 2501 2702 οὖν
2532 2646 2813 2710 Ἰουδαίους
2845 2645 3029 2699 ἱκανὸν
3054 2639 3122 2715 ἦν
3151 2641 3315 2696 τοῦτο
3342 2642 3435 2695 καὶ
3458 2636 3664 2706 ἐλέγξαι,

2116 2742 2211 2797 καὶ
2274 2739 2598 2803 παιδεῦσαι,
2657 2739 2752 2791 καὶ
2802 2736 3072 2805 ὠφέλειαν
3123 2735 3307 2798 αὐτοῖς
3373 2733 3433 2786 ού
3492 2729 3664 2803 μικρὰν

2115 2829 2647 2903 πραγματεύσασθαι
2670 2844 2684 2860 ·
2720 2829 2768 2883 οἱ
2799 2827 2855 2881 δέ
2878 2824 3230 2889 Βαϐυλώνιοι,
3264 2825 3434 2896 ἡνίκα
3459 2824 3552 2895 μὲν
3574 2823 3665 2876 ἐτί-

2118 2939 2315 2992 μησαν,
2338 2921 2412 2984 ὡς
2441 2921 2717 2989 ἐνόμισαν,
2748 2916 2818 2972 τά
2843 2915 3035 2987 σκεύη,
3059 2914 3411 2987 ἀνθρωπείας
3439 2913 3530 2983 μὲν
3548 2910 3662 2964 αὐτὰ

2117 3013 2367 3084 χρήσεως
2429 3009 2533 3075 ἔξω
2588 3007 3049 3077 πεποιηκότεςίί,
3104 3009 3215 3072 τοῖς
3267 3006 3365 3058 ὑπ’
3411 3003 3578 3058 αὐτῶν
3615 3002 3671 3057 ὁὶ

2120 3104 2609 3177 προσκυνουμένοις
2650 3100 3057 3165 ἀνατεθεικότες
3089 3098 3252 3163 θεοῖς,
3296 3098 3410 3153 τῶν
3436 3093 3665 3167 λυπηρῶν

2113 3194 2364 3264 οὐδαμῶς
2410 3192 2835 3265 ἐπειράσθησαν.
2889 3190 3106 3261 Ἐπειδὴ
3149 3190 3207 3244 δὲ
3257 3187 3600 3259 Βαλτάζαρ¹³
3639 3186 3664 3238 ό

2116 3286 2370 3359 βασιλεὺς
2417 3282 2721 3356 χρήσασθαι
2750 3282 2961 3346 τούτοις
3006 3282 3305 3353 ἐτόλμησεν
3345 3278 3659 3349 ἑστιώμενος,

2114 3376 2380 3448 ἐκολάσθη
2420 3377 2517 3447 μὲν
2544 3374 2857 3447 παραυτίκα
2905 3375 2998 3427 καὶ
3022 3371 3120 3443 τὴν
3153 3373 3311 3440 ἀξίαν
3338 3370 3481 3425 ἔτισε
3509 3370 3659 3436 δίκην,

2112 3469 2318 3536 ἐδίδαξε
2354 3468 2411 3521 δέ
2451 3468 2693 3529 ἅπαντας
2724 3465 2812 3521 διὰ
2852 3465 2958 3535 τῆς
2999 3464 3308 3536 τιμωρίας,
3354 3463 3492 3531 πόση
3507 3462 3550 3494 ’⁸
3581 3459 3659 3513 τοῦ

2112 3558 2246 3613 Θεοῦ
2293 3559 2328 3627 ή
2371 3556 2602 3627 δύναμις
2649 3554 2757 3609 τῶν
2804 3552 3013 3607 σκευῶν
3064 3554 3312 3619 ἐκείνων,
3357 3552 3451 3606 καὶ
3477 3552 3552 3604 ὅτι
3575 3550 3661 3602 οὐκ

2112 3650 2260 3705 ἀκων
2287 3628 2635 3717 ἀπεστερήθη
2657 3646 2764 3700 τῶν
2789 3645 3004 3710 ἐαυτοῦ,
3037 3645 3152 3699 ἀλλ’
3179 3644 3323 3699 ἐκὼν
3353 3644 3490 3698 αύτά
3515 3640 3659 3712 πρού-

2111 3739 2254 3793 δωκε
2271 3738 2318 3770 "
2345 3737 2433 3790 διὰ
2456 3737 2555 3808 τὴν
2589 3735 2788 3807 πολλὴν
2810 3736 2905 3789 τοῦ
2934 3735 3065 3790 λαοῦ
3105 3736 3475 3807 παρανομίαν.
3515 3732 3660 3788 Τοῦτο

2110 3829 2168 3882 δὲ
2197 3828 2293 3881 καὶ
2329 3826 2420 3879 ἐπὶ
2450 3827 2546 3896 τῆς
2592 3824 2826 3879 κιϐωτοῦ
2879 3824 3048 3878 πάλαι
3097 3824 3422 3894 πεποίηκεν.
3467 3821 3658 3890 Ἐπειδὴ

2110 3920 2219 3992 γάρ
2273 3919 2424 3988 Ὠφνὶ
2469 3919 2563 3971 καὶ
2602 3917 2807 3983 Φινεὲς,
2851 3916 2902 3969 οἱ
2958 3915 3078 3970 Ἠλὶ
3121 3914 3216 3969 τοῦ
3262 3914 3452 3986 ἱερέως
3497 3912 3659 3975 παῖδες

2111 4012 2414 4083 παράνομοι
2430 4010 2477 4043 ⁸⁸
2507 4010 2603 4064 καὶ
2633 4008 2899 4080 βδελυροὶ,
2930 4008 3133 4078 ταύτην
3169 4006 3426 4070 λαϐόντες
3450 4008 3526 4069 είς
3558 4006 3658 4058 ἐπι·

2064 4142 2067 4149 .
2110 4102 2334 4173 κουρίαν
2381 4101 2489 4155 τῶν
2516 4099 2802 4171 ὁμοφύλων
2830 4097 3075 4170 ἐξῆλθον,
3124 4098 3337 4168 ἐλέγχει
3380 4097 3477 4168 μὲν
3503 4094 3657 4153 αὐτῶν

2107 4193 2206 4263 τὴν
2237 4191 2491 4246 ἀσέϐειαν
2532 4193 2562 4245 ὁ
2611 4190 2764 4255 Θεὸς,
2810 4191 3067 4262 οὐδεμιᾶς
3118 4191 3356 4256 ἀξιώσας
3402 4191 3653 4263 προνοίας.

2108 4285 2235 4357 ἀξίᾳ
2262 4284 2323 4338 δέ
2358 4285 2538 4355 σφαγῇ
2566 4284 2860 4355 παραδοὺς,
2890 4282 2988 4355 τὴν
3012 4283 3069 4337 δέ
3088 4283 3134 4315 ³⁷
3174 4283 3406 4337 κιϐωτὸν
3436 4286 3547 4346 τοῖς
3574 4281 3653 4336 ἀλ-

2107 4375 2352 4446 λοφύλοις
2372 4392 2384 4406 ·
2424 4376 2585 4429 πάλιν
2606 4374 2696 4429 τὸν
2730 4373 2941 4447 Ἰσραὴλ
2964 4374 3254 4442 παιδεύων,
3279 4376 3374 4429 καὶ
3393 4375 3650 4435 διδάσκων.

2108 4467 2183 4531 ὡς
2205 4467 2305 4521 οὐκ
2337 4465 2483 4537 αύτῷ
2513 4465 2669 4536 χρεία
2699 4465 2799 4536 τῆς
2830 4465 3086 4530 κιϐωτοῦ,
3133 4465 3248 4519 ἀλλ’
3289 4465 3467 4520 αὐτῶν
3491 4465 3652 4518 ἕνεκεν

2110 4557 2278 4628 αὐτὴν
2325 4555 2730 4618 κατεσκεύασε,
2782 4555 3014 4629 περιττὴ
3059 4556 3117 4610 δὲ
3163 4557 3351 4622 αὐτοῖς
3395 4558 3428 4626 ἠ
3475 4553 3650 4621 ταύτης

2103 4649 2282 4722 χρεία,
2328 4648 2498 4711 ἀδεῶς
2535 4647 2623 4701 τὸν
2655 4646 2795 4701 θεῖον
2835 4646 2999 4718 νόμον
3027 4647 3073 4680 ³⁸
3107 4647 3527 4718 παραϐαίνουσι,
3571 4641 3649 4696 καὶ

2102 4739 2326 4811 ἀσεϐείᾳ
2375 4737 2539 4810 ωζῇν
2592 4736 3063 4810 προαιρουμένοις.
3117 4736 3233 4792 Ἰνα
3290 4736 3351 4790 δὲ
3407 4735 3480 4806 μὴ
3527 4731 3650 4804 μέγα

2103 4834 2469 4905 φρονήσαντες
2511 4831 2561 4883 οἱ
2599 4830 2907 4898 ἀλλόφυλοι,
2948 4829 3024 4894 ὡς
3055 4829 3214 4883 αὐτοὶ
3265 4825 3646 4900 περιγενόμενοι

2102 4924 2197 4977 τοῦ
2230 4921 2365 4977 Θεοῦ
2394 4922 2662 4993 (ἐνόμιζον
2696 4921 2804 4989 γάρ
2834 4921 2933 4990 τὴν
2966 4919 3199 4974 κιϐωτόν
3224 4920 3382 4973 αὐτὸν
3409 4913 3541 4970 εἶναι
3570 4914 3647 4967 τὸν

2102 5014 2212 5069 τῶν
2257 5013 2522 5067 Ἰουδαίων
2551 5011 2701 5074 Θεὸν,
2734 5010 3019 5081 τεκμηρίῳ
3055 5008 3328 5081 χρώμενοι
3352 5008 3414 5076 τῇ
3452 5003 3556 5057 τῶν
3576 5002 3643 5055 ol-

2106 5106 2269 5161 κείων
2295 5104 2526 5159 εἰδώλων
2554 5100 2914 5172 κατασκευῇ),
2949 5100 3042 5155 καί⁵
3077 5100 3163 5155 ἴνα
3196 5098 3273 5171 μὴ
3286 5098 3331 5130 ²⁹
3353 5093 3542 5165 πολλὴν
3569 5092 3644 5149 ἐν·

1761 5437 1995 5495 VARIAS
2035 5436 2441 5495 LECTIONES.

484 5531 534 5566 ”
570 5531 705 5603 Βᾲτῇ
733 5530 953 5603 ἐκείιευν
978 5529 1250 5603 ἀσθενείᾳ.
1330 5532 1371 5603 ’ξ

1418 5528 1687 5601 μᾶλλον-Τ·
1710 5531 1929 5586 ἐκεῖνοι.
1967 5529 2043 5584 Ex
2065 5531 2106 5585 Β
2133 5546 2273 5601 supp

414 5609 473 5672 et
495 5598 724 5671 passim,
750 5609 835 5658 est
863 5600 1167 5671 Βαλτάσαρ.
1205 5598 1257 5633 ’⁸⁸
1298 5598 1436 5672 πόση
1452 5598 1784 5672 τ-Αέκείνων.
1821 5602 1897 5672 ita
1924 5603 1961 5654 Β
1992 5615 2091 5672 pro
2121 5598 2259 5672 πόση

3171 5531 3217 5565 ³³
3254 5530 3410 5593 Infra,
3433 5541 3566 5583 vers.
3587 5526 3631 5588 7,

2277 5530 2312 5585 Ι.
2389 5528 2496 5582 “B
2530 5529 2889 5599 πεποιηκότες
2920 5531 3095 5594 ἐκτός.

3359 5607 3548 5670 quanta
3568 5598 3636 5670 il-

2290 5599 2513 5674 ἐκείνων
2534 5599 2645 5674 τῶν
2661 5671 2671 5674 _
2700 5600 2910 5674 σκευῶν
2939 5602 2973 5671 ἡ
3003 5600 3275 5674 δύναμις,
3299 5622 3318 5656 ι

417 5666 593 5750 lorum
620 5666 766 5750 essu
793 5686 1045 5750 vasorum
1077 5666 1193 5750 vis,
1229 5690 1246 5722 ι
1287 5679 1347 5750 ut
1378 5666 1610 5750 habebat
1662 5671 1793 5750 edit.
1835 5666 2011 5750 sirm:
2077 5672 2135 5750 ’5‘
2162 5666 2550 5750 Bn’npqéécg‘xe.
2630 5671 2673 5702 "
2713 5687 2843 5741 παρ.
2876 5669 2917 5723 Β
2950 5666 3072 5728 add.
3102 5666 3229 5727 λίαν
3250 5666 3408 5733 ὄντες.
3486 5669 3527 5699 ³⁷
3561 5666 3628 5720 δέ.

415 5736 539 5794 Des.
575 5740 629 5793 in
657 5738 715 5793 Β.
793 5742 836 5774 ⁸⁸
874 5742 977 5813 νόμ
1025 5742 1084 5797 lu
1115 5740 1153 5795 Β
1184 5744 1403 5812 ponitur
1434 5749 1554 5811 post
1583 5742 1783 5808 παραϐ.

1878 5743 1920 5774 ‘9
1958 5741 2042 5794 ἵνα
2074 5742 2165 5812 μή.
2201 5739 2322 5797 Dcs.
2358 5739 2411 5795 in
2443 5739 2503 5795 Β.
