3898 6208
196 275 315 340 1285

1424 277 1506 337 IN
1531 277 1888 339 DANIELIS
1910 279 2069 341 CAP.
2103 281 2186 340 II.

3289 284 3428 349 1286

190 385 417 452 ἐνταῦθα,
450 385 525 450 ὡς
555 384 644 441 τοῦ
676 385 860 458 τρίτου
888 386 1039 453 ἔτους
1080 389 1179 461 τῆς
1203 388 1475 460 βασιλείας
1506 391 1743 463 πληρου-

1853 391 2065 451 Iudaeos
2087 395 2394 453 exercitum
2424 395 2678 454 duxisse.
2705 398 2848 451 Anni
2872 412 3003 454 vero
3031 398 3214 468 quarti
3240 399 3426 465 initio.

190 481 333 551 μένου
386 476 462 548 τῷ
513 478 765 548 Ἰωακειμ
827 478 1152 549 βασιλεύσας
1204 482 1232 535 ό
1269 482 1736 553 Ναϐουχοδονόσορ

186 571 270 641 τήν
319 568 454 623 κατά
511 567 619 621 τῶν
660 569 930 624 Ἰουδαίων
982 571 1269 643 στρατείαν
1316 574 1646 644 ἐποιήσατοο
1678 574 1736 627 ἐν

186 662 310 731 ἀρχῇ
351 659 405 713 δὲ
449 658 544 712 τοῦ
574 660 832 730 τετάρτου
872 659 1025 726 ἔτους
1055 663 1083 715 ό
1122 663 1413 733 προφήτης
1465 663 1737 733 Ἱερεμίας

185 752 479 822 παραίνεσιν
502 750 580 821 τῷ
615 751 729 823 λαῷ
764 755 1107 825 προσφέρων,
1144 754 1246 826 ἔφη
1293 754 1507 826 πρῶτον
1538 752 1736 810 εἷναι⁸³
1781 744 1792 753 ’

183 842 350 897 τοῦτον
382 842 469 895 τὸν
515 843 757 896 ἐνιαυτὸν
792 842 870 914 τῷ
927 843 1138 913 βασιλεῖ
1164 846 1213 877 ⁸³
1242 846 1733 919 Ναϐουχοδονόσορ.

184 936 277 991 Καὶ
302 937 328 987 ὁ
362 933 624 1005 μακάριος
652 935 706 987 δὲ
745 935 939 1006 Δανιὴλ
966 935 1063 1007 τὴν
1105 935 1326 1007 πρώτην
1359 937 1736 1007 αἰχμαλωσίαν

184 1025 398 1097 εἰρηκὼς
446 1025 774 1096 γεγενῆσθαι
819 1028 877 1080 ἐν
928 1026 1038 1080 ἔτει
1082 1029 1249 1100 τρίτῳ
1304 1030 1405 1101 τῆς
1459 1029 1737 1098 βασιλείας

182 1116 412 1186 Ἰωακεὶμ
440 1114 703 1185 βασιλέως
737 1116 929 1180 Ἰούδα,
951 1119 1196 1187 ἐπήγαγε
1220 1118 1313 1172 νῦν
1340 1134 1353 1150 ο
1381 1138 1399 1171 ι
1422 1118 1513 1172 Ἑν
1533 1119 1608 1190 τῷ
1628 1119 1739 1174 ἔτει

182 1208 250 1278 τῷ
280 1207 507 1277 δευτέρῳ
545 1209 644 1277 τῆς
675 1207 952 1277 βασιλείας
993 1209 1461 1280 Ναϐουχοδονόσορ
1483 1212 1738 1266 ἐνυπνιά-

185 1299 269 1367 σθη
299 1296 558 1349 ἐνύπνιον.
596 1315 617 1348 ι
651 1296 838 1350 Ταῦτα
878 1296 934 1350 δέ
957 1297 1055 1368 οὐχ
1080 1297 1267 1360 ἁπλῶς
1293 1296 1648 1368 προστέθεικε
1669 1298 1737 1366 ⁸⁸,

1843 483 2114 543 Jeremias
2132 487 2403 557 propheta
2434 489 2693 561 populum
2728 488 3253 557 commonefaeicns,
3281 491 3430 546 hunc

1843 590 1969 631 esse
1998 578 2241 631 asseruit
2293 591 2500 632 annum
2561 577 2800 648 primum
2855 577 3429 635 Nabuchodonosor-is-

1843 668 2016 736 regis.
2054 666 2257 723 Beatus
2293 682 2516 738 quoque
2543 666 2757 733 Daniel,
2792 679 3222 723 commemorata
3250 672 3427 740 prima

1844 758 2167 828 captivitate
2234 758 2549 813 ludit-orum
2607 774 2728 828 qua:
2781 760 3013 831 conligit
3062 775 3208 816 anno
3264 763 3428 815 tertio

1845 850 1999 919 regni
2033 848 2267 905 Joacimi
2300 852 2446 920 regis
2480 849 2657 914 Judie,
2691 852 2927 921 subjecit
2964 869 3109 907 nunc
3153 872 3167 908 :
3215 872 3233 905 ι
3269 856 3427 911 Anno

1845 941 2091 996 secundo
2133 946 2286 1011 regni
2317 941 2883 998 Nabucliodonosoris
2929 946 3231 999 somniavit
3276 962 3427 1001 soni-

1844 1031 2020 1085 nium.
2052 1050 2071 1084 »
2112 1031 2179 1084 Ει
2216 1033 2329 1089 haec
2370 1034 2601 1099 addidit,
2648 1050 2756 1095 non
2807 1036 2926 1090 sine
2966 1051 3158 1098 causa,
3206 1038 3300 1092 sed
3369 1047 3429 1097 ut

1845 1122 2015 1177 etiam
2066 1134 2284 1194 tempus
2318 1141 2445 1181 vere
2504 1132 2928 1197 percipercnius.
2986 1127 3197 1183 Idcirco
3257 1129 3425 1183 divini

1846 1225 2068 1280 quoque
2091 1214 2391 1281 prephetze,
2424 1230 2614 1286 regum
2648 1219 2927 1273 mentione
2949 1218 3114 1284 taeta,
3151 1234 3424 1273 annorum

1846 1316 2132 1357 numerum
2174 1306 2517 1361 describunt.

182 1389 280 1441 ἀλλ’
324 1388 405 1441 ἵνα
464 1388 559 1441 καὶ
617 1388 707 1444 τὸν
759 1389 952 1460 χρόνον
1003 1390 1246 1461 ἀκριϐῶς
1299 1390 1727 1461 καταμάθωμεν.
1770 1391 1972 1448 Τούτου
2007 1397 2167 1468 χάριν
2192 1399 2235 1430 ⁸⁵
2264 1400 2358 1453 καὶ
2409 1400 2458 1452 οί
2498 1398 2632 1453 θεῖοι
2704 1401 3019 1474 προφῆται,
3087 1406 3423 1476 μεμνημένοι

180 1485 275 1539 τῶν
304 1483 579 1553 βασιλέων,
626 1483 721 1536 καὶ
766 1485 856 1538 τὸν
908 1485 1140 1555 ἀριθμὸν
1181 1486 1289 1540 τῶν
1322 1485 1458 1539 ἐτῶν
1496 1486 1924 1557 ἀναγράφουσιν.
2812 1492 2814 1495 ’

248 1575 354 1627 «Ἐν
409 1573 487 1643 τῷ
521 1575 567 1605 ⁸⁸
601 1573 713 1628 ἔτει
740 1576 916 1629 τοίνυν
943 1575 1021 1646 τῷ
1049 1577 1286 1649 δευτέρῳ
1324 1577 1424 1646 τῆς
1460 1577 1736 1647 βασιλείας

183 1663 625 1734 Ναϐουχοδονόσορ
655 1666 987 1735 ὲνυπνιάσθη
1030 1666 1301 1731 ἐνύπνιον,
1330 1668 1425 1721 καὶ
1458 1668 1651 1737 ἐξέστη
1676 1669 1738 1722 τὸ

186 1754 378 1825 πνεῦμα
411 1754 599 1820 αὐτοῦ,
630 1756 722 1810 καὶ
761 1759 789 1810 ὁ
811 1756 974 1820 ὕπνος
1008 1758 1216 1829 ἀπέστη
1232 1760 1274 1790 ⁵⁷
1300 1760 1396 1812 ἀπ’
1417 1759 1603 1811 αὐτοῦ.
1625 1759 1738 1832 (β’.)

1921 1602 1940 1635 ι
1976 1584 2136 1640 Αιιηο
2160 1587 2345 1658 itaque
2372 1591 2621 1647 secundo
2655 1590 2807 1661 regni
2862 1590 3427 1653 Nahnchodonosoris

1846 1679 2145 1733 somniavit
2174 1682 2474 1748 somnium,
2513 1696 2567 1740 et
2601 1682 3022 1754 obstupefactus
3070 1694 3154 1739 est
3195 1687 3426 1755 Spiritus

1845 1767 1968 1837 ejus
2005 1778 2059 1825 et
2086 1773 2359 1827 somnium
2406 1774 2541 1846 fugit
2571 1777 2643 1830 ab
2689 1790 2776 1829 eo.
2834 1774 3025 1844 (Vens.
3055 1775 3132 1843 2.)
3168 1773 3235 1829 Ει
3284 1775 3426 1828 dixit

185 1849 280 1901 Καὶ
309 1843 451 1901 εἶπεν
488 1850 515 1902 ό
547 1848 800 1918 βασιλεὺς
837 1849 930 1903 τοῦ
953 1850 998 1881 ⁸⁸
1034 1849 1257 1903 καλέσαι
1283 1851 1409 1914 τοὺς
1435 1842 1738 1916 ἐπαοιδοὺς,

1853 1877 1940 1917 rex
2001 1871 2060 1918 ut
2122 1842 2567 1924 convocareutur
2629 1842 2850 1937 1079'
2901 1842 3314 1932 incantatores,
3370 1875 3426 1921 et

186 1940 265 1992 καὶ
288 1940 403 2003 τοὺς
426 1941 658 2010 μάγους,
692 1942 785 1993 καὶ
812 1941 938 2005 τοὺς
960 1943 1310 2011 φαρμακοὺς,
1333 1943 1428 1996 καὶ
1450 1945 1578 2007 τοὺς
1597 1942 1739 1996 Χαλ-

186 2030 365 2093 δαίους,
380 2029 471 2082 τοῦ
504 2030 825 2099 ἀναγγεῖλαι
841 2030 916 2100 τῷ
936 2030 1143 2100 βασιλεῖ
1165 2030 1226 2082 τὸ
1252 2031 1500 2085 ἐνύπνιον
1517 2030 1699 2085 αὐτοῦ.
1717 2050 1736 2082 ι

196 2121 251 2175 Ἦ
269 2122 356 2190 μὲν
386 2116 476 2175 οὖν
493 2122 540 2153 ⁸³
552 2122 649 2175 τοῦ
684 2121 816 2175 Θεοῦ
838 2121 1117 2192 οἰκονομία
1146 2124 1257 2185 τοῖς
1283 2122 1539 2193 ἐχέφροσι
1562 2123 1697 2193 δήλη
1723 2135 1737 2149 ·

188 2212 433 2285 γνώριμον
452 2218 560 2285 γὰρ
585 2214 751 2268 αὑτοῦ
771 2215 816 2246 ⁶⁰
842 2215 901 2268 τὸ
947 2214 1195 2269 ἐνύπνιον
1227 2216 1449 2285 ποιῆσαι
1480 2214 1743 2286 βουλόμεο

187 2324 262 2371 νος
285 2307 369 2359 τὸν
400 2308 595 2360 οἰκεῖον
646 2307 949 2378 προφήτην,
989 2306 1076 2360 ἵνα
1118 2305 1215 2370 τὰς
1246 2307 1456 2376 ἀγαθὰς
1502 2308 1596 2360 καὶ
1635 2325 1743 2360 σω-

187 2397 380 2469 τηρίους
420 2397 679 2450 ἐντεῦθεν
714 2397 756 2428 “
792 2396 1006 2466 δέξηται
1054 2401 1421 2469 παραινέσεις,
1454 2398 1746 2452 δεδίττεται

191 2493 275 2562 μὲν
312 2492 463 2545 αὑτὸν
502 2491 580 2563 τῷ
627 2492 882 2562 ἐνυπνίῳ,
923 2492 1237 2563 ἀφαιρεῖται
1262 2492 1318 2546 δὲ
1363 2492 1456 2546 τοῦ
1492 2494 1743 2547 ἐνυπνίου

188 2582 269 2655 τὴν
297 2586 527 2655 μνήμην.
575 2583 723 2637 Ἀλλ’
760 2583 950 2651 ὥσπερ
995 2583 1127 2654 δήλη
1160 2583 1253 2637 τοῦ
1300 2584 1435 2637 Θεοῦ
1465 2584 1572 2637 τῶν
1608 2585 1745 2638 ὅλων

188 2676 217 2744 ή
251 2675 578 2746 προμήθεια,
618 2675 762 2729 οὕτω
815 2677 1089 2746 γνώριμος
1128 2674 1298 2729 ἅπασι
1344 2678 1456 2738 τοῖς
1500 2675 1744 2728 εὐσεϐέσι

190 2768 268 2820 καὶ
292 2769 322 2838 ἡ
345 2767 428 2819 τοῦ
456 2766 722 2838 βασιλέως
757 2767 1025 2834 παράνοια
1049 2766 1113 2820 ⁸³.
1146 2764 1270 2827 Πῶς
1299 2765 1405 2836 γὰρ
1439 2765 1538 2817 οὐκ
1570 2763 1746 2835 ἄκρας

192 2857 542 2930 παραπληξίας
595 2858 660 2911 τὸ
712 2859 842 2926 παρ’
875 2856 1079 2927 ἑτέρων
1129 2854 1317 2925 ζητεῖν
1357 2854 1450 2908 τοῦ
1491 2853 1741 2907 ἐνυπνίου

190 2949 272 3018 τὴν
297 2951 501 3020 μνήμην
530 2966 545 3015 ;
585 2947 729 3000 Ἀλλ’
758 2949 928 3018 ὅμως,
986 2947 1277 3018 κληθέντες
1298 2985 1313 3010 ,
1369 2945 1552 3017 φησιν,
1597 2963 1615 2998 ι
1649 2939 1747 3016 ἧλ-

194 3038 286 3104 θον,
311 3042 394 3093 καὶ
424 3041 660 3111 ἔστησαν
687 3036 914 3092 ἐνώπιον
939 3038 1034 3091 τοῦ
1063 3036 1343 3108 βασιλέως.
1360 3054 1378 3087 ι

250 3137 311 3199 γ’,
345 3133 402 3185 δ’.
445 3151 462 3184 ι
502 3132 619 3186 Καὶ
666 3127 819 3184 εἶπεν
855 3131 1035 3193 αὐτοῖς,
1067 3131 1094 3183 ὁ
1129 3126 1415 3199 βασιλεὺς’
1458 3126 1742 3181 Ἐνυπνιά-

1844 1955 2013 2024 magi,
2044 1957 2127 2009 et‘
2158 1958 2411 2021 malelici.
2448 1967 2502 2014 et
2531 1959 2794 2022 Chaldaei,
2832 1965 2888 2011 ut
2921 1956 3262 2027 explicarent
3309 1957 3421 2028 regi

1845 2046 2122 2100 somnium
2180 2047 2322 2113 ejus.
2365 2066 2384 2099 ι
2425 2048 2518 2103 Dei
2579 2049 2749 2119 igitur
2796 2048 3151 2117 providentia
3201 2048 3270 2103 iis
3327 2048 3421 2117 qui

1844 2137 2046 2193 mentis
2106 2148 2390 2208 compotes
2435 2147 2588 2205 sunt,
2638 2140 2929 2210 perspicua
2975 2146 3059 2193 est
3097 2154 3111 2191 :
3149 2139 3242 2208 qui
3297 2153 3421 2193 cum

1844 2228 2009 2282 vellet
2042 2231 2110 2282 ah
2141 2231 2325 2285 amico
2353 2245 2457 2285 suo
2488 2231 2755 2300 propheta
2785 2228 3061 2285 somnium
3097 2228 3243 2285 illius
3275 2238 3426 2299 pate-

1846 2314 1987 2382 ﬁeri,
2017 2326 2075 2371 ut
2109 2318 2240 2373 inde
2294 2319 2472 2375 bonas
2520 2332 2584 2373 ac
2618 2319 2872 2374 salubres
2912 2319 3190 2388 acciperet
3234 2318 3428 2375 admo-

1844 2407 2110 2475 nitioues,
2139 2410 2360 2463 somnio
2412 2411 2589 2479 ipsum
2646 2408 2887 2464 deterret
2941 2408 3259 2479 somniique
3303 2409 3425 2464 adi-

1842 2498 1945 2553 mit
1970 2499 2432 2553 recordationem.
2466 2498 2666 2554 Verum
2710 2499 3174 2568 quemadmodum
3230 2505 3425 2553 aucto-

1844 2591 1922 2646 ris
1949 2592 2199 2646 omnium
2234 2606 2417 2646 rerum
2456 2590 2546 2645 Dei
2574 2590 2920 2661 providentia
2953 2591 3254 2661 perspicua
3283 2591 3419 2646 fuit:

1836 2683 1920 2737 ita
1950 2684 2056 2753 piis
2092 2682 2349 2738 omnibus
2395 2683 2615 2750 cognita
2666 2693 2749 2739 est
2781 2685 2942 2737 etiam
2988 2683 3130 2753 regis
3180 2682 3421 2739 insania.

1845 2772 2135 2837 Quomodo
2166 2772 2311 2827 enim
2355 2785 2467 2825 non
2518 2780 2779 2826 extrema:
2838 2772 3135 2827 dementia:
3194 2780 3299 2836 est,
3355 2787 3421 2827 ex

1845 2863 1968 2917 aliis
1990 2877 2241 2932 quaerere
2262 2860 2468 2916 somnii
2515 2863 2954 2919 recordationem
2970 2863 2991 2916 ?
3007 2862 3419 2926 Verumtamen,

1844 2950 2061 3017 vocati,
2119 2950 2342 3021 inquit,
2387 2967 2407 3001 ι
2452 2959 2724 3012 venerunt
2784 2961 2838 3007 et
2890 2959 3166 3010 steterunt
3233 2968 3419 3009 coram

1843 3034 1988 3088 rege.
2024 3037 2045 3071 ι

1915 3109 2080 3167 Vens.
2116 3113 2170 3179 5,
2215 3112 2270 3168 4.
2317 3131 2337 3165 ι
2371 3112 2438 3168 Ει
2483 3115 2623 3171 dixit
2652 3113 2733 3170 eis
2782 3128 2877 3169 rex
2908 3130 2921 3169 :
2951 3112 3232 3169 Somniavi
3274 3128 3421 3168 som-

196 3223 306 3293 σθην
354 3224 604 3278 ἐνύπνιον
622 3225 703 3290 ⁸³,
745 3224 840 3277 καὶ
871 3223 1063 3294 ἐξέστη
1115 3220 1178 3274 τὸ
1231 3219 1449 3287 πνεῦμά
1503 3238 1606 3291 μου
1650 3220 1744 3274 τοῦ

1853 3201 2024 3268 nium,
2086 3211 2141 3258 ct
2195 3204 2612 3275 obstupefactus
2669 3213 2753 3261 est
2821 3203 3053 3274 spiritus
3132 3219 3287 3261 meus
3352 3219 3421 3258 ne

193 3317 371 3384 γνῶναι
426 3320 486 3372 τὸ
546 3316 828 3372 ἐνύπνιον,
896 3314 1008 3369 Καὶ
1058 3313 1330 3386 ἐλάλησαν
1378 3315 1427 3366 οἱ
1493 3313 1748 3367 Χαλδαῖοι

193 3409 259 3478 τῷ
299 3408 492 3479 βασιλεῖ
522 3409 773 3481 Συριστὶ,
821 3407 914 3461 καὶ
949 3402 1101 3459 εἷπον
1123 3406 1188 3438 ⁶⁶ο
1225 3403 1492 3472 Βασιλεΰ,
1532 3407 1612 3468 είς
1658 3404 1748 3459 τὸν

200 3501 406 3556 αίῶνα⁶⁵
437 3503 599 3573 ζῆθι·
659 3503 722 3555 σὺ
758 3501 879 3554 είπέ
912 3501 974 3553 τὸ
1003 3499 1254 3553 ἐνύπνιον
1295 3500 1402 3561 τοῖς
1447 3496 1601 3550 παισί
1633 3514 1748 3562 σου,

195 3593 276 3645 καὶ
302 3594 394 3665 τὴν
446 3593 739 3664 σύγκρισιν
763 3593 815 3627 ⁸⁸
857 3591 1019 3644 αὑτοῦ
1043 3588 1461 3659 ἀπαγγελοῦμεν
1485 3588 1548 3642 ⁸⁷.
1584 3607 1604 3641 ι
1638 3589 1749 3642 Καὶ

194 3682 277 3752 τὴν
331 3685 423 3755 μὲν
473 3685 695 3756 αἴτησιν
735 3683 812 3754 τῷ
863 3683 977 3739 ὄντι
1036 3680 1329 3735 ἀκόλουθον
1383 3679 1749 3749 ἐποιήσαντο·

196 3774 489 3849 ἀλαζονικὴν
518 3776 577 3830 δὲ
620 3776 718 3847 τὴν
742 3775 1035 3846 ὑπόσχεσιν
1059 3789 1073 3804 ’
1105 3771 1227 3827 οὔτε
1263 3772 1372 3841 γὰρ
1398 3769 1750 3842 ἀνθρωπίνης

196 3861 252 3937 ἦν
278 3867 500 3933 διανοίας
536 3868 694 3932 θείας
733 3865 1061 3939 ἑρμηνεύειν
1088 3863 1465 3932 ἀποκαλύψεις
1498 3863 1621 3932 δίχα
1646 3860 1749 3931 τῆς

198 3956 381 4011 ἄνωθεν
436 3958 757 4030 συνεργείας
777 3956 844 4010 ⁸⁸.
901 3953 1124 4026 Συριστὶ
1178 3953 1235 4007 δὲ
1289 3954 1389 4023 τὴν
1433 3952 1668 4019 διάλεξιν
1701 3952 1751 4005 οἱ

198 4047 426 4102 Χαλδαῖοι
452 4048 802 4118 πεποίηνται,
835 4047 910 4109 ὡς
928 4046 971 4079 ‘9
1007 4047 1073 4098 ἐκ
1099 4044 1373 4115 διαφόρων
1404 4042 1751 4114 συνειλεγμέ-

198 4140 319 4191 νοι⁷⁰
347 4140 545 4206 ἐθνῶν,
605 4140 699 4193 καὶ
751 4139 885 4191 ίδίαν
926 4137 1023 4208 μὲν
1067 4135 1314 4212 γλῶτταν
1353 4136 1585 4206 ἐχόντων
1627 4134 1754 4189 ἐκά-

201 4231 406 4296 στουτί,
458 4233 615 4302 κοινῇ
669 4230 726 4283 δὲ
787 4229 1012 4282 πάντων
1065 4229 1131 4297 τῇ
1189 4226 1375 4296 Σύρων
1430 4225 1751 4296 χρωμένων,

200 4321 386 4387 διδάξαι
404 4325 448 4356 ⁷²
484 4323 799 4394 βουλόμενοι
829 4320 891 4373 τὸ
924 4321 1024 4390 τῆς
1058 4317 1407 4389 ἀποκρίσεως
1438 4317 1750 4370 ἀκόλουθον.

212 4412 333 4467 Ἀλλ’
373 4416 489 4468 οὐδὲ
526 4414 700 4478 οὕτως
736 4412 963 4465 ἔπεισαν
1012 4410 1103 4462 τὸν
1141 4406 1380 4470 ἀλαζόνα
1413 4406 1638 4475 βασιλέα
1679 4407 1754 4479 μὴ

201 4500 429 4558 ἀπαιτεῖν
462 4504 590 4576 παρ’
626 4501 928 4575 ἀνθρώπων
956 4499 1023 4553 τὰ
1051 4498 1204 4569 παρὰ
1230 4498 1329 4567 τὴν
1365 4495 1527 4565 φύσιν
1550 4497 1618 4551 ⁷³.

1203 4588 1231 4639 ὁ
1266 4546 1525 4656 έασίλεὺς
1542 4584 1625 4652 ⁷⁸,
1659 4584 1754 4639 καὶ
1785 4546 1829 4600 D

203 4673 312 4733 εἷπε
343 4684 452 4746 τοῖς
506 4682 794 4745 Χαλδαίοις
820 4696 833 4709 ·
884 4680 939 4733 '0
963 4678 1118 4746 λόγος
1167 4675 1376 4745 ἀπέστη
1435 4691 1536 4744 μου
1557 4674 1625 4706 "-
1658 4675 1754 4728 ἐὰν

203 4765 282 4825 οὖν
303 4774 347 4806 ⁷⁸
393 4774 466 4845 μὴ
501 4773 806 4845 γνωρίσητέ
838 4789 928 4843 μοι
961 4769 1022 4824 τὸ
1068 4768 1340 4832 ἐνύπνιον,
1376 4764 1470 4818 καὶ
1500 4766 1596 4836 τὴν
1625 4765 1756 4834 σύγ-

204 4880 367 4934 κρισιν
398 4866 601 4932 αὑτοῦ,
646 4869 724 4930 είς
777 4864 1051 4918 ἀπώλειαν
1105 4859 1326 4926 ἔσεσθε,
1379 4858 1475 4912 καὶ
1516 4858 1567 4910 οἱ
1618 4854 1758 4911 οἶκοι

1850 3295 2049 3352 scirem
2090 3297 2386 3352 somnium.
2416 3298 2482 3354 Et
2513 3297 2680 3354 locuti
2712 3303 2841 3354 sunt
2875 3295 3112 3352 Chaldazi
3147 3312 3270 3351 cum
3295 3312 3421 3367 rege

1851 3387 2091 3459 Syr-iace,
2116 3398 2169 3445 et
2192 3391 2450 3449 dixerunt
2478 3407 2489 3442 :
2518 3388 2631 3449 Rex
2668 3391 2723 3444 in
2754 3389 3022 3445 saeculum
3048 3389 3207 3456 vive;
3244 3396 3301 3443 tu
3333 3388 3421 3444 die

1852 3481 2125 3535 somniqu
2162 3484 2337 3539 servis
2366 3483 2496 3550 tuis,
2539 3491 2592 3538 et
2625 3481 3130 3551 interpretationem
3173 3481 3294 3550 ejus
3324 3495 3419 3535 an-

1850 3572 2251 3629 nuntiabimus.
2293 3593 2312 3626 »
2351 3573 2418 3629 Et
2469 3575 2617 3645 quod
2664 3574 2960 3645 petierunt,
2997 3571 3051 3627 id
3103 3587 3294 3626 revera
3342 3571 3418 3625 rei

1852 3671 2285 3718 consentaneum
2331 3665 2597 3729 erat,‘sed
2645 3680 2835 3720 eorum
2866 3663 3221 3733 promissum,
3269 3648 3423 3716 arro-

1851 3768 1985 3824 gans
2018 3771 2031 3808 :
2067 3770 2243 3824 neque
2279 3756 2424 3810 enim
2455 3756 2679 3810 humani
2716 3755 2919 3826 ingenii
2947 3763 3085 3817 erat,
3119 3769 3242 3823 qua:
3278 3752 3421 3807 divi-

1852 3846 2002 3900 nitus
2034 3846 2274 3901 revelata
2305 3846 2546 3911 fuerant,
2569 3846 2777 3916 alisque
2807 3845 3012 3901 auxilio
3041 3860 3291 3914 superna:
3320 3844 3425 3897 vir-

1852 3937 1987 3993 tutis
2049 3937 2423 4007 interpretari.
2447 3934 2513 3990 Et
2555 3937 2779 4008 Syriace
2803 3935 2968 3992 locuti
3002 3945 3130 3991 sunt
3162 3934 3421 3999 Chaldmi,

1855 4028 2052 4098 utqui,
2085 4042 2207 4083 cum
2252 4043 2318 4082 ex
2360 4028 2595 4083 diversis
2636 4029 2962 4105 nationibus
3001 4025 3420 4085 coacti-essent,

1854 4132 1918 4173 ac
1944 4120 2218 4189 propriam
2248 4119 2449 4190 singuli
2486 4119 2724 4189 linguam
2747 4118 3033 4184 haberent,
3061 4119 3425 4173 communiter

1857 4219 2035 4265 tamen
2069 4210 2330 4279 Syrorum
2365 4210 2549 4280 lingua
2584 4219 2889 4273 uterentur,
2916 4210 3201 4264 studentes
3235 4220 3421 4263 osten-

1855 4302 1986 4358 dere
2011 4318 2071 4358 se
2116 4302 2331 4372 1080
2386 4302 2777 4356 convenienter
2825 4301 3174 4370 respondere.
3221 4298 3419 4355 Verum

1856 4411 1924 4451 ne
1976 4395 2057 4450 sic
2105 4396 2324 4464 quidem
2363 4393 2603 4462 superbo
2635 4393 2748 4461 regi
2806 4398 3220 4462 persuaserunt.
3255 4407 3322 4445 ne
3355 4392 3422 4446 ah

1858 4487 2174 4542 hominibus
2220 4485 2525 4557 requireret
2555 4499 2674 4553 quae
2726 4492 2910 4539 essent
2948 4497 3115 4552 supra
3145 4480 3435 4538 naturam.‘

1927 4578 2094 4633 Vens.
2126 4577 2181 4641 5,
2210 4577 2263 4631 6.
2294 4593 2314 4626 ι
2353 4573 2656 4644 Respondit
2685 4574 2829 4628 enim
2852 4573 3039 4629 statim
3068 4589 3182 4637 rex,
3205 4579 3259 4626 et
3288 4572 3424 4627 dixit

1859 4667 2130 4727 Chaldaeis
2164 4686 2176 4723 :
2211 4666 2404 4722 Sermo
2434 4664 2662 4719 recessit
2692 4679 2723 4719 a
2763 4678 2850 4719 me
2884 4680 2897 4718 :
2930 4665 2974 4718 si
3006 4662 3169 4731 igitur
3206 4676 3311 4716 non
3344 4664 3425 4713 iu-

1862 4758 2187 4816 dicaveritis
2244 4756 2379 4811 mihi
2445 4755 2757 4818 somnium,
2808 4760 2863 4808 et
2922 4751 3425 4821 interpretationem

1864 4854 2005 4925 ejus,
2035 4849 2312 4923 perihitis,
2345 4855 2401 4905 et
2427 4848 2623 4903 domus
2649 4852 2842 4903 vestrae
2867 4841 3215 4913 diripientur.
3242 4836 3299 4895 Si
3330 4854 3427 4894 au-

1451 5036 1685 5094 VARI/E
1725 5031 2128 5091 LECTIONES.

286 5161 331 5194 ⁵³
367 5158 525 5215 εἶναι.
551 5159 596 5213 Β
619 5175 807 5230 prtem.

208 5230 256 5284 in
287 5231 341 5283 Β.
414 5233 454 5263 ⁸⁷
497 5226 725 5300 ἀπέστη.
762 5226 958 5300 Supra,
985 5226 1126 5293 ἀπεγ

206 5301 288 5370 τρν
313 5303 503 5370 οἰκεῖον
517 5297 751 5370 -ποιῆσαι
773 5297 1107 5370 ,βουλόμενος
1127 5297 1430 5370 προφήτηγτ

211 5366 252 5398 ⁸⁸
275 5371 362 5422 καὶ
381 5366 488 5423 εἷπ.
515 5363 722 5424 Desfin
755 5363 821 5423 A'.
922 5363 965 5398 ⁸⁸
983 5367 1027 5420 Λ
1060 5375 1111 5420 et
1135 5363 1180 5418 Β
1195 5363 1320 5428 τοὺς
1351 5363 1572 5426 αἰῶνας.

848 5156 965 5228 μέν.
1052 5157 1098 5189 ⁸³
1131 5156 1261 5278 fac.
1299 5156 1425 5210 Des.
1466 5153 1519 5207 in
1548 5154 1609 5207 Β.

848 5242 958 5278 nra.
985 5226 1126 5278 ἀπεγ
1161 5243 1297 5278 νετο.
1375 5225 1421 5256 ⁵⁸
1457 5224 1572 5276 τοῦ.

211 5505 357 5571 γε).οὖ
368 5526 458 5575 μεν
468 5550 479 5561 .

216 5591 259 5648 pi
412 5580 559 5648 φωνῇ

217 5642 357 5699 ⁷⁸)ὗι
404 5642 540 5701 Βδέζ

576 5510 620 5544 ⁸⁸
654 5510 696 5563 Β
726 5508 1022 5579 ἐνεργείας.
1109 5507 1166 5579 f9
1192 5504 1285 5579 ὡς.
1322 5502 1361 5554 Β
1390 5502 1536 5565 τούς.

670 5580 718 5611 ⁷³
751 5578 790 5632 Β
819 5572 1028 5649 πέρατα
1075 5575 1171 5646 τῆς
1205 5572 1435 5643 φύσεως.

1699 5153 1746 5185 ³⁸
1784 5152 1825 5203 Β
1859 5150 2230 5222 προστέθεικα.
2326 5144 2372 5177 ⁵⁵
2398 5142 2536 5265 ,χάρξ
2568 5140 2611 5194 Β
2649 5155 2838 5229 praem:
2878 5138 3006 5209 γάρ.

1699 5241 1714 5265 ι
1767 5223 1819 5265 in
1848 5220 1910 5265 Β,
1988 5222 2033 5253 ³9
2071 5214 2183 5265 οὖν.
2226 5216 2349 5265 Des.
2398 5231 2451 5265 tn
2535 5252 2548 5265 .
2625 5213 2669 5244 ⁸⁰
2700 5211 2742 5262 Β
2775 5228 2985 5263 αυτ.-

1161 5243 1297 5280 νετο.
1375 5225 1421 5256 ⁵⁸
1457 5224 1572 5276 τοῦ.
1610 5223 1734 5278 Des.
1767 5223 1820 5275 in
1848 5214 1917 5276 Βξ
1988 5222 2033 5253 ⁵9
2071 5214 2183 5271 οὖν.
2226 5216 2349 5285 Des.
2398 5216 2451 5267 in
2489 5214 2548 5266 Β.
2588 5214 2669 5285 ’⁸ο
3008 5223 3171 5285 προς).

1537 5271 1578 5325 δῖ
1611 5271 1734 5348 -ἐντξ
1768 5271 1915 5344 Des.
1978 5290 2031 5342 in
2073 5288 2132 5340 Β.
2209 5289 2253 5319 ⁸³
2286 5284 2326 5337 Β
2384 5281 2653 5352 παροινία.
2731 5282 2775 5314 ⁸³
2822 5281 3009 5334 ὲνύπν.
3053 5271 3189 5352 'Des.‘
3241 5274 3294 5324 in
3360 5271 3427 5323 A.

1680 5344 1732 5396 δέ
1759 5361 2042 5429 σύγκρισις
2081 5357 2135 5411 h.
2167 5344 2477 5429 l..et_vers.'
2501 5352 2633 5429 5._6,
2666 5352 2806 5429 idem
2863 5362 2947 5405 est
3011 5344 3427 5429 senatijxgtgf.

212 5420 1066 5517 ver-‘._2s.'qo:a;r.6s1ermm.
1099 5437 1165 5517 as!
1200 5450 1250 5517 ς-
1288 5420 1586 5517 φίλων
1618 5420 2976 5517 ignavia'eeplicrlsﬁabits.‘;°£Efi.‘:‘?ftief£tr:‘;

1645 5497 1762 5561 7VB-
1789 5497 2254 5567 συνειλεγμένους.
2329 5497 2372 5524 ⁷⁸
2432 5497 2472 5544 Β
2514 5497 2755 5567 ἑκάστων
2795 5497 3041 5567 ἐχόντων.
3080 5553 3119 5567 ἢ
3164 5497 3207 5567 λ’
3234 5497 3405 5567 310:“:

1539 5546 2307 5640 vsdefregisset:'A
2352 5562 2551 5618 omittit
2584 5561 2760 5623 εὐθύς.
2826 5546 2882 5592 ἠ
2917 5573 3034 5627 μου,
3080 5553 3119 5606 e
3156 5546 3248 5601 ἀπ’
3274 5546 3429 5613 ἐμοῦ.

3080 5134 3126 5168 ⁸³
3162 5133 3262 5187 τῶ.
3299 5132 3424 5187 Des.

2625 5185 2749 5262 ’δέ
2775 5185 2901 5263 adv:
2915 5185 3171 5276 λ’προφ.
3283 5202 3430 5276 αὑτῷ

3080 5415 3123 5448 ⁸⁷
3170 5412 3213 5464 Α
3258 5411 3429 5473 ἀναγα

2329 5494 2372 5524 ⁷⁸
2402 5476 2405 5477 ν
2431 5491 2472 5544 Β
2514 5476 2761 5543 ἑκάστων
2795 5490 3041 5558 ἐχόντων.
3080 5553 3115 5558 _
3165 5481 3207 5558 ξ’
3234 5476 3339 5558 ιδξδο
3377 5476 3432 5553 β
