3898 6208
492 279 623 345 1981
1474 269 1962 335 THEODORETI
1987 265 2323 326 EPISCOPI
2344 267 2713 327 CYRENSIS
3564 272 3673 340 1288

483 405 595 449 tem
624 392 895 451 somnium
924 399 978 445 et
1009 388 1522 459 interpretationem
1563 387 1685 456 ejus
1724 378 2022 438 iudicaveri

2159 377 2315 449 ὑμῶν
2346 378 2836 451 διαρπαγήσονται.
2892 376 3016 431 Ἑάν
3048 376 3104 430 δὲ
3143 376 3200 431 τὸ
3235 377 3475 433 ἐνύπνιον
3499 384 3672 455 καλιὴν

482 487 556 539 tis
579 486 732 549 mihi,
761 485 901 537 dona
931 490 986 535 et
1021 495 1278 546 munera,
1304 490 1358 535 et
1388 479 1655 534 honorem
1691 477 1923 530 multum
1962 488 2021 528 ac

2157 470 2450 542 σύγκρισιν
2502 470 2670 524 αὐτοῦ
2693 471 2738 501 ⁷⁷
2773 470 3083 539 γνωρίσητε
3118 487 3228 540 μοι,
3269 471 3465 540 δόματα
3494 477 3572 526 καὶ
3595 478 3674 530 δω‹

484 581 703 652 cipietis
749 594 779 632 a
809 594 933 633 me:
965 584 1342 632 verumtamen
1378 576 1652 630 somnium
1686 583 1740 629 et
1779 574 2023 643 interpre

2157 565 2309 635 ρεάς,
2336 564 2430 617 καὶ
2449 562 2612 634 τιμὴν
2645 563 2844 632 πολλὴν
2867 562 3105 633 λήψεσθε
3139 564 3266 635 παρ’
3294 564 3423 632 ἐμοῦ
3442 582 3455 595 ·
3484 566 3604 638 πλὴν
3629 570 3675 622 1.)

394 702 401 713 ι
485 648 747 727 tationem
783 670 905 739 ejus
950 670 1277 724 annuntiate
1308 667 1462 722 mihi.
1499 685 1517 719 ι
1551 666 1677 721 Πιεο
1728 675 1910 720 autem

2153 648 2405 704 ἐνύπνιον
2426 649 2521 704 καὶ
2542 650 2642 720 τὴν
2670 649 2958 721 σύγκρισιν
2982 650 3148 723 αὑτοῦ
3178 652 3526 720 ἀπαγγείλατέ
3545 674 3636 723 μοι.
3659 678 3674 710 ι

483 763 664 818 solum
696 760 872 830 ipsius
910 761 1274 815 temeritatem
1318 773 1383 813 ac
1429 757 1728 822 feritatem,
1762 756 1858 812 sed
1884 755 2022 810 etiam

2153 740 2337 795 Ταῦτα
2372 740 2429 795 δὲ
2485 742 2546 795 ού
2597 742 2756 812 μόνον
2784 742 2947 796 αὑτοῦ
2992 743 3053 796 τὸ
3102 743 3274 815 θρασὺ
3311 743 3402 796 καὶ
3432 743 3677 814 θηριῶες,

479 867 760 908 summam
814 852 1106 905 stultitiam
1143 850 1411 905 indicant.
1442 850 1711 903 Extrema:
1759 847 1907 902 enim
1957 845 2018 899 de

2152 833 2290 888 ἀλλά
2314 833 2408 887 καὶ
2443 834 2504 887 τὸ
2537 833 2657 888 λίαν
2692 834 2920 906 ἀνόητον
2951 835 3325 888 ὑποδείκνυσιν
3351 851 3363 867 ·
3396 837 3562 901 ἀνοίας
3590 840 3677 912 γάρ

481 936 701 992 ωἐηιίιε
748 947 852 1000 est.
880 939 1116 1009 opinari,
1153 939 1236 993 vel
1284 938 1715 992 comminatione
1760 936 2020 990 malorum

2153 925 2387 996 ἐσχάτης
2428 925 2489 979 τὸ
2531 926 2779 996 νομίσαι,
2813 926 2845 997 ἢ
2879 928 2946 997 τῇ
2972 926 3168 997 ἀπειλῇ
3202 926 3310 979 τῶν
3340 927 3511 979 κακῶν
3534 970 3546 989 ,
3574 930 3602 998 ἦ
3626 935 3676 1000 τῇ

478 1029 569 1085 vel
606 1030 870 1084 bonorum
907 1030 1322 1099 pollicitatione,
1349 1028 1611 1094 majorem
1653 1026 1926 1082 Chaldaeis
1955 1040 2017 1080 co

2154 1017 2443 1087 ὑποσχέσει
2468 1018 2577 1071 τῶν
2606 1018 2828 1087 ἀγαθῶν
2848 1058 2864 1083 ,
2920 1018 3141 1071 πλείονα
3167 1020 3281 1081 τοῖς
3313 1017 3580 1081 Χαλδαίοις
3607 1021 3678 1087 ἑγ-

479 1120 781 1191 gnitionem
835 1122 1216 1191 ingeneratum
1272 1120 1362 1175 iri.
1406 1119 1484 1192 [7]
1519 1120 1716 1174 Statim
1758 1120 1943 1189 itaque
1976 1117 2018 1171 il?

2153 1109 2476 1179 γενήσεσθαι
2495 1108 2715 1177 γνῶσιν.
2737 1107 2850 1179 (ζ’.)
2875 1109 3083 1162 Αὐτίκα
3114 1106 3294 1161 τοίνυν
3316 1109 3502 1161 ἐκεῖνοι
3524 1111 3680 1178 πρὸςπ

482 1212 590 1281 ipsi
626 1211 881 1267 dixerunt
913 1230 928 1267 :
964 1232 982 1265 ι
1018 1213 1116 1267 Dic
1171 1214 1448 1267 somnium
1498 1220 1651 1267 tuum
1697 1212 1874 1268 servis
1917 1212 2021 1266 tuis

2154 1201 2315 1255 αὐτὸν
2349 1200 2558 1270 ἔφησαν
2575 1202 2620 1235 ⁷⁸
2645 1217 2659 1231 ο
2694 1221 2714 1253 ι
2750 1202 2885 1254 Εἰπὲ
2923 1200 2983 1253 τὸ
3013 1201 3263 1254 ἐνύπνιόν
3292 1218 3385 1253 σου
3423 1204 3527 1267 τοῖς
3560 1205 3681 1258 παισί

481 1309 537 1358 et
578 1302 1090 1373 interpretationem
1138 1302 1260 1372 ejus
1288 1301 1765 1356 annuntiabimus.
1805 1318 1824 1350 ι
1865 1299 2019 1354 Servi

2156 1308 2272 1355 σου,
2304 1291 2396 1344 καὶ
2428 1290 2527 1362 τὴν
2556 1289 2843 1362 σύγκρισιν
2879 1290 3045 1344 αὑτοῦ
3076 1291 3514 1361 ἀπαγγελοῦμεν.
3555 1312 3570 1344 ι
3597 1294 3682 1366 Τὴν

478 1401 652 1449 tutem
686 1396 831 1449 enim
881 1394 1141 1457 fatemur,
1178 1394 1353 1458 aiunt,
1388 1408 1575 1447 verum
1611 1393 1779 1448 etiam
1825 1391 2017 1446 humar

2157 1384 2256 1454 μὲν
2302 1384 2410 1454 γὰρ
2453 1383 2716 1449 δουλείαν,
2762 1385 2949 1454 φησὶν,
3004 1383 3408 1456 ὁμολογοῦμεν,
3452 1385 3575 1441 ἀλλὰ
3612 1389 3684 1442 καὶ

484 1484 691 1552 ingenii
719 1486 866 1540 vires
910 1486 1182 1541 novimus.
1214 1485 1279 1540 Et
1305 1488 1324 1507 '
1363 1485 1685 1556 poterimus,
1718 1484 1764 1538 si
1793 1483 2022 1540 didiccri

2152 1472 2253 1545 τὴν
2301 1473 2462 1542 φύσιν
2513 1473 2892 1545 γινώσκομεν·
2949 1474 3045 1565 xuii.
3107 1475 3444 1546 ἑρμηνεῦσαι
3497 1478 3612 1547 μὲν,
3647 1479 3683 1531 εί

482 1591 609 1633 mus
629 1617 644 1642 ,
679 1576 1028 1645 interpretari
1065 1576 1335 1631 somnium
1367 1594 1382 1631 :
1411 1584 1466 1631 at
1495 1576 1678 1646 ipsum
1721 1588 2021 1629 commcmo

2158 1564 2445 1635 μάθοιμεν,
2494 1566 2555 1619 τὸ
2582 1564 2832 1620 ἐνύπνιον
2862 1564 3224 1637 δυνησόμεθα,
3262 1569 3407 1638 ἐρεῖν
3421 1569 3462 1601 ’⁸
3488 1569 3539 1622 δὲ
3564 1570 3684 1637 αὐτὸ,

482 1680 630 1732 rare,
655 1666 800 1738 quod
841 1668 937 1723 tibi
972 1679 1255 1723 ostensum
1300 1676 1406 1736 est,
1439 1683 1503 1724 ac
1535 1667 1738 1724 deinde
1765 1684 1795 1721 a
1827 1676 1879 1722 te
1913 1667 2021 1721 obli

2157 1656 2241 1709 σοὶ
2272 1656 2370 1727 μὲν
2395 1654 2716 1727 γνωρισθὲν,
2750 1654 2871 1710 εἶτα
2916 1656 3055 1727 λήθῃ
3096 1657 3425 1729 παραδοθὲν,
3471 1658 3528 1711 οὐ
3556 1659 3684 1714 δυνά-

484 1754 631 1811 vioni
663 1734 942 1823 traditum,
981 1768 1329 1829 nequaquam
1379 1734 1695 1829 possumus.
1728 1756 1835 1812 Sed
1859 1756 2023 1811 nihilo

2162 1746 2320 1817 μεθα.
2375 1746 2512 1799 Ἀλλ’
2566 1747 2718 1801 οὐδὲν
2756 1742 2918 1820 ἧττον
2971 1749 3000 1802 ό
3052 1747 3288 1820 μάταιος
3340 1750 3573 1805 ἐπέκειτο
3613 1751 3685 1807 τοῦ

484 1845 670 1903 minus
740 1862 917 1903 vanus
1002 1848 1096 1903 ille
1190 1848 1435 1904 instabat
1522 1863 1773 1919 quaerere
1853 1848 2023 1903 somni

2160 1837 2411 1891 ἐνυπνίου
2472 1837 2652 1910 ζητῶν
2709 1838 2808 1912 τὴν
2863 1840 3195 1912 ἀνάμνησιν.
3248 1842 3541 1914 ’Λπεκρίθη
3584 1843 3683 1915 γὰρ,

484 1936 885 2006 repetitionem.
917 1936 1222 2010 Respondit
1276 1938 1423 1995 enim
1480 1954 1598 2008 rex,
1633 1938 1833 2010 inquit,
1866 1946 1923 1994 et
1969 1938 2023 1994 di

1633 1938 1833 2010 inquit,
1866 1946 1923 1994 et
1969 1938 2057 1994 di-
2160 1929 2324 2000 φησὶν
2345 1930 2412 1995 ⁸⁸,
2447 1932 2475 1985 ὁ
2506 1928 2779 2001 βασιλεὺς,
2814 1933 2911 1988 καὶ
2946 1929 3100 1987 εἶπεν
3128 1950 3140 1963 ·

398 2068 401 2071 λ
484 2028 612 2083 xit:

556 2116 637 2191 [8]
669 2137 689 2171 ‹
729 2116 786 2172 lu
813 2118 1041 2174 veritate
1070 2118 1210 2183 scio,
1234 2126 1454 2188 tempus
1479 2132 1578 2174 vos
1608 2117 1900 2181 redimere,
1925 2115 2056 2186 quia

2230 2116 2299 2182 η’.
2329 2129 2349 2163 ι
2387 2110 2778 2180 Ἐπ’ἀληθείας
2806 2106 2923 2165 οἶδα
2938 2111 3004 2177 ⁶¹,
3031 2111 3114 2165 ὅτι
3141 2112 3340 2183 καιρὸν
3364 2113 3513 2184 ὑμεῖς
3538 2114 3685 2184 ἐξαγο-

484 2210 704 2276 videtis,
751 2210 1080 2265 discessisse
1143 2224 1174 2263 a
1216 2224 1301 2265 me
1345 2207 1595 2265 verbum.
1639 2207 1830 2278 (Vens.
1870 2206 1950 2277 9.)
1999 2204 2023 2260 ε

2161 2206 2355 2279 ράζετε
2376 2207 2446 2272 ⁸³,
2485 2206 2674 2261 καθότι
2713 2206 2939 2261 είδετε¹¹ι
2960 2210 3042 2262 ὅτι
3075 2208 3294 2278 ἀπέστη
3325 2207 3421 2261 ἀπ’
3441 2208 3485 2239 ⁸³
3510 2207 3625 2277 ἐμοῦ
3644 2207 3688 2261 si

378 2298 381 2303 ’
484 2300 652 2371 igitur
710 2301 986 2357 somnium
1042 2316 1154 2355 non
1217 2300 1679 2356 annuntiaveritis
1743 2300 1901 2365 mihi,

2162 2300 2332 2371 ῥῆμα.
2372 2299 2485 2371 (θ’.)
2533 2300 2659 2355 Ἐἀν
2680 2295 2773 2354 οὖν
2812 2300 2874 2354 τὸ
2905 2300 3157 2354 ἐνύπνιον
3189 2301 3264 2372 μὴ
3306 2298 3687 2370 ἐπαγγείλητὲ¹⁶

481 2400 571 2448 est
630 2393 904 2447 sententia
972 2391 1040 2448 de
1106 2391 1282 2457 vobis,
1344 2399 1400 2447 et
1464 2391 1583 2448 scio
1656 2406 1759 2448 vos
1822 2390 2020 2447 verhui

2163 2408 2275 2462 μοι,
2315 2391 2374 2444 ἐν
2390 2391 2434 2422 ⁸⁷
2486 2392 2602 2445 ἐστι
2647 2391 2707 2445 τὸ
2742 2390 2919 2462 δόγμα
2954 2392 3128 2463 ὑμῶν,
3164 2392 3262 2446 καί
3305 2388 3420 2447 οῖδα
3451 2392 3527 2446 ὅτι
3572 2392 3692 2462 ῥῆμα

491 2482 700 2552 1081
737 2482 967 2538 mendax
999 2490 1058 2537 et
1091 2489 1411 2552 corruptum
1440 2482 1837 2552 composuisse,
1874 2491 1934 2535 ut
1973 2479 2026 2535 di

2157 2481 2350 2551 ψευδὲς
2371 2480 2467 2534 καὶ
2509 2480 2908 2552 διεφθαρμένον
2943 2481 3231 2535 συνέθεσθε
3281 2483 3457 2535 εἰπεῖν
3505 2482 3690 2535 ἐνώπιόν

478 2576 627 2629 catis
648 2588 832 2629 coram
858 2589 967 2640 me,
985 2574 1160 2629 donec
1190 2581 1408 2645 tempus
1438 2581 1747 2644 praetereat.
1771 2573 2017 2627 Somniul

2164 2590 2288 2644 μου,
2322 2572 2427 2637 ἕως
2458 2565 2521 2626 οὗ
2567 2573 2597 2625 ὁ
2645 2574 2835 2645 καιρὸς
2875 2573 3121 2646 παρέλθῃ
3154 2587 3169 2603 ⁸
3218 2575 3283 2627 τὸ
3329 2573 3564 2628 ἐνύπνιόν
3614 2591 3688 2646 μου

482 2679 667 2720 meum
714 2665 882 2721 dicite
930 2666 1088 2730 mihi,
1113 2673 1168 2721 et
1202 2667 1373 2721 sciam
1405 2666 1524 2722 fore
1580 2673 1643 2721 ut
1674 2666 1841 2722 etiam
1887 2665 2021 2721 inter

2160 2666 2352 2719 εἴπατέ
2382 2683 2493 2735 μοι,
2528 2666 2622 2718 καὶ
2642 2665 2923 2737 γνώσομαι
2948 2667 3030 2721 ὅτι
3056 2666 3155 2737 τὴν
3172 2667 3219 2699 ⁸⁸
3254 2666 3541 2738 σύγκρισιν
3559 2663 3688 2720 αὑτοῦ

483 2757 851 2827 pretationem
896 2757 1018 2827 ejus
1057 2758 1398 2814 annuntietis
1442 2757 1602 2814 mihi.
1643 2776 1663 2811 ι
1700 2756 1907 2812 [lorum
1939 2771 2022 2812 vel

2159 2756 2510 2827 άναγγελεῖτέ
2529 2759 2575 2792 ⁸⁸
2615 2775 2726 2828 μοι.
2767 2777 2786 2810 ι
2821 2757 3038 2814 Τούτων
3075 2758 3133 2812 δὲ
3173 2759 3288 2813 τῶν
3325 2759 3494 2828 λόγων
3533 2761 3563 2829 ἡ
3616 2757 3690 2829 μὲν

485 2849 681 2904 borum
741 2863 944 2919 procax
990 2848 1214 2918 quidem
1247 2857 1302 2904 et
1346 2849 1541 2905 insana
1588 2856 1675 2905 est
1721 2848 2024 2920 eﬂlagitatie

2160 2849 2455 2920 ἀπαίτησις
2480 2849 2719 2920 αὐθάδης
2746 2849 2841 2904 καὶ
2875 2850 3099 2923 μανικὴ,
3133 2852 3167 2921 ἢ
3195 2850 3254 2905 δέ
3283 2851 3578 2921 κατηγορία
3598 2850 3690 2904 λίαν

484 2941 582 2995 sed
633 2941 916 2995 accusatio
947 2940 1243 2995 admodum
1282 2956 1431 2997 vera.
1476 2938 1652 2995 Vultis
1702 2940 1851 2995 enim
1904 2954 2023 2995 som

2160 2939 2395 3011 ἀληθής·
2428 2940 2693 2995 Βούλεσθε
2721 2941 2851 3013 γάρ,
2875 2941 3009 3013 φησὶ
3034 2942 3102 3008 ⁹⁰,
3137 2940 3339 3013 μαθεῖν
3369 2942 3432 2996 τὸ
3463 2941 3688 3003 ἐνύπνιον,

482 3032 661 3094 nium,
699 3032 897 3105 inquit,
949 3033 1265 3104 percipere,
1308 3039 1369 3087 ut
1427 3031 1800 3088 communiter
1857 3030 2021 3086 falsa:

2163 3030 2250 3085 ἵνα
2312 3034 2520 3104 κοινῇεἰ
2572 3051 2694 3088 τινα
2768 3033 3107 3104 πλασάμενοι
3167 3036 3469 3107 ἑρμηνείαν
3537 3034 3690 3104 ψευδῆ,

699 3084 826 3105 --κγ
864 3084 897 3097 κ,
951 3084 1265 3104 ,πρΓ-ν,
1315 3084 1363 3087 τι
1858 3084 1893 3085 κν

481 3123 778 3192 quamdam
816 3122 1333 3193 interpretationem
1371 3122 1690 3187 commenti,
1722 3136 1809 3177 me
1850 3121 2019 3177 usitat

2159 3084 2485 3195 φενακιζςὲιὲέ
2538 3084 3692 3199 μζ’ἇυνήδιζέξζῖρξιζερᾲἑῖ’Ξᾷιᾲὲἀνοᾷἐέξῖἱ

482 3230 636 3271 more
676 3216 989 3287 decipiatis,
1022 3217 1231 3273 auxilio
1262 3217 1419 3272 vobis
1459 3215 1725 3287 temporis
1754 3214 2021 3285 longitudi

2154 3214 2250 3266 τοῦ
2283 3213 2473 3285 χρόνου
2503 3215 2563 3268 τὸ
2594 3215 2789 3285 μῆκος,
2822 3214 2919 3269 καὶ
2957 3215 3061 3286 τῆς
3090 3215 3379 3279 ἐκϐάσεως
3404 3216 3492 3269 τὸν
3532 3213 3689 3285 καιρὸν

480 3323 606 3363 nem
636 3316 1005 3371 accerseutes,
1035 3323 1098 3363 ac
1133 3317 1351 3379 tempus
1377 3316 1607 3364 ονεηιυε
1646 3314 2019 3377 exspectantes

2157 3305 2537 3377 ἀναμένοντες.
2582 3306 2801 3360 Τούτων
2846 3306 3180 3371 ἀκούσαντες
3215 3308 3267 3360 οἱ
3308 3307 3557 3361 Χαλδαῖοι
3599 3306 3692 3375 (ὡς

482 3398 584 3455 His
631 3400 857 3467 auditis,
908 3400 1172 3467 Chaldaei,
1226 3400 1322 3470 qui
1373 3407 1432 3455 ut
1482 3414 1581 3469 par
1632 3405 1752 3453 erat
1793 3396 2021 3466 majore:

2155 3398 2267 3470 γὰρ
2322 3398 2528 3466 ἔοικεν,
2572 3393 2716 3454 οὗτοι
2763 3399 2987 3454 πλείονα
3037 3399 3146 3453 τῶν
3193 3399 3376 3455 ἄλλων
3426 3397 3561 3470 εἶχον
3589 3401 3691 3468 παρ’

483 3491 628 3563 apud
658 3494 840 3563 ipsum
881 3494 1097 3549 caeteris
1128 3491 1454 3548 obtinebant
1507 3488 1769 3560 loquendi
1821 3489 2022 3544 liberta

2158 3490 2309 3562 αὐτῷ
2351 3490 2718 3564 παρρησίαν),
2746 3492 3137 3561 ἀποφαντικῶς
3152 3493 3199 3527 ⁸⁸
3242 3492 3437 3547 λοιπὸν
3464 3492 3691 3561 διαλέγον-

481 3593 615 3653 tem,
642 3586 697 3640 in
752 3587 1030 3658 reliquum
1084 3584 1307 3642 detinite
1354 3598 1480 3639 cum
1528 3599 1594 3638 eo
1644 3582 1949 3646 disserunt,
1994 3594 2020 3635 a

2167 3599 2270 3651 ται,
2305 3583 2400 3637 καὶ
2432 3580 2708 3647 παντελῶς
2757 3583 3166 3661 ἀπαγορεύουσι
3195 3583 3292 3637 τοῦ
3346 3584 3590 3637 ἐνυπνίου
3614 3582 3706 3652 vim

481 3696 715 3751 prorsus
741 3690 941 3751 negant
981 3679 1257 3736 somnium
1290 3675 1709 3732 commemorari
1742 3689 1928 3746 posse.

981 3679 1257 3736 somnium
1290 3675 1709 3732 commemorari
1742 3689 1928 3746 posse.
2159 3674 2481 3745 ἀνάμνησιν.

555 3771 670 3845 [10]
710 3791 729 3825 ι
766 3770 884 3827 Νοιι
916 3780 1002 3827 est
1030 3770 1201 3833 enim,
1239 3768 1521 3831 dixerunt,
1555 3767 1719 3822 homo
1752 3782 1919 3837 super
1943 3773 2056 3823 ter-

2228 3770 2284 3819 t'.
2307 3783 2325 3818 ι
2349 3766 2461 3820 Οὐκ
2481 3765 2597 3821 ἐστι
2618 3766 2748 3839 γάρ,
2765 3765 2970 3836 ελεγον,
2997 3767 3280 3837 ἄνθρωπος
3308 3769 3404 3821 ἐπὶ
3423 3768 3518 3839 τῆς
3537 3768 3689 3838 ξηρᾶς,

480 3879 624 3928 ram,
650 3863 744 3934 qui
774 3862 952 3933 possit
982 3860 1114 3915 illud
1149 3860 1395 3914 indicare
1422 3860 1561 3930 regi,
1591 3859 1720 3929 quia
1745 3859 1932 3916 nullus
1961 3873 2019 3914 re

2157 3858 2307 3922 ὅστις
2353 3858 2640 3929 δυνήσεται
2656 3858 2704 3891 ’⁸
2732 3859 2998 3930 γνωρίσαι
3047 3858 3109 3911 τὺ
3156 3859 3313 3931 ῥῆμα
3327 3861 3375 3894 ’⁵
3401 3859 3476 3931 τῷ
3504 3858 3689 3931 βασιλεῖ,

481 3970 718 4026 magnus
756 3960 810 4008 et
860 3952 1117 4023 princeps
1149 3949 1378 4004 verbum
1429 3949 1541 4003 tale
1588 3949 1893 4017 interrogat
1939 3962 2020 4001 ma

2158 3950 2348 4004 καθότι
2399 3949 2569 4014 stag“
2625 3949 2879 4020 βασιλεὺς
2950 3950 3124 4022 μέγας
3178 3951 3274 4004 καὶ
3334 3952 3516 4023 ἄρχων
3570 3951 3689 4022 ῥῆμα

480 4062 609 4118 gum
639 4053 693 4100 et
732 4043 1069 4099 Chaldaeum.
1102 4038 1290 4109 (Vens.
1321 4037 1433 4103 ll.)
1468 4037 1607 4104 Quia
1651 4053 1855 4102 sermo,
1886 4052 2019 4107 quem

2157 4038 2399 4094 τοιοῦτον
2421 4040 2466 4073 ⁸⁷
2520 4040 2622 4093 οὐκ
2673 4040 2926 4110 ἐπερωτᾷ
2957 4038 3208 4092 ἐπαοιδδν
3226 4039 3274 4073 ⁸⁸
3320 4042 3416 4094 καὶ
3443 4039 3686 4094 Χαλδαίαν.

480 4152 577 4191 rex
627 4136 953 4203 interrogat,
1000 4118 1206 4201 gravis,
1244 4136 1301 4183 et
1349 4143 1460 4183 non
1499 4137 1587 4183 est
1635 4128 1728 4199 qui
1776 4127 2019 4183 renuntie

2159 4130 2297 4201 (ια’.)
2324 4131 2446 4183 Ὅτι
2473 4130 2501 4183 ὁ
2528 4128 2704 4198 λόγος,
2727 4129 2786 4182 ὃν
2810 4130 2841 4183 ό
2872 4130 3126 4199 βασιλεὺς
3153 4134 3413 4205 ἐπερωτᾷ
3429 4137 3494 4198 ⁹⁹,
3521 4132 3685 4203 βαρύς·

480 4238 604 4280 eum
638 4239 822 4280 coram
852 4237 997 4291 rege,
1026 4229 1223 4290 praeter
1249 4219 1405 4284 deos,
1429 4233 1667 4288 quorum
1701 4234 1812 4273 non
1840 4228 1923 4274 est
1957 4217 2019 4272 ha

2157 4221 2254 4276 xui.
2286 4222 2468 4292 ἐτερος
2497 4221 2597 4275 οὐκ
2637 4220 2805 4286 ἔστιν,
2836 4221 2894 4285 ὃς
2927 4223 3269 4292 ἀπαγγελεῖ¹
3305 4225 3468 4278 αὐτὸν
3497 4223 3687 4277 ἐνώπιον

479 4315 677 4371 bitatio
724 4328 847 4368 cum
896 4312 1045 4367 omni
1105 4325 1289 4366 carne.
1338 4329 1355 4362 ι
1397 4309 1584 4377 Quare
1639 4325 1749 4366 non
1794 4310 1923 4365 licet
1976 4309 2017 4363 it

2156 4314 2249 4367 τοῦ
2279 4312 2537 4384 βασιλέως
2560 4353 2575 4379 ,
2613 4313 2726 4367 ἀλλ’
2755 4313 2824 4384 ἢ²
2858 4314 3010 4381 θεοὶ,
3050 4308 3126 4369 ὧν
3154 4316 3255 4370 οὐκ
3288 4316 3438 4370 ἐστιν
3474 4318 3505 4387 ἠ
3546 4332 3687 4369 κατοι-

483 4406 619 4469 tieri,
651 4404 793 4459 sicut
842 4410 1021 4473 putas.
1056 4401 1332 4469 Ilumana,
1378 4403 1556 4467 aiunt,
1594 4417 1623 4457 a
1658 4402 1817 4458 nobis
1861 4400 2018 4472 requi

2156 4405 2285 4461 κία³
2341 4404 2480 4477 μετά
2540 4405 2722 4476 πάσης
2781 4405 3002 4477 σαρκός.
3040 4425 3059 4459 ι
3091 4407 3255 4461 Ὅθεν
3302 4408 3405 4462 οὐκ
3457 4407 3684 4475 ἐνδέχεται

480 4497 607 4559 rito,
651 4508 757 4548 non
792 4508 856 4547 ea
910 4508 1030 4562 quae.
1074 4494 1187 4549 sint
1239 4507 1406 4564 supra
1442 4501 1718 4547 naturam.
1767 4491 2019 4563 Siquider

2155 4498 2411 4568 γενέσθαι
2474 4497 2726 4568 καθάπερ
2781 4499 2906 4553 οἴει.
2976 4497 3356 4571 Ἀνθρὼπινα,
3400 4499 3553 4569 φασὶ,
3585 4496 3686 4564 παρ’

479 4583 729 4639 omnium
783 4584 1019 4639 maxime
1063 4584 1281 4655 regibus
1331 4585 1593 4638 convenit
1632 4583 1781 4653 juste
1824 4598 2018 4654 regmu

2155 4589 2311 4661 ἡμῶν
2344 4588 2696 4659 ἐπιζήτησον,
2733 4589 2806 4660 μὴ
2833 4589 2900 4642 τά
2930 4590 3082 4662 παρά
3108 4590 3210 4661 τὴν
3241 4590 3402 4660 φύσιν
3424 4590 3446 4622 ⁵
3468 4607 3484 4622 ο
3509 4590 3685 4642 πάντων

480 4677 891 4744 administrare,
937 4684 990 4733 et
1034 4692 1099 4733 ea
1136 4692 1259 4749 quae
1304 4676 1419 4734 ﬁeri
1450 4677 1665 4749 possint
1714 4692 1745 4732 a
1787 4677 2019 4748 subjecti

2155 4680 2265 4749 γὰρ
2295 4679 2527 4750 μάλιστα
2559 4679 2870 4748 βασιλεῦσιν
2901 4681 3164 4753 ἁρμόττει
3195 4681 3422 4745 δικαίως
3452 4679 3543 4751 τὴν
3566 4678 3685 4749 βασι-

479 4767 805 4839 requirere:
847 4783 970 4839 quae
1013 4783 1147 4824 vero
1192 4783 1339 4823 nunc
1393 4767 1666 4839 postulas,
1707 4768 1853 4822 haud
1902 4768 2018 4838 just

2152 4768 2303 4823 λείαν
2338 4769 2575 4834 ἰθύνειν,
2628 4769 2722 4824 καὶ
2765 4768 2836 4824 τὰ
2861 4770 3064 4826 δυνατά
3119 4772 3275 4843 παρὰ
3320 4771 3426 4825 τῶν
3471 4768 3684 4838 ὑπηκόων

479 4859 759 4932 postulas;
791 4874 968 4931 neque
998 4860 1144 4915 enim
1176 4859 1480 4925 hominum,
1506 4860 1598 4930 qui
1636 4860 1847 4930 1032
1883 4874 2014 4914 carn

2157 4862 2328 4915 αἰτεῖν
2356 4876 2370 4891 ·
2402 4860 2438 4914 ἃ
2470 4860 2527 4913 δὲ
2560 4859 2655 4914 νῦν
2681 4863 2952 4927 ἀπαιτεῖς,
2986 4864 3046 4917 ού
3078 4863 3304 4928 omnia);
3330 4864 3601 4922 ἀπαιτεῖς’
3639 4854 3684 4907 οὗ

479 4950 803 5009 circumdati
845 4958 1010 5017 sunt,
1053 4950 1440 5021 hujuscemodi
1489 4958 1573 5006 est
1628 4950 1895 5020 cognitio,
1948 4967 2018 5006 SCl

2154 4950 2263 5021 γάρ
2313 4952 2461 5003 ἐστιν
2509 4950 2812 5022 ἀνθρώπων
2869 4952 2977 5007 τῶν
3028 4955 3208 5027 σάρκα
3256 4946 3680 5028 περικειμένωνή

1801 5126 2032 5182 VARle
2074 5127 2474 5185 LECTIONES.

544 5243 593 5279 ⁷⁷
619 5243 741 5301 αὐτ.
768 5243 895 5322 _De_s.
928 5244 983 5298 in
1007 5242 1070 5322 13τ
1104 5313 1116 5322 _
1140 5242 1371 5322 "_rr96;.
1406 5241 1445 5295 Β
1470 5256 1654 5313 prtem.
1680 5240 2329 5322 fdktv.__':B.E91<xav,n
2368 5245 2419 5322 εξ
2455 5246 2537 5318 ἐρ.
2629 5246 2864 5322 εὐρεῖνη
2905 5251 2954 5322 '1
2970 5250 3098 5322 γὰρ,
3128 5269 3259 5322 φησ.
3294 5254 3334 5307 Β
3359 5252 3431 5306 δέ.
3504 5253 3547 5286 ³³
3572 5245 3681 5322 οἶδα.

548 5269 587 5279 ··
619 5269 741 5301 αυτ.
775 5269 895 5300 tres.
930 5269 983 5298 Ill
1011 5269 1070 5297 υ.
1145 5269 1187 5276 ’⁷
1218 5269 1371 5314 προς.
1408 5269 1445 5295 υ
1470 5269 1654 5313 primu.
1686 5269 1865 5295 παΛιν.
1946 5269 1982 5275 --
2011 5269 2049 5296 υ
2070 5269 2297 5312 εφαισαν.
2368 5269 2414 5279 ν*
2455 5269 2537 5318 Ep.
2562 5269 2604 5300 ι)
2629 5269 2827 5319 ευρειν.
2905 5269 2944 5289 ⁵·
2970 5269 3098 5322 γαρ,
3128 5269 3165 5321 φ
3209 5271 3259 5308 σ.
3296 5269 3334 5307 lt
3359 5269 3431 5306 οε.
3504 5269 3547 5286 ’⁵
3572 5269 3681 5302 οιοα.

477 5321 728 5386 Bpraam.
765 5314 897 5386 ἐγώ,
928 5315 1071 5384 quod
1103 5313 1233 5386 in‘A_
1271 5330 1442 5386 sequ._
1486 5322 1608 5386 post
1651 5310 1805 5386 οἷδαεγ
1878 5310 2001 5386 ⁸³-Β
2042 5313 2476 5386 ἐξαγοράζεσθε.
2550 5317 2596 5351 δδ
2625 5318 2747 5372 καθ.
2794 5319 2892 5373 εῖδ.
2923 5317 3050 5375 Des.
3091 5269 3239 5377 in
3319 5329 3361 5361 ³³
3394 5322 3504 5375 ἀπ’.
3540 5322 3575 5372 Α
3619 5318 3681 5381 ἐξ.

474 5381 601 5441 ,ΓΒ
645 5381 1038 5457 ἀπαγγείλητε.
1106 5384 1178 5457 μετ
1212 5381 1372 5457 ἐν-τξ
1423 5381 1596 5457 ὑμῷν,
1637 5382 1753 5457 καί1
1778 5381 1898 5457 ges.
1931 5382 1996 5457 in
2025 5382 2089 5437 A.
2172 5381 2245 5422 ’⁸⁸
2272 5387 2403 5457 ᾲτῄν.
2433 5387 2476 5439 Α
2516 5393 2569 5441 et
2618 5386 2657 5441 Β
2700 5403 2886 5457 praeut.
2950 5391 3064 5445 καί.
3175 5394 3221 5427 ⁸⁸
3273 5393 3312 5447 Β
3341 5389 3679 5456 ἀπαγγελείτε.

474 5458 523 5503 ⁸⁸
576 5455 729 5528 φησί.
776 5450 1142 5528 Ειῂυριψιὶι-
1178 5523 1190 5528 _
1247 5450 1367 5528 "__B
1397 5450 1603 5528 ξαινῄν.
1629 5519 1666 5528 _
1708 5451 1755 5483 "
1786 5450 1826 5504 Β
1848 5451 2130 5528 λαϐόντες.
2227 5455 2287 5528 _"
2318 5450 2356 5508 Β
2385 5450 2758 5528 ἀγποφατικίιῖς,
2798 5459 3009 5514 omisso
3044 5462 3251 5516 λοιπόν.
3328 5465 3371 5498 ⁸³
3402 5450 3680 5515 absim.

474 5533 523 5568 ⁸³
538 5519 603 5599 ab
638 5519 815 5599 βῆμα,
842 5524 921 5599 Ex
963 5523 1001 5576 Β
1035 5519 1214 5599 suppl.
1287 5520 1489 5599 "_7:dc;_.
1629 5519 1671 5574 B
1701 5520 1884 5599 suppl.
1959 5523 2005 5599 ’_’
2034 5524 2082 5599 ᾼ
2107 5523 2334 5599 τοιοῦτο.
2378 5525 2459 5599 _’°
2487 5519 2846 5599 Ast-cactst‘bv,
2886 5529 3095 5599 μάγων,
3139 5533 3431 5587 Χαλδαίων.
3464 5530 3504 5583 Β
3534 5528 3682 5599 πάντα

479 5590 653 5669 μᾲγρν
674 5590 955 5669 Χαλδαῐονέ
1046 5593 1092 5669 ’ξ
1121 5590 1162 5644 Β
1189 5592 1384 5663 ἐρωτᾷ.
1466 5591 1481 5623 ¹
1516 5590 1556 5644 Β
1589 5592 1893 5662 ἀναγγελεῖ.
1970 5593 1990 5622 ¹
2030 5593 2085 5663 ἦ.
2121 5591 2197 5651 Ita
2226 5600 2269 5649 A
2297 5603 2347 5652 et
2376 5595 2435 5661 Β,
2464 5597 2559 5654 scd
2598 5598 2732 5653 edit.
2764 5590 2913 5669 prior
2956 5590 2988 5654 li
3028 5590 3094 5658 b.'
3115 5605 3196 5657 οἱ.
3273 5605 3295 5636 ³
3327 5604 3364 5659 Β
3398 5597 3681 5667 xxviii:qu

475 5661 651 5721 αὐτῶν
764 5667 785 5701 δ
822 5665 864 5720 Β
890 5664 986 5735 τῆς
1015 5661 1248 5734 φύσεως.
