3898 6208
398 257 542 326 129i

1404 250 1891 313 THEODORETI
1927 246 2265 309 EPISCOPI
2287 247 2654 310 CYRENSIS

3513 247 3631 313 12θὲ

408 375 625 431 ιιαοίιιιιι
685 380 872 425 revera
924 365 1156 420 multum
1214 363 1463 418 interest.
1521 358 1657 414 Nam
1709 357 1979 413 mendacii

2094 356 2267 424 σοφῶν
2324 356 2659 420 Βαϐυλῶνος.
2694 374 2712 406 ι
2769 352 3014 425 Ἀληθῶς
3065 352 3195 408 πολὺ
3252 354 3350 425 τῆς
3406 356 3637 429 ἀληθείας

401 466 638 538 opiﬁces
683 477 714 516 a
762 460 947 516 divina
1002 457 1269 511 societate
1322 452 1553 515 deserti,
1585 450 1834 533 solisque
1880 448 1983 503 hu-

407 560 589 615 manis
653 551 968 610 rationibus
1024 564 1055 604 a
1121 549 1325 619 pietate
1386 546 1576 601 vacuis
1643 543 1983 608 innitentes,

400 652 590 707 omnia
624 656 740 702 tum
772 643 989 706 dicunt,
1014 649 1128 696 tum
1162 639 1393 704 faciunt,
1426 645 1488 692 ut
1521 635 1776 692 homines
1818 631 1984 690 sedu-

402 751 558 809 eant;
587 749 642 794 at
673 735 890 808 1084
915 733 1162 791 veritatis
1217 729 1428 785 alumni
1483 729 1696 798 absque
1742 740 1985 796 superno

402 830 612 885 auxilio
638 825 777 880 nihil
810 837 988 895 neque
1018 822 1227 881 dicere.
1252 833 1430 890 neque
1468 817 1654 874 facere
1683 818 1982 878 sustinent,

406 923 500 980 sed
546 919 846 991 petitiones
887 931 1016 972 suas
1047 915 1115 969 ad
1162 926 1451 981 eam,qnaa
1484 909 1670 965 omnia
1707 909 1980 969 intuetur,

405 1010 806 1087 providentiam
853 1006 1178 1069 referentes,
1208 1008 1224 1025 ‘
1270 1002 1584 1058 immobiles
1631 1007 1978 1071 permanent,

406 1121 675 1178 nusquam
712 1101 995 1174 exagitati,
1024 1114 1206 1170 neque
1247 1098 1356 1152 ltuc
1385 1105 1553 1167 atque
1584 1095 1713 1151 illuc
1742 1095 1984 1148 circum-

407 1202 523 1267 Iati,
552 1200 666 1254 imo
695 1197 765 1253 ab
803 1197 1171 1251 humanarum
1210 1190 1610 1263 cogitationum
1657 1196 1983 1257 tempestate

407 1293 734 1348 incolumes.
764 1285 923 1356 Quod
967 1285 1191 1341 divinus
1221 1281 1407 1337 Daniel
1444 1287 1700 1343 testatur,
1721 1278 1816 1348 qui
1852 1292 1982 1333 cum

408 1385 475 1440 ad
530 1380 917 1453 inquirendum
967 1374 1243 1432 somnium
1291 1372 1547 1443 exiguum
1603 1371 1709 1427 sibi
1766 1379 1983 1439 tempus

407 1478 522 1531 dari
551 1475 824 1547 petiisset,
853 1486 961 1525 non
996 1469 1276 1523 incassum
1313 1463 1449 1519 illud
1484 1464 1537 1517 in
1571 1460 1981 1523 ratiocinanilo,

406 1567 502 1624 sed
551 1567 605 1620 in
651 1561 908 1634 precibus
956 1574 1021 1614 ac
1061 1553 1562 1627 supplicationibus
1602 1549 1980 1620 consumpsit,

411 1656 555 1713 haud
611 1670 671 1711 se
727 1653 846 1709 solo
899 1649 1097 1714 fretus,
1135 1647 1232 1703 sed
1293 1645 1568 1702 similibus
1627 1657 1848 1714 quoque
1894 1639 1981 1697 sui

407 1748 713 1821 aequalibus
746 1744 818 1799 ad
871 1740 1240 1798 communiter
1301 1734 1724 1808 supplicandum
1768 1731 1982 1789 ascitis.
2018 1720 2059 1775 Β

408 1841 593 1911 Neque
612 1851 737 1896 eum
762 1850 888 1906 spes
919 1831 1137 1888 fefellit.

477 2013 646 2068 Vens.
678 2008 861 2066 49-22.
896 2025 914 2058 ι
951 2003 1106 2060 Tunc
1134 2003 1303 2067 enim,
1338 2002 1538 2075 inquit,
1572 1999 1789 2057 Danieli
1824 1999 1881 2056 in
1907 1999 1989 2054 vi-

409 2106 567 2160 sione
604 2101 784 2156 noctis
808 2097 1128 2169 mysterium
1157 2093 1461 2149 revelatum
1486 2100 1592 2157 est,
1624 2101 1680 2147 et
1709 2091 1990 2147 benedixit

411 2196 603 2252 Daniel
642 2194 754 2250 Deo
788 2192 939 2248 cteli.
985 2189 1051 2243 Et
1080 2188 1257 2244 dixit:
1283 2188 1368 2242 Sit
1410 2201 1613 2242 nomen
1642 2185 1860 2240 Domini
1892 2184 1988 2240 Dei

411 2288 761 2346 benedictum
804 2300 834 2339 a
877 2283 1083 2339 saeculo
1133 2289 1189 2337 ct
1229 2296 1405 2350 usque
1439 2280 1495 2334 in
1544 2279 1826 2343 saeculum,
1858 2277 1989 2349 quia

411 2378 682 2450 sapientia
738 2389 793 2433 et
847 2374 1165 2430 intellectus
1217 2372 1340 2442 ejus
1388 2377 1494 2427 est.
1540 2370 1609 2425 Et
1663 2370 1779 2440 ipse
1810 2375 1992 2423 mutat

413 2482 662 2543 tempora
699 2479 755 2527 et
804 2483 1003 2533 annos,
1033 2465 1328 2523 constituit
1377 2478 1562 2538 reges,
1592 2470 1649 2519 et
1698 2460 1988 2530 transfert,

413 2565 553 2620 dans
585 2561 909 2634 sapientiam
950 2558 1314 2630 sapientibus,
1343 2564 1397 2613 et
1424 2556 1773 2628 prudentiam
1809 2555 1992 2610 scien-

413 2657 564 2711 tibus
592 2654 952 2708 intelleetum.
978 2649 1102 2721 Ipse
1131 2649 1336 2706 revelat
1361 2647 1637 2719 profunda
1661 2654 1717 2702 et
1749 2646 1989 2702 abscon-

413 2742 547 2802 d.ta,
574 2753 919 2810 cognoscens
945 2753 1008 2793 ea
1034 2753 1156 2808 qua:
1184 2739 1238 2792 in
1266 2737 1511 2799 tenebris
1539 2744 1690 2800 sunt,
1723 2746 1778 2791 et
1801 2736 1991 2791 lumen

413 2848 538 2889 cum
570 2847 638 2887 eo
666 2840 771 2887 est.
801 2849 821 2883 ι
857 2830 911 2884 ln
941 2829 1199 2885 omnibus
1243 2828 1386 2899 grati
1424 2828 1592 2883 animi
1624 2842 1737 2898 prae
1783 2842 1844 2884 se
1884 2826 1989 2882 fert

416 2924 772 2994 probitatem,
817 2922 1192 2992 bymnnmque
1246 2922 1422 2976 nectit
1470 2935 1581 2975 non
1633 2920 1985 2991 simpliciter,

2093 450 2189 503 καὶ
2221 449 2316 503 τοῦ
2350 448 2579 519 ψεύδους
2623 448 2685 502 τὸ
2724 448 2922 519 μέσονο
2971 449 3022 501 oi
3050 448 3149 519 μὲν
3183 447 3295 517 γάρ
3323 448 3414 502 τοῦ
3438 451 3639 520 τεπυς

2092 541 2322 612 ἐργάται
2373 544 2472 608 τῆς
2510 544 2662 600 θείας
2722 544 2860 597 είσὶν
2914 543 3111 615 ἔρημοι
3164 546 3512 615 συμμαχίας,
3561 550 3641 603 καὶ

2090 632 2370 705 λογισμοῖς
2423 635 2605 705 μόνοις
2649 634 3012 706 ἀνθρωπίνοις
3060 634 3344 699 εὐσεϐείας
3381 653 3639 707 γεγυμνω-

2096 724 2278 794 μένοις
2310 724 2605 796 χρώμενοι,
2639 725 2821 780 πάντα
2844 726 2938 780 καί¹
2969 725 3188 795 λέγουσι
3218 726 3315 780 καὶ
3338 728 3642 797 πράττουσιν

2090 817 2171 879 εἰς
2205 817 2419 887 ἀπάτην
2451 816 2753 891 ἀνθρώπων
2779 834 2793 850 ο
2827 819 2878 871 oi
2907 818 2964 871 δὲ
2994 819 3252 891 τρόφιμοι
3294 819 3388 888 τῆς
3415 820 3641 891 ἀληθείας

2089 906 2268 976 λέγειν
2289 911 2334 940 ³³
2365 908 2398 978 ἦ
2440 908 2701 978 πράττειν
2728 908 3010 979 ἀνέχονται
3049 908 3202 962 οὐδὲν
3241 908 3367 979 δίχα
3400 910 3494 979 τῆς
3525 913 3642 966 ἄνω-

2091 997 2183 1050 οεν
2223 997 2474 1069 βοηθείας
2500 1016 2513 1028 ·
2555 999 2623 1052 τὰ
2666 998 2724 1052 δὲ
2784 999 2933 1068 σφῶν
2963 998 3141 1053 αὐτῶν
3187 1000 3518 1070 αἰτήματα¹⁸
3561 1005 3642 1075 τῆς

2090 1089 2267 1142 πάντα
2315 1089 2601 1161 ὲφορώσης
2653 1090 2996 1162 προμηθείας
3059 1090 3413 1157 ἐξάπτοντες,
3465 1095 3644 1149 ἱστᾶσιν

2088 1182 2358 1252 ἀκίνητοι,
2401 1183 2477 1254 μὴ
2516 1184 2887 1255 κλονούμενοι,
2942 1185 3077 1256 μηδὲ
3104 1187 3234 1257 τῇδε
3263 1187 3484 1240 κάκεῖσε
3511 1205 3644 1255 περτ-

2090 1276 2419 1346 φερόμενοι,
2463 1276 2603 1331 ἀλλὰ
2646 1278 2748 1350 τῆς
2782 1276 2953 1349 ζάλης
2984 1277 3093 1332 τῶν
3132 1277 3491 1349 ἀνθρωπίνων
3515 1280 3642 1349 λογι-

2090 1368 2244 1439 σμῶν
2268 1369 2703 1441 ἀπηλλαγμένοι.
2735 1370 2848 1423 Kal
2875 1369 3067 1424 τούτου
3099 1370 3312 1440 μάρτυς
3337 1372 3366 1423 ό
3393 1370 3644 1436 θεσπέσιος

2088 1460 2317 1531 Δανιὴλ,
2373 1460 2552 1530 ὀλίγον
2600 1463 2717 1533 μὲν,
2758 1461 2951 1533 χρόνον
3001 1463 3237 1532 αἰτήσας
3294 1463 3375 1524 είς
3430 1462 3520 1534 τὴν
3565 1467 3643 1518 τοῦ

2089 1550 2345 1603 ἐνυπνίου
2375 1550 2619 1623 εὕρεσιν,
2659 1552 2759 1605 οὐκ
2806 1554 2888 1617 είς
2920 1552 3225 1623 λογισμοὺς
3271 1551 3328 1606 δὲ
3375 1552 3546 1618 ἁπλῶς
3573 1558 3645 1610 τὸν

2089 1643 2281 1714 καιρὸν
2310 1642 2650 1714 δαπανήσας,
2687 1643 2804 1698 ἀλλ’
2847 1645 2928 1710 είς
2957 1645 3195 1699 ἱκετείαν
3225 1646 3321 1698 καὶ
3348 1650 3642 1719 προσευχὴν,

2088 1733 2184 1787 καὶ
2221 1735 2343 1789 οὐδὲ
2390 1735 2566 1808 ἐαυτῷ
2606 1736 2752 1807 μόνῳ
2796 1735 3117 1809 θαρρήσας,
3164 1735 3308 1791 ἀλλά
3358 1736 3451 1789 καὶ
3470 1737 3513 1769 ²⁶
3540 1737 3645 1800 τοὺς

2088 1826 2427 1896 ὁμοτρόπους
2466 1829 2547 1890 είς
2581 1827 2871 1881 κοινωνίαν
2903 1828 3004 1900 τῆς
3050 1828 3291 1891 ἱκετείας
3323 1826 3529 1880 λαϐώνο
3567 1830 3646 1882 καὶ

2090 1918 2193 1973 οὐκ
2222 1917 2460 1989 ἐψεύσθη
2495 1918 2595 1989 τῆς
2634 1918 2868 1983 ἐλπίδος.

2163 2013 2371 2084 ιθ⁹οκβ’.
2410 2033 2429 2065 ι
2460 2013 2594 2067 Τότε
2621 2013 2751 2086 γὰρ,
2787 2014 2942 2083 φησὶ,
2994 2012 3072 2085 τῷ
3115 2012 3320 2084 Δανιὴλ
3356 2005 3645 2086 ἐν’ὁράματι

2089 2108 2188 2178 τῆς
2211 2107 2405 2169 νυκτὸς
2430 2105 2492 2160 τὸ
2513 2108 2558 2138 ’⁷
2608 2107 2909 2178 μυστήριον
2956 2104 3323 2177 ἀπεκαλύφθη
3344 2145 3360 2165 .
3399 2107 3487 2160 καὶ
3512 2106 3645 2173 ηὐλόο

2091 2214 2228 2269 γησε
2266 2196 2467 2268 Δανιὴλ
2488 2197 2536 2231 “
2590 2196 2685 2251 τὸν
2734 2196 2868 2250 Θεὸν
2918 2195 3016 2250 τοῦ
3047 2195 3308 2268 ούρανοῦ.
3343 2198 3450 2251 Kal
3481 2193 3642 2250 εἷπεν·

2093 2285 2195 2356 Είη
2231 2287 2292 2340 τὸ
2338 2285 2510 2356 ὄνομα
2537 2285 2749 2357 Κυρίου
2773 2285 2819 2318 ³⁸
2865 2283 2962 2339 τοῦ
3005 2283 3141 2338 Θεοῦ
3172 2285 3532 2356 εὐλογημένον
3559 2286 3647 2338 ἀπὸ

2089 2378 2185 2433 τοῦ
2216 2378 2414 2441 αἰῶνος
2445 2377 2541 2431 καὶ.
2569 2375 2675 2440 ἕως
2718 2375 2813 2430 τοῦ
2845 2375 3061 2440 αἰῶνος,
3114 2376 3200 2429 ὄτι
3243 2379 3276 2447 ἡ
3311 2377 3467 2445 σοφία
3508 2381 3589 2430 καὶ
3616 2377 3643 2447 ἡ

2092 2470 2308 2533 σύνεσις
2330 2469 2376 2502 ⁹⁰
2407 2468 2573 2523 αὑτοῦ
2603 2469 2743 2522 ἐστι.
2778 2466 2889 2521 Καὶ
2910 2467 3075 2531 αὐτὸς
3102 2466 3311 2522 ἀλλοιοί
3333 2469 3545 2538 καιροὺς
3567 2469 3643 2521 καὶ

2089 2561 2334 2632 χρόνους,
2363 2559 2598 2629 καθιστᾷ
2627 2557 2868 2629 βασιλεῖς
2890 2558 2986 2612 καὶ
3013 2557 3270 2629 μεθιστᾷ,
3291 2557 3460 2620 διδοὺς
3482 2559 3644 2626 σοφίαν

2088 2653 2201 2714 τοῖς
2229 2653 2431 2721 σοφοῖς,
2461 2651 2556 2705 καὶ
2579 2651 2842 2723 φρόνησιν
2862 2653 2978 2714 τοῖς
2998 2650 3165 2704 εἰδόσι
3191 2650 3429 2704 σύνεσιν.
3448 2649 3596 2713 Αὐτὸς
3607 2650 3639 2681 ⁸¹

2089 2742 2464 2797 ἀποκαλύπτει
2519 2740 2694 2812 βαθέα
2739 2742 2835 2797 καὶ
2885 2743 3181 2814 ἀπόκρυφα
3204 2781 3223 2803 ,
3284 2743 3549 2811 γινώσκων
3586 2742 3643 2795 τά

2090 2834 2150 2887 ὲν
2198 2834 2278 2902 τῷ
2322 2834 2538 2900 σκότει,
2589 2834 2743 2888 καὶ³³
2812 2832 2929 2904 φῶς
2984 2835 3103 2905 μετ’
3152 2833 3327 2886 αὑτοῦ
3376 2833 3584 2886 tanta”.
3617 2851 3632 2881 ι

2088 2925 2188 2978 Διά
2208 2926 2425 2979 πάντων
2453 2925 2551 2999 τὴν
2584 2926 2792 2980 οἰκείαν
2834 2925 3268 2996 εὐγνωμοσύνην
3297 2925 3541 2985 δείκνυσι,
3566 2926 3640 2977 καὶ

414 3017 509 3071 sed
562 3016 713 3071 illius
773 3012 1027 3070 nectendi
1083 3021 1471 3083 argumentum
1520 3011 1733 3068 faciens
1784 3010 1987 3068 somnii

2094 3018 2283 3073 πλέκει
2311 3018 2401 3073 τὸν
2427 3018 2596 3091 ὕμνον
2622 3018 2722 3090 οὐχ
2767 3017 2973 3082 ἁπλῶς,
3006 3017 3142 3071 ἀλλά
3168 3020 3274 3088 τῆς
3314 3017 3510 3085 πλοκῆς
3536 3015 3642 3087 ὓλην

415 3111 591 3180 ipsius
623 3108 1022 3164 inventionem.
1050 3105 1213 3161 Decet
1244 3107 1413 3172 enim,
1432 3104 1634 3175 inquit,
1662 3112 1989 3175 perpetuum

415 3219 479 3258 ac
521 3203 917 3273 sempiternum
950 3199 1117 3254 Deum
1162 3199 1515 3254 continenter
1554 3197 1861 3261 celebrare,
1898 3210 1991 3252 sa-

417 3295 635 3366 pientiae
678 3303 734 3349 et
791 3292 1169 3362 intelligentiae
1222 3291 1453 3355 fontem,
1504 3298 1655 3345 recte
1715 3297 1771 3344 et
1821 3287 1993 3358 probe

375 3453 381 3460 ε
416 3387 602 3443 οιιιιιίιι
652 3385 1069 3450 moderantem,
1110 3398 1409 3454 rerumque
1458 3380 1858 3436 mutationibus
1905 3394 1997 3434 ar-

418 3486 674 3548 guentem
735 3475 990 3529 humanm
1057 3470 1476 3542 tranquillitatis
1536 3466 1989 3532 inconstantiam,

421 3568 638 3640 1085
673 3567 1044 3636 omnibusque
1089 3578 1246 3620 suam
1291 3568 1478 3632 aperte
1518 3558 1820 3631 potentiam
1851 3556 1994 3613 indi-

417 3671 633 3715 cantem
661 3676 676 3714 :
701 3657 974 3727 siquidem
1008 3669 1168 3726 reges
1194 3666 1393 3709 creans
1419 3665 1613 3707 rursus
1646 3650 1798 3719 ipsos
1822 3662 1993 3719 regno

418 3751 581 3808 facile
627 3749 880 3813 abdicat,
925 3747 1287 3816 tribuensque
1338 3749 1701 3816 potestatem,
1744 3743 1993 3798 eamdem

420 3856 544 3896 cum
593 3840 713 3895 vult
776 3838 997 3902 adimit;
1063 3834 1498 3905 sapientiamque
1550 3847 1615 3887 ac
1646 3832 1994 3904 prudentiam

422 3933 540 4004 ipse
571 3930 884 4002 suppeditat
912 3946 927 3982 :
954 3941 1118 3999 quam
1151 3935 1335 3982 tamen
1360 3924 1506 3979 haud
1541 3932 1748 3979 temere
1792 3924 1996 3994 imper-

427 4023 584 4088 titur,
625 4021 719 4077 sed
761 4020 830 4076 iis
855 4020 949 4090 qui
986 4017 1131 4074 illius
1166 4015 1539 4088 cognoscendi
1570 4014 1759 4077 studio
1799 4022 1994 4071 tenen-

425 4122 536 4176 tur,
570 4112 907 4184 revelatque,
960 4116 1123 4180 prout
1165 4106 1424 4171 voluerit,
1465 4120 1529 4162 ea
1565 4120 1687 4175 qua:
1723 4121 1996 4176 nusquam

424 4210 712 4276 apparent,
730 4203 823 4258 sed
850 4201 1014 4257 veluti
1043 4198 1280 4271 quodam
1315 4196 1597 4269 profundo
1622 4198 1993 4261 occultantur,

424 4308 550 4349 cum
583 4291 824 4347 nondum
859 4290 1006 4345 facta
1043 4288 1157 4343 sint
1188 4303 1201 4341 :
1235 4296 1442 4341 etcum
1483 4286 1559 4341 sit
1607 4286 1815 4349 lumen,
1850 4285 1996 4356 quod

2094 3110 2420 3181 ποιούμενος
2444 3110 2539 3165 τοῦ
2567 3110 2821 3164 ἐνυπνίου
2844 3110 2945 3180 τὴν
2972 3109 3211 3181 εὕρεσιν.
3252 3112 3511 3181 Προσήκει
3533 3109 3640 3179 γὰρ.

2093 3201 2228 3270 φησὶ
2248 3241 2264 3267 ,
2319 3201 2411 3255 τὸν
2461 3201 2632 3255 ἀίδιον
2688 3201 2784 3254 καὶ
2835 3198 3056 3255 αἰώνιον
3113 3201 3384 3272 διηνεκῶς
3419 3203 3639 3271 ἀνυμνείν

2093 3290 2225 3344 Θεὸν
2249 3329 2266 3355 ,
2320 3292 2513 3361 σοφίας
2563 3291 2693 3345 ὄντα
2743 3291 2838 3345 καὶ
2898 3291 3166 3356 συνέσεως
3225 3293 3407 3365 πηγὴν
3429 3333 3443 3355 ,
3498 3292 3642 3363 6906;;

2093 3382 2310 3445 ἅπαντα
2340 3383 2436 3437 καὶ
2479 3381 2702 3451 ἀγαθῶς
2759 3383 3166 3455 πρυτανεύοντα
3192 3425 3207 3449 ,
3263 3386 3358 3439 καὶ
3406 3387 3517 3445 ταῖς
3557 3382 3641 3436 τῶν

2094 3473 2438 3544 πραγμάτων
2487 3474 2811 3544 μταϐολαῖς
2864 3474 3158 3545 ἐλέγχοντα
3207 3476 3310 3546 μὲν
3352 3475 3410 3528 τὸ
3447 3473 3537 3544 τῆς
3566 3474 3638 3526 ἀν-

2095 3564 2372 3635 θρωπίνης
2399 3565 2700 3637 εὐημερίας
2749 3566 3025 3629 ἀϐέϐαιον,
3061 3567 3352 3621 δεικνύντα
3379 3567 3433 3621 δὲ
3472 3566 3640 3620 ἅπασιν

2094 3656 2343 3728 ἐναργῶς
2381 3657 2479 3728 τὴν
2530 3658 2739 3712 οἰκείαν
2773 3658 2925 3729 ίσχύν
2948 3674 2964 3688 ⁸
3019 3659 3348 3730 χειροτονῶν
3387 3658 3489 3729 γὰρ
3514 3656 3639 3727 βασι-

2095 3749 2244 3814 λέας,
2275 3749 2436 3804 πάλιν
2461 3751 2655 3814 αὐτοὺς
2689 3751 3095 3821 ἀποχειροτονεί
3126 3750 3349 3822 ῥᾳδίως,
3381 3751 3470 3803 καὶ
3496 3748 3638 3809 διδοὺς

2096 3840 2343 3905 ἐξουσίαν
2377 3841 2690 3912 ἀφαιρεῖται
2720 3841 2946 3908 ταύτην,
2975 3840 3103 3895 ὅταν
3133 3840 3296 3912 ἐθέλῃ
3314 3857 3327 3870 ·
3364 3841 3453 3894 καὶ
3476 3837 3637 3907 σοφίας

2095 3931 2153 3985 δὲ
2182 3932 2275 3985 καὶ
2308 3934 2622 4003 φρονήσεως
2653 3924 2811 3995 οὗτός
2833 3931 2883 3963 ³⁵
2925 3932 3041 3984 ἐστι
3076 3932 3316 4003 χορηγός
3336 3946 3353 3962 ο
3393 3930 3556 3984 δίδωσι
3591 3927 3636 3978 δὲ

2094 4024 2301 4096 ταύτην
2332 4025 2430 4095 οὐχ
2454 4024 2661 4088 ἁπλῶς,
2697 4023 2836 4077 ἀλλὰ
2867 4025 2980 4087 τοῖς
3008 4023 3256 4076 συνιέναι
3284 4023 3441 4077 αὑτὸν
3463 4022 3504 4055 ³⁸
3533 4019 3634 4092 βου-

2096 4113 2342 4184 λομένοις
2368 4133 2383 4146 ·
2417 4113 2790 4168 ἀποκαλύπτει
2837 4113 2897 4166 δὲ
2936 4114 3011 4178 ὼς
3028 4113 3074 4145 ³⁸
3111 4112 3288 4167 ἐθέλει
3316 4114 3383 4168 τὰ
3411 4110 3634 4187 μηδαμῶς

2098 4208 2415 4279 φαινόμενα,
2447 4208 2564 4262 ἀλλ’
2594 4203 2704 4263 οἷόν
2741 4226 2847 4263 τινι
2890 4207 3037 4279 βυθῷ
3075 4210 3428 4281 κρυπτόμενα
3456 4206 3523 4278 τῷ
3551 4220 3632 4277 μη-

2097 4299 2246 4354 δέπω
2294 4299 2584 4369 γενέσθαι·
2626 4300 2722 4356 καὶ
2766 4300 2883 4370 φῶς
2930 4301 3197 4373 ὑπάρχων
3219 4300 3433 4373 νοερὸν,
3482 4296 3630 4368 φῶς⁸⁷

426 4391 608 4439 mente
661 4381 978 4453 percipitur,
1021 4379 1202 4435 lucem
1257 4377 1576 4433 inhabitans
1633 4377 1989 4432 inaccessibi-

2097 4392 2263 4447 οἰκῶν
2313 4392 2607 4463 ἀπρόσιτον
2631 4433 2646 4457 ,
2702 4391 2947 4464 ἀκριϐῶς
2976 4392 3196 4447 ἅπαντα
3227 4391 3475 4463 γινώσκει
3503 4388 3559 4441 τὰ
3584 4387 3629 4441 ἐν

428 4477 532 4531 lem
566 4473 619 4541 δ,
656 4488 776 4544 qua:
826 4473 884 4526 in
923 4470 1163 4527 tenebris
1217 4476 1486 4540 geruntur
1530 4469 1714 4525 omnia
1756 4467 1998 4540 perfecte

427 4567 729 4640 cognoscit.

505 4636 676 4712 l’nns.
708 4655 799 4710 25.
841 4674 860 4707 ι
901 4652 1081 4721 Quare
1113 4653 1232 4721 tibi,
1269 4653 1414 4711 Deus
1478 4663 1694 4726 patrum
1731 4636 2001 4723 meorum,

429 4744 716 4807 conﬁteor,
734 4751 788 4797 et
811 4741 975 4796 laudo
1001 4741 1126 4810 (te),
1149 4745 1277 4813 quia
1306 4745 1633 4814 sapientiam
1658 4755 1713 4801 et
1738 4745 1998 4801 virtutem

431 4833 627 4887 dedisti
675 4832 830 4897 mihi,
860 4840 917 4888 et
958 4849 1106 4889 nunc
1159 4835 1418 4892 indicasti
1460 4838 1616 4905 mihi,
1661 4852 1785 4909 qua:
1837 4855 1999 4910 roga-

434 4924 610 4980 vimus
661 4938 692 4977 a
733 4930 808 4990 te,
859 4925 988 4995 quia
1039 4927 1306 4985 visionem
1364 4931 1511 5002 regis
1566 4942 1754 4987 notam
1816 4930 1997 4988 fecisti

504 5100 530 5141 δ
558 5101 579 5155 l
608 5101 750 5160 Tim.
772 5117 851 5169 vr,
880 5102 972 5160 l6.

2100 4482 2175 4554 τῷ
2208 4484 2389 4538 σκότει
2418 4483 2697 4555 γινόμενα.

2171 4668 2275 4728 κγ’.
2323 4678 2342 4711 ι
2375 4660 2464 4714 Διό
2495 4677 2598 4724 σοι,
2628 4663 2658 4714 ὁ
2683 4660 2816 4723 Θεὸς
2841 4661 2951 4715 τῶν
2983 4661 3236 4731 πατέρων
3262 4677 3385 4730 μου,
3406 4657 3445 4689 ³⁸
3470 4656 3625 4723 ἐξομο-

2100 4751 2366 4820 λογοῦμαι
2399 4752 2493 4804 καὶ
2518 4751 2674 4816 αίνῶ,
2700 4752 2782 4805 ὅτι
2814 4751 3005 4820 σοφίαν
3033 4752 3125 4805 καὶ
3155 4750 3382 4820 δύναμιν
3399 4748 3440 4780 ³⁸
3461 4742 3628 4800 ἔδωκάς

2111 4862 2221 4915 μοι,
2276 4843 2370 4896 καὶ
2403 4841 2562 4896 νῦνΜ
2612 4840 2914 4912 ἐγνώρισάς
2952 4860 3042 4914 μοι
3091 4842 3129 4897 ἃ
3178 4840 3478 4913 ἠξιώσαμεν
3505 4830 3627 4900 παρά

2109 4933 2239 4999 σοῦ,
2288 4934 2460 4988 ὅτιτὸ
2507 4935 2687 5005 ὅραμα
2708 4934 2751 4966 ’⁵³
2797 4934 2892 4988 τοῦ
2942 4933 3206 4998 βασιλέως
3244 4926 3522 5001 ἐγνώρισάς
3557 4938 3626 4993 μοι

1701 5216 1936 5275 VARUS
1973 5216 2380 5277 LECTIONES.

526 5371 574 5403 “
603 5370 721 5442 λέγ.
759 5399 830 5442 έ
857 5371 1010 5442 ἀνέχ.
1046 5370 1102 5425 Ιιι
1134 5370 1174 5425 Β
1199 5369 1424 5442 ponitur
1452 5379 1577 5441 post
1610 5370 1877 5442 βοηθείας.

1972 5374 2018 5406 ’⁸
2048 5376 2158 5431 ait.
2188 5375 2231 5429 B
2260 5375 2555 5433 πείσματα.
2632 5377 2682 5410 ³⁸
2707 5376 2820 5432 καί.
2853 5375 2980 5433 Des.
3021 5375 3075 5430 in
3110 5373 3173 5430 Β.
3249 5374 3294 5405 ³⁷
3319 5370 3395 5426 τό.
3421 5367 3491 5423 Ex
3516 5366 3550 5420 Α
3578 5368 3620 5416 ει

528 5392 574 5403 ’⁷
604 5392 721 5440 Αεγ.
759 5399 830 5411 ⁸-
857 5392 1010 5493 ανεῖ.
1048 5392 1102 5425 Ill
1134 5392 1174 5425 υ
1200 5392 1424 5440 punitur
1453 5392 1577 5441 pOSl
1610 5392 1877 5442 ροηυειας.
1974 5392 2018 5406 ’ν
2048 5392 2158 5431 αιτ.
2190 5392 2231 5429 ὕ
2260 5392 2555 5446 πεισματα.

436 5441 675 5528 ᾳειιρρι.
741 5440 787 5474 ’⁸
806 5447 956 5528 ’Δανλ
987 5458 1018 5495 ιι
1117 5449 1187 5528 et
1206 5441 1258 5528 ᾲΒ
1281 5442 1515 5528 ειιοιιὶίιιιι·
1542 5451 1668 5528 post
1689 5442 1939 5528 οὐρανοῦ.
1972 5514 1985 5528 ‘
2017 5447 2243 5528 "diue.
2290 5445 2420 5528 Des:
2451 5445 2506 5528 ιιι
2530 5446 2595 5499 Δ.

433 5512 479 5584 Δ
507 5509 695 5584 praim:
725 5512 840 5566 καί.
911 5511 956 5544 ³¹
975 5511 1087 5584 καί.
1122 5509 1247 5584 Des.
1280 5509 1337 5566 iu
1372 5509 1432 5584 1},
1458 5509 1579 5584 _sed_
1610 5511 1657 5584 Δ
1685 5509 1877 5584 liabet
1901 5514 2017 5584 καὶ,
2043 5515 2104 5569 τὸ
2144 5509 2280 5584 φῶς.

434 5575 628 5654 eam.
659 5580 700 5634 Β
735 5596 922 5654 pra’m:
949 5580 1058 5654 καὶ
1079 5579 1303 5654 γνῷναι.
1523 5575 1812 5654 οῖςλθέλῃ.
1861 5582 1905 5615 ³⁷
1946 5583 2081 5654 φῶς.
2112 5575 2311 5641 Βάιίύ.
2363 5602 2444 5638 τε.

2694 5447 2741 5479 ⁸⁸
2778 5446 2896 5502 σύν.
2943 5446 3139 5503 Chald.
3188 5444 3371 5511 robur.
3416 5435 3617 5511 3‘an-

2374 5515 2421 5547 ³³
2464 5516 2579 5570 εστ.
2644 5515 2839 5572 Chald.
2889 5517 3120 5571 habitat.
3212 5506 3615 5572 “simillimi-

2546 5565 2591 5619 δ’
2883 5565 3120 5643 Ᾰῂᾗῆῇ
3145 5565 3328 5656 suple
3353 5565 3383 5568 δή
3400 5576 3440 5610 ⁸⁹
3466 5577 3566 5631 δύν.
3584 5565 3617 5621 Β

436 5649 670 5706 σύνεσιν.
735 5649 806 5684 ’⁸ο
859 5651 975 5707 νῦν.
1029 5649 1151 5707 Des.
1182 5650 1237 5705 in
1257 5653 1302 5704 Α
1396 5651 1442 5683 ⁸¹
1471 5652 1551 5705 ὅτι
1582 5651 1642 5705 τὸ
1669 5649 1764 5722 ὃρῖ
1790 5653 1832 5705 Λ
1864 5649 2035 5706 καὶτὸ
2065 5655 2235 5726 ῥῆμα.
