3898 6208
379 322 513 385 1295

1346 314 1826 374 TIIEODORET]
1859 312 2197 372 EPISCOPI
2230 311 2592 373 CYRENSIS

3459 321 3579 388 1296

373 439 466 509 qui
496 452 606 493 non
630 440 781 503 sunt,
807 430 1031 506 expellit
1053 428 1465 489 multitudinem
1488 448 1500 484 :
1525 445 1593 487 eo
1619 445 1772 493 vero,
1798 429 1936 501 quod

2050 430 2156 482 Καὶ
2201 427 2278 499 τῷ
2322 428 2417 498 μὲν
2448 426 2610 498 ἑνικῷ
2639 427 2862 497 ὀνόματι
2910 429 2969 482 τὸ
3004 429 3199 500 πλῆθος
3232 431 3469 488 ἐκϐάλλει
3490 438 3582 490 τῶν

374 532 429 583 in
456 528 597 582 cmlo
624 525 817 595 degere
844 522 1023 593 ipsum
1054 517 1214 586 dixit,
1246 520 1459 590 eos'qui
1502 520 1758 575 deorsum
1791 534 1939 574 com-

374 624 656 691 parerent,
700 630 812 671 non
853 628 978 669 esse
1042 611 1177 669 deos
1220 613 1485 678 ostendit,
1539 613 1632 668 sed
1693 612 1939 666 fraudem

373 714 441 768 ab
476 713 494 731 ‘
526 711 763 767 humano
810 703 1046 761 artillcio
1096 703 1420 775 profectam.
1459 724 1477 757 ι
1516 706 1621 761 llic
1671 704 1814 760 Deus
1853 704 1938 758 in-

370 804 573 860 dicavit
619 798 1175 862 Nabuchodonosori,
1238 814 1360 868 qua:
1408 805 1656 868 oporteat
1709 798 1828 852 ﬁeri
1888 798 1941 855 in

370 893 689 951 novissimis
741 891 960 947 diebus.
1000 909 1018 942 ι
1057 889 1134 945 lta
1170 906 1401 946 exorsus
1454 906 1653 947 rursus
1709 889 1943 961 benigne

370 984 693 1058 appellando
720 984 823 1039 sibi
850 983 916 1036 ad
952 982 1283 1041 audiendum
1322 982 1467 1054 regis
1500 981 1941 1037 benevolentiam

370 1077 647 1132 conciliat.
683 1094 699 1127 ι
742 1074 878 1139 Rex,
927 1074 1135 1143 inquit,
1193 1074 1247 1128 in
1311 1074 1509 1127 saecula
1557 1072 1695 1127 vive.
1741 1091 1758 1124 ι
1809 1072 1941 1125 Nam

371 1170 497 1240 quia
548 1168 823 1223 somnium
870 1165 1124 1221 dicturus
1181 1174 1286 1227 est,
1324 1172 1375 1219 et
1431 1164 1941 1233 interpretationem

372 1262 667 1321 allaturus,
713 1258 932 1328 ipsique
960 1258 1127 1326 ‘rcgni
1179 1258 1519 1312 eversionem
1554 1256 1941 1326 pracdicturus,

388 1351 460 1404 ita
502 1347 763 1419 praefatur
808 1348 1051 1416 :Cnpio,
1091 1348 1285 1417 inquit,
1318 1362 1416 1416 ego
1456 1347 1640 1401 animo
1696 1362 1834 1409 meo,
1891 1348 1944 1401 in

370 1449 695 1511 perpetuum
730 1439 914 1493 vivere
961 1446 1049 1503 te;
1101 1454 1170 1493 ne
1200 1438 1386 1506 itaque
1436 1437 1571 1491 mihi
1613 1438 1943 1507 ascripseris

370 1532 515 1600 quod
579 1531 677 1583 tibi
733 1544 831 1599 per
881 1529 1154 1583 somnium
1212 1528 1550 1583 declaratur.
1605 1527 1744 1582 Tum
1811 1529 1940 1587 ait:

378 1643 397 1673 ο
440 1622 724 1679 Somnium
756 1630 932 1686 tuum,
965 1628 1022 1678 et
1048 1623 1288 1679 visiones
1324 1622 1525 1691 capitis
1558 1622 1635 1675 tui
1684 1622 1738 1677 in
1772 1623 1940 1678 cubili

2044 522 2143 573 οὐκ
2170 519 2337 573 ὄντων
2367 518 2523 583 θεῶν,
2548 521 2613 591 τῇ
2641 518 2695 573 δὲ
2724 520 2781 572 ἐν
2810 518 3024 592 ούρανῷ
3049 521 3290 596 διαγωγῇ
3313 525 3432 589 τοὺς
3453 528 3582 582 κάτω

2045 610 2398 681 φαινομένους
2421 609 2689 664 δείκνυσιν
2713 612 2775 665 ού
2798 612 2973 677 θεοὺς,
2994 612 3109 664 ἀλλ’
3126 612 3338 683 ἀπάτην
3358 616 3586 688 ἀφορμὴν

2043 700 2271 771 ἔχουσαν
2303 699 2411 754 τῶν
2435 700 2734 772 ἀνθρώπων
2764 704 2862 774 τὴν
2889 703 3104 774 τέχνην.
3147 723 3164 755 ι
3188 697 3353 768 Οὗτος
3372 708 3411 738 ⁸⁸
3440 709 3586 776 ἐγνώ-

2043 810 2196 864 ρισεν
2227 794 2255 845 ὁ
2282 793 2413 857 Θεὸς
2444 792 2521 864 τῷ
2562 792 2769 863 βασιλεῖ
2800 794 3267 865 Ναϐουχοδονόσορ
3292 793 3327 847 ἂ
3354 796 3430 848 δεῖ
3450 799 3588 864 γενέ-

2045 884 2167 938 σθαι
2201 885 2286 937 ἐπ’
2316 885 2557 954 ἐσχάτων
2571 884 2614 916 ⁸³
2644 885 2751 938 τῶν
2790 885 3034 957 ἡμερῶν.
3069 905 3087 937 ι
3131 884 3287 938 Οὕτω
3315 903 3590 957 προοιμια-

2046 979 2299 1048 σάμενος,
2354 979 2516 1033 πάλιν
2567 980 2866 1033 ἐπισπᾶται
2920 982 2988 1050 τῇ
3022 978 3242 1049 εὐλογίᾳ
3284 978 3362 1041 είς
3405 979 3593 1033 εὔνοιαν

2044 1069 2135 1124 τοῦ
2167 1071 2429 1142 βασιλέως
2467 1072 2564 1141 τὴν
2602 1072 2788 1143 ἀκοήν.
2854 1089 2871 1121 ι
2906 1069 3133 1123 Βασιλεῧ
3155 1070 3220 1134 ⁸³,
3255 1069 3384 1141 γὰρ,
3428 1072 3592 1141 φησιν.

2046 1164 2123 1226 είς
2152 1166 2277 1226 τοὺς
2309 1163 2509 1227 αἰῶνας
2540 1163 2683 1233 ζῆθι.
2729 1183 2748 1215 ι
2806 1163 3027 1234 Ἐπειδὴ
3058 1163 3165 1235 γὰρ
3220 1164 3399 1234 μέλλει
3430 1166 3515 1218 καὶ
3546 1167 3597 1219 τὸ

2046 1255 2293 1309 ἐνύπνιον
2341 1255 2557 1325 λέγειν,
2608 1258 2701 1309 καὶ
2740 1256 2841 1325 τὴν
2886 1257 3184 1328 ἑρμηνείαν
3232 1258 3478 1326 ἐπάγειν,
3518 1259 3600 1312 καὶ

2048 1348 2336 1419 προλέγειν
2366 1348 2514 1419 αύτῷ
2546 1348 2644 1419 τὴν
2677 1350 2773 1417 τῆς
2815 1347 3094 1418 βασιλείας
3127 1349 3442 1413 κατάλυσιν,
3485 1367 3601 1420 προ-

2048 1439 2457 1509 οιμιαζόμενος·
2513 1439 2740 1510 Εὑχὴ⁶δ,
2790 1438 2982 1510 φησὶν,
3033 1440 3181 1491 ἐστὶν
3212 1440 3367 1508 ἐμοὶ,
3416 1439 3508 1510 ζῇν
3550 1458 3600 1492 σε

2049 1529 2341 1601 διηνεκῶςο
2378 1530 2451 1601 μὴ
2489 1530 2665 1583 τοίνυν
2705 1532 2830 1600 ἐμοὶ
2860 1530 3169 1601 ἐπιγράψης
3197 1529 3259 1582 τὸ
3285 1530 3388 1581 ὑπὸ
3413 1528 3499 1582 τοῦ
3527 1531 3601 1582 ἐν-

2052 1622 2242 1676 υπνίου
2272 1621 2615 1693 δηλούμενον.
2650 1617 2785 1677 Εἶτά
2831 1639 3003 1693 φησι·
3065 1641 3083 1673 ι
3111 1622 3185 1675 Τὸ
3225 1622 3471 1675 ἐνύπνιόν
3498 1639 3597 1683 σου,

373 1726 486 1781 tuo,
519 1716 623 1771 hoc
666 1720 771 1778 est,
816 1728 934 1770 rex.
975 1732 993 1765 ι
1035 1711 1089 1766 ld
1119 1722 1220 1776 est,
1248 1727 1370 1783 qum
1402 1720 1565 1771 nocte
1587 1712 1792 1777 vidisti,
1832 1716 1936 1771 haec

2055 1713 2147 1767 καὶ
2192 1714 2248 1767 αἱ
2290 1714 2510 1783 ὁράσεις
2529 1713 2573 1745 ⁸⁵
2600 1714 2698 1783 τῆς
2739 1714 2982 1784 κεφαλῆς
3024 1729 3139 1777 σου,
3190 1713 3286 1766 ἐπὶ
3312 1713 3408 1782 τῆς
3437 1712 3601 1781 κοίτης

372 1816 536 1863 sunt:

443 1978 610 2034 Vnus.
633 1976 725 2031 29.
765 1995 783 2027 ι
814 1975 1190 2046 Cogitationes
1216 1984 1318 2029 tum
1351 1973 1404 2027 in
1435 1974 1605 2029 cubili
1636 1979 1730 2027 tuo
1760 1988 1948 2029 ascen-

371 2074 588 2133 derunt,
621 2070 687 2125 de
707 2071 775 2125 iis
801 2084 921 2139 qua:
955 2076 1203 2139 oporteat
1237 2067 1349 2121 ﬁeri
1395 2077 1515 2137 post
1552 2067 1686 2121 lizec.
1720 2085 1737 2116 ι
1778 2066 1945 2137 Cogi-

374 2166 559 2227 t‘abas,
585 2163 785 2232 inquit,
821 2162 873 2216 in
904 2162 1050 2214 lecto
1080 2160 1314 2222 cubans,
1345 2174 1414 2213 an
1456 2176 1671 2230 semper
1696 2161 1945 2214 victurus

371 2269 545 2317 esses,
586 2267 653 2304 an
701 2264 831 2305 vero
884 2250 1137 2321 humanae
1188 2257 1400 2304 naturae
1446 2251 1561 2322 lege
1599 2250 1944 2306 moriturus?

370 2344 645 2415 Cupiebas
684 2352 863 2411 autem
924 2357 1009 2407 ea,
1060 2357 1181 2413 quae
1237 2342 1481 2397 nondum
1530 2344 1801 2411 accidere,
1849 2360 1938 2399 co-

369 2448 655 2507 gnoscere.
711 2430 775 2485 Et
802 2432 848 2486 is
880 2432 971 2502 qui
1015 2446 1217 2486 arcana
1265 2433 1490 2499 revelat,
1532 2434 1791 2489 indicavit
1841 2435 1940 2488 tibi

369 2542 491 2597 quae
512 2532 763 2597 Oporteat
795 2526 1037 2579 evenire.
1062 2521 1278 2594 Ubique
1314 2534 1493 2578 autem
1522 2526 1743 2601 1088
1773 2541 1940 2603 unum

372 2619 537 2675 Deum
580 2618 858 2689 prmdicat,
898 2624 955 2670 ut
1002 2616 1376 2670 multitudinis
1418 2618 1648 2673 deorum
1688 2617 1943 2673 excludat

370 2724 653 2763 errorem:
705 2707 903 2762 deinde
944 2705 1145 2761 mentis
1193 2720 1413 2775 quoque
1463 2720 1577 2760 suae
1614 2706 1941 2763 modestiam

366 2800 712 2871 comprobat.

438 2889 603 2946 Vsus.
641 2890 730 2946 30.
774 2909 795 2942 ι
834 2889 963 2944 Μὶίιί
1016 2891 1190 2952 enim,
1241 2890 1443 2960 inquit,
1475 2906 1587 2945 non
1624 2891 1678 2943 in
1723 2890 1940 2960 sapien-

367 2983 462 3048 tia,
496 2997 618 3052 quae
642 2989 727 3038 est
767 2982 822 3036 in
865 2997 950 3036 me
978 2988 1176 3050 praeter
1207 2996 1398 3037 omnes
1439 2982 1706 3046 viventes,
1738 2990 1941 3052 myste-

368 3077 506 3128 rium
542 3074 643 3128 hoc
686 3074 985 3128 revelatum
1025 3083 1110 3129 est
1145 3090 1158 3127 :
1202 3073 1297 3129 sed
1342 3073 1465 3129 ideo
1502 3083 1560 3127 ut
1609 3073 1940 3142 interpreta-

365 3167 568 3219 tionem
617 3164 731 3235 rcgi
760 3163 1085 3229 indicarem,
1123 3171 1177 3219 et
1219 3173 1277 3219 ut
1317 3179 1621 3234 cognoscas
1651 3164 1941 3235 cegitatio-

365 3272 462 3310 nes
504 3256 688 3309 cordis
724 3257 823 3309 tui.
863 3274 882 3307 ι
923 3256 1247 3317 Assecutus,
1302 3256 1501 3325 inquit,
1537 3272 1681 3317 sum,
1730 3264 1787 3311 ut
1836 3255 1939 3309 hoc

368 3346 499 3399 milii
539 3347 897 3407 revelaretur,
946 3362 1053 3399 non
1100 3347 1259 3416 quasi
1302 3346 1404 3400 sim
1433 3346 1736 3416 sapientior
1762 3349 1941 3399 omni-

368 3437 467 3489 tus
505 3436 838 3503 hominibus,
881 3436 976 3491 sed
1018 3444 1076 3490 ut
1110 3445 1166 3493 tu
1201 3451 1500 3506 cognoscas
1554 3452 1675 3507 quae
1728 3436 1939 3492 discere

364 3526 695 3596 concupisti,
729 3541 926 3596 meque
948 3536 1006 3582 ut
1036 3526 1241 3581 famulo
1275 3542 1375 3582 suo
1413 3527 1580 3597 hujus
1607 3526 1937 3597 cognitionis

365 3617 615 3671 ministro
645 3632 777 3671 usus
805 3627 888 3673 est
930 3617 1093 3673 Deus.
1125 3617 1422 3673 Exorditur
1458 3620 1646 3686 itaque
1674 3619 1939 3672 narratio-

365 3723 506 3769 nem,
541 3723 603 3761 ac
635 3708 869 3778 primum
901 3710 1081 3777 ipsum
1113 3709 1267 3765 ali‘ert
1291 3709 1588 3763 somnium.

437 3797 598 3853 Vens.
642 3800 834 3853 5l-35.
874 3819 892 3850 ι
932 3797 1036 3864 Τυ,
1083 3814 1197 3862 rex,
1239 3799 1481 3861 videbas,
1514 3808 1567 3854 et
1588 3815 1717 3853 ecce
1758 3800 1936 3871 imago

363 3905 487 3952 una,
524 3891 711 3956 multa,
748 3890 925 3958 imago
956 3891 1050 3943 illa
1098 3905 1316 3957 magna,
1354 3899 1407 3943 et
1443 3889 1612 3945 facies
1656 3892 1777 3961 ejus
1821 3894 1933 3947 ele-

362 3988 483 4034 vata
512 3989 666 4034 stans
695 3997 724 4032 a
758 3979 896 4033 facie
920 3988 1032 4044 tua,
1065 3987 1117 4034 et
1145 3980 1285 4034 visio
1317 3981 1438 4049 ejus
1468 3982 1753 4036 terribilis.
1790 3983 1933 4037 lina-

360 4086 446 4141 go,
486 4072 649 4140 cujus
690 4079 857 4141 caput
891 4071 1009 4124 auri
1038 4072 1159 4141 puri
1193 4089 1209 4138 ;
1260 4087 1478 4138 manus,
1521 4082 1575 4127 et
1620 4084 1833 4143 pectus,
1880 4086 1932 4131 et

360 4161 582 4213 brachia
622 4162 742 4229 ejus
796 4171 1051 4231 argentea
1096 4180 1109 4215 :
1160 4168 1348 4216 venter
1400 4171 1454 4216 et
1506 4162 1716 4218 femora
1765 4182 1928 4220 terea.

361 4252 425 4305 lit
461 4252 606 4307 tibiar-
659 4253 867 4318 ferreae,
922 4253 1087 4322 pedes
1144 4255 1341 4323 partim
1396 4253 1581 4318 ferrei,
1630 4268 1681 4311 et
1732 4259 1928 4327 partim

357 4344 571 4399 tictiles.
624 4362 644 4395 ι
702 4343 1130 4413 Quadruplicem
1185 4344 1469 4400 materiam
1524 4362 1622 4417 per
1669 4351 1927 4418 praedicta

1980 1786 2021 1839 Β
2052 1820 2166 1869 σου,
2203 1802 2360 1856 τοῦτό
2378 1802 2422 1835 ⁸⁸
2446 1805 2579 1865 ἐστι,
2610 1800 2851 1872 βασιλεύ.
2890 1820 2908 1853 ι
2955 1802 3101 1855 Ἀντὶ
3131 1800 3227 1853 τοῦ
3254 1816 3269 1830 ·
3302 1801 3371 1854 Ἀ
3407 1800 3601 1869 νύκτωρ

2048 1895 2278 1958 ἐθεάσω,
2302 1895 2473 1949 ταῦτά
2503 1897 2666 1947 ἐστιν’

2118 1988 2219 2040 κθ’.
2269 2007 2286 2038 ι
2317 1988 2379 2040 Oi
2408 1985 2747 2055 διαλογισμοί
2810 2003 2901 2037 σου
2936 1984 3026 2037 ἐπὶ
3054 1983 3152 2054 τῆς
3178 1983 3370 2051 κοίτης
3400 1999 3489 2035 σου
3524 1983 3602 2035 ἀν·

2046 2079 2269 2147 ἔϐησαν,
2318 2076 2351 2131 ἂ
2385 2077 2427 2109 ⁸⁷
2461 2076 2541 2130 δεῖ
2573 2075 2822 2143 γενέσθαι
2857 2076 2995 2146 μετὰ
3018 2075 3212 2129 ταῦτα.
3261 2095 3279 2126 ι
3327 2075 3599 2141 Ἐλογίζου,

2046 2171 2198 2240 φησὶ,
2252 2168 2646 2237 κατακείμενος
2702 2167 2793 2220 ἐπὶ
2836 2167 2935 2237 τῆς
2993 2167 3202 2238 κλίνης,
3260 2167 3370 2219 εἴτε
3409 2167 3485 2230 είς
3528 2167 3602 2219 ἀεὶ

2044 2261 2204 2334 ζήσῃ,
2235 2263 2342 2314 εἴτε
2370 2260 2447 2331 τῷ
2476 2260 2624 2330 νόμῳ
2647 2260 2753 2311 τῶν
2782 2258 3086 2330 ἀνθρώπων
3128 2259 3239 2313 ὑπὸ
3278 2259 3367 2312 τὸν
3396 2258 3601 2311 θάνατον

2043 2356 2246 2424 γενήσῃ
2274 2370 2285 2382 ·
2323 2350 2617 2422 ἐπεθύμεις
2642 2350 2697 2404 δέ
2726 2349 2915 2421 μαθεῖν
2948 2352 3041 2404 καὶ
3072 2351 3139 2403 τὰ
3185 2351 3356 2421 μήπω
3382 2350 3426 2382 ⁵⁸
3458 2366 3601 2419 γεγεο

2042 2443 2267 2517 νημένα.
2300 2442 2409 2496 Καὶ
2442 2444 2470 2495 ὀ
2501 2441 2898 2497 ἀποκαλύπτων
2934 2441 3208 2513 μυστήρια
3239 2440 3498 2513 ἐγνώρισέ
3530 2456 3601 2493 σοι

2041 2538 2077 2591 ἃ
2101 2537 2183 2590 δεῖ
2209 2535 2479 2605 γενέσθαι.
2512 2532 2798 2604 Πανταχοῦ
2828 2534 2885 2587 δέ
2910 2533 3001 2587 τὸν
3025 2532 3122 2587 ἕνα
3175 2533 3441 2604 κηρύττει
3465 2532 3601 2595 Θεὸν,

2040 2631 2138 2700 τῆς
2173 2628 2457 2688 πολυθεῖας
2489 2625 2732 2679 ἐκϐαλὼν
2751 2625 2795 2657 ⁸⁸
2825 2626 2925 2695 τὴν
2959 2626 3167 2696 πλάνην
3192 2641 3208 2655 ’
3262 2620 3383 2678 εἶτα
3409 2625 3496 2679 καὶ
3519 2624 3599 2677 τοῦ

2040 2719 2240 2774 οἰκείου
2272 2718 2619 2789 φρονήματος
2652 2717 2748 2788 τὴν
2779 2716 3108 2788 μετριότητα
3146 2714 3441 2769 δείκνυσιν.

2110 2893 2172 2946 λ’.
2222 2911 2239 2941 ι
2283 2897 2433 2961 Ἐμοὶ
2461 2896 2589 2962 γάρ,
2624 2892 2809 2962 φησὶν,
2851 2890 2952 2943 οὐκ
2981 2891 3040 2943 ἐν
3082 2889 3250 2961 σοφίᾳ
3281 2891 3347 2960 τῇ
3385 2886 3512 2959 οὔσῃ
3551 2892 3602 2943 ἐν

2041 2986 2163 3054 ἐμοὶ
2195 2984 2344 3055 παρὰ
2380 2984 2587 3046 πάντας
2620 2984 2744 3046 τοὺς
2770 2982 3001 3048 ζῶντας,
3035 2983 3096 3037 τὸ
3132 2983 3436 3053 μυστήριον
3466 2982 3603 3034 τοῦτο

2041 3074 2419 3145 ἀπεκαλύφθη,
2472 3074 2585 3127 ἀλλ’
2618 3075 2804 3128 ἕνεκεν
2836 3073 2928 3127 τοῦ
2957 3074 3057 3145 τὴν
3091 3073 3385 3145 σύγκρισιν
3415 3071 3487 3144 τῷ
3520 3071 3602 3140 βα-

2045 3164 2182 3217 σιλεῖ
2207 3164 2487 3234 γνωρίσαι,
2531 3163 2622 3216 καὶ
2654 3163 2744 3216 ἵνα
2774 3161 2917 3233 γνῷς
2946 3163 3073 3225 τοὺς
3104 3161 3490 3230 διαλογισμοὺς
3517 3162 3603 3227 τῆς

2042 3258 2269 3331 καρδίας
2298 3274 2409 3309 σου.
2441 3275 2458 3305 ι
2500 3254 2719 3326 Ταύτης
2744 3254 2873 3326 γὰρ,
2904 3254 3059 3323 φησὶ,
3087 3252 3189 3322 τῆς
3224 3250 3601 3320 ἀποκαλύψεως

2041 3350 2250 3419 ἔτυχον,
2281 3350 2378 3402 οὐκ
2416 3348 2602 3418 ἐπειδὴ
2645 3347 2861 3401 πάντων
2902 3346 3017 3416 είμῖ
3051 3346 3158 3397 τῶν
3186 3344 3494 3415 ἀνθρώπων
3522 3359 3600 3395 σο-

2040 3441 2303 3510 φώτερος,
2339 3439 2453 3493 ἀλλ’
2481 3441 2567 3491 ἴνα
2601 3440 2664 3492 σὺ
2698 3436 2874 3509 μάθῃς
2907 3436 2943 3489 ὃ.
2976 3436 3170 3505 μαθεῖν
3221 3435 3598 3504 ἐπεθύμησας·

2039 3532 2161 3602 ἐμοὶ
2198 3531 2253 3584 δέ
2297 3532 2526 3601 διακόνῳ
2557 3531 2760 3600 ταύτης
2790 3531 3059 3601 ἐχρήσατο
3089 3527 3189 3596 τῆς
3232 3527 3505 3597 γνώσεως,
3536 3526 3601 3588 ὡς

2037 3622 2218 3693 οἰκείῳ
2261 3623 2571 3693 θεράποντι.
2620 3622 2881 3691 Ἀρχεται
2921 3621 3102 3673 τοίνυν
3141 3619 3246 3689 τῆς
3283 3617 3597 3688 ἐξηγήσεως,

2039 3713 2130 3766 καὶ
2160 3713 2367 3781 λέγεινο
2398 3714 2613 3782 πρῶτον
2648 3709 2779 3763 αὐτὸ
2803 3711 2864 3763 τὸ
2894 3709 3166 3762 ἐνύπνιον.

2107 3805 2318 3872 λα’-λγ¹.
2371 3824 2389 3855 ι
2418 3806 2511 3867 Σὺ,
2556 3802 2798 3873 βασιλεῦ,
2834 3801 3109 3873 ἐθεώρεις,
3152 3801 3250 3853 καὶ
3296 3800 3405 3853 ἰδοὺ
3453 3797 3601 3852 είκὼν

2038 3896 2158 3966 μία,
2206 3895 2372 3965 πολλὴ
2393 3896 2461 3961 '“,
2512 3895 2545 3965 η
2576 3893 2738 3947 είκὼν
2788 3893 3016 3963 μεγάλη,
3068 3892 3162 3945 καὶ
3194 3893 3229 3961 ἡ
3266 3893 3392 3961 ὄψις
3423 3889 3597 3959 αὐτῆς,

2036 3988 2349 4061 ὑπερφερὴς
2378 3987 2589 4040 ἐστῶσα
2620 3987 2727 4058 πρὸ
2756 3987 3047 4056 προσώπου
3076 4001 3190 4046 σου,
3243 3984 3343 4038 καὶ
3367 3984 3400 4055 ή
3426 3983 3599 4054 ὅρασις

2034 4076 2201 4145 αὐτῆς
2226 4075 2450 4146 φοϐερά.
2478 4074 2677 4141 Εἰκὼν,
2707 4071 2775 4144 ἧς
2802 4077 2834 4145 η
2860 4074 3069 4144 κεφαλὴ
3096 4073 3325 4144 χρυσίου
3350 4070 3597 4141 καθαροῦ,

2033 4168 2087 4220 αἱ
2123 4170 2298 4237 χεῖρες
2315 4168 2383 4231 ⁷³,
2423 4166 2516 4220 καὶ
2554 4167 2613 4219 τὸ
2661 4165 2873 4237 στῆθος,
2907 4166 2999 4218 καὶ
3040 4165 3090 4217 οἱ
3127 4163 3420 4236 βραχίονες
3446 4159 3601 4229 αὐτῆς

2032 4259 2281 4328 ἀργυροῖ,
2320 4258 2411 4311 καὶ
2448 4257 2625 4310 κοιλῖα
2652 4259 2745 4309 καὶ
2774 4258 2823 4309 οἱ
2861 4257 3025 4327 μηροὶ
3052 4254 3267 4325 χαλκοῖ.
3302 4255 3369 4306 Αἱ
3402 4253 3597 4321 κνῆμαι

2033 4347 2265 4420 σιδηραῖ,
2292 4350 2341 4402 οι
2374 4348 2531 4411 πόδες
2563 4348 2726 4418 μέρος
2769 4348 2869 4417 μέν
2895 4365 2947 4400 τι
2975 4347 3194 4418 σιδήρου
3211 4347 3286 4409 ’⁸,
3324 4347 3418 4400 καὶ
3447 4346 3598 4415 μέρος

355 4443 702 4512 signiﬁcavit,
737 4455 955 4502 aurum,
1003 4444 1308 4509 argentum,
1345 4454 1467 4519 tes,_
1495 4437 1698 4494 ferrum
1748 4462 1759 4495 :
1802 4459 1923 4495 nam

2044 4440 2084 4492 5έ
2110 4457 2161 4492 τι
2185 4438 2520 4509 ὀστράκινον.
2558 4458 2577 4491 ι
2620 4440 2897 4510 Τέτταρας
2927 4439 3025 4509 μὲν
3052 4437 3182 4499 ὔλας
3215 4437 3310 4491 διὰ
3340 4437 3447 4490 τῶν
3476 4452 3595 4504 προ·

354 4544 545 4589 ιρειιιιιι
577 4531 723 4586 haud
758 4546 856 4601 per
894 4546 974 4595 se,
1028 4531 1123 4586 sed
1168 4528 1317 4585 ferro
1367 4532 1712 4586 commistam
1766 4533 1924 4588 dixit.

354 4627 530 4692 Atque
565 4638 659 4693 per
694 4623 806 4677 haec
832 4622 1065 4675 maxima
1086 4620 1463 4692 latissimeque
1496 4622 1736 4693 patentia
1761 4639 1924 4694 regna

354 4713 636 4775 declarat,
690 4728 811 4783 qua:
862 4726 986 4764 cum
1038 4710 1142 4765 sibi
1184 4708 1450 4781 deinceps
1502 4712 1923 4780 successissent,

353 4803 646 4856 maximam
696 4802 847 4859 orbis
883 4809 1154 4855 terrarum
1201 4811 1410 4871 partem
1458 4802 1765 4857 obtinuere.
1806 4802 1925 4855 Alia

350 4892 495 4944 (ιιὶιιι
530 4908 694 4962 regna
736 4893 1000 4962 viguisse,
1036 4899 1090 4945 et
1130 4894 1183 4944 in
1214 4891 1230 4909 ‘
1268 4891 1523 4959 praesenti
1560 4892 1762 4961 vigere,
1798 4907 1921 4961 per-

352 4985 599 5052 spicuum
633 4992 716 5038 est
750 5001 762 5035 :
818 4999 925 5036 non
959 4990 1140 5036 tamen
1190 4982 1473 5043 omnibus,
1512 4989 1607 5034 aut
1648 4982 1915 5052 pluribus,

354 5072 568 5144 1089
602 5073 695 5128 sed
740 5074 831 5127 uni
872 5079 965 5126 aut
1001 5073 1213 5128 duabus
1250 5073 1432 5128 solum
1472 5073 1788 5127 nationibus
1830 5075 1919 5127 illa

350 5165 671 5234 imperantia
705 5164 891 5218 videre
941 5163 1087 5217 licet.
1140 5163 1382 5217 Primum
1436 5164 1621 5233 itaque
1674 5165 1917 5220 omnium

2030 4530 2336 4600 ειρημένων
2379 4530 2642 4599 ἐσήμανε,
2678 4530 2768 4582 τὸν
2812 4529 3032 4599 χρυσὸν,
3078 4529 3169 4582 τὸν
3215 4528 3478 4599 ἄργυρον,
3514 4525 3594 4577 τὸν

2026 4620 2245 4693 χαλκὸν,
2275 4620 2365 4673 τὸν
2393 4620 2609 4692 σίδηρον
2633 4637 2645 4649 ·
2677 4620 2941 4692 ὄστρακον
2972 4619 3141 4692 γάρτι
3172 4620 3232 4672 ού
3266 4620 3390 4672 κατ’
3414 4616 3594 4671 ante"

2026 4707 2199 4779 εἴπεν,
2227 4711 2360 4765 ἀλλὰ
2385 4711 2463 4783 τῷ
2495 4711 2694 4783 σιδήρῳ
2725 4711 3195 4781 σμμμεμιγμένον.
3233 4710 3399 4779 Δηλοῖ
3426 4708 3482 4761 δέ
3514 4708 3591 4759 διὰ

2024 4803 2229 4858 τούτων
2276 4802 2371 4867 τὰς
2420 4802 2680 4872 μεγίστας
2726 4819 2786 4854 τε
2832 4802 2925 4854 καὶ
2970 4800 3414 4864 καθολικωτάτας
3453 4798 3593 4869 βασι·

2026 4894 2207 4957 λείας,
2257 4892 2313 4945 αἳ
2349 4891 2442 4947 τοῦ
2492 4892 2743 4945 πλείστου
2778 4892 2877 4962 τῆς
2928 4892 3253 4961 οἰκουμένης
3292 4891 3591 4962 ἐκράτησαν

2029 4982 2264 5053 ἀλλήλας
2293 4982 2689 5053 διαδεξάμεναι.
2727 4983 2848 5037 Ὅτι
2880 4983 2977 5051 μὲν
3003 4984 3112 5053 γὰρ
3139 4984 3232 5037 καὶ
3258 4982 3415 5036 ἄλλαι
3452 4980 3588 5050 βασι-

2027 5075 2165 5128 λεῖαι
2193 5074 2546 5145 συνέστησαν,
2574 5074 2668 5129 καὶ
2690 5075 2782 5127 ἐπὶ
2803 5073 2895 5127 τοῦ
2921 5075 3183 5146 παρόντος
3209 5073 3263 5126 δέ
3290 5071 3582 5131 συνεστᾶσι,

2026 5166 2181 5238 δῆλόν
2211 5166 2356 5219 ἐστι’
2404 5168 2465 5220 ού
2513 5166 2618 5237 μὴν
2660 5166 2768 5220 τῶν
2796 5167 2844 5198 ⁷⁸
2885 5167 3102 5221 πάντων
3132 5167 3164 5237 ἥ
3198 5166 3306 5219 τῶν
3343 5164 3584 5217 πλειόνων

1589 5278 1823 5334 ΥΑΒΙᾹΞ
1858 5278 2260 5335 LEC'I'IONES.

419 5368 528 5442 “33
551 5365 952 5442 οὗτο;,φησὶν,
975 5366 1157 5442 ὁβερς
1194 5368 1478 5442 ἐγνιὶιρισε,
1514 5385 1566 5421 κ.
1616 5385 1667 5421 τ.
1727 5368 1891 5442 λ.μ⁶²
1920 5368 2233 5442 βέσχάτου.
2345 5368 2393 5442 ξδ
2413 5366 2537 5438 βασ.
2577 5398 2643 5442 .—
2672 5366 2817 5442 ζῆθι.
2859 5367 2982 5442 Des.
3019 5368 3087 5442 in_
3110 5366 3323 5442 Δ(Ζίιιιιίί.
3354 5436 3374 5442 _
3424 5365 3551 5442 “ﬁt:

1319 5384 1477 5489 ἱρισε,
1514 5385 1566 5421 κ.
1616 5385 1667 5421 τ.
1729 5384 1779 5420 Λ.
1848 5384 1891 5401 σι
1921 5384 2233 5439 υεσχατου.
2349 5384 2393 5398 "
2413 5384 2537 5438 patr.
2579 5398 2643 5407 —
2672 5384 2817 5437 ςηυι.
2859 5384 2982 5423 ves.
3019 5384 3071 5420 tn
3132 5384 3323 5423 unam.
3424 5384 3467 5395 "
3495 5384 3575 5442 Eg-

1401 5438 1433 5506 η
1462 5437 1673 5506 ὅρασις.
1786 5438 1833 5470 ⁸⁸
1854 5437 2012 5491 τοῦτο
2041 5466 2107 5479 --
2140 5440 2307 5491 ἐστιν.
2345 5436 2389 5490 Β
2430 5437 2732 5502 τουτέστιν,
2764 5436 2800 5490 ἃ
2830 5437 3045 5507 νύκτωρ
3074 5437 3311 5499 ἐθεάσω,
3347 5434 3575 5505 βασιλεύ,

1354 5505 1398 5537 ⁸⁸
1432 5507 1471 5559 Β
1515 5508 1758 5561 μηδέπω.
1856 5508 1899 5538 ⁶⁹
1921 5508 1962 5560 Β
1990 5508 2283 5561 ἐκϐάλλων.
2389 5508 2434 5538 ⁷⁰
2462 5508 2580 5561 λέγ.
2612 5509 2689 5561 lta
2713 5522 2835 5561 cum
2867 5506 2910 5561 Β
2948 5508 3197 5561 legimus.
3242 5508 3408 5560 Sim).
3442 5504 3574 5561 ἄγει.

1990 5524 2263 5561 εκοαλιων
2270 5547 2283 5561 ο

347 5439 444 5517 χήἱ
540 5440 703 5509 φησὶν
731 5437 1160 5517 ὅτιζέμοὶεύχήεζ
1222 5438 1293 5517 ,⁸⁸
1319 5437 1673 5517 Βηήσρρασις.

343 5505 519 5563 ταῦτα
551 5505 717 5561 εστιν.
811 5508 853 5538 ⁸⁷
875 5505 936 5561 ά.
958 5511 1001 5559 Α
1032 5516 1087 5562 et
1113 5505 1162 5558 Β
1182 5505 1254 5559 τί.
1344 5505 1398 5576 ,⁸⁸
1425 5505 1471 5559 Β
1496 5505 1758 5576 μηδέπω.

2348 5366 2537 5438 ἷ³βασο
2579 5398 2643 5438 ε
2672 5366 2817 5438 ζῆθι.
2859 5367 2982 5438 Des.
3019 5368 3071 5420 in
3114 5366 3323 5438 rChald.
3358 5436 3371 5438 _
3424 5364 3576 5438 «(eg-

2389 5508 2434 5538 ⁷⁰
2462 5508 2580 5575 λέγ.
2612 5509 2689 5561 lta
2713 5522 2835 5561 eum
2867 5506 2910 5561 Β
2948 5504 3197 5574 legimus.
3242 5504 3408 5560 sum.
3442 5504 3574 5575 άγει.

345 5579 390 5608 ⁷⁸
420 5577 827 5647 πολλὴ-ὄψις.
858 5576 896 5629 Β
936 5578 1202 5647 μεγάληή
1244 5573 1409 5647 εἰκὼν
1422 5563 1678 5647 ᾲὲκείνηξ
1706 5563 1915 5646 μεγάλη
1951 5578 2044 5630 καὶ
2071 5578 2104 5638 ἡ
2144 5576 2426 5647 πρόσοψις.
2468 5563 2551 5647 Ita
2590 5577 2702 5632 fere
2754 5576 2820 5647 Α,
2882 5576 2976 5646 qui
2998 5563 3212 5630 vtatnen
3244 5577 3405 5630 habet
3441 5563 3571 5647 βῷις.

921 5645 1042 5716 post
1093 5645 1296 5715 ἐκείνη.
1394 5645 1513 5697 "at

344 5651 619 5701 rtontittit
670 5648 879 5718 μεγάλη
921 5656 1042 5716 post
1093 5648 1296 5715 ἐκείνη.
1394 5648 1427 5676 ⁷³

344 5714 395 5747 ⁷⁸
425 5715 466 5768 Β
493 5718 554 5768 τὸ
591 5718 698 5768 γὰο
721 5719 1005 5768 ὄστρακον.
1108 5717 1154 5749 ⁷⁸
1182 5716 1220 5768 Β
1268 5716 1427 5768 ἑαυτό

344 5714 395 5747 ⁷⁸
425 5715 466 5769 Β
493 5718 554 5768 τὸ
591 5714 698 5786 γάρ
721 5714 1005 5789 ὄστρακον.

1544 5663 1598 5714 χ.
1653 5645 1778 5700 Des.
1840 5650 1894 5700 in
1953 5655 2100 5701 textu
2153 5645 2353 5702 (J‘bald.

1546 5716 1590 5745 7°
1630 5715 1756 5770 τῶν.
1794 5715 1912 5769 Des.
1950 5718 2001 5769 in
2033 5717 2091 5769 Β.

2452 5647 2497 5678 ⁷³
2535 5646 2575 5698 Β
2602 5644 3075 5716 σιδηροῦν,’μέρος
3123 5647 3180 5699 δέ
3216 5663 3266 5697 τι
3296 5644 3568 5716 ὀστράκου.
