3898 6208
262 362 385 423 1297

1510 353 1589 411 ΙΝ
1622 351 1979 411 DANIELIS
2026 350 2184 410 CAP.
2204 351 2298 410 .ll.

3365 336 3382 398 i
3393 338 3499 396 298

256 473 391 526 tum
437 467 605 528 αὑτὰς
638 464 940 535 κρατούσας
984 462 1133 528 ίδεῖν,
1183 461 1297 515 ἀλλ’
1326 461 1422 531 ﬁ"
1466 460 1606 525 ὲνὺς,
1652 460 1825 530 ἦϐύο

1931 459 2104 515 fuisse
2153 460 2506 530 Assyriorum
2563 458 2763 513 asserit
2798 452 3114 523 imperium,
3166 449 3312 518 quod
3358 462 3498 501 ruent

260 562 407 631 μόνον
434 556 625 610 ἐθνῶν.
659 556 820 622 Λέγει
844 554 1020 607 τοίνυν
1049 553 1271 624 πρώτην
1307 551 1565 608 ἁπάντων
1594 552 1825 621 γεγενῆ-

256 652 368 704 σθαι
423 648 522 719 τὴν
571 646 676 703 τῶν
730 645 1028 716 Ἀσσυρίων
1083 646 1400 716 ἠγεμονίαν,
1454 646 1576 715 ἥτις
1619 644 1754 715 αὕτη
1779 645 1824 677 ⁷⁸

254 744 393 796 ἐστὶν
441 744 475 812 ή
511 740 618 793 τῶν
665 738 1021 792 Βαϐυλωνίων
1050 756 1064 769 ο
1128 738 1402 811 Ἀσσύριοι
1453 738 1629 809 γὰρ⁷⁹
1678 732 1823 792 οὗτοι

256 836 486 890 κάκεῖνοι
513 849 529 865 ·
594 831 730 885 ἀλλὰ
782 832 913 884 ποτὲ
970 831 1070 901 μὲν
1117 832 1178 884 ὲν
1225 834 1291 903 τῇ
1345 832 1530 902 Νίνῳ,
1576 834 1644 902 τῇ
1692 831 1823 904 παρ’

263 926 523 997 Ἑϐραίοις
547 923 746 993 Νινευῆ
777 923 1107 996 καλουμένῃ,
1141 923 1210 977 τὰ
1244 924 1487 994 βασίλεια
1532 924 1821 993 ἐσχήκασι,

253 1018 375 1073 ποτὲ
403 1017 459 1069 δὲ
490 1018 549 1069 ὲν
578 1014 858 1069 Βαϐυλῶνι
875 1015 943 1070 ⁸⁰.
981 1016 1103 1069 ’Ότι
1135 1015 1192 1069 δὲ
1222 1016 1321 1085 μία
1347 1014 1494 1069 ἐστὶν
1521 1015 1554 1085 ἡ
1580 1014 1824 1083 βασιλεία

251 1109 446 1164 τούτων
479 1108 767 1169 κάκείνων,
800 1106 892 1160 καὶ
925 1107 1085 1169 αὐτὸς
1124 1109 1152 1160 ὁ
1186 1106 1470 1177 προφήτης
1514 1107 1784 1176 μαρτυρεῖ
1806 1118 1821 1135 ⁸

253 1200 560 1273 ἑρμηνεύων
590 1199 699 1269 γὰρ
729 1199 792 1251 τὸ
821 1198 1094 1260 ἐνύπνιον,
1147 1198 1314 1268 φησίν
1340 1214 1352 1227 ·
1383 1216 1402 1249 ι
1448 1197 1510 1250 'H
1548 1196 1756 1267 κεφαλὴ
1788 1197 1822 1267 ἡ

253 1292 419 1363 χρυσῆ
447 1290 512 1344 σὺ
544 1288 615 1354 εί,
650 1289 893 1361 βασιλεῦ.
922 1310 942 1342 ι
976 1289 1084 1343 Καὶ
1110 1292 1138 1343 ὁ
1171 1288 1440 1360 μακάριος
1466 1288 1522 1341 δὲ
1554 1288 1824 1359 Ἱερεμίας

250 1384 277 1436 ὁ
302 1382 580 1450 προφήτης
614 1381 787 1451 φησί·
853 1400 870 1431 ι
902 1380 1169 1451 Ποτήριον
1208 1378 1443 1450 χρυσοῦν
1477 1379 1734 1433 Βαϐυλὼν
1765 1381 1824 1433 ὲν

253 1474 387 1543 χειρὶ
414 1473 642 1543 Κυρίου,
680 1472 949 1542 μεθύσκον
977 1474 1155 1526 πᾶσαν
1179 1472 1276 1542 τὴν
1305 1472 1447 1541 γῆν
1480 1470 1586 1525 ἀπὸ
1611 1472 1756 1525 οἴνου
1775 1472 1819 1504 ⁸⁸

254 1567 408 1633 αὐτῆς
449 1566 677 1619 ὲπίοσαν
691 1566 737 1598 ⁸⁸
764 1565 893 1633 ἔθνη
919 1582 933 1597 ο
986 1565 1076 1619 διὰ
1108 1565 1265 1618 τοῦτο
1303 1564 1697 1636 ὲσαλεύθησαν,
1729 1567 1825 1620 καὶ

256 1658 397 1725 ἄφνω
425 1656 590 1709 ἔπεσε
621 1655 898 1718 Βαϐυλὼν,
933 1656 1027 1710 καὶ
1059 1656 1367 1727 συνετρίϐη.
1407 1674 1426 1708 ε
1484 1653 1543 1709 Ei
1569 1657 1626 1710 δὲ
1662 1657 1824 1727 ἑτέρα

254 1745 316 1820 ἧν
347 1748 494 1819 παρὰ
520 1747 727 1818 ταύτην
774 1750 807 1818 ή
858 1749 963 1800 τῶν
1003 1748 1303 1817 ’Δσσυρίων
1349 1746 1591 1816 βασιλεία
1619 1749 1824 1819 ταύτης

1926 561 2016 607 est
2052 566 2117 606 ac
2152 551 2580 622 Babyloniorum
2614 547 2853 620 (Assyrii
2881 545 3030 600 enim
3067 550 3121 598 et
3170 541 3225 595 hi
3267 555 3319 595 et
3353 539 3456 607 illi)
3490 560 3506 599 :

1926 644 2025 701 sed
2063 658 2209 699 nunc
2239 644 2291 698 in
2328 645 2493 709 Nino,
2525 658 2647 713 quae
2688 640 2834 711 apud
2870 636 3127 692 chrmos
3170 632 3376 689 Nineve
3407 648 3502 687 vo-

1925 746 2119 801 catur,
2178 750 2326 791 nunc
2382 737 2435 789 in
2490 734 2769 804 Babylone
2813 730 3021 801 regiam
3067 727 3377 782 obtinuere.
3440 725 3505 777 Et

1926 843 2097 885 unum
2129 830 2326 884 borum
2360 838 2523 898 atque
2552 828 2779 883 illorum
2810 838 3042 895 regnum
3073 835 3196 876 esse
3236 818 3502 889 propheta

1923 922 2087 977 etiam
2121 921 2238 989 ipse
2254 926 2507 984 testatur,
2536 919 2628 990 qui
2661 917 2936 975 somnium
2964 915 3359 982 interpretans,
3386 908 3499 963 ait:

1931 1035 1950 1067 ‹
1993 1014 2169 1084 Caput
2200 1026 2427 1069 aureum
2471 1020 2529 1066 tu
2593 1027 2674 1078 es,
2715 1022 2833 1065 rex.
2873 1027 2891 1061 ι
2931 1006 3127 1061 Beatus
3174 1003 3306 1058 item
3351 1001 3504 1058 Jere-

1928 1107 2072 1161 mias
2102 1105 2373 1177 prepheta
2399 1123 2414 1160 :
2455 1122 2474 1157 ι
2517 1104 2693 1169 Calix,
2723 1102 2924 1172 inquit,
2957 1113 3159 1154 aureus
3182 1096 3423 1168 Babylon
3448 1095 3502 1149 in

1925 1213 2092 1253 manu
2123 1197 2361 1263 Domini,
2394 1197 2681 1251 inebrians
2726 1206 2947 1250 omnem
2989 1198 3191 1245 terram
3224 1208 3237 1243 :
3282 1187 3350 1243 de
3377 1188 3504 1242 vino

1924 1292 2050 1362 ejus
2078 1290 2344 1346 biberunt
2391 1298 2605 1362 gentes,
2654 1288 2777 1343 ideo
2814 1291 3104 1341 commotae
3135 1291 3284 1349 sunt,
3329 1294 3383 1340 et
3412 1299 3504 1339 su-

1924 1382 2039 1437 bito
2068 1382 2271 1437 cecidit
2296 1380 2563 1453 Babylon,
2597 1389 2651 1436 et
2679 1378 2919 1434 contrita
2948 1385 3032 1434 est
3061 1377 3164 1434 ενι.
3199 1397 3217 1431 ι
3254 1376 3412 1444 Quod
3458 1376 3504 1431 si

1926 1475 2077 1530 aliud
2134 1477 2204 1530 ab
2266 1476 2373 1529 hoc
2434 1475 2632 1532 fuisset
2684 1474 3040 1547 Assyriorum
3095 1486 3322 1545 regnum
3384 1472 3505 1541 ipso

1924 1568 2231 1637 antiquius,
2274 1582 2527 1637 quaenam
2560 1568 2787 1622 materia
2831 1566 3017 1622 vocari
3052 1564 3282 1636 posset?
3315 1552 3506 1618 Testa-

1926 1667 2018 1713 tur
2048 1659 2180 1714 item
2211 1661 2604 1715 sanctissimus
2651 1658 2828 1715 Moses
2868 1658 2985 1713 haec
3033 1657 3109 1712 ita
3153 1671 3213 1711 se
3253 1656 3456 1710 habere
3488 1673 3501 1708 :

1925 1751 2019 1820 qui
2055 1765 2180 1805 cum
2230 1752 2285 1806 in
2324 1751 2604 1807 creatione
2636 1751 2823 1806 mundi
2857 1749 2923 1806 de
2950 1747 3210 1804 Nimrodo
3250 1746 3499 1813 dixisset,

256 1840 612 1909 πρεσϐυτέρα,
663 1839 821 1893 ποίαν
870 1838 934 1892 ἄν
989 1857 1073 1902 τις
1119 1839 1251 1909 ὓλην
1295 1840 1461 1909 αὐτὴν
1500 1839 1818 1902 καλέσειεν;

1929 1844 2097 1899 fuisse
2144 1845 2299 1898 illum
2336 1845 2610 1915 gigantem
2653 1850 2969 1899 venatorem
3008 1856 3193 1896 coram
3248 1838 3501 1900 Domino,

254 1932 523 2001 Μαρτυρεῖ
560 1931 622 1983 δὲ
670 1934 761 1985 καὶ
791 1932 820 1982 ό
853 1930 1125 1994 θειότατος
1174 1932 1378 2002 Μωσῆς
1394 1932 1441 1963 ⁸³
1468 1932 1619 1985 ταῦθ’
1649 1932 1822 1995 οὕτως

254 2020 384 2090 ἔχειν
408 2037 421 2052 ·
456 2022 513 2074 ὲν
538 2021 651 2093 γὰρ
686 2025 751 2091 τῇ
785 2021 1142 2092 κοσμογενεία
1168 2022 1296 2092 περ)¹
1319 2019 1410 2075 τοῦ
1440 2021 1758 2092 Νεϐρώδους
1777 2021 1822 2052 ⁸⁸

254 2113 493 2184 εἰρηκὼς,
525 2115 610 2168 ὅτι
646 2115 807 2181 γίγας
856 2114 1091 2184 κυνηγὸς
1126 2113 1171 2145 ⁸⁵
1216 2112 1394 2166 ἔναντι
1441 2112 1669 2182 Κυρίου,
1720 2116 1815 2166 ἐπε

257 2210 410 2275 ἠγαγε
438 2222 451 2235 ³
484 2225 501 2257 ι
536 2207 649 2259 Καὶ
675 2206 890 2273 ἐγένετο
920 2208 954 2274 ὴ
986 2204 1128 2276 ἀρχὴ
1146 2205 1192 2237 ⁸⁸
1216 2206 1314 2274 τῆς
1354 2205 1630 2274 βασιλείας
1656 2203 1819 2258 αὑτοῦ

257 2294 511 2359 Βαϐυλὼν,
558 2294 722 2364 Ὀρὲχ
749 2294 842 2347 καὶ
867 2295 1111 2364 Χαλάνη.
1186 2313 1206 2346 ι
1251 2296 1358 2349 Καὶ
1384 2296 1434 2347 oi
1464 2295 1567 2362 ἔξω
1598 2295 1654 2347 δὲ
1686 2308 1819 2363 συγ-

266 2389 465 2455 τραφεῖς
486 2387 616 2449 τοὺς
651 2386 1020 2449 Βαϐυλωνίους
1046 2387 1361 2458 Ἀσσυρίους
1389 2387 1821 2459 προσαγορεύου-

258 2497 321 2543 σι,
362 2480 450 2532 καὶ
496 2481 665 2549 μέχρι
697 2480 752 2532 δὲ
782 2478 874 2531 τοῦ
907 2481 1169 2550 παρόντος
1216 2480 1503 2550 Ἀσσυρίαν
1555 2480 1596 2512 ⁸⁷
1653 2480 1820 2550 αὐτὴν

254 2571 554 2641 ὀνομάζουσι
584 2572 816 2642 Πέρσαι.
858 2572 1067 2625 Οὐκοῦν
1101 2574 1134 2642 ή
1183 2573 1279 2641 μὲν
1314 2572 1503 2642 πρώτη
1536 2571 1656 2641 ὕλη,
1697 2572 1819 2641 ἥτις

256 2664 387 2716 ἐστὶν
408 2665 435 2716 ὁ
466 2664 725 2731 χρυσὸς,
757 2664 854 2735 τὴν
892 2664 1189 2735 Ἀσσυρίων
1225 2666 1317 2717 καὶ
1339 2664 1690 2717 Βαϐυλωνίων
1719 2681 1817 2733 ση-

262 2754 421 2822 μαίνει
450 2755 735 2825 βασιλείαν
759 2773 773 2789 ο
829 2758 1107 2826 κεφαλὴν
1135 2756 1191 2809 δὲ
1225 2755 1393 2827 αὐτὴν
1440 2754 1711 2824 ὀνομάζει,
1744 2755 1820 2817 ὡς

262 2846 461 2918 πρώτην
500 2850 878 2919 γεγενημένην
909 2867 920 2879 ·
968 2852 1002 2919 ἡ
1042 2849 1267 2918 δευτέρα
1313 2849 1389 2913 δὲ,
1434 2849 1555 2917 ἣτις
1603 2850 1747 2900 ἐστὶν
1792 2848 1820 2899 ὁ

259 2934 519 3005 ἄργυρος,
569 2940 609 3008 ἡ
640 2939 861 3010 Περσῶν
907 2940 1023 2993 ἐστι
1074 2940 1168 2992 καὶ
1217 2940 1436 3009 Μήδων.
1482 2939 1664 3009 Κῦρος
1711 2940 1819 3009 γὰρ

262 3026 572 3096 ἑκατέρωθεν
605 3029 964 3099 ὁρμώμενος,
1025 3029 1289 3099 μητρόθεν
1337 3030 1434 3098 μὲν
1486 3031 1550 3081 ὲκ
1600 3030 1816 3098 Μήδων,

263 3117 504 3189 πατρόθεν
533 3120 591 3172 δὲ
633 3121 696 3173 ἐκ
724 3120 962 3191 Περσῶν,
1002 3121 1262 3174 κατέλυσε
1296 3120 1393 3190 μὲν
1436 3121 1729 3190 Ἀσσυρίων
1750 3119 1816 3184 ⁸⁸,

262 3209 418 3263 εῖτουν
447 3210 830 3277 Βαϐυλωνίων,
880 3213 979 3281 τὴν
1028 3211 1325 3283 βασιλείαν,
1378 3212 1727 3282 μετατέθεικε
1764 3214 1821 3266 δὲ

262 3300 347 3370 τὴν
371 3300 653 3371 βασιλείαν
670 3304 713 3335 ⁸⁸
756 3305 834 3366 είς
884 3303 1118 3374 Πέρσας.
1151 3302 1378 3370 Στλῆοος
1400 3303 1457 3355 δὲ
1485 3303 1643 3356 αὐτὸν
1671 3319 1830 3375 πρεσ-

263 3391 509 3462 ηγόρευσε
558 3393 665 3445 καὶ
723 3394 1079 3460 βραχίονας,
1112 3393 1197 3445 ἵνα
1242 3393 1388 3463 δείξῃ
1430 3394 1528 3463 τὴν
1561 3393 1694 3463 πρὸς
1738 3394 1830 3448 δύο

265 3485 375 3554 ἔθνη
410 3487 740 3555 συγγένειαν
767 3501 782 3516 ο
827 3486 917 3537 διὰ
973 3486 1070 3555 μὲν
1111 3485 1219 3556 γὰρ
1261 3486 1356 3555 τῆς
1404 3485 1581 3551 δεξιᾶς
1628 3486 1688 3538 τὸ
1723 3502 1827 3538 πα-

264 3574 419 3645 τρῷυν
448 3575 626 3630 αὐτοῦ
654 3577 909 3646 σημαίνει
940 3576 1114 3643 γένος,
1170 3576 1419 3647 μητρῷον
1447 3577 1494 3609 ⁹⁰
1532 3577 1587 3627 δὲ
1620 3575 1708 3629 διὰ
1732 3577 1831 3645 τῆς

263 3667 544 3739 εὐωνύμου,
574 3661 664 3723 ὧν
692 3670 791 3739 τὴν
822 3670 1117 3738 συνάφειαν
1144 3668 1202 3722 τὸ
1232 3668 1425 3737 στῆθος
1449 3669 1827 3731 πεπίστευται,

263 3757 348 3828 τὴν
369 3761 590 3830 καρδίαν
632 3760 751 3830 ἔχον
775 3759 884 3813 τῶν
916 3760 1189 3830 λογισμῶν
1221 3759 1280 3811 τὸ
1310 3763 1554 3829 ταμεῖον,
1588 3760 1832 3831 λογισμῷ

263 3848 313 3901 δὲ
335 3852 508 3908 καὶτὰ
529 3852 758 3922 γαμικὰ
781 3852 1011 3905 τελεῖται
1041 3851 1360 3922 συμϐόλαια.
1384 3852 1486 3905 Τὸν
1514 3851 1569 3904 δὲ
1601 3852 1834 3921 χαλκὸν

264 3943 664 4016 προσηγόρευσε
694 3945 791 4013 τὴν
820 3942 1195 4012 Μακεδονικὴν
1225 3942 1501 4012 βασιλείαν
1551 3942 1687 4013 μετὰ
1733 3942 1831 4013 τὴν

270 4035 522 4108 Περσικὴν
543 4038 939 4105 ἀναφανεῖσαν,
965 4035 1059 4088 καὶ
1090 4035 1258 4105 αὐτὴν
1282 4034 1483 4104 ὁμοίως
1500 4035 1544 4067 ⁸⁸
1576 4035 1834 4088 ἁπάντων

272 4129 630 4198 κρατήσασαν.
686 4127 995 4181 Κοινῖίανθί
1034 4126 1092 4179 δὲ
1130 4124 1266 4196 αὐτῇ
1309 4126 1402 4179 καὶ
1437 4126 1562 4189 τοὺς
1602 4126 1833 4195 μηροὺς

272 4219 538 4289 ἀπένειμε,
570 4221 676 4291 τήν
703 4236 761 4272 τε
795 4219 1090 4289 μοναρχίαν
1121 4217 1215 4270 τοῦ
1251 4218 1596 4287 Ἀλεξάνδρου
1620 4218 1708 4271 διὰ
1734 4219 1835 4287 τῆς

272 4313 488 4377 κοιλίας
537 4311 781 4383 μηνύων,
828 4312 925 4364 καὶ
952 4311 1038 4364 διὰ
1063 4310 1171 4363 τῶν
1198 4310 1409 4378 μηρῶν
1438 4309 1536 4375 τὴν
1568 4309 1706 4379 μετᾶ
1736 4309 1834 4379 τὴν

272 4400 464 4454 ἐκείνου
489 4401 747 4473 τελευτὴν
787 4402 1157 4471 γεγενημένην
1171 4402 1216 4433 9³
1244 4403 1342 4469 τῆς
1390 4399 1665 4468 βασιλείας
1695 4399 1831 4453 διαί-

1926 1932 2166 2004 subjecit
2201 1956 2214 1991 :
2250 1956 2268 1988 ι
2302 1934 2365 1989 Et
2403 1937 2507 1990 l'uit
2543 1935 2876 2005 principium
2905 1934 3061 2005 regni
3093 1934 3214 2003 ejus
3235 1931 3502 2001 Babylon,

1923 2024 2099 2079 Oreclt
2156 2028 2210 2079 et
2252 2024 2497 2080 Chalane
2531 2028 2577 2079 ε.
2622 2042 2640 2075 ι
2700 2025 2887 2080 Extcri
2931 2040 3154 2094 quoque
3203 2023 3506 2092 scriptores

1930 2116 2261 2188 Babylonios
2291 2117 2553 2187 Assyrios
2581 2116 2877 2186 appellant,
2908 2125 2963 2170 et
2994 2130 3170 2184 usque
3200 2112 3377 2167 adbuc
3400 2112 3503 2166 As-

1923 2208 2126 2279 syriam
2163 2207 2335 2277 ipsam
2372 2206 2554 2264 Persa:
2600 2208 2908 2261 nominant.
2951 2204 3135 2262 Prima
3177 2204 3345 2276 igitur
3391 2220 3507 2257 ma-

1923 2301 2059 2354 teria
2082 2339 2095 2361 ,
2120 2316 2241 2370 qum
2264 2312 2456 2353 aurum
2478 2308 2586 2366 est,
2618 2298 2972 2369 Assyriorum
3004 2306 3057 2353 ct
3082 2296 3505 2371 Babyloniorum

1924 2392 2204 2463 signiﬁcat
2242 2408 2491 2464 regnum,
2528 2392 2819 2463 ipsumque
2849 2402 3004 2461 caput
3032 2389 3287 2462 appellat,
3324 2398 3509 2459 utpote

1921 2484 2067 2554 quod
2100 2486 2336 2555 primum
2374 2484 2559 2538 fuerit.
2599 2483 2786 2539 Altera
2820 2494 3028 2544 autem.
3075 2482 3124 2537 id
3171 2491 3256 2537 est
3321 2498 3509 2552 argen-

1923 2585 2052 2642 tum,
2095 2577 2387 2632 Persarum
2437 2591 2666 2646 regnum
2712 2584 2796 2631 est
2850 2581 2903 2630 et
2974 2572 3278 2629 Medorum.
3331 2571 3508 2643 Cyrus

1920 2673 2064 2724 enim
2112 2671 2373 2739 utrinque
2412 2662 2627 2739 1090
2677 2668 2980 2739 profectus,
3032 2676 3086 2721 et
3122 2676 3377 2720 materno
3416 2683 3510 2737 ge-

1923 2776 2051 2815 nere
2080 2776 2110 2814 a
2133 2759 2324 2825 Medis,
2360 2770 2592 2829 paterno
2609 2767 2789 2813 autem
2825 2776 2853 2812 a
2881 2758 3067 2813 Persis
3097 2756 3387 2818 oriundus,
3413 2756 3514 2810 As-

1922 2854 2192 2922 syriorum
2221 2852 2335 2908 sive
2357 2851 2779 2922 Babyloniorum
2796 2865 3022 2920 regnum
3042 2860 3291 2903 eversum
3319 2855 3504 2903 trans-

1923 2943 2046 2996 tulit
2085 2942 2151 2996 ad
2205 2940 2423 2997 Persas.
2497 2939 2683 2995 Pectus
2736 2951 2916 2995 autem
2970 2940 3148 3008 ipsum
3199 2937 3412 2991 vocavit
3451 2946 3507 2990 et

1923 3031 2161 3094 brachia,
2197 3039 2255 3084 ut
2284 3030 2539 3085 ostendat
2582 3045 2709 3084 cum
2750 3029 2964 3085 duabus
3009 3027 3264 3099 gentibus
3295 3042 3502 3096 cogna-

1847 3154 1890 3210 ο
1923 3125 2149 3180 tionem.
2174 3122 2278 3178 Per
2299 3123 2583 3177 dexteram
2606 3123 2751 3177 enim
2776 3131 3091 3193 paternum,
3115 3136 3208 3191 per
3227 3120 3508 3174 sinistram

1930 3225 2233 3268 maternum
2265 3211 2535 3284 signiﬁcat
2563 3228 2756 3284 genus,
2799 3224 3030 3283 quarum
3072 3211 3389 3282 conjunctio
3418 3225 3510 3280 pe-

1928 3305 2066 3360 ctori
2098 3307 2394 3361 commissa
2416 3311 2519 3373 est,
2552 3320 2650 3361 cor
2680 3306 2858 3375 ipsum
2885 3306 3162 3360 rationum
3201 3319 3341 3373 penu
3372 3319 3507 3357 con-

1931 3399 2165 3463 tinenti;
2206 3400 2419 3453 ratione
2450 3407 2630 3451 autem
2664 3398 2994 3451 commercia
3042 3411 3263 3466 quoque
3293 3395 3509 3464 nuptia-

1930 3490 2003 3543 lia
2028 3489 2418 3558 perﬁciuntur.
2461 3487 2563 3541 /Es
2617 3503 2748 3542 vero
2810 3483 3223 3540 Macedonicum
3283 3501 3508 3556 regnum

1931 3582 2283 3650 nuncupavit,
2316 3580 2463 3651 quod
2498 3586 2621 3650 post
2648 3581 2884 3635 deletum
2919 3578 3202 3635 Persicum
3252 3579 3508 3634 omnibus

1930 3676 2148 3743 quoque
2171 3673 2424 3728 similiter
2456 3671 2763 3742 imperavit.
2809 3670 3163 3739 Ventremque
3191 3669 3294 3739 ipsi
3337 3684 3401 3723 ac
3432 3668 3509 3739 [e-

1932 3777 2082 3815 mora
2116 3761 2387 3825 attribuit,
2421 3776 2517 3830 per
2552 3770 2779 3815 ventrem
2822 3759 3123 3813 Alexandri
3154 3759 3326 3813 solius
3357 3758 3511 3827 prin—

1931 3855 2170 3925 cipatnm
2200 3852 2530 3923 signiﬁcans,
2570 3864 2665 3922 per
2695 3851 2916 3920 femora,
2960 3848 3161 3904 factam
3194 3855 3317 3919 post
3338 3849 3512 3919 ipsius

1932 3947 2139 4001 obitum
2162 3946 2318 4016 regni
2359 3945 2705 4000 divisionem.
2743 3942 2971 3998 Ferrum
2994 3950 3172 3997 autem
3203 3941 3510 3996 Romanum

1934 4034 2228 4106 appellavit
2260 4048 2514 4106 regnum,
2560 4034 2580 4057 ⁶
2632 4033 2778 4105 quod
2818 4028 3232 4089 Macedonicum
3273 4031 3509 4102 excepit,

1934 4129 2149 4198 ipsique
2176 4127 2333 4182 tibias
2374 4124 2697 4197 assignavit,
2728 4133 2919 4196 utpote
2961 4138 3081 4195 qua
3119 4124 3186 4178 ad
3221 4124 3385 4179 ﬁnem
3428 4132 3513 4176 to-

1935 4221 2044 4275 tius
2074 4219 2323 4288 corporis
2349 4220 2467 4273 sita:
2492 4226 2663 4271 totum
2687 4219 2850 4273 etiam
2876 4231 3075 4286 corpus
3100 4214 3239 4270 ferre
3266 4214 3508 4283 valeant;

1936 4312 2246 4381 pedumque
2287 4310 2453 4365 bases
2482 4320 2532 4364 et
2569 4310 2717 4379 ipsas
2769 4309 2997 4373 ferreas,
3038 4307 3133 4362 sed
3170 4314 3323 4359 testa:
3363 4319 3512 4357 conr-

1937 4403 2148 4456 mistas.
2186 4401 2252 4453 Et
2280 4402 2381 4455 hac
2423 4415 2482 4454 re
2517 4415 2623 4453 non
2653 4398 2800 4452 aliud
2828 4398 3006 4451 innuit
3047 4411 3296 4467 regmnn,
3333 4393 3427 4448 sed
3455 4393 3514 4445 il-

276 4507 429 4557 ρεσιν.
459 4493 717 4561 Σίδηρον
743 4494 800 4545 δὲ
829 4493 926 4562 τὴν
961 4492 1272 4563 Ῥωμαϊκὴν
1298 4492 1702 4562 προσηγόρευσε
1739 4492 1826 4561 βα-

1938 4490 2026 4544 lnd
2057 4505 2117 4545 se
2145 4490 2261 4559 ipso
2292 4489 2617 4542 imbecillius
2658 4486 2927 4548 futurum,
2950 4494 3004 4540 et
3036 4492 3189 4540 testa:
3220 4482 3511 4538 imbecilli-

278 4584 466 4661 σιλείαν
489 4601 503 4616 ⁶
558 4585 698 4654 αὕτη
725 4585 782 4637 δὲ
811 4584 908 4654 τὴν
935 4586 1310 4655 Μακεδονικὴν
1371 4583 1642 4648 διεδέξατο
1668 4601 1682 4614 ο
1730 4585 1837 4636 ἀπε

275 4671 445 4742 ένειμε
479 4675 535 4728 δὲ
583 4676 721 4744 αὐτῇ
769 4675 867 4737 τὰς
908 4675 1159 4743 κνήμας,
1187 4674 1281 4727 ἅτε
1330 4675 1393 4743 δὴ
1440 4674 1565 4744 περὶ
1594 4673 1654 4727 τὸ
1685 4675 1840 4737 τέλος

274 4762 431 4828 οὔσας
478 4766 572 4818 τοῦ
619 4766 821 4828 παντὸς
862 4764 1132 4834 σώματος,
1165 4766 1259 4817 καὶ
1288 4765 1472 4833 φέρειν
1508 4766 1652 4818 ἆπαν
1678 4765 1837 4818 δυνα-

278 4855 435 4921 μένας
462 4857 523 4909 τὸ
557 4858 719 4926 σῶμα
743 4876 755 4890 ·
800 4858 896 4920 τὰς
927 4858 981 4910 δὲ
1008 4857 1114 4908 τῶν
1162 4856 1338 4909 ποδῶν
1370 4855 1574 4926 βάσεις,
1614 4857 1838 4927 σιδηρᾶς

280 4946 371 5011 μὲν
397 4949 488 5000 καὶ
516 4948 708 5012 αὐτὰς,
764 4947 1014 5018 ὀστράκῳ
1043 4946 1099 4998 δὲ
1130 4947 1602 5015 ἀναμεμιγμένας.
1655 4947 1750 4999 Διὰ
1780 4946 1835 4997 δὲ

278 5037 454 5090 τούτου
497 5039 596 5107 οὐχ
631 5038 821 5108 ἑτέραν
866 5039 1157 5091 αἰνίττεται
1209 5035 1507 5105 βασιλείαν,
1557 5035 1692 5089 ἀλλὰ
1740 5035 1835 5105 τὴν

280 5128 438 5198 αὐτὴν
477 5128 873 5182 ἀσθενεστέραν
908 5128 1107 5197 ἑαυτῆς
1150 5126 1412 5197 ἐσομένην
1436 5166 1448 5189 ,
1505 5129 1597 5179 καὶ
1644 5130 1709 5198 τῇ
1742 5129 1834 5180 τοῦ

1942 4584 2038 4635 tati
2063 4581 2435 4635 eommistum.
2471 4578 2537 4632 Et
2568 4580 2810 4633 materia:
2839 4579 3201 4633 diﬁ'erentiam
3233 4575 3510 4645 apposuit,

1940 4688 2048 4727 non
2088 4681 2147 4725 ut
2186 4672 2432 4736 honoris,
2464 4670 2561 4725 sed
2592 4679 2649 4725 ut
2680 4671 2878 4723 virium
2921 4668 3215 4724 discrimen
3257 4666 3512 4720 ostende-

1942 4769 2024 4818 ret
2064 4778 2076 4815 :
2106 4774 2241 4815 auro
2274 4761 2418 4824 enim
2456 4759 2678 4813 densius
2712 4767 2795 4813 est
2823 4766 3130 4826 argentum,
3182 4768 3410 4825 argento
3441 4771 3516 4808 aes

1940 4853 2190 4915 solidius,
2239 4862 2293 4905 at
2329 4850 2535 4905 ferrum
2590 4850 2708 4920 ipso
2748 4849 2913 4904 etiam
2944 4864 3053 4904 aere
3089 4848 3261 4901 multo
3297 4847 3509 4900 ﬁrmius

1942 4952 2043 4998 cst.
2084 4943 2290 5012 1091
2330 4940 2641 4996 Diﬁ‘erentia
2691 4942 2871 5011 itaque
2911 4954 3017 4993 non
3052 4940 3106 4993 in
3141 4939 3371 5004 honore,
3409 4940 3504 4995 sed

1946 5035 1997 5087 in
2042 5035 2250 5088 viribus
2290 5033 2642 5102 potentiaque
2684 5032 2959 5087 consistit.
3008 5030 3147 5086 Illud
3197 5034 3377 5085 autem
3425 5045 3519 5085 ne»

1944 5124 2185 5179 ecssario
2212 5124 2563 5193 qumrendum
2597 5131 2700 5189 cst,
2749 5139 2855 5192 qua
2891 5124 2957 5179 de
2994 5138 3159 5179 causa
3192 5123 3245 5177 in
3283 5124 3518 5194 imagine

350 5307 422 5346 υτ
451 5307 743 5370 Jerem.1.t,
781 5309 835 5375 7,
873 5310 927 5373 8,
959 5306 1040 5362 vel
1076 5304 1233 5373 juxta
1264 5302 1437 5368 LXX;
1471 5319 1661 5364 xxvm,
1692 5303 1745 5365 7,
1774 5302 1824 5353 8.

1956 5300 2089 5355 Gen.
2120 5317 2173 5363 ιι,
2205 5300 2258 5366 9,
2298 5301 2382 5353 10.

1503 5457 1735 5513 ἾΑΒΙΑΞ
1778 5456 2175 5513 LECTIONES.

350 5553 393 5583 "
427 5556 478 5622 ἦ.
508 5555 631 5610 Des.
661 5558 715 5611 in
739 5558 798 5611 B.

287 5622 329 5652 ⁸²
367 5622 406 5675 Β
451 5625 623 5678 ἔπιον.
733 5627 780 5658 ⁸³
814 5625 854 5676 Β
896 5626 1179 5687 Θεσπέσιος
1237 5624 1492 5693 Μωῦσῆς.

326 5706 464 5744 rtem.
487 5694 560 5755 ὡς
584 5696 735 5762 φασί.
812 5696 856 5728 ⁸⁸
899 5698 1049 5749 Ἀσσ.
1080 5695 1118 5747 Β

349 5763 562 5830 portitor
596 5777 717 5833 post
749 5766 1021 5821 ἁπάντων.
1101 5762 1309 5817 “onris
1334 5762 1374 5815 B
1406 5779 1590 5833 prtem.
1616 5764 1733 5832 τήν.

877 5557 920 5587 ⁷⁸
948 5557 1069 5611 αὖτ.
1108 5555 1231 5609 Des.
1267 5554 1401 5607 ibid.
1480 5555 1525 5586 "
1553 5554 1679 5623 γάρ.
1715 5552 1772 5605 Β.
1813 5552 1961 5623 addit
1985 5553 2101 5606 καί.

1568 5621 1943 5690 ⁸δήΒΝε6ρώΟ.
2035 5623 2079 5652 ⁸³
2103 5642 2221 5677 κυν.
2281 5623 2319 5675 Β
2358 5621 2541 5691 pnem.
2568 5621 2656 5692 ἦν.

1155 5694 1491 5764 ρναξιιιετῶν.
1570 5693 1613 5722 ⁸9
1651 5711 1768 5758 μετ.
1797 5692 1841 5743 δ.
1862 5709 1926 5764 τ.
1950 5692 2069 5759 βασ.
2098 5692 2172 5745 Ex
2206 5693 2244 5745 Β
2267 5697 2441 5763 suppl.

1833 5763 1875 5793 ⁵³³
1902 5762 1941 5813 Β
1976 5764 2289 5832 γενομένην.

2906 5555 2945 5583 ⁸¹
2987 5553 3084 5603 εἴν.
3117 5550 3152 5599 Β
3181 5561 3363 5614 psmn].
3398 5558 3511 5614 τον.

3226 5618 3268 5647 ⁸⁷
3305 5615 3358 5664 Ἀ
3370 5628 3453 5663 σσ.
3480 5610 3519 5660 Β

3261 5686 3301 5717 θ’
3330 5684 3419 5751 ὀμ.
3463 5680 3516 5731 in

2195 5554 2240 5584 ⁸⁰
2264 5553 2396 5605 Βαϐ.
2431 5553 2468 5606 Β
2501 5569 2684 5622 ριεῐξιη.
2719 5556 2805 5622 τῇ.
2906 5555 2945 5583 ⁸¹
2987 5553 3084 5603 εἴν.

2195 5644 2221 5672 ι.
2281 5623 2319 5672 Β
2359 5640 2541 5672 ηισςιειη.
2568 5621 2656 5672 ἦν.
2761 5624 2806 5652 ⁸⁵
2836 5623 2871 5672 Β
2899 5624 2955 5672 ἐν
2984 5622 3117 5672 ἀοιῆ

2540 5637 2656 5692 ηην.
2761 5637 2806 5652 ἰ’
2836 5637 2871 5672 Β
2899 5640 2955 5672 εν
2984 5637 3147 5689 αρχη.

2540 5696 2584 5725 νο
2608 5710 2770 5763 μητρ.
2806 5692 2844 5744 Β
2867 5705 3047 5759 prtem.
3081 5687 3157 5739 δέ.
