3898 6208
391 305 524 366 1209

1373 311 1862 378 THEODQRETI
1887 314 2223 378 EPISCOPI
2258 318 2621 379 CYRENSIS

3469 315 3584 381 1300

386 420 706 491 multiplicis
727 420 956 491 hujusce
979 421 1222 478 materiae
1242 421 1442 480 viderit
1465 429 1947 497 compositionem.

2075 433 2323 503 latpdxou
2344 432 2600 502 ἀσθενείᾳ
2619 449 2728 500 συμ
2737 447 2801 501 με
2811 429 3100 500 μιγμένην.
3134 426 3242 495 Τὴν
3269 425 3323 481 δὲ
3350 429 3449 482 τῶν
3472 430 3590 483 ὑλῶν

385 511 529 568 Nihil
557 513 702 568 enim
749 521 952 570 temere
993 530 1168 584 neque
1197 515 1405 572 frustra
1449 520 1518 573 ab
1562 529 1790 576 auctore
1837 537 1955 576 om-

390 604 540 659 nium
582 621 760 659 rerum
797 606 904 659 Deo
933 608 1227 664 revelatur.
1258 611 1443 678 Imago
1476 610 1699 680 ﬁguras,
1724 611 1818 666 sed
1849 628 1957 666 non

390 711 477 750 res
508 696 688 752 habet.
722 695 870 751 Talis
903 707 986 752 est
1016 708 1069 752 et
1091 714 1334 768 praesens
1364 701 1493 765 vita,
1522 717 1646 771 quae
1681 702 1815 756 nihil
1861 703 1959 757 ha~

389 789 478 841 bet
511 785 854 856 perpetuum,
903 805 1078 859 neque
1124 791 1337 846 stabile.
1371 790 1552 858 Quare
1590 793 1778 848 beatus
1823 811 1961 864 quo-

388 895 494 948 que
535 876 737 932 Paulus
790 882 1174 936 exclamabat:
1218 901 1236 934 ι
1295 883 1544 938 Praeterit
1595 883 1767 955 ﬁgura
1795 886 1961 956 hujus

391 971 579 1024 mundi
609 972 658 1026 ιι.
697 991 716 1022 ι
758 971 822 1026 Et
863 975 972 1028 alio
1005 977 1127 1031 loco
1159 978 1527 1048 praecipiens:
1570 999 1588 1032 ι
1627 979 1829 1047 Nolite,
1875 981 1956 1035 iu-

390 1061 528 1130 quit,
561 1064 896 1121 conformari
931 1067 1056 1124 huic
1087 1070 1290 1126 saeculo
1328 1071 1372 1124 ί.
1415 1089 1434 1123 ι
1465 1072 1530 1125 Et
1573 1073 1763 1127 beatus
1790 1072 1959 1129 David

391 1152 642 1208 luunanae
681 1158 1104 1226 tranquillitatis
1149 1173 1384 1232 arguens
1417 1161 1712 1218 vanitatem
1750 1183 1762 1218 :
1797 1182 1817 1216 ί
1858 1163 1963 1219 Ve-

390 1252 718 1312 rumtamen,
769 1247 970 1317 inquit,
1015 1251 1271 1307 universa
1309 1253 1540 1317 vanitas,
1581 1253 1763 1310 dumis
1800 1257 1962 1310 homo

391 1334 578 1390 vivens
615 1333 661 1390 i.
701 1356 720 1388 ›
755 1337 1022 1394 Caeterum
1054 1342 1109 1396 in
1147 1343 1386 1415 imagine
1425 1347 1725 1414 pertransit
1771 1347 1959 1412 homo,

390 1424 681 1482 thesauros
707 1429 935 1501 colligit,
967 1440 1020 1488 et
1061 1433 1276 1504 ignorat
1313 1436 1400 1490 cui
1428 1445 1864 1508 congregaturus
1893 1439 1966 1494 sit

389 1532 474 1569 ea.
510 1517 741 1583 Quando
791 1521 974 1592 itaque
1007 1539 1249 1594 praesens
1279 1529 1445 1582 etiam
1489 1529 1601 1583 vita
1647 1530 1963 1587 celerrimas

392 1607 554 1662 habet
588 1613 919 1669 mutationes
949 1615 1228 1684 (mortalia
1263 1618 1408 1675 enim
1439 1619 1644 1686 omnia,
1675 1636 1796 1690 qua:
1827 1635 1964 1676 con-

392 1695 726 1763 spiciuntur,
787 1700 854 1754 ad
895 1702 1154 1772 exiguum
1201 1713 1416 1776 tempus
1465 1708 1866 1777 permanentia,
1909 1716 1964 1763 et

2057 525 2321 595 διαφορὰν
2354 524 2618 591 ἀνέθηκεν
2635 521 2704 587 9⁸,
2733 523 2792 574 οὐ
2821 523 2920 591 τῆς
2950 521 3134 589 τιμῆς,
3161 519 3296 572 ἀλλὰ
3322 520 3414 588 τῆς
3435 522 3590 590 ἰσχύος

2058 614 2268 676 δεικνὺς
2293 615 2352 666 τὸ
2388 615 2642 683 διάφορον
2665 630 2680 644 θ
2717 611 2812 666 τοῦ
2843 612 2941 682 μὲν
2970 612 3077 682 γὰρ
3107 611 3305 681 χρυσοῦ
3331 611 3359 663 6
3389 612 3593 684 ἄργυρος

2062 703 2458 774 στεγανώτερος
2494 720 2508 734 ⁸
2577 704 2672 757 τοῦ
2719 704 2775 757 δὲ
2820 702 3063 774 ἀργύρου
3124 703 3460 773 στερρότερος
3484 705 3526 738 ⁵⁵
3569 709 3594 759 δ

2062 798 2257 867 χαλκός
2284 815 2299 832 ·
2337 801 2364 850 ό
2390 798 2447 850 δὲ
2485 798 2700 868 σίδηρος
2727 797 2820 850 καὶ
2848 795 3011 849 αὑτοῦ
3028 797 3075 829 9°
3102 795 3196 848 τοῦ
3225 795 3419 865 χαλκοῦ
3444 797 3598 868 πολλῷ

2060 890 2138 959 τῷ
2174 890 2355 961 μέτρῳ
2391 890 2869 960 στερεμνιώτερος.
2900 889 2963 941 Ἦ
2989 887 3219 955 διαφορά
3247 887 3418 939 τοίνυν
3436 890 3522 942 οὐκ
3550 893 3598 942 ἐν

2060 983 2126 1051 τῇ
2156 983 2310 1050 τιμῇ,
2334 981 2448 1034 ἀλλ’
2476 982 2535 1033 ἐν
2564 984 2630 1049 τῇ
2663 980 2807 1050 ἰσχύϊ
2833 997 2892 1031 τε
2921 978 3012 1031 καὶ
3039 976 3284 1046 δυνάμει.
3309 977 3600 1045 Ἀναγκαῖον

2060 1072 2117 1125 δὲ
2165 1071 2433 1142 ζητῆσαι,
2479 1073 2532 1124 τί
2566 1072 2764 1142 δήποτε
2799 1073 2858 1125 ἐν
2909 1070 3078 1123 είκόνι
3113 1069 3219 1121 τῶν
3261 1068 3397 1122 ὑλῶν
3424 1069 3601 1122 τούτων

2062 1163 2322 1217 ἐθεάσατο
2347 1164 2444 1232 τὴν
2476 1163 2746 1234 συνθήκην
2774 1180 2784 1191 ·
2827 1163 2977 1215 οὐδὲν
3008 1162 3115 1232 γὰρ
3147 1161 3354 1225 ἁπλῶς,
3378 1161 3488 1214 οῦδὲ
3517 1164 3603 1231 μά-

2063 1272 2161 1324 την
2190 1255 2295 1307 ὑπὸ
2322 1254 2414 1307 τοῦ
2435 1255 2569 1307 Θεοῦ
2594 1254 2700 1306 τῶν
2728 1254 2864 1307 ὅλων
2893 1252 3354 1307 ἀποκαλύπτεται.
3387 1253 3447 1306 Ἠ
3466 1253 3604 1306 εἰκὼν

2065 1347 2339 1417 σχήματα,
2384 1345 2498 1397 ἀλλ’
2527 1347 2589 1398 οὐ
2619 1345 2943 1415 πράγματα,
2996 1343 3130 1413 ἔχει.
3174 1341 3419 1406 Τοιοῦτος
3456 1343 3606 1398 δὲ’τό

2065 1433 2255 1505 παρὼν
2284 1434 2414 1504 βίος,
2438 1434 2589 1486 οὐδὲν
2615 1435 2810 1504 glow”
2838 1433 3077 1503 διαρκὲς,
3113 1432 3234 1485 οῦδὲ
3265 1432 3478 1502 μόνιμον
3500 1448 3512 1463 ·
3541 1433 3608 1486 διὸ

2064 1527 2159 1580 καὶ
2177 1528 2206 1579 ό
2230 1527 2495 1598 μακάριος
2528 1525 2732 1589 Παῦλος
2755 1525 2903 1589 ἐϐόα,
2931 1527 3012 1580 ὅτι
3045 1544 3062 1575 ι
3092 1524 3338 1596 Παρὰγει
3365 1523 3424 1576 τὸ
3452 1523 3608 1594 σχῆμα

2063 1617 2156 1671 τοῦ
2190 1618 2395 1688 κόσμου
2426 1617 2635 1670 τούτου.
2667 1636 2685 1669 ›
2727 1617 2836 1669 Καὶ
2869 1615 3101 1686 ἀλλαχοῦ
3136 1614 3415 1686 παραινῶν
3445 1615 3604 1681 λέγει’

2071 1726 2088 1757 ι
2118 1707 2210 1777 Μὴ
2246 1707 2714 1777 συσχηματίζεσθε
2738 1706 2816 1777 τῷ
2846 1707 3001 1759 αἰῶνι
3033 1706 3231 1776 τούτῳ.
3273 1725 3293 1758 υ
3344 1706 3446 1759 Καὶ
3469 1709 3493 1758 6
3525 1723 3609 1776 μα·

392 1785 596 1840 caduca
628 1791 795 1861 sunt),
837 1801 890 1846 et
921 1793 1099 1865 imago
1142 1811 1322 1851 rerum
1360 1799 1468 1852 vim
1511 1799 1656 1854 haud
1688 1801 1957 1866 continet,

2075 1797 2258 1870 κάριος
2302 1798 2464 1853 Δαόὶδ
2495 1797 2594 1867 τῆς
2638 1797 2987 1868 ἀνθρωπίνης
3014 1798 3316 1868 εὐημερίας
3357 1795 3610 1865 διελέγχων

394 1879 488 1934 Sed
531 1881 677 1936 solas
722 1899 913 1954 regum
947 1902 1014 1940 ac
1051 1889 1389 1960 principum,
1424 1891 1642 1958 illisque
1691 1892 1974 1962 subjecto~

394 1969 756 2040 rumﬁguras
793 1977 1056 2040 ostendit,
1097 1978 1164 2031 ad
1209 1978 1322 2034 haec
1367 1980 1487 2050 ipsa
1523 1997 1744 2052 quoque
1800 1983 1974 2054 ﬁgura

395 2057 652 2116 facillime
700 2063 924 2125 dissolvi
981 2077 1197 2136 potest:
1257 2071 1454 2126 merito
1502 2087 1687 2127 rerum
1725 2074 1971 2128 omnium

396 2158 590 2204 auctor
617 2151 784 2223 Deus,
808 2157 903 2225 qui
930 2159 1226 2228 superbum
1255 2176 1435 2231 regem
1472 2163 1626 2216 illum
1645 2162 1846 2219 docere
1876 2179 1973 2218 vo-

399 2241 519 2304 luit,
551 2255 753 2313 quanta
782 2248 853 2301 sit
890 2247 1116 2303 humani
1146 2252 1429 2320 supercilii
1474 2253 1710 2321 vanitas,
1740 2263 1796 2309 et
1827 2253 1973 2324 quod

399 2333 711 2390 facillimam
753 2337 987 2401 habeant
1019 2355 1104 2396 res
1140 2341 1393 2396 humana:
1420 2343 1798 2409 mutationem,
1832 2345 1970 2398 ima-

400 2424 578 2494 ginem
633 2427 735 2496 ipsi
780 2430 834 2484 in
885 2432 1094 2486 somnis
1151 2433 1432 2504 proponit,
1492 2435 1725 2505 ejusque
1786 2443 1972 2506 partes

401 2517 686 2588 multiplici
709 2523 941 2584 materia
970 2523 1278 2594 distinguit.
1300 2526 1526 2583 crebras
1557 2542 1746 2597 regum
1769 2528 1975 2584 docens

401 2607 542 2664 alius
567 2620 690 2682 post
714 2613 878 2679 alium
910 2617 1315 2680 successiones,
1343 2619 1718 2690 omnibusque
1744 2635 1974 2690 persua-

400 2703 557 2768 dens,
591 2719 650 2760 se
699 2706 878 2760 solum
917 2719 1179 2777 perpetuo
1220 2709 1453 2779 imperio
1487 2712 1673 2782 potiri,
1721 2727 1973 2784 regnum-

401 2811 506 2863 que
534 2803 588 2851 et
623 2796 893 2867 principio
932 2806 985 2852 et
1024 2799 1128 2854 ﬁne
1165 2816 1384 2868 carens,
1430 2811 1485 2858 et
1511 2803 1738 2860 omnino
1774 2803 1979 2874 sempi-

403 2893 614 2937 ternum
648 2884 914 2949 obtinere.
955 2887 1166 2962 1092
1202 2887 1402 2946 POSIea
1434 2892 1628 2948 beatus
1671 2890 1861 2950 Daniel
1899 2907 1979 2946 re-

404 2975 548 3042 liqua
578 2975 748 3045 hujus
784 2977 981 3037 somnii
1012 2980 1391 3049 prosequitur.

2074 1891 2135 1944 τὺ
2171 1891 2418 1961 μάταιον,
2449 1891 2580 1961 φησί
2606 1907 2620 1920 ’
2668 1909 2686 1942 ι
2716 1890 2862 1960 Πλὴν
2905 1891 2974 1944 τὰ
3005 1889 3297 1959 σύμπαντα
3330 1890 3609 1958 ματαιότης,

2076 1984 2184 2046 πᾶς
2213 1982 2494 2051 ἄνθρωπος
2527 1981 2655 2046 ζῶν.
2682 2002 2697 2032 ι
2730 1981 2931 2036 Μέντοι
2957 1998 3021 2050 γε
3047 1982 3103 2034 ἐν
3129 1981 3302 2034 εἰκόνι
3326 1980 3610 2051 διαπορεύε-

2072 2088 2162 2128 ται
2235 2070 2538 2142 ἄνθρωπος,
2587 2069 2936 2141 θησαυρίζει,
2990 2071 3084 2123 καὶ
3130 2070 3195 2122 οὐ
3241 2069 3484 2136 γινώσκει
3525 2069 3612 2122 τίνι

2076 2163 2292 2230 συνάξει
2313 2163 2473 2217 αὑτά.
2512 2162 2727 2232 Ἐπειδὴ
2755 2165 2933 2217 τοίνυν
2958 2163 3052 2216 καὶ
3081 2165 3109 2215 ό
3142 2162 3335 2233 παρὼν
3365 2161 3469 2232 βίος
3485 2160 3614 2234 όξυῤ-

2074 2253 2274 2324 ρόπους
2313 2253 2423 2323 ἔχει
2454 2253 2550 2316 τὰς
2585 2253 2882 2323 μεταϐολὰς
2917 2253 3107 2323 (θνητά
3127 2255 3173 2288 ⁵⁹
3207 2253 3314 2323 γὰρ
3343 2253 3538 2307 ἅπαντα
3558 2253 3614 2305 τὰ

2073 2345 2345 2415 ὁρώμενα,
2371 2345 2464 2397 καὶ
2489 2345 2819 2416 πρόσκαιρα,
2846 2349 2939 2397 καὶ
2970 2345 3294 2414 ἐπίκηρα¹),
3323 2344 3456 2414 καὶὴ
3478 2342 3614 2396 είκὼν

2074 2437 2130 2491 δὲ
2154 2437 2261 2489 τῶν
2294 2437 2390 2506 μὲν
2412 2436 2752 2506 πραγμάτων
2785 2437 2884 2508 τὴν
2914 2437 3198 2510 ἐνέργειαν
3227 2437 3326 2491 οὐκ
3351 2436 3468 2505 ἔχει,
3502 2436 3614 2505 μόνα

2074 2529 2130 2582 δὲ
2151 2528 2220 2582 τὰ
2249 2528 2504 2598 σχήματα
2525 2527 2764 2581 δείκνυσι
2794 2528 3079 2598 βασιλέων,
3110 2529 3210 2583 καὶ
3234 2529 3512 2599 ἀρχόντων,
3536 2527 3614 2581 καὶ

2079 2617 2357 2686 ὑπηκόων,
2393 2617 2529 2688 πρὸς
2558 2617 2614 2670 δὲ
2641 2619 2850 2680 τούτοις
2881 2619 2973 2671 καὶ⁵
3004 2619 3136 2672 αὐτὸ
3165 2620 3231 2673 τὸ
3260 2622 3435 2689 σχῆμα
3459 2617 3611 2670 εὐδιά-

2079 2711 2235 2764 λυτον
2282 2709 2415 2778 ἔχει·
2459 2709 2682 2773 είκότως
2715 2712 2742 2763 6
2787 2710 2896 2764 τῶν
2939 2713 3076 2766 ὅλων
3122 2713 3260 2777 Θεὸς
3299 2713 3387 2766 τὸν
3414 2710 3612 2775 ἀλαζόνα

2077 2801 2284 2853 ἐκεῖνον
2327 2797 2615 2853 παιδεῦσαι
2665 2797 2985 2869 βουληθεὶς²
3030 2801 3258 2872 βασιλέα
3301 2803 3395 2872 τῆς
3430 2801 3613 2869 ἀνθρω-

2079 2891 2240 2958 πίνης
2287 2889 2486 2959 ὀφρύος
2525 2889 2586 2942 τὸ
2617 2891 2865 2960 μάταιον,
2917 2892 3012 2946 καὶ
3051 2893 3284 2960 διδάξαι,
3331 2893 3410 2947 ὅτι
3443 2893 3615 2964 ῥᾴστην

2080 2980 2194 3049 ἔχει
2228 2979 2298 3034 τὰ
2325 2978 2643 3050 ἀνθρώπινα
2667 2980 2768 3051 τὴν
2799 2981 3124 3054 μεταδολὴν,
3162 2983 3345 3037 εἰκόνα
3379 2982 3468 3052 μὲν
3493 2979 3616 3048 αὑτῴ

401 3060 536 3134 ὄναρ
598 3063 912 3134 προτίθησι,
956 3065 1024 3123 τὰ
1058 3066 1116 3129 δὲ
1162 3070 1366 3141 ταύτης
1418 3071 1584 3141 μόρια
1632 3070 1844 3141 μερίζει
1891 3073 2011 3132 ταῖς
2085 3068 2261 3134 ὕλαις,
2305 3069 2403 3132 τὰς
2447 3069 2648 3139 συχνὰς
2692 3071 2785 3124 καὶ
2825 3073 3164 3142 ἐπαλλήλους
3212 3072 3498 3128 διδάσκων³
3530 3070 3616 3122 τῶν

406 3155 667 3227 βασιλέων
695 3159 964 3229 διαδοχὰς,
1001 3162 1095 3214 καὶ
1132 3163 1336 3217 πείθων
1386 3165 1651 3231 ἅπαντας,
1697 3164 1773 3230 ὡς
1816 3164 1977 3227 αὐτὸς
2018 3163 2176 3234 μόνος
2206 3163 2452 3234 διηνεκὲς
2480 3163 2592 3233 ἔχει
2635 3164 2696 3217 τὸ
2730 3165 2952 3236 κράτος,
2983 3167 3222 3237 ἄναρχόν
3249 3184 3309 3220 τε
3375 3167 3460 3220 καὶ
3511 3165 3616 3216 ἁτε-

405 3249 683 3320 λεύτητον,
727 3254 819 3315 καὶ
864 3254 1194 3322 ἁπαξαπλῶς
1250 3258 1465 3312 αίώνιον
1509 3259 1607 3328 τὴν
1657 3259 1958 3332 βασιλείαν.
1998 3257 2224 3318 Τούτοις
2267 3255 2461 3327 ἐπάγει
2499 3259 2528 3311 ὁ
2559 3257 2827 3330 μακάριος
2871 3258 3067 3329 Δανιὴλ.
3094 3262 3164 3313 τὰ
3193 3258 3353 3312 λοιπά
3408 3256 3496 3312 τοῦ
3548 3257 3616 3306 ἐν·

409 3345 597 3400 υπνίου
627 3347 914 3403 διδάσκων.

481 3438 645 3496 Vens.
688 3441 778 3506 5,6,
808 3442 897 3500 35.
952 3461 971 3494 ι
1019 3441 1278 3509 Yidebas,
1321 3445 1498 3500 donec
1550 3445 1834 3501 abscissus
1887 3454 1972 3500 est

2145 3441 2250 3505 λδ¹,·
2278 3441 2370 3494 λε’.
2412 3459 2430 3492 ι
2465 3439 2775 3509 Ἐθεώρεις,
2811 3441 2916 3504 ἕως
2961 3442 3085 3494 ὅτου
3122 3440 3424 3512 ἀπεσχίσθη
3446 3439 3465 3472 ⁵
3495 3439 3618 3500 λίθος

409 3533 546 3604 lapis
570 3549 596 3589 a
627 3541 810 3588 monte
842 3535 960 3595 sine
995 3537 1272 3599 manibus,
1305 3546 1358 3591 et
1387 3539 1660 3606 percussit
1687 3537 1977 3605 imaginem

408 3640 572 3694 super
611 3625 775 3693 pedes
813 3625 1023 3684 ferreos
1081 3635 1137 3682 et
1177 3626 1393 3692 ﬁctiles,
1438 3636 1493 3682 et
1531 3628 1853 3682 comminuit
1884 3642 1980 3684 eos

411 3717 650 3787 penitus.
691 3715 845 3778 Tunc
891 3719 1229 3778 comminuta
1261 3722 1279 3740 ‘
1313 3727 1442 3775 sunt
1491 3719 1720 3774 omnino
1754 3719 1979 3782 ferrum,

411 3816 572 3874 testa,
608 3823 704 3872 aes,
747 3817 1056 3880 argentum,
1094 3825 1310 3872 aurum,
1345 3818 1399 3864 et
1453 3809 1600 3865 facta
1660 3817 1788 3864 sunt
1820 3810 1982 3881 quasi

411 3899 592 3970 pulvis
615 3899 684 3953 ab
711 3914 838 3957 area
864 3902 1072 3966 :cstiva,
1099 3908 1154 3956 et
1183 3901 1379 3955 extulit
1402 3915 1466 3956 ea
1489 3900 1785 3956 multitudo
1812 3902 1979 3964 venti,

411 3999 467 4048 et
519 3991 674 4051 locus
725 4005 835 4053 non
891 3998 976 4048 est
1020 3991 1282 4046 inventus
1334 3992 1388 4046 in
1429 3991 1558 4057 illis,
1607 3999 1662 4046 et
1697 3992 1839 4062 lapis
1889 3992 1981 4060 qui

413 4081 688 4156 percussit
742 4080 1036 4152 imaginem
1073 4079 1254 4136 factus
1297 4091 1386 4136 est
1435 4097 1590 4136 mons
1647 4097 1900 4152 magnus,
1930 4089 1985 4136 et

414 4175 662 4245 implevit
686 4188 902 4229 omnem
933 4181 1156 4230 terram.
1197 4192 1216 4224 ι
1254 4172 1403 4230 Talis
1432 4182 1518 4230 est
1563 4174 1765 4232 somnii
1816 4174 1979 4229 ﬁnis:

415 4267 571 4323 decet
624 4277 808 4326 autem
869 4282 976 4327 nos
1033 4267 1104 4322 ab
1161 4269 1425 4323 extremis
1476 4268 1982 4338 interpretationem

415 4358 678 4414 exordiri.
709 4357 1034 4425 Quaeramus
1066 4359 1250 4429 itaque
1283 4359 1456 4428 prius,
1489 4360 1742 4430 quisnam
1776 4360 1842 4416 sit
1871 4359 1983 4425 hic,

414 4448 508 4515 qui
541 4448 679 4514 lapis
725 4447 1053 4516 appellatur,
1107 4459 1161 4503 et
1215 4449 1308 4518 qui
1367 4450 1520 4518 prius
1570 4466 1772 4520 parvus
1810 4451 1981 4514 visus,

415 4552 541 4590 tuo:
576 4537 849 4598 maximus
876 4541 1076 4605 evasit,
1109 4551 1163 4597 et
1198 4543 1385 4597 orbem
1419 4550 1692 4597 terrarum
1721 4544 1984 4597 contexit.

2081 3534 2231 3588 ἁπὸ⁸
2270 3533 2432 3605 ὅρους
2462 3531 2590 3585 ἄνευ
2641 3531 2863 3602 χειρῶν,
2895 3532 2988 3584 καὶ
3036 3529 3276 3595 ἐπάταξε
3324 3529 3416 3599 τὴν
3464 3529 3617 3581 είκόνα

2081 3626 2173 3678 ἐπὶ
2201 3626 2327 3688 τοὺς
2357 3623 2524 3686 πόδας
2565 3623 2693 3685 τοὺς
2728 3621 2983 3692 σιδηροῦς
3020 3623 3114 3676 καὶ
3155 3621 3510 3692 ὀστρακίνυυς,
3542 3618 3619 3670 καὶ

2085 3716 2372 3772 ἐλέπτυνεν
2433 3714 2630 3776 αὐτοὺς
2695 3715 2776 3776 είς
2833 3713 3003 3776 τέλος.
3065 3713 3200 3766 Τότε
3259 3711 3620 3779 ἐλεπτὺνθησαν

2083 3803 2316 3870 είσόιπαξ
2354 3806 2383 3856 6
2410 3802 2627 3872 σίδηρος
2650 3801 2692 3864 ⁸,
2739 3802 2802 3854 τὸ
2847 3801 3135 3874 ὕστρακον,
3174 3804 3204 3855 6
3249 3799 3458 3872 χαλκὸς,
3488 3800 3513 3850 6
3539 3798 3617 3862 ἄρ⁴

2083 3913 2268 3968 γυρος,
2319 3897 2348 3948 6
2373 3894 2595 3965 χρυσὸς,
2630 3895 2725 3954 καὶ
2772 3893 3021 3961 ἐγένοντο
3063 3893 3197 3947 ὡσεὶ
3238 3888 3499 3962 κονιορτὸς
3533 3885 3619 3941 ἀπὸ

2084 3986 2289 4050 ἅλωνος
2343 3983 2584 4055 θερινῆς,
2619 3983 2715 4036 καὶ
2769 3981 2962 4054 ἐξῆρεν
3014 3981 3158 4041 αὐτὰ
3202 3981 3266 4036 τδ
3319 3981 3504 4050 πλῆθος
3539 3974 3618 4028 τοῦ

2085 4079 2426 4149 πνεύματος,
2473 4077 2568 4131 καὶ
2605 4077 2713 4139 πᾶς
2735 4075 2756 4106 ⁷
2783 4075 2952 4139 τόπος
2975 4076 3074 4146 οὐχ
3103 4076 3312 4147 ηὑρέθη
3356 4077 3410 4126 ἐν
3441 4071 3613 4131 αὐτοῖς,

2086 4173 2180 4227 καὶ
2215 4174 2242 4225 6
2267 4171 2412 4234 λίθος
2441 4170 2470 4223 6
2502 4168 2749 4234 πατάξας
2783 4169 2885 4237 τὴν
2921 4168 3104 4221 εἰκόνα
3138 4166 3390 4236 ἐγένετο⁸
3420 4165 3490 4226 είς
3515 4163 3641 4237 δροςη

2089 4264 2257 4335 μέγα,
2301 4261 2397 4314 καὶ
2441 4260 2728 4331 ἐπλήρωσε
2771 4260 2951 4313 πᾶσαν
2991 4256 3095 4328 τὴν
3139 4257 3266 4326 γῆν.
3301 4275 3320 4308 ι
3362 4247 3616 4308 Τοιοῦτον⁹

2086 4353 2179 4406 τοῦ
2220 4351 2470 4409 ἐνυπνίου
2495 4351 2556 4408 τὸ
2585 4350 2769 4412 τέλος’
2826 4349 3096 4419 προσήκει
3133 4347 3192 4400 δὲ
3231 4344 3466 4402 κάτωθεν
3497 4341 3616 4410 mli:

2087 4442 2354 4514 ἄρξασθαι
2379 4442 2476 4512 τῆς
2522 4441 2837 4512 ἑρμηνείας.
2869 4441 3201 4511 Ζητήσωμεν
3241 4438 3414 4493 τοίνυν
3457 4432 3619 4503 πρότε-

2092 4552 2204 4607 ρον,
2233 4533 2312 4596 τίς
2345 4533 2489 4596 λίθος
2520 4533 2562 4564 ³ο
2593 4531 3156 4603 προσαγορευόμενος,
3183 4530 3278 4583 καὶ
3308 4528 3496 4600 βραχὺς
3512 4521 3617 4592 πρό-

411 4625 715 4682 Audiamus
746 4627 915 4700 igitur
951 4631 1129 4701 ipsum
1163 4633 1334 4686 Deum
1376 4647 1472 4702 per
1511 4631 1707 4686 Isaiam
1756 4632 1972 4702 prophe-

2087 4643 2244 4698 τερον
2273 4626 2314 4656 ¹¹
2347 4624 2692 4694 φαινόμενος,
2727 4621 2955 4694 ὕστερον
2987 4620 3201 4691 ἐδείχθη
3256 4620 3516 4690 μέγιστος,
3542 4610 3615 4664 καὶ

415 4731 524 4772 tam
563 4719 834 4780 dicentem
864 4741 877 4777 :
917 4743 935 4775 ι
967 4722 1107 4779 Ecce
1142 4740 1286 4795 pono
1315 4725 1370 4778 in
1402 4723 1569 4778 Sione
1601 4722 1834 4793 lapidem
1864 4737 1988 4793 pre-

2088 4719 2186 4788 τὴν
2213 4717 2538 4786 οίκουμένην
2569 4715 2854 4784 ἐκάλυψεν.
2893 4712 3102 4768 Οὐκοῦν
3140 4713 3453 4781 ἀκούσωμεν
3482 4702 3615 4759 αὐτοῦ

413 4810 640 4876 tiosum,
678 4813 1018 4882 angularem,
1051 4816 1374 4884 pretiosum,
1410 4816 1670 4878 electum,
1699 4814 1751 4866 in
1785 4813 1972 4866 funda.

2091 4780 2186 4862 τοῦ
2217 4808 2352 4861 Θεοῦ
2372 4780 2468 4860 ’διὰ
2495 4780 2722 4860 Ἥσαῖου
2747 4780 2843 4858 τοῦ
2874 4807 3154 4877 προφήτου
3185 4780 3460 4870 λέγοντος·
3484 4793 3615 4848 «Ἰδοὺ

415 4913 596 4959 menta
629 4903 771 4972 ejus,
808 4912 863 4961 et
914 4907 1095 4962 omnis
1142 4907 1234 4977 qui
1281 4906 1458 4961 credit
1506 4907 1560 4959 in
1611 4905 1812 4973 ipsum,
1875 4917 1984 4957 non

415 4993 783 5054 confundetur
814 4997 862 5052 ιι.
924 5016 943 5048 ›
1007 4997 1314 5053 Audiamus
1351 4999 1476 5054 item
1535 4997 1753 5056 beatum
1814 4994 1983 5054 David

489 5170 554 5224 hI
585 5169 713 5225 Cor.
735 5171 936 5237 vu,5|.
1020 5171 1212 5225 illum.
1244 5188 1340 5235 xu,
1371 5171 1425 5223 2.

2089 4900 2280 4970 τίθημι
2313 4901 2370 4952 ἐν
2408 4895 2546 4952 Σιὼν
2573 4897 2719 4950 λίθον
2749 4895 3032 4966 πολυτελῆ,
3064 4892 3464 4965 ἀκρογωνιαῖον,
3502 4885 3614 4936 Evn-

2094 5009 2212 5062 μον,
2246 4989 2500 5052 ἐκλεκτὸν
2528 4990 2595 5054 ¹²,
2645 4990 2725 5052 εἰς
2759 4987 2828 5042 τὰ
2871 4985 3098 5057 θεμέλια
3125 4985 3312 5059 αὐτῆς,
3350 4979 3435 5034 καὶ
3471 4976 3562 5036 πᾶς
3594 4971 3616 5026 ό

1505 5170 1517 5220 i
1558 5168 1703 5226 Psal.
1738 5181 1963 5231 xxxvm,
1989 5167 2041 5232 6,
2074 5167 2123 5222 7.
2203 5164 2225 5205 ι
2264 5165 2366 5220 lsa.
2411 5163 2709 5230 xxvm,iﬁ..

1689 5323 1925 5377 VARIA".
1973 5320 2374 5377 LECTIONES.

519 5414 565 5445 ”
595 5415 635 5468 Β
674 5415 934 5469 τέθεικεν.
1029 5418 1072 5488 θὲ
1101 5418 1140 5469 Β
1165 5418 1585 5488 στεγανώτερος.

421 5485 600 5555 habet,
631 5488 1025 5555 correctionem
1058 5487 1215 5539 istam
1257 5485 1478 5555 γενητὰ.

423 5554 701 5618 βασιλέων.

421 5624 441 5654 ⁸
467 5624 508 5675 Δ
541 5625 795 5694 ἐγενήθη,
826 5626 1034 5680 omisso
1072 5624 1170 5690 εἰς.

424 5694 466 5728 ιι
495 5692 606 5749 ξκλ,
655 5692 699 5744 Β
734 5692 999 5764 θεμέλιον.

1661 5417 1709 5448 ⁸⁸
1745 5415 1786 5466 Β
1821 5415 2000 5476 αὐτός.

2079 5413 2121 5444 ⁸⁷
2153 5413 2207 5465 δέ
2262 5411 2304 5463 Β
2343 5411 2492 5464 addit
2521 5412 2634 5463 καί.
2710 5412 2756 5444 ⁸⁸
2784 5410 2822 5463 Β
2843 5409 2972 5478 ἔχει.
3039 5410 3084 5441 ³⁵
3117 5404 3297 5478 θνητά.
3331 5400 3438 5478 Βῂῑη
3469 5406 3607 5478 marg;

1572 5487 1588 5515 ¹
1635 5485 1726 5542 καὶ
1759 5484 1906 5536 ἐπίκ.
1954 5471 2077 5536 Des.
2117 5485 2166 5535 in
2203 5481 2260 5533 Β.
2341 5486 2361 5513 ³
2405 5481 2447 5536 Β
2487 5480 2828 5550 βουλόμενος.
2870 5471 2945 5510 ”⁹
2981 5479 3079 5535 διδ.
3119 5477 3170 5529 lu
3201 5471 3244 5528 ’Β
3274 5471 3611 5550 ρίξῃὶιυΐᾸθθῗι

815 5556 837 5586 ⁵
857 5556 902 5609 Α
923 5548 983 5607 οὗ
1017 5548 1327 5626 ἀπετμήθη.
1377 5548 1428 5587 ’⁵
1453 5556 1656 5626 ῥιπόηΑ
1684 5553 1772 5626 ἐξἐ
1853 5555 1875 5585 ⁶
1905 5553 2145 5626 όλσίδείιι
2211 5553 2254 5604 Α
2278 5548 2674 5626 “poniturpost
2712 5551 2997 5626 ὄστρακον..

1223 5596 1530 5680 ιθΤοιοῦτ.
1593 5624 1629 5677 Β
1665 5596 1833 5679 Τοῗΰτο
1902 5623 1998 5692 μὲν
2057 5622 2191 5676 ἔστι.

3078 5550 3097 5578 ⁷
3124 5551 3243 5608 πᾶς.
3275 5535 3288 5544 ’
3326 5542 3436 5594 Des.
3480 5535 3528 5588 in
3555 5535 3606 5586 Α.

2276 5611 2323 5653 ιθ
2370 5621 2475 5679 MO.
2535 5611 2574 5674 Β
2612 5611 2890 5690 prmum-6..
2976 5621 3012 5650 “
3062 5618 3214 5688 πρότ.
3249 5614 3288 5669 Β
3316 5623 3480 5682 pra-ul.
3507 5611 3603 5677 μένε
