3898 6208
433 290 564 358 13οἸΙ

1438 303 1925 364 THEODORETI
1964 301 2304 362 EPISCOPI
2342 303 2704 363 CYRENSIS

3492 300 3603 367 1308

431 417 688 479 praeterea
728 409 1038 473 declaratis,
1082 410 1388 482 intelligere
1452 423 1618 484 atque
1680 417 1982 485 percipere.

2092 413 2381 486 τοιγαροῦν
2404 415 2450 446 ⁸⁸
2480 417 2677 477 αὐτοὺς
2706 412 2920 485 πρῶτον
2954 422 3052 481 μέν
3078 411 3142 464 ἐκ
3167 410 3254 463 τοῦ
3278 410 3506 483 ἀριθμοῦ,
3528 417 3606 469 καὶ

432 500 652 554 tertium
668 515 805 556 esse
841 500 1056 570 1098
1091 501 1445 558 Macedonum
1479 522 1725 575 regnum,
1762 509 1863 562 huc
1903 512 1989 565 cst

430 598 820 659 ws;quartum
878 606 1004 643 vero
1044 590 1440 661 Romanorum,
1503 596 1606 650 hoc
1629 607 1713 653 est
1765 601 1986 668 ferrum.

429 678 584 745 Quod
632 679 678 732 si
710 680 937 734 omnino
995 681 1131 750 ipsis
1183 683 1275 737 illa
1322 699 1444 741 esse
1493 686 1817 744 obscuriora
1872 693 1989 747 visa

429 780 578 834 sunt,
613 776 668 821 at
694 781 840 825 certe
868 785 934 825 ex
962 783 1159 827 eventu
1193 768 1481 844 oportebat
1509 793 1728 835 omnem
1755 781 1822 836 ab
1853 783 1989 852 ipsis

428 859 835 928 praedictionem
868 860 1134 917 discerni.
1170 863 1304 919 Nam
1348 866 1513 922 simul
1542 868 1719 939 ’atque
1748 874 1990 929 ostendit

429 951 588 1006 ferrei
647 953 798 1023 regni
839 952 1164 1010 imbecilleiu
1205 966 1260 1012 et
1292 957 1513 1015 ﬁctilem
1568 960 1751 1029 linem,
1801 963 1988 1020 statim

426 1040 663 1112 subjecit
691 1059 704 1096 :

497 1215 663 1273 Vens.
696 1219 785 1274 44.
824 1238 844 1270 ι
881 1219 945 1274 Et
974 1221 1030 1276 in
1072 1222 1267 1280 diebus
1298 1241 1487 1295 regum
1534 1228 1775 1284 illorum.
1818 1251 1837 1283 ι
1878 1231 1989 1288 Hoc

422 1316 527 1371 est,
578 1310 760 1366 ﬁctilis
792 1319 845 1366 et
874 1312 1059 1377 ferrei,
1097 1315 1192 1384 qui
1237 1319 1678 1376 commistionem
1714 1333 1988 1380 mutuam-

422 1414 531 1468 que
565 1398 877 1457 aﬂiuilatem
926 1406 1182 1474 amplexi,
1231 1423 1301 1464 ne
1333 1420 1556 1481 propter
1604 1415 1986 1485 cognationem

423 1490 645 1560 quidem
673 1494 975 1551 concordes
1007 1496 1178 1554 fuere.

499 1691 517 1724 ι
550 1673 851 1731 Suscitabit
880 1677 1022 1734 Deus
1051 1680 1175 1734 εωιί
1203 1696 1454 1751 regnum,
1495 1685 1642 1755 quod
1690 1687 1745 1741 in
1783 1691 1983 1745 saecula

422 1776 532 1814 non
577 1777 979 1834 corrumpetur,
1015 1774 1069 1821 ct
1119 1785 1351 1840 regnum
1389 1772 1508 1842 ejus
1565 1777 1770 1846 populo
1826 1780 1985 1834 alteri

422 1869 531 1908 non
578 1856 940 1926 relinquetur.
992 1860 1344 1918 Comminuet
1375 1873 1432 1918 et
1481 1867 1770 1924 ventilahit
1802 1873 1984 1926 omnia

421 1959 609 2015 regna,
637 1955 692 2001 et
725 1951 901 2018 ipsum
952 1951 1121 2005 stabit
1176 1952 1234 2006 in
1288 1964 1574 2010 aeternum.
1624 1956 1814 2026 (Vsus.
1865 1961 1981 2030 45.)

419 2034 886 2100 Quemadmodum
922 2042 1128 2107 vidisti,
1160 2045 1308 2113 quod
1344 2047 1567 2102 excisus
1595 2049 1668 2104 sit
1692 2051 1759 2106 de
1803 2061 1984 2109 monte

419 2126 558 2196 lapis
597 2129 713 2183 sine
754 2130 1029 2199 manibus,
1087 2141 1142 2189 et
1198 2138 1591 2193 comminuerit
1653 2149 1871 2210 testam,
1926 2155 1981 2200 et

421 2217 649 2279 ferrum,
687 2235 780 2287 aes,
811 2231 1119 2291 argentum,
1146 2241 1364 2281 aurum.
1390 2248 1407 2280 ι
1437 2228 1562 2285 Haec
1591 2240 1776 2289 autem
1799 2247 1984 2306 aperte

419 2309 718 2365 ostendunt
762 2316 1116 2382 praesentium
1156 2318 1375 2387 quidem
1426 2336 1609 2377 rerum
1661 2326 1846 2389 linem,
1900 2344 1985 2382 re-

417 2414 584 2469 gnum
611 2417 739 2457 vero
769 2404 1035 2459 caelorum
1082 2406 1187 2463 line
1222 2424 1437 2466 carens.
1498 2410 1636 2468 Cum
1682 2415 1827 2471 enim
1877 2416 1984 2473 fer-

420 2500 570 2540 reum
607 2503 831 2558 regnum
863 2491 1203 2550 imbecilliter
1237 2496 1489 2553 allectum
1519 2500 1703 2568 fuerit,
1737 2518 1802 2559 ac
1831 2513 1985 2562 testae

416 2579 787 2649 commistum,
801 2589 931 2637 tunc
947 2587 1257 2655 apparebitc
1279 2589 1414 2659 lapis
1431 2590 1550 2647 sine
1567 2595 1819 2652 manibus
1837 2598 1987 2654 exci-

418 2685 535 2736 sus,
568 2678 622 2725 et
676 2675 1008 2731 comminuet
1034 2684 1252 2742 testam,
1293 2679 1498 2737 ferrum
1527 2691 1582 2740 et
1615 2701 1710 2750 aes,
1731 2687 1752 2707 *
1788 2703 1985 2759 argen-

418 2769 552 2822 tum,
583 2775 799 2827 aurum,
849 2782 868 2816 ι
907 2772 960 2819 et
985 2766 1051 2820 ad
1086 2767 1317 2823 nihilum
1355 2785 1421 2824 ea
1452 2786 1684 2840 prorsus
1730 2774 1979 2845 rediget:

416 2866 758 2924 regnumque
786 2856 1179 2926 sempiternum
1211 2863 1589 2916 successionis
1620 2877 1685 2918 ac
1729 2865 1854 2920 linis
1885 2879 1983 2919 ex-

417 2958 542 3013 pers
584 2944 653 3001 iis
683 2946 776 3014 qui
812 2944 960 3018 digni
999 2963 1066 3003 eo
1095 2947 1298 3005 fuerint
1331 2953 1617 3021 praebebit.
1653 2972 1672 3005 ι
1711 2952 1770 3009 In
1822 2965 1982 3012 atter-

416 3050 547 3088 num
600 3038 767 3101 enim,
819 3037 1022 3108 inquit,
1071 3055 1182 3096 non
1223 3051 1631 3113 corrumpetur,
1670 3052 1726 3099 et
1777 3046 1988 3115 popqu

2090 504 2195 557 τῶν
2226 506 2726 577 παραδηλωθέντων
2757 504 3098 575 πραγμάτων
3130 503 3375 570 συνιέναι,
3406 506 3488 557 καὶ
3517 523 3603 575 μα-

2090 596 2227 659 θεῖν,
2254 596 2329 659 ὼς
2354 597 2511 669 τρίτη
2549 597 2697 649 ἐστὶν
2735 597 2770 666 ή
2814 595 2923 649 τῶν
2949 595 2993 627 ⁸⁵
3027 593 3344 648 Μακεδόνων
3372 594 3606 664 βασιλεία,

2088 684 2365 738 τουτέστιν
2393 689 2427 739 ό
2454 685 2684 755 χαλκός
2709 700 2723 713 '
2744 685 2978 756 τετάρτη
3004 684 3063 738 δὲ
3093 686 3127 752 ἡ
3166 683 3454 754 Ῥωμαίων,
3482 702 3612 739 τουτο

2101 774 2250 829 ἐστιν
2286 778 2319 829 ὁ
2349 775 2600 844 σίδηρος
2648 774 2709 827 Εἰ
2743 776 2798 829 δὲ
2833 776 2926 828 καὶ
2955 774 3094 836 ὅλως
3120 772 3503 843 ἁσαφέστερα⁶⁸
3530 777 3609 829 αῖ,-

2087 868 2199 928 τοῖς
2240 865 2417 933 ἔδοξεν
2447 864 2586 920 εἶναι
2631 868 2836 930 ἐκεῖνα,
2870 867 2978 919 ἀπὸ
3022 864 3151 933 γοῦν
3193 865 3286 919 τοῦ
3329 866 3498 930 τέλους
3523 868 3613 921 ἔδει

2088 959 2268 1011 πᾶσαν
2297 957 2590 1026 διαγνῶναι
2635 958 2734 1028 τὴν
2777 960 3082 1029 πρόρρησιν
3109 972 3123 986 ·
3168 957 3325 1020 εὐθὺς
3371 959 3467 1029 γὰρ
3498 962 3615 1031 μετὰ

2086 1051 2161 1103 τὺ.
2201 1052 2370 1117 δεῖξαι
2422 1053 2521 1120 τῆς
2579 1050 2803 1122 σιδηρᾶς
2857 1049 3137 1121 βασιλείας
3182 1050 3246 1103 τὸ
3292 1050 3496 1117 ἀσθενὲς
3538 1057 3616 1107 καὶ

2087 1138 2404 1208 ὀστρακινον
2432 1139 2602 1205 τέλος,
2634 1140 2912 1210 ὲπήγαγε’

2157 1230 2258 1299 μδ’.
2292 1249 2312 1281 ι
2355 1232 2462 1285 Καὶ
2491 1234 2548 1284 ὲν
2574 1234 2692 1295 ταῖς
2721 1231 2957 1301 ἡμέραις
2990 1231 3099 1286 τῶν
3131 1230 3390 1303 βασιλέων
3421 1234 3459 1266 ⁸⁷
3498 1233 3619 1287 ἐκεί.

2089 1336 2212 1374 νων.
2250 1339 2269 1372 ι
2300 1322 2588 1385 Τουτέστι,
2616 1320 2710 1376 τοῦ
2760 1322 3084 1391 ὀστρακίνου
3110 1322 3207 1375 καὶ
3236 1322 3326 1377 τοῦ
3362 1322 3557 1393 σιδηροῦ
3582 1326 3619 1356 ⁸⁸

2087 1410 2184 1479 τήν
2205 1411 2483 1480 ἐπιμιξίαν
2504 1413 2757 1483 ἑχόντων,
2792 1414 2885 1467 καὶ
2914 1413 3014 1485 τὴν
3040 1413 3157 1482 μετ’
3190 1413 3235 1446 ⁸⁸
3262 1412 3490 1484 ἀλλήλων
3512 1431 3621 1483 συγ-

2087 1500 2299 1568 γένειαν
2321 1501 2747 1572 ἀσπασαμένων,
2775 1502 3028 1572 ὁμόνοιαν
3054 1502 3111 1556 δὲ
3143 1502 3282 1574 μηδὲ
3308 1503 3371 1556 ἐκ
3395 1501 3488 1572 τῆς
3513 1520 3620 1573 συγ-

2086 1588 2300 1656 γενείας
2328 1589 2659 1658 ἐσχηκότων.

2163 1700 2182 1731 ι
2236 1680 2604 1750 Ἀναστήσειὸ
2636 1681 2769 1745 Θεὸς
2799 1681 2893 1735 τοῦ
2926 1681 3159 1754 ούρανοῦ
3192 1681 3480 1753 βασιλείαν,
3521 1684 3620 1754 ἥτις

2020 1765 2061 1820 Β
2087 1771 2167 1830 εἰς
2197 1770 2321 1833 τοὺς
2368 1769 2570 1835 αἰῶνας
2613 1773 2672 1825 οὐ
2700 1772 3153 1843 διαφθαρήσεται,
3207 1774 3298 1827 καὶ
3339 1776 3372 1845 ἡ
3413 1773 3624 1844 βασιλεία

2085 1859 2251 1914 αὐτοῦ
2290 1859 2402 1932 λαῷ
2424 1861 2593 1932 ἑτέρῳ
2614 1862 2713 1933 ούχ
2740 1863 3225 1936 ὑπολειφθήσεται.
3257 1867 3510 1919 Λεπτυνεῖ
3546 1867 3625 1918 καὶ

2083 1950 2341 2024 λικμήσει
2378 1952 2555 2017 πάσας
2585 1954 2680 2017 τὰς
2705 1953 3004 2023 βασιλείας,
3034 1957 3129 2010 καὶ
3153 1957 3293 2027 αὑτὴ
3326 1958 3559 2027 στήσεται
3584 1958 3624 1987 ⁷⁵

2083 2045 2165 2107 εἰς
2204 2044 2331 2107 τοὺς
2369 2042 2591 2107 αἰῶνας.
2627 2044 2779 2116 (με’.)
2821 2047 2918 2099 Ὃν
2961 2046 3161 2118 τρόπον
3194 2042 3348 2112 εἶδες,
3375 2048 3452 2099 ὅτι
3487 2049 3624 2116 ἐτμή-

2084 2135 2151 2209 θη
2179 2139 2221 2169 ⁷¹
2263 2137 2371 2192 ἀπὸ
2397 2138 2557 2210 ὅρους
2594 2138 2743 2203 λίθος
2777 2140 2907 2194 ἄνευ
2935 2139 3154 2212 χειρῶν,
3188 2140 3284 2194 καὶ
3318 2140 3555 2194 ὲλέπτυνε
3576 2138 3626 2191 τδ

2082 2226 2374 2297 ὄστρακον,
2403 2229 2496 2281 καί¹
2531 2228 2622 2281 τὸν
2647 2229 2885 2300 σίδηρον,
2908 2230 3001 2284 τὸν
3030 2230 3254 2302 χαλκὸν,
3281 2232 3368 2284 τὸν
3394 2230 3621 2301 ἄργυρον,

2081 2318 2173 2371 τὸν
2203 2317 2421 2389 χρυσόν.
2460 2336 2479 2369 ι
2514 2319 2697 2372 Ταῦτα
2751 2320 2808 2373 δὲ
2848 2321 3113 2393 ἀντικρὺς
3149 2322 3389 2376 δείκνυσι
3420 2319 3518 2374 τῶν
3546 2321 3626 2389 μὲν

2083 2408 2366 2480 παρόντων
2401 2408 2743 2480 πραγμάτων
2769 2410 2829 2465 τδ
2856 2396 3031 2475 τέλος,
3059 2413 3159 2483 τῆς
3192 2412 3251 2466 δὲ
3278 2411 3384 2465 τῶν
3414 2413 3626 2479 οὐρανῶν

2085 2500 2359 2572 βασιλείας
2377 2501 2438 2554 τὸ
2459 2501 2835 2574 ἀτελεύτητον.
2860 2502 2973 2574 Τῆς
3001 2503 3111 2574 γὰρ
3134 2503 3360 2575 σιδηρᾶς
3387 2501 3626 2573 βασιλείας

2082 2593 2322 2658 ἀσθενῶς
2347 2594 2393 2624 τ’
2414 2593 2774 2667 διατεθείσης,
2798 2595 2895 2648 καὶ
2933 2595 3026 2649 τοῦ
3045 2597 3321 2666 ὀστράκου
3347 2596 3440 2666 τὴν
3466 2596 3624 2663 ἐπιμι-

2085 2684 2202 2749 ξίαν
2229 2684 2520 2754 λαϐούσης,
2559 2686 2856 2756 φανήσεται
2919 2686 3019 2755 μὲν
3073 2704 3092 2737 ι
3125 2688 3156 2740 6
3191 2686 3339 2750 λίθος
3371 2688 3398 2737 6
3429 2682 3625 2754 τμηθεῖς

2083 2775 2211 2829 ἄνευ
2243 2774 2463 2845 χειρῶν,
2492 2777 2586 2830 καὶ
2627 2775 2880 2830 λεπτυνεί
2900 2777 2961 2830 τὸ
2984 2777 3278 2848 ὄστρακον,
3309 2776 3398 2830 τὸν
3441 2774 3627 2844 σίδηρον

2084 2867 2178 2920 καὶ
2208 2867 2253 2897 ⁷³
2285 2867 2376 2919 τὸν
2419 2866 2636 2936 χαλκὸν,
2667 2867 2759 2921 τὸν
2804 2868 3068 2939 ἄργυρον,
3098 2868 3194 2921 τὸν
3242 2866 3460 2939 χρυσὸν,
3489 2884 3506 2917 ι
3543 2863 3622 2916 καὶ

2082 2955 2286 3025 φροῦδα
2328 2958 2541 3027 ποιήσει
2591 2957 2869 3018 παντελῶς
2891 2998 2907 3023 ,
2942 2958 3036 3011 καὶ
3067 2957 3377 3026 ἀδιάδοχον,
3407 2954 3497 3007 καὶ
3521 2952 3628 3007 αἰώ-

2082 3062 2213 3111 νιον,
2241 3046 2335 3098 καὶ
2383 3046 2689 3117 ἀπέραντον
2720 3047 2997 3116 βασιλείαν
3033 3050 3148 3111 τοῖς
3203 3046 3376 3112 ἀξίοις
3409 3043 3624 3114 παρέξειο

416 3126 572 3181 alteri
606 3143 713 3181 non
742 3130 1102 3200 relinquetur,
1133 3139 1190 3188 et
1244 3135 1604 3197 comminuet,
1639 3144 1694 3190 et
1734 3114 1982 3191 domabit

2089 3152 2109 3185 ι
2150 3136 2244 3198 Εἰς
2276 3132 2385 3205 γὰρ
2412 3114 2538 3200 τους
2585 3114 2808 3200 αἰῶνας,
2852 3138 3034 3206 φησὶν,
3090 3138 3152 3190 οὐ
3207 3135 3623 3207 διαφθαρήσεται,

415 3213 599 3266 omnia
628 3229 814 3285 regna,
842 3226 896 3273 et
921 3219 1101 3289 ipsum
1127 3222 1296 3287 stabit
1318 3222 1371 3277 in
1403 3224 1620 3294 1099
1641 3231 1927 3282 aeternum.
1957 3243 1978 3278 ι

416 3302 572 3369 Quod
607 3297 652 3361 si
693 3306 818 3376 quis
867 3319 1153 3379 repugnet,
1202 3319 1369 3381 atque
1413 3312 1527 3368 haec
1562 3313 1636 3368 ita
1676 3329 1736 3369 se
1780 3315 1983 3372 habere

419 3393 576 3458 nolit,
609 3398 864 3451 ostendat
895 3399 986 3454 ille
1015 3416 1079 3455 ex
1114 3402 1372 3457 humanis
1418 3404 1585 3460 rebus
1616 3407 1876 3474 quidnam
1910 3407 1985 3463 sit

415 3488 701 3548 aeternum,
729 3491 783 3538 et
813 3486 1089 3555 quodnam
1146 3489 1427 3544 hominum
1484 3507 1709 3563 regnum
1747 3495 1819 3549 sit
1875 3497 1984 3551 line

416 3572 739 3630 cariturum.
811 3576 1050 3632 Stultum
1080 3581 1243 3636 enim
1300 3590 1407 3651 est,
1462 3594 1626 3654 atque
1689 3586 1982 3642 admodum

414 3661 663 3729 demens,
690 3667 876 3721 saeculi
911 3671 1204 3739 praesentis
1233 3682 1553 3744 exspectare
1596 3674 1778 3743 linem,
1812 3687 1866 3731 et
1899 3694 1984 3733 re-

415 3768 579 3822 gnum
614 3756 835 3826 aliquod
869 3759 922 3811 in
954 3763 1215 3829 praesenti
1250 3764 1358 3816 vita
1419 3765 1545 3820 tlnis
1594 3781 1793 3836 expers
1839 3767 1981 3823 futuo

416 3862 536 3900 rum
572 3862 842 3904 asserere.
899 3848 954 3903 Si
1010 3866 1139 3906 vero
1170 3852 1281 3906 illis
1327 3868 1544 3924 quoque
1590 3857 1838 3922 videtur,
1887 3874 1983 3929 per

416 3939 532 3994 haec
561 3940 724 3994 verba
771 3956 999 4010 regnum
1036 3941 1167 3998 illud
1222 3944 1548 4013 signiﬁcari,
1602 3948 1752 4016 quod
1802 3949 1982 4020 dignis

415 4029 644 4084 daturus
676 4037 761 4083 est
783 4028 948 4094 Deus,
983 4045 1090 4084 non
1123 4031 1288 4101 igitur
1315 4032 1722 4091 Macedonicqu
1750 4054 1979 4108 regnum

415 4119 712 4189 appellavit
748 4119 953 4174 ferrum
982 4140 996 4175 :
1025 4138 1204 4191 neque
1249 4124 1397 4178 enim
1451 4126 1546 4180 illo
1594 4127 1810 4193 vigente
1843 4145 1981 4199 pra:-

415 4212 557 4267 scnti
593 4211 718 4266 vitae
750 4212 1041 4283 impositus
1062 4224 1149 4269 est
1170 4215 1315 4281 linis,
1336 4217 1430 4272 sed
1456 4215 1761 4275 Romanum
1786 4236 1980 4277 everso

416 4299 766 4357 Macedonico
816 4304 971 4358 orbis
1005 4312 1278 4360 terrarum
1315 4308 1501 4364 clavos
1552 4317 1723 4365 tenet.
1748 4310 1903 4377 Quod
1931 4312 1978 4367 si

414 4394 759 4447 contendant
801 4394 1037 4464 priorem
1087 4395 1303 4453 Domini
1335 4400 1631 4456 adventum
1676 4402 1761 4457 his
1794 4404 1977 4458 verbis

413 4484 733 4555 signiﬁcari,
759 4486 1055 4541 ostendant
1078 4486 1449 4545 llomanorum
1474 4493 1791 4562 imperium,
1814 4494 1978 4550 simul

409 4585 575 4642 atque
607 4574 859 4629 Salvator
890 4585 1082 4634 noster
1114 4583 1390 4651 apparuit,
1440 4584 1697 4653 periisse.
1741 4583 1976 4640 Omnino

410 4665 556 4718 enim
582 4674 774 4719 contra
810 4669 1052 4737 reperire
1094 4683 1201 4736 est,
1248 4675 1492 4744 viguisse
1555 4676 1711 4741 illud,
1771 4684 1827 4730 et
1864 4692 1974 4732 non

413 4754 645 4822 periisse
676 4770 799 4811 eum
848 4757 1150 4817 Salvatoris
1179 4773 1343 4831 ortu;
1391 4765 1686 4835 siquidem,
1725 4766 1977 4837 Augusto

412 4853 699 4915 regnante,
738 4847 1002 4909 Dominus
1037 4854 1092 4908 in
1130 4856 1304 4911 lucem
1330 4856 1512 4913 editus
1541 4866 1647 4913 est.
1681 4856 1971 4915 Secundus

295 5010 305 5019 ἰ
408 4935 629 5005 quidem
664 4939 754 4994 ille
797 4945 1067 5012 regnavit,
1097 4962 1289 5004 omnes
1338 4957 1522 5005 autem
1572 4951 1972 5021 propemodum

412 5028 659 5086 homines
694 5047 808 5086 suae
846 5033 1045 5091 ditioni
1092 5039 1400 5107 subiunxit,
1438 5056 1770 5112 omnemque
1799 5052 1973 5096 terra-

411 5136 534 5176 rum
576 5122 785 5191 orbem,
819 5133 880 5180 ut
912 5127 1206 5202 Evangelia
1250 5140 1524 5190 testantur
1557 5135 1600 5202 ί,
1652 5134 1971 5209 descripsit,

485 5296 502 5331 ί
537 5293 670 5352 Luc.
706 5312 769 5365 ll,
802 5298 859 5353 ἰ.

2086 3224 2179 3277 καὶ
2206 3223 2321 3294 λαῷ
2366 3225 2537 3296 ἑτέρῳ
2578 3226 2678 3296 οὐχ
2711 3225 3201 3298 ὑπολειφθήσεταιο
3237 3227 3334 3278 καὶ
3387 3224 3627 3286 λεπτυνεῖ,

2083 3314 2177 3385 καὶ
2196 3316 2427 3386 δαμασει
2451 3318 2629 3382 πάσας
2655 3317 2754 3381 τὰς
2787 3316 3086 3387 βασιλείας,
3114 3318 3212 3372 καί
3235 3316 3375 3386 αὑτὴ
3401 3314 3631 3384 στήσεται

2082 3406 2163 3467 εἰς
2190 3406 2317 3468 τοὺς
2367 3404 2586 3468 αἰῶνας.
2620 3425 2637 3457 υ
2671 3406 2734 3460 Et
2779 3406 2837 3459 δέ
2874 3422 2957 3468 τις
2992 3403 3323 3475 ζυγομαχεῖ,
3366 3402 3457 3456 καὶ
3495 3396 3626 3454 ταῦθ’

2081 3494 2254 3559 οὕτως
2288 3498 2431 3565 ἔχειν
2479 3496 2526 3528 ⁷⁸
2567 3497 2629 3549 οὐ
2671 3497 2943 3566 βούλεται,
2972 3494 3203 3560 δειξάτω
3225 3494 3281 3547 τί
3312 3493 3419 3547 τῶν
3448 3492 3628 3562 ἀνθρω-

2082 3582 2251 3637 πίνων
2285 3582 2330 3614 ⁷⁸
2379 3582 2614 3648 αἰώνιον,
2653 3583 2781 3635 ποία
2809 3583 2866 3636 δὲ
2913 3581 3021 3635 τῶν
3070 3579 3380 3652 ἀνθρώπων
3414 3577 3628 3649 βασιλεία

2081 3673 2232 3737 τέλος
2287 3674 2348 3727 οὑ
2395 3673 2645 3744 λήψεται.
2703 3671 2914 3742 Εΰηθες
2969 3670 3078 3742 γὰρ
3109 3672 3209 3725 καὶ
3247 3671 3366 3724 λίαν
3413 3668 3626 3737 ἀνόητον,

2084 3763 2395 3817 συντέλειαν
2443 3763 2543 3835 μὲν
2593 3763 2887 3834 ἀναμένειν
2942 3762 3037 3816 τοῦ
3107 3762 3385 3833 παρόντος
3442 3758 3625 3818 αἰῶνος.

2084 3853 2359 3925 βασιλείαν
2405 3854 2463 3908 δέ
2515 3872 2635 3908 τινα
2681 3854 2862 3923 λέγειν
2903 3855 3044 3908 κατὰ
3098 3853 3193 3907 τὸν
3251 3852 3488 3920 παρόντα
3535 3849 3627 3920 βίον

2082 3941 2434 4013 ἀτελεύτητον
2473 3942 2710 3996 ἔσεσθαι.
2741 3942 2803 3995 Εἰ
2847 3941 2903 3994 δὲ
2931 3943 3022 3995 καὶ
3055 3941 3245 4004 αὐτοῖς
3292 3940 3525 3992 συνδοκεῖ
3554 3937 3627 3990 διὰ

2081 4032 2283 4088 τούτων
2328 4033 2434 4087 τῶν
2468 4031 2641 4101 λόγων
2687 4032 2786 4103 τὴν
2831 4031 3205 4102 δοθησομένην
3256 4031 3362 4083 ὑπὸ
3396 4028 3485 4082 τοῦ
3513 4025 3625 4080 Θεοῦ

2084 4122 2357 4193 βασιλείαν
2384 4110 2495 4186 τοῖς
2530 4123 2700 4190 ἀξίοις
2732 4120 3114 4193 σημαίνεσθαι,
3139 4122 3241 4174 οὐκ
3272 4120 3380 4191 ἄρα
3417 4119 3508 4191 τὴν
3529 4118 3627 4171 Μα-

2085 4216 2364 4288 κεδονικὴν
2393 4213 2670 4286 βασιλείαν
2688 4213 2939 4284 ὠνόμασε
2963 4213 3202 4282 σίδηρον·
3237 4212 3358 4265 οὐδὲ
3384 4211 3485 4282 γὰρ
3504 4207 3640 4287 ἐκεί-ι

2080 4326 2178 4379 νης
2235 4306 2540 4378 κρατούσης
2581 4306 2609 4357 6
2649 4304 2839 4376 παρὼν
2873 4303 2984 4370 βίος
3019 4303 3240 4370 ἐδέξατο
3283 4302 3451 4367 τέλος,
3482 4299 3623 4368 dixi,

2093 4396 2370 4468 Ῥωμαῖκὴ
2398 4395 2495 4467 τὴν
2517 4393 2893 4463 Μακεδονικὴν
2928 4393 3284 4447 καταλύσασα
3318 4390 3623 4463 κατέχειτῆς

2080 4489 2405 4559 οἰκουμένης
2459 4488 2584 4548 τοὺς
2633 4486 2841 4549 οἴακας.
2901 4485 2964 4539 Εἰ
2999 4484 3056 4538 δέ
3093 4503 3228 4555 φασι
3258 4486 3357 4556 τὴν
3387 4485 3623 4555 προτέραν

2078 4577 2170 4632 τοῦ
2198 4577 2403 4649 Κυρίου
2435 4575 2734 4648 παρουσίαν
2757 4575 2845 4628 διὰ
2874 4575 3078 4628 τούτων
3112 4575 3222 4628 τῶν
3247 4575 3421 4643 λόγων
3452 4570 3620 4642 σημαί-

2079 4670 2285 4734 νεσθαι,
2317 4667 2647 4735 δειξάτωσαν
2672 4665 3071 4720 καταλυθεῖσαν
3100 4664 3199 4736 τὴν
3223 4666 3333 4718 τῶν
3369 4661 3623 4734 Ῥωμαεων

2080 4759 2375 4830 ήγενομίαν
2401 4758 2563 4821 εὐθὺς
2588 4757 2725 4827 μετὰ
2761 4746 2860 4827 si};
2892 4756 2986 4809 τοῦ
3028 4756 3285 4828 Σωτῆρος
3329 4754 3478 4824 ήμῶν
3529 4752 3625 4803 ὲπιο

2081 4852 2325 4922 φάνειαν.
2363 4850 2477 4903 Πᾶν
2513 4847 2620 4919 γὰρ
2663 4847 2974 4902 τούναντίον
3014 4845 3160 4899 ἐστιν
3206 4847 3387 4917 εὑρεῖν
3409 4845 3471 4909 ⁷⁸,
3508 4857 3623 4913 κρσσ

2080 4943 2362 4997 τυνθεῖσαν
2407 4940 2596 5011 αὐτὴν,
2633 4939 2747 4993 ἀλλ’
2768 4938 2829 4993 οὐ
2884 4937 3282 4992 καταλυθεῖσαν
3312 4936 3425 5005 ἅμα
3453 4937 3513 5005 τῇ
3541 4936 3619 4984 τοῦ

2079 5035 2327 5104 Σωτῆρος
2383 5033 2643 5102 γεννήσει.
2702 5029 3011 5099 Αὐγούστου
3064 5028 3171 5098 γὰρ
3214 5025 3619 5097 βασιλεύοντοςὸ

2080 5125 2401 5189 Δεσποτικδς
2433 5122 2712 5195 ἐγένετοπ
2752 5122 2929 5186 τόκος.
2956 5122 3051 5185 Ὃς
3083 5118 3336 5192 δεύτερος
3378 5119 3471 5189 μὲν
3509 5115 3616 5169 ἐδα-

1677 5386 1915 5444 VARhE
1970 5386 2374 5443 LECTIONES.

478 5482 524 5513 “
574 5481 808 5535 Βτοίνυν
840 5482 1054 5564 πρῶτον
1103 5485 1361 5564 auratis“
1400 5483 1751 5564 θητῶν.
1803 5485 1874 5564 iu‘

411 5551 678 5625 δστράκου
706 5552 799 5613 καὶ
818 5551 1169 5625 τοῦσιδήρου.
1248 5556 1292 5625 ἐν
1323 5554 1362 5625 [ξ
1400 5551 1518 5625 μέν.

414 5620 816 5692 ἀσθενέστερον.
900 5624 946 5656 ⁷³
972 5620 1083 5678 καί.
1114 5624 1238 5681 Des.
1258 5624 1317 5679 in
1344 5623 1402 5677 D.

412 5687 655 5759 γένηται.

1622 5554 1668 5585 ’⁸
1691 5556 1728 5606 Α
1763 5564 1815 5607 et
1837 5553 1877 5605 Β
1899 5554 2277 5622 ἀναστήσεται.

1504 5623 1550 5655 ⁷⁸
1581 5623 1621 5677 Β
1653 5623 1819 5677 ταῦτα
1846 5624 1986 5692 ἔχειν
2019 5622 2209 5687 οὕτως.

2664 5481 2707 5512 ⁸⁷
2746 5481 2791 5533 Λ
2822 5480 3125 5551 βασιλειῶν.
3193 5481 3239 5514 ⁸³
3296 5481 3334 5534 Β
3379 5480 3481 5534 τῶν

3118 5559 3206 5621 ost
3236 5551 3411 5621 ὅρους.
3470 5546 3547 5621 _"
3573 5545 3607 5596 Β

3141 5618 3293 5675 ἰδεῖν.
3370 5621 3412 5651 ⁷⁷
3470 5618 3606 5681 Βγι-

2078 5484 2123 5515 ⁸⁸
2158 5482 2197 5534 Β
2250 5483 2576 5552 σαφέστερα.
2664 5482 2707 5512 ⁸⁷
2746 5482 2791 5533 Λ
2822 5482 3043 5551 βασιλειι

2078 5554 2277 5619 ήσεται.
2379 5554 2422 5584 τι
2480 5550 2688 5619 ὲτμ.1η
2745 5551 2787 5603 Α
2821 5552 3043 5619 ponitur

2286 5622 2332 5655 ⁷⁵
2360 5621 2397 5674 Β
2437 5619 2755 5689 ἀνθρώπων.
2833 5620 2880 5651 ⁷⁸
2912 5622 3027 5691 εὕρ.
