3898 6208
269 337 400 399 1309

1472 346 1554 408 IN
1594 346 1954 410 DANIELIS
1991 353 2149 415 CAP.
2192 355 2250 415 II

3389 359 3524 426 1310

263 451 499 514 σίλευσε,
549 451 761 514 πάντας
808 451 866 505 δὲ
942 453 1020 517 ὼς
1086 453 1217 518 ἔπος
1274 457 1466 515 εἰπεῖν.
1521 461 1834 532 ἀνθρώπους

1948 466 2330 538 tributumque
2360 467 2668 539 imperavit.
2726 466 2976 537 Regnum
3032 468 3199 540 igitur
3247 469 3522 529 Rotttano-

265 544 540 613 ὑπηκόους
585 544 901 614 ἐποιήσατο,
963 547 1323 618 ἁπεγράψατό
1385 568 1444 603 τε
1497 555 1681 607 πᾶσαν
1738 557 1839 625 τὴν

259 635 590 705 ιίκουμένην
629 633 769 689 κατά
802 635 903 707 τὴν
947 636 1060 689 τῶν
1110 638 1461 709 Εὐαγγελίων
1510 644 1712 716 φωνὴν,
1747 648 1842 701 καὶ

257 723 466 791 δασμὸν
492 722 682 795 φέρειν
702 725 1109 797 ἐνομοθέτησεν.
1154 728 1278 783 ⁹Υπ’
1306 732 1517 788 ἐκείνου
1541 734 1599 788 δὲ
1627 738 1659 807 ή
1704 737 1841 791 Ῥω-

262 813 439 884 μαίων
470 814 833 884 κρατυνθεῖσα
864 815 1113 888 βασιλεία
1138 819 1300 891 μέχρι
1330 824 1426 877 καὶ
1475 824 1571 877 νῦν
1614 825 1841 897 διήρκε-

258 923 372 960 σεν.
409 905 618 960 Οὐκοῦν
667 908 716 960 εί
744 908 793 940 ⁷⁸
822 910 857 979 ή
908 910 1150 982 προτέρα
1190 912 1444 984 γέννησις
1482 913 1578 967 τοῦ
1629 917 1839 989 Κυρίου

256 999 356 1068 τὴν
421 996 709 1068 Ῥωμαίων
770 1000 1068 1070 ἠγεμονίαν
1113 1003 1176 1055 οὐ
1232 1003 1495 1057 κατέλυσε
1519 1046 1536 1070 ,
1593 1006 1839 1061 λείπεται

256 1091 439 1147 τοίνυν
487 1092 654 1146 αὐτοῦ
702 1092 801 1164 τὴν
853 1093 1112 1165 δευτέραν
1140 1098 1280 1149 νοεῖν
1305 1097 1352 1129 τ’
1391 1098 1735 1164 ἐπιφάνειαν.
1780 1101 1839 1155 Ὀ

258 1181 369 1253 γάρ
403 1182 504 1255 ἤδη
539 1185 808 1256 πρότερον
827 1185 1060 1255 τμηθεὶς
1086 1185 1230 1250 λίθος
1254 1189 1382 1243 ἄνευ
1414 1192 1634 1262 χειρῶν,
1672 1195 1766 1248 καὶ
1791 1194 1839 1226 ⁸⁸

256 1274 549 1345 γενόμενος
577 1277 656 1340 είς
680 1276 806 1347 ὅρος
835 1276 999 1347 μέγα,
1032 1279 1127 1332 καὶ
1176 1278 1276 1351 τὴν
1315 1283 1640 1354 οἰκουμένην
1673 1284 1840 1339 καλύ-

254 1363 389 1434 ψας,
422 1357 577 1429 οὗτος
614 1365 657 1398 ⁸³
681 1366 741 1418 ὲν
770 1368 836 1436 τῇ
883 1364 1112 1439 δευτέρᾳ
1156 1371 1429 1445 παρουσίᾳ
1458 1372 1690 1439 πατάξει
1739 1375 1840 1447 τὴν

256 1457 443 1510 είκόνα
470 1458 564 1511 ἐπὶ
607 1459 735 1521 τοὺς
764 1458 932 1522 πόδας
975 1460 1102 1523 τοὺς
1129 1461 1508 1532 όστρακίνους,
1535 1467 1836 1536 τουτέστιν,
1860 1518 1867 1523 .

256 1549 315 1599 ἐν
343 1548 494 1619 αύτῷ
521 1548 598 1620 τῷ
623 1549 766 1604 τέλει
801 1552 899 1622 τῆς
928 1552 1152 1625 σιδηρᾶς
1197 1557 1497 1626 φανήσεται
1537 1559 1836 1629 βασιλείας,

254 1640 515 1705 ἀσθενοῦς
534 1642 634 1713 ἤδη
655 1644 1031 1714 γεγενημένης
1050 1660 1065 1675 ’
1097 1647 1190 1700 καὶ
1215 1648 1393 1713 πάσας
1426 1651 1524 1721 μὲν
1545 1653 1838 1708 καταλύσει

254 1728 356 1790 τὰς
413 1729 729 1799 ἡγεμονίας,
771 1734 865 1786 καὶ
915 1732 1054 1805 λήθῃ
1100 1736 1209 1789 τινὶ
1261 1738 1596 1809 παραδώσει,
1636 1741 1734 1814 τὴν
1779 1744 1835 1798 δὲ

1943 573 2087 625 rum,
2118 561 2268 630 quod
2293 561 2391 615 illo
2423 560 2728 631 imperante
2759 561 2956 632 viguit,
2988 577 3167 632 usque
3194 563 3373 619 adhuc
3402 582 3522 635 per-

1944 651 2165 708 mansit.
2206 650 2265 706 Si
2309 653 2479 724 igitur
2525 653 2737 707 Domini
2770 654 2920 722 prior
2947 654 3206 710 nativitas
3250 659 3521 712 Romano-

1943 756 2063 795 rum
2090 743 2233 798 haud
2271 744 2469 800 evertit
2517 744 2832 814 imperium,
2860 744 3133 814 reliquum
3167 746 3393 801 omnino
3437 757 3522 803 est

1943 837 2002 883 ut
2029 832 2335 886 secundum
2369 832 2518 885 illius
2573 831 2950 902 intelligamus
3012 832 3329 888 adventum.
3382 832 3520 889 Nam

1942 918 2084 993 lapis
2109 925 2201 995 qui
2236 924 2392 994 prius
2423 925 2645 979 excisus
2683 931 2769 979 est
2821 923 2943 981 sine
2989 925 3268 990 manibus,
3318 926 3523 995 quique

1939 1010 2118 1063 evasit
2150 1026 2312 1065 mons
2339 1025 2591 1081 magnus,
2619 1017 2674 1066 et
2698 1011 2887 1065 orbem
2912 1018 3185 1065 terrarum
3215 1012 3520 1082 cooperuit,

1939 1099 2031 1155 hic
2063 1101 2119 1156 in
2158 1100 2407 1157 secundo
2445 1103 2684 1158 adventu
2737 1102 3011 1173 percutiet
3066 1102 3281 1173 1100
3325 1103 3523 1175 imagi-

1938 1205 2062 1245 nem
2092 1206 2259 1262 super
2291 1191 2459 1262 pedes
2490 1190 2703 1256 tlctiles,
2738 1192 2842 1246 hoc
2871 1198 2977 1258 est,
3009 1193 3064 1246 in
3094 1192 3219 1261 ipso
3277 1191 3383 1246 line
3412 1193 3522 1247 fer-

1940 1282 2016 1337 rei
2055 1282 2229 1351 regni,
2268 1283 2414 1353 quod
2462 1283 2576 1352 jam
2628 1282 2834 1337 factum
2884 1282 3050 1338 fuerit
3091 1282 3389 1350 imbecille,
3427 1284 3525 1340 ad-

1941 1372 2141 1438 veniet,
2191 1382 2246 1430 et
2280 1375 2465 1428 omnia
2513 1390 2684 1445 regna
2720 1375 3027 1431 demoliens
3052 1390 3118 1430 ea
3158 1376 3335 1430 tradet
3381 1376 3524 1431 obli-

1938 1465 2112 1531 vioni,
2146 1467 2662 1538 sempiternumque
2688 1482 2850 1523 suum
2892 1483 3120 1539 regnum
3151 1467 3339 1538 dignis
3370 1485 3524 1523 com-

1940 1559 2266 1615 municabit.
2301 1558 2429 1616 Haec
2460 1560 2535 1616 ita
2570 1561 2971 1631 interpretatus
2997 1559 3214 1626 Daniel,
3266 1561 3522 1631 apposite

1940 1648 2213 1719 subjecit:
2250 1667 2271 1701 ι
2306 1649 2448 1707 Deus
2481 1666 2711 1721 magnus
2735 1649 2997 1705 indicavit
3029 1650 3144 1722 regi
3195 1665 3317 1720 quae
3357 1666 3523 1721 opor-

1943 1749 2094 1795 teant
2116 1742 2230 1797 lleri
2269 1742 2557 1812 posthaec.
2590 1741 2657 1797 Et
2686 1757 2877 1798 verum
2910 1742 3215 1806 somnium,
3245 1751 3299 1797 et
3341 1741 3522 1799 fidelis

255 1817 474 1871 αἰώνιον
497 1819 541 1851 ⁸¹
564 1820 729 1874 αὑτοῦ
760 1821 1039 1893 βασιλείαν
1054 1829 1169 1891 τοῖς
1192 1828 1364 1893 ἀξίοις
1385 1831 1635 1902 παρέξει.
1667 1834 1834 1889 Ταῦθ’

1939 1833 2317 1902 interpretatio
2367 1834 2511 1904 ejus.
2557 1854 2577 1887 ι
2616 1833 2810 1905 Opera:
2847 1833 3086 1904 pretium
3119 1841 3203 1889 est
3249 1833 3518 1889 admirari

257 1909 430 1973 οὕτως
466 1912 811 1983 ἑρμηνεύσας
853 1916 883 1969 ό
915 1916 1114 1988 Δανιὴλ
1153 1919 1469 1988 ἀναγκαίως
1519 1924 1830 1994 ἐπήγαγενο

262 2023 279 2054 ι
324 2005 386 2057 ’0
423 2006 556 2069 Θεὸς
585 2008 612 2061 ὁ
639 2007 813 2078 μέγας
849 2010 1116 2083 ἐγνώρισε
1143 2013 1222 2083 τῷ
1249 2014 1476 2084 βασιλεῖ,
1502 2017 1538 2072 ἃ
1578 2019 1660 2073 δεῖ
1679 2021 1833 2088 γενέ-

257 2092 384 2148 σθαι
417 2096 555 2165 μετὰ
584 2098 779 2154 ταῦτα.
801 2101 911 2155 Καὶ
932 2101 1186 2174 ἀληθινὸν
1214 2106 1276 2159 τὸ
1308 2106 1577 2172 ἐνύπνιον,
1620 2112 1717 2165 καὶ
1744 2129 1836 2166 πι-

258 2185 357 2256 στὴ
404 2188 437 2257 ἡ
473 2186 759 2260 σύγκρισις
815 2191 1001 2249 αὐτοῦ.
1039 2211 1059 2244 ι
1097 2193 1282 2259 Ἄξιον
1317 2196 1372 2250 δὲ
1410 2197 1686 2269 θαυμάσαι
1735 2201 1835 2274 τὴν

257 2276 349 2331 τοῦ
384 2277 521 2331 θεοῦ
548 2279 659 2333 τῶν
692 2279 829 2334 ὅλων
878 2283 1005 2354 περὶ
1036 2283 1244 2349 πάντας
1298 2286 1617 2359 ἀνθρώπους
1672 2290 1834 2361 κηδε-

258 2367 473 2436 μονίαν.
509 2369 647 2423 Οὐδὲ
689 2371 799 2442 γὰρ
840 2374 966 2438 τοὺς
997 2373 1285 2449 δυσσεϐείᾳ⁴
1317 2379 1598 2445 συζῶντας
1630 2380 1733 2451 τῆς
1758 2383 1836 2434 oi-

255 2456 414 2517 κείας
441 2458 782 2528 προμηθείας
810 2463 1025 2530 γυμνοί,
1076 2463 1212 2517 ἀλλὰ
1263 2466 1356 2519 καὶ
1384 2466 1607 2531 τούτους
1653 2469 1835 2540 πάσης

257 2548 581 2618 ἐπιμελείας
626 2549 787 2615 ἀξιοῖ,
839 2551 1028 2623 ὥσπερ
1057 2554 1252 2625 ἀμέλει
1279 2556 1470 2610 τοῦτον
1493 2558 1585 2612 τὸν
1628 2558 1835 2631 βάρϐα-

260 2655 377 2708 ρον,
431 2639 527 2693 καὶ
583 2638 846 2713 θηριώδη,
902 2648 996 2697 καὶ
1044 2645 1277 2717 δυσσεϐῆ
1332 2647 1393 2700 οὐ
1446 2649 1835 2706 καταλέλοιπεν

252 2729 620 2801 ἀτημέλητον,
656 2733 794 2787 ἀλλὰ
820 2735 1035 2807 πρῶτον
1069 2737 1167 2807 μὲν
1188 2738 1277 2791 διὰ
1308 2738 1418 2792 τῶν
1438 2740 1835 2811 ἀποκαλύψεων

253 2820 360 2891 τῆς
387 2822 686 2894 εὐκληρίας
718 2824 812 2878 τοῦ
844 2827 1111 2898 παρόντος
1144 2828 1260 2899 βίου
1294 2829 1566 2884 δείκνυσιν
1589 2831 1738 2903 αὐτῷ
1774 2833 1836 2887 τὸ

256 2913 544 2984 ἐπίκηρον,
604 2917 701 2971 καὶ
748 2918 847 2988 τῆς
890 2918 1174 2988 βασιλείας
1205 2921 1375 2990 αὐτῆς
1408 2920 1468 2974 τὸ
1510 2921 1832 2995 ὀξύρροπον,

253 3003 354 3058 καὶ
407 3005 490 3059 ὅτι
527 3006 680 3061 οὐδὲν
740 3010 970 3079 μόνιμον
997 3011 1101 3081 τῆς
1133 3012 1479 3085 ἀνθρωπίνης
1508 3017 1832 3087 εὐημερίας,

1938 1924 2185 1980 auctoris
2219 1925 2467 1979 omnium
2513 1939 2701 1979 rerum
2734 1922 2827 1979 Dei
2862 1938 2992 1992 erga
3041 1936 3235 1977 omnes
3266 1920 3519 1976 homines

1936 2031 2148 2070 curam.
2187 2015 2378 2088 Neque
2417 2016 2565 2071 enim
2603 2016 2771 2084 impie
2803 2015 3056 2070 viventes
3086 2014 3106 2034 ⁶
3141 2028 3240 2068 sua
3271 2012 3521 2067 destituit

1936 2108 2305 2178 providentia,
2351 2108 2449 2165 sed
2489 2108 2644 2177 ipsos
2693 2107 2860 2162 etiam
2903 2106 3053 2160 omni
3098 2102 3387 2175 diligentia
3429 2100 3519 2158 di-

1935 2205 2138 2270 gnatur
2165 2218 2179 2253 :
2206 2201 2351 2256 sicut
2385 2214 2583 2269 nempe
2613 2198 2909 2254 barbarum
2937 2195 3130 2263 istum,
3168 2203 3438 2267 agrestem
3463 2202 3519 2248 et

1935 2291 2162 2361 impium
2191 2291 2336 2345 haud
2373 2291 2618 2361 reliquit.
2652 2305 2835 2359 neque
2864 2289 3125 2361 neglexit,
3154 2287 3520 2356 sed'primum

1936 2397 2036 2453 per
2055 2398 2144 2447 ea,
2186 2398 2310 2453 qua:
2345 2384 2451 2454 ipsi
2490 2382 2774 2447 revelavit,
2813 2381 3105 2452 praesentis
3150 2380 3197 2434 ei
3227 2380 3353 2433 vitae
3395 2376 3518 2432 feli-

1936 2476 2153 2530 citatem
2201 2475 2400 2530 ﬂuxam
2446 2475 2711 2541 ostendit,
2743 2482 2798 2529 et
2840 2474 3133 2536 caducam,
3178 2485 3521 2542 regnumque

1936 2563 2114 2634 ipsum
2168 2564 2476 2618 celerrima:
2512 2562 2805 2617 mutationi
2850 2561 3175 2622 obnoxium,
3224 2572 3288 2610 ac
3341 2556 3517 2621 nihil,

1936 2655 2079 2724 qtnod
2104 2653 2171 2707 ad
2197 2656 2490 2708 humanam
2522 2653 2946 2723 prosperitatem
2976 2651 3269 2721 pertineat,
3297 2647 3517 2711 stabile,

1936 2759 2058 2814 qua:
2088 2745 2269 2799 instar
2292 2744 2489 2796 [lorum
2524 2744 2640 2799 sive
2672 2743 2913 2796 liliorum
2964 2741 3190 2807 arescit,
3216 2750 3271 2793 et
3307 2738 3519 2793 exstin-

1936 2835 2143 2905 guitur.
2171 2834 2349 2904 Atque
2392 2833 2505 2888 haec
2552 2833 2902 2890 subiciebant
2943 2831 3008 2885 ad
3058 2831 3205 2884 illius
3254 2844 3520 2898 arrogans

1936 2939 1990 2986 et
2039 2929 2301 3000 superbia
2359 2927 2609 2983 inﬂatum
2663 2925 3020 2996 supercilium
3076 2921 3517 2993 deprimendum,

1936 3022 2098 3091 eique
2148 3018 2590 3092 persuadendum
2666 3025 2725 3071 ut
2759 3016 3002 3071 humana
3039 3015 3334 3086 cogitaret,
3368 3012 3521 3065 viue-

251 3092 391 3147 ἀλλά
411 3094 567 3166 δίκην
592 3096 772 3151 ἀνθῶν
805 3098 836 3169 ἧ
865 3100 1067 3170 κρίνων
1099 3102 1143 3136 ⁸⁸
1178 3103 1504 3175 μαραίνεται
1532 3107 1564 3178 ἢ
1598 3107 1647 3139 ⁸⁸
1676 3107 1832 3162 σϐέν-

1939 3129 2066 3183 que,
2103 3119 2158 3168 et
2205 3112 2359 3180 regni
2418 3112 2580 3165 linem
2628 3116 2997 3178 exspectaret.
3052 3105 3299 3160 Primum
3354 3104 3522 3174 igitur

253 3203 428 3240 νυτσι.
461 3187 571 3240 Καὶ
601 3188 758 3242 ἱκανά
788 3190 835 3222 ⁸⁵
860 3191 1031 3244 ταῦτα
1062 3187 1131 3263 ἦν
1164 3191 1266 3264 τὴν
1296 3194 1622 3266 ἀλαζονικὴν
1664 3197 1829 3252 αὐτοῦ

249 3275 345 3327 καὶ
380 3279 771 3350 τετυφωμένην
795 3280 967 3350 ὀφρῦν
999 3282 1321 3345 καταλῦσαι,
1360 3286 1456 3338 καὶ
1485 3288 1671 3340 πεῖσαι
1702 3304 1834 3360 φρο-

252 3367 366 3419 νεῖν
416 3367 754 3439 ἀνθρώπινα,
789 3372 884 3424 καὶ
933 3372 1227 3442 ἀναμένειν
1262 3374 1356 3428 καὶ
1399 3376 1499 3444 τῆς
1550 3374 1700 3447 ζωῆς
1737 3378 1834 3432 καὶ

252 3457 536 3525 βασιλείας
562 3459 612 3493 ⁸⁸
641 3461 701 3514 τὸ
736 3461 908 3525 τέλος.
962 3463 1186 3534 Πρῶτον
1228 3465 1327 3534 μὲν
1357 3462 1451 3520 οῦν
1498 3466 1587 3522 διά
1628 3467 1834 3526 τούτων

1940 3221 2037 3277 per
2074 3205 2191 3259 haec
2224 3204 2400 3274 ipsius
2430 3217 2622 3257 curam
2664 3202 2831 3256 habet
2858 3217 2870 3254 :
2901 3199 3100 3255 deinde
3144 3196 3347 3250 somnii
3381 3193 3524 3248 obli-

1939 3297 2101 3352 vione
2131 3310 2418 3365 magorum
2440 3305 2498 3348 et
2530 3293 2913 3348 Chaldaeorum
2938 3290 3119 3362 arguit
3149 3287 3518 3352 mendacium,

1941 3402 2281 3457 suorumque
2334 3385 2716 3440 ministrorum
2771 3382 3016 3438 ostendit
3075 3380 3366 3435 veritatem
3408 3396 3423 3430 :
3465 3382 3521 3431 et

1941 3495 2039 3551 per
2055 3495 2248 3535 eorum
2280 3493 2312 3533 a
2348 3477 2551 3547 quibus
2604 3476 2825 3539 colitur,
2861 3474 3213 3543 sapientiam,
3275 3468 3519 3523 divinam

250 3548 419 3603 αὑτοῦ
454 3553 690 3605 ποιεῖται
723 3552 820 3623 τὴν
850 3554 1190 3623 ἐπιμέλειαν,
1225 3555 1416 3610 ἔπειτα
1461 3562 1527 3629 τῇ
1568 3558 1705 3632 λήθῃ
1739 3561 1834 3615 τοῦ

1939 3548 2088 3627 suam
2117 3569 2375 3623 virtutem
2411 3568 2682 3631 declarat,
2706 3574 2760 3621 et
2788 3565 2857 3621 ad
2897 3580 2957 3619 se
2983 3563 3332 3617 adorandum
3369 3559 3523 3630 igna-

249 3640 506 3696 ἐνυπνίου
529 3642 740 3712 ἐλέγχει
783 3644 879 3716 τὴν
904 3646 1013 3699 τῶν
1053 3649 1245 3717 μάγων
1270 3650 1365 3703 καὶ
1390 3650 1674 3705 Χαλδαίων
1701 3652 1834 3723 ψευ-

1939 3677 2025 3717 ros
2055 3660 2324 3714 attrahit:
2368 3659 2479 3713 imo
2514 3658 2698 3729 potius
2724 3672 2846 3723 eos,
2883 3656 2977 3725 qui
3018 3655 3092 3709 ab
3151 3653 3412 3708 omnibus
3465 3651 3519 3705 id

247 3731 502 3800 δολογίαν
526 3749 541 3764 ⁸
586 3734 830 3789 δείκνυσι
871 3736 928 3790 δὲ
962 3739 1063 3808 τὴν
1088 3739 1200 3792 τῶν
1230 3741 1451 3797 οἰκείων
1489 3742 1834 3815 θεραπόντων

1939 3751 2227 3820 requirunt
2250 3759 2311 3803 ut
2343 3748 2667 3813 adorentur,
2694 3761 2760 3802 eo
2791 3745 3014 3814 redigit,
3049 3754 3106 3798 ut
3138 3753 3359 3799 sanctos
3387 3756 3520 3798 suos

246 3821 531 3893 ἀλήθειαν,
579 3826 676 3878 καὶ
712 3824 801 3878 διὰ
833 3826 930 3896 τῆς
970 3827 1082 3880 τῶν
1134 3827 1485 3899 θεραπόντων
1521 3832 1712 3899 σοφίας
1741 3833 1834 3905 τὴν

1939 3841 2175 3895 I'amnlos
2233 3839 2441 3908 110],
2500 3837 2752 3893 adorent.
2814 3835 2985 3906 quue
3032 3849 3134 3890 nos
3206 3834 3369 3888 docet
3432 3831 3520 3886 hi-

248 3913 401 3968 θείαν
427 3914 594 3968 αὐτοῦ
623 3915 854 3987 δύναμιν
888 3918 1211 3990 παραδηλοῖ,
1233 3922 1326 3974 καὶ
1356 3920 1435 3985 είς
1466 3922 1840 3996 προσκύνησιν
1937 3931 2132 3986 storia.

245 4006 399 4061 ἕλκει
448 4008 550 4080 τὴν
587 4009 780 4063 ἑαυτοῦ
840 4012 968 4075 τοὺς
1030 4012 1380 4080 ἀγνοοῦντας,
1421 4015 1622 4085 μᾶλλον
1655 4017 1714 4072 δὲ
1765 4021 1893 4087 τοὺς
1920 4025 2021 4096 τὴν
2082 4023 2236 4096 παρὰ
2268 4021 2488 4076 πάντων
2531 4019 2894 4082 ἀπαιτοῦντας
2962 4015 3332 4087 προσκύνησιν
3394 4012 3522 4080 τοὺς

246 4101 437 4170 ἁγίους
463 4101 630 4156 αὐτοῦ
655 4103 992 4173 θεράποντας
1023 4110 1346 4177 προσκυνεῖν
1367 4109 1687 4178 ἀναγκάζει.
1719 4113 1828 4167 Καὶ
1856 4119 2015 4173 τοῦτο
2041 4118 2191 4189 ἡμᾶς
2213 4120 2247 4187 ἡ
2282 4115 2491 4187 ἱστορία
2517 4114 2777 4169 διδάσκει.

321 4199 441 4264 μςῆ
484 4211 503 4244 ι
555 4193 688 4251 Τότε
713 4195 843 4267 γάρ,
877 4199 1061 4267 φησὶν,
1087 4199 1115 4251 ὁ
1151 4199 1402 4269 βασιλεὺς
1423 4202 1822 4274 Ναϐουχοδονό-

2004 4211 2168 4266 Vens.
2212 4210 2302 4265 46.
2342 4228 2361 4262 ι
2416 4208 2579 4261 Tune
2633 4207 2781 4261 enim
2840 4219 2933 4259 rex
2971 4198 3515 4259 Nabuchodonosor,

249 4298 347 4354 σορ
377 4285 476 4337 ἐπὶ
506 4285 798 4356 πρόσωπον
830 4287 1015 4351 ἔπεσε,
1050 4289 1141 4343 καὶ
1172 4290 1251 4361 τῷ
1302 4292 1501 4363 Δανιὴλ
1554 4297 1826 4365 προσεκύ-

1939 4304 2129 4376 inquit,
2159 4303 2363 4357 cecidit
2398 4301 2453 4354 in
2488 4299 2708 4362 faciem,
2744 4305 2799 4350 et
2836 4293 3114 4347 Danielem
3160 4288 3439 4348 adoravit,
3463 4293 3521 4339 et

245 4392 399 4445 νησε,
432 4380 523 4432 καὶ
550 4380 733 4447 μαναά
755 4381 850 4433 καὶ
884 4381 1109 4435 εὐωδίαν
1142 4383 1187 4415 ⁸⁷
1221 4377 1344 4435 εἷπε
1380 4387 1597 4438 σπεῖσαι
1618 4388 1819 4459 αὐτῷ.»

1930 4411 2128 4450 manaa
2163 4403 2217 4447 et
2252 4394 2457 4447 bonum
2497 4389 2725 4444 odorem
2759 4386 2900 4441 dixit
2949 4385 3121 4439 libare
3153 4381 3228 4435 ei.
3263 4398 3282 4430 ι
3318 4378 3519 4433 Consi-

258 4466 629 4542 Ἐνθυμήθητι
656 4472 733 4539 δὲ,
785 4474 972 4544 ἡλίκον
1005 4475 1051 4507 ³⁸
1076 4477 1282 4529 ἐκεῖνον
1309 4476 1399 4529 τὸν
1428 4477 1683 4544 ἀλαζόνα,
1734 4481 1826 4533 τὸν

1939 4484 2060 4538 lora
2093 4492 2299 4546 autem,
2341 4479 2536 4550 quanti
2569 4477 2661 4542 sit,
2701 4480 3051 4544 arrogantem
3087 4471 3266 4532 illum,
3290 4468 3520 4522 insania:

248 4560 568 4629 μεμηνότα,
617 4562 708 4615 τὸν
773 4565 867 4618 καὶ
916 4565 1049 4619 Θεὸν
1101 4561 1238 4620 εἶναι
1285 4567 1330 4600 ⁸³
1373 4569 1673 4637 νομίσαντα
1739 4572 1808 4641 (δι

1931 4573 2125 4628 morbo
2150 4578 2491 4639 correptum,
2523 4568 2617 4637 qui
2652 4566 2817 4620 etiam
2852 4562 3017 4617 deum
3064 4575 3188 4616 esse
3224 4575 3284 4614 se
3321 4559 3520 4612 existi-

246 4650 440 4721 ἑτέρου
495 4653 604 4721 γὰρ
664 4657 946 4727 προφήτου
1001 4659 1168 4727 φησιν
1209 4661 1237 4712 ὁ
1288 4659 1421 4724 Θεὸς
1453 4661 1589 4731 πρὸς
1619 4663 1781 4719 αὐτόν
1810 4681 1823 4694 °

1939 4668 2193 4726 maverat,
2220 4660 2305 4715 eui
2332 4673 2430 4730 per
2456 4657 2625 4711 alium
2657 4653 2976 4726 prophetam
3002 4651 3146 4705 Deus
3174 4650 3518 4707 dixituu'l‘u

248 4760 269 4795 ι
305 4742 382 4795 Σὺ
407 4742 467 4795 δὲ
488 4739 540 4796 εἷ
571 4743 875 4814 ἄνθρωπος,
911 4748 1004 4801 καὶ
1035 4750 1094 4801 ού
1121 4749 1253 4813 Θεὸς
1289 4749 1360 4822 ι),
1380 4750 1469 4804 τὸν
1499 4751 1708 4817 πάντας
1737 4754 1829 4808 άν-

242 4835 502 4906 θρώπους
558 4836 833 4906 ὑπηκόους
898 4841 1287 4910 ποιησάμενον,
1338 4842 1428 4896 τὸν
1481 4843 1827 4914 αίχμάλωτον

240 4929 576 4997 προσκυνεῖν
625 4927 718 4985 τὸν
787 4930 1070 4997 Ἰουδαῖον,
1126 4933 1216 4985 τὸν
1274 4934 1612 5004 ἀνδραπόδου
1675 4935 1826 5002 τάξιν

240 5018 694 5088 ἀποπληροῦντα,
727 5022 823 5074 καὶ
854 5024 1104 5092 ἡγεῖσθαι
1138 5025 1227 5078 διὰ
1258 5025 1451 5080 τούτου
1494 5027 1585 5081 τὸν
1634 5029 1825 5083 τούτου

240 5113 575 5179 προσκυνεῖν
616 5111 767 5167 Θεόν.
799 5115 1002 5169 Τούτου
1048 5117 1157 5188 γάρ
1206 5118 1368 5190 χάριν
1401 5138 1420 5173 ‹
1451 5119 1633 5193 μαναὰ
1661 5122 1707 5153 ⁹⁰
1734 5121 1828 5174 καὶ

321 5298 349 5329 ιι
382 5290 581 5346 Ezech.
621 5309 814 5360 xxvm,
844 5294 900 5358 9.,
928 5294 984 5353 9.

1935 4763 2121 4810 autem
2150 4768 2211 4808 es
2236 4752 2427 4814 homo,
2447 4755 2501 4804 et
2525 4763 2637 4803 non
2674 4747 2839 4812 Deus,
2866 4764 2884 4798 ι
2918 4744 3012 4815 qui
3032 4759 3224 4798 omnes
3251 4741 3508 4797 homines

1934 4848 1991 4901 in
2024 4859 2178 4901 suam
2212 4842 2481 4897 ditionem
2513 4839 2824 4908 redegerat,
2856 4850 2922 4889 co
2960 4834 3258 4887 adductum
3289 4846 3435 4896 esse,
3461 4839 3523 4887 ut

1933 4937 2211 5008 captivum
2239 4931 2496 4987 adoraret
2534 4927 2808 4991 Judaeum,
2841 4925 2899 4979 in
2930 4923 3332 4992 mancipiorum
3365 4921 3520 4976 ordi-

1933 5044 2059 5084 nem
2090 5026 2398 5090 redactum,
2429 5021 2647 5090 sibique
2668 5016 2994 5090 persuadeat
3020 5016 3312 5086 peripsum
3347 5014 3522 5084 ipsius

1935 5120 2106 5175 Deum
2147 5116 2403 5173 adorare.
2453 5111 2569 5168 Hac
2605 5111 2756 5168 enim
2814 5113 2880 5165 de
2942 5122 3109 5165 causa
3156 5126 3174 5160 ι
3211 5122 3403 5163 manna
3469 5117 3521 5158 ct

1469 5446 1722 5511 .V'ARIAS
1764 5454 2171 5511 LECTIONES.

313 5609 359 5641 ⁷⁸
382 5609 453 5661 εἰ.
476 5606 601 5662 Des.
624 5607 676 5660 in
710 5606 773 5662 B.
836 5609 878 5641 ⁷⁸
908 5608 949 5660 Β
970 5609 1225 5676 δευτέραν
1254 5611 1472 5662 ἐννοεῖν.
1540 5610 1586 5641 ⁸ο
1613 5608 1722 5661 καί.
1752 5606 1871 5663 Des.
1903 5608 1953 5661 in
1978 5607 2038 5661 Β.
2104 5607 2148 5639 ⁸¹
2176 5600 2349 5671 οὗτος,
2371 5604 2447 5660 Ex
2476 5604 2515 5659 Β
2544 5607 2726 5677 suppl.
2805 5606 2850 5637 ⁸⁸
2883 5603 2926 5657 Β
2957 5600 3200 5655 αἰωνίαν.

317 5675 574 5747 ἐαρινῶν.
650 5678 698 5709 ⁸⁵
736 5679 788 5747 ἧ.
832 5679 867 5731 Β
895 5680 1005 5732 καί.
1112 5681 1156 5711 ⁸⁵
1196 5678 1234 5731 Β
1265 5680 1422 5732 ἱκανά
1453 5680 1530 5732 δέ.
1643 5680 1689 5709 ⁸⁸
1721 5678 1911 5747 βασ.
1944 5694 2129 5747 praeut.
2165 5678 2284 5747 τῆς.
2387 5670 2431 5703 ⁸⁷
2465 5677 2505 5730 Β
2561 5677 2807 5739 εὐωδίας.
2918 5673 2963 5702 ⁸⁸
3025 5671 3066 5722 Β
3106 5670 3200 5738 ii“?

1755 5694 1911 5749 οισι»
1944 5694 2129 5747 prtem.
2165 5695 2284 5749 της.

244 5681 281 5730 li
317 5675 574 5748 ἐαρινῶν.
650 5678 698 5709 ⁸⁵
832 5679 867 5731 Β
895 5680 1005 5732 καί.
1112 5681 1156 5711 ⁸⁵
1196 5678 1234 5731 Β
1265 5680 1422 5732 ἱκανά
1453 5680 1530 5732 δέ.

3300 5598 3373 5667 δὴ
3412 5616 3504 5667 κρ.

2387 5670 2431 5703 ⁸⁷
2465 5677 2505 5730 li
2561 5669 2807 5739 εὐωδίας.
2918 5673 2963 5702 ⁸⁸
3025 5671 3066 5722 Β
3106 5670 3289 5738 ἡλίκν
3334 5669 3503 5726 ἐστίν.

241 5753 284 5785 ’τι
315 5743 480 5808 εἶναι.
526 5747 565 5801 Β
590 5743 775 5818 prtum.
808 5751 1013 5803 ἑαυτόν.
1098 5751 1141 5781 ⁹⁰
1167 5768 1293 5822 μιν.
1324 5751 1361 5800 Β
1394 5766 1581 5821 prtum.
1620 5743 1803 5819 φηέῖνι
1834 5743 2005 5802 Sim—’3-
