3898 6208
261 297 393 368 I317

1514 309 1595 369 IN
1629 310 1986 373 DANIELIS
2009 314 2165 375 CAP.
2197 315 2312 376 III.

3381 315 3514 380 1318

256 417 488 477 ἐκείνοις
516 413 850 484 ένενόμιστο.
887 414 995 468 Καὶ
1055 413 1218 478 εὐθὺς
1255 415 1351 486 μὲν
1392 419 1423 487 ή
1462 418 1657 488 κλῆσις
1688 420 1830 489 ἁπλῆ

1940 424 2189 492 quasdam
2217 425 2550 480 convocatio
2579 425 3010 482 existimabatur
3046 443 3059 478 :
3089 441 3213 481 mox
3252 441 3382 483 vero
3420 445 3509 499 per

256 523 338 571 τις
370 504 672 574 ἐνομίζετο,
702 503 930 575 ὕστερον
966 503 1025 557 δὲ
1054 503 1117 557 τὺ
1150 504 1239 557 διὰ
1258 505 1356 575 τῆς
1383 506 1837 580 κλήσεωςτυρανο

256 597 550 668 νευόμενον
584 594 628 628 ⁸⁸
651 596 930 667 ἐφωράθη.
973 593 1191 668 Ἐπειδὴ
1221 596 1330 667 γὰρ
1357 598 1617 670 συνῆλθον
1658 601 1834 654 ᾶπαν-

255 704 370 753 τες.

331 796 351 829 r
398 778 454 831 Ὀ
485 775 682 848 κήρυξ,
732 777 915 848 φησὶν,
949 777 1077 830 ἐϐόα
1121 779 1179 831 ὲν
1228 778 1372 850 ἰσχύϊ
1420 778 1706 850 (τουτέστι,
1742 798 1837 850 με-

256 868 420 939 γίστῃ
484 867 767 937 χρώμενος
827 869 894 937 τῇ
948 868 1161 938 φωνῇ)⁶
1207 866 1364 937 Ὑμῖν
1417 868 1654 936 λέγεται,
1685 868 1834 940 ἔθνη,

253 958 396 1022 λαοὶ,
430 957 617 1027 φυλαὶ,
643 956 884 1025 γλῶσσαι
907 972 920 987 ·
956 956 1041 1026 (ε’.
1072 955 1171 1027 ς’.)
1195 949 1272 1028 ’ᾙ
1304 956 1369 1010 ἂν
1401 956 1520 1029 ὥρᾳ.
1562 958 1834 1027 ἀκούσητε

254 1051 353 1120 τῆς
381 1048 565 1119 φωνῆς
589 1047 690 1117 τῆς
716 1047 1038 1117 σάλπιγγος,
1068 1047 1325 1117 σύριγγός
1357 1065 1416 1101 τε
1463 1049 1556 1102 καὶ
1581 1048 1830 1121 κιθάρας,

259 1138 551 1210 σαμϐύκης
585 1156 645 1192 τε
678 1139 771 1192 καὶ
791 1138 1112 1208 ψαλτηρίου,
1145 1138 1242 1192 καὶ
1292 1140 1611 1209 συμφωνίας
1642 1139 1707 1205 ⁵⁷,
1742 1142 1835 1193 καὶ

256 1232 458 1294 παντὸς
487 1230 676 1298 γένους
715 1230 761 1262 ⁸⁸
795 1230 1093 1297 μουσικῶν,
1148 1229 1434 1294 πίπτοντες
1478 1235 1835 1301 προσκυνεῖτε

253 1328 323 1395 τῇ
355 1322 525 1377 εἰκόνι
576 1324 644 1393 τῇ
688 1324 864 1394 χρυσῇ
916 1321 959 1355 ⁵³
1068 1321 1262 1393 ἔστησε
1306 1323 1774 1395 Ναϐουχοδονόσορ
1805 1325 1833 1377 ὁ

257 1413 536 1484 βασιλεύς.
594 1414 707 1467 Καὶ
759 1413 817 1477 ὃς
872 1413 938 1468 ἂν
973 1415 1019 1446 ⁵ο
1057 1413 1132 1484 μὴ
1170 1412 1350 1467 πεσὼν
1381 1416 1736 1486 προσκυνήσῃ
1765 1416 1832 1477 ⁵³,

255 1506 397 1574 αὐτῇ
442 1506 509 1574 τῇ
557 1504 679 1575 ὥρᾳ
734 1501 1141 1573 ὲμϐληθήσεται
1190 1503 1269 1566 είς
1310 1502 1409 1574 τὴν
1461 1503 1693 1572 κάμινον
1738 1503 1831 1555 τοῦ

254 1596 431 1668 πυρὸς
467 1594 567 1666 τήν
592 1594 910 1666 καιομένην.
952 1611 972 1646 ι
1009 1591 1195 1657 Οὕτως
1246 1593 1493 1664 ἥρπασεν
1521 1597 1551 1648 ὁ
1579 1594 1828 1658 δείλαιος,

253 1685 331 1745 ὡς
356 1683 595 1754 ἐνόμισε,
614 1683 711 1753 τὴν
726 1681 876 1736 θείαν
903 1681 1088 1752 τιμὴν,
1106 1681 1202 1735 καὶ
1228 1681 1329 1735 οὑκ
1345 1682 1655 1754 ἀπέχρησεν
1684 1683 1832 1753 αὐτῷ

253 1772 317 1826 τὸ
355 1771 780 1841 προσκυνεῖσθαι
840 1771 989 1844 παρά
1014 1771 1124 1824 τῶν
1166 1771 1442 1839 ὑπηκόων,
1473 1772 1609 1827 ἀλλά
1640 1774 1734 1827 καὶ
1759 1776 1827 1845 τῇ
1863 1779 1903 1833 Β

255 1864 426 1918 είκόνι
467 1862 871 1936 προσφέρεσθαι
931 1862 1027 1934 τὴν
1077 1862 1451 1932 προσκύνησιν
1479 1865 1683 1933 ταύτην
1710 1866 1830 1917 ἑνο-

261 1956 556 2026 μοθέτησε,
604 1954 698 2008 καὶ
726 1952 1092 2025 καταπλήττει
1128 1954 1226 2024 μὲν
1247 1953 1494 2017 ἅπαντας
1524 1958 1588 2025 τῇ
1624 1971 1682 2007 τε
1708 1954 1829 2027 ὕλῃ,

257 2050 352 2101 καὶ
380 2050 446 2119 τῇ
484 2047 666 2118 τέχνῃ,
708 2047 801 2099 καὶ
826 2045 904 2117 τῷ
929 2044 1148 2117 μεγέθει
1185 2045 1281 2115 τῆς
1320 2045 1526 2108 εἰκόνος
1549 2062 1566 2077 ο
1599 2063 1833 2117 κατακη-

255 2140 340 2191 λεῖ
397 2138 454 2192 δὲ
508 2139 599 2191 καὶ
633 2137 955 2206 καταθέλγει
981 2138 1048 2207 τῇ
1087 2135 1401 2207 παντοδαπῇ
1425 2134 1532 2189 τῶν
1559 2136 1831 2207 μουσικῶν

254 2230 507 2301 ὀργάνων
531 2231 637 2300 ἠχῇ
663 2245 677 2261 ·
710 2230 837 2292 τοὺς
899 2227 954 2281 δὲ
985 2226 1118 2298 μηδὲ
1147 2227 1210 2280 τδ
1241 2227 1470 2298 μέγεθος
1498 2228 1598 2298 τῆς
1627 2228 1832 2292 εἰκόνος

255 2320 746 2390 ἐκπληττομένους.
770 2319 905 2391 μηδὲ
930 2319 1034 2372 ὑπὸ
1064 2320 1162 2389 τῆς
1201 2318 1307 2373 τῶν
1333 2318 1577 2389 ὀργάνων
1598 2318 1742 2391 ᾠδῆς
1769 2336 1830 2373 τε

256 2412 348 2465 καὶ
374 2412 566 2483 ἡδονῆς
597 2409 1119 2482 καταθελγομένους,
1152 2413 1218 2481 τῇ
1251 2409 1446 2482 ἀπειλῇ
1476 2405 1570 2464 τοῦ
1594 2411 1639 2442 ⁸⁸
1663 2410 1830 2482 καμί-

253 2519 348 2555 νου
398 2502 718 2556 δεδίττεται.
771 2501 881 2555 Καὶ
935 2502 1029 2555 ἐπὶ
1084 2502 1182 2571 μὲν
1224 2500 1333 2555 τῶν
1372 2501 1546 2556 ἄλλων
1576 2502 1829 2556 ἁπάντων

251 2592 317 2646 οὐ
351 2592 620 2665 διήμαρτε
644 2592 737 2646 τοῦ
763 2591 965 2646 σκοποῦ
992 2608 1006 2623 ο
1035 2591 1182 2663 ἑώρα
1233 2592 1341 2664 γὰρ
1368 2591 1614 2657 ἅπαντας
1641 2593 1702 2647 τδ
1735 2610 1829 2646 κε-

252 2685 545 2755 λευόμενον
575 2683 879 2749 ποιοῦντας,
916 2683 1010 2737 καὶ
1047 2683 1197 2752 φόϐῳ
1232 2683 1327 2737 καὶ
1368 2683 1529 2755 ἡδονῇ
1555 2683 1828 2737 δουλεύειν

253 2777 592 2846 εἰθισμένους
611 2792 622 2806 ’
649 2777 796 2847 μόνοι
830 2775 886 2827 δὲ
923 2776 973 2828 οί
1005 2775 1394 2846 τρισμακάριοι
1418 2777 1602 2840 παῖδες
1632 2777 1827 2830 ἐκεῖνοι

251 2868 354 2940 τὴν
376 2866 633 2938 πατρῴαν
654 2866 931 2935 εὐγένειαν
949 2867 1223 2938 ἀκήρατον
1239 2865 1333 2920 καὶ
1354 2866 1411 2919 ἐν
1430 2865 1641 2939 δουλείᾳ
1659 2867 1825 2938 φυλά-

253 2960 466 3026 ξαντες,
508 2958 779 3021 Ἀνανίας,
816 2959 910 3011 καὶ
944 2957 1222 3030 Ἀζαρίας,
1256 2959 1353 3013 καὶ
1384 2959 1625 3032 Μισαὴλ,
1660 2960 1827 3032 ἠρνή-

253 3050 428 3121 θησαν
488 3048 587 3119 μὲν
638 3047 736 3120 τὴν
782 3048 1174 3121 προσκύνησιν,
1221 3050 1323 3103 οὐκ
1379 3051 1566 3105 ἔλαθον
1599 3051 1657 3106 δὲ
1702 3054 1827 3116 τοὺς

1942 515 2394 570 convocationem
2427 516 2573 570 illam
2601 516 2949 588 tyrannicum
2989 516 3279 586 imperium
3314 519 3509 588 depre-

1941 604 2173 661 hensum
2206 614 2308 661 est.
2333 606 2412 679 [ὁ]
2444 606 2548 663 Ubi
2582 609 2728 663 enim
2758 617 3140 664 convenerunt
3177 623 3413 666 omnes:

2016 818 2035 851 ι
2076 798 2298 864 Praeco,
2335 798 2541 869 inquit,
2587 800 2859 854 clamabat
2902 802 2955 855 in
3015 801 3342 860 fortitudine
3388 805 3516 875 (hoc

1939 898 2046 952 est,
2087 889 2598 961 vehementissime)
2650 907 2663 942 :
2714 889 2885 945 Vobis
2930 891 3156 956 dicitur,
3185 903 3398 963 gentes,
3427 911 3515 965 po-

1940 980 2073 1048 puli,
2104 981 2299 1043 trEhus,
2336 980 2539 1051 linguai
2571 996 2585 1033 :
2618 979 2806 1052 (Vens.
2839 983 2892 1044 5,
2913 981 2994 1052 6.)
3020 982 3361 1055 Quacunque
3381 984 3515 1040 hora

1938 1070 2232 1126 audieritis
2290 1085 2480 1126 vocem
2536 1071 2713 1135 tubae,
2769 1071 3115 1142 fistulteque,
3172 1084 3228 1129 et
3268 1075 3513 1135 citharae.

1938 1161 2341 1231 sambucaeque,
2377 1168 2429 1215 et
2464 1162 2726 1232 psalterii,
2750 1170 2805 1217 et
2841 1164 3202 1234 symphoniae,
3226 1172 3284 1219 et
3331 1167 3517 1221 omnis

1935 1254 2159 1322 generis
2224 1254 2587 1314 musicorum,
2638 1253 2899 1309 cadentes
2940 1256 3165 1311 adorate
3216 1255 3515 1326 imaginem

1936 1358 2184 1405 auream.
2218 1359 2380 1414 quam
2404 1346 2599 1399 statuit
2628 1342 3137 1401 Nabuchodonosor
3157 1362 3271 1402 rex.
3307 1346 3371 1400 Et
3391 1347 3516 1417 qui-

1935 1452 2157 1506 cunque
2180 1451 2285 1490 uon
2320 1445 2631 1505 prostratus
2649 1437 2982 1501 adoraverit,
3004 1439 3195 1495 eadem
3231 1438 3363 1494 hora
3384 1440 3514 1509 inji-

1934 1526 2109 1579 cietur
2133 1526 2186 1577 in
2223 1526 2505 1580 fornacem
2542 1526 2684 1596 ignis
2713 1526 3016 1582 ardentem.
3059 1546 3079 1578 ι
3115 1529 3196 1582 Ita
3233 1529 3515 1599 usurpavit

1934 1614 2146 1678 infelix,
2184 1617 2515 1687 utopinatus
2549 1626 2654 1683 est,
2686 1617 2933 1673 divinum
2961 1619 3223 1674 honorem
3256 1637 3270 1671 :
3303 1620 3514 1690 1107

1933 1723 2111 1777 neque
2149 1708 2285 1764 satis
2319 1708 2423 1778 ipsi
2456 1707 2558 1763 fuit
2591 1723 2622 1763 a
2667 1709 2934 1780 subjectis
2980 1710 3083 1767 sibi
3119 1713 3339 1781 populis
3391 1715 3516 1767 ado-

1935 1798 2068 1864 rari,
2096 1799 2230 1868 quin
2252 1800 2415 1853 etiam
2447 1799 2637 1855 eodem
2667 1799 3010 1856 adorationis
3033 1801 3184 1856 cultu
3218 1802 3511 1872 imaginem

1936 1887 2044 1943 coli
2086 1888 2204 1958 lege
2236 1889 2493 1943 saneivit.
2538 1887 2605 1943 Et
2642 1890 2873 1944 omnes'
2918 1891 3172 1955 materia,
3204 1900 3257 1946 et
3290 1899 3429 1957 arte,
3458 1901 3514 1946 et

1936 1976 2318 2047 magnitudine
2378 1983 2574 2032 statuae
2626 1977 3026 2046 perterrefacit,
3080 1978 3274 2033 delinit
3329 1988 3512 2033 autem

1935 2075 2101 2138 atque
2129 2067 2408 2123 demulcet
2435 2066 2616 2122 omnis
2654 2068 2875 2138 generis
2914 2068 3254 2124 musicorum
3304 2069 3512 2123 instru-

1936 2166 2247 2212 mentorum
2278 2170 2414 2212 souo
2443 2175 2458 2212 :
2486 2171 2583 2212 eos
2609 2171 2738 2211 vero
2780 2157 2875 2227 qui
2920 2173 3098 2228 neque
3131 2158 3515 2228 magnitudine

1934 2254 2132 2302 statua:
2163 2246 2638 2317 obstupescerent,
2677 2261 2856 2317 neque
2906 2248 3247 2303 musicorum
3302 2249 3512 2302 instru~

1935 2345 2248 2395 mentorum
2279 2346 2446 2395 cantu
2476 2353 2542 2394 ac
2584 2339 2862 2408 voluptate
2891 2338 3356 2406 demulcereutur,
3404 2339 3513 2393 for-

1933 2430 2090 2485 nacis
2115 2429 2282 2485 minis
2297 2428 2564 2485 deterret.
2610 2429 2689 2503 [7|
2718 2432 2782 2485 Et
2815 2430 2870 2484 in
2900 2431 3023 2487 aliis
3051 2431 3307 2487 omnibus
3352 2432 3515 2486 mini-

1934 2533 2022 2574 me
2053 2517 2261 2573 excidit
2331 2517 2439 2572 line
2490 2519 2816 2589 proposito:
2851 2519 3074 2573 videbat
3117 2520 3263 2574 enim
3318 2535 3514 2576 omnes

1935 2609 2202 2678 imperata
2247 2606 2541 2675 facientes,
2569 2610 2662 2680 qui
2700 2617 2756 2664 et
2798 2617 2969 2674 metu,
3004 2618 3060 2665 et
3087 2612 3373 2681 voluptate
3396 2627 3513 2667 ser-

1932 2701 2052 2756 vire
2087 2707 2488 2755 consueverant
2535 2682 2559 2752 ἷ
2592 2699 2696 2755 soli
2739 2706 2923 2755 autem
2964 2700 3271 2756 beatissimi
3328 2702 3511 2756 adole—

1932 2798 2154 2847 sccntes
2194 2790 2293 2854 illi,
2348 2790 2525 2860 patria
2567 2790 2859 2847 nobilitate
2898 2791 3220 2860 incorrupta
3285 2792 3339 2845 in
3392 2791 3509 2860 ipsa

1932 2882 2096 2936 etiam
2130 2882 2395 2937 servitute
2422 2889 2658 2945 retenta,
2694 2882 2959 2948 Ananias,
3004 2882 3233 2937 Azarias
3299 2889 3354 2937 et
3408 2881 3508 2937 Mi-

1932 2972 2066 3034 sael,
2104 2981 2404 3026 renueruut
2432 2970 2683 3027 adorare.
2723 2970 2902 3044 [8-111
2925 2971 3044 3027 Non
3084 2973 3296 3027 latuere
3324 2982 3509 3027 autem

1934 3061 2129 3130 impios
2149 3060 2454 3124 Chaldaeos,
2475 3061 2568 3132 qui
2589 3077 2780 3117 omnes
2796 3062 3087 3132 impietatis
3108 3062 3397 3132 participes
3415 3061 3508 3115 lia-

250 3140 550 3212 δυσσεϐείᾳ
600 3139 879 3205 συζῶντας
902 3138 1224 3204 Χαλδαίους,
1255 3140 1305 3193 οἳ
1335 3143 1625 3206 κοινωνοὺς
1659 3144 1830 3197 ᾶπαν-

1937 3126 2067 3209 bere
2091 3153 2407 3208 studebant.
2439 3126 2635 3207 Statim
2667 3153 2847 3224 itaque
2874 3126 3055 3222 regem
3095 3126 3319 3210 adcubt.
3351 3166 3508 3205 eum-

250 3250 357 3296 τας
419 3231 564 3303 ἔχειν
604 3232 704 3303 τῆς
751 3230 1005 3294 ἀσεϐείας
1062 3231 1373 3302 ἠϐούλοντο.
1408 3234 1615 3287 Αὐτίκα
1652 3237 1829 3289 τοίνυν

1937 3260 2041 3315 que
2067 3246 2200 3317 legis
2234 3245 2544 3300 constituta:
2566 3244 2883 3308 admonent,
2905 3259 3025 3315 qua:
3046 3252 3232 3313 aperte
3258 3242 3509 3312 jubebat,

254 3322 518 3394 προσίασι
555 3323 654 3393 μὲν
676 3322 754 3392 τῷ
800 3321 1029 3393 βασιλεῖ,
1078 3323 1550 3395 ἀναμιμνήσκουσι
1579 3325 1635 3379 δὲ
1668 3326 1828 3391 αρτὸν

1937 3343 1990 3388 ut
2014 3350 2206 3392 omnes
2235 3336 2350 3407 regi
2406 3336 2639 3406 subjecti
2696 3343 2933 3392 statuam
2969 3334 3286 3397 adorarent,
3321 3340 3375 3388 et
3403 3332 3507 3386 hoc

252 3415 351 3469 τοῦ
384 3415 630 3479 τεθέντος
668 3416 833 3487 νόμου
884 3415 1180 3487 διαρρήδην
1229 3416 1633 3489 διαγορεύοντος
1657 3419 1830 3475 ἅπασι

252 3509 371 3570 τοῖς
399 3504 660 3576 ὑπηκόοις
688 3508 1014 3577 προσκυνεῖν
1046 3504 1146 3575 τὴν
1186 3505 1393 3568 είκόνα,
1421 3493 1517 3560 καὶ
1538 3511 1650 3572 τοῖς
1676 3509 1834 3564 τοῦτο

1938 3425 2117 3482 facere
2137 3427 2524 3483 recusantibus
2552 3425 2831 3482 fornacem
2857 3425 3201 3492 minabatur;
3220 3434 3506 3481 accusant-

1940 3531 2044 3586 que
2075 3533 2262 3573 sacros
2294 3518 2443 3573 viros
2472 3517 2596 3573 illos
2621 3517 2709 3571 his
2742 3515 2924 3570 verbis
2957 3532 2971 3569 :

253 3604 437 3657 ποιεῖν
503 3600 960 3673 παραιτουμένοις
1017 3599 1370 3665 ἀπειλοῦντος
1417 3602 1516 3675 τὴν
1573 3604 1802 3676 κάμινον
1827 3624 1842 3637 ·
1915 3613 2325 3683 εἰσαγγέλλουσι
2357 3613 2413 3667 δὲ
2461 3612 2589 3676 τοὺς
2656 3612 2829 3683 ἱεροὺς
2875 3610 3073 3683 ἄνδρας
3117 3609 3357 3674 ἐκείνους
3421 3610 3505 3665 λέ-

252 3710 470 3766 γοντες,
509 3693 593 3746 ὅτι

331 3787 420 3858 ιβ’.
474 3805 494 3839 ι
532 3786 684 3839 Εἰσὶν
744 3784 932 3855 ἄνδρες
1007 3783 1285 3850 Ἰουδαῖοι,
1330 3784 1425 3849 οὓς
1490 3789 1831 3860 κατέστησας

251 3881 350 3933 ἐπὶ
378 3878 446 3931 τὰ
470 3877 606 3951 ἔργα
628 3877 724 3946 τῆς
761 3876 943 3947 χώρας
982 3876 1321 3940 Βαϐυλῶνος,
1367 3878 1582 3949 Σιδράχ,
1622 3880 1835 3952 Μισὰχ,

252 3971 353 4025 καὶ
398 3967 706 4035 Ἀϐδεναγώ
731 3983 743 3996 ·
785 3967 834 4020 oi
868 3966 1061 4036 ἄνδρες
1093 3968 1358 4020 ἐκεῖνος’⁵³
1384 3969 1481 4038 οὐχ
1513 3971 1829 4039 ὑπήκουσαν

249 4062 332 4131 τῷ
356 4059 587 4130 δόγματί
619 4075 734 4120 σου,
773 4058 1018 4128 βασιλεῦ.
1049 4076 1067 4109 ι
1108 4059 1217 4113 Καὶ
1248 4060 1337 4112 τόν
1383 4077 1442 4112 τε
1471 4063 1668 4114 οἰκεῖον
1701 4063 1831 4133 φθό-

250 4171 346 4208 νον
372 4152 462 4206 διά
493 4152 697 4205 τούτων
768 4149 1158 4222 παραδηλοῦσι,
1208 4150 1301 4203 τοῦ
1342 4168 1400 4202 τε
1450 4152 1708 4221 βασιλέως
1740 4154 1825 4221 ἐξ·

252 4245 493 4299 ἅπτουσι
548 4241 646 4312 τὴν
691 4241 880 4313 ὀργὴν,
927 4241 1288 4311 αἰνιττόμενοι
1338 4240 1424 4294 διὰ
1475 4242 1701 4303 τούτων,
1736 4245 1829 4297 καὶ

254 4334 543 4408 μονονουχὶ
582 4334 859 4402 λέγοντες·
921 4333 1065 4401 Ὅρα
1106 4332 1256 4394 τίνας
1306 4330 1459 4402 ήμῶν
1500 4333 1830 4405 προτετίμη-

251 4446 359 4493 κας
385 4428 453 4492 ⁵⁷⁵,
494 4427 603 4480 τίσι
635 4426 742 4479 τῶν
773 4424 1133 4481 Βαϐυλωνίων
1176 4424 1469 4494 ἡγεμονίαν
1509 4424 1554 4456 ⁸⁸
1582 4425 1830 4478 ἐπίστευ-

2002 3788 2164 3845 Vsus.
2202 3789 2287 3843 12.
2324 3807 2341 3841 ‹
2377 3788 2518 3842 Sunt
2570 3786 2670 3842 viri
2722 3784 2917 3851 Judaei,
2964 3800 3104 3857 quos
3158 3779 3511 3845 constituisti

1931 3896 2096 3949 super
2121 3894 2285 3950 opera
2313 3877 2559 3948 regionis
2606 3876 2940 3949 Babyloniae,
2998 3875 3252 3944 Sidrach,
3294 3878 3505 3936 Misach

1928 3981 1981 4022 ρι
2009 3970 2325 4041 Abdeuago,
2356 3968 2458 4022 viri
2503 3967 2583 4021 illi
2618 3982 2727 4023 non
2779 3968 3101 4023 obetlierunt
3132 3969 3352 4024 decreto
3385 3982 3500 4044 tuo.

1927 4074 1959 4113 o
1993 4076 2108 4114 rex.
2154 4078 2173 4111 ι
2199 4059 2294 4113 His
2330 4066 2384 4112 et
2415 4058 2678 4112 invidiam
2714 4073 2868 4113 suam
2901 4058 3204 4123 declarant,
3253 4067 3309 4114 et
3354 4062 3502 4131 regis

1927 4150 2234 4206 accendunt
2266 4154 2400 4203 iram
2429 4167 2443 4202 :
2474 4165 2567 4218 per
2601 4149 2713 4203 ha-c
2748 4149 3040 4203 innitentes
3063 4164 3126 4203 ac
3153 4157 3363 4204 tantum
3391 4168 3499 4204 non

1933 4242 2209 4295 dicentes:
2236 4238 2372 4293 Vide
2406 4254 2674 4307 quosnam
2714 4239 2875 4292 nobis
2915 4239 3239 4307 pnetuleris.
3296 4241 3501 4309 quibus

1934 4330 2358 4401 Babyloniorum
2392 4328 2607 4398 1108
2654 4328 3005 4383 commiseris
3048 4328 3359 4396 imperium,
3405 4328 3497 4398 qui

1932 4406 2159 4477 honoris
2175 4421 2279 4475 sibi
2314 4419 2480 4473 habiti
2507 4418 2874 4487 praestantiam
2899 4418 3082 4471 animo
3104 4418 3376 4473 aestimare
3401 4433 3497 4474 no-

256 4534 358 4580 σας
380 4534 395 4548 ο
421 4515 544 4569 οὐδὲ
576 4516 622 4548 ³⁸
648 4514 747 4585 τῆς
805 4515 972 4585 τιμῆς
1000 4514 1059 4567 τὸ
1112 4511 1338 4583 μέγεθος
1379 4514 1456 4575 είς
1492 4512 1616 4565 νοῦν
1646 4512 1829 4567 λαϐεῖν

1937 4518 2175 4577 luerunt,
2203 4527 2381 4581 neque
2411 4527 2469 4565 se
2492 4511 2538 4564 ci
2579 4519 2765 4580 gratos
2784 4509 3046 4583 prmbcre,
3064 4523 3092 4561 a
3115 4524 3227 4579 quo
3249 4512 3497 4565 sunthoc

250 4606 657 4679 ἠϐουλήθησαν,
684 4604 778 4660 καὶ
820 4604 1162 4675 εὐγνώμονες
1197 4604 1323 4675 περὶ
1359 4603 1448 4656 τὸν
1505 4605 1833 4674 τετιμηκότα

250 4695 539 4767 γενέσθαι,
568 4694 703 4749 ἀλλά
724 4695 822 4766 τῆς
850 4694 1017 4765 τιμῆς
1073 4692 1130 4744 τὸ
1161 4691 1389 4762 μέγεθος
1415 4691 1640 4760 ἀτιμίας
1666 4693 1834 4762 ἀφορ-

255 4791 369 4863 μην
442 4789 787 4859 ἐποιήσαντο,
817 4785 1078 4856 ἀντικρὺς
1134 4789 1248 4847 τοῖς
1300 4786 1410 4846 σοῖς
1464 4784 1833 4850 ἀντιλέγοντες

248 4883 467 4952 νόμοις,
492 4879 585 4932 καὶ
622 4876 692 4931 τά
717 4878 783 4931 σὰ
806 4875 1046 4948 πληροῦν
1099 4876 1196 4928 οὐκ
1230 4874 1542 4945 ἀνεχόμενοι
1566 4875 1830 4944 δόγματα.

249 4975 368 5030 Οὐκ
392 4973 439 5005 ⁸⁷
460 4968 710 5024 ἐντεῦθεν
738 4969 794 5022 δὲ
826 4968 986 5039 μόνον
1045 4969 1162 5022 ἔστι
1193 4967 1463 5036 θεωρῆσαι
1495 4966 1554 5018 τὸ
1580 4983 1827 5036 τυραννι-

246 5067 348 5118 κόν
382 5080 445 5116 τε
486 5059 582 5113 καὶ
632 5060 915 5130 ἄγνωμον·
983 5058 1117 5113 ἀλλά
1146 5058 1240 5112 καὶ
1272 5057 1536 5129 ἑτέρωθεν
1576 5074 1825 5127 καταμα-

248 5157 369 5208 θεῖν
397 5152 644 5213 δυνατδν,
673 5150 749 5213 ὡς
796 5150 948 5203 οὐδὲν
1004 5149 1201 5219 δρῶσιν
1236 5148 1495 5218 ὑπηκόοις
1533 5148 1821 5217 ἁρμόττον·

244 5247 344 5311 οὒς
379 5244 490 5316 γὰρ
515 5242 756 5313 νομίζεις
784 5239 959 5305 θεοὺς,
986 5242 1045 5293 οὐ
1079 5240 1375 5310 νομίζουσι,
1410 5241 1501 5293 καὶ
1532 5241 1626 5311 τὴν
1658 5256 1824 5310 προσ-

1930 4612 2136 4663 honore
2150 4603 2329 4659 allecti
2353 4621 2365 4656 :
2381 4603 2489 4656 imo
2512 4601 2737 4656 honoris
2752 4600 3130 4656 excellentiam
3151 4603 3493 4657 occasionem

1929 4697 2243 4771 ignominia:
2272 4690 2546 4759 fecerunt,
2597 4693 2705 4746 tuis
2754 4703 2940 4762 aperte
2970 4692 3183 4761 legibus
3213 4694 3495 4747 contradi-

1927 4798 2137 4851 centes,
2168 4794 2374 4856 tuaque
2409 4783 2629 4839 decreta
2659 4783 2886 4852 exsequi
2923 4792 3264 4840 recusantes.
3307 4784 3496 4856 Neque

1928 4880 2055 4934 hinc
2086 4878 2261 4933 solum
2304 4873 2552 4943 conspici
2600 4881 2779 4942 potest
2807 4875 3127 4942 tyrannicus
3148 4882 3200 4929 et
3243 4873 3498 4945 ingratus

1929 4974 2148 5026 illorum
2182 4969 2424 5033 animus,
2455 4965 2548 5021 sed
2584 4965 2706 5019 aliis
2743 4965 2909 5019 etiam
2945 4980 3012 5019 ex
3034 4966 3218 5033 rebus,
3254 4970 3379 5038 quia
3410 4971 3491 5023 ni-
3578 5024 3603 5037 ,

1934 5064 2007 5116 hil
2056 5075 2244 5118 eorum
2299 5064 2578 5129 praestant,
2626 5071 2748 5125 qua:
2809 5056 3073 5125 subjectis
3134 5062 3494 5116 conveniunt.

1932 5152 2080 5217 Quos
2121 5149 2262 5204 enim
2308 5156 2362 5201 tu
2398 5148 2530 5201 deos
2562 5146 2869 5208 existimas,
2906 5163 3014 5201 non
3046 5149 3358 5204 existimant
3391 5152 3492 5214 illi,

1930 5254 2109 5308 neque
2131 5239 2279 5293 cultu
2316 5238 2443 5303 diis,
2466 5235 2559 5308 qui
2595 5251 2626 5291 a
2664 5244 2717 5291 te
2760 5237 3080 5303 adorantur,
3133 5243 3495 5297 ennvcnientc

1481 5381 1718 5437 VARIA‘J
1765 5381 2057 5437 LECTION
2068 5380 2168 5437 ES.

318 5533 444 5605 “k8
472 5533 873 5605 tugeudpevov.
927 5532 973 5565 "
1008 5550 1061 5605 κ.
1089 5549 1259 5602 συμφ-
1284 5532 1408 5605 QES-
1440 5535 1493 5605 in
1525 5533 1588 5587 Αο

248 5606 334 5660 Ex
360 5603 401 5657 Β
424 5602 609 5674 suppl.
677 5602 724 5638 η
753 5605 791 5658 Β
819 5604 959 5674 saw.
1005 5604 1047 5674 '1‘
1077 5619 1271 5673 προσ-κ.
1298 5602 1338 5674 Β
1362 5604 1485 5660 add.
1517 5605 1708 5674 αὑτήν.

247 5679 289 5732 Β
317 5671 515 5748 praem.
537 5671 664 5744 τήν.
765 5674 812 5708 ⁸⁵
841 5672 983 5726 οὐδέ.
1008 5671 1048 5725 Β
1080 5671 1265 5740 praem.
1292 5673 1360 5725 οἵ.

1676 5535 1720 5567 ts
1750 5534 1863 5636 γέῖἱ
1900 5535 1945 5587 Α
1985 5551 2007 5616 I

1676 5622 1708 5658 ι.
1888 5606 1925 5658 Β
1950 5623 2007 5658 ττ

1475 5647 1485 5656 .
1517 5623 1708 5674 αυτην.
1816 5623 1861 5636 ἰ
1888 5623 1925 5658 υ
1950 5623 2068 5674 της.
2178 5623 2223 5638 υ·
2249 5623 2332 5657 εκ.
2371 5623 2408 5657 is
2441 5623 2612 5659 ουτοι.
2679 5623 2726 5636 -ν
2765 5623 2808 5657 υ
2863 5623 2967 5672 προ

1464 5675 1506 5706 ³⁷
1538 5674 1655 5726 οὐκ.
1689 5674 1726 5728 Β
1757 5690 1942 5746 praem.
1977 5676 2088 5734 καί.
2122 5677 2324 5731 omittit
2347 5682 2523 5731 autem
2553 5675 2610 5728 δέ
2639 5680 2765 5728 ante
2791 5672 2969 5742 μόνον.

1988 5550 2174 5604 prtem.
2209 5536 2545 5605 συμφωνίας.
2592 5533 2635 5587 Β
2684 5534 2799 5605 γέν.
2866 5531 3142 5605 μουσικοῦ.

2178 5605 2224 5638 ⁸³
2249 5600 2343 5657 sic.
2371 5606 2408 5657 Β
2441 5600 2612 5659 οὗτοι.
2679 5600 2726 5636 ⁵³
2765 5604 2808 5657 Β
2863 5600 3249 5672 προετίμησας.
