3898 6208
467 298 600 366 1319

1377 292 1861 354 TIIEODORETI
1886 292 2223 354 EPISCOPI
2251 294 2615 356 CYRENSIS

3542 304 3643 368 13ηο

462 431 559 473 eos
588 410 695 483 ipsi
730 410 934 464 colunt.
977 404 1040 458 Et
1080 412 1342 470 statuam,
1399 405 1465 457 ad
1494 418 1658 472 quam
1708 401 2044 456 adorandam

2152 404 2393 473 ήκουσαν
2437 402 2694 473 λατρείαν
2760 405 2869 467 τοῖς
2934 404 3037 457 ὑπὸ
3086 401 3179 457 σοῦ
3231 413 3641 480 προσκυνουμένοις

465 505 666 565 subditi
697 514 888 555 omnes
918 512 1255 563 convenere,
1295 497 1399 567 ipsi
1436 495 1670 551 adorare
1720 504 1913 565 aperte
1964 512 2049 548 re-

465 603 750 654 cusarunt.
804 589 1029 664 [l3,H]
1083 589 1297 657 Quibus
1348 588 1576 651 auditis,
1625 597 1811 642 mente
1855 596 2048 656 captus

466 690 554 744 ille
579 703 694 751 rex,
724 685 930 739 oblitus
960 698 1150 737 eorum
1179 697 1311 751 qua}
1343 681 1550 735 Danieli
1583 681 1834 735 dixerat:
1861 699 1879 731 ι
1918 678 2050 734 Vere

464 777 609 833 Deus
643 784 817 830 vester
842 775 946 827 iste
975 783 1059 828 est
1099 773 1245 827 Deus
1292 773 1540 834 deorum,
1578 768 1924 826 etDominus
1960 787 2049 826 re-

463 884 612 940 gum,
656 886 674 918 ι
716 867 942 921 adducit
996 865 1248 920 homines
1304 866 1358 918 in
1397 865 1657 929 medium,
1720 865 2050 935 interrogat-

462 978 590 1032 quc,
627 975 696 1015 an
730 975 919 1014 reveni
949 973 1075 1012 cum
1136 959 1257 1027 ipso
1309 958 1605 1027 participes
1650 973 1772 1012 esse
1819 958 2048 1012 deorum

461 1054 648 1107 cultus
676 1051 876 1112 nolint,
902 1058 956 1104 et
989 1056 1232 1103 statuam
1262 1051 1545 1102 recusent‘
1568 1047 1822 1102 adorare.
1846 1047 2051 1103 Deinde

463 1144 712 1214 prazcipit
744 1151 801 1195 et
851 1140 1101 1195 consulit
1136 1148 1196 1192 ut
1224 1141 1274 1193 id
1310 1139 1541 1203 faciant,
1577 1139 1721 1209 ignis
1757 1155 1853 1194 eos
1886 1140 2051 1196 minis

461 1239 771 1293 dcterrens.
801 1233 917 1305 με]
948 1252 965 1283 ι
1007 1232 1063 1285 Si
1095 1233 1243 1285 enim
1275 1247 1384 1284 non
1416 1232 1803 1295 adoraveritis,
1848 1232 2048 1301 inquit,

463 1328 657 1383 eadem
695 1326 831 1379 hora
865 1322 1191 1391 injiciemini
1241 1321 1295 1373 in
1354 1319 1631 1374 fornacem
1665 1321 1814 1391 ignis
1854 1322 2051 1376 arden-

465 1427 595 1474 tem.
631 1436 650 1469 ›
685 1415 824 1471 Tum
854 1413 1127 1467 nefariqu
1175 1410 1339 1475 illud,
1368 1420 1421 1465 et
1450 1410 1688 1465 ferinum
1731 1411 1898 1466 audet
1932 1426 2050 1465 ma-

464 1511 722 1565 ledictum
762 1504 1052 1577 proferre:
1082 1521 1101 1553 (
1139 1503 1207 1556 Et
1241 1503 1368 1572 quis
1399 1511 1485 1557 est
1512 1502 1659 1558 Deus
1708 1503 1802 1573 qui
1856 1503 2052 1573 eripiet

466 1616 564 1655 vos
597 1598 666 1654 de
698 1597 952 1651 manibus
1000 1593 1175 1648 meis?
1205 1611 1224 1644 ι
1264 1592 1397 1646 Tam
1448 1592 1580 1655 cito,
1614 1593 1662 1646 ci
1702 1607 1864 1662 quem
1916 1606 2050 1645 con-

468 1693 649 1744 fessus
685 1685 885 1751 fuerat,
925 1682 1187 1745 detraxit,
1219 1690 1277 1737 ct
1309 1696 1475 1751 quem
1508 1679 1675 1737 Deum
1706 1681 1925 1735 deorum
1950 1696 2049 1736 vo-

466 1788 708 1842 caverat,
733 1780 911 1848 ipsum
954 1776 1177 1830 homine
1213 1772 1628 1828 imbecilliorem
1665 1771 1927 1844 opinatus
1953 1784 2039 1831 est
2083 1745 2124 1800 Β

467 1888 591 1929 esse
619 1889 634 1937 ;
659 1885 821 1941 quem
846 1868 1133 1922 Dominum
1154 1881 1335 1934 regum
1356 1866 1678 1933 appellarat,
1701 1880 1829 1918 eum
1851 1881 1912 1920 se
1934 1866 2053 1920 vin-
2086 1874 2089 1879 ’

467 1979 592 2019 cere
617 1961 801 2017 infelix
831 1959 1156 2029 juveniiiter
1204 1956 1480 2026 gloriatus
1515 1954 1732 2024 1109
1775 1965 1880 2011 est.
1912 1956 2049 2010 Cum

468 2056 774 2125 majoribus
810 2061 991 2105 autem
1025 2050 1140 2105 suis
1170 2059 1283 2102 tam
1325 2048 1566 2102 audaces
1588 2057 1832 2102 conatus
1858 2049 2053 2105 habuit

471 2162 821 2202 communes.
858 2144 1071 2199 Etenim
1122 2140 1524 2196 Sennacherim
1564 2140 1678 2203 ille,
1734 2140 1826 2211 qui
1878 2141 2051 2195 maxi~

473 2256 589 2293 mas
616 2248 811 2291 contra
839 2234 1268 2303 Hierosolymam
1294 2231 1482 2300 copias
1509 2231 1757 2297 adduxit,
1788 2247 1884 2302 per
1906 2247 2051 2286 nun-

471 2330 577 2382 tios
605 2327 735 2382 talia
782 2327 999 2379 locutus
1047 2330 1131 2376 est
1186 2320 1436 2375 Ezechiae
1477 2339 1551 2374 ιι
1589 2319 1668 2376 Ne
1703 2329 1759 2376 te
1806 2321 2050 2393 decipiat

471 2418 616 2473 Deus
642 2427 790 2480 tuus,
828 2417 882 2470 in
911 2429 1021 2485 quo
1079 2421 1135 2467 tu
1195 2411 1442 2468 confisus
1486 2429 1566 2476 es,
1624 2412 1742 2469 fore
1777 2422 1836 2469 ut
1890 2423 2050 2469 eruat

469 2511 900 2581 Hierosolymam
939 2509 1005 2562 de
1051 2505 1314 2560 manibus
1372 2506 1535 2560 meis.
1578 2505 1839 2577 Nunquid
1887 2525 2048 2565 eruc-

472 2615 598 2661 runt
650 2606 725 2659 dii
788 2603 1030 2673 gentium
1090 2599 1487 2668 unusquisque
1522 2605 1727 2653 terram
1766 2618 1923 2657 suam
1981 2605 2049 2660 de

466 2714 628 2752 manu
660 2697 818 2750 mea?
846 2696 938 2750 ubi
963 2696 1098 2748 deus
1131 2692 1347 2755 limath,
1383 2701 1436 2745 ct
1467 2691 1558 2745 ubi
1602 2693 1737 2748 deus
1770 2695 2043 2766 Arphath,

465 2801 519 2845 et
568 2789 661 2844 ubi
709 2788 844 2844 deus
885 2788 1039 2842 urbis
1076 2783 1409 2854 Sepharim?
1449 2786 1696 2853 nunquid
1753 2796 2045 2856 potuerunt

464 2896 658 2935 eruere
697 2879 1000 2934 Samariam
1024 2878 1092 2932 de
1131 2893 1297 2931 manu
1325 2890 1467 2938 mea,
1503 2884 1561 2927 ut
1605 2877 1936 2931 liberaturus
1975 2879 2045 2932 sit

466 2972 731 3026 Dominus
782 2971 1218 3041 Hierosolymam
1260 2970 1328 3025 de
1360 2986 1526 3025 manu
1562 2985 1682 3024 mea
1705 2969 1765 3023 t4'?
1798 2988 1816 3020 ι
1845 2969 2042 3023 Verum

2153 493 2295 557 θεοῖς
2317 495 2378 548 οὐ
2406 494 2776 566 προσφέρουσι
2808 510 2821 524 '
2856 494 2951 547 καὶ
2975 493 3074 561 τῆς
3105 493 3302 558 εἰκόνος
3331 496 3383 548 δὲ
3411 498 3492 570 τὴν
3515 519 3644 573 προς.

2153 587 2401 658 κύνησιν,
2434 589 2499 658 ἣν
2531 587 2769 649 ἅπαντες
2837 587 2885 639 οἰ
2921 585 3211 656 ἀρχόμενοι
3238 592 3644 663 προσενηνόχασιν,

2154 680 2470 750 ἠρνήθησαν
2501 678 2813 751 προφανῶς.
2860 678 3078 732 Τούτων
3126 678 3350 742 ἀκούσας
3370 683 3395 735 ὁ
3417 687 3648 754 φρενοελα.

2152 771 2253 842 θὴς
2300 773 2508 831 ἐκεῖνος
2574 769 2843 841 βασιλεὺς,
2877 771 2972 826 καὶ
3024 769 3396 841 ἐπιλαθόμενος
3441 775 3532 828 τῶν
3579 779 3648 831 ὑπ’

2152 863 2316 916 αὐτοῦ
2359 863 2497 934 πρὸς
2522 863 2612 915 τὸν
2639 862 2834 934 Δανιὴλ
2869 861 3177 933 εἰρημένων
3196 901 3210 928 ,
3247 881 3265 913 ι
3307 863 3415 916 Ἐπ’
3441 866 3650 937 ἀληθείας

2151 958 2180 1009 ὁ
2210 954 2343 1018 Θεδς
2386 954 2543 1025 ὑμῶν
2566 947 2721 1017 οὗτός
2757 956 2871 1007 ἐστι
2899 953 3032 1016 Θεὸς
3069 953 3177 1007 τῶν
3212 953 3360 1020 θεῶν,
3382 958 3465 1009 καὶ
3491 958 3649 1029 Κύριος

2151 1047 2259 1099 τῶν
2291 1046 2576 1116 βασιλέων,
2623 1064 2640 1097 ι
2672 1047 2794 1115 ἄγει
2849 1045 2976 1106 τοὺς
3007 1044 3204 1115 ἄνδρας
3244 1046 3319 1108 είς
3351 1046 3523 1115 μέσον·
3554 1067 3654 1104 πυν-

2154 1138 2373 1192 θάνεται
2401 1137 2477 1202 δὲ,
2504 1140 2551 1190 εἰ
2579 1137 2657 1208 τῷ
2677 1137 2790 1191 ὄντι
2817 1140 3092 1190 κοινωνεῖν
3134 1137 3280 1207 αὐτῷ
3314 1139 3405 1208 τῆς
3433 1139 3525 1191 τῶν
3551 1141 3653 1197 θεῶν

2152 1233 2251 1284 οὐκ
2286 1231 2527 1284 ἐθέλουσι
2568 1231 2884 1304 θεραπείας,
2955 1232 3051 1283 καὶ
3103 1231 3201 1301 τῆς
3223 1232 3420 1295 είκὸνος
3447 1233 3654 1301 φεύγουσι

2152 1327 2249 1396 τὴν
2278 1325 2669 1395 προσκύνησιν.
2728 1320 2859 1376 Εἶτα
2910 1325 3169 1394 παραινεῖ
3219 1323 3308 1375 καὶ
3363 1324 3655 1393 συμϐουλεύει

2152 1416 2310 1470 τοῦτο
2360 1419 2553 1480 ποιεῖν,
2611 1417 2677 1487 τῇ
2727 1415 2822 1468 τοῦ
2868 1414 3039 1486 πυρὸς
3099 1414 3291 1485 ἀπειλῇ
3330 1412 3656 1486 δεδιττόμενος.

2160 1529 2177 1560 ι
2234 1509 2358 1562 Ἐὰν
2409 1508 2519 1578 γὰρ
2576 1509 2651 1578 μὴ
2697 1507 3115 1578 προσκυνὴσητε
3145 1506 3224 1569 ⁸⁸,
3276 1507 3405 1576 αὐτῇ
3461 1510 3517 1578 τῇ
3570 1508 3657 1580 ὥρᾳ

2154 1598 2563 1671 ἐμϐληθήσεσθε
2599 1599 2680 1662 εἰς
2726 1598 2825 1669 τὴν
2867 1597 3100 1668 κάμινον
3129 1597 3224 1651 τοῦ
3260 1596 3420 1669 πυρὸς
3444 1599 3528 1669 τὴν
3547 1616 3661 1654 καιο-

2158 1691 2342 1762 μένην.
2381 1711 2398 1741 ι
2438 1691 2668 1745 Ἔπειτα
2693 1691 2793 1760 τὴν
2838 1689 3076 1762 ἄρρητον
3109 1689 3324 1759 ἐκείνην
3358 1690 3443 1742 καί
3471 1688 3657 1761 θηριώδη

2157 1783 2506 1857 βλασφημίαν
2538 1781 2709 1854 τολμᾷ
2730 1797 2744 1810 ⁸
2781 1802 2799 1834 ι
2836 1784 2947 1835 Καὶ
2997 1781 3080 1845 τίς
3130 1783 3279 1835 ἐστιν
3308 1784 3334 1836 ὁ
3362 1781 3499 1845 θεὸς.
3527 1784 3573 1848 ὃς
3601 1783 3662 1848 ἐξ-

2155 1877 2354 1932 ελεῖται
2386 1878 2529 1945 ὑμᾶς
2558 1876 2623 1929 ἐκ
2654 1875 2761 1929 τῶν
2792 1874 2838 1907 "
2871 1873 3070 1947 χειρῶν
3107 1892 3241 1945 μου;
3285 1894 3303 1926 ι
3328 1874 3471 1927 Οὕτω
3501 1876 3660 1945 ταχέως

2152 1967 2212 2022 ὃν
2261 1968 2611 2039 ὡμολόγησεν
2671 1966 3095 2037 ἐϐλασφήμησε·
3156 1969 3252 2021 καὶ
3304 1967 3360 2020 ὃν
3389 1968 3522 2021 Θεὸν
3549 1967 3663 2022 θεῶν

2154 2058 2479 2118 ἀπεκάλεσε,
2521 2060 2613 2112 καὶ
2643 2057 2931 2130 ἀνθρώπου
2968 2059 3012 2091 ⁶⁰
3044 2058 3424 2131 ἀσθενέστερον
3450 2058 3665 2110 ὑπέλαϐεν

2153 2145 2293 2204 εἶναι
2317 2166 2330 2181 ·
2362 2150 2421 2205 ὃν
2455 2153 2495 2184 ⁶¹
2532 2150 2752 2219 Κύριον
2775 2148 3087 2214 ,βασιλέων
3111 2149 3523 2222 προσηγόρευσε,
3546 2151 3665 2220 νικᾷν

2151 2243 2178 2295 ὁ
2207 2242 2435 2306 δείλαιος
2497 2242 2896 2296 ἐνεανιεύσατο.
2959 2242 3273 2312 Προγονικὰ
3312 2242 3365 2295 δὲ
3403 2242 3589 2312 uoce"
3619 2244 3666 2294 τὰ

2150 2331 2383 2386 τοιαῦτα.
2406 2332 2731 2405 τολμήματα
2754 2350 2767 2362 ·
2806 2335 2898 2386 καὶ
2928 2333 3037 2403 γὰρ
3065 2335 3091 2385 ὁ
3119 2331 3483 2402 Σενναχηρεὶμ
3509 2332 3667 2393 ἐκεῖνος

2153 2424 2412 2494 στρατείᾳ
2441 2424 2672 2494 μεγίστῃ
2736 2422 2880 2475 κατά
2923 2421 3021 2490 τῆς
3053 2422 3409 2492 Ἰερουσαλὴμ
3442 2421 3668 2493 χρησάμε-

2151 2536 2258 2581 νος,
2286 2516 2615 2570 ἐπιστέλλων
2640 2515 2716 2587 τῷ
2749 2515 2966 2586 Ἐζεκίᾳ
2988 2512 3218 2568 τοιαῦτα
3235 2512 3538 2584 ἐφθέγξατο·
3569 2513 3667 2582 (Μή

2152 2628 2213 2663 σε
2241 2607 2502 2664 ἀπατάτω
2527 2611 2555 2662 ὁ
2577 2607 2708 2670 Θεός
2740 2624 2856 2670 σου,
2885 2607 2969 2676 ἐφ’
2994 2600 3038 2675 ᾧ
3060 2606 3124 2659 σὺ
3147 2605 3415 2668 πέποιθας
3435 2606 3513 2656 ἐπ’
3538 2602 3665 2672 αὐτῷ,

2149 2703 2230 2756 ὅτι
2270 2703 2489 2772 ῥύσεται
2523 2696 2881 2768 Ἰερουσαλὴμ
2939 2695 3005 2747 ⁸⁵,
3031 2697 3096 2748 ὲκ
3137 2694 3248 2747 τῶν
3285 2692 3471 2765 χειρῶν
3504 2692 3542 2722 ⁸⁸
3573 2707 3663 2760 μον.

2147 2793 2239 2864 Μὴ
2277 2791 2576 2863 ἐρρύσαντο
2609 2789 2722 2842 θεοὶ
2781 2788 2889 2840 τῶν
2924 2786 3094 2839 ἐθνῶν
3133 2786 3363 2847 ἕκαστος
3404 2782 3490 2851 τὴν
3518 2780 3665 2833 ἑαυτοῦ

2148 2882 2332 2954 χώραν
2365 2884 2428 2935 ἐκ
2453 2881 2634 2953 χειρός
2676 2897 2776 2950 μου
2805 2898 2821 2944 ;
2882 2879 2987 2932 ποῦ
3018 2881 3046 2932 ὁ
3092 2877 3214 2940 θεὸς
3260 2876 3446 2946 Ἐμὰθ,
3480 2876 3559 2928 καὶ
3589 2871 3666 2926 1:05

2145 2976 2173 3027 ὁ
2198 2973 2316 3035 θεὸς
2339 2972 2567 3045 Ἀρφὰθ,
2594 2971 2689 3025 καὶ
2712 2971 2813 3023 ποῦ
2836 2972 2864 3023 ὀ
2889 2969 3007 3033 θεὸς
3036 2969 3136 3037 τῆς
3164 2968 3371 3031 πόλεως
3399 2965 3665 3036 Σεπφαρίμς

463 3063 645 3117 statim
683 3061 1033 3132 blasphemiae
1060 3061 1281 3130 praemia
1304 3062 1451 3122 tulit,
1480 3070 1533 3115 et
1556 3060 1729 3113 multa
1757 3060 1846 3112 illa
1874 3058 2041 3112 millia

2151 3066 2224 3136 μὴ
2256 3064 2597 3135 ἠδυνήθησαν
2632 3063 2896 3134 ῥύσασθαι
2938 3062 3255 3133 Σαμάρειαν
3289 3062 3352 3115 ἐκ
3376 3061 3537 3132 χειρός
3572 3076 3665 3128 μου,

464 3155 530 3208 ab
563 3167 675 3208 uno
734 3155 930 3223 angelo
984 3151 1275 3206 interfecta
1325 3160 1474 3207 sunt.
1514 3150 1580 3204 Et
1621 3151 1761 3220 ipse,
1821 3165 1945 3204 cum
1987 3165 2046 3205 se

472 3248 610 3317 fugae
646 3245 1039 3307 commisisset,
1067 3258 1240 3312 seque
1263 3242 1315 3295 in
1346 3244 1584 3312 patriam
1620 3240 1952 3309 recepisset,
1980 3241 2048 3296 ab

461 3328 531 3392 iis
554 3352 692 3406 quos
710 3344 970 3406 genuerat
1000 3334 1332 3389 interfectus
1362 3344 1465 3389 est.
1486 3330 1621 3386 Nam
1649 3333 1775 3402 quia
1807 3331 2045 3400 linguam

460 3435 653 3478 contra
683 3425 948 3495 ()piflcem
980 3423 1122 3476 haud
1159 3421 1457 3487 continuit,
1480 3421 1548 3475 ab
1578 3421 1889 3475 hominibus
1907 3436 2046 3490 quos

460 3525 877 3589 procreaverat,
931 3516 1227 3570 occiditur.
1272 3512 1477 3567 Verum
1529 3529 1597 3567 nc
1662 3512 1766 3565 hoc
1822 3513 2042 3581 quidem

458 3610 765 3678 exemplum
797 3606 1375 3662 Nabuchodonosoris
1406 3605 1648 3676 linguam
1682 3607 2042 3674 compescuit,

458 3716 639 3769 neque
685 3699 961 3754 somnium
1000 3698 1155 3762 illud,
1201 3698 1349 3766 quod
1403 3711 1593 3766 regum
1650 3698 2044 3753 successiones

458 3790 715 3853 ostendit,
743 3789 1136 3859 sapientiorem
1169 3803 1294 3846 esse
1331 3788 1545 3852 docuit,
1578 3790 1671 3844 sed
1706 3798 1901 3844 contra
1925 3793 2042 3862 opi-

457 3880 614 3934 ficem
648 3895 809 3933 suum
842 3877 1034 3934 furore
1085 3879 1334 3935 insanire
1382 3880 1793 3951 perseverabat.
1835 3880 2043 3937 Contra

451 3986 618 4042 quem
663 3969 806 4026 Deus
858 3971 1088 4027 instruit
1111 3973 1277 4027 veluti
1314 3972 1370 4027 in
1411 3970 1552 4033 acie,
1596 3987 1705 4025 non
1734 3972 2038 4042 angelum,

448 4063 603 4136 quod
631 4078 762 4135 erga
795 4063 1292 4119 Sennacherimum
1329 4064 1554 4130 fecerat,
1578 4063 1672 4118 sed
1707 4071 1821 4119 tres
1852 4065 2039 4121 adole-

450 4165 675 4225 agentes
723 4156 995 4227 captivos,
1028 4164 1277 4210 exteram
1319 4155 1599 4223 regionem
1652 4153 1896 4209 incolere
1939 4169 2035 4209 co-

450 4258 631 4312 actos,
658 4250 752 4319 qui
782 4247 1067 4303 servitutis
1111 4247 1246 4317 jugo
1291 4246 1707 4316 premebantur,
1730 4247 2032 4317 juvenilcm

453 4343 720 4396 ducentes
768 4349 1008 4404 aetatem,
1042 4339 1095 4393 in
1152 4339 1276 4408 ipso
1309 4337 1478 4393 veluti
1517 4339 1695 4394 aetatis
1737 4353 1882 4393 vere.
1915 4338 2029 4411 [16]

2151 3157 2232 3210 ὅτι
2261 3155 2484 3226 ῥύσεται
2513 3156 2718 3228 Κύριος
2743 3154 2841 3226 τὴν
2873 3153 3229 3226 Ἰερουσαλὴμ
3259 3154 3323 3206 ἐκ
3349 3152 3515 3222 χειρός
3532 3167 3612 3219 μου
3631 3165 3665 3208 :t

2164 3249 2300 3303 Ἀλλ’
2337 3248 2499 3312 εὐθὺς
2523 3248 2616 3302 καὶ
2650 3247 2991 3318 παραχρῆμα
3047 3244 3211 3319 ἔλαϐε
3229 3244 3328 3314 τῆς
3376 3239 3668 3312 βλασφημίας

2148 3341 2216 3395 τὰ
2242 3342 2513 3412 ἐπίχειρα,
2547 3341 2640 3394 καὶ
2672 3342 2727 3393 αἱ
2756 3338 2948 3392 πολλαὶ
2978 3337 3076 3409 μὲν
3112 3339 3321 3390 ἐκεῖναι
3350 3333 3581 3405 μυριάδες
3602 3330 3668 3399 ὑφ’

2149 3430 2267 3495 ἐνὸς
2288 3429 2629 3502 ἀνῃρέθησαν
2663 3428 2898 3497 ἀγγέλου
2929 3447 2944 3461 ο
2979 3428 3142 3489 αὐτὸς
3163 3427 3222 3480 δὲ
3256 3423 3459 3495 φυγὼν,
3490 3423 3570 3474 καὶ
3595 3421 3667 3491 τὴν

2147 3521 2503 3590 ἐννεγκοῢσαν
2543 3518 2900 3584 καταλαϐὼν,
2963 3517 3210 3587 σφαγέας
3264 3515 3358 3580 οὓς
3411 3514 3667 3583 ἐγέννησεν.

2147 3612 2394 3684 ἔσχηκεν.
2441 3598 2656 3680 Ἐπειδὴ
2689 3613 2796 3684 γὰρ
2827 3611 2968 3665 κατὰ
2992 3610 3083 3665 τοῦ
3107 3609 3344 3677 Ποιητοῦ
3365 3607 3458 3679 τὴν
3475 3604 3668 3674 γλῶτταν

2145 3703 2384 3772 ἐκίνησε,
2415 3701 2628 3771 δέχεται
2667 3702 2766 3771 τὴν
2799 3701 3012 3772 σφαγὴν
3043 3701 3199 3772 παρὰ
3238 3697 3527 3771 ἀνθρώπων
3551 3691 3668 3755 οὒς⁶⁸

2145 3792 2452 3862 ἐγέννησεν.
2495 3791 2638 3844 Ἀλλ’
2670 3791 2791 3845 οὐδὲ
2842 3791 3033 3844 τούτου
3062 3792 3107 3823 ⁸⁸
3136 3789 3200 3843 -τδ
3253 3787 3576 3859 παράδειγμα
3596 3779 3665 3834 τοῦ

2143 3880 2614 3953 Ναϐουχοδονόσορ
2677 3879 2972 3951 ἐχαλίνωσε
3019 3879 3117 3950 τὴν
3172 3878 3437 3947 γλῶτταν,
3486 3871 3590 3927 οὔτε
3625 3867 3668 3920 τὲ

2143 3972 2390 4029 ἐνύπνιον
2423 3975 2598 4026 ἐκεῖνο
2637 3970 2737 4033 τὰς
2764 3970 2871 4023 τῶν
2909 3969 3176 4040 βασιλέων
3224 3965 3497 4028 ὑποδεῖξαν
3536 3958 3667 4014 6:159-

2141 4063 2239 4135 χάς
2261 4063 2459 4128 ἐδίδαξε
2484 4064 2800 4133 σωφρονεῖν,
2831 4061 2945 4113 ἀλλ’
2975 4060 3161 4132 ἔμεινε
3192 4056 3339 4113 κατά
3368 4054 3458 4110 τοῦ
3487 4065 3668 4115 πεποιη-

2139 4157 2295 4220 κότος
2320 4156 2527 4209 λυττῶν
2555 4173 2568 4184 ·
2602 4153 3017 4225 ἀντιστρατεύει
3047 4153 3105 4207 δὲ
3152 4152 3305 4221 αὐτῷ
3335 4151 3363 4202 ὁ
3389 4148 3509 4209 Θεὸς
3529 4145 3566 4177 ⁵⁷
3591 4140 3664 4194 οὒκ

2137 4247 2366 4317 ἄγγελον
2418 4248 2574 4318 (ὅπερ
2607 4247 2653 4280 ⁸⁸
2699 4246 2789 4298 ἐπὶ
2814 4243 2906 4299 τοῦ
2965 4243 3344 4314 Σενναχηρεὶμ
3381 4239 3567 4294 ἐκείνου
3594 4247 3665 4286 πε·

2138 4340 2411 4411 ποίηκεν),
2457 4340 2594 4395 ἀλλὰ
2645 4339 2770 4409 τρία
2809 4339 3075 4411 παιδάρια
3126 4338 3447 4409 αἰχμάλωτα
3491 4333 3547 4393 ⁸⁸,
3590 4324 3664 4395 τὴν

454 4432 519 4485 Hi
553 4434 720 4494 enim,
778 4432 944 4486 simul
996 4440 1162 4501 atque
1211 4430 1508 4484 audierunt
1545 4430 1752 4484 rabiem
1804 4431 1951 4483 illam
1981 4441 2032 4486 et

2147 4433 2296 4506 Ξένην
2318 4434 2486 4486 οἰκεῖν
2511 4431 2923 4501 ἠναγκασμένα,
2960 4431 3051 4483 τὸν
3087 4431 3191 4500 τῆς
3225 4427 3464 4489 δουλείας
3484 4423 3662 4477 ἕλκοντα

453 4525 709 4579 insanum
756 4525 1134 4586 maledictum,
1185 4522 1480 4576 iracundia
1536 4530 1590 4576 et
1648 4520 2030 4592 indignatione.

452 4616 648 4685 perciti
686 4616 898 4684 1110
934 4614 1006 4668 ita
1044 4614 1154 4685 regi
1210 4616 1617 4684 responderunt
1654 4632 1666 4668 :
1709 4632 1729 4665 ι
1770 4614 1888 4669 Νοιι
1931 4631 2028 4669 ne-

450 4720 608 4762 cesse
637 4707 904 4761 habemus
941 4721 1041 4761 nos
1064 4706 1131 4760 de
1164 4708 1336 4761 verbo
1363 4709 1472 4761 isto
1500 4706 1837 4775 respondere
1863 4707 1982 4761 tibi.
2001 4725 2020 4756 ι

444 4793 896 4866 Supervacanea,
921 4796 1092 4859 aiunt,
1123 4796 1227 4850 ista
1255 4807 1346 4851 tua
1380 4804 1465 4852 cst
1494 4798 1864 4866 percontatio.
1897 4798 2031 4862 Quae

442 4889 594 4941 enim
636 4887 1036 4944 sentiebamus.
1076 4888 1242 4941 etiam
1278 4902 1431 4942 nunc
1467 4887 1767 4954 sentimus,
1804 4896 1859 4942 et
1900 4903 2030 4958 pro-

446 4985 569 5048 pter
598 4984 722 5032 tuas
755 4978 933 5032 minas
961 4979 1121 5049 plane
1144 4995 1252 5033 non
1278 4980 1719 5034 immutabimur.

2137 4526 2321 4593 ζυγὸν,
2349 4525 2477 4578 νέαν
2503 4525 2703 4590 ἄγοντα
2718 4525 2817 4594 τὴν
2842 4523 3078 4595 ἡλικίαν,
3103 4525 3162 4575 ἐν
3196 4522 3346 4591 αὐτῷ
3371 4521 3492 4573 ὄντα
3518 4508 3660 4581 ἔαριτ⁶

2134 4617 2224 4673 τοῦ
2258 4618 2452 4689 χρόνου
2479 4635 2492 4648 ·
2528 4608 2674 4669 οὗτοι
2707 4616 2816 4686 γὰρ
2860 4613 3178 4684 παραυτίκα
3210 4613 3310 4682 τῆς
3339 4609 3523 4677 λύττης
3550 4598 3659 4655 ἐκείο

2133 4726 2229 4779 νης
2261 4709 2354 4762 καί¹
2388 4707 2619 4779 μανικῆς
2645 4705 2993 4777 βλασφημίας
3032 4706 3388 4766 ἀκούσαντες,
3413 4695 3573 4779 θυμοῦῗ
3593 4690 3661 4744 καὶ

2131 4778 2292 4871 ζήλου
2316 4778 2545 4870 πλήρεις
2573 4798 2840 4867 ἐγένοντο,
2881 4797 2976 4849 καὶ
3007 4794 3408 4867 ἀπεκρίθησαν,
3438 4788 3520 4843 καὶ
3542 4778 3659 4871 εἷπον

2129 4891 2205 4963 τῷ
2260 4891 2497 4963 βασιλεῖ’
2541 4909 2558 4942 ι
2596 4892 2671 4943 UO
2722 4890 2905 4960 χρείαν
2952 4888 3168 4960 ’ἔχομεν
3216 4888 3379 4957 ἡμεῖς
3432 4880 3547 4950 περὶ
3588 4868 3657 4926 τοῦ

2131 4982 2371 5052 ῥήματος
2397 4980 2584 5033 τούτου
2617 4978 2980 5050 ἀποκριθῆναί
3011 4995 3113 5032 σοι.
3159 4995 3178 5027 ι
3226 4970 3476 5044 Περιττὴ,
3508 4963 3655 5036 φησὶν,

445 5072 480 5142 ἡ
527 5070 717 5134 πεῦσις
758 5073 791 5141 ἡ
852 5074 1000 5143 παρά
1040 5073 1134 5126 σοῦ
1183 5075 1313 5144 ἡμῖν
1356 5074 1740 5145 προσαγομένη
1777 5073 1856 5105 ⁷¹’
1896 5073 1931 5126 δι
1972 5082 2077 5150 γὰρ
2129 5073 2482 5146 ἐφρονοῦμεν,
2536 5075 2629 5127 καὶ
2676 5075 2721 5105 7'
2773 5074 2869 5127 νῦν
2925 5069 3252 5144 φρονοῦμεν,
3311 5068 3402 5122 καὶ
3445 5057 3655 5127 οὐδεμίαν

452 5162 757 5237 μεταϐολὴν
784 5165 851 5218 ἐκ
879 5165 988 5219 τῶν
1025 5164 1132 5219 σῶν
1159 5165 1399 5219 ἀπειλῶν
1432 5163 1717 5236 δεξόμεθα.

535 5281 686 5337 ειειι.
716 5292 924 5346 xxxv",
955 5281 1023 5336 10
1056 5299 1246 5354 seqq.;
1281 5283 1408 5337 coll.
1445 5279 1510 5334 iV
1538 5281 1669 5352 Reg.
1700 5296 1811 5345 xu,
1841 5279 1906 5333 l0
1940 5294 2062 5350 sqq.

1782 5391 2014 5447 VARUE
2056 5384 2454 5445 LECTIONES.

442 5563 484 5592 ω
512 5489 561 5612 ἒ
594 5506 688 5575 πρ.
719 5486 775 5567 ,Α
809 5485 939 5589 ,θεαί
970 5488 1040 5558 τῇ
1070 5485 1241 5540 εἰκόνι
1267 5486 1332 5556 τῇ
1358 5486 1599 5585 moon.“
1633 5485 1677 5516 ⁸ο
1709 5485 1773 5536 τᾶ

581 5577 770 5612 αυτου.
938 5559 1048 5612 lar).
1109 5558 1150 5610 Β
1184 5556 1311 5610 add.
1368 5573 1488 5612 την.
1633 5552 1773 5612 Βγει

440 5571 485 5662 εἰ
516 5571 553 5612 Β
581 5571 770 5642 σεο-του.
835 5571 881 5589 ν’
922 5571 1048 5629 ἰερ.
1109 5571 1150 5610 υ
1184 5571 1311 5610 aud.
1368 5571 1521 5640 “cum,
1554 5571 1599 5585 ν’
1633 5571 1672 5607 υ
1697 5571 1818 5655 χειρ

519 5630 558 5707 Β
592 5645 800 5698 ωσπερ.
880 5628 923 5663 ⁸⁸
953 5632 1108 5700 αἰχμ.
1155 5626 1194 5680 Β
1219 5626 1345 5682 add.
1375 5625 1699 5697 δοριαλωτα.
1811 5624 1818 5654 ⁴

442 5716 634 5752 ταυτα.

1633 5485 1677 5516 ⁸ο
1709 5483 1837 5537 τῶν.
1873 5485 1996 5537 Des.
2020 5484 2075 5534 in
2107 5481 2170 5533 Α.

1819 5555 1897 5615 ός.
1960 5552 2071 5602 “B
2126 5548 2374 5619 ἀνδρῶν,
2407 5544 2525 5606 ὧν(
2579 5549 2624 5619 δέ
2660 5549 2697 5600 Β
2746 5547 2921 5601 τοῦτο.

1811 5623 1830 5654 ⁰
1854 5623 1995 5693 ἔαρι.
2030 5621 2068 5673 Β
2094 5617 2280 5690 ριίιειίι.
2311 5617 2406 5688 τῷ.

2268 5479 2313 5509 ⁶⁰
2344 5479 2384 5530 Β
2411 5477 2731 5550 ἀνθιῶτων,
2780 5478 2988 5534 omisso
3009 5478 3119 5531 καί.
3202 5476 3243 5507 ⁸³
3277 5477 3354 5529 ὃν.
3389 5473 3424 5525 Β
3456 5469 3565 5523 add.
3589 5463 3651 5517 δὲ.

2268 5548 2355 5605 ὧν.
2407 5544 2500 5605 ὧν.
2579 5549 2624 5580 ⁸⁸
2660 5549 2697 5600 Β
2746 5547 2921 5601 τοῦτο.
3006 5549 3047 5579 ⁸⁷
3074 5550 3101 5601 ὁ
3131 5544 3289 5605 Θεὸς.
3348 5543 3418 5597 Ex
3446 5535 3650 5605 Bsuppl-

3006 5552 3047 5579 ‘7
3074 5552 3101 5601 ὁ
3131 5552 3289 5606 θεὸς.
3348 5552 3418 5597 ιιι
3446 5552 3483 5593 tt
3504 5552 3650 5605 suppt.

2513 5620 2557 5653 “
2593 5617 3090 5690 Brrpoczpspopévq.
3198 5618 3246 5648 ⁷³
3269 5615 3381 5669 καί.
3430 5611 3465 5664 Β
3494 5620 3649 5680 prtem.
