3898 6208
245 351 368 420 1321

1482 345 1564 406 IN
1604 341 1961 404 DANIELIS
1986 341 2143 401 CAP.
2180 344 2271 401 III
2297 357 2316 377 '

3371 333 3508 397 1322

309 471 395 535 ιζ’.
438 490 457 522 ι
501 470 659 524 Ἔστι
688 468 797 539 γὰρ
840 469 869 522 ό
912 466 1044 529 Θεὸς
1096 463 1253 535 ήμῶν
1299 466 1356 517 ὲν
1388 463 1637 531 οὐρανοῖς
1669 461 1738 525 ⁷³,
1771 451 1815 528 ᾧ

1993 453 2164 511 Vens.
2201 457 2290 510 l7.
2332 475 2350 507 ι
2388 456 2482 511 Est
2525 456 2670 512 enim
2706 460 2856 513 Dens
2892 462 3082 510 noster
3124 454 3176 508 in
3216 451 3377 512 cmlo,
3416 452 3508 505 cui

241 563 399 633 ἡμεῖς
424 559 789 632 λατρεύομεν,
823 557 1050 620 δυνατὸς
1111 552 1390 621 ἐξελέσθαι
1424 554 1576 624 ἡμᾶς
1625 553 1691 605 ἐκ
1724 554 1824 622 τῆς

240 651 468 723 καμίνου
500 651 597 704 τοῦ
621 650 792 721 πυρὸς
812 648 913 719 τῆς
943 644 1261 718 καιομένης,
1284 645 1377 700 καὶ
1406 645 1470 698 ὲκ
1491 642 1597 698 τῶν
1624 642 1823 715 χειρῶν

240 764 356 808 σου,
423 743 671 814 βασιλεῦ,
718 744 943 814 ῥύσεται
978 741 1147 812 ἡμᾶς.
1185 758 1206 791 ι
1240 738 1335 801 Τίς
1362 737 1464 790 οὐκ
1497 734 1562 791 ἂν
1596 736 1823 798 εἰκότως

237 840 538 910 ἐκπλαγείη
578 838 689 891 τῶν
725 835 1011 908 μακαρίων
1031 834 1236 889 τούτων
1258 832 1394 887 νέων
1424 830 1525 901 τήν
1545 828 1819 900 ἀνδρείαν,

236 930 335 1002 τὴν
365 930 582 1000 σοφίαν,
642 928 744 999 τήν
803 926 1106 990 εὐσέϐειαν,
1145 924 1244 994 τὴν
1297 923 1425 992 περὶ
1461 922 1587 984 τοὺς
1624 920 1823 989 νόμους

236 1020 604 1091 δικαιοσύνην,
630 1019 731 1090 τὴν
777 1018 905 1089 περὶ
943 1018 1120 1071 πάντα
1170 1014 1564 1085 σωφροσύνην;
1600 1012 1674 1067 Τὸ
1724 1013 1823 1083 μὲν

236 1116 345 1185 γὰρ
364 1113 439 1185 μὴ
469 1111 894 1181 καταπλαγῆναι
913 1110 1005 1163 τὸν
1035 1108 1284 1163 τοσοῦτον
1301 1109 1509 1161 ἐκεῖνον
1525 1105 1819 1178 τύραννον,

239 1208 376 1278 μετά
416 1207 655 1269 πάντων,
707 1206 784 1269 ὡς
830 1204 960 1266 ἔπος
1011 1203 1204 1266 εἰπεῖν,
1255 1200 1557 1272 ἀνθρώπων
1607 1200 1823 1253 ἀντιτε-

234 1299 525 1369 ταγμένον,
556 1296 651 1351 καὶ
677 1295 774 1366 τὴν
798 1294 1061 1364 μεγίστην
1080 1290 1294 1361 εκείνην
1324 1289 1521 1363 πυρὰν,
1549 1289 1610 1344 οὐ
1643 1288 1824 1357 λόγοις

237 1389 398 1459 μόνον
452 1383 877 1453 ἀπειλουμένην,
919 1379 1058 1434 ἀλλά
1078 1378 1175 1433 καὶ
1207 1377 1517 1449 ὁρωμένην,
1551 1376 1651 1448 τὴν
1689 1374 1822 1428 ἀδά-

237 1496 441 1551 μαντος
482 1475 843 1547 στερροτέραν
886 1472 1069 1535 αὐτοῖς
1129 1469 1381 1542 ἀνδρείαν
1426 1470 1716 1541 μαρτυρεῖ.
1747 1466 1821 1520 Τὸ

234 1573 290 1626 δὲ
338 1572 464 1635 τοὺς
525 1569 704 1632 θείους
758 1566 951 1637 νόμους
993 1564 1096 1634 τῆς
1152 1562 1434 1649 παρούσης
1485 1562 1820 1635 προτιμῆσαι

234 1663 406 1734 ζωῆς,
428 1660 587 1723 ποίας
615 1657 961 1729 δικαιοσύνης
995 1654 1302 1727 ὑπερϐολὴν
1330 1654 1644 1709 καταλείπει
1668 1671 1684 1721 ;
1708 1652 1820 1722 Τὴν

234 1753 288 1806 δὲ
318 1749 677 1823 σωφροσύνην
700 1747 880 1803 αὐτῶν
903 1746 1186 1818 κηρύττει,
1202 1746 1262 1800 τὸ
1281 1746 1419 1817 μήτε
1437 1744 1661 1817 θρασέσι
1680 1742 1819 1797 κατὰ

234 1844 328 1897 τοῦ
361 1824 628 1914 βασιλέως
654 1838 963 1912 χρήσασθαι
1025 1839 1226 1907 λόγοις,
1283 1839 1420 1909 μήτε
1459 1836 1631 1907 δειλίᾳ
1656 1834 1818 1889 πάλιν

236 1932 594 2005 καταισχῦναι
626 1933 689 1985 τὸ
744 1930 933 2001 γένος’
973 1930 1071 2001 τὴν
1102 1930 1159 1982 δὲ
1203 1929 1463 2000 φρόνησιν
1505 1928 1600 1983 καὶ
1627 1928 1818 1997 σοφίαν

236 2028 401 2097 ἡτοῖς
433 2023 724 2079 δυσσεϐέσι
754 2023 849 2078 καὶ
880 2022 1223 2094 βλασφήμοις
1263 2020 1441 2089 λόγοις
1484 2019 1821 2074 ἀντιτεθεῖσα

239 2116 525 2171 εὐσέὸεια.
567 2117 626 2169 '0
664 2114 764 2186 μὲν
819 2114 929 2185 γὰρ
978 2113 1128 2182 ἔλεγε
1154 2130 1167 2145 ·
1202 2131 1221 2164 ι
1255 2111 1351 2176 Τίς
1399 2114 1516 2165 ἐστι
1563 2110 1715 2176 Θεὸς,
1760 2109 1822 2174 ὃς

237 2206 504 2271 ἑξελεῖται
534 2206 679 2274 ὑμᾶς
708 2205 773 2258 ἐκ
801 2202 912 2257 τῶν
957 2201 1154 2274 χειρῶν
1189 2217 1326 2274 μους
1363 2220 1382 2251 ι
1418 2200 1482 2255 OE
1527 2200 1583 2254 δὲ
1609 2199 1777 2253 ἐϐόων
1801 2215 1815 2230 ⁸

241 2317 264 2350 ι
303 2299 493 2351 Ἔστιν
512 2297 543 2349 ό
566 2295 699 2359 Θεὸς
718 2297 752 2366 ἡ
763 2294 878 2366 μῶν
899 2295 956 2348 ὲν
985 2294 1254 2367 οὐρανοῖς,
1289 2285 1334 2362 ᾧ
1365 2294 1525 2363 ἡμεῖς
1556 2289 1820 2362 λατρεύο-

240 2407 364 2461 μεν,
418 2388 647 2451 δυνατὸς
700 2377 982 2451 ἐξελέσθαι
1037 2387 1183 2457 ἡμᾶς
1231 2386 1295 2438 ὲκ
1323 2384 1421 2455 τῆς
1463 2382 1697 2455 καμίνου
1723 2381 1819 2435 τοῦ

238 2480 412 2553 πυρὸς
440 2479 542 2550 τῆς
572 2479 893 2549 καιομένης,
925 2477 1017 2531 καὶ
1068 2478 1134 2531 ὲκ
1163 2476 1272 2530 τῶν
1301 2477 1499 2548 χειρῶν
1518 2492 1634 2541 σου,
1670 2474 1823 2545 βασι-

239 2572 361 2638 λεῦ,
392 2571 617 2642 ῥύσεται
649 2571 817 2642 ἡμᾶς.
850 2589 870 2624 ι
906 2569 999 2640 Μὴ
1040 2569 1148 2641 γὰρ
1174 2570 1221 2602 ⁷⁵
1248 2570 1474 2639 νομίσῃς
1515 2567 1607 2621 τὸν
1633 2568 1825 2639 ἡμέτε-

240 2679 335 2736 ρον
362 2661 497 2715 Θεὸν
521 2662 637 2723 τοῖς
657 2662 768 2723 σοῖς
788 2660 1025 2714 ἐοικέναι
1051 2659 1216 2723 Θεοῖς.
1268 2659 1521 2712 Ἐκείνων
1542 2658 1651 2729 γάρ
1678 2659 1825 2712 είκόο

237 2769 350 2816 τως
379 2753 760 2822 καταφρονεῖς,
804 2750 863 2816 ἐξ
896 2750 1027 2820 ὐλης
1058 2767 1119 2803 τε
1152 2749 1248 2803 καὶ
1284 2749 1480 2820 τέχνης
1509 2748 1823 2820 ἐσχηκότων

239 2845 301 2896 τὺ
332 2838 476 2898 εἶναι
499 2856 512 2870 ⁸
536 2844 566 2896 ὁ
594 2842 652 2896 δὲ
685 2843 956 2914 ἡμέτερος
1017 2842 1170 2905 Θεὸς.
1205 2841 1435 2913 οὐρανοῦ
1476 2858 1536 2893 τε
1575 2841 1671 2896 καὶ
1696 2842 1822 2912 γῆς,

240 2935 337 2989 καὶ
385 2933 498 2988 τῶν
559 2934 814 2989 ἁπάντων
869 2931 1228 3003 Δημιουργὸς,
1276 2932 1504 3003 δύναμιν
1551 2932 1709 3005 ἔχων,
1756 2934 1825 3005 ἢν

237 3025 481 3080 δείκνυσι
523 3024 593 3080 τὰ
618 3024 891 3096 ὁρώμενα.
924 3025 1036 3096 Τὴν
1064 3024 1173 3096 γὰρ
1205 3024 1343 3096 ὑπὲρ
1371 3024 1543 3078 ταῦτα
1572 3026 1684 3089 τοῖς
1716 3024 1825 3079 τῶν

1929 564 2030 604 nos
2058 550 2356 616 servimus,
2391 556 2587 619 potens
2618 549 2835 617 eripere
2873 562 2974 603 nos
3003 562 3034 602 e
3075 546 3304 599 fornace
3368 543 3511 612 ignis

1929 640 2175 708 ardente,
2210 648 2263 695 et
2286 655 2350 695 ex
2385 639 2677 694 manibus'
2717 638 2849 703 tuis,
2884 655 2916 693 ο
2944 654 3066 705 rex,
3116 653 3219 692 nos
3267 643 3446 692 eruet.
3487 655 3506 687 ι

1928 732 2066 798 Quis
2100 747 2207 787 non
2239 732 2369 802 jure
2400 732 2762 801 Obstupescat
2809 731 3118 785 admiratus
3160 731 3353 785 horum
3380 730 3513 784 bea—

1926 832 2109 881 torum
2146 824 2412 903 juvenum
2471 822 2876 888 fortitudinem,
2932 822 3285 892 sapientiam,
3336 821 3514 893 pieta-

1928 927 2059 981 tem,
2121 931 2249 987 erga
2291 916 2443 984 leges
2489 915 2771 984 justitiam
2798 953 2813 977 ,
2841 915 3211 983 omnibusque
3239 914 3293 967 in
3346 913 3513 968 rebus

1926 1006 2367 1064 continentiam?
2393 1005 2555 1072 Quod
2584 1006 2730 1061 enim
2774 1005 3003 1060 minime
3036 1005 3197 1060 veriti
3226 1012 3359 1060 sunt
3389 1010 3510 1058 tan-

1924 1109 2042 1155 tum
2072 1101 2227 1155 illum
2262 1107 2586 1170 tyrannum,
2627 1097 2725 1167 qui
2757 1112 2884 1151 cum
2922 1096 3183 1151 omnibus
3223 1110 3516 1167 propemo—

1924 1192 2058 1247 dum
2088 1190 2412 1247 ltominibus
2449 1206 2574 1246 sese
2613 1190 2726 1246 illis
2756 1199 3120 1262 opposuerat,
3162 1204 3344 1259 neque
3392 1204 3511 1242 ma-

1925 1286 2124 1338 ximam
2154 1282 2306 1336 illam
2340 1297 2558 1353 pyram,
2592 1295 2706 1335 non
2735 1279 3050 1335 minacibus
3084 1287 3295 1333 tantum
3325 1278 3511 1334 verbis

1924 1375 1992 1431 ad
2024 1384 2293 1430 terrorem
2362 1373 2736 1444 prOpositam,
2777 1370 2875 1427 sed
2913 1385 3102 1426 revera
3126 1380 3508 1439 conspectam,

1922 1467 2028 1521 hoc
2105 1466 2400 1521 adamante
2480 1463 2780 1518 firmiorem
2854 1463 3075 1517 illorum
3125 1460 3508 1516 fortitudinem

1922 1568 2180 1617 testatur.
2219 1557 2375 1625 Quod
2424 1574 2559 1612 vero
2603 1556 2820 1612 divinas
2872 1555 3017 1624 leges
3074 1553 3337 1625 praesenti
3390 1555 3511 1607 vitae

1922 1651 2367 1722 anteposueriut,
2408 1650 2520 1715 cui,
2550 1663 2761 1720 quaeso,
2783 1646 3021 1718 justitia:
3043 1645 3346 1718 quidquam
3378 1648 3510 1703 reli-

1921 1760 2093 1815 quum
2120 1741 2288 1796 facit?
2316 1740 2565 1811 Ipsorum
2602 1750 2786 1796 autem
2818 1738 3257 1813 moderationem
3288 1738 3342 1793 id
3393 1754 3510 1792 ma-

1922 1836 2067 1891 xime
2096 1833 2472 1899 commendat,
2502 1833 2650 1904 quod
2678 1847 2859 1904 neque
2905 1829 3212 1898 audacibus
3247 1846 3375 1902 erga
3420 1816 3511 1886 re-

1921 1944 2043 2000 gem
2076 1928 2255 1984 verbis
2288 1927 2375 1982 nsi
2403 1927 2540 1994 sint,
2582 1940 2759 1996 neque
2799 1931 2949 1979 metu
2982 1938 3186 1978 rursus
3215 1940 3391 1994 genus
3414 1924 3508 1978 de-

1921 2022 2246 2078 deeorarint
2279 2018 2417 2074 :sed
2461 2017 2817 2088 prudentiam
2865 2025 2920 2072 et
2950 2016 3284 2087 sapientiam
3322 2016 3508 2085 impiis

1920 2122 1977 2170 et
2032 2113 2263 2170 nefariis
2316 2111 2629 2167 maledictis
2685 2108 2947 2181 Opposita
2996 2108 3180 2179 pietas
3233 2107 3503 2164 ostendit.

1920 2205 2022 2261 llle
2046 2202 2194 2260 enim
2220 2203 2439 2259 dicebat
2468 2220 2482 2258 :
2527 2221 2548 2255 ι
2585 2200 2723 2268 Quis
2752 2208 2837 2256 est
2885 2199 3057 2267 Deus,
3100 2201 3193 2270 qui
3224 2207 3381 2256 eruet
3411 2214 3507 2255 vos

1921 2296 1990 2353 de
2016 2296 2275 2351 manibus
2298 2295 2469 2350 meis?
2502 2312 2521 2347 ι
2555 2295 2626 2348 At
2655 2291 2763 2363 ipsi
2792 2292 3149 2349 clamabant:
3177 2309 3197 2343 ι
3229 2293 3328 2347 Est
3361 2290 3506 2347 Deus

1923 2399 2111 2445 noster
2135 2389 2191 2443 in
2228 2388 2409 2453 cwlis,
2442 2386 2534 2443 cui
2570 2400 2675 2442 nos
2717 2385 3020 2451 servimus,
3050 2393 3253 2454 potens
3292 2383 3509 2455 eripere

1923 2497 2028 2538 nos
2060 2498 2090 2538 e
2117 2480 2343 2537 fornace
2380 2482 2527 2552 ignis
2558 2480 2807 2545 ardente,
2832 2487 2885 2533 et
2917 2494 2984 2535 ex
3020 2478 3275 2533 manibus
3312 2477 3443 2545 tuis,
3476 2490 3508 2532 ο

1924 2590 2040 2638 rex,
2070 2589 2175 2628 nos
2194 2581 2371 2628 eruet.
2410 2592 2429 2626 ι
2463 2572 2541 2628 Ne
2562 2573 2712 2629 enim
2737 2571 3027 2628 existimes
3060 2570 3228 2625 Deum
3255 2577 3504 2625 nostrum

1924 2665 2033 2720 diis
2076 2665 2284 2733 1111
2321 2664 2432 2719 tuis
2481 2664 2720 2719 similem
2757 2678 2903 2718 esse.
2940 2661 3067 2717 Illos
3122 2661 3271 2716 enim
3306 2662 3507 2716 merito

1925 2753 2262 2817 contemnis,
2302 2753 2395 2822 qui
2444 2753 2513 2807 ab
2541 2761 2660 2808 arte
2681 2759 2737 2807 et
2773 2751 3004 2807 materia
3059 2751 3161 2806 hoc
3199 2750 3407 2806 habent
3447 2759 3507 2805 ut

1926 2844 2040 2899 sint
2074 2862 2087 2898 :
2119 2844 2265 2899 Deus
2293 2852 2476 2899 autem
2498 2850 2709 2907 uoster,
2736 2844 2861 2899 caeli
2882 2851 2935 2899 et
2961 2850 3120 2897 terra:
3147 2843 3506 2914 omniumque

1926 2931 2142 3003 Opifex,
2179 2932 2341 2987 talem
2382 2932 2544 2987 habet
2564 2935 2844 2998 virtutem,
2877 2932 3095 3001 qualem
3128 2931 3292 2986 nobis
3318 2941 3507 2987 osten-

1928 3023 2067 3078 dunt
2095 3038 2159 3078 ea
2192 3024 2377 3078 omnia
2435 3038 2558 3093 quae
2609 3030 2936 3078 cernuntur.
2988 3023 3144 3076 Illam
3170 3022 3341 3091 enim,
3382 3039 3506 3093 qua:

241 3116 402 3171 θείων
469 3117 735 3187 ἀμυήτοις
779 3117 840 3169 οὐ
915 3117 1094 3188 ῥᾴδιον
1148 3116 1421 3170 κατιδεῖν’
1467 3118 1656 3172 τοῦτον
1698 3136 1821 3190 πρε-

1931 3115 2019 3170 bis
2039 3115 2300 3170 omnibus
2335 3115 2590 3184 superior
2626 3121 2733 3179 est,
2764 3114 2912 3168 haud
2952 3112 3115 3169 facile
3146 3122 3381 3184 possunt
3412 3116 3504 3170 in-

244 3208 535 3272 σϐεύοντες
555 3208 653 3280 τὴν
684 3210 812 3279 παρ’
837 3208 1001 3261 αὐτοῦ
1029 3208 1280 3280 βοήθειαν
1305 3210 1661 3281 ἀναμένομεν.
1678 3211 1821 3265 ἰκα-

1926 3210 2088 3274 tueri,
2120 3209 2213 3279 qui
2253 3224 2362 3263 non
2394 3218 2525 3264 sunt
2556 3208 2757 3267 divinis
2788 3208 2986 3263 initiati
3005 3209 3289 3280 mysteriis
3316 3228 3329 3264 :
3359 3210 3505 3265 hunc

239 3299 329 3363 νὸς
355 3299 467 3371 γὰρ
496 3300 644 3370 ἡμᾶς
672 3298 894 3354 καὶτῶν
923 3299 1030 3353 σῶν
1050 3297 1354 3363 ἀπαλλάξαι
1381 3300 1600 3370 χειρῶν,
1616 3302 1708 3355 καὶ
1724 3302 1821 3372 τῆς

1926 3309 2258 3357 venerantes
2294 3302 2363 3357 ab
2393 3301 2516 3372 ipso
2560 3316 2721 3372 opem
2760 3310 3173 3371 exspectamus.
3208 3300 3505 3359 Sulliciens

240 3390 476 3460 καμίνου
503 3389 598 3443 τοῦ
664 3390 855 3460 πυρὸς,
885 3390 954 3461 ἢν
1000 3391 1064 3443 σὺ
1109 3390 1520 3455 κατεσκεύασας
1557 3393 1626 3445 ⁷⁸.
1659 3393 1740 3447 Τά
1764 3393 1823 3446 δὲ

240 3481 387 3552 μετά
410 3479 588 3535 ταῦτα
611 3479 843 3551 ρηθέντα
867 3481 1122 3553 οὐδεμίαν
1161 3483 1412 3554 ἀνδρείας
1425 3483 1518 3538 καὶ
1546 3484 1822 3554 φιλοθεῖας

245 3573 559 3644 ὐπερόολὴν
599 3574 935 3628 καταλείπει.
994 3575 1292 3645 Εἰρηκότες
1321 3576 1459 3646 γάρ*
1502 3595 1522 3628 ι
1563 3578 1750 3631 Ἔστιν
1776 3578 1823 3611 ⁷⁸

240 3664 417 3728 όΘεδς
446 3665 605 3735 ἡμῶν
627 3666 685 3719 ὲν
705 3665 974 3736 οὐρανοῖς,
1082 3669 1245 3736 ἡμεῖς
1273 3667 1631 3740 λατρεύομεν,
1660 3670 1822 3725 δυνα-

238 3752 331 3815 τὸς
352 3752 631 3817 ἐξελέσθαι
680 3755 829 3824 ἡμᾶς
872 3756 935 3807 ὲκ
979 3755 1076 3824 τῆς
1135 3755 1363 3825 καμίνου
1404 3756 1496 3809 τοῦ
1527 3758 1700 3827 πυρὸς
1724 3759 1823 3830 τῆς

238 3844 561 3915 καιομένης,
594 3845 687 3897 καὶ
708 3846 772 3897 ὲκ
794 3844 900 3897 τῶν
949 3846 1147 3917 χειρῶν
1178 3863 1293 3915 σου,
1329 3846 1571 3918 βασιλεῦ,
1599 3848 1822 3920 ῥύσεται

239 3937 411 4007 ἡμᾶς,
440 3953 460 3987 ι
495 3936 656 4001 εὐθὺς
684 3938 994 4008 ἐπήγαγον·

312 4028 402 4100 ιη’.
438 4048 460 4081 ι
515 4029 625 4081 Καὶ
676 4028 769 4082 ἐὰν
803 4029 903 4101 μὴ,
942 4032 1184 4097 γνωστὸν
1224 4031 1366 4085 ἔστω
1409 4050 1513 4098 σοι,
1568 4032 1817 4102 βασιλεῦ,

236 4121 323 4174 ὅτι
350 4122 466 4184 τοῖς
502 4119 644 4184 θεοῖς
695 4137 789 4173 σου
836 4122 897 4174 οὐ
941 4121 1299 4194 λατρεύομεν,
1333 4126 1427 4179 καὶ
1455 4128 1521 4196 τῇ
1554 4126 1722 4181 εικόνι
1752 4129 1820 4198 τῇ

1924 3394 2073 3450 enim
2104 3400 2191 3448 est
2230 3392 2296 3446 ad
2323 3407 2425 3447 nos
2472 3408 2504 3449 e
2539 3393 2798 3447 manibus
2860 3392 2973 3448 tuis
3024 3392 3360 3462 eripiendos,
3399 3404 3451 3450 et
3476 3411 3506 3450 e

1925 3486 2152 3541 fornace
2182 3484 2328 3554 ignis
2369 3499 2536 3554 quant
2583 3476 2873 3555 paravisti.
2910 3483 3042 3550 Quae
3093 3496 3275 3539 autem
3312 3494 3504 3555 postea

1924 3578 2073 3633 dicta
2104 3585 2251 3641 sunt,
2285 3577 2496 3629 nullam
2534 3575 2881 3631 fortitudinis
2918 3591 2980 3631 ac
3022 3576 3315 3648 religionis
3342 3593 3506 3634 exsu-

1926 3670 2234 3740 perantiam
2275 3668 2549 3739 reliquam
2575 3666 2809 3723 faciunt.
2843 3668 2978 3723 Cum
3016 3670 3163 3724 enim
3188 3669 3459 3727 dixissent
3488 3691 3501 3726 :

1930 3781 1950 3815 ι
1989 3763 2088 3818 Est
2119 3762 2262 3818 Deus
2290 3771 2480 3817 noster
2519 3762 2576 3816 in
2612 3761 2793 3826 caelis,
2822 3762 2910 3817 cui
2940 3778 3042 3819 nos
3080 3764 3375 3831 servimus,
3407 3779 3507 3834 po.

1924 3865 2048 3912 tens
2085 3855 2300 3925 eripere
2345 3868 2448 3910 nos
2478 3868 2509 3909 e
2549 3853 2778 3909 fornace
2832 3854 2978 3924 ignis
3023 3855 3274 3921 ardente,
3324 3867 3378 3911 et
3439 3873 3504 3913 ex

1923 3948 2183 4003 manibus
2210 3949 2341 4012 tuis,
2362 3962 2396 4001 o
2419 3962 2538 4010 rex,
2558 3960 2659 4001 nos
2678 3957 2876 4013 eruet;
2900 3966 2917 3998 ι
2951 3947 3137 4001 statim
3155 3948 3504 4018 adjecerunt:

1997 4039 2160 4097 Vens.
2199 4039 2286 4096 18.
2329 4058 2347 4090 ι
2372 4037 2527 4105 Quod
2552 4038 2597 4094 si
2622 4039 2881 4104 noluerit,
2911 4049 3099 4094 nutum
3124 4040 3197 4093 sit
3230 4039 3351 4105 tibi,
3388 4056 3506 4101 rex.

1923 4132 2048 4189 fore
2074 4140 2135 4187 ut
2171 4133 2305 4187 deos
2354 4138 2479 4185 tuos
2514 4144 2625 4184 non
2656 4130 2933 4195 colamus,
2974 4139 3032 4184 et
3072 4129 3368 4199 imaginem
3407 4147 3507 4183 an-

239 4205 502 4284 χρυσῇ,
532 4210 787 4282 ἐστησας,
818 4211 880 4264 οὐ
931 4213 1367 4284 προσκυνοῦμεν.
1417 4234 1436 4267 ι
1476 4217 1550 4268 Οὐ
1587 4218 1698 4288 γὰρ
1730 4219 1823 4271 ἐπὶ

243 4302 424 4374 μισθῷ
442 4302 521 4374 τῷ
546 4305 799 4374 ἡμετέρῳ
822 4306 1065 4376 Δεσπότῃ
1085 4303 1428 4375 δουλεύομεν,
1450 4307 1586 4362 ἀλλὰ
1615 4309 1823 4381 φίλτρῳ

1923 4239 2099 4290 ream,
2133 4237 2299 4294 quam
2333 4221 2603 4285 statuisti,
2644 4236 2751 4275 non
2780 4219 3105 4276 adoremus.
3144 4239 3164 4271 ι
3199 4220 3320 4274 Non
3354 4220 3503 4276 enim

1923 4332 2025 4387 pro
2058 4315 2312 4370 mercede
2361 4313 2597 4368 Domino
2632 4321 2824 4367 nostro
2852 4313 3167 4377 servimus;
3202 4311 3298 4366 sed
3341 4312 3506 4367 bene-

241 4394 336 4448 καὶ
366 4394 518 4464 πόθῳ
569 4397 924 4466 νυττόμενοι,
951 4397 1171 4451 πάντων
1219 4398 1356 4468 ὁμοῦ
1406 4398 1504 4468 τὴν
1550 4399 1643 4453 τοῦ
1682 4400 1818 4454 Θεοῦ

1926 4406 2162 4461 volentia
2212 4413 2268 4460 et
2296 4418 2485 4458 amore
2534 4403 2835 4467 stimulati,
2894 4402 3151 4458 omnibus
3192 4404 3357 4457 simul
3412 4404 3501 4458 Dei

240 4485 399 4556 ἡμῶν
440 4486 852 4558 προαιρούμεθα
887 4486 1206 4557 θεραπείαν.
1357 4466 1516 4560 χάριν
1561 4491 1682 4544 οὐδὲ
1721 4490 1820 4561 τὴν

1926 4497 2099 4552 nostri
2126 4495 2473 4566 praeferimus
2497 4494 2729 4548 cultum.
2764 4495 2945 4559 Quare
2980 4509 3051 4549 ne
3087 4495 3157 4548 ab
3208 4494 3295 4550 his
3345 4496 3506 4551 malis

241 4577 568 4648 ἀπαλλαγὴν
592 4577 701 4631 τῶν
726 4579 913 4632 κακῶν
962 4579 1230 4649 ἀορίστως
1256 4580 1534 4651 αἰτοῦμεν,
1558 4582 1692 4636 ἀλλὰ
1726 4582 1817 4636 τοῦ

1926 4586 2150 4656 quidem
2184 4593 2388 4639 temere
2434 4583 2664 4637 liberari
2703 4585 2959 4653 petimus,
3011 4584 3104 4638 sed
3138 4584 3355 4639 Domini
3409 4602 3506 4655 gu-

240 4668 519 4723 Δεσπότου
541 4670 640 4739 τὴν
665 4671 973 4740 οίκονομίαν
1000 4675 1095 4724 καὶ
1122 4673 1461 4742 προμήθειαν
1486 4674 1784 4745 στέργομεν
1803 4691 1819 4706 ·

1926 4678 2307 4734 bernationem
2341 4691 2406 4731 ac
2447 4675 2849 4745 providentiam
2904 4690 3156 4731 amamus
3195 4678 3236 4727 :‘
3257 4685 3313 4731 et
3357 4677 3505 4732 illius

241 4762 338 4815 καὶ
360 4761 426 4814 τὸ
457 4761 725 4815 συνοίσειν
758 4761 951 4831 μέλλον
986 4764 1087 4817 οὐκ
1131 4764 1352 4829 εἰδότες,
1383 4764 1463 4835 τῷ
1513 4766 1821 4837 κυϐερνήτῃ

1926 4770 2071 4841 quod
2104 4767 2457 4840 profuturum
2491 4775 2579 4823 est
2610 4767 2811 4838 ignari,
2846 4768 3226 4837 gubernatori,
3263 4785 3504 4838 quocun-

240 4853 685 4925 παραχωροῦμεν
735 4855 954 4919 ἰθύνειν,
988 4857 1062 4920 ὡς
1110 4856 1176 4909 ἂν
1221 4856 1400 4928 ἐθέλῃ.
1437 4859 1558 4911 Ὅτι
1587 4859 1683 4929 μὲν
1712 4857 1821 4930 γὰρ

1926 4876 2037 4928 que
2066 4861 2115 4915 ei
2140 4859 2385 4922 libuerit,
2438 4874 2632 4913 navem
2684 4857 3026 4929 dirigendam
3082 4861 3507 4915 committimus.

240 4945 609 4999 ἀπαλλάττειν
640 4948 787 5016 ἡμᾶς
812 4948 920 5000 τῶν
937 4948 1318 5018 ήπειλημένων
1346 4950 1532 5003 κακῶν
1555 4951 1598 4982 ⁷⁷
1624 4950 1816 5021 ἰσχύει,

1926 4949 2035 5004 Pro
2064 4957 2219 5005 certo
2252 4948 2397 5004 enim
2446 4957 2792 5017 compertum
2832 4948 2995 5002 nobis
3027 4957 3111 5003 est
3138 4964 3301 5018 posse
3349 4949 3503 5003 illum

243 5036 431 5105 σαφῶς
460 5037 820 5109 ἐπιστάμεθα.
855 5041 918 5092 El
952 5040 1006 5092 δὲ
1034 5040 1127 5092 καὶ
1163 5040 1409 5109 βούλεται
1438 5040 1597 5094 τοῦτο
1620 5045 1816 5109 ποιεῖν,

1931 5059 2032 5099 nos
2059 5042 2239 5105 malis,
2268 5055 2391 5110 quae
2431 5041 2674 5094 minatus
2710 5055 2793 5103 es,
2851 5039 3086 5108 eripere.
3130 5039 3326 5094 Utrum
3376 5058 3505 5097 vero

240 5126 548 5198 ἀγνοοῦμεν
594 5144 609 5159 ⁸
659 5129 806 5200 σοφῷ
866 5129 924 5181 δὲ
990 5129 1105 5183 ὄντι
1176 5131 1613 5202 παραχωροῦμεν
1681 5150 1820 5204 πρυ-

1930 5135 1986 5190 id
2022 5134 2205 5189 facere
2236 5132 2385 5192 velit.
2419 5131 2739 5200 ignoramus
2772 5150 2786 5186 :
2822 5129 2938 5194 sed,
2980 5144 3104 5184 cum
3155 5133 3378 5200 sapiens
3409 5134 3500 5196 sit,

241 5217 560 5288 τανεύοντι,
592 5221 688 5272 καὶ
724 5219 994 5290 δεχόμεθα
1046 5221 1144 5290 τήν
1198 5220 1399 5291 ψῆφον,
1455 5221 1658 5291 ταύτην
1686 5225 1819 5294 ἡμῖν

1926 5227 1965 5283 ei
1998 5241 2181 5280 rerum
2206 5233 2516 5279 nostrarum
2549 5222 2980 5277 moderationem
3013 5224 3421 5288 committimus,
3449 5236 3504 5277 et

246 5312 549 5383 συμφέρειν
609 5311 974 5376 πιστεύοντες.
1013 5313 1135 5366 Εἴτε
1169 5310 1260 5367 οὖν
1311 5314 1517 5383 ῥύεται.
1571 5316 1679 5367 εἴτε
1728 5315 1821 5368 καὶ

1926 5315 2113 5385 iudicii
2169 5312 2527 5375 sententiam,
2572 5312 2735 5365 nobis
2786 5326 2906 5366 eam
2960 5311 3223 5381 prodesse
3274 5313 3505 5366 creden-

247 5405 346 5471 μὴ,
375 5401 475 5469 τῆς
510 5400 556 5431 ⁷⁸
584 5401 789 5464 εἰκόνος
820 5418 913 5454 σου
959 5403 1052 5455 καὶ
1081 5402 1188 5455 τῶν
1237 5402 1373 5455 θεῶν
1423 5420 1516 5455 σου
1549 5404 1821 5472 φεύγομεν

1926 5413 2033 5467 tes,
2068 5403 2396 5473 accipimus.
2429 5400 2556 5455 Sive
2588 5400 2750 5471 igitur
2782 5416 2886 5456 nos
2912 5402 3193 5465 liberabit,
3229 5402 3345 5456 sive
3369 5416 3499 5461 non,

1552 5536 1783 5593 VARIAS
1824 5540 2234 5596 LECTIONES.

311 5629 358 5660 ⁷³
388 5628 449 5680 ἐν
495 5625 627 5697 οὐρἶ
667 5625 744 5697 Ex
800 5626 843 5679 A
883 5634 935 5679 et
978 5626 1019 5679 B
1070 5628 1247 5697 suppl.
1287 5628 1456 5681 Aliter
1504 5630 1589 5682 hic
1621 5641 1673 5683 et
1721 5645 1960 5697 sequens
2007 5646 2146 5684 vers.
2186 5630 2287 5695 leg.
2332 5625 2493 5697 infra.
2533 5625 2604 5679 De
2655 5624 2868 5679 Provid.
2915 5633 3066 5697 orat._
3086 5622 3137 5675 8.
3207 5621 3417 5697 "urg.
3461 5623 3502 5697 is

240 5699 368 5775 add;
406 5698 496 5767 δή.
544 5692 630 5801 I'"
666 5696 707 5749 Β
755 5692 1283 5765 συγκατεσκεύασας.
1366 5701 1410 5729 ⁷⁶
1436 5701 1640 5751 Ἔστιν.
1697 5698 1737 5752 Β
1776 5692 1963 5768 praun.
2012 5701 2114 5754 ὅτι.
2225 5692 2267 5729 ﬁ
2298 5715 2424 5751 κακ.
2461 5695 2517 5750 In
2552 5698 2589 5750 Β
2615 5698 2834 5766 ponitur
2882 5703 3007 5765 post
3056 5695 3162 5762 ίσχ.
3239 5692 3284 5723 ⁷⁸
3312 5692 3427 5762 τῆς.
3458 5694 3498 5745 Β

240 5788 433 5820 Ιιιζιξιις.
464 5784 579 5820 κα..

237 5788 433 5843 ιιιωιιςο
464 5785 579 5820 και.

541 5861 810 5920 I‘.trnor..
857 5858 970 5917 Gn.
1017 5858 1271 5916 LXXXI.
2981 5854 3059 5914 ω
