3898 6208
274 346 411 414 i325

1498 352 1580 415 IN
1615 355 1972 420 DANIELIS
2001 361 2156 422 CAP.
2186 364 2297 424 ΙΙΙ.

3374 377 3514 444 1326

273 461 462 525 παῖδες
494 451 640 515 οὗτοι
680 462 738 514 ἐν
764 460 979 533 καμίνῳ
1024 461 1343 533 χορεύοντες
1370 462 1462 519 τὸν
1492 464 1643 521 θετον
1674 467 1832 538 ὕμνον

1948 478 2032 530 tes
2083 473 2329 531 divinum
2397 477 2661 549 hymnum
2726 492 3020 543 contexere
3067 492 3513 558 perseverabant.

270 553 538 607 διετέλουν
565 552 901 622 ὑφαίνοντες.
941 554 1052 606 Καὶ
1077 554 1122 585 ⁸⁸
1153 553 1368 625 πρῶτον
1396 553 1440 587 ⁸⁷
1478 556 1577 625 μὲν
1606 559 1634 609 6
1683 556 1841 623 Ἀζα-

273 645 396 716 ρίας
422 645 600 715 στόμα
633 644 813 699 κοινὸν
838 645 1147 715 γενόμενος,
1171 645 1267 699 καὶ
1291 646 1397 699 ὑπὸ
1430 647 1539 701 τῶν
1569 646 1667 719 τῆς
1713 650 1843 720 φλο-

270 737 366 805 γὸς
392 736 654 806 κυμάτων
679 735 1140 807 περικλυζόμενος
1160 777 1176 803 ,

344 848 365 880 ι
411 828 675 894 ’Δνοίξας,
699 827 853 898 φησὶ,
889 827 950 879 τὸ
991 812 1171 898 στόμα
1199 827 1363 882 αὑτοῦ
1394 829 1450 882 ἐν
1485 829 1529 861 ⁸⁸
1555 829 1707 901 μέσῳ
1749 829 1844 884 τοῦ

270 920 464 989 πυρὸς,
484 912 636 972 εἶπεν
656 935 668 949 ν
690 918 857 988 (σις’.)
873 917 1178 987 Εὐλογητὸς
1202 914 1273 984 εί,
1294 919 1467 991 Κύριε
1512 921 1542 971 6
1579 920 1710 984 Θεὸς
1739 921 1846 975 τῶν

269 1011 524 1081 πατέρων
564 1008 741 1081 ήμῶν,
780 1009 875 1062 καὶ
905 1010 1114 1064 αἰνετὸν
1142 1010 1210 1076 θ’,
1239 1011 1333 1064 καὶ
1369 1010 1756 1081 δεδοξασμένον
1785 1011 1845 1066 τὸ

268 1102 440 1172 ὄνομα
465 1118 560 1154 σου
591 1098 672 1164 εις
697 1100 827 1164 τοὺς
857 1099 1082 1164 αἰῶνας.
1111 1119 1129 1153 ι
1161 1101 1258 1165 Τίς
1300 1101 1367 1156 ἂν
1398 1101 1534 1170 πρὸς
1565 1102 1721 1167 ἀξίαν
1750 1101 1843 1156 τοῦ

268 1192 557 1263 προοιμίου
577 1190 675 1262 τὴν
707 1191 899 1260 σοφίαν
950 1190 1314 1262 θαυμάσειενς
1343 1193 1479 1247 Οὐδὲ
1508 1195 1616 1266 γάρ
1645 1195 1702 1249 ἐν
1748 1194 1843 1247 εύ-

264 1283 475 1356 ημερίᾳ
502 1282 580 1337 ὢν
612 1282 706 1336 καὶ
739 1282 1004 1355 εὐκληρίᾳ
1027 1322 1043 1349 ,
1069 1284 1191 1337 οὐδὲ
1237 1284 1378 1339 κατά
1422 1285 1548 1356 ῥοῦν
1584 1284 1678 1339 τοῦ
1725 1285 1843 1356 βίου

263 1374 599 1446 φερομένου,
633 1374 749 1429 ἀλλ’
782 1377 841 1427 ἐν
886 1375 1102 1446 καμίνῳ
1151 1375 1388 1447 τοσαύτῃ
1422 1378 1514 1430 τὸν
1564 1376 1674 1431 τῶν
1704 1377 1842 1431 ὅλων

266 1460 297 1514 ὖ
302 1479 425 1532 μνει
436 1462 591 1530 Θεὸν,
610 1465 704 1518 καὶ
727 1463 910 1518 ἐκάλει
925 1461 1087 1518 αὐτὸν
1109 1463 1269 1517 tdr”
1283 1463 1733 1536 πατέρωνζθεὸν,
1750 1465 1844 1519 καὶ

263 1554 363 1626 τήν
396 1554 493 1610 τοῦ
547 1558 892 1628 φρονήματος
941 1557 1157 1622 δεικνὺς
1215 1556 1580 1629 μετριότητα.
1614 1556 1710 1610 καὶ
1732 1556 1842 1612 τῶν

266 1647 522 1718 πατέρων
562 1648 952 1720 ἀνακηρύττων
1002 1649 1102 1721 τὴν
1137 1649 1359 1720 ἀρετήν.
1403 1646 1710 1719 ’Υμνοῦμεν
1732 1647 1840 1719 γάρ

269 1754 327 1790 σε
354 1779 370 1799 ,
405 1733 673 1810 φησὶν,ὧ
720 1740 966 1795 Δέσποτα
989 1781 1002 1806 ,
1030 1740 1193 1810 ἡμεῖς
1238 1740 1289 1792 οί
1338 1738 1581 1811 πατέρας
1625 1738 1840 1811 ἔχοντες

1948 561 2063 637 [25]
2093 567 2159 621 Et
2210 567 2451 637 primum
2486 571 2714 629 Azarias
2745 589 2809 630 os
2852 590 3145 636 commune
3180 580 3431 651 effectus,
3458 595 3514 641 et

1945 655 2176 715 flammae
2205 659 2464 719 fluctibus
2491 665 2956 738 circumspersus,

2023 862 2040 894 ι
2078 842 2365 913 Aperiens,
2399 845 2602 915 inquit,
2635 860 2699 900 os
2730 861 2892 901 suum
2922 848 2976 901 in
3012 850 3191 905 medio
3220 852 3385 921 ignis,
3429 856 3515 911 di-

1946 935 2064 988 xit:
2097 932 2286 1002 (Vsus.
2324 935 2442 1007 26.)
2479 934 2812 991 Benedictus
2840 951 2928 1005 es,
2957 936 3190 997 Domine
3228 941 3377 999 Dens
3411 961 3512 1016 pa-

1948 1030 2090 1079 trum
2125 1032 2473 1092 nostrorum,
2496 1039 2551 1084 et
2585 1026 2880 1095 laudabile,
2923 1037 2979 1084 et
3006 1030 3372 1100 glorificatum
3412 1051 3513 1091 nu-

1946 1131 2070 1172 men
2113 1124 2265 1173 tuum
2331 1118 2545 1191 1115
2586 1119 2642 1174 in
2687 1120 2910 1177 saecula.
2956 1141 2975 1175 ι
3016 1121 3154 1189 Quis
3202 1140 3301 1196 pro
3333 1127 3515 1198 digni-

1948 1213 2061 1262 tate
2092 1210 2349 1277 prommii
2400 1210 2568 1281 hujus
2609 1212 2938 1282 sapientiam
2990 1215 3195 1283 poterit
3248 1217 3515 1275 laudare?

1944 1296 2133 1370 Neque
2156 1300 2305 1355 enim
2335 1300 2392 1357 in
2426 1300 2690 1359 felicitate
2730 1312 2826 1359 aut
2864 1306 3264 1376 tranquillitate
3303 1311 3513 1366 consti-

1945 1397 2117 1456 tutus,
2151 1406 2331 1463 neque
2363 1393 2420 1449 in
2460 1408 2726 1465 prospero
2756 1395 2882 1452 vitae
2910 1412 3102 1465 cursu,
3136 1400 3233 1457 sed
3264 1401 3322 1457 in
3357 1402 3512 1472 ejus-

1943 1480 2094 1537 modi
2125 1480 2371 1549 fornace,
2401 1491 2684 1540 auctorem
2717 1487 2962 1542 omnium
2984 1505 3177 1545 rerum
3200 1488 3515 1551 celebrabat

1944 1567 2136 1633 Deum,
2171 1579 2226 1626 et
2253 1570 2423 1626 Deum
2461 1582 2676 1641 patrum
2715 1574 2873 1631 illum
2906 1579 3162 1645 vocabat,
3208 1588 3264 1635 et
3309 1584 3511 1640 mentis

1942 1656 2230 1715 declarans
2267 1661 2615 1730 modestiam,
2651 1671 2706 1720 et
2740 1673 2956 1735 patrum
2992 1670 3301 1739 [medicans
3333 1675 3509 1730 virtu-

1944 1756 2075 1802 tem.
2102 1744 2420 1807 Laudamus
2443 1751 2589 1807 enim
2622 1761 2699 1819 te,
2727 1753 2977 1823 Domine,
3004 1758 3203 1830 inquit,
3234 1776 3360 1827 nos,
3382 1763 3507 1833 qui—

264 1829 525 1896 ὲκείνους,
547 1822 622 1884 ὧν
644 1829 912 1902 ὴθέλησας
942 1830 1211 1909 κληθῆναι
1247 1830 1402 1895 Θεός.
1430 1831 1503 1884 Σὺ
1527 1831 1636 1903 γὰρ
1675 1829 1832 1897 εἶπας

1941 1838 2044 1896 bus
2064 1848 2250 1911 patres
2280 1842 2363 1897 illi
2391 1842 2569 1912 fuere,
2613 1861 2849 1918 quorum
2884 1822 3027 1907 Deus
3054 1822 3239 1909 vocari
3260 1822 3504 1913 volui-sti-

262 1918 341 1990 τῷ
386 1919 677 1990 θεράποντί
709 1937 801 1974 σου
849 1925 1043 1993 Μωσῇ·
1080 1941 1100 1975 ι
1131 1919 1275 1992 Ἐγὼ
1326 1923 1355 1975 6
1390 1920 1522 1986 Θεὸς
1562 1923 1834 1996 Ἀϐραὰμ,

262 2009 360 2063 καὶ
411 2012 442 2064 6
478 2010 611 2076 Θεὸς
645 2014 863 2082 Ἰσαὰκ,
895 2015 989 2067 καὶ
1030 2017 1058 2068 6
1099 2013 1231 2077 Θεὸς
1274 2012 1468 2067 Ἰακώϐ
1512 2015 1556 2047 ⁸⁸
1582 2030 1595 2046 ο
1630 2034 1648 2065 ι
1680 2014 1837 2069 τοῦτό

263 2117 357 2155 σου
393 2102 454 2155 τὸ
503 2104 673 2175 ὄνομα
711 2105 919 2160 αίνετόν
954 2108 1107 2170 ἐστι,
1145 2105 1239 2157 καὶ
1287 2102 1704 2175 δεδοξασμένον,
1738 2108 1837 2161 οὐκ

252 2195 319 2245 ἐν
347 2194 529 2268 καιρῷ
553 2212 659 2250 τινι
683 2198 777 2251 καὶ
803 2197 979 2269 χρόνῳ
998 2194 1168 2270 ῥητῷ,
1199 2195 1312 2251 ἀλλ’
1337 2197 1425 2262 είς
1444 2196 1674 2264 πάντας
1692 2198 1836 2265 τοὺς

246 2285 500 2354 αἰῶνας.

331 2377 437 2442 κζ’.
482 2396 503 2431 ‹
535 2378 658 2432 Ὀτι
709 2378 919 2442 δίκαιος
969 2374 1017 2432 εί
1062 2379 1156 2432 ἐπὶ
1208 2379 1394 2445 πᾶσιν,
1441 2372 1522 2443 οἷς
1575 2379 1834 2451 ἐποίησας

258 2468 416 2539 ἡμῖν.
456 2486 477 2519 ι
519 2467 827 2541 Ὑμνοῦμεν
868 2470 926 2524 δέ
969 2487 1049 2532 σε,
1096 2470 1251 2539 φησὶ,
1280 2469 1340 2522 τὸ
1382 2469 1587 2524 δίκαιον
1610 2471 1708 2541 τῆς
1737 2471 1834 2542 σῆς

254 2558 613 2629 ἐπιστάμενοι
649 2560 907 2630 κρίσεως
935 2560 1068 2630 ὀρθῇ
1116 2558 1225 2630 γὰρ
1256 2560 1351 2613 καὶ
1392 2558 1579 2631 δικαίᾳ
1630 2560 1836 2632 χρησά-

261 2649 484 2716 μενος⁹²
512 2649 680 2721 ψήφῳ
732 2649 1286 2722 ἐξανδραποδισθῆναι
1310 2651 1478 2720 ἡμᾶς,
1518 2650 1610 2703 καὶ
1645 2651 1834 2723 πόρρω

247 2740 370 2795 τῶν
394 2738 614 2795 οίκείων
638 2742 890 2811 γενέσθαι
916 2742 1273 2814 προσέιαξας.

334 2851 352 2883 ι
391 2832 504 2887 Καὶ
551 2833 731 2887 πάντα
763 2850 857 2885 σου
872 2834 941 2901 ⁸³,
986 2834 1138 2903 φησὶ,
1169 2833 1238 2887 τὰ
1271 2831 1409 2905 ἔργα
1454 2835 1702 2905 ἀληθινὰ,
1740 2833 1834 2887 καὶ

252 2924 466 2979 εὐθεῖαι
492 2924 550 2978 αἱ
578 2925 688 2979 ὁδοί
717 2941 830 2979 σου.
862 2926 1016 2994 (κη’.)
1058 2925 1170 2980 Καὶ
1201 2928 1373 2980 πᾶσαι
1413 2927 1468 2979 al
1502 2927 1713 2998 κρίσεις
1738 2941 1833 2978 σου

254 3016 507 3086 ἀληθιναὶ
526 3016 594 3083 ’⁸,
621 3016 713 3070 καὶ
761 3018 1004 3088 κρίματα
1049 3016 1307 3087 ἀληθείας
1354 3018 1647 3088 ἐποίησας,
1692 3015 1833 3070 κατὰ

256 3107 434 3161 πάντα
465 3106 502 3161 δ.
552 3108 829 3177 ἐπήγαγες
881 3109 1049 3179 ήμῖν,
1079 3108 1176 3161 καὶ
1225 3108 1317 3161 ἐπὶ
1371 3108 1469 3180 τὴν
1532 3108 1686 3163 πόλιν
1733 3108 1831 3180 τὴν

1935 1929 2019 1986 Tu
2050 1933 2198 1989 enim
2244 1933 2435 1991 dixisti
2491 1934 2700 1993 famulo
2741 1947 2845 1996 tuo
2896 1940 3034 1998 Mosi
3080 1962 3094 2001 :
3142 1962 3163 1995 ι
3201 1945 3314 2018 Ego
3362 1947 3509 2006 Deus

1936 2023 2254 2091 Abrahami,
2278 2035 2334 2083 et
2362 2028 2506 2084 Deus
2544 2028 2742 2092 lsaaci.
2767 2039 2822 2088 et
2851 2031 2996 2090 Deus
3014 2033 3205 2093 Jacobi
3244 2041 3263 2080 ι
3298 2057 3311 2095 :
3342 2059 3364 2094 ι
3402 2040 3508 2099 hoc

1935 2122 2091 2170 tuum
2124 2131 2324 2173 nomen
2358 2118 2637 2177 laudabile
2666 2129 2787 2189 est,
2832 2130 2894 2180 et
2937 2125 3264 2200 gloriosum,
3296 2146 3409 2189 non
3449 2134 3507 2191 in

1937 2205 2122 2276 aliquo
2151 2206 2377 2266 deﬁnito
2405 2212 2838 2284 praescriptoque
2869 2223 3140 2288 tempore,
3166 2223 3269 2279 sed
3298 2225 3355 2280 in
3386 2243 3502 2283 orn-

1936 2297 2027 2361 m'a
2062 2299 2280 2354 swcula.

2010 2387 2177 2445 Vens.
2214 2391 2305 2445 27.
2353 2411 2372 2444 ι
2412 2391 2550 2460 Quia
2573 2395 2761 2466 justus
2790 2412 2851 2456 es
2891 2398 2950 2457 in
2982 2402 3244 2462 omnibus
3271 2421 3395 2478 quae
3421 2406 3502 2465 fe-

1935 2480 2063 2536 cisti
2102 2482 2283 2536 nobis.
2310 2501 2329 2534 ›
2367 2482 2681 2544 Laudamus
2715 2496 2924 2556 autem,
2950 2492 3150 2565 inquit,
3186 2503 3260 2565 te,
3287 2496 3502 2568 justum

1934 2575 2091 2625 tuum
2129 2571 2398 2641 judicium
2438 2586 2802 2646 agnoscentes
2836 2599 2849 2637 :
2885 2593 3041 2639 recta
3083 2587 3234 2642 enim
3265 2595 3320 2645 et
3346 2589 3500 2659 justa

1935 2660 2004 2717 de
2031 2661 2192 2717 nobis
2233 2664 2341 2719 lata
2378 2668 2675 2732 sententia,
2711 2670 2765 2724 in
2811 2674 3130 2733 servitutem
3170 2692 3274 2735 nos
3303 2679 3502 2752 redigi,

1933 2758 1989 2805 et
2017 2753 2210 2821 procul
2249 2768 2280 2807 a
2311 2755 2488 2824 patria
2517 2757 2767 2826 captivos
2800 2760 3000 2818 abduci
3033 2767 3365 2838 praecepisti.

2010 2860 2033 2921 xc
2059 2841 2121 2895 Et
2156 2842 2435 2908 universa.
2468 2845 2849 2918 inquit,opera
2874 2858 2970 2906 tua
3000 2869 3152 2920 vera,
3185 2865 3241 2912 et
3268 2859 3368 2915 via:
3395 2868 3503 2919 tuae

1935 2941 2114 2987 rectae.
2147 2931 2336 3003 (Vsus.
2367 2935 2481 3008 28.)
2520 2936 2588 2992 Et
2616 2940 2801 2994 omnia
2842 2941 3054 3011 judicia
3087 2955 3181 3002 tua
3231 2966 3382 3019 vera,
3446 2964 3503 3011 et

1931 3019 2138 3090 judicia
2166 3024 2416 3081 veritatis
2448 3024 2648 3093 fecisti,
2687 3030 2846 3099 juxta
2874 3035 3057 3089 omnia
3087 3053 3210 3108 quae
3239 3041 3501 3101 induxisti

1936 3111 2115 3178 nobis,
2152 3122 2206 3169 et
2234 3130 2398 3185 super
2438 3117 2712 3174 civitatem
2747 3131 2993 3178 sanctam
3031 3135 3246 3199 patrum
3282 3144 3501 3191 nostro-

250 3198 422 3266 ,ἁγίαν
450 3197 549 3269 τὴν
593 3198 703 3254 τῶν
748 3200 1001 3272 πατέρων
1046 3199 1202 3270 ἡμῶν
1231 3178 1613 3273 Ἰερουσαλὴμ,
1646 3200 1729 3254 ὅτι
1774 3178 1832 3253 ἐν

1941 3217 2080 3269 rum,
2113 3178 2568 3278 Hierosolymam,
2589 3209 2716 3278 quia
2743 3211 2797 3266 in
2835 3178 3063 3271 veritate
3083 3225 3137 3272 et
3160 3216 3373 3288 judicio
3401 3224 3505 3279 ad-

252 3289 483 3360 ἀληθείᾳ
547 3290 641 3344 καὶ
701 3289 882 3361 κρίσει
942 3291 1219 3362 ἐπήγαγες
1272 3291 1448 3345 ταῦτα
1507 3291 1688 3346 πάντα
1747 3292 1832 3361 ἐφ’

252 3382 400 3452 ἡμᾶς
416 3381 463 3414 ⁸⁸
498 3380 589 3433 διὰ
633 3381 731 3444 τὰς
783 3380 1057 3453 ἁμαρτίας
1100 3380 1282 3452 ἡμῶν.
1325 3401 1345 3435 ι
1377 3382 1487 3454 Τὴν
1532 3383 1701 3455 αὐτὴν
1736 3383 1833 3453 μὲν

246 3470 496 3526 διάνοιαν
533 3470 753 3525 ἅπαντα
804 3469 917 3542 ἔχει
976 3471 1045 3525 τὰ
1099 3471 1370 3543 εἰρημένα
1414 3489 1428 3506 ·
1459 3473 1728 3545 διαφόρως
1774 3473 1832 3527 δὲ

249 3562 395 3616 αὐτὰ
421 3562 645 3634 εἴρηκε,
675 3564 790 3633 τὴν,
819 3563 1031 3617 δικαίαν
1078 3565 1171 3617 τοῦ
1215 3563 1352 3619 Θεοῦ
1395 3565 1578 3637 κρίσιν
1623 3566 1827 3637 ὑμνῶν,

251 3652 349 3706 καὶ
400 3651 586 3724 χώραν
612 3652 865 3723 οὐδεμίαν
892 3655 955 3723 τῇ
989 3653 1282 3725 ἀχαριστίᾳ
1309 3653 1503 3719 διδούς.
1535 3655 1635 3709 Διά
1673 3655 1830 3709 τοῦτο

248 3746 346 3799 καὶ
374 3744 473 3816 τῆς
506 3744 862 3816 Ἰερουσαλὴμ
896 3726 1297 3815 μνημονεύσας,
1334 3747 1428 3800 καὶ
1460 3747 1637 3816 ἁγίαν
1660 3747 1829 3820 αὐτὴν

240 3835 548 3908 δνομάσας.
579 3835 673 3891 καὶ
698 3834 816 3889 τῶν
840 3837 1111 3906 πατέρων
1133 3839 1378 3893 ἐκείνων
1403 3838 1511 3892 τῶν
1557 3838 1828 3893 ἐκλεκτῶν

240 3926 435 3982 πόλιν
454 3926 919 3998 προσαγορεύσας,
943 3928 1105 3992 εὐθὺς
1127 3928 1225 4000 τὴν
1250 3929 1348 3999 τῆς
1362 3927 1632 4000 τιμωρίας
1647 3929 1826 3983 αίτίαν

249 4016 504 4087 ἐπήγαγε
542 4032 558 4048 ο

322 4123 344 4156 ε
391 4103 577 4158 Ταῦτα
623 4106 821 4171 πάντα,
873 4105 1059 4176 φησὶν,
1095 4104 1378 4176 ἐπήγαγες
1426 4106 1513 4177 ἐφ’
1547 4107 1696 4178 ἡμᾶς
1735 4106 1825 4160 διὰ

245 4196 343 4261 τὰς
413 4197 694 4268 ἁμαρτίας
744 4197 922 4269 ἡμῶν.
965 4197 1114 4268 (κθ’.)
1160 4198 1281 4252 Ὅτι
1338 4199 1661 4270 ἡμάρτομεν
1729 4198 1825 4252 καὶ

246 4287 604 4359 ήνομήσαμεν
629 4288 961 4353 ἀποστάντες
983 4290 1029 4322 ⁸⁸
1044 4289 1152 4342 ἀπὸ
1181 4287 1293 4341 σοῦ.
1323 4307 1340 4341 ι
1377 4289 1450 4341 Ού
1476 4289 1585 4357 γὰρ
1619 4289 1817 4361 μάτην,

248 4373 407 4445 φησὶ,
460 4376 554 4430 καὶ
604 4375 671 4446 ἢν
700 4375 1016 4446 ἀφιέρωσας
1075 4377 1401 4449 παρέδωκας
1425 4379 1469 4410 ⁵⁷
1511 4378 1664 4432 πόλιν
1710 4382 1824 4444 τοῖς

246 4466 551 4538 πολεμίοις,
599 4466 695 4521 καὶ
734 4470 887 4539 ἡμᾶς
915 4467 1106 4533 εῐασας
1135 4468 1508 4540 δορυαλώτους
1540 4469 1816 4538 γενέσθαι,

242 4555 361 4609 ἀλλ’
405 4575 425 4607 ι
462 4557 543 4610 ὅτι
586 4557 942 4628 ἡμάρτομεν,
984 4560 1078 4613 καὶ
1107 4560 1463 4630 ήνομήσαμεν
1489 4560 1818 4624 ἀποστάντες

240 4649 353 4702 ἀπὸ
383 4646 501 4703 σοῦ.
525 4667 545 4701 ι
580 4650 782 4722 Πολλὴν
802 4651 859 4705 δὲ
900 4652 1138 4723 ἔμφασιν
1167 4653 1277 4723 ἔχει
1299 4653 1356 4707 τὸ
1396 4653 1514 4707 ἀπὸ
1530 4651 1670 4718 σοῦ,
1697 4652 1819 4707 ἀντὶ

242 4740 362 4805 τοῦ,
401 4741 512 4795 Τοῦ
551 4741 782 4814 Ποιητοῦ
818 4744 912 4797 καὶ
940 4743 1281 4816 Δημιουργοῦ
1305 4784 1319 4807 ,
1350 4742 1444 4796 τοῦ
1480 4743 1685 4813 ἀγαθοῦ
1718 4746 1816 4797 As-

241 4832 447 4885 σπότου
468 4873 484 4898 ,
511 4832 603 4885 τοῦ
637 4833 911 4904 τροφέως,
952 4835 1045 4888 καὶ
1080 4834 1338 4903 φύλακος,
1382 4832 1476 4887 τοῦ
1525 4835 1627 4904 τῆς
1653 4836 1818 4903 Λίγυ-

240 4921 421 4975 πτὲων
433 4921 674 4987 δουλείας
697 4923 1118 4990 ἀπαλλάξαντος,
1131 4925 1221 4979 τοῦ
1248 4924 1512 4978 θάλατταν
1539 4925 1816 4995 τεμόντος,

239 5009 336 5070 τοῦ
362 5014 431 5070 δι’
475 5016 712 5070 ἀϐύσσου
754 5018 1189 5089 ποδηγήσαντος,
1236 5017 1329 5070 τοῦ
1390 5016 1596 5087 πέτραν
1644 5016 1816 5087 ξηρὰν

322 5179 339 5207 ¹
366 5169 543 5226 Exod.
571 5184 655 5234 tu,
680 5168 740 5224 6.

1936 3291 2143 3349 duxisti
2180 3294 2294 3350 haec
2321 3298 2506 3352 omnia
2550 3315 2715 3369 super
2745 3317 2847 3358 nos
2876 3312 3105 3376 propter
3134 3320 3366 3379 peccata
3396 3330 3498 3371 no-

1935 3393 2068 3441 stra.
2109 3405 2128 3439 ι
2166 3386 2422 3443 Eamdem
2468 3391 2798 3447 sententiam
2838 3395 2856 3417 ⁶
2900 3394 3105 3452 habent
3157 3404 3341 3458 omnia
3379 3422 3500 3476 qua:

1933 3475 2082 3531 dicta
2113 3485 2266 3541 sunt,
2302 3477 2456 3534 varie
2504 3487 2689 3536 tamen
2743 3496 2805 3536 ea
2850 3486 3101 3554 protulit,
3132 3487 3343 3556 justum
3400 3475 3499 3548 Dei

1931 3563 2222 3621 celebrans
2249 3564 2539 3637 judicium,
2571 3576 2624 3622 et
2665 3570 2875 3625 nullum
2927 3573 3124 3644 ingrati
3168 3577 3334 3633 animi
3368 3582 3500 3637 vitio

1930 3654 2113 3712 locum
2144 3657 2490 3729 relinquens.
2519 3659 2730 3718 Idcirco
2768 3678 2892 3719 cum
2924 3663 3316 3742 Hierosolyma:
3344 3689 3498 3730 men-

1930 3744 2134 3801 tionem
2177 3746 2423 3816 fecisset,
2470 3757 2526 3805 et
2561 3761 2802 3807 sanctam
2835 3753 3008 3824 ipsam
3044 3761 3394 3830 appellasset,
3433 3780 3498 3819 ac

1928 3846 2138 3906 patrum
2178 3838 2394 3894 illorum
2443 3841 2742 3897 electorum
2794 3846 3495 3924 civitatem-nuncupassct,

1933 3928 2143 4000 1115
2175 3932 2361 3986 statim
2394 3946 2681 4003 poenarum
2719 3949 2941 3993 causam
2975 3940 3213 4010 adjecit:

2002 4127 2020 4159 ι
2048 4105 2172 4163 Haec
2195 4109 2402 4175 omnia,
2434 4109 2923 4179 inquit,adduxisti
2952 4130 3121 4187 super
3140 4134 3243 4176 nos
3264 4131 3497 4194 propter

1925 4207 2149 4268 peccata
2193 4207 2405 4255 nostra.
2454 4199 2645 4268 (Vsus.
2694 4199 2810 4274 ‘29.)
2858 4201 3214 4265 Peccavimus
3244 4213 3413 4280 enim,
3442 4224 3496 4269 et

1925 4290 2115 4362 inique
2146 4290 2361 4362 egimus
2395 4293 2717 4350 recedentes
2750 4308 2781 4348 ο
2821 4302 2891 4349 te.
2938 4314 2957 4348 ι
2987 4295 3108 4352 Non
3140 4299 3284 4353 enim
3319 4310 3492 4358 teme-

1923 4399 2006 4448 re,
2043 4383 2243 4454 inquit,
2272 4391 2325 4439 et
2374 4398 2538 4454 quam
2574 4398 3003 4444 consecraveras
3044 4389 3261 4458 urbem,
3295 4399 3351 4447 et
3391 4408 3494 4449 nos

1922 4474 2069 4531 bello
2118 4481 2351 4543 captos,
2412 4473 2666 4529 hostibus
2719 4476 2972 4545 captivos
3018 4478 3334 4544 tradidisti,
3393 4481 3491 4536 sed

1930 4581 1951 4616 ι
1982 4564 2113 4634 quia
2141 4561 2522 4631 peccavimus,
2556 4570 2612 4617 et
2642 4562 2831 4633 inique
2859 4558 3074 4635 egimus
3103 4568 3420 4624 recedentes
3457 4586 3487 4623 a

1921 4657 1996 4705 te.
2047 4668 2066 4701 ι
2097 4649 2433 4719 Multamque
2458 4651 2744 4721 emphasin
2786 4651 2951 4708 habet
2984 4653 3119 4709 illud
3157 4673 3189 4710 a
3235 4665 3302 4721 te,
3330 4662 3487 4728 quasi

1924 4742 2089 4809 dicat,
2114 4743 2158 4795 A
2180 4750 2234 4798 te
2258 4740 2492 4797 Factore
2512 4750 2567 4797 et
2585 4740 2818 4812 Opitice,
2843 4744 2989 4800 bono
3010 4745 3166 4811 hero,
3186 4749 3488 4816 nutritore,

1924 4841 1978 4890 et
2009 4833 2256 4898 custode,
2290 4834 2380 4903 qui
2417 4833 2487 4889 ab
2517 4831 2903 4904 Egyptiorum
2932 4837 3198 4892 servitute
3225 4852 3327 4893 nos
3353 4837 3491 4896 libe-

1922 4926 2079 4990 rasti,
2120 4925 2214 4994 qui
2265 4940 2416 4980 mare
2464 4926 2714 4991 secuisti,
2769 4927 2863 4997 qui
2926 4941 3024 4997 per
3080 4928 3336 5000 abyssum
3387 4945 3489 4988 nos

1926 5016 2154 5081 duxisti,
2180 5015 2276 5086 qui
2312 5024 2519 5084 petram
2556 5016 2765 5072 aridam
2798 5031 3115 5089 percussam
3150 5020 3332 5077 fontes
3353 5020 3489 5077 edu~

1536 5320 1772 5378 VARIAE
1808 5318 2218 5378 LECTIONES.

311 5471 361 5505 "
390 5471 486 5525 καὶ
521 5471 761 5540 πρῶτον,
796 5486 848 5522 κ.
890 5487 940 5524 τ.
976 5467 1026 5520 λ.
1061 5466 1531 5549 Ηγηιιιυεηιςὶυιη
1571 5476 1868 5549 puerorum
1911 5462 2004 5549 qui
2049 5462 2320 5549 {65.35,
2366 5461 2457 5549 9Q,
2499 5461 2875 5549 sequitur,nin
2909 5464 3038 5546 cod.
3071 5463 3304 5549 August:
3346 5478 3485 5549 qug-

242 5557 351 5609 que
382 5542 436 5595 l).
471 5543 508 5597 ι.
543 5531 824 5596 inseritur.
878 5541 921 5571 ⁸⁷
953 5540 990 5591 Β
1018 5531 1249 5609 πρῶτος.
1313 5537 1360 5609 fl“
1388 5537 1444 5588 ἐν
1474 5564 1541 5609 -—_—
1572 5531 1788 5609 igppdg._
1828 5531 1953 5587 Des.
1985 5533 2038 5586 in
2216 5531 2260 5564 3’
2289 5532 2611 5609 Δθᾼειίνετός.
2647 5533 2739 5609 _’°
2775 5532 2817 5585 Β
2838 5534 2996 5609 σῶν.
3071 5535 3115 5566 ’ί
3135 5531 3310 5609 ῌέγὼ
3352 5531 3484 5609 ρεδς

254 5602 529 5681 Ἇϐραὰμ,
554 5610 648 5665 καὶ
680 5609 864 5681 Ἰσαακ
891 5609 984 5681 καὶ
1029 5602 1240 5681 Ἰακώβ.
1297 5608 1353 5681 ’θ’
1376 5622 1475 5681 χρ..
1502 5603 1556 5681 In
1592 5602 1885 5681 Bponitur
1917 5610 2040 5681 post
2055 5602 2240 5681 ψήφῳ.
2318 5603 2514 5681 “.qou.
2553 5602 2609 5656 ln
2726 5606 2948 5681 ponitur
2975 5611 3094 5681 post
3134 5602 3290 5681 ἔργα.
3359 5602 3483 5681 ’⁸.

238 5693 291 5735 ct
330 5679 367 5731 li
393 5679 638 5751 ἀληθεῖς.

235 5751 436 5815 δωκας.

737 5680 780 5710 ⁸⁵
816 5680 901 5747 ἐφ’
933 5679 1028 5745 ήμ.
1069 5677 1169 5731 Des
1198 5676 1249 5730 in
1282 5675 1344 5729 Α.
1378 5671 1477 5707 ’”“
1513 5676 1606 5728 ἀπ.
1653 5671 1729 5724 lta
1772 5674 1811 5724 Α
1865 5673 1959 5726 sed
1991 5672 2031 5724 B
2071 5671 2125 5727 li;
2183 5674 2217 5727 l.
2253 5681 2301 5729 ct
2349 5672 2606 5742 deinceps
2636 5671 2986 5741 ἀποστῆναι(
3046 5671 3090 5703 ’τ
3153 5671 3192 5723 Β
3242 5671 3482 5742 παραδέδ
