3898 6208
428 344 583 416 12⁸27

1372 342 1864 407 THEODORETI
1890 340 2227 403 EPI’SCOPI
2260 339 2622 402 CYRENSIS

3495 330 3607 402 1328

424 487 552 526 cere
596 466 837 539 jussisti,
879 464 1097 533 aliaque
1131 462 1315 517 omnia
1347 463 1489 515 bona
1526 459 1728 514 litteris
1766 458 1989 529 prodita

2121 456 2253 510 ὀδῖσι
2305 452 2529 525 πληγῶν
2546 452 2595 487 ⁸⁸
2618 445 3085 511 κατακλύσαντος,
3115 442 3206 500 τοῦ
3239 444 3283 498 τ’
3310 444 3433 501 ἀλλα
3458 447 3605 501 πάντα

426 564 590 619 nobis
616 557 1001 629 suppeditasli.
1040 554 1398 609 Peccavimus
1436 554 1622 622 itaque
1669 550 1996 605 recedentes

427 672 456 710 a
488 668 560 722 te,
601 671 619 704 ι
655 650 724 704 Et
764 648 1098 718 deliquimus
1137 647 1191 700 in
1236 644 1477 700 cunctis.
1530 661 1548 694 ι
1609 641 1801 712 Neque
1848 642 1996 697 enim

428 747 531 799 hoc
590 741 675 796 vel
723 738 857 793 illud
920 735 1262 799 violavimus,
1331 733 1426 788 sed
1478 732 1664 787 omnia
1726 738 1998 800 praecepta

426 826 541 891 tua.

425 1036 572 1085 mus,
615 1032 717 1073 nec
743 1014 1159 1071 observavimus
1181 1026 1267 1077 ea,
1294 1026 1399 1066 nec
1432 1010 1664 1065 fecimus
1691 1008 1839 1063 sicut
1862 1019 2002 1076 pra:-

425 1124 655 1182 ceperas
685 1109 867 1173 nobis,
903 1115 962 1161 ut
988 1106 1127 1159 bene
1151 1103 1317 1157 nobis
1345 1109 1516 1157 esset.
1556 1119 1575 1153 ι
1617 1099 1684 1153 Et
1716 1099 1846 1154 hinc
1873 1112 2000 1152 rur-

428 1221 524 1261 sus
577 1202 802 1275 pietatis
856 1215 921 1253 ac
972 1196 1257 1268 sapientiae
1307 1195 1686 1265 praestantiam
1735 1191 1998 1248 ostendit.

430 1298 633 1367 Legum
680 1293 827 1347 enirn
860 1298 916 1346 et
976 1287 1366 1341 mandatorum
1416 1284 1753 1348 observatio,
1801 1280 2001 1349 inquit,

428 1389 532 1443 tibi
562 1385 791 1458 quidem
834 1381 1137 1454 legislatori
1189 1379 1328 1434 nihil
1357 1376 1658 1448 praebebat,
1695 1374 1861 1430 nobis
1904 1387 2006 1426 au-

432 1491 541 1533 tem
572 1480 844 1532 bonorum
891 1472 1287 1527 abundantiam
1325 1467 1689 1524 conciliabat.
1740 1464 1855 1518 Hae
1898 1463 2006 1534 igi-

434 1585 521 1624 tur
549 1571 617 1623 de
650 1582 839 1632 causa,
866 1574 920 1620 ct
948 1566 1095 1634 leges
1126 1563 1251 1617 illas
1277 1574 1565 1630 posueras,
1596 1567 1651 1612 ut
1679 1556 1840 1612 nobis
1870 1556 2006 1611 sub-

436 1664 777 1717 niinistrarcs
817 1673 1042 1713 causam
1101 1654 1320 1711 salutis.
1350 1652 1579 1720 Quando
1625 1651 1811 1720 itaque
1848 1646 2007 1718 jussa

436 1772 547 1820 tua,
586 1754 791 1826 inquit,
824 1750 1178 1813 violavimus,

505 1817 678 1903 Vsus:
715 1848 803 1902 51.
850 1862 869 1897 ι
905 1843 1100 1899 Omnia
1136 1852 1481 1912 qutccunque
1510 1835 1791 1892 adduxisti
1841 1847 2009 1905 super
2038 1817 2084 1878 Β

437 1957 558 2006 nos,
609 1950 661 1995 et
701 1937 885 1993 omnia
919 1948 1268 2006 quaecunque
1317 1930 1501 1987 fecisti
1552 1928 1738 1992 nobis,
1791 1927 1847 1980 in
1879 1938 2010 1980 vero

433 2032 641 2102 judicio
686 2028 887 2084 fecisti.
930 2044 948 2080 ι
988 2023 1223 2095 Dignqu
1278 2032 1370 2077 est
1420 2021 1569 2076 enim
1617 2024 1846 2088 peccato
1879 2028 2010 2084 sup—

438 2124 682 2195 plicium;
723 2119 869 2190 quod
899 2115 1098 2173 deinde
1130 2113 1437 2170 ostendens
1466 2110 1694 2181 subjicit
1729 2123 1746 2164 :
1930 2112 1933 2113 ⁷

508 2212 677 2270 Vens.
716 2211 806 2266 32.
853 2229 873 2264 ι
914 2209 984 2264 Et
1019 2205 1295 2263 tradidisti
1333 2203 1548 2275 1116
1576 2217 1679 2258 nos
1710 2201 1768 2255 in
1813 2212 2011 2254 manus

438 2309 778 2380 iniquorum,
821 2301 1360 2377 inimicissimorum,
1409 2295 1919 2369 praevaricatorum,
1958 2299 2013 2348 et

436 2402 555 2472 regi
589 2396 797 2471 injuste
834 2404 891 2450 et
926 2391 1169 2465 pessimo
1197 2404 1367 2460 super
1400 2402 1619 2443 omnem
1657 2396 1862 2441 terram
1895 2393 2013 2438 tra-

438 2491 625 2563 didisti
656 2505 781 2548 nos.
824 2505 844 2541 ι
902 2485 1036 2540 Nam
1069 2482 1197 2555 quia
1246 2490 1300 2538 te
1335 2494 1447 2536 non
1472 2479 1768 2544 coluimus,
1807 2478 2011 2548 Regem

437 2594 722 2653 nostrum,
763 2596 956 2640 verum
994 2577 1296 2635 bonitatem
1347 2584 1499 2630 tuam
1546 2573 2008 2643 contempsimus,

436 2678 638 2734 merito
672 2689 773 2731 nos
794 2669 1206 2734 crudelissimo,
1237 2675 1291 2722 et
1328 2665 1714 2731 infestissimo,
1747 2674 1801 2720 ct
1832 2663 2015 2719 omnis

434 2769 580 2841 juris
630 2779 868 2839 prorsus
927 2764 1124 2835 ignaro
1155 2748 1369 2817 servire
1413 2758 1646 2830 coegisti
1704 2756 1869 2828 regi:
1926 2754 2016 2811 cui

440 2861 676 2932 subjecti
712 2856 902 2930 populi
942 2853 1107 2926 regiae
1136 2851 1480 2927 improbitati
1505 2848 1883 2905 consentiunt.
1912 2845 2018 2900 Ve-

438 2960 754 3012 rumtamen
785 2951 844 3005 in
871 2955 950 3004 tot
974 2946 1138 3001 malis
1168 2950 1481 3007 versantes,
1513 2957 1732 2997 omnem
1755 2937 2017 3010 loquendi

440 3049 751 3104 libertatem
786 3042 1097 3105 amisimus,
1128 3047 1185 3095 et
1241 3051 1353 3109 pra:
1401 3035 1612 3108 pudore
1661 3034 1759 3089 tibi
1811 3032 2019 3104 suppli-

442 3155 572 3195 care
634 3137 1048 3210 prohibemur;
1098 3133 1205 3187 hoc
1253 3128 1400 3185 enim
1461 3127 1761 3201 significat,
1818 3129 1835 3149 '
1890 3136 2015 3179 cum

445 3234 521 3288 ait
542 3252 554 3287 :
1447 3290 1455 3295 _

522 3324 682 3381 Vsus.
725 3322 814 3377 '53.
853 3339 870 3373 ι
909 3319 973 3374 Ει
1016 3334 1165 3375 nunc
1204 3333 1314 3374 non
1346 3325 1646 3387 possumus
1677 3307 1894 3378 aperire
1932 3320 2017 3371 os,

445 3416 703 3476 confusio
735 3424 804 3470 .et
847 3413 1203 3485 opprobrium
1246 3410 1377 3464 facti
1430 3421 1624 3462 sumus
1673 3403 1850 3459 servis
1888 3401 2020 3464 tuis,

446 3519 502 3564 et
548 3509 619 3564 i‘s
667 3508 760 3577 qui
805 3506 995 3562 colunt
1030 3512 1103 3560 te.
1156 3522 1173 3554 ι
1201 3499 1482 3565 .Obturat,
1530 3494 1730 3567 inquit,
1770 3492 1930 3547 nobis
1958 3506 2024 3547 os

448 3597 746 3655 multitudo
782 3598 1094 3660 scelerum;
1127 3591 1246 3657 sed,
1283 3587 1538 3661 quamvis
1581 3584 1892 3657 opprobriis
1929 3582 2026 3637 ob-

449 3693 628 3760 noxii,
659 3700 712 3747 et
742 3688 983 3755 ridiculi,
1023 3694 1189 3757 atque
1232 3679 1501 3754 ejusmodi
1533 3676 1660 3734 facti
1708 3691 1923 3741 sumus,
1967 3680 2026 3727 ut

450 3802 552 3842 nos
593 3783 888 3841 admodum
930 3778 1218 3836 derideant
1246 3776 1436 3832 hostes
1466 3790 1480 3827 :
1520 3786 1622 3827 nos
1649 3769 1741 3841 qui
1771 3768 1915 3825 servi
1947 3766 2025 3820 tui

450 3891 739 3943 vocamur,
782 3874 894 3929 .tibi
946 3871 1345 3942 supplicamus,
1382 3873 1441 3920 ut
1490 3873 1713 3936 propter
1750 3861 1885 3916 illud
1924 3860 2025 3914 do-

453 3968 769 4028 minationis
800 3976 906 4020 tuze
930 3978 1152 4029 nomen,
1193 3958 1341 4031 quod
1376 3958 1535 4012 nobis
1558 3964 1644 4011 est
1684 3955 2021 4025 impositum,

452 4061 782 4121 adversariis
821 4055 1082 4113 ostendas
1108 4051 1414 4125 potentiam
1462 4060 1636 4116 tuam,
1663 4058 1717 4103 et
1761 4063 1829 4102 ne
1870 4060 2027 4117 pror-

454 4174 551 4214 sus
579 4170 684 4210 nos
720 4161 815 4207 tua
861 4147 1212 4222 providentia
1241 4143 1540 4201 destituas.

528 4248 695 4303 Vens.
735 4243 823 4299 5i.
859 4261 877 4294 ι
904 4237 1210 4297 Netradas
1231 4236 1403 4301 enim,
1434 4234 1637 4306 inquit,
1672 4248 1776 4288 nos
1811 4230 1867 4286 in
1904 4245 2030 4302 per—

454 4352 676 4415 petuum
717 4346 940 4410 propter
993 4347 1194 4389 nomen
1245 4338 1422 4395 tuum,
1467 4336 1520 4384 et
1563 4342 1633 4383 ne
1667 4325 1905 4394 dissipes
1956 4333 2033 4379 te-

455 4440 788 4493 stamentum
844 4438 1023 4491 tuum,
1075 4438 1258 4494 neque
1315 4421 1539 4476 auferas
1592 4417 2028 4474 misericordiam

2099 550 2430 619 ἀνάγραπτοι
2458 543 2640 613 ἀγαθά
2658 541 3086 614 χορηγήσαντας.
3121 536 3450 609 Ἦμάρτομεν
3467 539 3611 594 τοίνυν

2099 641 2437 703 ἀποστάντες
2459 634 2693 691 ἀπδσοῠ
2712 651 2726 666 ·
2751 652 2769 685 ι
2793 633 2905 687 Καὶ
2936 629 3308 701 ἐξημάρτομεν
3333 630 3387 681 ἐν
3415 630 3570 685 πᾶσιν.
3593 651 3608 682 ι

2082 732 2179 803 ,Οὐ
2207 731 2315 803 γάρ
2340 731 2482 794 τόδε,
2510 727 2543 800 ἢ
2575 727 2692 781 τόδε
2721 724 3066 797 παρέϐημεν,
3098 720 3231 775 ἀλλά
3270 722 3433 774 πάντα
3457 736 3535 774 σου
3559 722 3611 775 τὸ

2070 855 2079 917 ὲ
2099 825 2514 895 προστάγματα.

495 926 662 982 Vsus.
713 923 801 980 '50.
851 942 868 975 ι
918 921 984 975 Et
1034 919 1291 975 mandata
1318 918 1456 989 legis
1491 926 1600 972 tua:
1640 932 1749 971 non
1783 913 2002 970 audivi-
2070 913 2078 941 ί

2172 917 2236 973 λ’.
2275 934 2293 968 ι
2332 915 2443 970 Καὶ
2470 913 2579 968 τῶν
2602 910 2831 966 ἐντολῶν
2856 910 2950 964 τοῦ
2984 910 3149 980 νόμου
3176 910 3221 942 θ’
3253 925 3340 961 σου
3367 908 3456 961 οὐκ
3483 909 3613 979 ἠκού-

2103 1024 2275 1079 σαμεν
2293 1047 2309 1072 ,
2334 1006 2458 1060 οὐδὲ
2509 1004 2854 1075 ἐφυλάξαμεν
2883 1002 3051 1064 αὑτὰς
3073 1002 3114 1065 ί,
3145 1000 3263 1053 οὐδὲ
3307 1001 3617 1070 ἐποιήσαμεν,

2101 1097 2285 1162 καθὼς
2316 1097 2568 1151 ἐνετείλω
2620 1098 2774 1167 ἡμῖν,
2811 1094 2900 1148 ἵνα
2933 1090 2992 1147 εὖ
3033 1094 3167 1163 ἡμῖν
3203 1096 3434 1160 γένηται.
3460 1109 3477 1140 ι
3508 1092 3623 1145 Κάν-

2100 1190 2274 1247 ταῦθα
2304 1190 2464 1245 πάλιν
2496 1188 2595 1260 τὴν
2620 1188 2718 1258 τῆς
2741 1184 3024 1247 εὐσεϐείας
3062 1182 3194 1237 καὶ³
3221 1180 3402 1251 σοφίας
3431 1179 3627 1246 ἔδειξεν³

2103 1283 2433 1356 ὑπερϐολήν.
2467 1281 2531 1335 Ἢ
2563 1281 2670 1350 γάρ
2701 1279 2811 1332 τῶν
2840 1278 3045 1347 νόμων,
3083 1275 3237 1345 φησὶ,
3278 1274 3364 1325 καὶ
3385 1270 3484 1324 τῶν
3505 1273 3626 1325 ἐντο-

2105 1377 2213 1430 λῶν
2243 1373 2481 1446 φυλακὴ,
2519 1372 2603 1426 col.
2635 1371 2734 1443 μὲν
2775 1369 2855 1440 τῷ
2901 1367 3165 1438 νομοθέτῃ
3221 1366 3462 1433 παρεῖχεν
3485 1363 3627 1426 οὐδὲν,

2105 1470 2239 1542 ἡμῖν
2267 1469 2323 1523 δέ
2365 1465 2587 1536 ἀγαθῶν
2641 1461 2909 1533 ἀφθονίαν
2937 1459 3219 1530 προεξένει
3239 1473 3252 1486 ο
3283 1456 3460 1509 τούτου
3484 1454 3628 1508 τοίνυν

2106 1563 2267 1634 χάριν
2294 1560 2392 1614 καὶ
2420 1560 2557 1623 τοὺς.
2583 1558 2783 1628 νόμους
2811 1553 3110 1614 ἐτεθείκεις
3144 1549 3397 1611 ἐκείνους,
3420 1545 3630 1619 ἀφορμὰς

2107 1658 2240 1728 ἡμῖν
2265 1651 2519 1726 χορηγῶν
2547 1648 2839 1721 σωτηρίας.
2873 1644 3094 1715 Ἐπειδὴ
3121 1643 3321 1707 τοίνυν,
3353 1639 3495 1709 φησι,
3520 1654 3629 1708 παρ-

2108 1748 2206 1818 έϐη
2215 1764 2337 1819 μεν,
3146 1786 3153 1792 .

2183 1842 2285 1895 λα’.
2319 1857 2336 1890 ι
2383 1838 2566 1893 Πάντα
2606 1835 2706 1888 ὅσα
2734 1833 2869 1904 ἡμῖν
2910 1831 3214 1902 ἐπήγαγες,
3237 1828 3331 1883 καὶ
3372 1832 3529 1884 πάντα
3554 1831 3632 1884 ὅσα

2112 1933 2375 2003 ἐποίησας
2399 1930 2552 2001 ἡμῖν,
2592 1929 2649 1980 ἐν
2674 1923 2901 1997 ἀληθινῇ
2949 1906 3133 1995 κρίσει
3174 1922 3443 1992 ἐποίησας.
3464 1942 3482 1974 ι
3514 1921 3635 1988 ’Δξία

2112 2025 2222 2094 γὰρ
2248 2023 2348 2094 τῆς
2400 2018 2675 2091 ἁμαρτίας
2718 2016 2753 2086 ἡ
2779 2013 3045 2089 τιμωρία.
3079 2008 3212 2066 Εἶτα
3249 2012 3441 2083 ταύτην
3464 2012 3635 2073 δεικνὺς

2112 2119 2309 2187 ἐπάγει
2330 2132 2344 2148 ο
2807 2105 2810 2107 λ

2181 2209 2283 2280 λβ¹.
2325 2226 2343 2260 ι
2377 2206 2489 2262 Καὶ
2514 2203 2836 2275 παρέδωκας
2878 2200 3027 2272 ἡμᾶς
3068 2199 3152 2264 είς
3177 2202 3360 2271 χεῖρας
3404 2197 3637 2269 ἀνόμωνδ,
3673 2256 3676 2260 Α

2113 2303 2395 2374 ἐχθίστων,
2431 2295 2778 2362 ἀποστατῶν,
2807 2294 2903 2349 καὶ
2939 2293 3157 2365 βασιλεῖ
3193 2293 3358 2362 ἀδίκῳ
3398 2291 3481 2345 καὶ
3505 2306 3638 2360 πονη-

2119 2395 2328 2468 ροτάτῳ
2380 2390 2533 2462 παρὰ
2562 2390 2744 2443 πᾶσαν
2772 2387 2875 2458 τὴν
2916 2385 3023 2455 γῆν
3047 2384 3374 2455 παρέδωκας
3411 2384 3540 2454 ἡμᾶς
3555 2380 3591 2435 ⁸.
3620 2398 3636 2431 ι

2127 2487 2345 2558 Ἐπειδὴ
2379 2486 2488 2557 γάρ
2534 2501 2592 2538 σε
2644 2483 2736 2535 τὸν
2768 2479 3039 2552 ἡμέτερον
3090 2479 3193 2531 οὐκ
3250 2475 3641 2549 ἐθεραπεύσαμεν

2118 2578 2512 2655 βασιλέα,ἀλλά
2544 2576 2644 2646 τῆς
2673 2574 2773 2644 σῆς
2800 2571 3291 2642 κατεφρονήσαμεν
3339 2564 3639 2636 ἀγαθότητος.

2116 2676 2341 2738 εἰκότως
2388 2672 2535 2743 ἡμᾶς
2589 2665 2880 2738 ὠμοτάτῳ,
2912 2664 3007 2717 καὶ
3052 2660 3431 2733 ἀπηνεστάτῳ,
3468 2658 3550 2712 καὶ
3570 2657 3641 2709 οὐν

2117 2767 2305 2839 δαμῶς
2334 2763 2497 2818 εἰδότι
2535 2761 2597 2815 τὸ
2625 2760 2836 2814 δίκαιον
2856 2748 3148 2810 ’δουλεύειν
3184 2753 3488 2824 ἠνάγκασας
3524 2753 3541 2784 ⁶
3570 2749 3640 2820 βαι

2121 2861 2275 2921 σιλεί,
2309 2857 2485 2929 ἔχοντι
2516 2853 2608 2907 καὶ
2634 2851 2761 2914 τοὺς
2788 2849 3063 2920 ὑπηκόους
3082 2850 3152 2917 τῇ
3182 2846 3425 2917 βασιλικῇ
3454 2841 3645 2913 πονηρίᾳ

2119 2948 2537 3022 συμϐαίνοντας.
2583 2942 2728 2997 Ἀλλ’
2779 2943 2929 3012 ὅμως
2975 2939 3069 2993 καὶ
3118 2940 3191 2992 ἐν
3223 2936 3485 2999 τοσούτοις
3524 2935 3646 2996 6m;

2120 3044 2312 3106 κακοῖς
2346 3041 2528 3112 πάσης
2562 3034 2909 3109 ἐστερήμεθα
2957 3031 3310 3104 παρρησίας,
3341 3029 3429 3083 καὶ
3462 3031 3651 3102 προσφί·

2127 3154 2243 3209 ρειν
2276 3152 2357 3188 σοι
2387 3133 2570 3204 δέησιν
2605 3129 2710 3183 ὑπὸ
2749 3128 2846 3199 τῆς
2872 3125 3139 3197 αίσχῡνης
3174 3122 3508 3196 κωλυόμεθαο
3529 3123 3651 3177 τοῦτο

2124 3228 2232 3301 γὰρ
2255 3227 2511 3298 σημαίνει
2540 3222 2714 3291 λέγων
2732 3237 2747 3253 ⁸

2194 3319 2296 3386 λγ¹.
2334 3337 2351 3368 ι
2382 3315 2493 3370 Καὶ
2533 3312 2628 3367 νῦν
2661 3312 2764 3366 οὐκ
2804 3310 2950 3363 ἔστιν
2983 3309 3118 3382 ἡμῖν
3159 3309 3364 3375 ἀνοῖξαι
3402 3307 3457 3363 τὸ
3496 3304 3649 3375 στόμα,

2123 3409 2352 3481 αἰσχύνη
2379 3408 2472 3461 καὶ
2497 3404 2701 3468 ὄνειδος
2731 3400 3075 3478 ἐγενήθημεν
3112 3407 3227 3469 τοῖς
3248 3402 3445 3465 δούλοις
3465 3416 3563 3465 σου,
3581 3395 3652 3449 καὶ

2123 3505 2234 3567 τοῖς
2264 3499 2576 3571 σεϐομένοις
2610 3515 2691 3551 σε.
2735 3514 2754 3548 ι
2804 3495 3181 3571 Ἐμφράττει,
3220 3499 3380 3569 φησὶν
3405 3539 3419 3563 ,
3443 3494 3578 3567 ἡμῶν
3607 3491 3652 3545 τδ

2128 3598 2303 3665 στόμα
2323 3593 2422 3663 τῆς
2446 3590 2795 3664 παρανομίας
2815 3593 2877 3644 τὺ
2903 3590 3104 3662 πλῆθος
3126 3608 3141 3624 ο
3166 3589 3294 3645 ’ἀλλ’
3321 3589 3460 3659 ὅμως
3488 3583 3653 3639 ἐπονείε

2124 3687 2313 3748 διστοι,
2351 3685 2443 3739 καὶ
2501 3684 2924 3753 καταγέλαστοι,
2954 3684 3048 3738 καὶ
3097 3682 3224 3737 λίαν
3262 3681 3524 3752 ἐπίχαρτοι
3569 3676 3654 3738 τοῖς

2127 3778 2407 3849 πολεμίοις
2462 3779 2748 3849 γενόμενοι
2796 3778 2959 3848 ἡμεῖς
2985 3814 3002 3840 ,
3038 3777 3086 3829 οἱ
3141 3773 3322 3828 δοῦλοί
3380 3789 3466 3826 σου
3524 3783 3654 3839 προσ-

2127 3869 2546 3942 αγορευόμενοι,
2594 3870 2913 3939 ἱκετεύομεν
2961 3884 3056 3932 σε,
3109 3866 3203 3920 διὰ
3254 3864 3314 3918 τὸ
3362 3860 3655 3932 ἐπικείμενον

2129 3966 2259 4034 ἡμῖν
2281 3963 2377 4034 τῆς
2410 3963 2508 4033 σῆς
2540 3960 2863 4023 δεσποτείας
2890 3960 3062 4029 ὄνομα
3098 3957 3274 4024 δεῖξαι
3299 3959 3409 4016 τοῖς
3443 3952 3653 4013 ἐναντίοις

2128 4056 2226 4127 τὴν
2249 4054 2346 4128 σὴν
2383 4056 2555 4126 ἰσχὺν,
2574 4054 2670 4108 καὶ
2701 4054 2778 4124 μὴ
2813 4051 3096 4115 παντελῶς
3125 4052 3278 4123 ἡμᾶς
3318 4048 3414 4121 τῆς
3443 4047 3530 4120 σῆς
3554 4059 3655 4116 προ·

2133 4148 2362 4221 μηθείας
2403 4144 2764 4218 ἀλλοτριῶσαι
2776 4148 2818 4200 ⁷.
3257 4209 3260 4211 Α

2145 4313 2151 4320 ν
2199 4239 2293 4295 λδν.
2335 4257 2353 4291 ι
2388 4239 2479 4310 Μὴ
2531 4234 2791 4309 παραδῴς
2845 4236 2954 4306 γὰρ
2988 4236 3134 4306 ἡμᾶς
3153 4234 3197 4297 ⁸.
3220 4234 3407 4307 φησιν,
3432 4232 3503 4295 εἰς
3538 4227 3654 4287 τέλος

2130 4331 2217 4387 διὰ
2245 4332 2305 4385 τὸ
2345 4331 2519 4401 ὄνομά
2566 4346 2684 4393 σου,
2718 4330 2816 4382 καὶ
2859 4329 2960 4400 τὴν
2987 4332 3007 4362 ⁹
3048 4328 3319 4400 διαθήκην
3340 4344 3431 4381 σου
3464 4323 3531 4396 μὴ
3552 4322 3654 4374 duo.

2135 4427 2337 4497 στήσῃς
2363 4466 2377 4490 ,
2412 4423 2508 4477 καὶ
2557 4422 2633 4494 μὴ
2684 4421 3046 4493 διασκεδάσῃς
3082 4421 3125 4453 ¹⁰
3164 4420 3229 4474 τὸ
3275 4419 3417 4482 ἔλεός
3469 4433 3548 4470 σου
3585 4410 3653 4479 ἀφ’

457 4539 605 4582 tuam
633 4541 662 4593 a
696 4521 878 4577 nobis.
914 4538 936 4570 ι
972 4516 1259 4573 Audemus
1287 4520 1492 4574 autem,
1534 4511 1740 4581 inquit,
1788 4508 1903 4564 haec
1946 4509 2017 4563 di-

2134 4514 2312 4585 ἡμῶν.
2348 4533 2366 4565 ι
2406 4511 2710 4584 Τολμῶμεν
2742 4511 2800 4565 δέ
2825 4511 2891 4577 υ,
2931 4511 3085 4581 φησὶ,
3106 4510 3282 4565 ταῦτα
3309 4509 3494 4579 λέγειν,
3524 4500 3656 4558 πολλὰ

456 4633 604 4680 cere,
635 4629 759 4671 cum
789 4610 957 4665 inulta
986 4616 1092 4662 tuae
1113 4604 1386 4661 bonitatis
1419 4603 1651 4674 pignora
1686 4600 1987 4657 habeamus
2012 4618 2028 4652 :

456 4710 697 4780 primum
736 4704 920 4773 ipsum
976 4710 1129 4755 tuum
1187 4710 1413 4759 nomen,
1468 4709 1579 4764 quo
1640 4701 1693 4747 te
1737 4691 2030 4747 Dominum

456 4811 762 4855 vocamus:
793 4791 994 4848 deinde
1040 4790 1368 4845 immensam
1422 4784 1884 4850 misericordiam,
1920 4800 2031 4854 qua

416 4882 421 4887 ’
457 4896 719 4948 universa
756 4884 1064 4942 moderaris
1102 4902 1114 4939 :
1144 4883 1371 4950 insuper
1408 4889 1566 4950 pacta
1597 4878 1712 4942 illa,
1745 4894 1867 4948 qua:
1907 4894 2031 4935 cum

461 4985 711 5056 patribus
755 4981 959 5038 nostris
1002 4977 1199 5039 iniisti,
1235 4974 1440 5045 quibus
1494 4973 1705 5043 1117
1754 4973 2033 5042 pollicitus

460 5095 521 5135 es
558 5086 612 5134 te.
645 5077 863 5131 illurum
897 5087 1070 5143 genus
1098 5069 1315 5124 illustre
1343 5074 1399 5122 et
1425 5066 1728 5138 gloriosum
1757 5064 2031 5119 facturum

2133 4605 2369 4676 ἐνέχυρα
2402 4605 2501 4674 τῆς
2547 4602 2646 4673 σῆς
2686 4601 3024 4672 ἀγαθότητος
3071 4601 3318 4673 ἔχοντες⁸
3352 4598 3548 4671 πρῶτον
3582 4590 3667 4664 ph"

2136 4698 2269 4752 αὐτὸ
2304 4697 2404 4767 τῆς
2436 4700 2535 4767 σῆς
2571 4694 2899 4759 Δεσποτείας
2928 4694 2991 4748 τὸ
3014 4694 3214 4765 ὄνομα*
3249 4693 3431 4747 ἔπειτα
3455 4691 3534 4744 τὸν
3552 4684 3655 4757 ἀμέ-

2133 4806 2332 4861 τρητον
2364 4788 2534 4853 ἔλεον,
2576 4779 2621 4855 ᾧ
2652 4787 2991 4859 κεχρημένος
3037 4785 3238 4850 ἰθύνεις
3285 4784 3352 4839 τὰ
3384 4782 3651 4852 σύμπαντα·

2137 4881 2273 4953 πρὸς
2301 4879 2537 4946 τούτοις,
2581 4879 2682 4942 τὰς
2739 4880 2877 4950 πρὸς
2915 4879 3042 4942 τοὺς
3094 4877 3340 4948 πατέρας
3378 4874 3523 4946 ήμῶν
3562 4885 3657 4924 συν-

2139 4973 2313 5043 θήκας
2338 4988 2351 5003 ⁸
2392 4969 2631 5040 ὑπέσχου
2667 4968 2775 5039 γὰρ
2827 4968 3059 5031 ἐκείνοις
3115 4963 3467 5037 περίϐλεπτόν
3496 4977 3548 5015 τε
3586 4955 3656 5013 καὶ

2137 5058 2345 5126 ἔνδοξον
2376 5060 2436 5113 τὸ
2465 5059 2688 5113 ἐκείνων
2711 5058 2866 5128 γένος
2886 5059 3154 5128 ποιήσειν.
3176 5052 3311 5111 Εἶτα
3335 5055 3425 5109 καὶ
3449 5053 3543 5106 τῶν
3564 5051 3653 5103 ὀνο·

459 5185 605 5227 esse.
639 5166 778 5222 Tum
812 5165 975 5220 etiam
1011 5167 1229 5232 patrum
1274 5156 1495 5212 nomina
1531 5161 1949 5220 commemorat,
1977 5171 2009 5209 ιι

2143 5155 2327 5225 μάτων
2372 5152 2480 5207 τῶν
2525 5153 2778 5224 πατέρων
2810 5153 3104 5222 μέμνηται,
3134 5154 3202 5222 τῇ
3232 5149 3422 5221 μνήμῃ
3468 5143 3560 5197 τῶν
3594 5139 3656 5192 δι·

462 5259 725 5316 memoria
761 5256 1046 5326 iustorum
1080 5251 1283 5306 bonum
1327 5246 1619 5302 Dominum
1653 5255 1918 5316 provocet
1965 5248 2031 5304 ad

464 5347 923 5407 misericordiam.
1734 5340 1737 5345 '

2141 5245 2312 5299 καίων
2364 5241 2454 5296 τὸν
2504 5242 2706 5311 ἀγαθὸν
2758 5243 3037 5314 Δεσπότην
3074 5243 3151 5307 είς
3191 5240 3338 5295 ἔλεον
3374 5230 3656 5300 ἐκκαλούμε·

2142 5354 2251 5399 νος.

1746 5444 2423 5537 ὛΑΒΙΕἙΕΟΤΙΟΝΕῈ.

533 5587 580 5621 ⁸⁸
626 5583 719 5640 πλ.
758 5583 839 5636 Ita
880 5596 1003 5636 cum
1069 5578 1112 5633 Β
1166 5578 1415 5647 legimus.
1453 5575 1621 5631 Sirm.

1800 5574 1866 5608 ff“.
1974 5575 2021 5608 99

533 5587 580 5621 ⁸⁸
626 5583 719 5640 πλ.
758 5583 839 5636 Ita
880 5596 1003 5636 cum
1069 5578 1112 5633 Β
1166 5578 1415 5647 legimus.
1453 5575 1621 5631 Sirm.
1672 5574 1887 5643 πηγῶν.
1974 5575 2017 5609 ⁸⁸

467 5659 488 5692 ⁸
516 5657 632 5709 ιὸσ.
673 5653 789 5708 καί.
843 5650 967 5707 Des.
1003 5652 1057 5705 in
1091 5650 1148 5703 ll.
1230 5647 1252 5680 ³
1280 5646 1322 5701 Β
1348 5646 1575 5713 ἐδειξαν.
1665 5645 1688 5677 ’⁵
1721 5648 1806 5699 ὰν.
1838 5645 1883 5698 Δ
1921 5660 2017 5714 pra

2151 5574 2273 5643 νόμ.
2318 5574 2445 5627 Des.
2489 5574 2542 5624 in
2573 5574 2633 5626 Β.
2710 5574 2726 5601 ¹
2767 5574 2855 5638 ἐφ.
2884 5574 3146 5625 αὐτ.Ᾱει
3176 5574 3219 5622 Β

2155 5642 2387 5713 ἐχθρῶν.
2440 5643 2552 5714 Ἀπ.
2594 5643 2692 5714 ήμ.
2736 5640 2857 5695 Dos.
2902 5641 2960 5714 Vin
3009 5637 3227 5714 A_et_B.

2259 5610 2273 5625 .
2318 5571 2445 5627 Des.
2489 5571 2542 5624 in
2573 5570 2633 5626 Β.
2710 5570 2726 5601 ¹
2767 5571 2855 5638 ἐφ.
2884 5573 3004 5624 αὐτ.
3028 5569 3072 5623 Α
3095 5579 3146 5625 et
3174 5566 3219 5622 Β
3249 5558 3654 5632 συνετηρήσαμεν.

2262 5642 2386 5685 ...τη
2440 5643 2461 5674 ι
2493 5660 2551 5685 π-
2594 5643 2692 5685 ἡ..-
2736 5640 2856 5685 ιιρς-
2906 5641 2960 5685 in
3013 5641 3050 5685 Α
3084 5649 3137 5685 et
3167 5637 3227 5685 ιι.
3324 5634 3441 5685 is».
3474 5600 3512 5680 ἡ
3543 5636 3657 5685 παρ-

3361 5649 3512 5701 ηνηο
3543 5649 3576 5676 π

468 5690 804 5787 tamng
836 5690 1579 5791 εξῒτξοῑίλοέ·ρ.ώσῇςῖ·ἰ’ῖῇεξῑ
1619 5714 1677 5768 ι..
1722 5690 2114 5791 sending;
2136 5690 2856 5791 gggtvg'";a;.‘:*saa;
2884 5690 3186 5781 rerum,
3229 5690 3557 5770 διασκιδάσῃς

469 5793 611 5848 διοθ.
646 5809 759 5846 σου.
859 5794 899 5825 ¹⁰
923 5786 1300 5860 διασκεδᾶσῃςξ
1320 5790 1363 5844 Α
1395 5796 1447 5843 ct
1467 5786 1505 5839 Β
1536 5786 1870 5855 ἀποστήσῃς.

1957 5780 2098 5837 ηδέ.
2140 5780 2261 5840 [ηε.
2302 5783 2353 5835 ἱιι
2396 5780 2454 5835 Β.
