3898 6208
236 339 369 405 1329

1452 344 1533 404 IN
1559 313 1921 404 DANIELIS.
1947 347 2107 408 me.
2137 351 2252 409 III.

3359 349 3499 413 i350

298 450 395 513 λε’,
419 446 534 513 λς’.
570 465 589 499 ι
609 448 709 503 Διά
725 448 998 521 ’Δόραὰμ,
1030 452 1188 521 φησι,
1219 451 1309 504 τὸν
1329 450 1682 522 ἠγαπημένον
1709 449 1813 502 ὑπὸ

1996 451 2163 509 Vens.
2202 454 2307 519 35,
2350 455 2438 510 36.
2496 474 2515 505 ι
2565 452 2800 523 Propter
2849 453 3245 517 Abrahamum,
3296 458 3493 524 inquit.

232 540 351 603 σοῦ,
377 541 472 594 καὶ
520 539 611 594 διὰ
651 540 841 595 Ἰσαὰκ
864 541 956 595 τὸν
978 541 1164 596 δοῦλόν
1193 559 1310 609 σου,
1348 543 1444 599 καὶ
1477 541 1695 613 Ἰσραὴλ
1724 542 1815 595 τὸν

230 632 384 699 ἅγιόν
417 647 541 697 σου,
569 628 651 696 οἷς
685 631 955 703 ὲλάλησας
992 634 1231 697 αὑτοῖςίί
1258 632 1461 703 λέγων·
1492 633 1816 704 Πληθυνῶ¹³

227 723 288 776 τὲ
331 722 556 794 σπέρμα
615 723 838 794 ὑμῶνίδ
882 723 1019 778 ὡσεὶ
1053 723 1139 778 τὰ-
1171 725 1348 797 ἄστρα
1396 724 1492 779 τοῦ
1542 722 1773 795 οὐρανοῦ
1799 762 1815 786 ,

230 815 325 868 καὶ
347 814 424 878 ὡς
444 816 543 886 τὴν
566 815 750 886 ἅμμον
776 817 877 886 τὴν
896 816 1047 887 παρά
1066 816 1126 870 τὸ
1147 818 1320 887 χεῖλος
1349 819 1449 887 τῆς
1477 816 1811 886 θαλάσσης.»

230 905 440 969 Ταῦτα,
470 908 652 977 φησὶν,
681 907 914 971 ἐκείνοις
946 908 1210 978 ὑπέσχου,
1243 909 1511 975 Δέσποτα,
1549 907 1644 972 οὒς
1674 909 1818 978 ἰγγά-

231 997 418 1063 πησάς
458 1013 519 1050 τε
554 998 646 1050 καὶ
685 997 963 1069 ἀοιδίμους
992 999 1279 1069 ἐποίησας,
1310 998 1452 1053 ὥστε
1481 1002 1547 1071 τῇ
1601 998 1817 1071 ψάμμῳ

234 1089 337 1158 μὲν
365 1087 509 1143 κατά
542 1089 634 1142 τὸν
659 1088 892 1159 ἀριθμὸν
923 1091 1373 1161 παραὸἁλλεσθαι
1412 1092 1472 1145 τὸ
1501 1093 1678 1161 γένος,
1702 1093 1815 1156 τοῖς

229 1182 292 1236 δὲ
341 1181 644 1254 emaci”
685 1182 1083 1254 παραπλησίως
1133 1178 1272 1237 εῖναι
1315 1183 1570 1255 λαμπρόν
1624 1199 1683 1237 τε
1720 1181 1817 1237 καὶ

234 1272 464 1343 ὑψηλὸν,
504 1273 599 1327 καὶ
644 1273 965 1345 περιφανές.
1005 1270 1139 1328 Εἶτα
1189 1276 1254 1329 ὲκ
1305 1274 1653 1348 παραλλήλου
1697 1276 1818 1339 ταῖς

232 1365 591 1435 ἐπαγγελίαις
629 1366 697 1419 τὰ
716 1366 1032 1438 ’πράγματα
1064 1366 1355 1437 τίθησινίί.

301 1457 404 1521 λζ’.
443 1478 462 1509 (
487 1458 637 1525 Ὅτι,
672 1461 940 1522 Δέσποτα,
973 1458 1138 1527 φησιν
1174 1457 1622 1529 ὲσμικρύνθημεν
1666 1456 1818 1528 ποιρά

236 1548 418 1602 πάντα
447 1548 517 1600 τὰ
549 1548 700 1618 ἔθνη,
740 1549 833 1601 καί
866 1550 1035 1617 ἐσμεν
1060 1548 1308 1602 ταπεινοὶ
1348 1549 1405 1602 ὲν
1447 1548 1599 1620 πάσῃ
1636 1549 1704 1617 τῇ
1745 1549 1817 1618 γῇ

237 1643 565 1713 σήμερον¹⁷.
599 1661 618 1695 ι
658 1643 768 1697 Καὶ
800 1643 888 1696 ῖνα
920 1643 996 1713 μὴ
1047 1641 1261 1713 ψευδῶς
1300 1642 1661 1714 κατηγορήσῃ
1707 1640 1817 1695 τῶν

236 1733 603 1804 ὑποσχέσεων,
632 1733 793 1797 εὐθὺς
818 1733 915 1804 τὴν
943 1734 1125 1787 αἰτίαν
1150 1734 1418 1804 ἐπήγαγε,
1447 1732 1648 1795 λέγων’
1683 1750 1701 1783 ι
1719 1730 1820 1784 Διά

1915 546 2176 601 dilectum
2211 554 2347 613 ate,
2390 555 2446 602 et
2497 555 2721 617 propter
2752 544 3001 600 lsaactrm
3057 560 3277 599 servum
3318 552 3495 607 tuum,

1915 646 1969 691 et
2000 636 2259 691 lsraelem
2298 645 2558 693 sanctum
2600 645 2779 701 tuum,
2828 636 3035 707 quibus
3069 636 3290 691 locutus
3315 652 3374 690 cs
3412 635 3498 690 di-

1916 744 2047 784 cens
2081 747 2096 784 :
2130 728 2507 799 Multiplicabo
2563 746 2751 786 semen
2800 739 3044 785 vestrum
3109 729 3259 784 sicut
3309 728 3499 782 stellas

1914 821 2082 885 cteli,
2114 829 2170 878 et
2217 822 2365 878 sicut
2409 838 2635 878 arenam
2678 823 2837 893 juxta
2869 837 3022 877 oram
3071 823 3255 876 maris.
3297 840 3317 873 ι
3350 819 3497 880 llaec.

1918 913 2120 983 inquit,
2176 914 2287 969 illis
2335 915 2616 987 pollicitus
2652 931 2734 983 es,
2777 914 3040 981 Domine,
3078 930 3218 985 quos
3259 915 3496 979 amasti,
3575 914 3579 917 “

1914 1014 1970 1060 et
2008 1006 2255 1062 celebres
2290 1007 2492 1076 l'ccisti,
2535 1015 2597 1062 ut
2663 1022 2864 1075 arenae,
2901 1008 3051 1078 quod
3088 1006 3152 1061 ad
3204 1021 3495 1061 numerum
3596 1064 3599 1067 _

1915 1096 2137 1163 attinet,
2179 1112 2373 1152 eorum
2416 1112 2590 1168 genus
2635 1105 3075 1168 compararetur,
3111 1097 3288 1153 instar
3318 1097 3497 1151 stella-

1918 1203 2041 1242 rum
2082 1203 2211 1244 vero
2241 1188 2619 1260 splendidum,
2671 1190 2951 1245 excelsum
2983 1197 3038 1244 ct
3070 1189 3293 1245 illustre
3331 1199 3493 1245 esset.

1920 1277 2129 1336 Deinde
2156 1296 2244 1337 res
2277 1295 2403 1337 eum
2440 1282 2945 1352 pollicitationibus
2978 1280 3217 1338 confert".

1990 1457 2157 1515 Vens.
2177 1460 2260 1515 37.
2290 1479 2308 1511 ι
2331 1460 2495 1526 Quia,
2516 1459 2765 1526 Domine,
2785 1460 2984 1531 inquit,
3008 1457 3287 1513 imminuti
3307 1471 3496 1513 smnus

1920 1551 2064 1605 ultra
2093 1566 2287 1608 omnes
2309 1561 2521 1624 gentes,
2558 1568 2863 1623 sumusquc
2891 1552 3128 1607 humiles
3158 1551 3213 1605 in
3239 1549 3495 1604 universa

1919 1651 2069 1698 terra
2102 1643 2283 1699 hodie.
2307 1663 2331 1695 ι
2363 1643 2430 1698 Ει
2454 1661 2522 1700 ne
2539 1645 2975 1716 pollicitationes
3000 1642 3270 1698 mendacii
3301 1655 3499 1710 argue-

1918 1744 2022 1802 ret,
2082 1738 2266 1791 statim
2301 1736 2506 1808 adjecit
2534 1751 2782 1804 cansam,
2808 1735 3022 1801 dicens,
3062 1753 3088 1785 (-
3112 1734 3345 1802 Propter
3375 1746 3500 1801 pec-

235 1824 333 1888 τάς
362 1825 648 1895 ἁμαρτίας
669 1824 850 1897 ήμῶν.
876 1843 896 1877 ι
927 1825 1004 1878 Ού
1035 1825 1146 1895 γὰρ
1183 1826 1270 1891 σὺ,
1296 1824 1512 1895 φησὶ,¹⁸
1550 1824 1815 1884 Δέσποτα,

1933 1838 2046 1885 :ata
2077 1839 2286 1884 nostra.
2316 1848 2336 1883 ι
2370 1828 2491 1884 Non
2521 1830 2669 1886 enim
2700 1837 2781 1893 tu,
2812 1830 3017 1898 inquit,
3058 1827 3305 1889 Domine,
3344 1840 3497 1879 men-

234 1916 335 1980 τὰς
387 1916 708 1988 ὑποσχέσεις
758 1916 996 1986 ἱψεύσω,
1032 1916 1145 1970 ἀλλ’
1189 1918 1350 1988 ἡμεῖς
1395 1916 1496 1980 τὰς
1544 1915 1821 1986 συνθήκας

236 2008 580 2079 παρέσημεν,
622 2008 717 2062 καὶ
765 2008 951 2062 πολλοὶ
991 2008 1143 2072 ὄντες
1181 2008 1322 2062 κατά
1358 2008 1459 2079 τὴν
1503 2008 1817 2077 ὑπόσχεσιν,

237 2102 332 2156 καὶ
363 2100 599 2173 ἀριθμοῦ
634 2101 918 2173 κρείττους
936 2143 951 2168 ,
980 2100 1067 2155 διά
1096 2100 1193 2165 τὰς
1222 2100 1499 2172 ἁμαρτίας
1526 2099 1683 2170 ἡμῶν
1709 2098 1821 2152 ὀλι-

236 2192 518 2264 γὼθημεν.
550 2192 724 2247 Τοῦτο
741 2194 848 2265 γὰρ
888 2192 1109 2264 ᾐνίξατο
1136 2190 1374 2264 εἰρηκώς
1398 2209 1410 2222 ·
1443 2210 1461 2242 ι
1501 2189 1824 2260 Ἐσμικρύνο

244 2284 500 2355 θημενη.
542 2303 561 2337 ι
595 2284 673 2341 Ού
693 2285 738 2317 ²⁰
761 2285 867 2356 γάρ
890 2281 1033 2353 εἷπε,
1060 2283 1287 2356 Σμικροί
1313 2286 1502 2354 ἐσμεν,
1527 2282 1624 2337 καὶ
1650 2281 1821 2350 όλίγοι

240 2375 394 2448 παρὰ
407 2377 585 2431 πάντα
598 2377 666 2430 τά
683 2376 831 2447 ἔθνη,
845 2377 981 2441 ἀλλ’,
1002 2397 1019 2429 ι
1044 2375 1598 2447 Ἐσμικρύνθημενυ,
1629 2393 1647 2426 ι
1675 2390 1826 2428 τουτ-

241 2467 418 2531 έστιν,
453 2466 787 2537 Ἑγενόμεθα
834 2467 933 2538 μὲν
968 2466 1203 2538 ἀριθμοῦ
1238 2466 1522 2538 κρείττους
1554 2467 1696 2519 κατὰ
1724 2464 1824 2537 τὴν

242 2559 405 2628 σὴν²³
457 2557 773 2630 ὑπόσχεσιν,
825 2558 1170 2628 παραϐάντες
1214 2558 1273 2611 δέ
1306 2576 1399 2612 σου
1452 2559 1551 2620 τάς
1604 2556 1825 2621 ἐντολὰς

239 2645 413 2715 ὀλίγοι
451 2646 572 2701 ἀντὶ
611 2646 820 2700 πολλῶν
860 2647 1178 2718 ἐγενόμεθα.
1214 2644 1345 2701 Εἶτα
1370 2647 1714 2702 ὑποδείκνυσι
1748 2647 1826 2719 τῷ

240 2735 363 2807 Θεῷ
397 2737 496 2807 τὴν
545 2737 880 2808 κατέχουσαν
929 2740 1237 2811 συμφορὰν,
1274 2739 1372 2811 οὐχ
1401 2740 1476 2803 ὡς
1526 2740 1826 2809 ἀγνοοῦντα

241 2824 531 2891 διδάσκων,
564 2826 702 2881 ἀλλά
728 2831 794 2899 τῇ
813 2828 1063 2900 διηγήσει
1095 2830 1203 2883 τῶν
1234 2828 1493 2901 λυπηρῶν
1508 2832 1554 2863 ³³
1582 2832 1665 2897 εἰς
1697 2830 1824 2900 φιλ-

247 2917 566 2990 ανθρωπίαν
593 2918 1011 2991 ἐκκαλούμενος.
1752 2949 1759 2957 ·

309 3092 415 3163 λη’.
443 3111 463 3145 ι
490 3093 602 3146 Καὶ
622 3093 722 3147 οὐκ
751 3093 888 3159 ἔστι,
921 3095 1085 3167 φησιν
1105 3096 1174 3162 ⁸³,
1216 3094 1274 3148 ιν
1301 3095 1379 3166 τῷ
1425 3093 1605 3167 καιρῷ
1649 3097 1827 3168 τούτῳ

241 3185 448 3255 ἄρχων,
486 3184 581 3238 καὶ
613 3187 920 3257 προφήτης.
962 3186 1056 3239 καὶ
1085 3185 1408 3258 ἡγούμενος.
1441 3207 1460 3240 ι
1504 3171 1827 3262 Ἀπεστερή-

246 3277 389 3349 μεθα
424 3279 555 3348 γὰρ,
587 3279 743 3349 φησὶ,
787 3277 1083 3348 βασιλείας,
1113 3280 1448 3351 προφητείας
1480 3280 1824 3352 ,ίερωσύνης,

242 3369 356 3424 τῶν
380 3369 541 3424 θείων
574 3388 668 3423 σου
701 3371 796 3423 καὶ
831 3370 1085 3441 μεγάλων
1122 3372 1362 3442 δωρεῶν,
1397 3371 1463 3425 δι’
1491 3366 1566 3428 ὧν
1627 3372 1825 3445 κυϐερ-

244 3459 480 3531 νώμενοι
507 3459 872 3531 διετελοῦμεν.
915 3480 933 3512 t
954 3460 1090 3515 Οὐδὲ
1112 3460 1494 3526 ὁλοκαύτωσις,
1524 3461 1647 3514 οὐδὲ
1665 3463 1711 3493 ⁸⁵
1733 3462 1825 3515 θυ-

246 3551 359 3617 σία,
404 3551 524 3605 οὐδὲ
572 3551 879 3623 προσφορὰ,
931 3551 1053 3605 οὐδὲ
1101 3552 1409 3624 θυμίαμα.»
1451 3554 1561 3607 Καὶ
1612 3553 1826 3619 δεικνὺς

243 3641 344 3714 τὴν
366 3643 567 3706 αἰτίαν,
589 3643 658 3697 δι’
683 3644 749 3715 ῆν
789 3642 1049 3697 ἀδύνατον
1079 3644 1257 3711 θῦσαι,
1287 3644 1592 3708 ἀκολούθως
1616 3645 1827 3716 ἐπήγα‹

247 3752 342 3803 γεν
368 3753 384 3767 ·
431 3754 450 3787 t
482 3735 619 3788 Ούδὲ
643 3735 689 3766 ³⁸
718 3736 878 3799 τόπος
914 3734 1006 3790 τοῦ
1033 3737 1323 3807 καρπῶσαι
1350 3737 1576 3791 ἐνώπιόν
1599 3754 1715 3804 σου,
1734 3740 1827 3793 καὶ

246 3832 428 3904 εὑρεῖν
454 3831 679 3886 ἐλεον¹⁷.
701 3850 721 3885 ι
767 3830 825 3886 ⁸0
866 3832 972 3903 γὰρ
1009 3831 1100 3895 σὸς
1133 3831 1298 3902 νόμος
1331 3834 1429 3903 τὴν
1478 3833 1585 3887 τῶν
1625 3834 1826 3889 θυσιῶν

246 3924 593 3995 λειτουργίαν
639 3925 720 3978 ὲν).
760 3922 1102 3996 περιέγραψε
1145 3925 1317 3995 τόπῳ,
1358 3926 1453 3979 καὶ
1508 3927 1827 3998 παρανομία

192 4009 197 4037 τ
249 4015 430 4084 σαφὴς
456 4013 518 4066 τὸ
559 4015 616 4066 ἐν
662 4013 834 4085 ἑτέρῳ
881 4015 1031 4084 τόπῳ
1070 4018 1459 4086 προσενεγκεῖν
1490 4032 1572 4069 σοι
1609 4016 1822 4073 θυσίαν.

249 4106 468 4161 Τούτων
492 4106 713 4162 ἀκούειν
739 4107 837 4161 οὐκ
870 4107 1143 4161 ἐθέλουσιν
1166 4109 1216 4160 οἱ
1258 4108 1516 4175 Ἰουδαῖοι,
1546 4109 1681 4163 ἀλλά
1701 4112 1826 4175 τοὺς

250 4197 566 4266 ὀφθαλμοὺς
600 4197 889 4268 μύσαντες,
919 4197 1013 4250 καὶ
1049 4196 1120 4250 τὰ
1165 4193 1280 4251 ὦτα
1313 4197 1599 4267 βύσαντες,
1648 4202 1827 4257 πάντα

250 4288 491 4359 τολμῶσι
544 4289 878 4360 παρανόμως
916 4289 1202 4343 ἐπιτελεῖν.
1238 4291 1301 4342 Οἱ
1335 4290 1392 4343 δὲ
1441 4291 1587 4360 ἅγιοι
1634 4294 1825 4357 παῖδες

250 4373 413 4444 οὗτοι,
442 4379 539 4432 τοῦ
569 4379 733 4449 νόμου
759 4379 851 4433 τὸν
882 4367 1081 4433 σκοπὸν
1114 4379 1493 4449 ἐπιστάμενοι,
1529 4382 1715 4451 ἔλεγον
1746 4385 1819 4454 μὴ

1921 1923 2061 1978 titus
2096 1938 2176 1985 es,
2209 1937 2332 1992 quas
2360 1921 2640 1991 pollicitus
2673 1920 2845 1985 fuisti,
2884 1919 2977 1974 sed
3014 1933 3114 1973 nos
3151 1917 3355 1971 fmdera
3379 1915 3496 1969 vic—

1923 2013 2180 2075 lavimus,
2216 2020 2424 2067 etcum
2459 2010 2615 2065 multi
2647 2022 2900 2064 essemus
2949 2008 3253 2063 secundum
3285 2005 3497 2076 pollici.

1925 2103 2209 2164 tationem,
2238 2109 2292 2156 et
2317 2099 2773 2163 innumerabiles,
2800 2106 3029 2168 propter
3054 2105 3277 2167 peccata
3308 2102 3497 2148 nostra

1924 2194 1992 2249 ad
2038 2207 2249 2264 paucos
2275 2191 2487 2247 redacti
2536 2205 2750 2245 sumus.
2796 2187 2910 2243 Hoc
2938 2189 3084 2242 enim
3122 2186 3322 2249 innuit,
3371 2199 3496 2239 cum

1923 2285 2079 2352 dixit,
2118 2305 2137 2339 ι
2170 2284 2450 2341 Imminuti
2481 2296 2697 2338 sumus.
2730 2301 2750 2334 ι
2791 2280 2905 2336 Non
2936 2278 3084 2335 enim
3120 2278 3294 2333 dixit:
3337 2275 3498 2330 Parvi

1927 2394 2144 2441 sumus,
2175 2385 2232 2433 et
2253 2375 2416 2447 pauci
2447 2374 2593 2430 ultra
2624 2387 2821 2427 omnes
2852 2378 3065 2442 gentes.
3101 2367 3219 2434 sed,
3257 2387 3274 2417 ι
3306 2365 3496 2420 [mmi-

1926 2473 2043 2529 nuti
2071 2486 2287 2533 sumus,
2327 2488 2345 2520 ι
2389 2468 2495 2522 hoc
2527 2471 2631 2531 est,
2664 2463 2893 2517 Fuimus
2924 2462 3148 2531 quidem
3184 2456 3501 2512 innumera-

1926 2565 2065 2620 biles
2097 2560 2403 2618 secundum
2434 2566 2585 2611 tuam
2629 2553 3101 2625 pollicitationem,
3143 2548 3238 2605 sed
3277 2547 3501 2602 violatis

1927 2652 2201 2708 mandatis
2250 2649 2360 2703 tuis
2420 2645 2576 2716 pauci
2629 2660 2728 2711 pro
2784 2641 2975 2696 multis
3029 2639 3158 2693 facti
3210 2651 3426 2692 sumus.
3478 2637 3499 2659 '

1930 2742 2134 2799 Deinde
2166 2737 2407 2794 ostendit
2441 2735 2551 2789 Dee
2580 2732 2801 2802 1118
2833 2730 3222 2791 calamitatem,
3261 2742 3369 2797 qua
3401 2727 3494 2781 dc-

1929 2835 2248 2890 tinebantur
2278 2847 2292 2884 :
2323 2844 2431 2885 non
2456 2826 2616 2897 quasi
2657 2825 2908 2895 ignarum
2952 2826 3157 2877 docens
3177 2860 3190 2885 ,
3222 2819 3319 2874 sed
3350 2817 3503 2872 cala-

1928 2928 2179 2983 mitatum
2237 2916 2770 2980 commemoratione
2828 2917 2896 2972 ad
2960 2914 3309 2971 clementiam
3374 2925 3505 2966 eum

1930 3029 2264 3090 provocans.

2000 3107 2170 3163 Vens.
2207 3107 2296 3162 58.
2335 3124 2356 3157 ι
2404 3105 2470 3159 Et
2493 3120 2605 3159 non
2632 3111 2740 3168 est,
2779 3100 2974 3171 inquit,
3021 3098 3074 3152 in
3116 3103 3362 3165 tempore
3397 3093 3508 3147 hoc

1933 3199 2213 3272 princeps,
2244 3204 2300 3252 et
2343 3195 2634 3272 preph_eta,
2673 3202 2729 3249 et
2761 3193 2896 3248 dux.
2938 3210 2956 3242 ι
2992 3188 3195 3244 Privati
3221 3185 3367 3241 enim
3404 3199 3503 3238 su-

1935 3307 2083 3357 mus,
2111 3267 2313 3361 inquit,
2356 3267 2545 3359 regno,
2576 3284 2883 3357 prophetia,
2924 3279 3256 3344 sacerdotio,
3295 3276 3505 3332 divinis

1935 3384 2046 3439 tuis
2076 3383 2397 3453 magnisque
2426 3378 2774 3442 muneribus,
2801 3374 3005 3446 quibus
3035 3372 3381 3428 continenter
3404 3384 3504 3440 gu-

1935 3475 2324 3531 bernabamur.
2362 3491 2381 3524 ι
2426 3470 2613 3540 Neque
2652 3469 3053 3528 holocaustum,
3085 3477 3264 3532 neque
3289 3458 3505 3516 sacril‘lo

1933 3569 2104 3633 cium,
2152 3580 2331 3637 neque
2362 3564 2592 3629 oblatio,
2625 3576 2802 3633 neque
2831 3560 3136 3615 incensum.
3181 3573 3200 3606 ι
3237 3553 3505 3609 Causam-

1934 3677 2042 3733 que
2080 3659 2400 3723 ostendens,
2441 3672 2541 3713 cur
2582 3653 2895 3711 sacriﬁcare
2945 3665 3055 3705 non
3091 3649 3274 3713 liceat,
3321 3658 3509 3702 conse-

1934 3759 2166 3823 quenter
2230 3749 2479 3820 adjecit:
2542 3765 2561 3800 ι
2624 3745 2811 3816 Neque
2872 3745 3057 3807 locus,
3120 3746 3179 3796 ut
3234 3737 3506 3811 primitias

1936 3840 2231 3897 otl‘eramus
2253 3854 2436 3894 coram
2457 3848 2531 3901 te,
2555 3843 2611 3894 et
2632 3834 2980 3893 inveniamus
2998 3828 3456 3888 misericordiam.
3479 3844 3501 3876 ι

1936 3933 2053 3987 Tua
2086 3934 2232 3987 enim
2267 3931 2349 3984 lex
2387 3927 2789 3984 sacrificiorum
2824 3921 3191 3978 ministerium
3236 3934 3346 3973 uno
3386 3925 3506 3970 tan-

1937 4034 2050 4079 tum
2097 4024 2216 4077 loco
2267 4018 2731 4088 circumscripsit,
2766 4024 2821 4071 et
2863 4023 3050 4087 aperta
3101 4013 3233 4082 legis
3282 4008 3506 4063 violatio

1934 4124 2037 4182 est,
2070 4115 2195 4169 alibi
2233 4114 2329 4168 tibi
2357 4113 2690 4169 sacriﬁcare.
2732 4109 2857 4164 "me
2873 4109 3070 4163 audire
3090 4101 3501 4162 noluntludaei,

1935 4209 2031 4264 scd
2064 4207 2239 4263 oculis
2257 4206 2640 4267 conniveutcs,
2672 4201 3085 4267 obstructisque
3113 4197 3360 4256 auribus,
3386 4208 3506 4245 em-

1932 4299 2025 4353 nia
2065 4296 2269 4352 audent
2300 4305 2493 4350 contra
2538 4295 2709 4363 legem
2742 4305 2921 4362 agere.
2965 4290 3033 4342 At
3064 4287 3116 4341 hi
3164 4285 3337 4340 sancti
3371 4282 3500 4336 ado-

1934 4391 2230 4452 lescentes,
2261 4388 2421 4441 linem
2471 4385 2605 4455 legis
2634 4384 2918 4447 callentes,
2957 4397 3064 4434 non
3095 4393 3218 4434 esse
3247 4376 3504 4431 dicebant

252 4466 389 4524 εἶναι
412 4470 579 4525 τόπον
600 4469 695 4527 τοῦ
721 4470 1009 4542 καρπῶσαι
1036 4471 1266 4524 ἐνώπιον
1291 4471 1608 4543 αύτούηκαὶ
1638 4475 1819 4544 εὑρεῖν

1935 4485 2140 4544 locum,
2175 4486 2234 4533 ut
2281 4478 2554 4550 primitias
2598 4475 2794 4530 olferre
2838 4480 3061 4544 possent
3107 4484 3291 4524 ceram
3342 4469 3502 4536 ipso,

251 4561 431 4617 ἔλεονο
464 4563 575 4617 Καὶ
614 4563 803 4635 ἐπειδὴ
855 4563 1065 4629 τούτου,
1116 4564 1269 4634 φησὶ,
1310 4567 1494 4634 τυχεῖν
1543 4566 1827 4628 ἀδύνατον,

252 4655 443 4726 πόρῤω
471 4655 571 4725 τῆς
602 4655 752 4725 ἱερᾶς
778 4655 995 4727 ἐκείνης
1021 4654 1227 4718 πόλεως
1273 4654 1455 4721 ὄντας,
1514 4656 1827 4727 εὑρήκαμεν

249 4746 453 4816 τρόπον
490 4745 608 4799 τινὰ
636 4746 950 4818 θεραπείας,
982 4740 1026 4800 ὦ
1055 4747 1317 4802 Δέσποτα.

316 4925 421 4989 λθ’,
459 4930 532 4994 μ’.
568 4943 587 4976 ι
625 4925 713 4977 Ἐν
742 4924 887 4996 ψυχῇ
912 4925 1020 4998 γὰρ
1052 4927 1512 4999 συντετριμμὲνῃ,
1546 4930 1637 4982 καὶ
1662 4931 1822 4985 πνεύ.

250 5035 383 5090 ματι
438 5014 881 5080 ταπεινώσεως²⁸
931 5016 1327 5087 προσφέροντες
1346 5017 1389 5048 ³³
1444 5035 1526 5071 σοι
1574 5020 1672 5091 τὴν
1712 5023 1825 5075 ἱκε-

243 5109 423 5170 τείαν,
454 5106 855 5177 προσδεχθῆναι
880 5107 1048 5178 αὐτὴν
1063 5107 1106 5139 ⁸ο
1139 5108 1582 5179 παρακαλοῦμεν.
1644 5112 1736 5175 Ὠς
1769 5115 1828 5167 ἐν

242 5197 670 5270 δλοκαυτώμασι
693 5198 862 5270 κριῶν
893 5200 986 5253 καὶ
1009 5199 1300 5271 ταύρωνδί,
1330 5201 1420 5254 καὶ
1444 5201 1519 5266 ὡς
1543 5204 1601 5255 ἐν
1631 5208 1830 5276 μυριά-

1934 4582 1989 4629 et
2019 4569 2452 4628 misericordiam
2478 4565 2762 4637 invenire:
2798 4561 2863 4615 Et
2888 4560 3110 4631 quando
3142 4558 3264 4621 hoc,
3302 4556 3501 4624 i‘nquit,

1934 4662 2151 4732 assequi
2204 4675 2310 4715 non
2348 4669 2667 4728 possumus,
2704 4668 2830 4707 cum
2864 4667 2894 4706 a
2934 4664 3090 4707 saera
3150 4648 3257 4701 illa
3284 4647 3511 4701 civitate

1894 4788 1900 4793 -
1934 4753 2125 4824 procul
2156 4750 2426 4811 absimus,
2462 4744 2682 4801 modum
2731 4741 3018 4814 quemdam
3065 4736 3372 4793 invenimus
3426 4735 3513 4789 lui»

1934 4842 2171 4906 colendi,
2209 4839 2458 4894 Domine.

2012 4936 2178 4990 Vens.
2219 4932 2323 4997 '59,
2363 4930 2453 4984 40.
2491 4946 2510 4979 ι
2547 4926 2683 4982 Cum
2738 4924 2922 4977 anima
2952 4921 3096 4976 enim
3129 4918 3365 4972 contrita
3391 4956 3406 4981 ,
3452 4927 3509 4971 ct

1936 5028 2129 5100 spiritu
2166 5022 2492 5079 humilitatis
2533 5017 2989 5088 supplicationem
3043 5013 3140 5066 tibi
3187 5011 3504 5070 eli‘ercntcs.

1939 5134 2214 5187 rogamus,
2253 5126 2310 5170 ut
2348 5115 2524 5184 ipsam
2560 5108 2853 5179 suscipias.
2900 5107 3054 5160 Sicut
3091 5119 3215 5158 cum
3247 5102 3506 5156 holocau-

1941 5213 2042 5267 stis
2077 5210 2332 5272 arictum,
2384 5215 2438 5260 et
2479 5210 2783 5267 taurorum,
2828 5207 2883 5256 et
2913 5199 3055 5254 sicut
3089 5210 3214 5251 eum
3260 5192 3503 5247 millibus

1556 5382 1791 5437 VARle
1833 5382 2235 5438 LECTIONES.

341 5477 388 5509 "
419 5476 465 5529 A
495 5485 550 5531 et
578 5476 617 5530 Β
647 5478 784 5547 πρὸς
820 5479 1037 5541 αὐτούς.

253 5548 289 5579 ³⁷
322 5548 465 5617 σήμ.
507 5548 728 5617 υεβηίιι
764 5547 826 5603 Β.
902 5549 996 5617 “te

253 5564 284 5579 υ
322 5564 465 5668 σηδι.
507 5564 629 5600 ves.
675 5564 728 5600 tu
764 5564 826 5603 υ.
904 5564 940 5580 ³ο

248 5617 388 5686 γρύν
426 5633 590 5686 ημεν.
623 5615 940 5701 οὓυελὺίιί.

247 5702 441 5755 μετείη.
500 5703 683 5754 φησιν.

250 5756 377 5813 Des.
420 5757 473 5812 in
500 5759 571 5817 A,

1150 5480 1191 5511 ¹³
1223 5482 1265 5532 Λ
1315 5492 1368 5534 ct
1411 5481 1448 5533 Β
1477 5479 1762 5548 πληθῦναι.

779 5689 824 5716 ⁸⁸
894 5689 936 5740 Α
969 5689 1053 5742 οὐ.
1129 5691 1171 5720 ¹⁷
1201 5691 1237 5740 Λ
1275 5698 1328 5742 ιιι
1362 5692 1398 5742 Β
1422 5692 1584 5750 ἕλεος.

1891 5480 1909 5511 ’⁸
1959 5480 2000 5533 Λ
2047 5486 2101 5533 et
2142 5479 2180 5531 Β
2226 5477 2427 5538 αὐτῶν,
2477 5477 2569 5539 ὡς.

1002 5535 1113 5619 ησί.
1151 5548 1274 5603 Des.
1304 5551 1356 5604 in
1391 5552 1449 5605 ll.
1529 5535 1754 5618 ¹⁹’“Εσμ.
1792 5549 2034 5619 liprzcni.
2074 5549 2185 5601 καί.
2247 5549 2375 5619 "0-3
2412 5535 2479 5589 ξ-ο
2509 5535 2701 5619 όνλίγοι.
2751 5544 2870 5619 llus.
2909 5535 2959 5619 in
3002 5541 3084 5619 li.“
3136 5535 3505 5619 “fixit-fl“:

1053 5620 1097 5648 ²²
1146 5622 1264 5688 σήν.
1340 5622 1460 5674 Des.
1517 5623 1566 5673 in
1628 5617 1708 5671 li.’
1751 5620 1795 5649 ³³
1831 5619 1955 5672 λυπ.
1999 5618 2038 5670 Β
2075 5617 2390 5689 συμφορῶν.

1664 5691 1855 5741 “tam
1895 5690 1933 5740 Α
1979 5707 2028 5741 ι’.
2075 5688 2112 5738 Β
2158 5688 2282 5742 ιιιιιι.
2326 5688 2809 5756 προσδεχθείημεν.

652 5756 694 5787 ³⁸³
736 5758 919 5827 προσδ.
953 5758 1069 5812 αὐτ.
1107 5758 1146 5808 Β
1175 5759 1400 5827 ταύτην.
1479 5764 1516 5791 ³⁸
1562 5762 1653 5813 7.2".
1678 5760 1911 5829 ταύρων.
1961 5759 2033 5812 lix
2078 5766 2118 5814 A
2157 5771 2207 5814 Cl
2242 5761 2278 5812 Β
2304 5758 2478 5828 suppl.

2687 5477 2726 5507 ⁸⁵
2756 5474 2792 5525 li
2822 5473 3061 5541 ἄστροις.
3142 5461 3497 5541 Δμ¹⁴⁵μβμςιτιθείᾳ

2492 5617 2537 5648 ⁵⁸
2571 5604 2698 5684 φίητ.
2763 5614 2883 5666 Des.
2935 5616 2996 5684 in
3050 5609 3106 5657 Β.
3195 5606 3240 5635 ’⁵
3275 5604 3415 5655 οὐδέ.
3453 5607 3504 5684 ~li

2905 5683 2947 5711 =9
2992 5694 3079 5745 πρ.
3128 5703 3188 5711 --
3227 5676 3500 5746 mrem)“
3562 5742 3565 5745 λ

2548 5744 2559 5757 δ
