3898 6208
320 314 449 379 I337

1470 333 1549 394 IN
1569 334 1928 421 DANIELIS
1961 338 2121 402 CAP.
2159 340 2273 401 III.

3411 348 3548 411 1338

385 434 508 531 vq’a
536 454 555 488 ι
587 437 869 508 Εύλογεῖτε
887 441 932 473 ⁷³
960 440 1069 515 γὰρ
1089 484 1103 509 ,
1153 447 1316 516 φασιν
1338 486 1354 512 ,
1406 447 1626 518 ἄγγελοι
1658 449 1889 522 Κυρίου,

2066 454 2228 513 Vens.
2270 455 2359 512 58.
2403 476 2421 510 ι
2475 455 2795 513 Benedicite
2857 456 3026 524 enim,
3065 443 3341 529 inquiunt,
3398 463 3571 531 angeli

315 527 403 582 τὸν
430 528 669 600 Κύριον·
706 532 924 603 ὑμνεῖτε
956 535 1048 590 καὶ
1080 536 1418 610 ὑπερυψοῦτε
1448 540 1609 595 αὑτὸν
1656 543 1734 605 εἰς
1761 542 1886 607 τοὺς

315 619 536 685 αἰῶνας.
568 639 588 673 ›
640 622 749 677 Καὶ
777 624 861 679 ἵνα
895 626 993 698 μὴ,
1020 627 1142 681 καθ’
1171 629 1400 684 ἕκαστον
1433 630 1773 703 ἑρμηνεύων,
1808 634 1888 695 εἰς

318 714 491 785 μῆκος
546 716 772 789 ἄπειρον
800 720 1024 777 ὲκτείνω
1054 724 1147 777 τὸν
1181 725 1357 794 λόγον,
1400 726 1655 781 καλοῦσιν
1683 728 1765 792 είς
1791 726 1890 799 τὴν

315 807 558 879 χορείαν,
595 812 689 865 καὶ
718 813 962 884 οὐρανὸν,
993 817 1087 870 καὶ
1116 818 1185 872 τὰ
1213 818 1383 873 ὕδατα
1411 820 1480 874 τὰ
1507 821 1762 893 ὑπεράνω
1780 821 1890 875 τῶν

315 900 581 969 οὐρανῶν,
633 904 727 957 καὶ
768 905 868 969 τὰς
911 906 1171 979 δυνάμεις
1219 911 1320 976 τὰς
1368 913 1463 967 τὸν
1509 912 1649 966 θεῖον
1703 911 1889 983 θρόνον

315 993 735 1062 περιπολούσας.
782 999 1025 1054 Καλοῦσι
1070 1000 1129 1056 δὲ
1162 1002 1257 1056 καὶ
1294 1003 1467 1075 ἥλιον,
1511 1004 1607 1059 καὶ
1635 1004 1886 1076 σελήνην,

315 1084 409 1137 καὶ
436 1087 565 1149 τοὺς
590 1086 782 1152 ἄλλους
811 1092 1128 1163 φωστῆρας·
1159 1095 1255 1148 καὶ
1284 1096 1344 1149 ού
1378 1096 1537 1167 μόνον
1560 1095 1632 1150 τὰ
1664 1097 1786 1151 κατ’
1801 1098 1893 1150 ού·

320 1175 501 1244 ρανδν,
536 1177 673 1233 ἀλλὰ
704 1174 798 1234 καὶ
822 1182 893 1236 τὰ
918 1184 975 1237 ἐν
1002 1184 1080 1255 τῷ
1105 1185 1227 1256 ἀέρι
1244 1188 1527 1259 γινόμενα,
1562 1187 1767 1260 ὄμϐρον
1798 1187 1893 1243 καὶ

314 1266 528 1336 δρόσον,
560 1271 655 1324 καὶ
679 1271 965 1345 πνεύματα
991 1291 1006 1306 ο
1037 1272 1156 1330 εἶτα
1181 1277 1281 1342 τὰς
1305 1280 1552 1344 ἐναντίας
1578 1280 1891 1351 ποιότητας,

312 1357 481 1429 ψύχος
515 1361 609 1415 καὶ
638 1362 826 1435 καῦμα
852 1378 866 1393 ⁸
921 1361 1040 1421 εἶτα
1080 1368 1240 1438 φύσιν
1280 1370 1414 1440 ὁμοῦ
1454 1371 1548 1424 καὶ
1591 1371 1890 1442 ἐνέργειαν,

314 1449 426 1522 πῦρ
455 1453 550 1506 καὶ
578 1455 766 1525 καῦμα
791 1473 803 1489 ·
840 1457 902 1511 τὸ
936 1459 1035 1530 μὲν
1063 1462 1172 1532 γὰρ
1202 1461 1310 1532 πῦρ
1344 1464 1559 1533 φύσεως
1597 1463 1787 1533 ὄνομα,
1830 1462 1893 1515 τὸ

312 1540 368 1594 δὲ
389 1542 576 1613 καῦμα
594 1547 777 1602 οὐκέτι
799 1548 974 1616 οὐσία,
999 1550 1136 1606 ἀλλὰ
1161 1553 1332 1624 πυρὸς
1356 1554 1440 1607 ὲνέ
1450 1570 1624 1625 ργεια.
1653 1551 1893 1607 Καλοῦσι

310 1629 368 1683 δὲ
416 1634 513 1687 καὶ
554 1633 765 1705 δρόσον,
802 1639 896 1692 καί¹
924 1641 1159 1709 νιφετὸν,
1199 1645 1294 1696 καὶ
1332 1642 1528 1711 πάγον,
1578 1642 1672 1695 καὶ
1698 1641 1891 1712 ψύχος.

315 1725 411 1778 καὶ
457 1727 689 1798 πάχνας,
732 1731 829 1784 καὶ
860 1730 1067 1801 χιόνας,
1113 1733 1208 1787 καὶ
1253 1735 1559 1805 ἀστραπὰς,
1603 1733 1695 1788 καὶ
1736 1733 1890 1803 νεφέ-

312 1818 408 1882 λας
424 1818 489 1884 ⁷⁵,
542 1819 610 1874 τὰ
641 1824 876 1894 συγγενῆ
926 1826 1020 1878 καὶ
1064 1826 1334 1898 ὁμόφυλα.
1386 1824 1520 1882 Εἶτα
1552 1827 1752 1891 νύκτας
1798 1827 1892 1882 καὶ⁸

313 1909 546 1983 ἡμέρας,
593 1913 689 1967 καὶ
718 1915 784 1969 τὰ
811 1916 1014 1971 τούτων
1056 1919 1335 1990 ποιητικὲι,
1384 1920 1499 1990 φῶς
1535 1921 1630 1974 καὶ
1661 1920 1849 1984 σκότος
1873 1936 1887 1949 ’

311 2003 379 2056 τὰ
427 2003 526 2075 μὲν
559 2004 669 2078 γὰρ
704 2007 963 2081 ὀνόματα,
1015 2013 1084 2067 τὰ
1115 2012 1172 2065 δὲ
1202 2013 1501 2083 πράγματα
1526 2028 1539 2042 ·
1582 2032 1600 2065 t
1632 2012 1889 2066 Ἑκάλεσε

310 2093 441 2166 γὰρ,
492 2097 676 2168 φησὶν,
708 2098 737 2150 6
780 2100 911 2163 Θεὸς
954 2100 1014 2154 τὸ
1047 2102 1162 2170 φῶς
1192 2102 1431 2173 ἡμέραν,
1480 2102 1573 2155 καὶ
1596 2099 1656 2154 τὸ
1700 2100 1890 2164 σκότος

312 2187 539 2241 ἐκάλεσε
563 2187 752 2245 νύκτα.
785 2210 804 2243 ›
843 2192 905 2245 Εἰ
926 2192 1036 2265 γὰρ
1064 2193 1158 2247 καὶ
1183 2193 1309 2247 σκιὰ
1333 2193 1392 2247 τὸ
1425 2192 1611 2257 σκότος
1635 2191 1771 2254 ἐστὶ,
1796 2192 1890 2245 καὶ

308 2281 409 2335 οὐκ
437 2282 614 2346 οὐσία,
660 2284 798 2338 ἀλλὰ
827 2285 1062 2357 πρᾶγμά
1103 2288 1218 2339 ἐστι
1265 2285 1631 2357 συμϐεϐηκὸς,
1663 2284 1757 2339 καὶ
1789 2284 1885 2353 τῆς

311 2374 504 2438 νυκτὸς
534 2376 837 2447 ποιητικόν.
886 2377 995 2431 Καὶ
1029 2376 1215 2448 ἐπειδὴ
1252 2377 1477 2446 δρόσου
1514 2377 1606 2432 καὶ
1638 2375 1885 2447 νιφετοῦ

203 2494 217 2507 -
310 2467 746 2538 ἐμνημόνευσαν,
776 2468 1090 2538 ἀναγκαίως
1114 2470 1413 2524 δεικνύουσι
1438 2472 1532 2526 καὶ
1561 2471 1659 2535 τὰς
1682 2469 1887 2524 τούτων

311 2559 491 2630 πηγάς
516 2574 530 2589 ⁸
580 2578 599 2612 ί
623 2560 907 2629 Εὐλογεῖτε
943 2561 1072 2633 γὰρ,
1118 2561 1324 2630 ἔλεγον,
1370 2563 1647 2633 ἀστραπαὶ
1675 2563 1767 2615 καὶ
1804 2579 1887 2615 νε-

260 2655 267 2661 ’
312 2649 469 2719 φέλαι
492 2666 506 2681 ·
540 2668 560 2702 ι
599 2653 656 2704 αί
694 2652 793 2724 μὲν
822 2652 1126 2717 τίκτουσαι,
1161 2654 1215 2707 αἱ
1246 2653 1302 2707 δὲ
1325 2653 1425 2717 τὰς
1449 2653 1643 2715 ὠδῖνας
1672 2670 1885 2723 προμη-

308 2746 550 2804 νύουσαι.
611 2768 630 2801 ι
677 2749 990 2821 Ἀστραπὰς
1033 2749 1164 2823 γὰρ,
1199 2752 1361 2824 φησὶν
1393 2751 1421 2804 6
1465 2751 1770 2822 προφήτης,
1805 2750 1885 2810 εἰς

311 2839 462 2894 ὑετὸν
507 2842 781 2913 ἐποίησεν.
832 2862 852 2895 ι
913 2843 1068 2898 Οὕτω
1118 2843 1597 2915 μνημονεύσαντες
1624 2842 1732 2895 τῶν
1765 2840 1887 2895 κατ’

1994 549 2208 621 1124
2232 548 2465 616 Domini,
2505 549 2754 615 Domino,
2789 550 3008 605 laudate
3042 561 3094 606 et
3130 552 3287 607 valde
3337 553 3575 607 exaltare

1989 656 2112 696 eum
2148 640 2203 693 iu
2232 640 2456 695 smcula.
2493 640 2745 713 »[59-75]
2794 641 2943 696 Etne
2962 641 3571 713 singulainterpretans

1990 730 2200 786 infinita
2219 731 2484 787 orationis
2511 739 2634 786 utar
2651 731 3014 801 longitudine,
3043 733 3109 787 ad
3135 733 3276 787 hanc
3297 733 3557 788 choream

1991 824 2226 879 invitant
2244 832 2298 880 et
2327 824 2548 887 caelum,
2575 831 2631 878 et
2653 837 2825 893 aquas
2846 825 2990 889 illas,
3030 838 3151 894 quae
3173 829 3372 894 super"
3398 827 3573 880 ctelos

1992 924 2142 980 sunt,
2172 921 2226 969 et
2245 929 2365 984 quae
2381 914 2624 969 divinum
2653 914 2912 968 thronum
2944 915 3287 970 circumeunt
3307 915 3566 970 virtutes.

1992 1006 2205 1063 Vocant
2227 1009 2355 1063 item
2381 998 2576 1072 solem,
2604 1016 2657 1064 et
2685 1009 2903 1073 lunam,_
2925 1016 2978 1066 et
3010 1011 3118 1064 alia
3152 1010 3354 1066 sidera.
3386 1012 3575 1083 Neque

1993 1096 2169 1154 solum
2189 1114 2310 1169 quae
2333 1098 2386 1151 in
2415 1099 2555 1153 coelo
2595 1105 2745 1165 sunt,
2781 1100 2876 1154 sed
2908 1100 3072 1154 etiam
3093 1116 3214 1170 qua:
3247 1101 3303 1155 in
3327 1117 3451 1156 aere
3481 1103 3563 1172 gi,-

1993 1201 2254 1261 gnuntur,
2269 1189 2493 1244 imbrem
2511 1198 2562 1246 et
2581 1206 2781 1255 rorem,
2796 1200 2849 1246 et
2868 1192 3129 1262 spiritus;
3152 1201 3337 1262 postea
3361 1202 3575 1249 contra-

1993 1283 2105 1338 rias
2126 1295 2346 1352 quoque
2365 1281 2680 1351 qualitates,
2701 1281 2871 1353 frigus
2891 1289 2943 1338 et
2962 1289 3154 1337 aestum
3173 1302 3184 1336 :
3203 1282 3403 1339 deinde
3421 1292 3575 1339 natu~

1992 1390 2119 1431 ram
2148 1374 2335 1438 simul,
2381 1384 2434 1428 et
2479 1372 2799 1440 efﬁcaciam,
2848 1375 3028 1445 ignem
3062 1382 3115 1428 et
3147 1382 3343 1430 aestum
3379 1394 3392 1430 :
3432 1374 3572 1446 ignis

1994 1466 2137 1522 enim
2172 1474 2384 1519 naturae
2410 1478 2611 1519 nomen
2653 1470 2759 1525 est,
2816 1472 2984 1519 aestus
3036 1474 3219 1518 autem
3273 1477 3381 1518 non
3442 1464 3569 1517 item

1995 1555 2323 1618 substantia,
2356 1553 2451 1610 sed
2481 1553 2624 1624 ignis
2665 1552 2982 1608 ellicacitas.
3015 1551 3227 1607 Vocant
3271 1552 3434 1607 etiam
3478 1568 3566 1606 ro-

1995 1662 2132 1713 rem,
2157 1653 2210 1702 et
2238 1646 2438 1710 nivem,
2467 1652 2521 1701 et
2545 1646 2803 1717 glaciem,
2830 1651 2884 1699 et
2910 1643 3107 1716 frigus,
3150 1653 3201 1699 et
3236 1645 3490 1713 pruinas,
3519 1651 3577 1697 tt

1995 1738 2172 1804 nives,
2203 1747 2256 1794 et
2277 1737 2510 1808 fulgura,
2541 1747 2595 1792 et
2627 1737 2823 1801 nubes,
2855 1752 2974 1806 quin
2993 1736 3317 1807 cognatione
3334 1734 3570 1806 quadam

1993 1836 2200 1884 natura:
2240 1830 2534 1899 conjuncta
2579 1838 2726 1885 sunt.
2758 1827 2898 1882 Tum
2933 1835 3126 1884 noctes
3153 1835 3206 1883 et
3241 1826 3380 1891 dies,
3409 1834 3575 1897 atque

1993 1922 2187 1977 horum
2218 1920 2530 1986 efﬁcientia,
2576 1921 2753 1975 lucem
2804 1935 2869 1975 ac.
2921 1922 3227 1977 tenebras:
3264 1921 3378 1976 haec
3424 1919 3571 1974 enim

1991 2022 2107 2067 tum
2142 2013 2387 2075 nomina,
2426 2020 2539 2066 tum
2605 2029 2692 2068 res
2738 2013 3031 2067 exsistunt.
3068 2031 3085 2063 ι
3123 2010 3349 2066 Vocavit
3401 2011 3573 2073 enim,

1992 2096 2190 2166 inquit,
2244 2095 2387 2151 Deus
2438 2096 2618 2150 lucem
2672 2095 2836 2161 diem,
2878 2104 2933 2149 et
2973 2096 3227 2149 tenebras
3282 2095 3574 2164 appellavit

1989 2196 2258 2243 noctem".
2296 2207 2313 2240 ›
2356 2186 2490 2242 Nam
2526 2187 2631 2242 etsi
2672 2186 2914 2243 tenebrae
2942 2187 3135 2241 umbra
3173 2194 3333 2251 Sunt,
3371 2194 3426 2241 et
3460 2201 3573 2240 non

1989 2280 2320 2346 substantia,
2372 2287 2611 2334 attamen
2661 2293 2753 2334 res
2793 2286 2878 2334 est
2912 2293 3034 2347 qua:
3072 2277 3295 2342 accidit,
3345 2280 3575 2346 qumque

1987 2372 2169 2427 noctis
2184 2378 2267 2427 est
2292 2368 2552 2426 efﬁciens.
2582 2368 2647 2422 Et
2670 2369 2795 2439 quia
2829 2369 2965 2422 roris
2995 2378 3050 2422 et
3079 2369 3211 2421 nivis
3237 2366 3574 2420 mentionem

1990 2463 2262 2521 fecerunt.
2322 2461 2717 2515 convenienter
2773 2476 2965 2515 eorum
3022 2459 3202 2515 fontes
3255 2457 3571 2514 ostendunt.

1993 2574 2009 2606 ι
2047 2554 2352 2610 Bene-dicite
2371 2554 2538 2617 enim,
2573 2553 2856 2618 dicebant,
2893 2553 3103 2622 fulgura
3135 2562 3187 2607 et
3209 2552 3380 2606 nubes
3408 2568 3454 2604 ε)
3493 2551 3574 2603 ha:

1988 2646 2233 2716 quidem,
2262 2660 2383 2716 qua:
2420 2646 2658 2714 pariunt,
2703 2646 2795 2699 illa
2836 2659 2988 2709 vero,
3027 2660 3146 2714 quae
3189 2651 3380 2713 partus
3430 2658 3571 2712 prae-

1986 2746 2318 2796 monstrant.
2367 2756 2385 2790 ι
2412 2736 2653 2807 Fulgura
2687 2737 2855 2799 enim,
2908 2737 2984 2789 ait
3016 2736 3310 2806 Propheta,
3360 2736 3413 2788 in
3446 2737 3570 2804 plu-

1989 2833 2131 2886 viam
2165 2830 2296 2887 fecit
2312 2840 2360 2882 P.
2402 2850 2420 2882 ι
2451 2829 2551 2884 His
2579 2827 3024 2883 commemoratis
3044 2842 3164 2897 quae
3195 2828 3247 2880 in
3274 2827 3413 2882 coelo
3439 2834 3571 2879 sunt

309 2933 535 3004 οὐρανὸν
562 2936 657 2988 καὶ
688 2934 847 3006 ἀέρα,
878 2936 972 2989 καὶ
1004 2935 1218 3007 ἑκάστῳ
1248 2935 1437 3006 ὑμνεῖν
1468 2934 1886 3005 παρακελευσά-

1991 2935 2042 2979 et
2070 2924 2126 2979 in
2146 2938 2271 2979 aere
2304 2921 2460 2988 fiunt,
2488 2920 2774 2990 jussisque
2806 2918 3040 2990 singulis
3062 2917 3231 2972 Deum
3264 2917 3565 2977 celebrare,

314 3042 484 3096 μενοι,
530 3027 624 3080 ἐπὶ
669 3028 768 3098 τὴν
812 3028 998 3100 κοινὴν
1044 3028 1257 3100 μητέρα
1306 3027 1404 3099 τὴν
1441 3026 1547 3098 γῆν
1578 3026 1673 3081 τοῦ
1713 3027 1884 3097 ὕμνου

1991 3015 2056 3071 ad
2086 3028 2431 3071 communem
2472 3020 2724 3075 matrem,
2752 3022 2974 3075 terram,
3007 3009 3307 3064 orationem
3334 3024 3568 3063 comer-

314 3115 679 3187 μεταφέρουσι
711 3115 809 3188 τὴν
841 3099 1259 3189 παρακέλευσιν,
1290 3116 1382 3171 καί
1409 3134 1599 3187 φασιν·
1820 3182 1831 3187 _

1991 3112 2190 3170 tentes,
2234 3117 2353 3159 eam
2391 3117 2610 3172 quoque
2656 3100 2723 3155 ad
2779 3099 3171 3156 celebrandum
3225 3100 3482 3165 invitant,
3514 3110 3568 3153 et

1987 3197 2142 3251 aiunt
2172 3213 2185 3249 :

377 3286 469 3341 06'.
517 3304 537 3339 ι
567 3286 869 3356 Εὐλογείτω
915 3286 949 3358 ή
994 3289 1064 3358 γῆ
1100 3286 1190 3341 τὸν
1227 3287 1461 3359 Κύριον,
1505 3288 1744 3361 ύμνείτω
1791 3291 1886 3345 καὶ

2056 3290 2222 3346 Vens.
2243 3289 2333 3344 74.
2359 3286 2648 3343 Benedicat
2673 3293 2842 3351 terra,
2869 3282 3385 3350 Domino,laudetet
3412 3281 3567 3335 valde

310 3374 668 3446 ὑπερνψούτω
691 3376 736 3408 ⁷³
778 3375 941 3430 αὑτὸν
977 3377 1206 3441 είςητοὺς
1241 3379 1463 3444 αἰῶνας.
1500 3398 1517 3431 ι
1569 3375 1702 3435 Εἶτα
1747 3380 1886 3435 κατὰ

1991 3383 2188 3439 exaltet
2216 3398 2339 3437 eum
2380 3381 2437 3435 in
2467 3378 2689 3437 saecula.
2736 3398 2754 3431 ι
2791 3377 3004 3449 1125
3056 3375 3260 3432 Deinde
3285 3373 3564 3445 sigillatim

311 3465 595 3538 διαίρεσιν·

1991 3482 2168 3544 partes
2196 3473 2344 3529 illius
2368 3488 2382 3524 :
3279 3469 3289 3480 '

379 3563 474 3613 οε’.
518 3574 540 3610 ι
569 3556 873 3628 Εύλογεῖτε,
917 3559 1016 3630 ὅρη
1067 3560 1162 3615 καὶ
1212 3560 1410 3633 βουνοὶ,
1460 3561 1550 3616 τὸν
1595 3560 1819 3635 Κύριον.
1861 3581 1879 3612 ι

2060 3559 2222 3618 Vens.
2259 3561 2346 3617 75.
2393 3580 2411 3613 ι
2434 3557 2766 3624 Bcnedicite,
2810 3565 3029 3613 montes
3056 3564 3108 3613 et
3136 3556 3326 3619 colles,
3365 3553 3555 3608 Domi-

316 3647 548 3701 Ἔπειτα
571 3647 666 3710 τὰς
696 3647 900 3719 ταύτης
931 3649 1145 3714 ὠδῖναςο

1991 3669 2079 3709 no.
2128 3672 2147 3705 ι
2185 3651 2333 3707 Tum
2351 3651 2597 3722 ejusdem
2633 3658 2865 3721 partus:

381 3739 486 3806 ος’.
533 3759 552 3793 t
579 3741 887 3812 Βύλογεῖτε,
917 3743 1090 3798 πάντα
1115 3745 1183 3799 τὰ
1217 3745 1458 3817 φυόμενα
1491 3748 1547 3800 ὲν
1574 3750 1637 3817 τῇ
1672 3749 1764 3818 γῇ,
1795 3745 1884 3800 τόν

2057 3741 2224 3798 Vens.
2252 3741 2340 3796 76.
2377 3760 2395 3792 ε
2441 3739 2778 3803 Benedicite,
2810 3738 3070 3793 universa
3100 3736 3464 3808 germinantia
3502 3734 3558 3788 in

313 3830 537 3904 Κύριον.
570 3851 590 3886 ι
629 3829 761 3888 Εἶτα
786 3833 881 3906 τὴν
906 3834 1124 3906 ἀρδεέαν
1147 3831 1216 3908 ἦς
1240 3837 1447 3892 δέονται
1474 3852 1488 3869 ⁸
1535 3857 1552 3889 t
1576 3837 1882 3906 Εύλογεῖτε,

1991 3845 2156 3899 terra,
2188 3833 2443 3889 Domino.
2478 3852 2496 3885 ι
2541 3831 2655 3905 [77,
2678 3830 2768 3903 78]
2808 3831 3015 3887 Deinde
3045 3830 3417 3901 irrigationem
3454 3844 3559 3898 qua

312 3927 370 3979 al
399 3925 600 3997 πηγαὶ,
633 3925 724 3980 τὸν
754 3926 979 3998 Κύριον.
1015 3947 1033 3979 ι
1086 3929 1198 3982 Καὶ
1230 3930 1414 4001 ἐπειδὴ
1449 3929 1548 4000 τῆς
1580 3930 1734 3984 κάτω
1765 3930 1885 4001 μοί-

1991 3927 2231 3997 indigent
2261 3941 2275 3979 :
2303 3944 2321 3977 ι
2352 3924 2685 3989 Benedicite,
2719 3921 2919 3988 fontes,
2962 3921 3218 3976 Domino.
3260 3940 3278 3974 ι
3330 3921 3399 3975 Et
3433 3919 3560 3990 quia

311 4034 412 4089 ρας
460 4017 636 4073 mi."
681 4017 773 4072 καὶ
817 4020 850 4090 ή
900 4017 1162 4084 θάλασσα,
1214 4020 1306 4073 κοιλ¹
1336 4021 1385 4073 οἱ
1414 4020 1672 4091 ποταμοὶ,
1718 4021 1886 4089 ἀναγ-

1991 4020 2160 4089 partis
2196 4016 2477 4072 inferioris
2521 4015 2698 4070 maria
2731 4023 2883 4078 sunt,
2929 4022 2984 4069 et
3012 4013 3262 4077 ﬂumina,
3314 4012 3563 4082 apposite

312 4106 482 4171 καίως
533 4107 627 4161 καὶ
671 4109 875 4161 τούτων
923 4109 1249 4179 ἐποιήσαντο
1285 4109 1384 4180 τὴν
1426 4111 1645 4181 μνήμην
1674 4126 1688 4142 ο
1744 4126 1884 4182 μνη-

1991 4110 2148 4166 etiam
2198 4108 2396 4162 horum
2451 4107 2785 4162 mentionem
2844 4105 3141 4161 fecerunt:
3193 4104 3561 4159 meminerunt

314 4184 684 4267 μονεύουσιδὲ
725 4198 949 4254 καὶτῶν
982 4199 1081 4269 τῆς
1110 4199 1378 4270 θαλάττης
1405 4201 1705 4271 τροφίμων.

1991 4199 2115 4255 item
2145 4212 2337 4253 eorum
2375 4211 2496 4267 qua:
2524 4197 2577 4250 in
2614 4195 2774 4264 aquis
2795 4194 3136 4248 nutriuntur.

379 4288 476 4343 00'.
522 4308 540 4341 t
572 4289 858 4359 Εύλογεῖτε
898 4290 1025 4363 γὰρ,
1073 4292 1226 4362 φησὶ,
1272 4294 1432 4363 κήτη,
1478 4292 1569 4345 καὶ
1610 4293 1786 4346 πάντα
1816 4292 1884 4346 τὰ

2056 4287 2222 4343 Vens.
2284 4288 2372 4341 79.
2415 4304 2432 4336 ι
2500 4285 2811 4340 Benedicite
2864 4285 3045 4348 enim,
3104 4286 3291 4348 aiunt,
3334 4292 3468 4346 cete,
3506 4295 3558 4335 rt

311 4379 606 4450 κινούμενα
638 4382 696 4433 ὲν
735 4383 847 4444 τοῖς
877 4381 1052 4447 ὕδασι,
1095 4383 1183 4436 τὸν
1212 4383 1436 4453 Κύριον.
1469 4404 1488 4436 ι
1530 4384 1685 4438 Μετὰ
1711 4385 1884 4438 ταῦτα

1991 4379 2172 4435 omnia
2203 4393 2325 4449 quae
2361 4387 2649 4431 moventur
2677 4379 2729 4429 in
2759 4375 2942 4444 aquis,
2990 4373 3242 4430 Domino.
3271 4391 3288 4423 ι
3334 4371 3423 4443 [80
3462 4373 3554 4443 Si}

309 4470 378 4523 τὰ
406 4468 627 4523 πετεινὰ
651 4469 892 4533 καλοῦσι,
923 4472 1016 4524 καὶ
1047 4470 1114 4525 τὰ
1143 4472 1326 4543 θηρία,
1361 4473 1454 4526 καὶ
1481 4473 1546 4527 τὰ
1575 4475 1765 4545 κτήνη,
1792 4476 1886 4528 καὶ

1991 4473 2127 4528 Τιιιη
2158 4473 2412 4526 volucres
2449 4478 2670 4534 vocant,
2702 4477 2757 4524 et
2789 4468 3013 4532 bestias,
3055 4474 3108 4522 et
3137 4463 3356 4536 pecora,
3389 4476 3441 4519 et
3475 4467 3554 4519 ul~

310 4561 539 4632 ἔσχατον
583 4560 840 4615 ἁπάντων
884 4561 991 4615 τῶν
1046 4562 1349 4632 ἀνθρώπων
1396 4564 1495 4635 τήν
1545 4564 1739 4634 φύσιν,
1789 4567 1888 4638 τῆς

1991 4568 2116 4620 Limo
2171 4563 2416 4619 omnium
2474 4565 2594 4617 loco
2659 4562 2955 4616 humanam
2990 4568 3276 4623 naturam,
3338 4567 3553 4613 servato

312 4649 674 4721 κοσμογονίας
703 4650 800 4720 τὴν
848 4651 999 4716 τάξιν
1042 4650 1394 4720 φυλάξαντες.
1443 4654 1552 4707 Καὶ
1585 4653 1693 4726 γὰρ
1726 4658 1753 4709 6
1785 4674 1887 4727 μα-

1991 4654 2170 4710 mundi
2203 4652 2498 4708 creationis
2523 4651 2738 4706 ordine.
2764 4650 2980 4704 Etenim
3009 4649 3207 4703 beatus
3233 4647 3412 4704 Moses
3439 4648 3550 4716 pri-

312 4743 502 4814 κάριος
532 4742 757 4812 Μωσῆς,
793 4742 982 4811 πρῶτα
1034 4742 1130 4812 μὲν
1164 4743 1326 4814 φῦναι
1355 4744 1431 4816 τῷ
1474 4744 1602 4817 θείῳ
1630 4746 1774 4818 λόγῳ
1819 4747 1888 4802 τὰ

1991 4762 2126 4802 mtun
2167 4754 2326 4801 natas
2360 4745 2546 4799 divino
2582 4736 2748 4799 verbo
2795 4742 3024 4797 arbores
3076 4740 3321 4810 scripsit,
3363 4741 3558 4794 deinde

310 4832 504 4904 δένδρα
536 4832 890 4903 συνέγραψεν,
922 4828 1040 4888 εἶτα
1064 4835 1171 4889 τῶν
1203 4837 1418 4907 νηκτῶν
1452 4840 1794 4911 παραχθῆναι
1818 4839 1887 4895 τὰ

1991 4839 2247 4910 producta
2290 4838 2598 4892 natantium
2650 4850 2874 4906 genera,
2920 4842 2971 4890 et
3008 4841 3206 4905 praeter
3245 4833 3360 4888 haec
3391 4841 3557 4902 atque

310 4926 466 4996 γένη,
499 4926 594 4979 καὶ
628 4926 764 4996 πρὸς
780 4926 824 4957 ⁷⁷
855 4927 1061 4991 τούτοις
1095 4929 1188 4981 καὶ
1225 4929 1322 4983 σὺν
1347 4930 1556 4995 τούτοις
1583 4931 1690 4985 τῶν
1723 4933 1883 5004 ἀερο-

1991 4931 2123 4985 adeo
2151 4945 2276 4985 cum
2311 4930 2396 4984 his
2432 4929 2487 4983 in
2533 4943 2659 4984 acre
2693 4928 2993 4982 volantium
3042 4925 3224 4981 avium
3270 4935 3551 4985 naturam,

313 5018 496 5088 πόρων
524 5016 752 5089 ὀρνίθων
792 5017 889 5089 τὴν
921 5018 1100 5087 φύσιν,
1145 5021 1281 5091 μετὰ
1311 5023 1366 5076 δὲ
1396 5023 1567 5077 ταῦτα
1596 5023 1758 5095 θηρία
1788 5026 1883 5079 καὶ

1991 5031 2178 5095 postea
2214 5022 2424 5078 bestias
2450 5030 2504 5078 et
2536 5035 2761 5092 pecora,
2802 5026 3084 5090 postremo
3114 5018 3408 5075 hominem.
3441 5018 3552 5089 [ελ

312 5107 503 5177 κτήνη,
535 5106 841 5160 τελευταῖον
870 5106 926 5160 δὲ
956 5107 1042 5161 τὸν
1058 5108 1102 5140 ⁷⁸
1132 5109 1431 5181 ἄνθρωπον.
1462 5112 1801 5178 Καλέσαντες
1825 5115 1880 5169 δὲ

1991 5114 2080 5186 84]
2114 5113 2344 5170 lnvilato
2366 5123 2546 5168 autem
2575 5113 2813 5169 humano
2837 5127 3036 5183 genere
3054 5111 3121 5166 ad
3145 5111 3402 5183 hymnum
3424 5127 3548 5162 cun-

310 5194 419 5248 τῶν
449 5193 751 5265 ἀνθρώπων
783 5194 881 5267 τὴν
910 5195 1069 5266 φύσιν
1103 5199 1183 5262 εἰς
1217 5199 1506 5271 ὑμνῳδίαν,
1544 5203 1703 5276 πάλιν
1739 5203 1881 5257 κατὰ

1991 5205 2304 5269 cinendum,
2363 5220 2561 5261 rursus
2606 5204 3001 5261 distributione
3034 5202 3178 5257 facta
3210 5215 3392 5256 rerum
3431 5214 3547 5251 0m-

391 5360 415 5389 °
445 5349 648 5409 Genes.
692 5367 730 5413 ι,
759 5351 812 5404 5.
887 5360 916 5402 ι)
944 5350 1336 5420 Psal.cxxx1v,
1358 5356 1410 5408 7.

1616 5509 1847 5564 VARl/E
1892 5509 2289 5567 LECTIONES.

307 5630 359 5674 ~__
383 5599 434 5674 ’_’
462 5598 527 5674 in
549 5601 616 5674 A_
633 5599 946 5674 praecedunt
981 5601 1133 5674 ista“:
1172 5603 1452 5668 Εύλογεῖτε
1480 5602 1702 5674 οὐρανοὶ
1740 5602 1846 5674 τὸν
1872 5603 2093 5674 Κύριον,
2119 5605 2334 5672 ὑμνεῖτε
2362 5636 2430 5663 —,—
2462 5605 2681 5667 αἰῶνας.
2758 5603 2805 5634 ⁷⁵
2845 5601 2936 5655 καὶ
2970 5626 3037 5674 -τ-
3072 5615 3190 5674 νεςρ.
3231 5595 3443 5674 Qrs._in
3463 5593 3539 5674 ἠ.

315 5667 360 5746 ξ’
457 5665 673 5746 ὑμνεῖτε
714 5669 808 5746 καὶ
846 5670 1227 5746 ὑπερυιῖνοῦτε.Δ
1297 5665 1341 5702 ⁷⁵
1375 5673 1505 5724 ἐστί.
1549 5665 1684 5725 lies.
1742 5672 1795 5725 in
1832 5673 1889 5725 Β.
1963 5665 1972 5674 ’
2004 5674 2047 5704 ⁷⁷
2083 5665 2174 5727 καὶ
2218 5675 2371 5746 πρός.
2411 5675 2448 5727 Β
2501 5676 2610 5727 eri.
2646 5665 2655 5667 I
2689 5675 2731 5705 ⁷⁸
2772 5673 2859 5725 τὸν
2899 5701 2965 5709 -—-
3000 5666 3197 5735 ὑμνῳδ.
3251 5665 3418 5719 Ιῖτιῖςν
3452 5667 3541 5716 ἀν’

315 5736 550 5807 θρώπων
581 5739 678 5810 τὴν
718 5738 876 5807 φύσιν
912 5736 987 5803 εἷς
1029 5736 1297 5810 ύμνίίιδὶαν
1337 5742 1682 5804 καλέσαντες.
