3898 6208
416 296 554 358 1339

1404 298 1887 359 THEODORETI
1918 297 2253 358 EPISCOPI
2280 293 2640 355 CYRENSIS

3483 297 3590 365 1340

410 410 560 463 nium
641 402 954 461 eﬂ‘ectorem
996 404 1279 462 celebrare
1316 407 1657 478 praecipiunt,
1692 418 1739 463 et
1772 408 1965 477 princi-

2077 403 2336 473 διαίρεσιν
2366 402 2555 473 ὑμνεῖν
2586 396 2938 471 παρεγγυῶσι
2964 397 3055 451 τὸν
3081 399 3335 471 Ποιητήν·
3368 403 3451 458 καὶ
3472 411 3593 474 πρώ-

408 512 507 568 pes
538 495 770 552 aliorum
819 497 1066 553 omnium
1100 498 1244 554 ﬁlios
1277 497 1498 557 lsraelis
1543 500 1609 556 ad
1666 500 1717 554 id
1770 500 1980 557 facien-

409 588 540 644 dum
589 590 917 657 hortantur;
949 605 1091 660 quos
1123 589 1287 647 etiam
1319 592 1673 653 multifariam
1705 593 1978 661 dividunt,

413 695 477 735 ac
507 682 681 749 primo
725 678 851 735 loco
898 691 1113 750 ponunt
1155 684 1491 752 sacerdotes,
1539 687 1741 759 quippe
1780 689 1980 760 quibus

413 771 654 827 divinum
702 772 1067 829 commissum
1102 774 1268 829 fuerit
1314 776 1706 833 ministerium.
1749 779 1978 847 Deinde,

413 878 483 919 ne
529 863 987 919 existimarentur
1048 866 1180 921 solis
1234 868 1617 927 sacerdotibus
1681 871 1785 926 hoc
1839 873 1982 935 cele-

411 950 603 1010 brandi
636 955 822 1026 hymni
872 971 1073 1015 munus
1104 960 1477 1026 praescribere,
1520 962 1864 1032 subjiciunt:

481 1041 1127 1111 Vens.85.tBenedicite,
1152 1048 1295 1102 servi
1319 1047 1554 1115 Domini,
1580 1048 1832 1116 Domino,
1857 1050 1975 1106 lau-

411 1134 533 1191 date
558 1145 608 1190 et
639 1137 797 1191 valde
823 1137 1056 1193 cxaltate
1083 1152 1207 1192 eum
1232 1138 1285 1192 in
1308 1140 1489 1194 omnia
1510 1141 1709 1197 saecula
1739 1161 1753 1197 :
1787 1162 1806 1195 ι
1849 1151 1975 1198 tan-

409 1235 523 1281 tum
578 1244 685 1282 non
744 1227 993 1283 dicentes
1045 1243 1209 1301 posse
1256 1230 1419 1303 etiam
1472 1232 1740 1290 benevolo
1789 1235 1976 1292 animo

2084 512 2209 559 τους
2257 493 2355 565 μὲν
2401 491 2510 545 τῶν
2562 490 2735 546 ἀλλων
2784 488 3038 543 ἁπάντων
3083 488 3204 552 τούς
3250 488 3386 553 υἱοὺς
3419 493 3595 566 Ἰσραὴλ

2082 584 2240 640 τοῦτο
2266 583 2441 637 ποιεῖν
2467 579 2930 655 παρακελεύονται
2956 595 2971 610 ο
3003 578 3094 632 καὶ
3121 578 3329 643 τούτους
3354 580 3404 635 δὲ
3433 584 3594 639 πολλα-

2082 673 2193 745 χῶς
2212 672 2499 742 διαιροῦσι,
2528 670 2624 725 καὶ
2653 669 2902 725 τάττουσι
2922 666 3168 741 πρώτους
3191 668 3312 732 τούς
3338 671 3500 741 ἱερεῖς,
3521 675 3597 728 δτι

2080 765 2147 837 δὴ
2179 765 2278 835 τὴν
2312 763 2465 817 θείαν
2491 761 2838 833 λειτουργίαν
2869 759 3338 831 πεπιστευμένους.
3377 758 3509 827 Εἶτα,
3527 766 3598 819 ίνα

2084 857 2159 928 μὴ
2188 855 2483 927 νομισθῶσι
2534 855 2713 925 μόνοις
2762 856 2875 918 τοῖς
2917 852 3122 924 ἱερεῦσι
3165 854 3601 928 περιγράφειντὴν

2083 944 2373 1016 ὑμνῳδίαν,
2406 943 2701 1011 ἐπάγουσιν
2719 958 2734 973 ·

2162 1042 2267 1092 πέ.
2330 1054 2350 1087 ‹
2404 1035 2720 1104 Εὐλογεϊτε,
2771 1032 2945 1088 δοῦλοι
2995 1033 3237 1106 Κυρίου,
3283 1034 3368 1089 τὸν
3411 1036 3602 1108 Κύριον,

2080 1125 2301 1197 ὑμνεῖτε
2328 1124 2422 1178 καὶ
2435 1126 2481 1158 τ’
2507 1123 2848 1195 ὐπερυψούτε
2880 1124 2961 1187 είς
2989 1122 3197 1188 πάντας
3222 1125 3342 1188 τούς
3369 1125 3560 1191 αἰῶναςο
3584 1120 3609 1181 ι’

2082 1213 2363 1287 μονονουχὶ
2406 1214 2674 1283 λέγοντες,
2723 1215 2808 1269 δτι
2832 1215 3063 1270 δυνατὸν
3098 1215 3350 1279 εὐνοϊκῶς
3375 1217 3606 1273 δουλεύειν

406 1315 637 1371 Domino
693 1319 940 1381 servire,
996 1320 1312 1390 quicunque
1370 1340 1478 1378 non
1541 1324 1612 1379 sit
1669 1327 1965 1383 sacerdotic

2076 1306 2157 1378 τῷ
2201 1305 2444 1377 Δεσπότῃ
2489 1305 2584 1360 καὶ
2653 1305 2744 1360 τὸν
2792 1306 3093 1377 ἱερωσύνης
3141 1309 3535 1379 γεγυμνωμένον
3550 1310 3604 1363 ⁸⁸.

405 1408 720 1465 decoratus.
767 1409 981 1481 1126
1026 1410 1509 1468 Rcsurrectiouem
1560 1430 1781 1487 quoque
1831 1433 1973 1488 prte-

401 1501 661 1554 mtntiant
692 1539 706 1553 .

473 1589 641 1648 Vens.
687 1589 772 1645 86.
815 1609 834 1642 ι
870 1590 1188 1648 Benedicite
1241 1596 1411 1662 enim,
1450 1597 1631 1667 aiunt,
1661 1599 1887 1670 spiritus
1921 1611 1973 1656 et

400 1683 908 1751 animaejustorum,
932 1682 1161 1749 Domino
1188 1702 1200 1737 :
1240 1704 1260 1739 ι
1289 1686 1341 1742 id
1369 1697 1475 1752 cst,
1498 1691 1814 1760 spirituales
1847 1693 1969 1746 ani-

2078 1398 2523 1471 Προκηρύττουσι
2551 1397 2648 1452 καὶ
2675 1399 2773 1470 τὴν
2802 1399 3120 1453 ἀνάστασινο

2148 1600 2263 1660 πς’.
2313 1612 2331 1646 ι
2359 1594 2644 1663 Εὐλογεῖτε
2666 1594 2798 1667 γάρ,
2829 1595 2982 1665 φασὶ,
3030 1596 3315 1667 πνεύματα
3358 1597 3447 1651 καὶ
3469 1596 3610 1668 ψυχαὶ

2075 1685 2319 1751 δικαίων,
2354 1685 2445 1739 τὸν
2492 1684 2728 1755 Κύριονο
2774 1703 2793 1736 ι
2843 1686 3144 1752 τουτέστιν,
3192 1690 3248 1741 al
3286 1692 3611 1759 πνευματικαὶ

399 1789 502 1830 mm
533 1775 830 1843 justorum,
873 1775 1130 1831 humanis
1163 1780 1674 1848 perturbationibus
1721 1783 1965 1854 superio-

2071 1774 2180 1829 τῶν
2209 1775 2429 1831 δικαίων
2451 1776 2639 1849 ψυχαὶ,
2673 1777 2728 1829 αἱ
2754 1775 2865 1830 τῶν
2892 1778 3249 1849 ἀνθρωπίνων
3278 1781 3456 1836 παθῶν
3478 1782 3610 1857 ὑπέρ-

400 1880 487 1922 res
514 1866 691 1931 factae,
724 1882 841 1938 quae
871 1869 1102 1939 Spiritus
1133 1872 1368 1941 gratiam
1392 1872 1680 1946 accepere.
1712 1871 1850 1930 Tum
1879 1891 1965 1931 eos

2073 1885 2229 1939 τεραι
2288 1868 2668 1939 γενόμεναιθί,
2733 1870 2792 1922 αι
2840 1869 2937 1923 τοῦ
2985 1872 3306 1944 Πνεύματος
3345 1875 3440 1946 τὴν
3480 1875 3611 1948 χάριν

397 1971 618 2026 quoque
681 1958 990 2027 hortantur,
1045 1961 1139 2032 qui
1202 1963 1422 2019 virtutis
1479 1966 1719 2037 quodam
1773 1982 1972 2039 genere

396 2049 608 2118 praediti
640 2058 771 2105 sunt
792 2069 807 2082 ·

468 2140 635 2197 Vens.
679 2142 798 2197 87.1
826 2142 1161 2212 Benedicitc,
1196 2148 1473 2219 inquiunt,
1508 2150 1682 2205 sancti
1712 2158 1763 2207 et
1795 2152 1970 2207 humi-

396 2232 476 2289 les
515 2234 703 2299 corde,
738 2233 993 2292 Domino.
1030 2256 1048 2291 ι
1082 2236 1322 2297 Possunt
1357 2241 1504 2301 enim
1552 2241 1838 2312 injustitiae
1873 2260 1971 2299 ex-

394 2331 597 2393 pertes,
624 2326 800 2390 aiunt,
826 2335 882 2381 et
912 2326 981 2383 de
1008 2344 1067 2385 se
1092 2329 1375 2386 humiliter
1421 2332 1723 2390 sentientes
1752 2341 1808 2389 et
1852 2336 1969 2405 pla-

395 2428 519 2471 cere
560 2414 690 2481 Deo,
736 2425 793 2472 et
851 2420 1271 2479 convenientem
1314 2423 1393 2479 illi
1436 2424 1699 2493 hymnum
1748 2425 1966 2483 oﬁerre.

394 2505 574 2575 Atque
605 2509 721 2563 haec
756 2511 941 2567 omnia
971 2527 1078 2567 non
1113 2513 1331 2583 loquaci
1367 2516 1615 2571 oratione
1637 2532 1969 2574 commemo-

393 2608 609 2665 rarunt,
633 2601 729 2657 sed
755 2603 991 2672 primum
1015 2622 1143 2679 erga
1168 2606 1459 2663 Dominum
1490 2623 1730 2665 amorem
1759 2608 1969 2664 inﬂam-

392 2698 629 2754 mantes,
663 2707 728 2749 ac
762 2693 988 2764 ipsimet
1017 2712 1208 2753 eorum
1241 2698 1657 2766 beneﬁciorum,
1684 2715 1807 2770 qua:
1845 2716 1965 2755 ver-

394 2780 478 2835 bis
522 2784 759 2853 exprimi
798 2796 1101 2857 nequeunt,
1150 2797 1205 2845 et
1234 2790 1385 2848 illius
1430 2790 1658 2861 opiﬁcii,
1690 2793 1838 2862 quod
1869 2793 1967 2847 hoc

392 2869 601 2927 minum
632 2889 803 2932 causa
850 2878 920 2932 ab
961 2879 1124 2934 initio
1170 2882 1397 2937 molitus
1442 2892 1531 2937 est
1570 2883 1736 2951 Deus,
1783 2900 1966 2939 recor-

386 2962 605 3019 dantes.
639 2963 735 3022 His
784 2967 931 3023 enim
981 2970 1164 3027 verbis
1220 2972 1334 3031 haec
1383 2974 1639 3033 videntur
1689 2978 1961 3033 innuere:

388 3052 599 3115 Idcirco
648 3058 936 3116 Laudamus
996 3071 1052 3119 et
1114 3079 1447 3137 magnopere
1507 3068 1824 3129 extollimus
1886 3078 1959 3131 te,

389 3148 517 3216 quia
547 3164 642 3217 per
670 3151 896 3220 angelos
925 3153 1084 3208 nobis
1112 3154 1340 3211 exhibes
1374 3157 1664 3223 beneﬁcia,
1686 3158 1831 3226 quod
1851 3173 1963 3213 ca:—

388 3239 500 3292 lum
532 3249 755 3313 propter
788 3257 892 3299 nos
921 3245 1239 3311 condidisti.
1275 3248 1392 3303 sole
1422 3254 1605 3304 autem
1642 3249 1787 3303 diem
1832 3250 1962 3304 illu-

387 3342 555 3394 stras,
578 3340 634 3386 et
657 3333 782 3392 luna
800 3335 982 3393 noctis
999 3337 1218 3409 mitigas
1246 3338 1667 3404 obscuritatem,
1688 3346 1743 3394 et
1760 3347 1967 3411 tempo-

387 3424 464 3477 ris
496 3438 597 3477 nos
619 3423 784 3479 doces
810 3441 1127 3481 mensuram
1161 3444 1178 3482 :
1208 3429 1560 3485 celebramus
1588 3437 1662 3496 te,
1692 3430 1819 3499 quia
1856 3448 1958 3491 au-

388 3521 509 3568 ctor
527 3513 707 3578 fuisti,
722 3524 783 3570 ut
798 3519 1005 3573 cmlum
1019 3518 1183 3572 nobis
1207 3518 1376 3575 veluti
1397 3529 1611 3588 pratqu
1632 3521 1820 3576 stellas
1839 3536 1964 3592 pro-

389 3604 643 3665 duceret,
669 3614 723 3661 et
743 3605 974 3664 ﬁoribus
1004 3610 1099 3679 qui
1133 3624 1415 3679 nunquam
1450 3620 1799 3666 marcescunt
1830 3628 1965 3667 ocu-

389 3694 471 3749 los
495 3704 714 3750 nostros
737 3697 941 3767 pascis,
975 3713 1209 3769 quorum
1234 3699 1403 3753 etiam
1435 3715 1600 3754 cursu
1626 3715 1963 3770 cognoscen-

388 3785 512 3841 dam
534 3786 692 3857 nobis
710 3789 921 3859 praises
939 3790 1117 3845 noctis
1137 3803 1471 3844 mensuram.
1492 3789 1555 3842 Et
1580 3796 1702 3861 quis
1722 3808 1961 3865 unquam

388 3877 615 3947 tedigne
642 3879 1097 3944 celebrarit,cum
1118 3879 1262 3935 videt
1285 3886 1672 3950 tempestatum
1703 3882 1963 3939 mutatio-

389 3982 509 4034 nes,
545 3969 904 4026 solstitiorum
948 3969 1381 4032 vicissitudines,
1424 3979 1617 4026 testqu
1655 3981 1962 4043 opportune

386 4061 594 4118 azstatis
629 4069 873 4134 tempore
901 4060 1248 4123 adhibitum?
1276 4070 1392 4121 tum
1423 4074 1705 4117 ventorum
1734 4064 1962 4137 refrige-

388 4163 574 4208 rantes
605 4169 789 4217 auras,
834 4152 1007 4223 frigus
1037 4152 1218 4211 hieme
1258 4164 1311 4213 et
1356 4154 1594 4224 pluviam
1637 4157 1958 4227 procreari,

387 4252 442 4301 et
475 4243 902 4315 unumquodque
936 4243 1134 4297 decore
1163 4248 1217 4298 et
1261 4243 1456 4299 ordine
1491 4247 1814 4314 procedens,
1850 4246 1961 4303 ful-

386 4351 521 4406 gura
555 4336 789 4406 pluviam
826 4334 1148 4399 indicantia,
1182 4334 1356 4389 nubes
1380 4336 1595 4405 pluvias
1627 4338 1839 4410 1127
1864 4355 1961 4411 pa-

388 4428 611 4505 rientes,
658 4434 868 4483 montes
905 4434 956 4479 et
992 4425 1154 4495 plana
1187 4426 1305 4487 loca
1338 4429 1614 4501 segetibus
1644 4441 1837 4485 ornata
1892 4448 1957 4489 ac
1987 4467 2035 4527 θ

387 4516 725 4581 nemoribus,
768 4515 943 4571 fontes
989 4519 1357 4575 scaturientes
1406 4528 1460 4575 et
1507 4526 1526 4545 '
1579 4522 1793 4592 plantas
1832 4522 1958 4579 irri-

387 4613 611 4676 gantes,
663 4602 859 4660 fluvios
911 4604 1292 4665 indesinenter
1347 4608 1581 4666 ﬂuentes
1635 4626 1814 4683 neque
1872 4615 1959 4671 sui

384 4709 581 4749 cursus
613 4694 777 4749 ullam
808 4696 1048 4766 quietem
1078 4697 1452 4764 admittentes,
1499 4717 1649 4757 mare
1685 4705 1741 4757 in
1780 4705 1959 4761 medio

385 4784 622 4855 positum
655 4786 911 4842 amicitia:
937 4797 1218 4843 auctorem
1252 4798 1415 4860 atque
1447 4794 1773 4860 concordia),
1808 4809 1959 4851 com-

386 4891 714 4947 munemque
743 4879 922 4935 locum
954 4888 1007 4935 et
1040 4880 1237 4937 horum
1279 4892 1332 4938 et
1377 4884 1596 4938 illorum
1630 4886 1957 4944 commercia

385 4967 730 5036 rapientem?
768 4969 831 5025 Et
862 4987 932 5028 ne
971 4973 1190 5044 singula
1224 4988 1548 5046 prosequar,
1588 4976 1825 5046 primum
1854 4978 1958 5033 lto-

386 5074 507 5113 rum
537 5062 783 5119 omnium
810 5048 1110 5120 meminere
1146 5066 1310 5133 beati,
1353 5078 1411 5122 ut
1442 5082 1595 5125 suam
1626 5084 1736 5141 prae
1761 5083 1820 5125 se
1853 5068 1959 5133 fer-

388 5156 509 5202 rent
545 5150 711 5205 auimi
741 5153 1075 5224 aequitatem,
1102 5153 1267 5227 idque
1289 5155 1594 5223 studentes,
1628 5165 1689 5211 ut
1714 5155 1956 5227 ﬂagran-

387 5242 580 5296 tiorem
617 5258 681 5297 ex
718 5245 1110 5302 beneﬁciorum
1139 5249 1401 5303 memoria
1442 5247 1703 5320 hymnum
1734 5249 1957 5320 perﬁce-

2074 1958 2728 2031 ὐποδεξάμεναι.⁸Επειτα
2760 1960 2854 2013 καὶ
2884 1962 3011 2027 τούς
3042 1962 3248 2034 ἀρετῆς
3269 1963 3381 2035 είδη
3407 1965 3516 2018 τινὰ
3536 1982 3611 2019 κε-

2075 2067 2177 2121 κτη
2186 2051 2400 2121 μένους’

2145 2144 2249 2209 τις.
2296 2164 2315 2197 ι
2343 2146 2650 2214 Εὐλογείτε,
2686 2147 2850 2217 φασὶν
2864 2146 2933 2213 ⁸⁸,
2978 2147 3115 2200 ὅσιοι
3161 2149 3257 2201 καὶ
3298 2150 3524 2204 ταπεινοὶ
3558 2154 3611 2222 τῇ

2073 2235 2285 2308 καρδίᾳ,
2318 2238 2407 2291 τὸν
2433 2238 2660 2312 Κύριον.
2691 2258 2709 2291 ι
2746 2239 2980 2292 Δυνατδν
3011 2239 3139 2311 γὰρ,
3172 2241 3353 2309 φασιν,
3380 2242 3614 2307 ἀδικίας⁶³

2072 2329 2560 2402 ἀπηλλαγμένους,
2611 2332 2706 2386 καὶ
2746 2330 2987 2402 ταπεινῷ
3026 2334 3340 2405 φρονήματι
3376 2337 3612 2408 κεχρημέ·

2070 2441 2214 2489 νους,
2247 2425 2342 2480 καὶ
2376 2425 2633 2496 ἀρέσκειν
2674 2424 2795 2494 Θεῷ
2844 2425 2939 2479 καὶ
2978 2423 3071 2477 τὸν
3110 2424 3444 2495 ἁρμόττοντα
3471 2426 3611 2496 ὕμνον

2069 2515 2420 2587 προσφέρειν.
2458 2514 2647 2569 Ταῦτα
2677 2515 2733 2568 δέ
2770 2516 2871 2569 οὐκ
2903 2514 3196 2587 ἀδολεσχίᾳ
3220 2515 3480 2586 χρώμενοι
3506 2532 3611 2569 κατ-

2070 2608 2255 2675 έλεξαν
2279 2607 2511 2673 ἅπαντα,
2542 2606 2678 2661 ἀλλά
2708 2607 2923 2681 πρῶτον
2953 2606 3052 2677 μὲν
3077 2606 3140 2659 τδ
3175 2608 3304 2677 περὶ
3335 2607 3421 2659 τὸν
3445 2608 3614 2661 Δεσπό-

2066 2717 2167 2771 την
2203 2697 2564 2770 πυρσεύοντες
2602 2698 2823 2769 φίλτρον
2844 2737 2861 2762 ,
2917 2698 3010 2752 καὶ
3042 2698 3189 2767 σφᾶς
3220 2698 3415 2761 αὐτοὺς
3442 2698 3607 2768 ἀναμι-

2070 2792 2406 2863 μνήσκοντες
2451 2790 2559 2844 τῶν
2592 2791 2846 2862 ἀρρήτων
2876 2791 3233 2861 εὐεργεσιῶν,
3278 2790 3369 2843 xui.
3398 2791 3488 2861 τῆς
3523 2790 3610 2843 τῶν

2067 2882 2165 2936 ἀνθ
2175 2882 2368 2954 ρώπων
2388 2882 2571 2935 ἕνεκεν
2599 2881 2660 2946 ἐξ
2680 2882 2851 2953 ἀρχῆς
2872 2881 3173 2950 γενομένης
3190 2880 3238 2916 ⁸⁸
3254 2879 3606 2950 δημιουργίας·

2065 2971 2152 3025 διὰ
2185 2971 2290 3042 γὰρ
2326 2972 2530 3026 τούτων
2565 2972 2827 3043 μηνύουσι
2857 2970 2966 3024 τῶν
2997 2970 3196 3038 λόγων,
3219 2971 3303 3025 ὅτι
3343 2969 3613 3041 Ὕμνούμίν

2069 3079 2127 3116 σε
2155 3063 2249 3117 καὶ
2294 3064 2700 3141 ὐπερυψοῦμεν,
2741 3064 2823 3117 ὅτι
2855 3062 2922 3116 δι’
2952 3062 3202 3131 ἀγγέλων
3249 3063 3393 3134 ἡμᾶς
3426 3062 3613 3129 εὐεργε-

2066 3156 2200 3217 τεῖς,
2229 3154 2310 3207 ὅτι
2340 3155 2569 3227 οὐρανὸν
2599 3154 2757 3226 ἡμῶν
2808 3155 2970 3225 χάριν
3003 3154 3460 3226 ἐδημιούργησας,
3505 3152 3615 3225 ἡλίῳ

2065 3243 2121 3298 δὲ
2148 3244 2246 3316 τὴν
2276 3245 2488 3317 ἡμέραν
2522 3246 2799 3317 φωτίζεις,
2850 3246 2945 3299 καὶ
2990 3249 3057 3319 τῇ
3102 3246 3303 3317 σελήνῃ
3332 3246 3426 3319 τῆς
3451 3244 3613 3307 νυκτὸς

2065 3334 2380 3406 κεραννύεις
2407 3336 2468 3390 τὸ
2494 3337 2752 3406 ἀφεγγὲς,
2793 3336 2888 3391 καὶ
2921 3334 3019 3389 τοῦ
3049 3334 3250 3406 χρόνου
3281 3336 3425 3405 ἡμᾶς
3450 3334 3510 3387 τὰ
3538 3333 3615 3404 μέμ

2064 3444 2165 3498 τρα
2192 3427 2464 3491 διδάσκεις
2490 3443 2504 3458 ο
2557 3427 2835 3499 ὐμνοῦμέν
2871 3444 2953 3490 σε,
2988 3427 3070 3480 ὅτι
3118 3428 3217 3480 καὶ
3247 3425 3479 3496 λειμῶνα
3504 3425 3612 3497 ἡμῖν

2063 3517 2307 3589 ἀστέρων
2350 3517 2648 3589 βλαστῆσαι
2676 3519 2769 3572 τὸν
2812 3517 3039 3589 οὐρανὸν
3082 3517 3512 3595 παρεσκεύασας,
3537 3514 3613 3570 καὶ

2064 3607 2279 3661 ἄνθεσιν
2311 3608 2648 3680 ἀμαράντοις
2677 3610 2863 3681 ἑστιᾷς
2896 3608 3053 3680 ἡμῶν
3085 3609 3191 3677 τάς
3220 3609 3389 3678 δψεις,
3426 3607 3615 3677 καὶτῆς

2062 3698 2256 3761 νυκτὸς
2283 3699 2413 3768 ἡμῖν
2441 3698 2527 3751 διὰ
2564 3698 2660 3751 τοῦ
2682 3699 2885 3771 δρόμου
2915 3700 3124 3752 τούτων
3161 3700 3421 3769 παρέχεις
3449 3698 3511 3751 τὰ
3538 3695 3615 3767 μέ-

2062 3805 2166 3858 τρα
2194 3788 2501 3856 γινώσκειν.
2537 3791 2651 3843 Καὶ
2679 3789 2762 3854 τίς
2791 3791 2855 3846 ἄν
2882 3807 2941 3844 σε
2971 3790 3111 3863 πρὸς
3142 3789 3303 3857 ἀξίαν
3333 3790 3611 3860 ὐμνήσειεν,

2062 3881 2204 3952 ὀρῶν
2247 3880 2354 3935 τῶν
2385 3880 2543 3953 ὡρῶν
2574 3884 2674 3946 τὰς
2709 3878 3035 3946 μεταϐολὰς,
3079 3881 3191 3935 τῶν
3206 3882 3259 3915 ⁸⁵
3287 3879 3495 3954 τροπῶν
3533 3877 3612 3941 τὰς

2063 3975 2382 4044 ἀλλαγάς⁸⁶,
2421 3974 2610 4046 καῦμα
2655 3976 2985 4047 προσφόρως
3023 3974 3082 4028 ἐν
3129 3973 3281 4047 θέρει
3320 3971 3611 4042 γινόμενονς

2063 4066 2181 4124 εἶτα
2210 4067 2534 4139 πνευμάτων
2578 4066 2754 4139 αὔρας
2792 4066 3209 4143 ἀναψυχούσοις,
3246 4064 3415 4141 ψύχος
3440 4063 3493 4117 ἐν
3519 4076 3613 4133 χειν

2066 4161 2204 4233 μῶνι
2238 4161 2333 4214 καὶ
2372 4160 2527 4223 ὐετὸν
2579 4158 2995 4233 ἐπιφερόμενον,
3046 4159 3140 4212 καὶ
3186 4158 3415 4211 ἕκαστον
3450 4150 3613 4225 ῥυθμῷ

2063 4255 2153 4309 καὶ
2178 4253 2329 4318 τάξει
2351 4252 2658 4323 προϐαῖνον,
2687 4251 2976 4322 ἀστραπὰς
3001 4249 3092 4304 τὸν
3120 4250 3280 4304 ὑετὸν
3316 4247 3611 4322 μηνυούσας,

2061 4344 2290 4413 νεφέλας
2321 4344 2411 4403 τὸν
2438 4342 2590 4397 ὐετδν
2626 4342 2948 4407 ὧδινούσας,
2994 4341 3096 4413 ὅρη
3132 4343 3230 4395 καὶ
3273 4341 3429 4394 πεδία
3471 4337 3612 4407 ληίοις

2061 4433 2336 4509 κομῶντα,
2364 4435 2459 4493 καὶ
2485 4432 2698 4497 ἄλσεσι,
2727 4431 2910 4505 πηγὰς
2945 4430 3430 4493 ὐπανασλυςούσας
3443 4426 3506 4491 ⁸⁷,
3536 4421 3611 4477 καὶ

2061 4525 2280 4597 ἀρδείαν
2308 4527 2419 4589 τοῖς
2451 4525 2634 4595 φυτοῖς
2662 4521 3101 4596 προσφερούσας,
3139 4520 3423 4592 ποταμοὺς
3462 4518 3613 4572 ἀπαυ-

2060 4637 2162 4674 στα
2192 4620 2503 4691 τρέχοντας,
2553 4618 2649 4673 καλ⁸
2680 4617 2774 4675 τοῦ
2813 4617 3017 4697 δρόμου
3056 4615 3269 4670 παῦλαν
3317 4615 3378 4669 οὐ
3421 4606 3612 4682 δεχομέ-
3643 4647 3652 4656 .

2060 4727 2203 4774 νους,
2224 4709 2488 4765 θάλατταν
2508 4711 2565 4765 ἐν
2591 4708 2739 4780 μέσῳ
2763 4707 3043 4779 κειμένην,
3065 4706 3251 4777 φιλίας
3273 4705 3365 4758 καὶ
3389 4698 3610 4771 ὁμονοίας

2059 4795 2258 4863 αἰτίαν,
2287 4797 2380 4850 καὶ
2403 4797 2598 4868 χωρίον
2624 4796 2799 4851 κοινὸν
2821 4794 3024 4849 τούτων
3055 4795 3329 4849 κάκείνων
3357 4790 3611 4861 δεχόμενον

2058 4888 2127 4941 τὰ
2159 4888 2493 4959 συμϐόλαια;
2522 4889 2632 4941 Καὶ
2658 4888 2745 4941 ἴνα
2774 4888 2850 4959 μὴ
2882 4886 3007 4942 καθ’
3032 4887 3270 4940 ἕκαστον
3298 4884 3458 4952 λέγω,
3492 4878 3613 4950 πρῶ·

2059 4996 2149 5032 τον
2184 4979 2280 5048 μὲν
2304 4978 2507 5033 τούτων
2536 4979 2792 5034 ἀπάντων
2823 4977 3239 5051 ἐμνημόνευσαν
3270 4977 3318 5030 οί
3361 4972 3609 5045 μακάριοι.

2059 5064 2157 5136 τὴν
2185 5067 2390 5119 οίκείαν
2424 5066 2823 5132 ἐπιδεικνύντες
2849 5066 3297 5139 εὐγνωμοσύνην,
3336 5065 3427 5118 καὶ
3449 5057 3611 5133 θερμό-

2063 5171 2219 5226 τερον
2247 5155 2555 5209 ἐπιτελέσαι
2581 5156 2671 5209 τὸν
2700 5154 2933 5227 ὐμνον⁶⁸
2975 5157 3041 5227 τῇ
3096 5156 3291 5227 μνήμῃ
3334 5150 3439 5205 τῶν
3481 5147 3611 5215 εὐερο

2062 5247 2261 5321 γεσιῶν
2296 5247 2623 5320 ’βουλόμενοι
2647 5263 2661 5277 ⁸
2713 5247 2905 5301 ἔπειτα
2938 5246 3017 5313 δέ,
3053 5246 3145 5300 καὶ
3171 5246 3301 5309 τοὺς
3342 5237 3608 5297 Χαλδαίους
3660 5262 3668 5275 τ

1673 5425 1908 5483 vanu:
1939 5424 2337 5505 Laortoivss.

487 5558 532 5593 το
561 5561 651 5613 καὶ
676 5591 744 5605 ..-
791 5560 1010 5622 αἱῶνας.
1042 5560 1164 5617 Des.
1203 5561 1255 5616 in
1287 5562 1347 5615 Β.

385 5631 445 5679 Β.
538 5630 583 5703 ξ’
611 5629 702 5683 ἁδ.
742 5629 780 5682 Β
819 5647 1003 5703 prmut.
1044 5631 1188 5703 τούς.
1257 5630 1312 5703 ’³³
1340 5631 1793 5703 Βγεγενημένηςτ

398 5706 453 5748 ιιι
483 5699 715 5753 ridetur.
832 5701 873 5729 '"
909 5702 947 5752 Β
972 5700 1395 5766 ἀναϐλυζούσας.

1454 5562 1501 5593 ⁸ο
1533 5562 1573 5616 Β
1594 5561 1719 5625 τοὺς
1750 5560 2048 5633 ἱερωσύνης
2085 5557 2564 5630 γεγυμνωμένους.
2638 5557 2679 5588 ⁸⁸
2712 5555 2753 5608 Β
2776 5554 3160 5625 γεγενημέναι.

1454 5631 1793 5679 εγεντιαένης.
1889 5631 1935 5664 ⁸⁸
1974 5630 2101 5679 τῶν.
2132 5630 2174 5679 Β
2212 5632 2397 5679 ortam.
2428 5627 2543 5679 καί.
2662 5624 2708 5659 ⁸⁸
2738 5626 2779 5679 Β
2812 5624 3135 5679 ἀναλλαγάς.

1498 5630 1814 5703 ἐνημένηςξ
1889 5631 1935 5664 ⁸⁸
1974 5630 2101 5684 τῶν.
2132 5630 2174 5684 Β
2212 5632 2397 5715 praeut.
2428 5630 2543 5681 καί.
2584 5694 2612 5709 -
2662 5630 2670 5659 '

1498 5703 1543 5735 ⁸⁸
1568 5719 1619 5758 τ.
1650 5700 1842 5772 ὐμν.1η
1870 5701 1911 5751 Β
1945 5701 2165 5770 ponitur
2185 5707 2305 5769 post
2326 5712 2670 5767 ευεργεσιων.

3261 5552 3306 5584 ⁸⁸
3345 5545 3511 5619 φασίν.
3540 5539 3603 5619 ξω

2662 5624 2708 5659 δε
2738 5611 3135 5693 satiatam,
3192 5637 3292 5692 pm
3320 5611 3605 5682 timum.
