3898 6208
274 388 278 394 .
335 323 471 386 1343

1278 324 1763 390 THEODORETI
1794 324 2133 385 EPISCOPI
2161 326 2522 387 CYRENSIS

3438 329 3568 404 lim

403 453 425 488 ι
462 433 532 490 Et
557 432 636 489 ait
663 433 1023 505 optimatibus
1050 433 1191 498 suis,
1217 433 1411 491 Nonne
1431 435 1581 493 viros
1614 444 1730 491 tres
1761 434 1894 503 inje-

2073 455 2091 488 ι
2125 437 2233 491 Kal
2268 436 2416 505 λέγει
2443 438 2556 501 τοῖς
2587 437 2908 508 μεγιστᾶσιν
2951 437 3118 493 αὐτοῦ
3144 455 3156 469 ·
3203 440 3335 511 Οὐχὶ
3376 444 3572 514 ἄνδρας

329 524 508 579 cimus
551 523 608 579 in
641 522 879 577 medium
920 523 1064 593 ignis
1114 522 1490 593 compeditos?
1532 523 1721 596 (Vens.
1780 524 1895 593 92.)

330 612 398 667 Et
445 626 576 668 ecce
624 626 726 682 ego
761 610 1044 681 conspicio
1077 612 1228 668 viros
1276 619 1513 684 quatuor
1544 613 1778 680 solutos,
1842 619 1899 667 et

330 703 745 760 deambulantes
778 702 832 756 in
865 702 1049 758 medio
1083 704 1248 774 ignis,
1280 712 1335 759 et
1369 705 1648 775 corruptio
1674 720 1783 759 non
1810 712 1896 760 est

331 797 387 849 in
418 795 574 864 ipsis,
599 802 656 848 et
693 792 834 848 visio
862 794 1046 861 quarti
1081 793 1280 850 similis
1319 794 1431 850 ﬁlio
1468 796 1584 851 Dei.
1623 814 1643 848 ι
1676 795 1721 852 0
1751 795 1894 850 inef-

330 882 546 937 fabilem
573 880 742 935 animi
776 880 1055 937 lenitatem
1084 883 1098 936 l
1131 879 1264 938 Jure
1292 883 1676 939 exclamabant
1717 884 1893 938 sancti

326 971 724 1035 adolescentes,
757 989 777 1022 ι
810 970 950 1037 Quia
979 972 1035 1026 in
1068 973 1253 1028 omnia
1281 974 1482 1029 smcula
1516 973 1897 1030 misericordia

326 1063 467 1133 ejus,
497 1071 554 1119 et
580 1064 634 1119 in
662 1065 922 1119 saeculum
953 1065 1304 1121 saeculorum.
1339 1086 1360 1119 ι
1391 1066 1531 1122 Ecce
1562 1068 1706 1123 enim
1732 1066 1895 1122 istum

327 1170 568 1226 quoque,
601 1156 695 1225 qui
740 1164 895 1211 tanto
939 1156 1083 1213 l‘astn
1113 1158 1290 1213 elatus
1333 1164 1541 1212 tantam
1574 1157 1900 1214 adhibuerat

326 1247 730 1309 crudelitatem,
765 1247 968 1317 quique
1010 1247 1257 1303 divinum
1280 1288 1281 1293 η
1306 1249 1515 1303 cultum
1546 1262 1815 1319 usurpare
1844 1256 1900 1303 et

326 1337 421 1392 Dei
457 1339 698 1393 cultores
738 1338 1032 1394 crudeliter
1061 1348 1225 1410 atque
1266 1336 1531 1395 atrociter
1564 1341 1763 1411 punire
1796 1354 1895 1395 co-

327 1437 494 1485 natus
519 1430 718 1493 fuerat,
750 1430 818 1484 ad
857 1431 1110 1501 pietatem
1144 1431 1415 1502 perducit.
1447 1432 1605 1502 eique
1637 1432 1897 1488 virtutem

328 1535 508 1586 suam,
538 1535 646 1591 qua
696 1521 968 1576 mirabilia
1025 1520 1211 1584 ellieit,
1267 1522 1528 1587 ostendit,
1567 1532 1621 1578 et
1671 1520 1898 1577 missum

329 1613 535 1667 auxilio
560 1613 769 1668 sanctis
807 1614 1062 1684 angelum
1103 1613 1183 1667 illi
1216 1612 1575 1682 conspicuum
1628 1612 1797 1668 facit:
1834 1629 1899 1670 ac

328 1718 559 1758 numero
618 1704 854 1772 primum
908 1704 1086 1772 ipsum
1140 1701 1526 1771 obstupefacit,
1576 1718 1674 1773 pro
1723 1704 1898 1760 tribus

1998 530 2148 598 τρεῖς
2173 528 2437 600 ὲϐἁλομεν
2468 530 2547 593 εἰς
2581 528 2742 599 μέσον
2782 527 2877 583 τοῦ
2910 530 3083 600 πυρὸς
3126 533 3572 603 πεπεδημένουςς

2001 618 2155 690 (ιιβθ.)
2192 620 2306 675 Kal
2341 620 2451 674 ιδού
2499 619 2611 689 ἐγὼ
2640 619 2830 691 θεωρῶ
2862 618 3057 691 ἄνδρας
3101 622 3374 694 τέσσαρας
3422 624 3575 678 λελυ-

2004 713 2219 783 μένους,
2265 712 2357 765 καὶ
2390 711 2833 784 περιπατοῦντας
2857 712 2916 765 ὲν
2949 711 3098 783 μέσῳ
3124 712 3217 766 τοῦ
3245 714 3439 785 πυρὸς,
3484 717 3577 769 καὶ

2001 801 2268 872 διαφθορὰ
2295 801 2397 855 οὐκ
2424 800 2572 855 ἐστιν
2613 801 2671 853 ὲν
2696 800 2897 863 αὐτοῖς,
2936 801 3031 854 καὶ
3060 802 3091 871 ἡ
3127 800 3317 870 ὅρασις
3362 800 3458 855 τοῦ
3490 819 3576 854 τε-

2000 892 2198 962 τάρτου
2231 890 2392 961 ὁμοία
2438 889 2541 960 υἱῷ
2583 888 2739 944 Θεοῦ.
2772 910 2790 943 ι
2837 891 2902 943 Ὢ
2942 890 3041 961 τῆς
3080 892 3321 963 ἀρρήτου
3370 909 3577 963 μακρο-

2002 981 2236 1053 θυμίαςί
2285 981 2524 1045 Εἰκότως
2551 980 2722 1035 ἐϐόων
2752 981 2801 1034 οἱ
2835 981 2981 1050 ἅγιοι
3022 982 3210 1046 παῖδες
3233 998 3248 1011 ⁸
3301 1000 3320 1034 ι
3346 981 3476 1035 Ὅτι
3503 985 3579 1047 είς

2000 1072 2207 1135 πάντας
2239 1072 2366 1135 τοὺς
2387 1071 2584 1133 αίῶνας
2607 1070 2668 1123 τὸ
2688 1070 2833 1135 ἕλεος
2854 1070 3041 1137 αὐτοῦ,
3066 1071 3161 1125 καὶ
3180 1073 3259 1134 είς
3282 1072 3374 1125 τὸν
3411 1072 3580 1126 αἰῶνα

1997 1162 2108 1215 τῶν
2138 1160 2367 1215 αἰώνων.
2400 1181 2420 1214 ο
2476 1161 2607 1215 Ἰδοὺ
2635 1161 2753 1233 γὰρ
2771 1162 2862 1215 καὶ
2885 1161 3075 1216 τοῦτον
3103 1163 3348 1233 ὠμότητι
3381 1162 3579 1217 τοσαύ-

1998 1270 2066 1325 τῃ
2091 1253 2186 1306 καὶ
2210 1251 2363 1323 τύφῳ
2388 1253 2752 1325 χρησάμενον,
2803 1253 2896 1305 καί¹
2924 1252 2985 1305 τὸ
3015 1251 3157 1306 θεῖον
3202 1253 3369 1316 σέϐας
3406 1252 3580 1322 ἁρπά-

2007 1361 2096 1398 σαι
2123 1345 2142 1374 ⁷
2192 1344 2285 1398 καὶ
2316 1343 2439 1408 τοὺς
2472 1343 2649 1407 θείους
2691 1342 3027 1414 θεράποντας
3052 1341 3221 1413 ὠμῶς
3248 1345 3345 1396 καὶ
3376 1341 3580 1414 θηριω-

2002 1435 2107 1499 δῶς
2141 1434 2367 1489 κολάσαι
2416 1432 2765 1504 πειραθέντα,
2806 1431 2944 1500 πρὸς
2990 1430 3087 1503 τὴν
3126 1430 3415 1484 εὐσέϐειαν
3459 1431 3581 1484 ποδ-

2000 1526 2126 1596 ηγεῖ
2140 1525 2183 1589 ⁸,
2209 1524 2301 1578 καὶ
2326 1523 2423 1595 τὴν
2448 1522 2655 1576 οἰκείαν
2670 1518 2855 1591 αὐτῷ⁹
2884 1518 3332 1592 θαυματουργίαν
3363 1517 3579 1570 ὑποδεί-

2002 1632 2192 1681 κνυσι,
2243 1614 2337 1668 καὶ
2382 1614 2473 1668 τὸν
2532 1610 2905 1667 ἀποσταλέντα
2957 1612 3037 1674 είς
3089 1609 3424 1679 ἐπικουρίαν
3480 1608 3585 1661 τῶν

2002 1705 2172 1775 ἁγίων
2202 1705 2429 1776 ἄγγελον
2459 1704 2673 1775 ἐμφανῆ
2691 1703 2735 1735 ¹⁰
2759 1701 2906 1772 αὐτῷ
2939 1701 3103 1756 ποιεί.
3145 1701 3257 1755 Kal
3285 1700 3582 1771 ἐκπλήττει

330 1804 570 1865 quatuor
595 1795 858 1858 ostensis,
904 1792 1103 1848 deinde
1147 1794 1345 1848 solutis
1395 1795 1630 1850 vinculis
1663 1795 1897 1865 (solutos

2004 1798 2102 1867 μὲν
2127 1796 2306 1862 αὐτὸν,
2338 1795 2553 1867 πρῶτον
2580 1794 2658 1865 τῷ
2689 1792 2930 1865 ἀριθμῷ.
2965 1794 3087 1848 ἀντὶ
3112 1792 3279 1864 τριῶν
3306 1793 3582 1862 τέσσαρας

329 1888 473 1941 enim
520 1902 621 1958 pro
672 1887 873 1942 vinctis
918 1885 1335 1956 conspiciebat),
1377 1887 1563 1942 adhaec
1609 1887 1899 1942 incolumi-

330 1987 443 2034 tate
481 1994 496 2032 :
539 1996 558 2030 ο
591 1978 882 2048 Corruptio
904 1978 1072 2040 enim,
1112 1975 1312 2045 inquit,
1342 1993 1449 2032 non
1476 1990 1558 2035 est
1596 1980 1651 2035 ἱι
1686 1980 1838 2050 ipsis.
1873 1999 1892 2033 ι

336 2072 487 2128 Unde
511 2072 817 2143 perculsus,
856 2069 1001 2126 fastu
1033 2068 1244 2135 sedato,
1288 2071 1540 2125 accedit:

404 2335 568 2391 Vnus.
611 2336 702 2392 95.
750 2355 766 2386 ι
804 2333 871 2388 Ει
903 2334 1016 2388 ait:
1066 2334 1321 2402 Sidraeb,
1365 2335 1595 2403 Misacb,
1627 2346 1679 2393 et
1720 2337 1900 2396 Abde-

334 2443 494 2498 nago,
550 2427 691 2481 servi
743 2426 838 2480 Dei
890 2426 1167 2495 altissimi,
1216 2431 1380 2494 exite,
1439 2439 1494 2484 et
1532 2430 1792 2486 accedite.
1833 2431 1900 2485 Et

331 2521 537 2591 egressi
575 2528 708 2575 sunt
747 2518 1000 2583 Sidrach,
1044 2521 1271 2585 Misacb,
1297 2530 1353 2576 et
1384 2523 1679 2593 Abdcnago
1719 2538 1750 2580 e
1787 2539 1901 2579 tne-

331 2612 422 2667 dio
452 2611 614 2682 ignis.
654 2631 672 2663 ι
707 2609 913 2666 Didicit
947 2628 1122 2668 vanus
1150 2612 1265 2677 ille,
1294 2614 1386 2682 qui
1417 2614 1632 2668 dixerat
1661 2634 1674 2669 :
1714 2635 1732 2666 ι
1762 2614 1900 2681 Quis

329 2710 416 2757 est
440 2701 602 2768 Dens,
638 2703 731 2773 qui
783 2710 941 2758 eruat
989 2719 1085 2759 vos
1122 2719 1153 2759 e
1185 2706 1443 2760 manibus
1494 2706 1664 2762 meis?
1709 2726 1728 2760 ι
1778 2721 1901 2763 esse

331 2793 501 2850 Deum
549 2794 839 2850 inell‘abilis
890 2796 1207 2864 potestatis,
1259 2796 1369 2867 igni
1424 2796 1806 2867 imperantem,
1840 2807 1901 2852 ut

330 2886 660 2941 contrariam
714 2887 923 2942 sanctis
970 2887 1283 2943 ostenderet
1327 2888 1670 2956 qualitatem.
1723 2889 1898 2954 Quem

329 2978 473 3033 enim
525 2977 616 3032 ille
654 2992 766 3032 non
797 2977 1057 3032 censebat
1107 2977 1296 3042 Deum,
1338 2978 1551 3048 1130
1585 2977 1748 3033 Deum
1773 2993 1899 3034 esse

330 3068 608 3138 cognovit,
640 3078 695 3123 et
735 3068 1104 3124 celsissimum
1138 3067 1329 3124 Deum.
1363 3068 1477 3140 [94]
1525 3067 1774 3139 Egressis
1799 3085 1897 3123 att-

2001 1887 2286 1954 ὐποδείξας
2308 1905 2320 1918 ·
2353 1886 2544 1941 ἔπειτα
2571 1888 2635 1957 τῇ
2666 1885 2816 1938 λύσει
2844 1884 2949 1939 τῶν
2973 1884 3186 1956 δεσμῶν
3213 1901 3225 1915 ·
3250 1884 3583 1953 λελυμένους

2002 1979 2109 2049 γὰρ
2162 1979 2282 2033 ἀντὶ
2328 1978 2628 2048 δεδεμένων
2683 1975 2827 2047 ἑώρα
2856 1993 2870 2007 ·
2940 1975 3128 2029 ἔπειτα
3174 1978 3243 2047 τῇ
3294 1976 3579 2047 σωτηρίᾳ·

2004 2091 2024 2123 ι
2054 2069 2348 2141 ,Διαφθορὰ
2394 2070 2525 2142 γὰρ,
2568 2070 2751 2140 φησὶν,
2804 2069 2906 2123 οὐκ
2946 2067 3093 2123 ἔστιν
3118 2068 3159 2099 ¹¹
3207 2069 3266 2122 ὲν
3307 2068 3518 2130 αὐτοῖς.
3558 2085 3576 2118 ι

2000 2163 2164 2217 Ὅθεν
2193 2161 2510 2232 ἐκπλαγεὶς,
2538 2162 2632 2218 καὶ
2659 2161 2967 2226 καταλύσας
2997 2159 3088 2216 τὸν
3115 2158 3306 2233 τῦφον,
3342 2161 3581 2234 προσέρ-

2035 2267 2187 2306 εται’

2223 2365 2240 2395 ι
2270 2342 2372 2396 Καί
2394 2359 2526 2413 φησι
2545 2358 2558 2372 ³
2590 2337 3098 2413 Σιδρὰχ¹²,Μισὰχ,
3120 2338 3212 2394 καί
3246 2336 3577 2404 Ἀϐδεναγὼ,

1997 2438 2047 2491 οἱ
2074 2435 2246 2490 δοῦλοι
2286 2434 2381 2488 τοῦ
2408 2433 2543 2487 Θεοῦ
2574 2432 2669 2486 τοῦ
2704 2431 2948 2502 ὑψίστου,
2990 2430 3233 2497 ὲξέλθετε
3277 2431 3375 2484 καὶ
3401 2429 3577 2507 δεύτε.

1999 2527 2104 2582 Καὶ
2131 2525 2349 2597 ἐξῆλθον
2380 2523 2600 2595 Σιδρὰχ,
2627 2523 2814 2595 Μισὰχ
2846 2522 2939 2576 καὶ
2981 2519 3289 2588 Ἀϐδεναγὼ
3314 2521 3382 2574 ἐκ
3413 2520 3578 2591 μέσου

1998 2619 2093 2675 τοῦ
2120 2619 2308 2689 πυρός.
2351 2636 2370 2669 ι
2423 2615 2759 2687 Μεμάθηκεν
2786 2616 2814 2668 ὁ
2850 2613 3095 2684 μάταιος,
3124 2614 3152 2666 ό
3180 2611 3387 2679 λέγων·
3431 2630 3451 2662 ι
3485 2610 3579 2674 Τίς

1999 2712 2121 2765 ἐστι
2158 2710 2310 2774 Θεὸς,
2362 2708 2421 2772 ὃς
2469 2706 2689 2778 ῥύσεται
2719 2706 2865 2776 ὑμᾶς
2907 2705 2972 2757 ὲκ
2999 2703 3107 2757 τῶν
3140 2703 3341 2774 χειρῶν
3383 2719 3523 2773 μου;
3555 2720 3573 2752 ι

1997 2801 2080 2854 ὅτι
2109 2800 2225 2853 ἔστι
2249 2798 2380 2862 Θεὸς
2407 2797 2645 2870 ἁρῤητον
2671 2796 2809 2867 ἔχων
2848 2795 3158 2864 δύναμιν¹³,
3199 2794 3277 2864 τῷ
3310 2793 3449 2863 πυρὶ
3481 2809 3575 2846 κε-

1997 2888 2168 2942 λεύων
2198 2887 2445 2942 ἐναντίαν
2476 2883 2904 2953 ἐπιδείξασθαιίδ
2931 2886 3043 2949 τοῖς
3076 2880 3252 2953 ἁγίοις
3291 2883 3572 2953 ποιότητα.

2010 2982 2108 3033 Ὃν
2149 2978 2259 3050 γὰρ
2301 2978 2433 3032 Θεὸν
2476 2978 2680 3040 ἐκεῖνος
2721 2973 2820 3030 ὁύκ
2848 2974 3114 3045 ενόμιζεν,
3149 2975 3291 3043 ἔγνω
3331 2975 3417 3029 ὅτι
3463 2973 3574 3027 ἔστι

2002 3070 2153 3134 Θεὸς,
2179 3071 2273 3123 xal
2317 3068 2538 3139 ὕψιστος
2566 3068 2717 3131 Θεός.
2769 3065 3139 3138 Ἐξελθόντωνή
3159 3065 3216 3120 δὲ
3247 3065 3358 3119 τῶν
3385 3063 3569 3134 ἁγίων,

329 3169 438 3215 tem
476 3161 712 3225 sanctis,
737 3160 1085 3215 admirantur
1107 3175 1301 3216 omnes
1343 3169 1600 3230 satrapae,
1627 3168 1683 3216 et
1708 3170 1896 3230 topar-

2002 3129 2336 3231 θαυμάζουσι
2365 3129 2470 3231 ’μὲν
2514 3129 2752 3223 ἁπαντες
2799 3129 3098 3230 σατράπαι,
3130 3136 3246 3212 eral
3280 3129 3570 3226 τοπάρχαι,

328 3254 467 3318 citae.
504 3263 561 3308 et
593 3253 858 3323 praefecti,
886 3262 1207 3308 sanctorum
1239 3267 1474 3323 corpora
1500 3253 1819 3321 incorrupta
1845 3261 1902 3309 et

331 3344 503 3400 illa-sa
527 3351 852 3398 conservata
874 3344 1334 3413 contemplantes,
1355 3344 1616 3415 ipsosque
1644 3343 1896 3413 capillos,

329 3434 425 3505 qui
462 3435 599 3488 nihil
632 3434 807 3489 exilla
829 3432 1045 3488 ﬂamma
1072 3435 1380 3491 sensissent
1409 3453 1423 3489 :
1462 3448 1640 3503 neque
1668 3434 1898 3502 capillos

332 3535 569 3592 tantum,
606 3527 701 3582 sed
738 3529 914 3598 ipsam
934 3528 1104 3583 etiam
1130 3536 1361 3590 vestem,
1391 3528 1405 3547 '
1430 3525 1895 3592 ctcalceamenta,

330 3632 452 3687 qua:
480 3627 902 3686 permanserant
935 3617 1221 3683 inviolata,
1259 3623 1427 3685 atque
1460 3614 1599 3669 adeo
1633 3623 1694 3668 ut
1721 3616 1899 3685 ipsius

330 3725 550 3779 quoque
573 3709 717 3778 ignis
736 3718 995 3765 carerent
1023 3709 1219 3764 odore.
1246 3705 1451 3760 Deinde
1478 3705 1563 3759 his
1587 3707 1898 3773 conspeCtis

329 3798 843 3853 Nabuchodonosor
868 3798 1034 3854 Deum
1071 3798 1281 3861 laudat,
1313 3807 1367 3852 et
1392 3799 1471 3851 ait
1498 3813 1512 3850 :

402 3888 565 3944 Vens.
604 3890 692 3944 95.
723 3909 741 3941 ι
786 3889 1118 3944 Benedictus
1150 3888 1412 3949 Dominus
1444 3889 1588 3945 Deus
1619 3888 1895 3959 Sidraclti,

330 3981 579 4043 Misacbi,
604 3965 659 4036 et
681 3980 1091 4051 Abdenagonis.
1111 3981 1206 4050 qui
1230 3979 1384 4033 misit
1417 3981 1675 4050 angelum
1714 3998 1895 4050 suum,

329 4083 385 4129 et
416 4073 670 4128 liberavit
708 4086 903 4129 servos
935 4088 1091 4135 suos,
1121 4072 1214 4141 qui
1248 4071 1443 4126 conﬁsi
1481 4081 1611 4127 sunt
1635 4073 1690 4126 in
1727 4087 1815 4136 eo,
1845 4084 1900 4129 et

329 4165 557 4220 verbum
597 4163 746 4234 regis
777 4170 1148 4227 mutaverunt,
1191 4170 1247 4217 et
1276 4161 1624 4216 tradiderunt
1662 4177 1898 4233 corpora

330 4272 452 4323 sua,
485 4272 554 4312 ne
599 4256 890 4321 servirent,
940 4270 1122 4325 neque
1164 4254 1464 4308 adorarent
1510 4254 1678 4307 ullum
1733 4254 1896 4309 deum

330 4348 520 4414 alium,
547 4347 645 4404 sed
673 4346 845 4402 Deum
883 4362 1065 4401 suum.
1106 4364 1125 4398 ι
1175 4344 1405 4414 Semper
1427 4345 1767 4414 experientia
1803 4343 1896 4398 Dei

2000 3253 2096 3306 καὶ
2127 3251 2444 3323 στρατηγοὶ,
2497 3249 2828 3320 θεωροῦντες
2874 3250 3129 3321 ἀκήρατα
3178 3247 3572 3319 διατηρηθέντα

1999 3342 2107 3396 τῶν
2128 3342 2297 3412 ἁγίων
2322 3341 2393 3394 τὰ
2416 3341 2644 3412 σώματα
2660 3342 2724 3408 ¹⁵,
2768 3341 2863 3395 καὶ
2891 3342 2989 3404 τὰς
3013 3341 3205 3413 τρίχας
3233 3340 3404 3405 αὐτὰς
3430 3339 3572 3393 οὐδε-

2003 3432 2131 3504 μίαν
2160 3431 2411 3502 αίσθησιν
2437 3433 2503 3486 ὲκ
2531 3431 2633 3502 τῆς
2666 3431 2863 3501 φλογὸς
2887 3429 3181 3502 δεξαμένας
3206 3430 3426 3501 ἐκείνης
3451 3448 3464 3461 ·
3511 3430 3569 3482 οὐ

1998 3522 2097 3587 τὰς
2123 3522 2317 3594 τρίχας
2363 3522 2418 3575 δὲ
2466 3522 2649 3591 μόνον,
2700 3522 2837 3578 ἀλλὰ
2866 3522 2960 3578 καὶ
2990 3522 3161 3595 αὐτὴν
3202 3521 3302 3594 τὴν
3348 3522 3568 3592 ἐσθῆτα,

1999 3616 2093 3671 καὶ¹
2119 3615 2189 3669 τὰ
2234 3614 2553 3685 ὑποδήματα
2583 3615 2818 3687 ἀκέραια
2847 3616 3128 3687 μείναντα,
3173 3614 3249 3681 ὡς
3276 3616 3375 3671 καὶ
3403 3616 3573 3687 αὐτῆς

1997 3705 2338 3776 ἀπηλλάχθαι
2366 3706 2464 3776 τῆς
2508 3706 2615 3760 ἀπὸ
2646 3706 2740 3760 τοῦ
2776 3707 2949 3778 πυρὸς
2993 3707 3188 3778 ὀσμῆς.
3246 3703 3381 3761 Εἶτα
3416 3708 3573 3778 ὐμνεῑ

1996 3795 2169 3849 ταῦτα
2193 3794 2527 3864 θεασάμενος
2554 3796 2582 3849 ό
2609 3795 3101 3868 Ναϐουχοδονόσορ,
3142 3798 3240 3855 καὶ
3275 3796 3429 3867 λέγει
3452 3814 3464 3826 ·

2068 3888 2168 3952 ιιεᾶ
2216 3901 2235 3935 ι
2261 3884 2567 3955 Εὐλογητὸς
2586 3887 2630 3918 ¹⁶
2655 3887 2684 3939 ό
2714 3886 2846 3950 Θεὸς
2873 3886 2967 3940 τοῦ
2997 3886 3215 3958 Σιδρὰχ,
3240 3889 3454 3959 Μισὰχ,
3479 3891 3569 3943 καὶ

2011 3972 2335 4040 Ἀϐδεναγὼ,
2361 3972 2420 4037 ὃς
2444 3973 2731 4028 ἀπέστειλε
2758 3975 2853 4030 τὸν
2879 3976 3107 4046 ἄγγελον
3135 3977 3329 4043 αὐτοῦ,
3364 3981 3459 4033 καὶ
3484 3982 3569 4051 ὲρ-

2000 4065 2200 4137 ῥύσατο
2229 4065 2270 4096 ¹⁷
2319 4065 2446 4127 τοὺς
2479 4065 2674 4129 παῖδας
2701 4065 2893 4134 αὐτοῦ,
2943 4070 3029 4122 ὅτι
3067 4069 3456 4125 ὲπεποίθεισαν
3484 4070 3567 4125 ἐπ’

1996 4155 2166 4227 αὐτῷ,
2219 4155 2312 4209 καὶ
2354 4155 2415 4209 τὸ
2461 4156 2616 4227 ῥῆμα
2657 4157 2749 4210 τοῦ
2800 4158 3063 4228 βασιλέως
3110 4160 3434 4231 ἠλλοίωσαν,
3481 4163 3569 4216 καὶ

1999 4246 2318 4317 παρέδωκαν
2356 4245 2427 4299 τὰ
2472 4246 2700 4317 σώματα
2732 4248 2911 4322 αὐτῶν
2932 4250 2994 4310 ’⁸,
3041 4251 3187 4314 ὅπως
3233 4251 3310 4322 μὴ
3343 4253 3567 4323 λατρεύ-

1999 4355 2153 4399 σωσι,
2178 4337 2309 4408 μηδὲ
2338 4340 2755 4408 προσκυνήσωσι
2775 4341 2941 4393 παντὶ
2966 4341 3072 4410 θεῷ
3097 4342 3269 4414 ἑτέρῳ
3290 4345 3354 4407 ¹⁹,
3379 4345 3512 4397 ἀλλὰ
3525 4346 3567 4376 ¹⁹

329 4439 647 4510 percipiens
685 4439 980 4502 virtutem,
1023 4437 1194 4491 miser
1247 4436 1363 4500 ille,
1411 4436 1676 4492 oblivioni
1728 4436 1897 4491 tradit

2001 4426 2073 4497 τῷ
2101 4426 2219 4497 Θεῴ
2248 4425 2445 4480 αὐτῶν.
2483 4445 2503 4478 ι
2569 4427 2680 4482 Ἀεὶ
2723 4431 2788 4500 τῇ
2847 4430 3014 4501 πείρᾳ
3060 4430 3503 4503 παραλαμϐάνων
3543 4435 3570 4486 ὁ

330 4502 622 4579 miracula.
664 4521 781 4577 Hoc
817 4538 946 4592 erga
988 4521 1407 4578 sanctissimum
1447 4521 1727 4577 Danielem
1757 4538 1897 4592 quo-

2003 4518 2227 4588 μάταιος
2270 4514 2363 4570 τοῦ
2409 4516 2543 4571 Θεοῦ
2598 4518 2694 4589 τὴν
2736 4519 3001 4590 δύναμιν,
3036 4522 3173 4593 λήθῃ
3220 4502 3293 4575 τὰ
3320 4523 3567 4593 θαύματα

330 4628 439 4682 que
469 4611 623 4669 fecit.
658 4613 901 4682 Surgens
923 4612 1066 4667 enim
1099 4614 1253 4666 illum
1284 4614 1557 4679 adoravit,
1589 4615 1749 4684 eique
1773 4614 1902 4670 thus

327 4711 386 4757 et
422 4702 654 4758 odorata
686 4703 957 4758 sacrilicia
988 4702 1174 4758 oll‘erri
1221 4705 1501 4774 praecepit.
1539 4706 1605 4758 Et
1646 4721 1794 4759 nunc
1824 4706 1901 4760 si-

332 4791 534 4847 militer
570 4803 868 4862 conspecta
898 4791 1095 4847 horum
1127 4803 1454 4849 sanctorum
1485 4794 1682 4859 salute,
1727 4794 1897 4849 Deum

332 4879 539 4945 laudat,
592 4889 646 4937 et
680 4882 832 4937 viros
888 4882 1216 4950 admiratur,
1265 4886 1411 4954 quod
1471 4884 1615 4954 regis
1670 4885 1897 4940 verbum

332 4977 620 5044 mutarint,
671 4988 726 5034 et
765 4979 968 5052 iniqua:
1006 4980 1133 5036 vita:
1184 4981 1329 5051 piam
1377 4990 1607 5037 mortem
1665 4989 1894 5053 antepo-

332 5066 564 5120 suerint.

1998 4608 2357 4680 παραδίδωσι.
2404 4609 2575 4662 Τοῦτο
2619 4612 2714 4663 καὶ
2755 4613 2849 4664 ἐπὶ
2876 4612 2970 4665 τοῦ
2993 4612 3270 4666 θειοτάτου
3303 4617 3566 4686 πεποίηκε

1997 4699 2196 4770 Δανιήλ
2217 4716 2232 4730 ·
2277 4700 2515 4763 ἀναστὰς
2541 4700 2649 4772 γὰρ
2678 4703 3088 4772 προσεκύνησεν
3121 4703 3294 4775 αὐτῷ,
3326 4708 3421 4759 καὶ
3468 4725 3564 4778 μα-

1997 4789 2102 4843 ναὰ
2130 4791 2220 4843 καὶ
2247 4790 2474 4843 εὐωδίαν
2503 4792 2933 4862 προσενεχθῆναι
2958 4793 3110 4865 αὐτῷ
3135 4798 3563 4868 παρενεγγύησε.

1998 4883 2109 4937 Kal
2138 4882 2233 4936 νῦν
2278 4883 2335 4935 δὲ
2380 4882 2641 4946 ὡσαύτως
2673 4883 3007 4955 θεασάμενος
3037 4887 3144 4939 τῶν
3174 4887 3347 4956 ἁγίων
3375 4889 3567 4942 τούτων

2001 4973 2100 5044 τὴν
2141 4973 2431 5043 σωτηρίαν,
2482 4974 2641 5045 ὑμνεῖ
2677 4975 2767 5028 τὸν
2811 4976 2963 5040 Θεὸν,
3007 4977 3100 5030 καὶ
3142 4979 3414 5048 θαυμάζει
3450 4982 3567 5042 τοὺς

2001 5063 2220 5133 ἄνδρας,
2268 5063 2351 5115 ὅτι
2388 5063 2689 5133 ὴλλοίωσαν
2734 5066 2798 5118 τὸ
2847 5068 2994 5137 ῥῆμα
3026 5067 3121 5121 τοῦ
3148 5068 3437 5139 βασιλέως,
3478 5071 3565 5124 καὶ
3622 5108 3625 5109 ν

2003 5154 2412 5225 προετίμησαν,
2468 5157 2664 5227 φησὶν,
2724 5158 2918 5230 εὐσεϐῆ
2977 5159 3207 5215 θάνατον
3254 5162 3564 5234 παρανόμου

2003 5244 2168 5313 ζωῆς.

1634 5442 1715 5496 VA
1725 5440 1860 5495 RUE
1902 5440 2301 5498 LECTIONES.

402 5568 423 5598 ⁷
463 5568 600 5638 ἁρπ.
634 5569 674 5621 Β
712 5569 838 5625 add.
868 5569 1342 5694 gtkovuxﬁaavra.
1419 5574 1438 5603 ⁸
1471 5573 1510 5623 Β
1540 5573 1740 5640 ὁδηγεῖ.
1814 5576 1837 5605 ⁸
1880 5575 1918 5625 Β
1955 5574 2138 5627 αὐτοῦ.
2218 5577 2259 5607 ¹⁰
2295 5578 2425 5645 ὲμφ.
2455 5576 2496 5628 Β
2533 5577 2709 5645 δῆλον.

407 5634 559 5694 δρᾶν.
639 5639 681 5671 ⁸³
717 5639 830 5694 δύν.
935 5658 1121 5694 artant.
1152 5644 1268 5694 τήν.
1348 5643 1389 5674 ί*
1426 5643 1465 5694 Β
1495 5644 1772 5694 ἐπιδεῖξαι.
1856 5645 1899 5674 ¹’¹
1930 5645 1967 5694 Β
1997 5645 2273 5694 ἀκήρατον
2305 5646 2630 5694 διατηρηθὲν
2656 5648 2709 5694 rd

323 5634 559 5707 ξεδρὰά.
639 5639 681 5671 ’³
717 5639 830 5694 δύν.

935 5658 1121 5710 prtem.
1152 5644 1268 5711 τήν.
1348 5643 1389 5674 ιδ
1426 5643 1465 5694 Β
1495 5644 1772 5708 ἐπιδεῖξαι.

340 5703 381 5756 Β
416 5703 540 5759 add.
567 5707 786 5776 Κύριος.

889 5712 928 5741 ι’
954 5712 1071 5782 ears.
1104 5712 1146 5764 A
1188 5712 1441 5776 ἐξείλατο.
1526 5714 1566 5742 ιη

1601 5715 1720 5767 αὐτ.
1755 5713 1793 5767 Α
1816 5714 1936 5767 add.
1972 5716 2049 5776 εἰς
2077 5713 2186 5782 πῦρ

2807 5582 2844 5611 ¹¹
2878 5581 2990 5636 ἔστ.
3041 5581 3166 5638 Des.
3206 5585 3261 5638 in
3302 5586 3363 5639 B.
3456 5580 3493 5607 "
3524 5585 3562 5637 Β

1856 5645 1967 5722 ξ’[ίὶ
1997 5645 2635 5722 ἁκήρατονμδιατηρηθὲν
2656 5648 2761 5722 τῶν
2803 5650 2971 5722 ἁγίων
3002 5652 3061 5704 τὸ
3099 5653 3278 5722 σῶμα.
3350 5657 3392 5687 ¹⁶
3432 5655 3551 5710 Εὐλ.

2264 5716 2304 5747 ⁸⁸
2346 5716 2424 5769 ﬁt.
2462 5717 2583 5771 Des.
2624 5718 2676 5772 in
2702 5720 2766 5773 Α.
2849 5716 2907 5753 ’³ο
2935 5721 2973 5773 Β
3004 5722 3120 5775 ἀλλ’
3152 5716 3206 5786 ἴδ’.
