3898 6208
202 4186 207 4191 ‘
280 4175 334 4228 in
374 4174 439 4228 Β.

273 303 409 368 1345

1490 304 1573 365 ΙΝ
1609 274 1965 366 DANIELIS
2000 307 2158 367 CAP.
2198 308 2311 368 III.

3401 313 3536 382 1346

337 422 453 483 ῑιςκ
502 433 522 466 ι
552 415 662 469 Καὶ
700 412 814 479 νῦν,
852 414 1036 486 φησὶν,
1084 413 1192 469 ἰδοῦ
1232 413 1400 484 ὲγὼ¹¹
1447 414 1702 484 ὲκτίθημι
1760 413 1846 467 δό-

2028 415 2193 473 Vsus.
2243 417 2332 472 96.
2379 436 2397 470 ι
2449 420 2512 474 Et
2581 435 2754 487 nunc,
2829 422 3031 494 inquit,
3076 439 3210 481 ecce
3246 439 3348 496 ego
3390 442 3535 496 pono

267 524 453 578 γματα
471 506 537 572 “,
571 507 720 569 ὅπως
751 508 858 569 πᾶς
887 505 1033 569 λαὸς,
1076 505 1242 577 φυλὴ,
1277 505 1574 576 γ).ῶσσα,ἦ
1614 505 1680 560 ἂν
1720 504 1849 577 εἴπῃ

268 599 621 671 βλασφημίαν
644 599 787 651 κατὰ
805 598 899 651 τοῦ
920 598 1054 651 Θεοῦ
1076 598 1293 669 Σιδρὰχ,
1317 597 1522 669 Μισὰχ,
1542 599 1635 651 καὶ
1664 586 1850 651 Ἀδδε-

264 691 439 762 ναγὼ,
488 693 568 754 εἰς
608 692 885 746 ἀπώλειαν
928 691 1160 755 ἔσονται,
1210 690 1305 744 καὶ
1367 691 1417 743 οἰ
1469 685 1610 743 οἶκοι
1671 688 1849 743 αὐτῶν

266 785 813 857 διαρπαγήσονται²³,
858 784 1049 838 καθότι
1076 784 1176 839 οὐκ
1214 782 1331 836 ἔστι
1376 783 1507 846 Θεὸς
1551 783 1762 854 ἕτερος,
1789 783 1850 846 ὃς

265 878 554 948 δυνήσεται
578 877 845 948 ῥύσασθαι
871 874 1064 939 οὕτως.
1101 894 1119 928 ι
1146 875 1257 929 Καὶ
1280 875 1358 946 τῷ
1374 875 1419 907 ’τ’
1449 875 1560 929 ὄντι
1593 878 1658 947 τῇ
1684 874 1849 946 πείρᾳ

265 969 427 1023 τοῦτο
471 960 791 1040 μεμάθηκεν
826 985 842 999 ·
903 967 1116 1020 πολλῶν
1154 966 1264 1038 γὰρ
1304 965 1656 1036 καλουμένων
1707 965 1847 1018 θεῶν

263 1061 400 1115 τὰη
427 1062 627 1131 τεμένη
669 1059 1001 1123 καταλύσας,
1050 1059 1144 1112 καὶ
1186 1058 1254 1112 τὰ
1285 1060 1485 1129 ταμεῖα
1503 1058 1549 1089 ²⁶
1585 1056 1844 1127 συλήσας,

267 1154 488 1225 βωμοὺς
529 1152 876 1219 ἀνασπάσας,
914 1152 1010 1205 καὶ
1050 1153 1178 1215 τοὺς
1228 1151 1555 1222 ἰερωμένους
1600 1149 1843 1204 αὑτῶν²⁷

265 1244 643 1313 κατασφάξας,
692 1244 944 1313 οὐδεμιᾶς
996 1243 1145 1306 θείας
1192 1242 1512 1313 εὐεργεσίας
1535 1241 1846 1308 ⁸⁸.ὲδὲξατο

266 1340 464 1406 πεῖραν
493 1353 504 1367 ·
549 1336 691 1390 κατὰ
727 1337 785 1389 δὲ
817 1334 924 1387 τῶν
950 1333 1027 1404 τῷ
1054 1334 1172 1404 Θεῷ
1191 1335 1564 1404 ἀνακειμένων
1585 1337 1650 1405 τῇ
1678 1333 1843 1404 λύττῃ

267 1427 634 1500 χρησάμενος,
670 1424 780 1480 εἰδε
801 1425 895 1480 τοῦ
928 1426 1062 1480 Θεοῦ
1091 1426 1186 1480 καὶ
1206 1426 1302 1497 τὴν
1333 1428 1559 1497 ἄπειρον
1592 1426 1841 1496 δύναμιν,

268 1520 365 1574 καὶ
401 1518 503 1589 τὴν
541 1518 922 1590 μακροθυμίαν
962 1518 1061 1589 τὴν
1103 1518 1341 1590 ἄρρητον
1369 1535 1383 1550 ο
1428 1519 1554 1581 τοὺς
1603 1518 1701 1589 μὲν
1735 1517 1843 1588 γὰρ

266 1611 505 1676 οἰκείους
530 1612 865 1684 θεράποντας
888 1612 1209 1682 ἀκραιφνεῖς
1232 1610 1571 1678 διεφύλαξεν,
1604 1610 1765 1664 αὑτὸν
1785 1611 1844 1664 δὲ

267 1705 406 1770 τέως
427 1705 582 1769 δίκας
605 1705 703 1775 τῆς
739 1704 935 1774 μανίας
956 1703 1056 1766 οὐκ
1084 1703 1463 1775 εἰσεπράξατο,
1487 1703 1842 1775 ἐπιμείναντα

268 1797 324 1851 δὲ
385 1801 451 1869 τῇ
507 1796 793 1866 δυσσεϐεἰᾳ
845 1795 983 1866 μετὰ
1031 1795 1201 1867 βραχὺ
1271 1795 1506 1867 μετρίως
1555 1795 1840 1860 ἐκόλασεν,

268 1886 389 1943 εἶτα
435 1888 693 1960 μετανοίᾳ⁸
743 1888 1088 1961 χρησάμενον
1140 1887 1549 1959 φιλανθρωπίας
1589 1885 1842 1957 ἠξίωσεν.

340 2066 444 2136 κζ’.
486 2085 506 2119 ι
543 2066 674 2122 Τότε
707 2065 765 2119 δὲ
792 2067 941 2138 ὅμως
971 2064 1288 2131 κατεύθυνε,
1324 2065 1508 2135 φησιν,
1539 2066 1567 2119 ό
1592 2063 1848 2135 βασιλεὺς

267 2160 360 2216 τὸν
384 2160 582 2232 Σιδρὲχ
606 2200 621 2224 ,
665 2159 885 2229 Μισὰχ,
935 2160 1030 2213 καὶ
1075 2158 1382 2227 Ἀϐδεναγὼ
1406 2200 1421 2224 ,
1468 2160 1525 2210 ἐν
1575 2161 1641 2230 τῇ
1690 2156 1847 2229 χώρᾳ

269 2251 604 2315 Βαϐυλῶνος,
652 2252 745 2304 καί⁵
794 2249 1029 2321 ηὔξησεν
1074 2250 1307 2315 αὐτοὺς,
1344 2249 1439 2303 καὶ
1479 2248 1711 2320 ἠξίωσεν
1749 2248 1848 2302 αὖε

266 2344 394 2407 τοὺς
423 2345 468 2376 ⁸ο
502 2341 753 2414 ἡγεῖσθαι
812 2342 1031 2395 πάντων
1088 2340 1198 2394 τῶν
1247 2339 1517 2394 Ἰουδαίων
1567 2340 1676 2392 τῶν
1697 2339 1743 2371 ⁸⁰
1780 2339 1841 2392 ἐν

266 2436 335 2505 τῇ
389 2432 636 2505 βασιλείᾳ
682 2431 870 2487 αὐτοῦ.
924 2450 944 2483 ι
985 2432 1271 2503 Τοσαύτην
1315 2433 1344 2484 ὁ
1395 2430 1671 2502 Δεσπότης
1736 2429 1846 2485 τῶν

269 2524 593 2597 θεραπεύειν
613 2524 775 2578 αὑτὸν
792 2523 1205 2577 ἐσπουδακότων
1227 2524 1458 2577 ποιεῖται
1482 2520 1842 2592 προμήθειαν.

269 2616 381 2669 Καὶ
436 2615 661 2678 εἰκότως
718 2614 889 2668 ἐϐόων
937 2617 987 2668 οἰ
1042 2615 1187 2684 ἆγιοι
1248 2597 1438 2676 παῖδες
1491 2607 1718 2675 chron“,
1765 2613 1846 2665 ὅτι

277 2726 296 2759 ι
326 2708 440 2760 οὐκ
468 2706 618 2768 ἔστιν
642 2706 876 2777 αἰσχύνη
904 2708 1015 2770 τοῖς
1049 2704 1368 2758 πεποιθόσιν
1399 2705 1494 2757 ἐπὶ
1537 2702 1641 2757 σοί.
1674 2720 1693 2754 ι
1735 2703 1848 2756 Καὶ

272 2802 431 2871 ἡμεῖς
462 2799 642 2854 τοίνυν
673 2799 876 2870 ταύτην
915 2796 1244 2866 κτησώμεθα
1290 2794 1390 2867 τὴν
1419 2793 1632 2858 ἐλπίδα,
1665 2793 1848 2862 πάσης

268 2892 404 2964 ὁμοῦ
434 2891 811 2964 προτιμῶντες
839 2890 942 2961 τῆς
981 2891 1213 2953 κτίσεως
1234 2889 1280 2922 ³³
1318 2888 1410 2941 τὸν
1444 2887 1684 2958 Ποιητήν
1721 2903 1782 2939 τε
1802 2886 1848 2918 ⁸³

273 2985 365 3039 καὶ
392 2983 750 3055 Κυϐερνήτην
776 3000 790 3014 ο
826 2983 923 3037 καὶ
947 2982 1290 3052 γενέσθωσαν
1318 2982 1451 3053 ἡμῖν
1497 2982 1546 3033 οἰ
1587 2978 1848 3050 μακάριοι

1953 508 2259 575 decretum,
2297 521 2356 564 ut
2391 511 2574 566 omnis
2615 513 2879 582 populus,
2912 515 3118 579 tribus,
3159 515 3368 587 lingua,
3395 533 3534 587 qua

1952 600 2154 657 dixerit
2180 602 2580 671 blasphemiam
2617 613 2811 659 contra
2848 604 3021 661 Deum
3054 583 3328 672 Sidrachi,
3370 583 3537 664 Misa-

1951 694 2064 758 cbi,
2119 704 2171 748 et
2204 694 2620 765 Ahdenagonis,
2673 704 2882 766 pereat,
2944 705 3003 751 et
3050 698 3249 755 domus
3285 699 3532 771 ipsorum

1950 784 2309 854 diripiantur,
2346 784 2477 855 quia
2521 800 2633 840 non
2688 794 2774 840 est
2817 786 3024 856 1131
3067 786 3209 842 Deus
3251 788 3397 841 alius
3437 788 3534 858 qui

1949 877 2032 929 sic
2062 874 2239 944 possit
2292 875 2550 930 liberare.
2594 896 2613 928 ι
2658 877 2722 931 Et
2753 878 2859 931 hoc
2911 879 3142 932 omnino
3188 879 3534 949 experientia

1949 963 2167 1018 didicit.
2208 963 2346 1018 Cum
2382 966 2529 1020 enim
2562 966 2887 1030 multorum,
2919 967 3013 1037 qui
3050 969 3127 1023 dii
3164 968 3529 1033 vocabantur,

1947 1056 2153 1126 templa
2191 1056 2506 1122 evertisset,
2543 1064 2596 1111 et
2642 1058 2950 1124 penetralia
2980 1059 3260 1129 praedatus
3292 1074 3536 1128 arasque

1947 1147 2246 1204 demolitus
2280 1157 2448 1215 esset,
2496 1164 2595 1207 eos
2631 1165 2855 1220 quoque
2910 1150 3005 1220 qui
3062 1150 3313 1220 ipsorum
3354 1152 3534 1207 sacris

1946 1249 2240 1310 praeerant,
2282 1242 2604 1306 occidisset,
2655 1242 2863 1296 nullam
2918 1241 3167 1296 divinam
3216 1242 3535 1297 beneﬁcen-

1946 1332 2078 1386 tiam
2119 1341 2380 1402 expertus
2432 1342 2516 1388 est
2557 1349 2570 1385 :
2618 1348 2742 1389 cum
2801 1349 2936 1388 vero
2979 1333 3168 1388 furore
3212 1333 3534 1388 insaniisset

1945 1431 2135 1476 contra
2168 1438 2264 1478 eos
2293 1424 2385 1493 qui
2412 1440 2471 1479 se
2515 1423 2627 1478 Deo
2651 1424 2929 1488 dicarant,
2964 1425 3142 1480 sensit
3171 1432 3227 1479 et
3258 1424 3531 1478 infinitam

1945 1512 2041 1567 Dei
2065 1514 2345 1576 virtutem.
2388 1524 2442 1569 et
2476 1516 2806 1572 imitabilem
2845 1518 2994 1571 illius
3022 1516 3528 1588 longanimitatem,

1945 1605 2041 1673 qui
2078 1605 2318 1660 famulos
2368 1621 2501 1663 suos
2546 1609 2791 1678 integros
2818 1618 2873 1663 et
2900 1609 3107 1665 illaesos
3156 1608 3531 1672 conservavit,

1944 1705 1998 1751 et
2020 1697 2088 1752 ab
2112 1698 2234 1767 ipso
2273 1698 2490 1753 interim
2518 1701 2698 1757 nullas
2731 1702 2962 1757 insaniae
2992 1715 3183 1771 poenas
3216 1699 3530 1770 exegit,sed

1947 1789 2004 1843 in
2039 1789 2320 1860 impietate
2341 1791 2541 1861 degere
2569 1801 3018 1862 perseverantem
3057 1793 3223 1863 paulo
3255 1798 3383 1861 post
3412 1783 3546 1845 moo'

1949 1881 2215 1938 diocriter
2245 1885 2484 1953 punivit,
2521 1893 2635 1940 tum
2681 1887 3041 1957 poenileutem
3095 1900 3195 1941 sua
3238 1884 3532 1940 clementia

1947 1972 2206 2044 dignatus
2239 1987 2345 2030 est.

2020 2063 2187 2120 Vens.
2218 2064 2308 2119 97.
2345 2084 2364 2118 ι
2410 2064 2567 2121 Tunc
2607 2074 2791 2123 tamen
2820 2082 2939 2131 rex,
2964 2066 3165 2135 inquit,
3194 2080 3379 2120 rerum
3409 2078 3530 2118 mo-

1947 2157 2294 2213 derationem
2353 2159 2637 2213 commisit
2683 2157 2981 2223 Sidracho,
3012 2157 3282 2218 Misacho,
3325 2165 3380 2210 et
3420 2156 3531 2212 Ab-

1946 2247 2241 2317 denagoni,
2301 2247 2356 2302 in
2414 2248 2641 2319 regione
2700 2247 3016 2319 Babylonis,
3074 2253 3131 2302 et
3172 2247 3325 2300 auxit
3382 2246 3534 2314 ipsos

1948 2340 2276 2406 honoribus,
2304 2340 2587 2410 voluitque
2625 2354 2865 2411 praeesse
2893 2340 3157 2394 omnibus
3178 2337 3408 2403 Judzeis,
3436 2339 3532 2409 qui

1947 2443 2106 2491 erant
2144 2433 2199 2488 in
2230 2448 2398 2503 regno
2430 2434 2570 2503 ejus.
2605 2452 2623 2486 ι
2657 2431 2837 2486 Tanta
2872 2431 2959 2487 sui
2996 2431 3217 2486 colendi
3246 2431 3534 2486 studiosos

1947 2524 2291 2596 providentia
2329 2523 2597 2579 Dominus
2641 2523 2936 2598 gubernat.
2970 2522 3037 2575 Et
3097 2523 3294 2576 merito
3341 2522 3530 2578 excla-

1949 2619 2173 2673 mabant
2195 2620 2249 2672 hi
2282 2617 2457 2675 sancti
2485 2618 2871 2674 adolescentes
2903 2636 2918 2672 :
2952 2634 2972 2668 ι
3012 2615 3133 2671 Non
3169 2624 3255 2671 est
3281 2616 3532 2670 confusio

1947 2711 2039 2774 iis,
2076 2711 2167 2780 qui
2204 2711 2260 2765 in
2300 2719 2351 2764 te
2379 2710 2572 2765 conﬁsi
2595 2717 2748 2764 sunt.
2779 2729 2800 2762 ι
2830 2707 2971 2763 Hinc
3008 2723 3112 2766 nos
3131 2708 3297 2764 etiam
3317 2715 3531 2761 tantam

1947 2802 2255 2858 habeamus
2283 2817 2459 2872 spem,
2489 2807 2551 2856 ut
2582 2802 2734 2855 omni
2770 2808 3039 2855 creaturae
3077 2799 3243 2854 simul
3269 2795 3535 2868 Opilicem

1949 2905 2005 2953 et
2039 2896 2477 2952 Gubernatorem
2510 2893 2869 2964 praeferamus
2905 2910 2918 2947 :
2951 2893 3174 2962 sintque
3195 2892 3358 2946 nobis
3387 2891 3534 2946 beati

1951 2989 2011 3044 hi
2092 2988 2474 3043 adolescentes
2552 2987 2810 3041 utililalis
2883 2987 3234 3054 exemplum,
3315 2984 3534 3054 pietatis

272 3068 415 3130 οὗτοι
446 3075 634 3138 παῖδες
659 3073 924 3145 ὠφελείας
959 3071 1330 3144 παράδειγμα,
1370 3069 1652 3132 εὐσεϐείας
1691 3069 1846 3141 ἀρχέ-

1950 3081 2249 3152 exemplar,
2282 3081 2452 3136 duces
2488 3081 2554 3135 ad
2588 3080 2782 3146 Deum,
2813 3086 2869 3134 et
2898 3078 2965 3134 ad
2989 3081 3082 3133 ea‘
3115 3092 3236 3148 quae
3257 3091 3288 3130 a
3322 3075 3433 3132 Deo
3462 3076 3533 3132 iis

272 3184 463 3232 τυπον,
496 3166 724 3237 ποδηγοὶ
753 3166 891 3238 πρὸς
915 3165 1071 3229 Θεὸν,
1099 3163 1196 3217 καὶ
1224 3163 1292 3217 τὰ
1319 3163 1423 3216 ὑπὸ
1454 3161 1549 3216 τοῦ
1576 3160 1711 3216 Θεοῦ
1737 3162 1846 3225 τοῖς

1950 3177 2044 3246 qui
2072 3175 2222 3247 digni
2254 3182 2406 3239 sunt,
2437 3172 2895 3244 suppeditantur;
2935 3186 3058 3243 quae
3093 3171 3307 3225 utinam
3335 3183 3532 3225 omnes

274 3260 444 3324 ἀξίοις
487 3258 869 3330 χορηγούμενα
891 3274 907 3291 ·
954 3249 1030 3311 ὧν
1063 3256 1275 3325 γένοιτο
1305 3256 1512 3318 πάντας
1549 3254 1697 3325 ἡμᾶς
1735 3255 1855 3306 ἐπι-

274 3354 456 3424 τυχεῖν
481 3392 497 3417 ,
551 3353 736 3424 χάριτι
782 3352 878 3405 καὶ
907 3349 1289 3421 φιλανθρωπία
1319 3345 1411 3401 τοῦ
1448 3346 1655 3417 Κυρίου
1694 3343 1853 3416 ἡμῶν

285 3444 458 3515 Ἰησοῦ
490 3443 727 3516 Χριστοῦ
749 3486 764 3511 ,
798 3443 915 3514 μεθ’
940 3443 986 3475 ⁸³
1035 3437 1096 3497 οῦ
1122 3441 1200 3512 τῷ
1233 3441 1410 3512 Πατρί
1454 3438 1580 3503 δόξα
1604 3476 1619 3503 ,
1651 3438 1747 3490 σὺν
1776 3434 1853 3506 τῷ

277 3535 416 3605 ἁγίῳ
450 3533 729 3606 Πνεύματι
753 3574 768 3599 ,
800 3533 895 3588 νῦν
929 3534 1023 3587 καὶ
1064 3532 1152 3588 ἀεὶ
1176 3573 1190 3599 ,
1231 3531 1325 3585 καί
1371 3531 1451 3594 εἰς
1478 3529 1605 3592 τοὺς
1650 3526 1854 3592 αἰῶνας

276 3623 383 3677 τῶν
408 3622 643 3680 αἰώνων.
688 3625 878 3697 Ἀμήν.

1946 3282 2049 3324 nos
2080 3282 2486 3337 consequamur
2505 3267 2681 3338 gratia
2704 3274 2755 3320 et
2777 3264 3070 3320 clementia
3105 3263 3324 3319 Domini
3352 3260 3529 3317 nostri

1946 3358 2075 3414 Jesu
2127 3358 2369 3420 Christi;
2410 3359 2621 3430 1132
2642 3372 2767 3413 cum
2807 3371 2918 3427 quo
2970 3354 3120 3411 Patri
3177 3354 3352 3425 gloria
3401 3365 3530 3407 cum

1949 3459 2145 3521 sancto
2182 3449 2390 3520 Spiritu
2415 3491 2430 3514 ,
2462 3465 2609 3506 nunc
2642 3459 2698 3507 et
2731 3463 2974 3521 semper,
3008 3456 3063 3503 et
3092 3446 3149 3501 in
3179 3444 3377 3501 saecula
3423 3456 3530 3497 εξο-

1951 3541 2223 3597 culorum.
2249 3540 2444 3596 Amen.

1548 3802 1786 3860 VARUE
1828 3800 2245 3860 LECTIONES.

369 3964 416 3998 “
448 3960 584 4031 ἐγώ.
621 3960 744 4018 Des.
773 3961 828 4015 in
856 3958 932 4031 Β.
1030 3958 1075 3989 ²¹
1114 3960 1156 4031 Α
1188 3957 1702 4031 ἐκτίθεμαιδόγμα.

1803 3959 1848 3990 ³³
1882 3957 1926 4011 Α
1967 3959 2047 4021 εἰς
2080 3956 2416 4027 διαρπαγήν.

2494 3955 2543 3987 ’ί
2576 3953 2652 4026 τῷ
2691 3985 2760 3995 -
2792 3969 2928 4026 asp:
2963 3952 3037 4026 lta
3067 3967 3190 4026 cum
3228 3951 3270 4005 B
3297 3952 3530 4026 legimus

280 4031 450 4110 Sim).
484 4020 552 4110 το
574 4031 749 4110 ὄνομα
782 4030 1232 4110 τοῦτοΔτῇπείρᾳ
1275 4020 1463 4110 usti.“
1483 4028 1530 4060 ’⁸
1559 4020 1657 4110 ibi.
1685 4028 1731 4110 Β
1824 4028 1939 4110 καί.
2118 4020 2314 4096 τίμιαί
2337 4020 2429 4110 gl"
2445 4023 2507 4110 ΤΒ
2539 4020 2933 4110 uicena-1’33
2952 4022 3224 4110 ξιξεργίας.
3247 4020 3531 4110 ,ἷ-Ᾰηιίεῖ

280 4106 510 4174 gendum
536 4100 849 4174 ἐνεργείαςῖ
996 4100 1117 4174 αὐτ.

290 4350 2275 4380 __________________________.._____..__

1209 4090 1290 4155 es:
1328 4090 1381 4153 in
1424 4097 1486 4154 Β.
1559 4097 1604 4130 ³ο
1644 4098 1774 4152 τῶν.
1814 4098 1863 4151 Α
1909 4097 2035 4152 add.
2069 4090 2258 4152 ὄντων.
2336 4098 2378 4129 ³¹
2417 4090 2529 4150 oin.
2581 4095 2705 4151 Des.
2750 4092 2883 4149 ibid.
2961 4092 3006 4125 "
3042 4090 3094 4146 τ.
3126 4108 3212 4145 κτ.
3246 4090 3529 4161 Repetitur

538 4173 585 4204 ³⁸
621 4161 702 4228 τε.
740 4161 865 4228 Des.
908 4169 1043 4226 ibid.
1117 4170 1161 4201 ³⁵
1189 4169 1391 4241 μεθ“-
1416 4169 1523 4235 ἀεὶ,
1557 4168 1673 4223 καί.
1699 4169 1742 4221 Β
1761 4161 1806 4237 ᾧ
1836 4170 1870 4239 ή
1898 4167 2027 4232 δόξα
2051 4167 2227 4221 καὶτὸ
2247 4168 2470 4235 κράτος.

2279 4350 2503 4360 ..ι-ιι-
2520 4336 3527 4360 —_———._—————-_.————«

1612 4497 1996 4587 ΤΟΜΟΣ
2080 4491 2203 4581 Δ’.

1402 4854 1757 4945 LIBER
1830 4847 2415 4959 QUARTUS.

358 5201 468 5270 κη’.
501 5215 519 5250 ι
555 5195 1021 5268 Ναϐουχοδονόσορ
1045 5196 1074 5250 ὁ
1108 5194 1355 5266 βασιλεὺς
1384 5196 1520 5250 πᾶσι
1545 5198 1656 5259 τοῖς
1684 5195 1854 5260 λαοῖς,

290 5292 506 5363 φυλαῖς,
541 5289 836 5358 γλώσσαις,
865 5291 976 5352 τοῖς
1021 5287 1261 5343 οἰκοῦσιν
1278 5289 1323 5320 ³⁸
1359 5291 1415 5342 ἐν
1468 5288 1617 5357 πάσῃ
1662 5288 1729 5356 τῇ
1763 5286 1856 5355 γῇ.

289 5385 483 5455 εἰρήνη
516 5384 644 5454 ὑμῖν
674 5380 1024 5451 πληθυνθείη.
1069 5399 1087 5432 ι
1134 5378 1418 5452 Προῦργου
1461 5378 1682 5449 νομίζω,
1726 5375 1859 5445 πρό-

290 5492 447 5546 τερον
479 5474 576 5546 τὴν
608 5472 862 5527 ὑπόθεσιν
911 5471 1071 5543 τῆσδε
1133 5473 1229 5541 τῆς
1274 5470 1563 5540 ἐπιστολῆς
1618 5468 1711 5520 καί
1760 5464 1857 5536 τὴν

1875 5067 1948 5086 ’ἦ

2036 5189 2203 5245 Vens.
2231 5187 2318 5244 98.
2354 5204 2372 5238 ι
2403 5176 2912 5241 Nabuchodonosor
2940 5193 3032 5235 rex
3069 5176 3327 5233 omnibus
3361 5192 3535 5247 popu-

1967 5283 2058 5349 lis,
2109 5281 2397 5345 tribubus,
2450 5278 2674 5350 linguis,
2732 5272 3114 5331 habitantibus
3169 5272 3223 5324 in
3277 5269 3534 5324 universa

1967 5380 2135 5435 terra,
2183 5388 2286 5442 pax
2334 5371 2494 5426 vobis
2546 5367 2960 5438 multiplicetur.
2997 5383 3016 5417 ›
3069 5360 3259 5430 Operae
3297 5357 3533 5428 pretium

1967 5462 2242 5530 existimo,
2297 5463 2449 5533 prius
2496 5460 2726 5531 hujusce
2758 5456 3004 5530 epistolae
3050 5455 3432 5522 argumentum
3477 5452 3534 5500 et

1559 5639 1795 5698 VARUE
1824 5637 2227 5698 LECTIONES.

376 5747 419 5780 ⁸
434 5747 488 5800 νΛ
519 5743 885 5800 κατοικοῦσιν.
