3898 6208
240 333 378 397 1349

1450 333 1531 394 IN
1574 332 1931 393 DANlELIS
1975 334 2130 394 CAP.
2173 336 2288 397 III.
2329 310 2346 326 ⁸

3369 346 3507 412 13.30

237 452 333 504 καὶ
369 445 734 501 Βαϐυλωνίων
763 444 1038 515 βασιλείαν
1066 460 1079 474 ·
1113 444 1209 498 καὶ
1236 446 1299 498 ἐκ
1326 445 1431 499 τῶν
1461 446 1818 517 ἐπαγομένων

1934 462 2072 516 gere.
2111 467 2130 500 ι
2172 450 2290 503 Erit
2350 451 2532 517 enim,
2588 453 2786 524 inquit,
2846 469 2971 510 cum
3036 464 3509 516 consummaverit

231 542 289 597 δὲ
344 542 506 593 τοῦτο
549 538 732 612 ῥᾴδιόν
793 541 908 592 ἐστι
966 535 1327 607 καταμαθεῖν.
1376 556 1394 588 ι
1436 538 1634 591 Ἔσται
1686 540 1817 610 γὰρ,

233 632 423 703 φησιν,
451 624 583 684 ὅταν
613 628 905 699 συντελέσῃ
940 626 1144 698 Κύριος
1170 626 1343 679 ποιῶν
1360 628 1406 659 ιι
1439 628 1619 682 πάντα
1649 625 1823 697 ἐντῷ

231 727 349 796 δρει
377 723 516 777 Σιὼν
552 723 648 777 καὶ
687 723 746 775 ἐν
781 719 1162 792 Ἰερουσαλὴμ,
1201 719 1396 784 ἐπάξει
1427 719 1631 790 Κύριος
1653 719 1699 751 ⁵⁸
1729 720 1823 772 ἐπὶ

230 817 323 869 τὸν
352 810 481 868 νοῦν
508 813 600 866 τὸν
631 812 804 884 μέγαν
831 811 925 866 τὸν
956 812 1195 882 ἄρχοντα
1224 811 1335 864 τῶν
1371 811 1698 882 Ἀσσυρίων,
1728 811 1823 865 καὶ

232 909 330 962 ἐπὶ
349 908 412 960 τὸ
443 904 580 974 ὕψος
620 904 718 974 τῆς
747 903 904 975 δόξης
931 903 1040 957 τῶν
1068 901 1367 972 ὀφθαλμῶν
1394 902 1580 956 αὐτοῦ.
1621 921 1642 955 ι
1690 903 1826 957 Ἔτι-

235 999 535 1070 μωρήσατο
567 996 625 1049 δὲ
670 996 770 1066 τὴν
813 993 1172 1067 Ἰερουσαλὴμ
1216 995 1246 1046 ὁ
1278 993 1444 1058 Θεὸς,
1482 995 1543 1048 οὐ
1595 978 1684 1050 διὰ
1725 994 1821 1049 τοῦ

234 1091 645 1163 Σενναχηρεὶμ,
680 1088 740 1151 ὃς
783 1086 893 1141 τῶν
933 1087 1236 1159 Ἀσσυρίων
1266 1085 1641 1153 ἐϐασίλευσεν,
1685 1087 1822 1141 ἀλλὰ

232 1185 323 1238 διὰ
357 1183 451 1238 τοῦ
486 1180 978 1251 Ναϐουχοδονόσορ.
1012 1177 1075 1232 ’0
1100 1180 1197 1250 μὲν
1237 1178 1346 1250 γὰρ
1369 1217 1385 1243 ,
1430 1179 1491 1233 οὐ
1539 1179 1697 1246 μόνον
1723 1180 1823 1234 οὐκ

236 1275 512 1347 ἐπόρθησε
543 1275 640 1344 τὴν
668 1272 847 1337 πόλιν,
912 1271 1048 1326 ἀλλά
1091 1272 1189 1326 καὶ
1219 1271 1436 1327 ἅπασαν
1461 1271 1823 1337 ἀπολωλεκὼς

234 1367 336 1438 τὴν
368 1367 675 1437 στρατείαν,
703 1364 917 1434 ἀπέδρα
959 1364 1139 1433 μόνος,
1173 1366 1267 1418 καὶ
1295 1365 1434 1419 obeat
1461 1365 1563 1436 τὴν
1594 1366 1817 1436 σφαγὴν

235 1454 395 1528 παρά
416 1455 524 1509 τῶν
550 1454 686 1508 υἱῶν
719 1455 940 1521 ἐδέξατο
964 1469 978 1484 '
1027 1455 1057 1507 ό
1095 1453 1153 1506 δὲ
1199 1455 1683 1527 Ναϐουχοδονόσορ
1726 1455 1824 1510 καὶ

235 1549 337 1620 τὴν
392 1548 547 1601 πόλιν
589 1547 829 1610 καθεῖλε,
873 1547 969 1600 καὶ
1023 1547 1302 1619 ἐνέπρησε
1359 1549 1451 1604 τὸν
1482 1549 1630 1604 θεῖον
1661 1548 1822 1615 νεὼν,

235 1642 333 1694 καὶ
366 1640 458 1693 τὸν
488 1640 616 1693 λαὸν
646 1640 902 1710 ἀπήγαγε
935 1638 1294 1711 δορυάλωτον.
1342 1641 1595 1695 Διδάσκει
1639 1643 1821 1696 τοίνυν

1923 538 2193 596 Dominus
2227 542 2439 600 faciens
2473 545 2659 600 otnnia
2689 546 2744 600 in
2773 556 2959 602 monte
2991 547 3125 606 Sion
3147 559 3202 607 et
3221 551 3279 607 in
3309 550 3506 607 Hiero-

1925 631 2158 701 solyma,
2196 632 2419 690 inducet
2451 635 2720 691 Dominus
2759 652 2929 708 super
2968 648 3208 696 mentem
3254 650 3505 713 magnam

1924 724 2230 795 principem
2259 726 2638 796 Assyriorum,
2666 736 2723 784 et
2754 744 2919 799 super
2940 730 3286 787 altitudinem
3316 734 3507 803 gloriae

1924 814 2209 869 oculorum
2239 817 2364 886 ejus
2385 825 2430 871 ν.
2474 836 2493 868 ι
2530 815 2694 875 Ultus
2728 828 2814 876 est
2864 819 3302 894 Hierosolymam
3338 823 3504 889 Deus.

1922 919 2033 960 non
2067 921 2165 976 per
2208 906 2727 975 Sennacherimum,
2773 912 2870 981 qui
2920 914 3273 985 Assyriorum
3330 931 3508 986 regno

1923 994 2130 1064 potitus
2169 1004 2278 1059 est,
2306 996 2403 1052 sed
2436 1013 2533 1067 per
2565 997 3191 1057 Nabuchodonosorem.
3224 1002 3318 1058 Ille
3357 1006 3505 1058 enim

1921 1100 2033 1140 non
2058 1087 2224 1141 modo
2253 1102 2364 1142 non
2387 1089 2728 1159 expugnavit
2775 1091 2986 1157 urbem,
3039 1091 3135 1147 sed
3165 1095 3316 1148 omni
3349 1109 3513 1150 exer-

1922 1177 2035 1231 citu
2072 1179 2281 1234 amisso
2309 1179 2463 1235 solus
2488 1179 2655 1251 fugit,
2680 1188 2737 1236 et
2764 1181 2912 1236 domi
2945 1198 2975 1236 a
3009 1183 3137 1239 ﬁliis
3176 1184 3511 1241 interfectus

1916 1275 2007 1322 est
2042 1267 2858 1336 :Nabuchodonosor‘autem,
2892 1279 2946 1326 et
2986 1272 3180 1328 urbem
3220 1274 3412 1341 diruit,
3458 1286 3514 1330 et

1924 1356 2021 1413 Dei
2056 1359 2318 1429 templum
2352 1359 2684 1428 combussit,
2708 1368 2764 1416 et
2806 1363 3068 1431 populum
3109 1364 3252 1419 bello
3282 1376 3508 1435 captum

1922 1451 2175 1506 abduxit.
2211 1451 2378 1509 Docet
2416 1453 2601 1524 itaque
2630 1468 2737 1508 nos
2772 1453 2963 1508 divina
3011 1453 3324 1527 Scriptura,
3361 1447 3513 1528 quod

1922 1553 2211 1615 postquam
2270 1545 2580 1615 impieverit
2629 1545 2902 1601 Dominus
2954 1548 3141 1601 omnia
3189 1547 3399 1605 faciens
3454 1550 3513 1606 in

1923 1635 2274 1691 montoSion
2326 1644 2382 1691 et
2423 1638 2479 1691 in
2528 1635 2936 1711 Hierosolyma,
2981 1655 3104 1709 quae
3136 1642 3513 1698 comminatus

237 1734 391 1803 ἡμᾶς
424 1733 459 1802 ὴ
487 1730 609 1784 θεία
653 1730 865 1803 Γραφὴ,
892 1731 978 1805 ,ὅτι
1018 1731 1158 1801 μετὰ
1188 1731 1249 1784 τὸ
1275 1730 1593 1786 συντελέσαι
1618 1732 1822 1804 Κύριον

1934 1730 2009 1780 est
2035 1724 2259 1780 dicens:
2304 1745 2323 1778 ι
2368 1724 2609 1793 Ululate,
2673 1726 2955 1799 sculptilia
2994 1731 3051 1785 in
3105 1731 3511 1804 Hierosolyma,

238 1823 501 1878 ποιοῦντα
525 1822 703 1877 πάντα
737 1825 796 1876 ἐν
825 1804 902 1892 τῷ
930 1821 1045 1892 δρει
1072 1822 1210 1877 Σιὼν
1238 1824 1331 1878 καὶ
1354 1827 1413 1878 ἐν
1450 1803 1819 1895 Ἰερουσαλὴμ,

1934 1814 2388 1883 quemadmodum
2436 1819 2583 1872 enim
2627 1817 2728 1874 feci
2764 1819 3029 1875 Samaria:
3082 1828 3137 1876 et
3198 1803 3513 1877 simulacris

237 1911 275 1966 ἃ
308 1911 575 1983 ⁴ξιπείλησε
614 1911 820 1980 λέγων’
862 1929 881 1963 ι
932 1911 1285 1980 Ὀλολύξατε,
1327 1913 1396 1966 τά
1414 1914 1458 1946 ⁵⁷
1503 1915 1717 1982 γλυπτὰ
1767 1917 1824 1969 ἐν

252 2004 609 2074 Ἰερουσαλήμ
629 2017 643 2032 '
674 2001 733 2056 ὃν
765 2001 967 2074 τρόπον
996 2002 1106 2074 γὰρ
1153 2004 1384 2075 ἐποίησα
1415 2005 1699 2076 Σαμαρείᾳ
1732 2008 1825 2060 καὶ

240 2096 354 2158 τοῖς
381 2092 618 2157 εἰδώλοις
646 2093 815 2162 αὐτῆς
835 2132 851 2157 ,
902 2091 1048 2146 οὕτω
1078 2094 1293 2161 ποιήσω
1327 2095 1424 2147 καὶ
1448 2097 1514 2164 τῇ
1557 2096 1826 2165 Ἰερουσα-

176 2190 187 2194 “
241 2184 355 2255 λὴμ
397 2183 493 2237 καὶ
528 2185 639 2246 τοῖς
676 2182 1074 2253 χειροποιήτοις
1108 2182 1313 2253 αὐτῆς,
1348 2200 1367 2233 ›
1401 2182 1612 2249 ἐπάξει,
1668 2183 1824 2252 φησὶ,

241 2276 448 2346 Κύριος
476 2276 569 2330 ἐπὶ
606 2277 697 2329 τὸν
734 2275 859 2329 νοῦν
910 2273 1001 2328 τὸν
1046 2274 1253 2346 μέγαν,
1306 2274 1399 2328 τὸν
1431 2275 1666 2346 ἄρχοντα
1717 2274 1826 2328 τῶν

254 2368 576 2438 Ἀσσυρίων.
613 2370 724 2422 Καὶ
751 2368 813 2421 οὐ
834 2367 985 2445 λέγει
1014 2367 1125 2422 τῶν
1146 2366 1529 2432 Βαϐυλωνίων,
1556 2366 1693 2435 ἀλλὰ
1719 2367 1828 2422 τῶν

254 2457 596 2526 ’Δσσυρίων
618 2474 632 2487 °
678 2458 774 2527 μία
819 2457 932 2530 γὰρ
960 2456 1167 2510 τούτων
1196 2457 1467 2510 κάκείνων
1498 2457 1531 2527 ἡ
1560 2456 1825 2525 βασιλεία.

241 2547 409 2603 Νοῦν⁹
436 2548 492 2601 δέ
509 2547 705 2619 μέγαν
735 2548 891 2602 καλεῖ
923 2548 1010 2602 διὰ
1047 2548 1109 2601 τὸ
1146 2547 1355 2619 ὑψηλὸν
1384 2549 1479 2602 καὶ
1513 2547 1829 2612 ἀλαζονικὸν

242 2640 353 2694 τῶν
394 2640 772 2711 βουλευμάτων
798 2657 813 2672 θ
852 2641 933 2693 διὸ
977 2641 1071 2693 καὶ
1115 2639 1342 2702 εἰκότως
1392 2639 1590 2709 ἐπάγει
1615 2656 1628 2669 ⁸
1664 2658 1683 2692 ι
1722 2641 1831 2700 Καὶ

237 2731 342 2786 ἐπὶ
372 2731 434 2783 τὸ
466 2728 594 2799 ὕψος
625 2729 726 2799 τῆς
757 2728 915 2799 δόξης
953 2726 1061 2784 τῶν
1101 2726 1398 2799 ὀφθαλμῶν
1437 2727 1623 2781 αὐτοῦ.
1664 2747 1682 2779 ι
1719 2723 1831 2781 Καὶ

244 2826 349 2893 οὐχ
379 2822 567 2887 ἁπλῶς
605 2822 746 2892 ἔφη,
786 2840 805 2874 ι
847 2822 945 2892 τῆς
993 2821 1151 2892 δόξης
1191 2819 1356 2874 αὑτοῦ
1379 2860 1394 2885 ,
1437 2838 1455 2872 ι
1505 2818 1641 2874 ἀλλὰ
1680 2838 1701 2871 ί
1732 2819 1832 2889 τῆς

242 2918 408 2988 δόξης
433 2915 539 2971 τῶν
566 2913 862 2986 ὀφθαλμῶν
897 2914 1063 2968 αὑτοῦ
1091 2930 1106 2947 ο
1151 2933 1170 2966 ι
1209 2912 1507 2979 τουτέστιν,
1537 2912 1597 2976 ὃς
1624 2911 1834 2984 ἀνθρω-

245 3023 352 3070 πος
375 3005 451 3059 ὣν
482 3002 814 3075 ὑψηλότατός
843 3019 902 3055 τε
953 3003 1046 3057 καὶ
1094 3001 1345 3072 μέγιστος
1391 2994 1534 3054 εἶναι
1569 2994 1833 3069 φαντάζει

246 3116 362 3154 ται.
393 3090 530 3150 Eine
565 3097 709 3166 γάρ’
757 3114 775 3146 ι
834 3095 923 3147 Ἐν
942 3093 986 3126 ⁸⁵⁸
1020 3093 1087 3165 τῇ
1118 3090 1264 3162 ἰσχύϊ
1308 3108 1407 3162 μου
1450 3091 1694 3161 ποιήσω,
1737 3088 1834 3142 καὶ

250 3191 312 3245 ἐν
363 3191 431 3259 τῇ
464 3188 628 3258 σοφίᾳ
660 3187 759 3257 τῆς
791 3182 1058 3247 συνέσεώς
1107 3201 1208 3255 μου
1250 3180 1436 3250 ἀφελῶ
1472 3182 1596 3252 ὅρια
1638 3179 1829 3246 ἐθνῶν,

252 3280 350 3336 καὶ
380 3280 478 3351 τὴν
508 3279 664 3349 ἰσχὺν
689 3275 869 3332 αὐτῶν
901 3274 1280 3347 προνομεύσω,
1317 3274 1410 3326 καὶ
1446 3270 1614 3324 σείσω
1649 3269 1833 3333 πόλεις

253 3369 681 3441 κατοικουμένας
699 3406 716 3432 ,
746 3366 843 3421 καὶ
887 3365 985 3435 τὴν
1012 3363 1339 3434 οἰκουμένην
1369 3363 1497 3431 ὃλην
1529 3360 1834 3432 καταλήψο-

251 3481 360 3535 μαι
388 3465 456 3534 τῇ
479 3460 625 3532 χειρί
652 3475 753 3531 μου
777 3458 852 3522 ὡς
878 3455 1120 3519 νοσσιὰν,
1146 3456 1240 3508 καὶ
1265 3455 1339 3518 ὼς
1363 3452 1835 3523 καταλελειμμένα

251 3555 339 3609 ὼά
370 3552 509 3625 ἀρῶ,
543 3551 639 3605 καὶ
658 3551 759 3603 οὐκ
779 3547 933 3602 ἔσται
961 3547 1020 3611 ὃς
1048 3543 1401 3616 διαφεύξηταί
1429 3561 1515 3614 με,
1546 3543 1580 3614 ἢ
1605 3543 1834 3615 ἀντείπῃ

259 3664 354 3718 μοι
404 3662 425 3696 ι
461 3641 620 3697 Οὕτω
648 3637 942 3712 γυμνώσας
973 3638 1084 3691 τῶν
1113 3634 1390 3706 λογισμῶν
1417 3633 1510 3695 τοῦ
1552 3633 1835 3706 Ἀσσυρίου

255 3739 349 3793 τὸν
380 3736 577 3808 τῦφον,
626 3735 836 3805 ἐλέγχει
882 3734 991 3787 τῶν
1037 3731 1436 3802 ἐνθυμημάτων
1480 3730 1542 3783 τὸ
1585 3729 1836 3800 μάταιον,

258 3832 355 3885 καῖ
379 3828 641 3891 διδάσκει,
668 3826 744 3890 ὡς
768 3824 921 3878 οὐδὲν
946 3824 1012 3878 ἂν
1034 3823 1141 3877 τῶν
1166 3823 1257 3874 ὑπ’
1280 3818 1445 3875 αὐτοῦ
1469 3820 1776 3891 γενομένων
1793 3819 1836 3851 δ’

261 3925 476 3991 ἐγένετο
499 3963 515 3988 ,
551 3921 629 3991 μὴ
658 3917 753 3972 τοῦ
788 3917 923 3971 Θεοῦ
951 3917 1407 3987 συγχωρήσαντος
1430 3956 1446 3981 ,
1502 3913 1596 3967 καὶ
1649 3911 1841 3983 βουλη-

262 4014 445 4076 θέντος
476 4013 633 4074 δίκας
664 4010 759 4080 τῆς
791 4008 1047 4069 ἀσεϐείας
1091 4005 1491 4077 εἰσπράξασθαι
1516 4004 1640 4069 τοὺς
1668 4002 1840 4058 ταῦτα

266 4104 354 4155 ὑπ’
406 4100 572 4155 αὑτοῦ
605 4098 961 4161 πεπονθότας.
999 4090 1074 4151 Οὗ
1126 4096 1285 4168 χάριν
1331 4095 1557 4158 εἰκότως
1602 4094 1836 4163 ἐπάγει·

270 4212 289 4246 ι
324 4193 417 4264 Μὴ
468 4190 854 4261 δοξασθήσεται
910 4187 1063 4256 ἀξίνη
1119 4186 1246 4240 ἄνευ
1296 4184 1391 4240 τοῦ
1443 4186 1734 4248 κόπτοντος
1782 4185 1840 4237 ἐν

266 4286 439 4356 ausi};
469 4285 503 4353 ἦ
556 4280 904 4352 ὑψωθήσεται
937 4277 1112 4349 πρίων
1157 4276 1285 4331 ἄνευ
1326 4276 1422 4330 τοῦ
1465 4276 1711 4339 ἕλκοντος
1740 4277 1838 4329 αὐ-

265 4375 393 4439 τόν;
435 4372 707 4436 Ὡσαύτως
748 4372 840 4424 ἐάν
873 4389 957 4434 τις
989 4371 1097 4442 ἄρῃ
1133 4368 1326 4440 ράὃδον
1356 4369 1390 4438 ἢ
1427 4366 1600 4433 ξύλον.
1632 4386 1651 4418 ι
1688 4365 1841 4420 Καθ-

1924 1904 2066 1973 ejus,
2092 1904 2169 1958 ita
2201 1903 2399 1960 faciam
2430 1904 2828 1979 Hierosolyma:
2863 1917 2916 1963 et
2954 1910 3276 1966 simulacris
3299 1911 3443 1980 ejus,
3489 1930 3511 1963 ι

1928 1992 2258 2049 inducturus
2303 1995 2375 2049 sit
2408 1992 2726 2063 (Dominus,
2783 1995 3010 2069 inquit.)
3057 2012 3227 2067 super
3279 2009 3513 2054 mentem

1926 2101 2201 2157 magnam,
2232 2086 2537 2156 principem
2575 2087 2959 2156 Assyriorum.
3006 2089 3195 2159 Neque
3228 2091 3368 2146 dicit
3410 2092 3517 2146 Ba-

1927 2178 2302 2248 byloniorum,
2339 2178 2434 2233 sed
2469 2179 2820 2250 Assyriorum
2851 2195 2868 2232 :
2894 2196 3069 2235 unum
3104 2189 3190 2236 est
3219 2182 3369 2261 epim
3413 2183 3517 2237 bo-

1926 2284 2049 2324 rum
2086 2278 2249 2340 atque
2306 2269 2527 2337 illorum
2586 2285 2843 2340 regnum.
2885 2269 2955 2324 Et
2999 2281 3228 2326 mentem
3267 2289 3516 2343 magnam

1927 2369 2109 2424 vocat,
2168 2369 2395 2432 propter
2452 2362 2691 2432 superba
2741 2364 2826 2419 et‘
2863 2364 3184 2433 arrogantia
3220 2367 3455 2421 consilia
3493 2384 3510 2421 :

1928 2466 2103 2521 quare
2128 2454 2296 2507 etiam
2328 2453 2525 2508 merito
2550 2453 2746 2524 adjicit
2781 2472 2794 2509 :
2824 2472 2848 2505 ι
2873 2452 2942 2507 Et
2976 2470 3142 2525 super
3172 2456 3517 2512 altitudinem

1930 2544 2118 2615 gloria:
2165 2545 2453 2599 oculorum
2490 2545 2633 2615 ejus.
2687 2565 2706 2597 ι
2759 2545 2948 2616 Neque
2992 2547 3318 2618 simpliciter
3379 2548 3519 2602 dixit

1936 2654 1956 2688 ι
2002 2634 2194 2705 gloriae
2245 2636 2390 2704 ejus,
2430 2655 2450 2688 ι
2480 2636 2577 2690 sed
2619 2655 2637 2687 ι
2683 2636 2877 2706 gloriae
2935 2638 3225 2693 oculorum
3282 2638 3442 2706 ejus;
3491 2658 3513 2690 ι

1933 2724 2039 2780 hoc
2060 2731 2165 2793 est,
2189 2725 2319 2795 quia
2350 2725 2514 2780 homo
2530 2741 2653 2780 cum
2677 2727 2774 2791 sit,
2792 2727 3168 2783 celsissimum
3191 2735 3245 2783 et
3305 2728 3517 2799 [135

1935 2818 2230 2871 maximum
2257 2832 2320 2873 se
2349 2832 2474 2873 esse
2500 2818 2729 2888 cogitat.
2760 2817 2910 2872 Dixit
2933 2819 3081 2874 enim
3114 2836 3127 2872 :
3160 2837 3182 2870 ι
3221 2816 3278 2873 In
3296 2820 3516 2873 fortitu-

1934 2908 2064 2964 dine
2095 2922 2216 2963 mea
2268 2908 2491 2972 faciam,
2545 2910 2679 2964 etin
2730 2910 3003 2980 sapientia
3068 2908 3384 2965 intellectus
3410 2910 3519 2963 mei

1935 2998 2179 3055 auferam
2199 3000 2463 3055 terminos
2488 3000 2758 3069 gentium,
2782 3009 2836 3055 et
2858 2999 3245 3055 fortitudinem
3272 3004 3520 3069 ipsorum

1937 3091 2244 3160 praedabor.
2277 3101 2332 3146 et
2358 3093 2672 3147 concutiant
2710 3093 2873 3146 urbes
2900 3092 3197 3155 habitatas,
3236 3098 3291 3144 et
3328 3090 3519 3144 orbem

1939 3189 2209 3236 terrarum
2260 3188 2437 3235 totum
2486 3180 2950 3250 comprehendam
2997 3194 3162 3234 manu
3215 3194 3334 3234 mea
3369 3178 3521 3234 sicut

1942 3272 2152 3337 nidum,
2195 3280 2251 3328 et
2288 3273 2433 3329 sicut
2464 3288 2566 3327 ova
2609 3271 2875 3327 derelicta
2918 3272 3128 3332 tollam,
3166 3278 3220 3326 et
3260 3284 3372 3323 non
3413 3267 3522 3322 erit

1940 3362 2031 3431 qui
2059 3360 2287 3432 eﬂ‘ugiat
2315 3375 2423 3424 me,
2463 3370 2557 3415 aut
2582 3360 2933 3415 contradicat
2977 3358 3216 3414 mihi‘.»
3251 3357 3327 3410 Ita
3370 3364 3522 3425 pate-

1944 3454 2088 3508 facta
2141 3453 2541 3524 cogitationum
2597 3453 2812 3525 Assyrii
2876 3451 3170 3523 superbia,
3222 3450 3520 3504 vanitatem

1942 3548 2298 3602 consiliorum
2351 3547 2471 3615 ejus
2530 3547 2910 3618 reprehendit,
2952 3561 3015 3601 ac
3051 3546 3217 3602 docet
3263 3543 3402 3598 nihil
3432 3559 3524 3599 eo-

1944 3653 2067 3692 rum
2100 3654 2223 3707 qute
2276 3637 2423 3693 facta
2465 3646 2595 3694 sunt
2633 3639 2703 3694 ab
2741 3639 2862 3707 ipso
2917 3636 3032 3692 fieri
3075 3637 3354 3707 potuisse,
3413 3634 3520 3688 nisi

1944 3727 2090 3783 Deus
2150 3728 2562 3792 concessisset,
2615 3728 2710 3798 qui
2757 3727 2927 3781 voluit
2973 3740 3165 3796 pamas
3222 3725 3522 3793 impietatis

1943 3818 2085 3888 exigi
2116 3817 2187 3872 ab
2208 3818 2299 3883 iis,
2327 3818 2529 3887 quibus
2554 3817 2671 3871 haec
2702 3816 2978 3872 accidere.
3017 3815 3200 3881 Quare
3232 3814 3361 3884 jure
3391 3815 3523 3868 sult-

1940 3907 2063 3978 jicit
2093 3926 2105 3962 :
2140 3927 2160 3960 ‹
2199 3908 2461 3979 Nunquid
2497 3908 2825 3979 gloriabitur
2857 3906 3074 3963 securis
3129 3907 3251 3961 sine
3305 3920 3373 3961 eo
3425 3905 3524 3976 qui

1945 4000 2106 4055 caedit
2137 4014 2265 4054 cum
2292 4000 2394 4054 ea?
2421 4006 2518 4053 aut
2545 4014 2676 4054 num
2704 3998 3041 4053 exaltabitur
3070 4012 3226 4053 serra
3263 3996 3384 4052 sine
3409 4003 3523 4050 tra-

1947 4089 2111 4145 hente
2136 4106 2252 4146 eam
2273 4091 2297 4145 ’ἰ
2322 4090 2582 4146 similiter
2610 4090 2657 4146 si
2697 4089 2822 4159 quis
2864 4088 3127 4143 extulerit
3165 4088 3403 4158 virgam,
3439 4087 3525 4141 vel

1944 4183 2214 4251 lignumr.
2240 4201 2258 4233 ι
2287 4179 2782 4248 Quemadmodum,
2808 4179 3014 4248 inquit,
3038 4178 3155 4232 ﬁeri
3186 4192 3292 4231 non
3319 4184 3522 4245 potest,

1949 4277 2009 4325 ut
2045 4278 2238 4340 sponte
2269 4269 2505 4331 securis,
2536 4267 2622 4322 vel
2651 4281 2827 4328 serra,
2860 4274 2958 4320 aut
3004 4265 3157 4334 virga
3196 4273 3518 4317 moveatur:

1947 4375 2082 4421 tunc
2131 4365 2281 4420 enim
2339 4363 2774 4433 unumquodque
2834 4361 3032 4414 borum
3074 4364 3355 4427 cperatur,
3395 4371 3522 4409 cum

269 4466 435 4536 άπερ,
454 4465 640 4534 φησὶν,
660 4458 944 4527 ἀδύνατον,
973 4460 1293 4529 αὐτομάτως
1324 4458 1531 4526 ἀξίνην,
1562 4457 1595 4527 ἢ
1626 4458 1831 4527 ’πρίονα1

1949 4457 2148 4527 aliquis
2171 4455 2391 4509 admota
2441 4467 2603 4506 manu
2641 4467 2708 4506 ea
2739 4450 2976 4505 voluerit
3025 4461 3370 4502 commovere
3398 4464 3411 4517 ς
3442 4446 3524 4500 sic

267 4558 301 4627 ἢ
331 4533 528 4627 ῥάϐδον
565 4554 850 4624 κινηθῆναι
874 4569 885 4580 ο
914 4549 1214 4622 τηνικαῦτα
1245 4548 1354 4619 γὰρ
1381 4548 1586 4600 τούτων
1613 4547 1831 4602 ἕκαστοι

1943 4549 2108 4606 etiam
2140 4555 2199 4599 tu
2237 4543 2589 4613 permittente
2628 4539 2973 4611 providentia
3016 4549 3138 4590 mea
3172 4533 3351 4589 fecisti
3373 4546 3525 4603 qutu-

268 4647 505 4717 ἐνεργεῖ,
531 4643 696 4715 ἡνίκα
727 4643 791 4697 ἄν
818 4659 906 4705 τις
951 4643 1018 4711 τῇ
1064 4639 1209 4710 χειρὶ
1248 4637 1593 4709 χρησάμενος
1628 4638 1846 4708 κινῆσαι

268 4734 445 4791 ταῦτα
470 4731 780 4805 θελήσειενο
806 4733 948 4785 οὕτω
976 4731 1070 4784 καὶ
1101 4731 1190 4794 σὺ,
1220 4729 1318 4798 τῆς
1347 4727 1488 4798 ὲμῆς
1519 4744 1850 4800 παραχωρη-

270 4830 445 4898 σάσης
478 4842 562 4879 σοι
596 4821 956 4896 προμηθείας,
1002 4820 1309 4888 πεποίηκας
1340 4816 1376 4872 ἃ.
1407 4817 1730 4888 πεποίηκας,
1759 4817 1847 4871 διὰ

268 4923 371 4992 τὴν
392 4918 504 4973 τῶν
542 4916 890 4971 πεπονθότων
923 4911 1289 4982 παρανομίαν.
1318 4909 1411 4981 Μὴ
1435 4910 1615 4962 τοίνυν
1635 4905 1845 4978 νόμιζε,

269 5016 339 5085 τῇ
366 5010 547 5082 οἰκείᾳ
570 5009 731 5080 σοφίᾳ
751 5008 795 5039 ⁵⁰
820 5006 913 5059 καὶ
943 5004 1166 5074 δυνάμει
1195 5002 1370 5056 ταῦτα
1400 4998 1844 5071 κατωρθωκέναι.

272 5104 426 5158 Εἰδέ
469 5102 531 5155 οὐ
582 5096 760 5171 βούλει
809 5097 983 5152 ταῦτα
1033 5094 1324 5165 σωφρόνως
1359 5092 1552 5162 μαθεῖν
1577 5132 1591 5156 ,
1628 5093 1721 5145 καὶ
1749 5091 1847 5162 τὴν

272 5193 603 5263 ἀλαζονικὴν
628 5191 801 5261 ὀφρὺν
827 5187 1149 5252 καταλῦσαι,
1180 5187 1245 5256 τῇ
1293 5185 1460 5255 πείρᾳ
1491 5183 1732 5254 μαθήσῃ,
1764 5184 1848 5237 ὅτι

346 5382 376 5414 ν
412 5373 517 5427 lsa.
555 5389 608 5438 ι,
640 5370 726 5424 tl.

1940 4650 2164 4705 cunque
2226 4634 2426 4697 fecisti,
2484 4640 2710 4703 propter
2758 4644 2948 4684 eorum
3006 4627 3242 4692 scelera,
3270 4625 3367 4694 qui
3407 4624 3523 4677 hzec

1942 4729 2092 4798 passi
2119 4734 2270 4781 sunt.
2300 4722 2379 4779 Ne
2422 4723 2608 4792 itaque
2642 4720 2944 4781 existimes,
2984 4716 3211 4787 propria
3251 4713 3521 4783 sapientia

1940 4826 1995 4874 et
2025 4817 2229 4873 virtute
2259 4818 2373 4870 haec
2404 4813 2505 4867 tibi
2546 4824 2814 4882 prospere
2853 4806 3217 4861 successisse.
3271 4801 3428 4869 Quod
3474 4802 3521 4858 si

1942 4910 2056 4963 haec
2080 4906 2224 4963 nolis
2261 4904 2508 4960 modeste
2555 4898 2888 4970 intelligere,
2940 4903 2994 4948 et
3027 4906 3293 4963 arrogans
3327 4907 3521 4961 super-

1950 5002 2141 5057 cilium
2172 4997 2561 5068 comprimero,
2592 4988 2932 5061 experientia
2966 4984 3170 5047 disces,
3207 4984 3323 5040 htec
3358 4984 3433 5038 ita
3464 4998 3525 5039 se

1954 5093 2174 5148 habere.
2216 5109 2234 5142 ι
2276 5086 2450 5143 Mittet
2478 5086 2621 5143 enim
2671 5080 2936 5137 Dominus
2983 5074 3220 5130 Sabaoth
3265 5076 3318 5129 in
3369 5082 3521 5128 tuum

1956 5184 2217 5238 honorem
2252 5177 2632 5250 ignominiam,
2652 5182 2710 5229 et
2740 5175 2795 5228 in
2829 5181 2976 5230 tuam
2996 5157 3229 5236 gloriam
3276 5165 3417 5237 ignis
3436 5180 3525 5219 ar-

802 5369 958 5423 1'isa.
993 5386 1048 5434 χ,
1084 5366 1521 5433 10,11,15,14.
1599 5370 1627 5409 γ
1662 5359 1951 5423 Ιεο.ι,’15.

1582 5518 1815 5573 VARUS
1858 5513 2152 5572 LECTION
2170 5511 2274 5567 ES.

341 5645 385 5676 δ’
429 5646 620 5699 ποιῶν.
663 5641 716 5696 In
752 5642 793 5695 B
825 5643 1042 5710 ponitur
1089 5647 1210 5707 post
1257 5637 1450 5710 πάντα.
1530 5634 1837 5710 "diliges
1872 5632 1999 5688 Des.
2037 5633 2089 5710 in
2275 5629 2319 5660 ⁸⁷
2353 5628 2440 5686 τά.
2471 5630 2593 5686 Des.
2621 5645 2673 5684 tn
2709 5628 2769 5681 Β.
2857 5628 2900 5659 ⁸⁸
2924 5627 3001 5677 ἐν.
3050 5621 3173 5674 Des.
3209 5622 3265 5672 in
3303 5615 3363 5673 Β.
3405 5623 3521 5670 tum

278 5716 335 5772 h.
377 5717 412 5771 ³.
444 5725 558 5769 tum
596 5722 713 5782 post.
746 5707 937 5781 pauca.
1013 5710 1056 5742 "
1081 5710 1120 5763 Β
1149 5707 1470 5777 γεγονότων.

1576 5706 1620 5736 ⁵⁰
1646 5703 1876 5774 Beasti;
1916 5720 1973 5756 τε
2013 5703 2205 5771 οἰκείᾳ.
