3898 6208
446 310 583 379 1351
662 319 670 325 ·
1437 288 1985 373 THEODOBETI]

2107 306 2301 367 SCOPI
2335 306 2702 367 CY'RENSIS
3538 316 3646 383 ιτ]εέ

444 427 585 482 deus
619 427 956 482 accendetur
975 435 1018 479 ι.
1062 444 1079 477 ι
1122 426 1189 480 Et
1229 425 1339 480 alio
1366 425 1488 480 loco
1524 440 1719 479 rursus
1749 424 1867 478 haec
1892 421 1981 476 die

2127 419 2281 473 ταῦθ’
2325 419 2498 485 οὕτως
2526 419 2660 490 ἔχει.
2698 438 2716 471 ι
2762 421 3075 475 Ἀποστελεῖ
3097 422 3204 494 γὰρ
3239 425 3431 496 Κύριος
3458 428 3648 486 Σαϐαὼθ

448 519 591 575 Deus
645 520 926 590 propheta:
965 535 980 571 :
1021 535 1041 568 ι
1092 517 1160 572 Ει
1214 517 1474 575 institues
1532 518 1813 588 planctum
1879 515 1987 569 hun

2129 513 2210 575 είς
2254 510 2352 582 τὴν
2397 513 2495 584 σὴν
2529 514 2693 583 τιμὴν
2743 513 2968 585 ἀτιμίαν
2993 554 3009 581 ,
3042 517 3134 568 καὶ
3161 517 3244 580 είς
3271 518 3370 588 τὴν
3402 521 3490 592 σὴν
3521 522 3651 591 δόξαν

442 628 611 683 super
640 627 825 682 regem
854 611 1173 682 Babylonis,
1195 619 1252 665 et
1279 610 1433 665 dices
1452 610 1542 665 die
1572 609 1673 663 illo
1704 605 1981 673 :Quomod

2129 602 2242 675 πῦρ
2283 604 2573 675 καιόμενον
2603 603 2956 677 καυθήσεται.
2998 625 3017 658 ι
3052 607 3162 660 Καὶ
3197 610 3255 662 ἐν
3289 610 3453 683 ἑτέρῳ
3487 614 3537 668 δέ
3563 633 3653 687 χω.

442 706 681 761 cessavit
705 706 748 773 ι
761 703 921 775 136
946 703 1208 758 exactor?
1226 702 1469 759 cessavit
1492 699 1862 756 sollicitator?
1881 697 1981 753 Cor

2132 694 2231 765 ρίῳ
2261 694 2422 749 πάλιν
2443 694 2668 751 τοιαῦτά
2696 712 2862 767 φησιν
2889 699 2918 751 6
2939 698 3073 763 Θεὸς
3100 700 3238 771 πρὸς
3261 702 3350 756 τὸν
3371 695 3650 780 προφήτηνῖ

440 795 596 849 trivit
622 792 768 867 Deus
804 792 998 863 jugum
1039 801 1425 862 peccatorum,
1459 792 1649 862 jugum
1686 789 1979 860 priucipu‘u

2134 805 2153 837 ι
2195 786 2305 839 Καὶ
2334 785 2479 859 λήψῃ
2538 788 2629 841 τὸν
2678 788 2876 859 θρῆνον
2935 790 3123 845 τοῦτον
3171 794 3265 846 ἐπὶ
3324 795 3413 849 τὸν
3465 798 3653 869 βασιλέα

440 885 756 956 percutiens
825 892 1045 954 gentem
1108 884 1318 948 furore,
1381 885 1539 955 plaga
1597 882 1951 939 insanabilia.

2127 875 2463 942 Βαϐυλῶνος,
2499 878 2592 932 καὶ
2619 879 2766 950 ἐρεῖς
2791 881 2849 933 ἐν
2879 883 2946 952 τῇ
2977 882 3158 955 ¹ἡμέρᾳ
3186 885 3388 957 ἐκείνη·
3415 889 3527 954 Πῶς
3546 893 3652 948 ἀνα.

438 976 646 1032 Deinde
683 977 927 1031 ostendit
956 977 1110 1032 orbis
1133 987 1406 1031 terrarum
1444 974 1691 1029 laetitiam
1727 992 1741 1028 :
1780 991 1798 1025 ι
1834 971 1972 1028 Omn

2127 968 2405 1023 πέπαυται
2442 972 2470 1023 6
2505 970 2779 1038 ἀπαιτῶν;
2826 974 2919 1027 καὶ
2950 976 3334 1031 ἀναπέπαυται
3374 979 3403 1031 6
3434 982 3654 1040 ἐπισπου-

437 1078 610 1136 terra,
663 1069 868 1139 inquit,
918 1084 1042 1125 cum
1094 1070 1309 1136 laetitia,
1351 1077 1407 1123 et
1439 1069 1586 1138 ligna
1634 1066 1829 1121 Libani
1877 1068 1976 1121 laet:

2124 1061 2363 1134 δαστήςς
2394 1064 2721 1136 Συνέτριψεν
2744 1068 2773 1120 6
2811 1064 2946 1131 Θεὸς
2969 1067 3063 1122 τὸν
3109 1068 3273 1140 ζυγὸν
3302 1072 3405 1127 τῶν
3435 1075 3654 1148 ἀμαρτω-

437 1162 642 1217 buntur
666 1176 830 1231 super
860 1170 936 1225 te,
970 1169 1024 1217 et
1069 1160 1273 1217 cedrus
1309 1160 1546 1227 Libani;
1582 1177 1649 1216 ex
1678 1175 1788 1230 quo
1818 1160 1974 1215 dorm

2124 1153 2254 1221 λῶν,
2285 1155 2377 1209 τὸν
2400 1155 2562 1226 ζυγὸν
2595 1157 2705 1211 τῶν
2734 1158 3031 1230 ἀρχόντων,
3066 1161 3311 1227 πατάξας
3344 1164 3486 1230 ἔθνος
3509 1168 3656 1242 θυμῷ,

434 1250 583 1315 visti,
621 1263 731 1303 non
765 1248 1020 1305 ascendit
1045 1249 1141 1319 qui
1182 1247 1474 1303 exscindat
1498 1263 1601 1302 nos
1623 1248 1675 1301 ι).
1717 1266 1736 1299 ι
1772 1246 1897 1300 Haec
1930 1262 1973 1316 pl

2126 1245 2307 1318 πληγῇ
2337 1248 2561 1319 ἀνιάτῳ.
2590 1266 2608 1300 ι
2631 1246 2764 1304 Εῐτα
2790 1250 3092 1306 δείκνυσιΜ
3124 1253 3226 1327 τὴν
3251 1254 3351 1326 τῆς
3376 1259 3653 1331 οἰκουμένης

433 1340 852 1396 translationem
901 1340 1173 1410 loquitur,
1210 1350 1265 1395 et
1310 1341 1495 1395 cedrus
1540 1338 1733 1393 Libani
1765 1339 1972 1409 appella

2125 1338 2465 1410 εὐφροσύνην
2484 1342 2565 1373 ⁵³·
2597 1360 2615 1393 ι
2649 1343 2805 1397 Πᾶσα
2851 1344 2886 1414 ἡ
2939 1344 3036 1414 γῆ,
3091 1346 3249 1417 φησὶ,
3293 1348 3408 1418 μετ’
3434 1350 3656 1423 εὐφροσύ-

434 1429 523 1484 νρι
559 1430 824 1485 lsraelem
865 1431 1138 1486 illustrem
1180 1438 1234 1485 ct
1274 1431 1603 1500 gloriosum,
1637 1429 1723 1484 vel
1755 1429 1973 1501 dignita‘

2124 1445 2223 1497 νης
2249 1428 2314 1494 ⁸³,
2349 1428 2444 1482 καὶ
2480 1428 2547 1483 τὰ
2588 1428 2723 1496 ξύλα
2758 1430 2852 1485 τοῦ
2886 1432 3123 1488 Λιϐάνου
3165 1435 3655 1510 εὐφρανθήσονται¹⁶

431 1521 636 1586 claros,
676 1522 881 1591 quibus
914 1537 1142 1592 regnum
1188 1524 1546 1577 commissum
1595 1530 1700 1578 est.
1737 1521 1815 1577 Ac
1860 1537 1966 1592 pau

2126 1521 2220 1574 ἐπὶ
2253 1522 2336 1574 σοι
2358 1560 2373 1585 ,
2407 1521 2503 1574 καὶ
2545 1523 2579 1590 ή
2625 1523 2815 1594 κέδρος
2839 1521 2935 1576 τοῦ
2978 1524 3217 1578 Λιϐάνου
3247 1543 3262 1558 ο
3304 1528 3399 1597 ἀφ’
3425 1524 3481 1583 οὐ
3510 1534 3655 1588 κεκοί-

431 1620 578 1679 post,
615 1614 913 1687 increpans
967 1614 1147 1683 ipsius
1213 1615 1442 1679 fastum,
1496 1615 1913 1684 admoneusque
1966 1631 1970 1661 ι

2128 1616 2379 1684 μησαι³⁵,
2405 1615 2507 1669 οὐκ
2538 1615 2703 1687 ἀνέϐη
2743 1618 2772 1669 6
2801 1614 3018 1670 κόπτων
3062 1618 3235 1690 ἡμᾶς.
3277 1641 3296 1673 ι
3331 1621 3654 1693 Τροπικῶςδέ

431 1705 801 1776 arrogantiam
851 1707 1228 1776 comprimat:
1273 1725 1293 1759 ι
1340 1707 1651 1773 Quomodo,
1688 1706 1891 1778 inquit,
1933 1720 1970 1760 cl

2121 1707 2297 1761 ταῦτα
2329 1707 2513 1777 λέγει’
2564 1709 2657 1763 καὶ
2690 1708 2942 1779 κέδρους
2982 1711 3092 1766 τοῦ
3117 1712 3380 1768 Λιϐάνου
3423 1732 3653 1787 προσαγο-

430 1794 569 1850 cidit
606 1795 676 1852 de
703 1797 847 1851 caelo
880 1796 1124 1862 Lucifer,
1159 1814 1327 1854 mane
1370 1799 1700 1855 exoriens?‘
1738 1799 1969 1855 contriti

2126 1798 2296 1870 ρεύει,
2325 1797 2480 1870 ἢτὸν
2522 1801 2739 1872 Ἰσραὴλ
2779 1803 3047 1873 ἐπίσημον
3087 1803 3242 1869 ὄντα,
3277 1805 3373 1860 καὶ
3399 1806 3650 1883 ένδοξον,ἦ

428 1896 514 1944 εει
563 1888 621 1942 in
681 1896 925 1953 terram,
979 1890 1075 1960 qui
1127 1891 1389 1947 mittebat
1424 1892 1492 1947 ad
1538 1905 1731 1947 omnes
1782 1900 1967 1963 gentes

2121 1892 2249 1956 τοὺς
2279 1891 2562 1966 λαμπροὺς
2607 1894 2667 1948 ἐν
2697 1893 3000 1966 ἀξιώμασι,
3054 1897 3153 1952 καὶ
3205 1896 3501 1967 βασιλεύειν
3524 1919 3652 1956 πεπι-

429 1978 515 2034 Τιι
558 1988 742 2035 autem
789 1979 979 2035 dixisti
1018 1981 1074 2035 in
1125 1983 1469 2053 cogitatione
1527 1992 1620 2039 tua
1664 2002 1677 2039 :
1713 1980 1771 2037 In
1814 1984 1968 2038 C(BIUI

2124 1984 2469 2057 στευμένους.
2498 1986 2609 2041 Καὶ
2641 1987 2778 2058 μετά
2810 1986 3038 2059 βραχέα,
3072 1990 3357 2062 κωμῳδῶν
3396 1993 3546 2048 αὐτοῦ
3582 1998 3651 2052 τὸν

429 2073 748 2139 ascendam,
782 2082 837 2128 et
862 2088 1028 2143 super
1065 2084 1217 2129 astra
1247 2090 1449 2147 ponam
1485 2075 1741 2131 thronum
1781 2091 1962 2131 meum

2122 2074 2310 2145 τῦφον,
2343 2076 2439 2130 καὶ
2458 2075 2558 2147 τὴν
2580 2079 2680 2147 τῆς
2708 2076 3030 2141 ἀλαζονείας
3051 2077 3329 2133 διδάσκων
3361 2080 3647 2137 κατάλυσιν·

430 2165 639 2221 sedebo
664 2169 727 2241 in
759 2175 945 2222 monte
996 2166 1245 2234 sublimi,
1282 2180 1451 2236 super
1499 2175 1716 2220 montes
1765 2165 1969 2220 excels<

2128 2188 2146 2219 ι
2178 2168 2302 2231 Πῶς
2322 2167 2569 2234 ἐξέπεσε,
2602 2168 2788 2239 φησὶν,
2826 2170 2890 2222 ἐκ
2916 2167 3011 2225 τοῦ
3044 2168 3283 2241 ούρανοῦ
3310 2172 3340 2225 6
3364 2170 3648 2244 Ἕωσφόρος,

431 2257 501 2312 ad
538 2260 874 2328 aquilonem,
911 2258 1206 2315 ascendam
1256 2274 1427 2330 super
1470 2259 1669 2324 nubes,
1703 2268 1759 2313 et
1808 2274 1908 2315 ero
1937 2263 1970 2317 si

2121 2260 2150 2311 6
2176 2257 2323 2330 πρωῒ
2350 2258 2693 2324 ἀνατέλλων;
2742 2259 3033 2333 συνετρίϐη
3082 2261 3182 2315 ἐπὶ
3226 2261 3328 2333 τήν
3363 2263 3460 2334 γῆν
3489 2267 3515 2318 6
3546 2267 3651 2320 ἀπο-

431 2350 583 2405 rnilis
609 2350 956 2407 Altissimoc.
1000 2369 1018 2402 ι
1059 2349 1200 2405 Tum
1240 2351 1495 2406 humana:
1529 2350 1819 2407 felicitatis
1849 2352 1965 2423 frag

2125 2349 2357 2404 στέλλων
2384 2349 2521 2421 πρὸς
2551 2349 2732 2405 πάντα
2775 2351 2844 2404 τὰ
2900 2350 3069 2422 έθνης
3105 2352 3183 2405 Σὺ
3231 2353 3289 2407 δέ
3329 2350 3479 2419 εἴπας
3518 2357 3568 2410 ἐν
3599 2359 3648 2429 τῇ

433 2443 642 2497 litatem
664 2442 904 2496 ostendit
939 2461 953 2497 :
993 2462 1011 2495 ι
1049 2441 1133 2497 Tu
1171 2450 1375 2509 autem,
1417 2442 1618 2514 inquit,
1642 2444 1736 2515 qui
1769 2444 1886 2499 hate
1924 2458 1972 2499 Ct

2119 2443 2328 2516 διανοίᾳ
2357 2461 2450 2497 σου
2475 2460 2488 2474 ο
2520 2445 2617 2508 Εἰς
2639 2445 2731 2497 τὸν
2753 2444 2983 2515 οὐρανὸν
3002 2445 3375 2517 ἀναϐήσομαι,
3397 2447 3485 2502 καὶ¹
3504 2449 3650 2504 ἐπάνω

432 2534 605 2604 gitare
636 2548 807 2589 ausus
836 2549 917 2599 es,
943 2535 1005 2588 iu
1035 2534 1313 2589 infernum
1359 2536 1689 2603 descendes,
1730 2543 1784 2592 et
1808 2536 1863 2591 iu
1889 2535 1971 2590 fur

2119 2538 2228 2591 τῶν
2267 2536 2511 2607 ἀστέρων
2533 2534 2581 2567 ⁸⁸
2607 2534 2757 2606 θήσω
2779 2536 2869 2590 τὸν
2898 2536 3085 2608 θρόνον
3116 2553 3225 2608 μου
3249 2552 3267 2570 ο
3296 2537 3464 2592 καθιῶ
3488 2540 3539 2593 ἐν
3561 2539 3650 2611 ὄρει

431 2625 690 2680 damento
716 2634 898 2681 terrae.
930 2627 1036 2692 Qui
1060 2625 1299 2680 viderint
1346 2635 1419 2692 te,
1471 2629 1822 2684 mirabuntur
1852 2643 1970 2698 supr

2122 2628 2346 2700 ὑψηλῷ,
2403 2628 2496 2684 ἐπὶ
2541 2627 2612 2682 τὰ
2643 2627 2744 2699 ϐρη
2780 2628 2847 2682 τά
2896 2626 3076 2700 ὑψηλά
3115 2628 3260 2701 πρὸς
3295 2629 3516 2702 βορρᾶν,
3545 2633 3648 2686 ἀνα-

431 2726 506 2783 tc,
537 2724 589 2772 et
615 2716 798 2771 dicent
824 2735 838 2772 :
861 2717 965 2772 Iste
994 2726 1079 2773 est
1113 2718 1299 2780 homo,
1324 2720 1420 2789 qui
1447 2721 1768 2775 concitabat
1793 2728 1970 2775 terrau

2122 2722 2356 2793 ϐήσομαι
2401 2718 2584 2774 ἐπάνω
2611 2720 2722 2775 τῶν
2762 2721 3034 2790 νεφελῶν,
3079 2722 3178 2776 καὶ¹
3198 2722 3246 2754 ⁵⁷
3292 2721 3475 2792 ἔσομαι
3503 2723 3650 2793 ὅμοιος

427 2808 523 2879 qui
558 2808 912 2864 concutiebat
940 2825 1118 2880 reges,
1146 2810 1241 2880 qui
1278 2808 1412 2866 fecit
1445 2819 1616 2866 totam
1668 2823 1875 2866 terram
1919 2810 1966 2865 dt

2120 2813 2198 2879 τῷ
2239 2812 2494 2882 ’Υψίστιμ
2540 2832 2560 2865 ι
2605 2808 2742 2867 Εἶτα
2768 2813 3005 2868 δείκνυσι
3054 2814 3155 2885 τῆς
3189 2813 3521 2886 ἀνθρωπίνης
3550 2815 3650 2886 εὐη-

430 2908 658 2964 scrtam,
697 2907 752 2954 et
777 2901 944 2956 nrbes
979 2900 1158 2971 ipsius
1212 2904 1511 2968 destruxit,
1563 2918 1754 2958 eorum
1809 2902 1902 2969 qui
1962 2903 1969 2956 i

2123 2904 2317 2976 μερίας
2344 2905 2408 2958 τὸ
2447 2905 2731 2976 ἐπίκηρον·
2767 2924 2786 2957 ι
2818 2905 2891 2958 Σύ
2919 2905 2976 2959 δέ
2996 2945 3010 2971 ,
3044 2905 3216 2977 φησὶν
3238 2947 3253 2973 ,
3282 2908 3311 2959 6
3340 2904 3501 2961 ταῦτα
3531 2905 3649 2974 λογί-

431 2991 753 3060 captivitate
796 2999 957 3046 erant
991 3007 1098 3047 non
1147 3003 1233 3048 cst
1284 2995 1587 3055 misertus:
1619 3008 1812 3050 omnes
1864 3009 1970 3064 regi

2121 2995 2318 3048 σασθαι
2339 2994 2714 3066 τετολμηκὼς,
2750 2996 2831 3059 είς
2869 2994 3002 3066 ᾅδην
3028 2995 3340 3069 καταϐήσῃ,
3374 2995 3463 3049 καὶ
3496 2997 3565 3058 εἰς
3597 2995 3648 3049 τᾶ

436 3084 646 3155 1137
684 3086 927 3155 gentium
957 3085 1309 3139 dormierunt
1350 3085 1408 3139 in
1465 3085 1699 3149 honore,
1746 3084 1975 3138 homo‘i

2122 3083 2348 3155 θεμέλια
2377 3086 2478 3156 τῆς
2517 3086 2640 3155 γῆς.
2691 3086 2755 3138 υἱ
2813 3085 3009 3148 ἰδόντες
3026 3085 3074 3117 ⁸⁸
3111 3102 3176 3138 σε
3205 3083 3555 3155 θαυμάσουσιν
3577 3082 3649 3137 ἐπὶ

432 3181 596 3231 domo
632 3189 750 3243 sua,
780 3183 838 3231 tu
865 3185 1059 3232 autem
1081 3174 1396 3246 projicieris
1427 3174 1484 3229 in
1523 3172 1824 3236 montibus,
1872 3172 1971 3226 εἰει

2122 3176 2273 3240 as",
2309 3176 2404 3229 καὶ
2455 3175 2671 3248 ἐροῦσιν
2697 3190 2711 3205 ·
2757 3168 2927 3239 Οὗτος
2966 3178 2995 3229 6
3038 3174 3363 3248 ἄνθρωπος,
3390 3177 3418 3229 6
3457 3173 3649 3246 παροξύ-

432 3277 707 3331 mortuus,
748 3268 1161 3333 abominabilis,
1206 3282 1334 3321 cum
1384 3266 1572 3322 multis
1614 3265 1847 3321 mortuis
1896 3279 1971 3335 pc}

2120 3284 2225 3319 νων
2275 3268 2376 3340 τὴν
2426 3267 2566 3338 γῆν,
2615 3268 2644 3321 6
2697 3267 2856 3322 σείων
2902 3266 3146 3339 βασιλεῖς
3174 3311 3190 3334 ,
3245 3268 3275 3320 6
3306 3266 3414 3331 θεὶς
3455 3269 3542 3337 τὴν
3568 3266 3647 3337 γῆν

434 3362 615 3416 cussis
644 3359 849 3429 gladio,
883 3360 1350 3415 descendentibus
1397 3359 1455 3412 in
1516 3355 1854 3412 infernumd.
1898 3374 1917 3408 ι
1952 3357 1973 3412 l

2119 3358 2248 3431 ὃλην
2281 3358 2519 3430 ἔρημον,
2555 3359 2650 3413 καὶ
2685 3361 2784 3423 τὰς
2824 3359 3006 3423 πόλεις
3046 3360 3224 3430 αὐτῆς
3275 3360 3481 3415 καθεῖλε
3506 3376 3518 3390 ⁶
3550 3360 3647 3424 τούς

434 3466 505 3507 ne
530 3451 792 3507 omnibus
826 3451 893 3506 de
927 3453 1049 3522 ipso
1088 3450 1545 3520 prmdictionibus
1596 3447 1851 3504 adductis
1896 3463 1973 3502 mc

2119 3452 2178 3504 ἐν
2235 3451 2499 3521 ἐπαγωγῇ
2522 3448 2566 3483 ³⁸
2639 3449 2739 3504 οὐκ
2793 3450 3028 3522 ἠλέησε·
3086 3452 3295 3516 πάντες
3350 3454 3396 3505 οί
3453 3451 3647 3523 βασιλεῖς

434 3544 610 3597 lcstus
641 3542 767 3609 sim,
805 3542 915 3599 illis
950 3542 1043 3612 qui
1078 3556 1226 3595 nunc
1272 3539 1526 3605 audiunt,
1562 3538 1645 3592 vel
1696 3538 1794 3607 qui
1847 3538 1902 3591 in
1929 3553 1973 3608 pl

2153 3540 2227 3596 ῶν
2272 3541 2445 3596 ἐθνῶν
2494 3541 2867 3613 ἐκοιμήθησαν
2896 3544 2955 3595 ἐν
2985 3545 3141 3613 τιμῇ,
3183 3543 3464 3614 ἄνθρωπος
3501 3545 3550 3595 ἐν
3587 3540 3646 3612 τῷ
3688 3540 3692 3541 ί

436 3646 651 3691 sterum
686 3635 803 3691 limc
839 3634 1036 3690 lecturi
1074 3643 1225 3697 sunt,
1254 3632 1321 3687 ad
1349 3632 1443 3686 illa
1474 3629 1742 3695 remissis,
1777 3629 1975 3700 quicun

2118 3633 2252 3704 οἴκῳ
2286 3633 2488 3687 αὐτοῦ’·
2532 3633 2596 3686 σὺ
2626 3632 2682 3687 δὲ
2713 3633 2918 3704 ῥιφήσῃ
2945 3632 2988 3664 ⁶¹
3022 3633 3080 3686 ἐν
3119 3635 3237 3696 τοῖς
3279 3635 3472 3706 ϐρεσιν,
3496 3633 3645 3696 ὡςνε-

434 3741 543 3799 quo
581 3727 756 3783 velint
776 3726 896 3797 ejus
929 3727 1249 3796 superbiam
1276 3723 1782 3791 crudelitatemque
1813 3736 1973 3792 cogm

2118 3724 2269 3795 κρὺς,
2303 3723 2716 3795 ἐϐδελυγμένος,
2746 3724 2888 3794 μετὰ
2913 3723 3127 3779 πολλῶν
3165 3725 3495 3796 τεθνηκότων
3520 3726 3642 3777 ἐκκε-

436 3834 617 3885 scere,
648 3819 716 3873 ad
741 3819 1090 3890 propositum
1119 3824 1390 3872 revertar.
1420 3814 1577 3869 llunc
1614 3813 1800 3884 itaque
1825 3819 1975 3868 auctc

2119 3814 2468 3887 κεντημένων
2492 3815 2760 3887 μαχαίρᾳ,
2789 3814 3233 3870 καταϐαινόντων
3257 3819 3336 3881 είς
3366 3816 3532 3889 ᾅδην.»
3560 3814 3643 3870 Καὶ

436 3914 689 3970 omnium
730 3928 915 3968 rerum
947 3911 1090 3967 Deus
1133 3910 1201 3965 ad
1248 3910 1509 3980 pietatem
1544 3907 1749 3962 ducere
1800 3907 1975 3962 volens

2117 3907 2208 3962 ἵνα
2240 3908 2314 3978 μὴ
2361 3907 2544 3970 πάσας
2570 3907 2668 3971 τὰς
2692 3908 2820 3977 περὶ
2851 3907 3014 3963 αὐτοῦ
3061 3911 3397 3980 προφητείας
3440 3926 3642 3980 παραγα-

438 4009 613 4063 multa
642 4007 695 4063 ei
718 4022 862 4078 saepe
889 4004 1156 4060 salutaria
1182 4001 1436 4057 adhibuit
1484 4000 1725 4056 remedia
1759 4019 1772 4054 :
1809 4006 1862 4054 et
1908 4000 1977 4069 pri

2118 3999 2230 4069 γὼν
2254 4001 2300 4031 θ’
2336 4000 2631 4070 ἁποκνήσω
2661 3998 2738 4069 τῷ
2769 4000 2955 4070 μήκει,
2991 4000 3119 4064 τούς
3149 4019 3208 4055 τε
3239 4001 3334 4056 νῦν
3373 4002 3638 4064 ἀκούοντας,

439 4103 589 4155 mum
621 4114 767 4153 anno
805 4097 1052 4154 secundo
1092 4095 1246 4165 regni
1278 4094 1400 4164 ejus
1441 4093 1495 4147 in
1546 4092 1759 4148 somnis
1804 4093 1855 4146 ei
1899 4100 1978 4148 sta

2118 4092 2214 4147 καὶ
2273 4092 2399 4155 τοὺς
2454 4093 2535 4154 είς
2556 4091 2606 4123 ⁵³
2642 4090 2870 4161 ὕστερον
2914 4090 3127 4156 τούτοις
3164 4092 3556 4164 ἐντευξομένους
3581 4093 3641 4155 εἰς

437 4206 590 4249 tuam
621 4193 768 4247 illam
793 4190 1059 4258 ostendit,
1080 4189 1279 4246 deinde
1302 4188 1582 4243 oblivione
1602 4186 1803 4241 somnii
1837 4185 1970 4243 ell‘ec

2118 4185 2300 4238 ἐκεῖνα
2345 4181 2737 4254 παραπέμψας,
2767 4181 2895 4246 τούς
2919 4183 3126 4250 γνῶναι
3180 4184 3271 4239 τὸν
3311 4183 3468 4255 τῦφον
3511 4181 3639 4237 αὐτοῦ

440 4295 502 4342 ut
534 4284 800 4357 propheta
845 4284 1151 4354 indigeret;
1189 4290 1304 4349 tum
1346 4296 1444 4351 per
1493 4279 1979 4349 iuterpretationer

2117 4278 2211 4330 καὶ
2247 4275 2345 4348 τὴν
2385 4275 2645 4346 ὠμότητα
2694 4273 3070 4347 βουλομένους,
3105 4276 3199 4330 ἐπὶ
3241 4275 3302 4330 τό
3333 4276 3637 4347 προκείμενον

439 4392 631 4449 regum
658 4377 1044 4433 successiones
1076 4381 1339 4429 accurate
1368 4371 1576 4438 docuit,
1611 4371 1867 4425 humanm
1892 4368 1978 4425 feli

2118 4364 2368 4429 ἐπανάξω
2411 4364 2503 4417 τὸν
2528 4363 2706 4432 λόγον.
2741 4362 2944 4418 Τοῦτον
2971 4364 3152 4419 τοίνυν
3181 4366 3211 4418 6
3259 4366 3366 4421 τῶν
3391 4367 3513 4421 ὅλων
3538 4365 3639 4428 Θεὸς

439 4469 630 4524 citatis
662 4468 964 4524 ostendens
1012 4466 1337 4521 brevitatem
1384 4473 1439 4517 et
1497 4462 1873 4535 fragilitatem.
1935 4460 1978 4515 A

2118 4458 2198 4520 εἰς
2228 4455 2508 4510 εὐσέϐειαν
2548 4454 2856 4525 Μδηγῆσαι
2918 4457 3175 4529 θελήσας,
3214 4458 3382 4513 πολλὰ
3427 4456 3638 4519 πολλάκις

440 4560 631 4616 statim
666 4558 760 4615 ille
801 4558 1096 4613 utilitatem
1136 4555 1402 4626 percepit,
1439 4563 1494 4610 et
1521 4554 1850 4609 immensum
1896 4553 1979 4607 cul

2127 4549 2369 4617 σωτήρια
2401 4546 2446 4578 ⁸⁵
2478 4550 2843 4620 προσενήνοχε
2867 4548 3154 4621 φάρμακα,
3187 4550 3283 4604 καὶ
3336 4547 3529 4623 πρῶτον
3565 4545 3638 4617 μὲν

440 4662 559 4709 tum
591 4650 849 4721 praestitit
873 4649 1103 4715 Danieli,
1130 4647 1220 4702 cui
1247 4648 1409 4717 quasi
1447 4645 1558 4702 Deo
1596 4646 1728 4701 thus
1766 4652 1823 4701 et
1873 4645 1979 4700 liba

2125 4638 2183 4693 ἐν
2209 4636 2289 4707 τῷ
2332 4637 2568 4710 δευτέρῳ
2611 4638 2710 4709 τῆς
2751 4639 3030 4709 βασιλείας
3083 4640 3215 4706 ἔτει,
3243 4642 3373 4714 ὄναρ
3412 4638 3541 4711 αὐτῷ
3564 4638 3638 4707 τήν

442 4744 594 4799 mina
624 4742 886 4813 prmcepit
915 4739 1125 4796 oll'erri.
1152 4737 1262 4796 Sed
1290 4753 1507 4805 rursus,
1548 4738 1693 4793 haud
1726 4737 1901 4792 multo
1931 4737 1981 4791 in

2125 4730 2310 4784 εἰκόνα
2322 4725 2548 4801 ἶκείνην
2569 4729 2864 4797 ὑπέδειξεν,
2889 4727 3008 4786 εἶτα
3036 4736 3102 4805 τῇ
3142 4732 3282 4807 λήθῃ
3316 4732 3407 4787 τοῦ
3435 4729 3636 4787 ἐνυπνίου

445 4834 678 4904 terjecto
720 4822 985 4904 tempore,
1042 4834 1341 4906 imaginem
1401 4832 1551 4886 illam
1605 4831 1801 4897 erexit,
1851 4844 1984 4900 qua:

2128 4824 2207 4887 εἰς
2239 4821 2426 4894 χρείαν
2453 4821 2548 4875 τοῦ
2570 4822 2848 4895 προφήτου
2874 4824 3206 4895 κατέστησεν
3224 4841 3237 4854 ·
3275 4826 3454 4880 ἔπειτα
3475 4823 3548 4879 διὰ
3564 4824 3638 4892 τῆς

442 4941 640 4981 omnes
678 4926 783 4982 sibi
821 4927 1107 4997 subjectos
1154 4926 1335 4997 coegit
1375 4924 1632 4988 adorare,
1698 4931 1863 4993 atque
1921 4936 1981 4975 eo

2131 4914 2427 4987 ἑρμηνείας
2471 4913 2571 4978 τὰς
2619 4913 2727 4969 τῶν
2762 4914 3023 4986 βασιλέων
3074 4915 3321 4988 διαδοχὰς
3367 4915 3575 4983 ἐδίδαξεν
3604 4912 3638 4946 ⁶¹

446 5018 541 5089 qui
556 5015 819 5088 pietatem
843 5024 1298 5091 anteposuerant,
1323 5015 1379 5071 in
1395 5030 1587 5088 pyram
1615 5012 1985 5085 iuexplebilitc

2129 5006 2394 5080 ἀκριϐῶς,
2417 4998 2519 5076 τῆς
2553 5006 2898 5080 ἀνθρωπίνης
2934 5008 3235 5080 εὐημερίας
3277 5008 3560 5070 ὑποδεικνὺς
3593 5004 3637 5059 τὸ

526 5181 549 5209 ²
575 5175 680 5234 lsa.
713 5192 770 5244 κ,
806 5176 894 5233 l6.
970 5189 999 5221 ι
1028 5175 1140 5235 lsa.
1163 5196 1275 5250 xiv,
1305 5181 1358 5247 λι,
1382 5180 1434 5236 ϐ.
1510 5179 1540 5219 δ
1571 5177 1705 5234 Ibid.
1731 5177 1788 5240 7,
1814 5174 1868 5229 8.
1946 5186 1972 5215 ο
2009 5169 2065 5229 ιιι

1344 5180 1434 5247 ,6.
1510 5174 1868 5240 blbid.7,8.
1946 5169 2388 5241 c1bid.t‘2,u.
2460 5171 2659 5228 dlbid.
2690 5173 2877 5229 15-19.

1728 5331 1960 5391 VARUE
1999 5331 2401 5389 LECTlONES.
2512 5356 2519 5363 -

555 5430 600 5462 ⁸¹
630 5428 674 5483 Β
705 5429 938 5495 δεικνύς.
1012 5433 1058 5465 ³⁸
1093 5433 1253 5506 εὐφρ.
1312 5433 1392 5486 lta
1438 5431 1723 5501 legendum
1769 5442 1890 5483 esse
1931 5428 2094 5545 Eprocl

594 5506 636 5545 ἱ-
663 5498 726 5545 II-
762 5518 812 5545 n_
845 5502 968 5545 636,
1083 5503 1129 5535 ⁵³
1178 5520 1298 5545 nec-
1361 5503 1519 5545 εὐίου-
1562 5501 1721 5545 Densi.
1762 5500 1816 5545 Ιι-
1860 5499 1896 5545 Ι.
1963 5497 2048 5545 od-
2092 5526 2094 5540 ‹

2092 5424 2402 5495 ιφροσύνην,
2438 5422 2841 5504 recte-monuit
2885 5420 3206 5503 Cotelerius.
3254 5418 3471 5473 Monam.
3517 5409 3629 5465 Eccl.

2092 5494 2238 5545 ηιιοιι
2266 5494 2521 5545 nrmeedit
2551 5492 2694 5545 amid
2726 5492 2884 5545 LXX.
2925 5490 3048 5545 νηί.
3089 5507 3272 5545 supra.
3303 5504 3352 5545 ι).
3375 5486 3484 5541 267.
3540 5480 3579 5512 ⁸⁸
3600 5476 3631 5531 Β

454 5496 550 5553 Cr.
594 5506 637 5554 t.
663 5498 729 5557 ll.
762 5518 815 5572 p.
845 5492 971 5558 636.
1083 5503 1129 5535 ⁵³
1170 5492 1299 5574 μετ.
1361 5492 1522 5572 εὐφρῖ
1559 5501 1721 5556 Deest
1762 5500 1816 5553 li.
1860 5499 1896 5552 l.
1930 5492 1993 5568 βο

455 5570 917 5646 εὐφρανθήσεται.
1002 5572 1253 5646 ,γ’γκεκλ
1303 5573 1342 5625 Β
1384 5587 1573 5642 prmm.
1620 5570 1706 5646 σύ.
1759 5568 1924 5646 --⁵ξαῦ
1986 5588 1993 5618 l

2092 5492 2238 5565 quod
2266 5492 2521 5566 praecedit
2551 5492 2694 5616 aBud
2726 5492 2884 5546 LXX.
2925 5492 3048 5546 Vid.
3089 5507 3272 5562 supra.
3303 5504 3352 5558 p.
3375 5492 3484 5541 267.
3540 5492 3579 5512 ”
3600 5492 3626 5531 υ

2092 5584 2220 5638 ρων.
2267 5563 2518 5646 “"‘xaf‘.
2633 5565 2824 5646 es.“in
2866 5563 2988 5646 ἐξῇ
3011 5556 3468 5646 ἰχΒψείδό-ιεςῖρξξ⁵
3492 5548 3626 5646 Βιιξοξὶ

455 5588 917 5692 ευῈρανυησεταμ
1018 5588 1064 5606 ’⁷
1112 5590 1235 5627 κεκ’
1304 5588 1342 5625 I5
1384 5588 1573 5642 prmm-
1620 5588 1706 5627 συ·
1806 5588 1924 5621 "D
1986 5588 2220 5638 αστρων-
2319 5588 2359 5596 "
2405 5588 2518 5617 xm.
2586 5588 2713 5644 ves.
2771 5588 2824 5618 ιιι
2873 5588 2934 5617 υ.
3012 5588 3400 5649 ’⁷.Β.Ειυυιει,..
3492 5588 3628 5670 navi;

452 5640 896 5759 ;;_‘:gfarwm.
993 5644 1036 5677 “
1062 5645 1179 5716 ῥιφ.
1220 5642 1262 5697 Β
1294 5657 1481 5714 prtem.
1524 5640 1677 5714 φησί.
1756 5640 1799 5673 ⁶²
1837 5637 1879 5692 Β
1908 5638 2191 5708 παράγων.
2267 5634 2313 5667 ⁸³
2342 5635 2440 5700 εἰς.
2475 5632 2601 5691 Des.
2640 5649 2693 5688 in
2727 5632 2790 5687 Β.
2865 5633 2910 5667 σι
2947 5632 2988 5687 Β
3026 5650 3173 5705 αυτῳ
3213 5643 3473 5700 σωτηρίας.

485 5725 679 5773 οειςεν.
