  <div class='ocr_page' id='page_1' title='image "/cluster/home/n/w/nwhite01/storage/ocr_20150623/81/mdp.39015078384339/710.png"; bbox 0 0 3898 6208; ppageno 0'>
   <div class='ocr_carea' id='block_1_1' title="bbox 211 315 343 382">
    <p class='ocr_par' dir='ltr' id='par_1_1' title="bbox 211 315 343 382">
     <span class='ocr_line' id='line_1_1' title="bbox 211 315 343 382; baseline 0.015 -2"><span class='ocrx_word' id='word_1_1' title='bbox 211 315 343 382; x_wconf 82' lang='grc'><strong>1353</strong></span> 
     </span>
    </p>
   </div>
   <div class='ocr_carea' id='block_1_2' title="bbox 1402 314 2202 380">
    <p class='ocr_par' dir='ltr' id='par_1_2' title="bbox 1402 314 2202 380">
     <span class='ocr_line' id='line_1_2' title="bbox 1402 314 2202 380; baseline -0.005 -3"><span class='ocrx_word' id='word_1_2' title='bbox 1402 318 1482 380; x_wconf 79' lang='lat' dir='ltr'><strong>IN</strong></span> <span class='ocrx_word' id='word_1_3' title='bbox 1514 314 1868 377; x_wconf 79' lang='lat' dir='ltr'><strong>DANIELIS</strong></span> <span class='ocrx_word' id='word_1_4' title='bbox 1901 314 2060 375; x_wconf 68' lang='lat' dir='ltr'><strong>CAP.</strong></span> <span class='ocrx_word' id='word_1_5' title='bbox 2088 315 2202 376; x_wconf 82' lang='lat' dir='ltr'><strong>III.</strong></span> 
     </span>
    </p>
   </div>
   <div class='ocr_carea' id='block_1_3' title="bbox 3336 305 3471 374">
    <p class='ocr_par' dir='ltr' id='par_1_3' title="bbox 3336 305 3471 374">
     <span class='ocr_line' id='line_1_3' title="bbox 3336 305 3471 374; baseline 0.007 -2"><span class='ocrx_word' id='word_1_6' title='bbox 3336 305 3471 374; x_wconf 70' lang='grc'><strong>1354</strong></span> 
     </span>
    </p>
   </div>
   <div class='ocr_carea' id='block_1_4' title="bbox 207 426 1780 511">
    <p class='ocr_par' dir='ltr' id='par_1_4' title="bbox 207 431 1780 506">
     <span class='ocr_line' id='line_1_4' title="bbox 207 431 1780 506; baseline 0.001 -19"><span class='ocrx_word' id='word_1_7' title='bbox 207 434 381 504; x_wconf 81' lang='grc' dir='ltr'>βραχύ</span> <span class='ocrx_word' id='word_1_8' title='bbox 436 432 535 495; x_wconf 62' lang='grc' dir='ltr'>καὶ</span> <span class='ocrx_word' id='word_1_9' title='bbox 576 431 859 503; x_wconf 84' lang='grc' dir='ltr'>ἐπίκηρον.</span> <span class='ocrx_word' id='word_1_10' title='bbox 886 432 997 487; x_wconf 83' lang='lat' dir='ltr'><strong>Kal.</strong></span> <span class='ocrx_word' id='word_1_11' title='bbox 1027 433 1342 506; x_wconf 73' lang='grc' dir='ltr'><strong>παραυτίκα</strong></span> <span class='ocrx_word' id='word_1_12' title='bbox 1385 436 1483 505; x_wconf 83' lang='grc' dir='ltr'><strong>μὲν</strong></span> <span class='ocrx_word' id='word_1_13' title='bbox 1517 435 1780 506; x_wconf 72' lang='grc' dir='ltr'>ὠφέλειαν</span> 
     </span>
    </p>
   </div>
   <div class='ocr_carea' id='block_1_5' title="bbox 1883 426 3468 511">
    <p class='ocr_par' dir='ltr' id='par_1_5' title="bbox 1890 426 3468 511">
     <span class='ocr_line' id='line_1_5' title="bbox 1890 426 3468 511; baseline -0.001 -25"><span class='ocrx_word' id='word_1_14' title='bbox 1890 429 2186 486; x_wconf 83' lang='lat' dir='ltr'><strong>enutritam</strong></span> <span class='ocrx_word' id='word_1_15' title='bbox 2230 430 2511 511; x_wconf 52' lang='lat' dir='ltr'><strong>.coujecit.</strong></span> <span class='ocrx_word' id='word_1_16' title='bbox 2569 430 2676 486; x_wconf 86' lang='lat' dir='ltr'><strong>Sed</strong></span> <span class='ocrx_word' id='word_1_17' title='bbox 2728 444 2922 485; x_wconf 77' lang='lat' dir='ltr'><strong>rursus</strong></span> <span class='ocrx_word' id='word_1_18' title='bbox 2964 428 3143 484; x_wconf 80' lang='lat' dir='ltr'><strong>bonus</strong></span> <span class='ocrx_word' id='word_1_19' title='bbox 3201 426 3468 484; x_wconf 79' lang='lat' dir='ltr'><strong>Dominus</strong></span> 
     </span>
    </p>
   </div>
   <div class='ocr_carea' id='block_1_6' title="bbox 204 525 1787 599">
    <p class='ocr_par' dir='ltr' id='par_1_6' title="bbox 204 525 1787 599">
     <span class='ocr_line' id='line_1_6' title="bbox 204 525 1787 599; baseline 0.002 -22"><span class='ocrx_word' id='word_1_20' title='bbox 204 525 445 591; x_wconf 78' lang='grc' dir='ltr'>ἐδέξατο,</span> <span class='ocrx_word' id='word_1_21' title='bbox 481 525 574 579; x_wconf 82' lang='grc' dir='ltr'><strong>καὶ</strong></span> <span class='ocrx_word' id='word_1_22' title='bbox 611 525 673 577; x_wconf 89' lang='grc' dir='ltr'><strong>τὸ</strong></span> <span class='ocrx_word' id='word_1_23' title='bbox 704 525 942 596; x_wconf 81' lang='grc' dir='ltr'><strong>ἄμετρον</strong></span> <span class='ocrx_word' id='word_1_24' title='bbox 970 526 1131 590; x_wconf 84' lang='grc' dir='ltr'>σέϐας</span> <span class='ocrx_word' id='word_1_25' title='bbox 1167 526 1245 597; x_wconf 82' lang='grc' dir='ltr'><strong>τῷ</strong></span> <span class='ocrx_word' id='word_1_26' title='bbox 1293 527 1494 599; x_wconf 80' lang='grc' dir='ltr'><strong>Δανιὴλ</strong></span> <span class='ocrx_word' id='word_1_27' title='bbox 1520 529 1787 599; x_wconf 74' lang='grc' dir='ltr'>προσενήο</span> 
     </span>
    </p>
   </div>
   <div class='ocr_carea' id='block_1_7' title="bbox 204 616 1788 689">
    <p class='ocr_par' dir='ltr' id='par_1_7' title="bbox 204 616 1788 689">
     <span class='ocr_line' id='line_1_7' title="bbox 204 616 1788 689; baseline 0.003 -20"><span class='ocrx_word' id='word_1_28' title='bbox 204 634 394 686; x_wconf 79' lang='grc' dir='ltr'>νοχενο</span> <span class='ocrx_word' id='word_1_29' title='bbox 435 618 511 680; x_wconf 84' lang='grc' dir='ltr'><strong>ὡς</strong></span> <span class='ocrx_word' id='word_1_30' title='bbox 545 616 665 688; x_wconf 83' lang='grc' dir='ltr'><strong>Θεῷ</strong></span> <span class='ocrx_word' id='word_1_31' title='bbox 714 617 826 689; x_wconf 82' lang='grc' dir='ltr'>γὰρ</span> <span class='ocrx_word' id='word_1_32' title='bbox 879 616 1173 672; x_wconf 82' lang='grc' dir='ltr'>λιϐανωτὸν</span> <span class='ocrx_word' id='word_1_33' title='bbox 1226 616 1376 689; x_wconf 82' lang='grc' dir='ltr'>αὐτῷ</span> <span class='ocrx_word' id='word_1_34' title='bbox 1408 619 1501 673; x_wconf 80' lang='grc' dir='ltr'><strong>καὶ</strong></span> <span class='ocrx_word' id='word_1_35' title='bbox 1556 619 1788 682; x_wconf 77' lang='grc' dir='ltr'>σπονδὰς</span> 
     </span>
    </p>
   </div>
   <div class='ocr_carea' id='block_1_8' title="bbox 202 709 1784 782">
    <p class='ocr_par' dir='ltr' id='par_1_8' title="bbox 202 709 1784 782">
     <span class='ocr_line' id='line_1_8' title="bbox 202 709 1784 782; baseline 0.002 -21"><span class='ocrx_word' id='word_1_36' title='bbox 202 709 638 780; x_wconf 78' lang='grc' dir='ltr'><strong>προσενεχθῆναι</strong></span> <span class='ocrx_word' id='word_1_37' title='bbox 670 709 1025 782; x_wconf 78' lang='grc' dir='ltr'>προσέταξεν.</span> <span class='ocrx_word' id='word_1_38' title='bbox 1072 709 1232 764; x_wconf 80' lang='grc' dir='ltr'>Ἀλλά</span> <span class='ocrx_word' id='word_1_39' title='bbox 1267 711 1453 777; x_wconf 81' lang='grc' dir='ltr'>πάλιν,</span> <span class='ocrx_word' id='word_1_40' title='bbox 1490 711 1552 765; x_wconf 88' lang='grc' dir='ltr'><strong>οὐ</strong></span> <span class='ocrx_word' id='word_1_41' title='bbox 1587 712 1784 766; x_wconf 82' lang='grc' dir='ltr'>πολλοῦ</span> 
     </span>
    </p>
   </div>
   <div class='ocr_carea' id='block_1_9' title="bbox 199 800 1784 875">
    <p class='ocr_par' dir='ltr' id='par_1_9' title="bbox 199 800 1784 875">
     <span class='ocr_line' id='line_1_9' title="bbox 199 800 1784 875; baseline 0.001 -20"><span class='ocrx_word' id='word_1_42' title='bbox 199 800 504 866; x_wconf 75' lang='grc' dir='ltr'><strong>διελθόντος</strong></span> <span class='ocrx_word' id='word_1_43' title='bbox 529 801 749 873; x_wconf 86' lang='grc' dir='ltr'>χρόνου,</span> <span class='ocrx_word' id='word_1_44' title='bbox 775 801 875 873; x_wconf 81' lang='grc' dir='ltr'><strong>τὴν</strong></span> <span class='ocrx_word' id='word_1_45' title='bbox 933 801 1119 856; x_wconf 89' lang='grc' dir='ltr'>εἰκόνα</span> <span class='ocrx_word' id='word_1_46' title='bbox 1173 803 1389 874; x_wconf 84' lang='grc' dir='ltr'>ἐκείνην</span> <span class='ocrx_word' id='word_1_47' title='bbox 1423 802 1683 875; x_wconf 87' lang='grc' dir='ltr'>ἀνέστησε</span> <span class='ocrx_word' id='word_1_48' title='bbox 1717 805 1784 871; x_wconf 78' lang='grc'><strong>⁸⁸,</strong></span> 
     </span>
    </p>
   </div>
   <div class='ocr_carea' id='block_1_10' title="bbox 200 890 1786 962">
    <p class='ocr_par' dir='ltr' id='par_1_10' title="bbox 200 890 1786 962">
     <span class='ocr_line' id='line_1_10' title="bbox 200 890 1786 962; baseline 0.001 -18"><span class='ocrx_word' id='word_1_49' title='bbox 200 890 295 944; x_wconf 79' lang='grc' dir='ltr'>καὶ</span> <span class='ocrx_word' id='word_1_50' title='bbox 324 891 575 955; x_wconf 75' lang='grc' dir='ltr'>ἅπαντας</span> <span class='ocrx_word' id='word_1_51' title='bbox 601 891 729 954; x_wconf 82' lang='grc' dir='ltr'><strong>τούς</strong></span> <span class='ocrx_word' id='word_1_52' title='bbox 759 890 1037 962; x_wconf 80' lang='grc' dir='ltr'><strong>ὑπηκόους</strong></span> <span class='ocrx_word' id='word_1_53' title='bbox 1078 893 1402 961; x_wconf 79' lang='grc' dir='ltr'>προσκυνεῖν</span> <span class='ocrx_word' id='word_1_54' title='bbox 1431 891 1602 962; x_wconf 84' lang='grc' dir='ltr'>αὐτὴν</span> <span class='ocrx_word' id='word_1_55' title='bbox 1657 907 1786 945; x_wconf 86' lang='grc' dir='ltr'>κατ-</span> 
     </span>
    </p>
   </div>
   <div class='ocr_carea' id='block_1_11' title="bbox 199 981 1780 1055">
    <p class='ocr_par' dir='ltr' id='par_1_11' title="bbox 199 981 1780 1055">
     <span class='ocr_line' id='line_1_11' title="bbox 199 981 1780 1055; baseline 0 -19"><span class='ocrx_word' id='word_1_56' title='bbox 199 982 506 1053; x_wconf 79' lang='grc' dir='ltr'>ηνάγκασε,</span> <span class='ocrx_word' id='word_1_57' title='bbox 545 982 640 1036; x_wconf 72' lang='grc' dir='ltr'>καὶ</span> <span class='ocrx_word' id='word_1_58' title='bbox 691 982 817 1045; x_wconf 84' lang='grc' dir='ltr'><strong>τούς</strong></span> <span class='ocrx_word' id='word_1_59' title='bbox 845 981 944 1053; x_wconf 84' lang='grc' dir='ltr'><strong>τὴν</strong></span> <span class='ocrx_word' id='word_1_60' title='bbox 982 981 1263 1036; x_wconf 90' lang='grc' dir='ltr'>εὐσέϐειαν</span> <span class='ocrx_word' id='word_1_61' title='bbox 1289 982 1780 1055; x_wconf 86' lang='grc' dir='ltr'>προτετιμηκότας.</span> 
     </span>
    </p>
   </div>
   <div class='ocr_carea' id='block_1_12' title="bbox 196 1074 1785 1147">
    <p class='ocr_par' dir='ltr' id='par_1_12' title="bbox 196 1074 1785 1147">
     <span class='ocr_line' id='line_1_12' title="bbox 196 1074 1785 1147; baseline 0.002 -21"><span class='ocrx_word' id='word_1_62' title='bbox 196 1077 264 1146; x_wconf 77' lang='grc' dir='ltr'>τῇ</span> <span class='ocrx_word' id='word_1_63' title='bbox 313 1075 609 1146; x_wconf 82' lang='grc' dir='ltr'><strong>ἀπλήστως</strong></span> <span class='ocrx_word' id='word_1_64' title='bbox 657 1074 927 1147; x_wconf 76' lang='grc' dir='ltr'>τραφείσῃ</span> <span class='ocrx_word' id='word_1_65' title='bbox 981 1076 1130 1146; x_wconf 80' lang='grc' dir='ltr'>πυρᾷ</span> <span class='ocrx_word' id='word_1_66' title='bbox 1172 1074 1577 1146; x_wconf 80' lang='grc' dir='ltr'>παραδέδωκεν.</span> <span class='ocrx_word' id='word_1_67' title='bbox 1623 1074 1785 1130; x_wconf 85' lang='grc' dir='ltr'>Ἀλλά</span> 
     </span>
    </p>
   </div>
   <div class='ocr_carea' id='block_1_13' title="bbox 197 1166 1780 1239">
    <p class='ocr_par' dir='ltr' id='par_1_13' title="bbox 197 1166 1780 1239">
     <span class='ocr_line' id='line_1_13' title="bbox 197 1166 1780 1239; baseline -0.001 -19"><span class='ocrx_word' id='word_1_68' title='bbox 197 1168 364 1222; x_wconf 81' lang='grc' dir='ltr'>πάλιν</span> <span class='ocrx_word' id='word_1_69' title='bbox 386 1168 415 1220; x_wconf 96' lang='lat'><strong>6</strong></span> <span class='ocrx_word' id='word_1_70' title='bbox 462 1166 664 1236; x_wconf 83' lang='grc' dir='ltr'>ἀγαθὸς</span> <span class='ocrx_word' id='word_1_71' title='bbox 692 1167 992 1237; x_wconf 80' lang='grc' dir='ltr'><strong>Δεσπότης,</strong></span> <span class='ocrx_word' id='word_1_72' title='bbox 1024 1166 1381 1239; x_wconf 67' lang='grc' dir='ltr'>μακροθυμίᾳ</span> <span class='ocrx_word' id='word_1_73' title='bbox 1414 1167 1780 1239; x_wconf 83' lang='grc' dir='ltr'>χρησάμενος,</span> 
     </span>
    </p>
   </div>
   <div class='ocr_carea' id='block_1_14' title="bbox 194 1259 1817 1331">
    <p class='ocr_par' dir='ltr' id='par_1_14' title="bbox 194 1259 1817 1331">
     <span class='ocr_line' id='line_1_14' title="bbox 194 1259 1817 1331; baseline -0.003 -17"><span class='ocrx_word' id='word_1_74' title='bbox 194 1261 352 1324; x_wconf 80' lang='grc' dir='ltr'>δίκας</span> <span class='ocrx_word' id='word_1_75' title='bbox 375 1260 475 1330; x_wconf 82' lang='grc' dir='ltr'>μὲν</span> <span class='ocrx_word' id='word_1_76' title='bbox 502 1259 666 1314; x_wconf 78' lang='grc' dir='ltr'>αὐτὸν</span> <span class='ocrx_word' id='word_1_77' title='bbox 688 1262 788 1331; x_wconf 81' lang='grc' dir='ltr'><strong>τῆς</strong></span> <span class='ocrx_word' id='word_1_78' title='bbox 813 1277 873 1314; x_wconf 85' lang='grc' dir='ltr'><strong>τε</strong></span> <span class='ocrx_word' id='word_1_79' title='bbox 901 1260 1220 1325; x_wconf 76' lang='grc' dir='ltr'>ἀλαζονείας</span> <span class='ocrx_word' id='word_1_80' title='bbox 1240 1259 1337 1314; x_wconf 75' lang='grc' dir='ltr'>καὶ</span> <span class='ocrx_word' id='word_1_81' title='bbox 1361 1259 1461 1330; x_wconf 81' lang='grc' dir='ltr'>τῆς</span> <span class='ocrx_word' id='word_1_82' title='bbox 1489 1259 1782 1330; x_wconf 79' lang='grc' dir='ltr'>θηριωδίας</span> <span class='ocrx_word' id='word_1_83' title='bbox 1814 1304 1817 1307; x_wconf 84' lang='lat'><strong>.</strong></span> 
     </span>
    </p>
   </div>
   <div class='ocr_carea' id='block_1_15' title="bbox 195 1346 1782 1421">
    <p class='ocr_par' dir='ltr' id='par_1_15' title="bbox 195 1346 1782 1421">
     <span class='ocr_line' id='line_1_15' title="bbox 195 1346 1782 1421; baseline -0.002 -19"><span class='ocrx_word' id='word_1_84' title='bbox 195 1350 297 1402; x_wconf 85' lang='grc' dir='ltr'><strong>οὐκ</strong></span> <span class='ocrx_word' id='word_1_85' title='bbox 353 1349 717 1420; x_wconf 72' lang='grc' dir='ltr'>εἰσεπράξατο</span> <span class='ocrx_word' id='word_1_86' title='bbox 747 1349 815 1414; x_wconf 77' lang='grc'><strong>⁵⁷,</strong></span> <span class='ocrx_word' id='word_1_87' title='bbox 856 1350 957 1421; x_wconf 86' lang='grc' dir='ltr'><strong>τὴν</strong></span> <span class='ocrx_word' id='word_1_88' title='bbox 987 1348 1045 1402; x_wconf 82' lang='grc' dir='ltr'>δὲ</span> <span class='ocrx_word' id='word_1_89' title='bbox 1076 1349 1227 1403; x_wconf 88' lang='grc' dir='ltr'>θείαν</span> <span class='ocrx_word' id='word_1_90' title='bbox 1279 1347 1429 1419; x_wconf 88' lang='grc' dir='ltr'>αὐτῷ</span> <span class='ocrx_word' id='word_1_91' title='bbox 1471 1347 1516 1379; x_wconf 70' lang='grc'><strong>⁸⁸</strong></span> <span class='ocrx_word' id='word_1_92' title='bbox 1552 1346 1782 1412; x_wconf 86' lang='grc' dir='ltr'>δύναμιν</span> 
     </span>
    </p>
   </div>
   <div class='ocr_carea' id='block_1_16' title="bbox 195 1439 1781 1512">
    <p class='ocr_par' dir='ltr' id='par_1_16' title="bbox 195 1439 1781 1512">
     <span class='ocr_line' id='line_1_16' title="bbox 195 1439 1781 1512; baseline 0 -19"><span class='ocrx_word' id='word_1_93' title='bbox 195 1440 569 1506; x_wconf 77' lang='grc' dir='ltr'>ὑποδείκνυσι,</span> <span class='ocrx_word' id='word_1_94' title='bbox 626 1442 754 1505; x_wconf 78' lang='grc' dir='ltr'><strong>τούς</strong></span> <span class='ocrx_word' id='word_1_95' title='bbox 804 1439 995 1506; x_wconf 80' lang='grc' dir='ltr'>εὔνους</span> <span class='ocrx_word' id='word_1_96' title='bbox 1044 1441 1383 1512; x_wconf 80' lang='grc' dir='ltr'>θεράποντας</span> <span class='ocrx_word' id='word_1_97' title='bbox 1442 1440 1541 1510; x_wconf 84' lang='grc' dir='ltr'>τῆς</span> <span class='ocrx_word' id='word_1_98' title='bbox 1585 1439 1781 1509; x_wconf 80' lang='grc' dir='ltr'>φλογὸς</span> 
     </span>
    </p>
   </div>
   <div class='ocr_carea' id='block_1_17' title="bbox 194 1527 1780 1603">
    <p class='ocr_par' dir='ltr' id='par_1_17' title="bbox 194 1527 1780 1603">
     <span class='ocr_line' id='line_1_17' title="bbox 194 1527 1780 1603; baseline -0.003 -19"><span class='ocrx_word' id='word_1_99' title='bbox 194 1531 414 1603; x_wconf 80' lang='grc' dir='ltr'>ἐκείνης</span> <span class='ocrx_word' id='word_1_100' title='bbox 466 1528 858 1602; x_wconf 82' lang='grc' dir='ltr'>ἐλευθερώσας.</span> <span class='ocrx_word' id='word_1_101' title='bbox 892 1530 1063 1585; x_wconf 84' lang='grc' dir='ltr'>Πάλιν</span> <span class='ocrx_word' id='word_1_102' title='bbox 1087 1530 1143 1584; x_wconf 84' lang='grc' dir='ltr'>δὲ</span> <span class='ocrx_word' id='word_1_103' title='bbox 1174 1529 1365 1599; x_wconf 83' lang='grc' dir='ltr'>ὀλίγην</span> <span class='ocrx_word' id='word_1_104' title='bbox 1408 1528 1616 1583; x_wconf 84' lang='grc' dir='ltr'>ἐκεῖθεν</span> <span class='ocrx_word' id='word_1_105' title='bbox 1638 1527 1780 1597; x_wconf 78' lang='grc' dir='ltr'><strong>ὠφέ-</strong></span> 
     </span>
    </p>
   </div>
   <div class='ocr_carea' id='block_1_18' title="bbox 193 1618 1776 1695">
    <p class='ocr_par' dir='ltr' id='par_1_18' title="bbox 193 1618 1776 1695">
     <span class='ocr_line' id='line_1_18' title="bbox 193 1618 1776 1695; baseline -0.002 -21"><span class='ocrx_word' id='word_1_106' title='bbox 193 1621 343 1676; x_wconf 84' lang='grc' dir='ltr'>λειαν</span> <span class='ocrx_word' id='word_1_107' title='bbox 399 1621 716 1695; x_wconf 57' lang='grc' dir='ltr'>δεξάμενος,</span> <span class='ocrx_word' id='word_1_108' title='bbox 772 1622 936 1694; x_wconf 87' lang='grc' dir='ltr'>ὐμνεῖ</span> <span class='ocrx_word' id='word_1_109' title='bbox 987 1621 1089 1693; x_wconf 80' lang='grc' dir='ltr'><strong>μὲν</strong></span> <span class='ocrx_word' id='word_1_110' title='bbox 1136 1621 1228 1675; x_wconf 83' lang='grc' dir='ltr'><strong>τὸν</strong></span> <span class='ocrx_word' id='word_1_111' title='bbox 1277 1620 1387 1674; x_wconf 86' lang='grc' dir='ltr'><strong>τῶν</strong></span> <span class='ocrx_word' id='word_1_112' title='bbox 1434 1619 1572 1674; x_wconf 79' lang='grc' dir='ltr'>ὅλων</span> <span class='ocrx_word' id='word_1_113' title='bbox 1622 1618 1776 1682; x_wconf 85' lang='grc' dir='ltr'>Θεὸν,</span> 
     </span>
    </p>
   </div>
   <div class='ocr_carea' id='block_1_19' title="bbox 193 1709 1779 1784">
    <p class='ocr_par' dir='ltr' id='par_1_19' title="bbox 193 1709 1779 1784">
     <span class='ocr_line' id='line_1_19' title="bbox 193 1709 1779 1784; baseline 0 -21"><span class='ocrx_word' id='word_1_114' title='bbox 193 1709 495 1763; x_wconf 78' lang='grc' dir='ltr'>ἀπειλεῖτε</span> <span class='ocrx_word' id='word_1_115' title='bbox 528 1711 573 1743; x_wconf 85' lang='grc'><strong><em>⁶⁹</em></strong></span> <span class='ocrx_word' id='word_1_116' title='bbox 611 1711 711 1783; x_wconf 82' lang='grc' dir='ltr'><strong>τὴν</strong></span> <span class='ocrx_word' id='word_1_117' title='bbox 739 1713 974 1782; x_wconf 85' lang='grc' dir='ltr'>ἐσχάτην</span> <span class='ocrx_word' id='word_1_118' title='bbox 998 1711 1271 1784; x_wconf 83' lang='grc' dir='ltr'>τιμωρίαν</span> <span class='ocrx_word' id='word_1_119' title='bbox 1304 1713 1415 1774; x_wconf 86' lang='grc' dir='ltr'>τοῖς</span> <span class='ocrx_word' id='word_1_120' title='bbox 1456 1709 1779 1780; x_wconf 71' lang='grc' dir='ltr'>βλάσφημον</span> 
     </span>
    </p>
   </div>
   <div class='ocr_carea' id='block_1_20' title="bbox 1889 518 3467 597">
    <p class='ocr_par' dir='ltr' id='par_1_20' title="bbox 1889 518 3467 597">
     <span class='ocr_line' id='line_1_20' title="bbox 1889 518 3467 597; baseline -0.003 -20"><span class='ocrx_word' id='word_1_121' title='bbox 1889 524 2137 579; x_wconf 89' lang='lat' dir='ltr'><strong>adhibita</strong></span> <span class='ocrx_word' id='word_1_122' title='bbox 2158 523 2582 596; x_wconf 88' lang='lat' dir='ltr'><strong>longanimitate</strong></span> <span class='ocrx_word' id='word_1_123' title='bbox 2616 538 2817 597; x_wconf 77' lang='lat' dir='ltr'><strong>pmnas</strong></span> <span class='ocrx_word' id='word_1_124' title='bbox 2846 521 3116 594; x_wconf 64' lang='lat' dir='ltr'><strong>superbia:</strong></span> <span class='ocrx_word' id='word_1_125' title='bbox 3144 528 3197 576; x_wconf 89' lang='lat' dir='ltr'><strong>et</strong></span> <span class='ocrx_word' id='word_1_126' title='bbox 3225 518 3467 575; x_wconf 83' lang='lat' dir='ltr'><strong>crudeli-</strong></span> 
     </span>
    </p>
   </div>
   <div class='ocr_carea' id='block_1_21' title="bbox 1890 613 3468 689">
    <p class='ocr_par' dir='ltr' id='par_1_21' title="bbox 1890 613 3468 689">
     <span class='ocr_line' id='line_1_21' title="bbox 1890 613 3468 689; baseline -0.003 -20"><span class='ocrx_word' id='word_1_127' title='bbox 1890 620 2019 673; x_wconf 88' lang='lat' dir='ltr'><strong>tatis</strong></span> <span class='ocrx_word' id='word_1_128' title='bbox 2055 617 2125 672; x_wconf 87' lang='lat' dir='ltr'><strong>ab</strong></span> <span class='ocrx_word' id='word_1_129' title='bbox 2152 618 2276 688; x_wconf 89' lang='lat' dir='ltr'><strong>ipso</strong></span> <span class='ocrx_word' id='word_1_130' title='bbox 2322 632 2433 672; x_wconf 87' lang='lat' dir='ltr'><strong>non</strong></span> <span class='ocrx_word' id='word_1_131' title='bbox 2487 619 2691 689; x_wconf 75' lang='lat' dir='ltr'><strong>exegit,</strong></span> <span class='ocrx_word' id='word_1_132' title='bbox 2740 631 2933 673; x_wconf 79' lang='lat' dir='ltr'><strong>verum</strong></span> <span class='ocrx_word' id='word_1_133' title='bbox 2971 614 3210 669; x_wconf 82' lang='lat' dir='ltr'><strong>divinam</strong></span> <span class='ocrx_word' id='word_1_134' title='bbox 3244 613 3322 666; x_wconf 87' lang='lat' dir='ltr'><strong>illi</strong></span> <span class='ocrx_word' id='word_1_135' title='bbox 3359 615 3468 666; x_wconf 85' lang='lat' dir='ltr'><strong>vir-</strong></span> 
     </span>
    </p>
   </div>
   <div class='ocr_carea' id='block_1_22' title="bbox 1888 703 3466 777">
    <p class='ocr_par' dir='ltr' id='par_1_22' title="bbox 1888 703 3466 777">
     <span class='ocr_line' id='line_1_22' title="bbox 1888 703 3466 777; baseline -0.004 -15"><span class='ocrx_word' id='word_1_136' title='bbox 1888 717 2065 765; x_wconf 85' lang='lat' dir='ltr'><strong>tutem</strong></span> <span class='ocrx_word' id='word_1_137' title='bbox 2083 709 2349 775; x_wconf 90' lang='lat' dir='ltr'><strong>ostendit,</strong></span> <span class='ocrx_word' id='word_1_138' title='bbox 2389 709 2584 765; x_wconf 85' lang='lat' dir='ltr'><strong>amicis</strong></span> <span class='ocrx_word' id='word_1_139' title='bbox 2624 709 2745 766; x_wconf 90' lang='lat' dir='ltr'><strong>suis</strong></span> <span class='ocrx_word' id='word_1_140' title='bbox 2778 706 2998 763; x_wconf 80' lang='lat' dir='ltr'><strong>famulis</strong></span> <span class='ocrx_word' id='word_1_141' title='bbox 3034 704 3249 777; x_wconf 78' lang='lat'><strong>1138</strong></span> <span class='ocrx_word' id='word_1_142' title='bbox 3275 703 3344 759; x_wconf 89' lang='lat' dir='ltr'><strong>ab</strong></span> <span class='ocrx_word' id='word_1_143' title='bbox 3372 704 3466 757; x_wconf 89' lang='lat' dir='ltr'><strong>illa</strong></span> 
     </span>
    </p>
   </div>
   <div class='ocr_carea' id='block_1_23' title="bbox 1887 796 3468 869">
    <p class='ocr_par' dir='ltr' id='par_1_23' title="bbox 1887 796 3468 869">
     <span class='ocr_line' id='line_1_23' title="bbox 1887 796 3468 869; baseline -0.004 -17"><span class='ocrx_word' id='word_1_144' title='bbox 1887 796 2107 853; x_wconf 85' lang='lat' dir='ltr'><strong>ﬂamma</strong></span> <span class='ocrx_word' id='word_1_145' title='bbox 2144 799 2420 854; x_wconf 86' lang='lat' dir='ltr'><strong>liberatis.</strong></span> <span class='ocrx_word' id='word_1_146' title='bbox 2465 798 2658 854; x_wconf 79' lang='lat' dir='ltr'><strong>Denuo</strong></span> <span class='ocrx_word' id='word_1_147' title='bbox 2685 814 2818 855; x_wconf 82' lang='lat' dir='ltr'><strong>vero</strong></span> <span class='ocrx_word' id='word_1_148' title='bbox 2849 812 3016 869; x_wconf 82' lang='lat' dir='ltr'><strong>parva</strong></span> <span class='ocrx_word' id='word_1_149' title='bbox 3053 796 3178 851; x_wconf 86' lang='lat' dir='ltr'><strong>inde</strong></span> <span class='ocrx_word' id='word_1_150' title='bbox 3207 803 3468 866; x_wconf 86' lang='lat' dir='ltr'><strong>percepta</strong></span> 
     </span>
    </p>
   </div>
   <div class='ocr_carea' id='block_1_24' title="bbox 1887 886 3463 961">
    <p class='ocr_par' dir='ltr' id='par_1_24' title="bbox 1887 886 3463 961">
     <span class='ocr_line' id='line_1_24' title="bbox 1887 886 3463 961; baseline -0.004 -17"><span class='ocrx_word' id='word_1_151' title='bbox 1887 891 2147 954; x_wconf 81' lang='lat' dir='ltr'><strong>utilitate,</strong></span> <span class='ocrx_word' id='word_1_152' title='bbox 2184 890 2373 945; x_wconf 79' lang='lat' dir='ltr'><strong>laudat</strong></span> <span class='ocrx_word' id='word_1_153' title='bbox 2406 891 2626 961; x_wconf 85' lang='lat' dir='ltr'><strong>quidem</strong></span> <span class='ocrx_word' id='word_1_154' title='bbox 2657 900 2942 945; x_wconf 89' lang='lat' dir='ltr'><strong>auctorem</strong></span> <span class='ocrx_word' id='word_1_155' title='bbox 2990 888 3234 943; x_wconf 89' lang='lat' dir='ltr'><strong>omnium</strong></span> <span class='ocrx_word' id='word_1_156' title='bbox 3270 886 3463 949; x_wconf 87' lang='lat' dir='ltr'><strong>Deum,</strong></span> 
     </span>
    </p>
   </div>
   <div class='ocr_carea' id='block_1_25' title="bbox 1886 980 3465 1053">
    <p class='ocr_par' dir='ltr' id='par_1_25' title="bbox 1886 980 3465 1053">
     <span class='ocr_line' id='line_1_25' title="bbox 1886 980 3465 1053; baseline -0.001 -17"><span class='ocrx_word' id='word_1_157' title='bbox 1886 988 2307 1052; x_wconf 78' lang='lat' dir='ltr'><strong>extremumque</strong></span> <span class='ocrx_word' id='word_1_158' title='bbox 2341 983 2677 1053; x_wconf 84' lang='lat' dir='ltr'><strong>supplicium</strong></span> <span class='ocrx_word' id='word_1_159' title='bbox 2737 982 2978 1035; x_wconf 89' lang='lat' dir='ltr'><strong>minatur</strong></span> <span class='ocrx_word' id='word_1_160' title='bbox 3026 981 3097 1035; x_wconf 92' lang='lat' dir='ltr'><strong>iis</strong></span> <span class='ocrx_word' id='word_1_161' title='bbox 3145 980 3239 1050; x_wconf 89' lang='lat' dir='ltr'><strong>qui</strong></span> <span class='ocrx_word' id='word_1_162' title='bbox 3291 980 3465 1035; x_wconf 87' lang='lat' dir='ltr'><strong>malc-</strong></span> 
     </span>
    </p>
   </div>
   <div class='ocr_carea' id='block_1_26' title="bbox 1888 1075 3462 1149">
    <p class='ocr_par' dir='ltr' id='par_1_26' title="bbox 1888 1075 3462 1149">
     <span class='ocr_line' id='line_1_26' title="bbox 1888 1075 3462 1149; baseline 0.001 -20"><span class='ocrx_word' id='word_1_163' title='bbox 1888 1075 2102 1130; x_wconf 90' lang='lat' dir='ltr'><strong>dictum</strong></span> <span class='ocrx_word' id='word_1_164' title='bbox 2138 1076 2363 1149; x_wconf 87' lang='lat' dir='ltr'><strong>aliquod</strong></span> <span class='ocrx_word' id='word_1_165' title='bbox 2400 1078 2470 1135; x_wconf 68' lang='lat' dir='ltr'><strong>in</strong></span> <span class='ocrx_word' id='word_1_166' title='bbox 2520 1078 2697 1148; x_wconf 91' lang='lat' dir='ltr'><strong>ipsum</strong></span> <span class='ocrx_word' id='word_1_167' title='bbox 2732 1076 3035 1147; x_wconf 88' lang='lat' dir='ltr'><strong>conjiciant</strong></span> <span class='ocrx_word' id='word_1_168' title='bbox 3070 1094 3083 1130; x_wconf 88' lang='lat'><strong>:</strong></span> <span class='ocrx_word' id='word_1_169' title='bbox 3119 1075 3213 1130; x_wconf 80' lang='lat' dir='ltr'><strong>sed</strong></span> <span class='ocrx_word' id='word_1_170' title='bbox 3253 1076 3462 1141; x_wconf 83' lang='lat' dir='ltr'><strong>statim,</strong></span> 
     </span>
    </p>
   </div>
   <div class='ocr_carea' id='block_1_27' title="bbox 1885 1167 3465 1238">
    <p class='ocr_par' dir='ltr' id='par_1_27' title="bbox 1885 1167 3465 1238">
     <span class='ocr_line' id='line_1_27' title="bbox 1885 1167 3465 1238; baseline 0.001 -18"><span class='ocrx_word' id='word_1_171' title='bbox 1885 1175 2052 1237; x_wconf 86' lang='lat' dir='ltr'><strong>atque</strong></span> <span class='ocrx_word' id='word_1_172' title='bbox 2086 1168 2225 1224; x_wconf 89' lang='lat' dir='ltr'><strong>adeo</strong></span> <span class='ocrx_word' id='word_1_173' title='bbox 2251 1169 2347 1224; x_wconf 91' lang='lat' dir='ltr'><strong>illo</strong></span> <span class='ocrx_word' id='word_1_174' title='bbox 2385 1169 2506 1238; x_wconf 90' lang='lat' dir='ltr'><strong>ipso</strong></span> <span class='ocrx_word' id='word_1_175' title='bbox 2535 1184 2705 1233; x_wconf 84' lang='lat' dir='ltr'><strong>anno,</strong></span> <span class='ocrx_word' id='word_1_176' title='bbox 2740 1183 2937 1223; x_wconf 90' lang='lat' dir='ltr'><strong>rursus</strong></span> <span class='ocrx_word' id='word_1_177' title='bbox 2956 1167 3219 1224; x_wconf 89' lang='lat' dir='ltr'><strong>oblivioni</strong></span> <span class='ocrx_word' id='word_1_178' title='bbox 3258 1168 3465 1225; x_wconf 89' lang='lat' dir='ltr'><strong>tradito</strong></span> 
     </span>
    </p>
   </div>
   <div class='ocr_carea' id='block_1_28' title="bbox 1886 1241 3465 1327">
    <p class='ocr_par' dir='ltr' id='par_1_28' title="bbox 1886 1241 3465 1327">
     <span class='ocr_line' id='line_1_28' title="bbox 1886 1241 3465 1327; baseline 0.001 -15"><span class='ocrx_word' id='word_1_179' title='bbox 1886 1257 1991 1314; x_wconf 82' lang='lat' dir='ltr'><strong>hoc</strong></span> <span class='ocrx_word' id='word_1_180' title='bbox 2025 1241 2268 1315; x_wconf 48' lang='lat' dir='ltr'><strong>m’aximo</strong></span> <span class='ocrx_word' id='word_1_181' title='bbox 2318 1261 2612 1327; x_wconf 88' lang='lat' dir='ltr'><strong>miraculo,</strong></span> <span class='ocrx_word' id='word_1_182' title='bbox 2638 1276 2761 1315; x_wconf 89' lang='lat' dir='ltr'><strong>cum</strong></span> <span class='ocrx_word' id='word_1_183' title='bbox 2799 1261 3074 1316; x_wconf 80' lang='lat' dir='ltr'><strong>exercitu&#39;</strong></span> <span class='ocrx_word' id='word_1_184' title='bbox 3109 1272 3305 1316; x_wconf 85' lang='lat' dir='ltr'><strong>contra</strong></span> <span class='ocrx_word' id='word_1_185' title='bbox 3338 1258 3465 1314; x_wconf 84' lang='lat' dir='ltr'><strong>Ilie-</strong></span> 
     </span>
    </p>
   </div>
   <div class='ocr_carea' id='block_1_29' title="bbox 1885 1349 3466 1421">
    <p class='ocr_par' dir='ltr' id='par_1_29' title="bbox 1885 1349 3466 1421">
     <span class='ocr_line' id='line_1_29' title="bbox 1885 1349 3466 1421; baseline 0.001 -18"><span class='ocrx_word' id='word_1_186' title='bbox 1885 1350 2218 1421; x_wconf 85' lang='lat' dir='ltr'><strong>rosolymam</strong></span> <span class='ocrx_word' id='word_1_187' title='bbox 2258 1349 2662 1420; x_wconf 82' lang='lat' dir='ltr'><strong>proficiscitur,</strong></span> <span class='ocrx_word' id='word_1_188' title='bbox 2699 1360 2751 1406; x_wconf 92' lang='lat' dir='ltr'><strong>et</strong></span> <span class='ocrx_word' id='word_1_189' title='bbox 2791 1350 2951 1407; x_wconf 87' lang='lat' dir='ltr'><strong>urbis</strong></span> <span class='ocrx_word' id='word_1_190' title='bbox 3000 1350 3204 1405; x_wconf 79' lang='lat' dir='ltr'><strong>mtenia</strong></span> <span class='ocrx_word' id='word_1_191' title='bbox 3231 1349 3466 1405; x_wconf 77' lang='lat' dir='ltr'><strong>demoli-</strong></span> 
     </span>
    </p>
   </div>
   <div class='ocr_carea' id='block_1_30' title="bbox 1886 1440 3463 1512">
    <p class='ocr_par' dir='ltr' id='par_1_30' title="bbox 1886 1440 3463 1512">
     <span class='ocr_line' id='line_1_30' title="bbox 1886 1440 3463 1512; baseline 0.004 -20"><span class='ocrx_word' id='word_1_192' title='bbox 1886 1448 1997 1506; x_wconf 87' lang='lat' dir='ltr'><strong>tur,</strong></span> <span class='ocrx_word' id='word_1_193' title='bbox 2032 1441 2400 1512; x_wconf 91' lang='lat' dir='ltr'><strong>incenditque</strong></span> <span class='ocrx_word' id='word_1_194' title='bbox 2451 1449 2707 1497; x_wconf 88' lang='lat' dir='ltr'><strong>sanctum</strong></span> <span class='ocrx_word' id='word_1_195' title='bbox 2740 1441 3029 1511; x_wconf 87' lang='lat' dir='ltr'><strong>templum,</strong></span> <span class='ocrx_word' id='word_1_196' title='bbox 3086 1440 3358 1511; x_wconf 88' lang='lat' dir='ltr'><strong>audetque</strong></span> <span class='ocrx_word' id='word_1_197' title='bbox 3407 1444 3463 1498; x_wconf 89' lang='lat' dir='ltr'><strong>in</strong></span> 
     </span>
    </p>
   </div>
   <div class='ocr_carea' id='block_1_31' title="bbox 1882 1532 3459 1605">
    <p class='ocr_par' dir='ltr' id='par_1_31' title="bbox 1882 1532 3459 1605">
     <span class='ocr_line' id='line_1_31' title="bbox 1882 1532 3459 1605; baseline 0.001 -19"><span class='ocrx_word' id='word_1_198' title='bbox 1882 1532 2002 1603; x_wconf 89' lang='lat' dir='ltr'><strong>ejus</strong></span> <span class='ocrx_word' id='word_1_199' title='bbox 2032 1535 2198 1605; x_wconf 82' lang='lat' dir='ltr'><strong>adyta</strong></span> <span class='ocrx_word' id='word_1_200' title='bbox 2221 1543 2535 1605; x_wconf 85' lang='lat' dir='ltr'><strong>penetrare,</strong></span> <span class='ocrx_word' id='word_1_201' title='bbox 2570 1533 2963 1604; x_wconf 70' lang='lat' dir='ltr'><strong>prtedatusque</strong></span> <span class='ocrx_word' id='word_1_202' title='bbox 2988 1533 3175 1587; x_wconf 87' lang='lat' dir='ltr'><strong>omnia</strong></span> <span class='ocrx_word' id='word_1_203' title='bbox 3205 1532 3459 1599; x_wconf 88' lang='lat' dir='ltr'><strong>donaria,</strong></span> 
     </span>
    </p>
   </div>
   <div class='ocr_carea' id='block_1_32' title="bbox 1882 1621 3461 1694">
    <p class='ocr_par' dir='ltr' id='par_1_32' title="bbox 1882 1621 3461 1694">
     <span class='ocr_line' id='line_1_32' title="bbox 1882 1621 3461 1694; baseline -0.001 -18"><span class='ocrx_word' id='word_1_204' title='bbox 1882 1621 1937 1676; x_wconf 87' lang='lat' dir='ltr'><strong>in</strong></span> <span class='ocrx_word' id='word_1_205' title='bbox 1974 1623 2310 1694; x_wconf 82' lang='lat' dir='ltr'><strong>Babylonem</strong></span> <span class='ocrx_word' id='word_1_206' title='bbox 2337 1637 2402 1678; x_wconf 90' lang='lat' dir='ltr'><strong>ea</strong></span> <span class='ocrx_word' id='word_1_207' title='bbox 2429 1637 2553 1677; x_wconf 90' lang='lat' dir='ltr'><strong>cum</strong></span> <span class='ocrx_word' id='word_1_208' title='bbox 2586 1622 2822 1693; x_wconf 86' lang='lat' dir='ltr'><strong>captivis</strong></span> <span class='ocrx_word' id='word_1_209' title='bbox 2849 1622 3104 1676; x_wconf 75' lang='lat' dir='ltr'><strong>abduxit.</strong></span> <span class='ocrx_word' id='word_1_210' title='bbox 3131 1621 3247 1676; x_wconf 92' lang='lat' dir='ltr'><strong>lloc</strong></span> <span class='ocrx_word' id='word_1_211' title='bbox 3277 1631 3461 1676; x_wconf 80' lang='lat' dir='ltr'><strong>autern</strong></span> 
     </span>
    </p>
   </div>
   <div class='ocr_carea' id='block_1_33' title="bbox 1881 1712 3465 1785">
    <p class='ocr_par' dir='ltr' id='par_1_33' title="bbox 1881 1712 3465 1785">
     <span class='ocr_line' id='line_1_33' title="bbox 1881 1712 3465 1785; baseline 0.001 -20"><span class='ocrx_word' id='word_1_212' title='bbox 1881 1712 1949 1768; x_wconf 91' lang='lat' dir='ltr'><strong>de</strong></span> <span class='ocrx_word' id='word_1_213' title='bbox 1984 1728 2098 1785; x_wconf 92' lang='lat' dir='ltr'><strong>quo</strong></span> <span class='ocrx_word' id='word_1_214' title='bbox 2137 1715 2421 1784; x_wconf 85' lang='lat' dir='ltr'><strong>loquimur</strong></span> <span class='ocrx_word' id='word_1_215' title='bbox 2476 1723 2723 1784; x_wconf 90' lang='lat' dir='ltr'><strong>tempore</strong></span> <span class='ocrx_word' id='word_1_216' title='bbox 2757 1713 3065 1785; x_wconf 86' lang='lat' dir='ltr'><strong>profectum</strong></span> <span class='ocrx_word' id='word_1_217' title='bbox 3127 1715 3278 1768; x_wconf 90' lang='lat' dir='ltr'><strong>illum</strong></span> <span class='ocrx_word' id='word_1_218' title='bbox 3342 1730 3465 1770; x_wconf 81' lang='lat' dir='ltr'><strong>esse</strong></span> 
     </span>
    </p>
   </div>
   <div class='ocr_carea' id='block_1_34' title="bbox 192 1795 1780 1875">
    <p class='ocr_par' dir='ltr' id='par_1_34' title="bbox 192 1803 1778 1875">
     <span class='ocr_line' id='line_1_34' title="bbox 192 1803 1778 1875; baseline -0.001 -19"><span class='ocrx_word' id='word_1_219' title='bbox 192 1821 244 1856; x_wconf 87' lang='grc' dir='ltr'><strong>τι</strong></span> <span class='ocrx_word' id='word_1_220' title='bbox 276 1807 399 1858; x_wconf 81' lang='grc' dir='ltr'>κατ’</span> <span class='ocrx_word' id='word_1_221' title='bbox 430 1805 597 1858; x_wconf 79' lang='grc' dir='ltr'>αὐτοῦ</span> <span class='ocrx_word' id='word_1_222' title='bbox 632 1805 1055 1875; x_wconf 76' lang='grc' dir='ltr'>φθεγγομένοις·</span> <span class='ocrx_word' id='word_1_223' title='bbox 1088 1804 1204 1859; x_wconf 86' lang='grc' dir='ltr'>ἀλλ’</span> <span class='ocrx_word' id='word_1_224' title='bbox 1235 1803 1397 1868; x_wconf 81' lang='grc' dir='ltr'>εὐθὺς</span> <span class='ocrx_word' id='word_1_225' title='bbox 1435 1804 1531 1856; x_wconf 73' lang='grc' dir='ltr'><strong>καὶ</strong></span> <span class='ocrx_word' id='word_1_226' title='bbox 1564 1819 1778 1873; x_wconf 83' lang='grc' dir='ltr'>παραυ-</span> 
     </span>
    </p>
   </div>
   <div class='ocr_carea' id='block_1_35' title="bbox 1883 1795 3461 1875">
    <p class='ocr_par' dir='ltr' id='par_1_35' title="bbox 1883 1805 3461 1870">
     <span class='ocr_line' id='line_1_35' title="bbox 1883 1805 3461 1870; baseline 0.001 -9"><span class='ocrx_word' id='word_1_227' title='bbox 1883 1822 2009 1861; x_wconf 91' lang='lat' dir='ltr'><strong>cum</strong></span> <span class='ocrx_word' id='word_1_228' title='bbox 2037 1808 2311 1870; x_wconf 76' lang='lat' dir='ltr'><strong>exercitu,</strong></span> <span class='ocrx_word' id='word_1_229' title='bbox 2356 1809 2553 1862; x_wconf 89' lang='lat' dir='ltr'><strong>beatus</strong></span> <span class='ocrx_word' id='word_1_230' title='bbox 2589 1808 2756 1862; x_wconf 88' lang='lat' dir='ltr'><strong>etiam</strong></span> <span class='ocrx_word' id='word_1_231' title='bbox 2814 1822 2917 1862; x_wconf 88' lang='lat' dir='ltr'><strong>nos</strong></span> <span class='ocrx_word' id='word_1_232' title='bbox 2966 1806 3130 1862; x_wconf 85' lang='lat' dir='ltr'><strong>docet</strong></span> <span class='ocrx_word' id='word_1_233' title='bbox 3167 1805 3461 1870; x_wconf 86' lang='lat' dir='ltr'><strong>Jeremias,</strong></span> 
     </span>
    </p>
   </div>
   <div class='ocr_carea' id='block_1_36' title="bbox 193 1894 1777 1968">
    <p class='ocr_par' dir='ltr' id='par_1_36' title="bbox 193 1894 1777 1968">
     <span class='ocr_line' id='line_1_36' title="bbox 193 1894 1777 1968; baseline -0.002 -18"><span class='ocrx_word' id='word_1_234' title='bbox 193 1896 340 1960; x_wconf 84' lang='grc' dir='ltr'>τίκα,</span> <span class='ocrx_word' id='word_1_235' title='bbox 387 1897 481 1951; x_wconf 71' lang='grc' dir='ltr'><strong>καὶ</strong></span> <span class='ocrx_word' id='word_1_236' title='bbox 524 1897 585 1951; x_wconf 85' lang='grc' dir='ltr'><strong>ἐν</strong></span> <span class='ocrx_word' id='word_1_237' title='bbox 623 1896 772 1968; x_wconf 87' lang='grc' dir='ltr'>αὐτῷ</span> <span class='ocrx_word' id='word_1_238' title='bbox 808 1895 887 1968; x_wconf 83' lang='grc' dir='ltr'><strong>τῷ</strong></span> <span class='ocrx_word' id='word_1_239' title='bbox 944 1896 1198 1968; x_wconf 80' lang='grc' dir='ltr'>ἐνιαυτῷ,</span> <span class='ocrx_word' id='word_1_240' title='bbox 1242 1895 1381 1968; x_wconf 79' lang='grc' dir='ltr'>λήθῃ</span> <span class='ocrx_word' id='word_1_241' title='bbox 1415 1894 1575 1949; x_wconf 81' lang='grc' dir='ltr'>πάλιν</span> <span class='ocrx_word' id='word_1_242' title='bbox 1608 1896 1653 1927; x_wconf 85' lang='grc'>⁷⁰</span> <span class='ocrx_word' id='word_1_243' title='bbox 1679 1894 1777 1966; x_wconf 86' lang='grc' dir='ltr'><strong>τὴν</strong></span> 
     </span>
    </p>
   </div>
   <div class='ocr_carea' id='block_1_37' title="bbox 194 1988 1778 2061">
    <p class='ocr_par' dir='ltr' id='par_1_37' title="bbox 194 1988 1778 2061">
     <span class='ocr_line' id='line_1_37' title="bbox 194 1988 1778 2061; baseline 0 -21"><span class='ocrx_word' id='word_1_244' title='bbox 194 1988 466 2059; x_wconf 77' lang='grc' dir='ltr'>μεγίστην</span> <span class='ocrx_word' id='word_1_245' title='bbox 494 1988 699 2060; x_wconf 86' lang='grc' dir='ltr'>ταύτην</span> <span class='ocrx_word' id='word_1_246' title='bbox 730 1989 1006 2061; x_wconf 78' lang='grc' dir='ltr'>παραδοὺς</span> <span class='ocrx_word' id='word_1_247' title='bbox 1032 1988 1493 2060; x_wconf 89' lang='grc' dir='ltr'>θαυματουργίαν,</span> <span class='ocrx_word' id='word_1_248' title='bbox 1517 1990 1778 2059; x_wconf 81' lang='grc' dir='ltr'>ἐπιστρα-</span> 
     </span>
    </p>
   </div>
   <div class='ocr_carea' id='block_1_38' title="bbox 194 2079 1778 2153">
    <p class='ocr_par' dir='ltr' id='par_1_38' title="bbox 194 2079 1778 2153">
     <span class='ocr_line' id='line_1_38' title="bbox 194 2079 1778 2153; baseline 0.001 -21"><span class='ocrx_word' id='word_1_249' title='bbox 194 2079 340 2133; x_wconf 82' lang='grc' dir='ltr'><strong>τεύει</strong></span> <span class='ocrx_word' id='word_1_250' title='bbox 375 2083 487 2144; x_wconf 83' lang='grc' dir='ltr'>τοῖς</span> <span class='ocrx_word' id='word_1_251' title='bbox 527 2080 940 2153; x_wconf 81' lang='grc' dir='ltr'>Ἱεροσολύμοις,</span> <span class='ocrx_word' id='word_1_252' title='bbox 977 2081 1074 2137; x_wconf 77' lang='grc' dir='ltr'>καὶ</span> <span class='ocrx_word' id='word_1_253' title='bbox 1103 2080 1360 2151; x_wconf 89' lang='grc' dir='ltr'>καθαιρεί</span> <span class='ocrx_word' id='word_1_254' title='bbox 1388 2081 1488 2150; x_wconf 82' lang='grc' dir='ltr'><strong>μὲν</strong></span> <span class='ocrx_word' id='word_1_255' title='bbox 1508 2079 1576 2133; x_wconf 89' lang='grc' dir='ltr'><strong>τά</strong></span> <span class='ocrx_word' id='word_1_256' title='bbox 1606 2080 1649 2111; x_wconf 72' lang='grc'><strong>⁷⁸</strong></span> <span class='ocrx_word' id='word_1_257' title='bbox 1678 2080 1778 2150; x_wconf 81' lang='grc' dir='ltr'>τῆς</span> 
     </span>
    </p>
   </div>
   <div class='ocr_carea' id='block_1_39' title="bbox 194 2170 1775 2245">
    <p class='ocr_par' dir='ltr' id='par_1_39' title="bbox 194 2170 1775 2245">
     <span class='ocr_line' id='line_1_39' title="bbox 194 2170 1775 2245; baseline 0 -21"><span class='ocrx_word' id='word_1_258' title='bbox 194 2171 402 2235; x_wconf 71' lang='grc' dir='ltr'>πόλεως</span> <span class='ocrx_word' id='word_1_259' title='bbox 424 2174 602 2244; x_wconf 80' lang='grc' dir='ltr'>τείχη,</span> <span class='ocrx_word' id='word_1_260' title='bbox 624 2173 894 2245; x_wconf 85' lang='grc' dir='ltr'>πυρπολεῖ</span> <span class='ocrx_word' id='word_1_261' title='bbox 923 2190 983 2226; x_wconf 89' lang='grc' dir='ltr'><strong>τε</strong></span> <span class='ocrx_word' id='word_1_262' title='bbox 1019 2173 1112 2227; x_wconf 84' lang='grc' dir='ltr'>τὸν</span> <span class='ocrx_word' id='word_1_263' title='bbox 1136 2172 1291 2242; x_wconf 81' lang='grc' dir='ltr'>ἆγιον</span> <span class='ocrx_word' id='word_1_264' title='bbox 1319 2170 1415 2225; x_wconf 83' lang='grc' dir='ltr'><strong>τοῦ</strong></span> <span class='ocrx_word' id='word_1_265' title='bbox 1447 2170 1583 2225; x_wconf 83' lang='grc' dir='ltr'>Θεοῦ</span> <span class='ocrx_word' id='word_1_266' title='bbox 1617 2170 1775 2237; x_wconf 83' lang='grc' dir='ltr'>νεὼν,</span> 
     </span>
    </p>
   </div>
   <div class='ocr_carea' id='block_1_40' title="bbox 193 2261 1774 2334">
    <p class='ocr_par' dir='ltr' id='par_1_40' title="bbox 193 2261 1774 2334">
     <span class='ocr_line' id='line_1_40' title="bbox 193 2261 1774 2334; baseline 0 -19"><span class='ocrx_word' id='word_1_267' title='bbox 193 2263 512 2334; x_wconf 81' lang='grc' dir='ltr'>κατατολμᾷ</span> <span class='ocrx_word' id='word_1_268' title='bbox 551 2264 608 2317; x_wconf 84' lang='grc' dir='ltr'>δὲ</span> <span class='ocrx_word' id='word_1_269' title='bbox 635 2263 744 2318; x_wconf 82' lang='grc' dir='ltr'>τῶν</span> <span class='ocrx_word' id='word_1_270' title='bbox 771 2262 962 2318; x_wconf 81' lang='grc' dir='ltr'>τούτου</span> <span class='ocrx_word' id='word_1_271' title='bbox 988 2262 1220 2327; x_wconf 84' lang='grc' dir='ltr'>ἀδύτων,</span> <span class='ocrx_word' id='word_1_272' title='bbox 1255 2263 1351 2316; x_wconf 74' lang='grc' dir='ltr'><strong>καί</strong></span> <span class='ocrx_word' id='word_1_273' title='bbox 1398 2261 1578 2316; x_wconf 80' lang='grc' dir='ltr'>πάντα</span> <span class='ocrx_word' id='word_1_274' title='bbox 1615 2262 1774 2333; x_wconf 80' lang='grc' dir='ltr'>συλή-</span> 
     </span>
    </p>
   </div>
   <div class='ocr_carea' id='block_1_41' title="bbox 194 2355 1777 2427">
    <p class='ocr_par' dir='ltr' id='par_1_41' title="bbox 194 2355 1777 2427">
     <span class='ocr_line' id='line_1_41' title="bbox 194 2355 1777 2427; baseline 0 -20"><span class='ocrx_word' id='word_1_275' title='bbox 194 2371 295 2418; x_wconf 84' lang='grc' dir='ltr'><strong>σας</strong></span> <span class='ocrx_word' id='word_1_276' title='bbox 360 2355 430 2409; x_wconf 89' lang='grc' dir='ltr'><strong>τά</strong></span> <span class='ocrx_word' id='word_1_277' title='bbox 486 2356 814 2427; x_wconf 79' lang='grc' dir='ltr'>ἀναθήματα</span> <span class='ocrx_word' id='word_1_278' title='bbox 869 2357 950 2422; x_wconf 84' lang='grc' dir='ltr'><strong>εἰς</strong></span> <span class='ocrx_word' id='word_1_279' title='bbox 1003 2356 1103 2427; x_wconf 81' lang='grc' dir='ltr'><strong>τὴν</strong></span> <span class='ocrx_word' id='word_1_280' title='bbox 1158 2355 1453 2410; x_wconf 82' lang='grc' dir='ltr'>Βαϐυλῶνα</span> <span class='ocrx_word' id='word_1_281' title='bbox 1507 2357 1603 2410; x_wconf 78' lang='grc' dir='ltr'><strong>σὺν</strong></span> <span class='ocrx_word' id='word_1_282' title='bbox 1664 2357 1777 2419; x_wconf 80' lang='grc' dir='ltr'>τοῖς</span> 
     </span>
    </p>
   </div>
   <div class='ocr_carea' id='block_1_42' title="bbox 192 2446 1779 2520">
    <p class='ocr_par' dir='ltr' id='par_1_42' title="bbox 192 2446 1779 2520">
     <span class='ocr_line' id='line_1_42' title="bbox 192 2446 1779 2520; baseline 0 -19"><span class='ocrx_word' id='word_1_283' title='bbox 192 2446 565 2518; x_wconf 78' lang='grc' dir='ltr'>αἰχμαλώτοις</span> <span class='ocrx_word' id='word_1_284' title='bbox 616 2449 950 2520; x_wconf 86' lang='grc' dir='ltr'>ἀπήνεγκεν.</span> <span class='ocrx_word' id='word_1_285' title='bbox 1005 2449 1128 2503; x_wconf 88' lang='grc' dir='ltr'>Ὅτι</span> <span class='ocrx_word' id='word_1_286' title='bbox 1169 2448 1226 2502; x_wconf 85' lang='grc' dir='ltr'>δὲ</span> <span class='ocrx_word' id='word_1_287' title='bbox 1271 2449 1416 2503; x_wconf 81' lang='grc' dir='ltr'>κατὰ</span> <span class='ocrx_word' id='word_1_288' title='bbox 1443 2448 1634 2503; x_wconf 82' lang='grc' dir='ltr'>τοῦτον</span> <span class='ocrx_word' id='word_1_289' title='bbox 1678 2450 1779 2501; x_wconf 78' lang='grc' dir='ltr'>ἐπ-</span> 
     </span>
    </p>
   </div>
   <div class='ocr_carea' id='block_1_43' title="bbox 192 2535 1774 2610">
    <p class='ocr_par' dir='ltr' id='par_1_43' title="bbox 192 2535 1774 2610">
     <span class='ocr_line' id='line_1_43' title="bbox 192 2535 1774 2610; baseline -0.001 -20"><span class='ocrx_word' id='word_1_290' title='bbox 192 2538 529 2609; x_wconf 83' lang='grc' dir='ltr'>εστράτευσε</span> <span class='ocrx_word' id='word_1_291' title='bbox 557 2540 651 2592; x_wconf 84' lang='grc' dir='ltr'><strong>τὸν</strong></span> <span class='ocrx_word' id='word_1_292' title='bbox 680 2538 895 2610; x_wconf 76' lang='grc' dir='ltr'>καιρὸν,</span> <span class='ocrx_word' id='word_1_293' title='bbox 923 2538 1018 2592; x_wconf 74' lang='grc' dir='ltr'><strong>καὶ</strong></span> <span class='ocrx_word' id='word_1_294' title='bbox 1045 2537 1074 2590; x_wconf 97' lang='lat'><strong>6</strong></span> <span class='ocrx_word' id='word_1_295' title='bbox 1095 2538 1366 2608; x_wconf 83' lang='grc' dir='ltr'>μακάριος</span> <span class='ocrx_word' id='word_1_296' title='bbox 1394 2538 1542 2608; x_wconf 82' lang='grc' dir='ltr'>ἡμᾶς</span> <span class='ocrx_word' id='word_1_297' title='bbox 1554 2537 1598 2568; x_wconf 83' lang='grc'>⁷³</span> <span class='ocrx_word' id='word_1_298' title='bbox 1628 2535 1774 2589; x_wconf 86' lang='grc' dir='ltr'>διδά-</span> 
     </span>
    </p>
   </div>
   <div class='ocr_carea' id='block_1_44' title="bbox 191 2628 1778 2701">
    <p class='ocr_par' dir='ltr' id='par_1_44' title="bbox 191 2628 1778 2701">
     <span class='ocr_line' id='line_1_44' title="bbox 191 2628 1778 2701; baseline -0.001 -18"><span class='ocrx_word' id='word_1_299' title='bbox 191 2646 315 2683; x_wconf 81' lang='grc' dir='ltr'>σκει</span> <span class='ocrx_word' id='word_1_300' title='bbox 368 2629 637 2701; x_wconf 82' lang='grc' dir='ltr'>Ἱερεμίας</span> <span class='ocrx_word' id='word_1_301' title='bbox 663 2629 863 2684; x_wconf 76' lang='grc' dir='ltr'>οὑτωσὶ</span> <span class='ocrx_word' id='word_1_302' title='bbox 884 2630 1093 2698; x_wconf 78' lang='grc' dir='ltr'>λέγων’</span> <span class='ocrx_word' id='word_1_303' title='bbox 1131 2647 1151 2682; x_wconf 74' lang='grc' dir='ltr'><strong>ι</strong></span> <span class='ocrx_word' id='word_1_304' title='bbox 1198 2630 1256 2683; x_wconf 88' lang='lat'><strong>&#39;0</strong></span> <span class='ocrx_word' id='word_1_305' title='bbox 1301 2629 1457 2697; x_wconf 85' lang='grc' dir='ltr'>λόγος</span> <span class='ocrx_word' id='word_1_306' title='bbox 1485 2630 1514 2681; x_wconf 90' lang='grc' dir='ltr'><strong>ὀ</strong></span> <span class='ocrx_word' id='word_1_307' title='bbox 1550 2628 1778 2699; x_wconf 86' lang='grc' dir='ltr'>γενόμε-</span> 
     </span>
    </p>
   </div>
   <div class='ocr_carea' id='block_1_45' title="bbox 190 2716 1778 2790">
    <p class='ocr_par' dir='ltr' id='par_1_45' title="bbox 190 2716 1778 2790">
     <span class='ocr_line' id='line_1_45' title="bbox 190 2716 1778 2790; baseline 0 -19"><span class='ocrx_word' id='word_1_308' title='bbox 190 2734 283 2782; x_wconf 87' lang='grc' dir='ltr'><strong>νος</strong></span> <span class='ocrx_word' id='word_1_309' title='bbox 323 2717 478 2790; x_wconf 82' lang='grc' dir='ltr'><strong>παρά</strong></span> <span class='ocrx_word' id='word_1_310' title='bbox 522 2718 730 2790; x_wconf 84' lang='grc' dir='ltr'>Κυρίου</span> <span class='ocrx_word' id='word_1_311' title='bbox 766 2718 902 2790; x_wconf 82' lang='grc' dir='ltr'>πρὸς</span> <span class='ocrx_word' id='word_1_312' title='bbox 940 2717 1212 2790; x_wconf 87' lang='grc' dir='ltr'>Ἰερεμίαν</span> <span class='ocrx_word' id='word_1_313' title='bbox 1252 2718 1311 2773; x_wconf 86' lang='grc' dir='ltr'><strong>ἐν</strong></span> <span class='ocrx_word' id='word_1_314' title='bbox 1340 2716 1417 2787; x_wconf 83' lang='grc' dir='ltr'>τῷ</span> <span class='ocrx_word' id='word_1_315' title='bbox 1443 2717 1674 2790; x_wconf 77' lang='grc' dir='ltr'>ἐνιαυτῷ</span> <span class='ocrx_word' id='word_1_316' title='bbox 1699 2717 1778 2788; x_wconf 80' lang='grc' dir='ltr'>τῷ</span> 
     </span>
    </p>
   </div>
   <div class='ocr_carea' id='block_1_46' title="bbox 188 2804 1776 2883">
    <p class='ocr_par' dir='ltr' id='par_1_46' title="bbox 188 2804 1776 2883">
     <span class='ocr_line' id='line_1_46' title="bbox 188 2804 1776 2883; baseline -0.002 -20"><span class='ocrx_word' id='word_1_317' title='bbox 188 2810 409 2883; x_wconf 77' lang='grc' dir='ltr'>δεκάτῳ</span> <span class='ocrx_word' id='word_1_318' title='bbox 451 2811 698 2865; x_wconf 83' lang='grc' dir='ltr'>Σεδεκίου</span> <span class='ocrx_word' id='word_1_319' title='bbox 739 2809 1001 2880; x_wconf 84' lang='grc' dir='ltr'>βασιλέως</span> <span class='ocrx_word' id='word_1_320' title='bbox 1035 2811 1080 2842; x_wconf 80' lang='grc'>⁷³</span> <span class='ocrx_word' id='word_1_321' title='bbox 1116 2809 1309 2873; x_wconf 83' lang='grc' dir='ltr'>Ἰούδα,</span> <span class='ocrx_word' id='word_1_322' title='bbox 1344 2804 1498 2872; x_wconf 75' lang='grc' dir='ltr'>οὗτος</span> <span class='ocrx_word' id='word_1_323' title='bbox 1532 2809 1776 2871; x_wconf 84' lang='grc' dir='ltr'>ἐνιαυτὸς</span> 
     </span>
    </p>
   </div>
   <div class='ocr_carea' id='block_1_47' title="bbox 194 2897 1780 2971">
    <p class='ocr_par' dir='ltr' id='par_1_47' title="bbox 194 2897 1780 2971">
     <span class='ocr_line' id='line_1_47' title="bbox 194 2897 1780 2971; baseline -0.003 -16"><span class='ocrx_word' id='word_1_324' title='bbox 194 2899 666 2963; x_wconf 81' lang='grc' dir='ltr'>ὀκτωκαιδέκατος</span> <span class='ocrx_word' id='word_1_325' title='bbox 696 2899 743 2930; x_wconf 65' lang='grc'><strong>⁷⁵</strong></span> <span class='ocrx_word' id='word_1_326' title='bbox 775 2897 920 2969; x_wconf 83' lang='grc' dir='ltr'><strong>τῷ’⁷⁸</strong></span> <span class='ocrx_word' id='word_1_327' title='bbox 949 2898 1419 2971; x_wconf 82' lang='grc' dir='ltr'>Ναϐουχοδονόσορ</span> <span class='ocrx_word' id='word_1_328' title='bbox 1452 2898 1530 2969; x_wconf 82' lang='grc' dir='ltr'>τῷ</span> <span class='ocrx_word' id='word_1_329' title='bbox 1572 2897 1780 2969; x_wconf 82' lang='grc' dir='ltr'>βασιλεῖ</span> 
     </span>
    </p>
   </div>
   <div class='ocr_carea' id='block_1_48' title="bbox 190 2990 1778 3063">
    <p class='ocr_par' dir='ltr' id='par_1_48' title="bbox 190 2990 1778 3063">
     <span class='ocr_line' id='line_1_48' title="bbox 190 2990 1778 3063; baseline -0.002 -16"><span class='ocrx_word' id='word_1_330' title='bbox 190 2992 540 3058; x_wconf 85' lang='grc' dir='ltr'>Βαϐυλῶνος,</span> <span class='ocrx_word' id='word_1_331' title='bbox 564 2992 660 3045; x_wconf 72' lang='grc' dir='ltr'><strong>καὶ</strong></span> <span class='ocrx_word' id='word_1_332' title='bbox 684 2992 729 3023; x_wconf 75' lang='grc'><strong>⁷⁸</strong></span> <span class='ocrx_word' id='word_1_333' title='bbox 758 2991 986 3063; x_wconf 80' lang='grc' dir='ltr'>δύναμις</span> <span class='ocrx_word' id='word_1_334' title='bbox 1014 2990 1276 3062; x_wconf 84' lang='grc' dir='ltr'>βασιλέως</span> <span class='ocrx_word' id='word_1_335' title='bbox 1301 2991 1619 3054; x_wconf 80' lang='grc' dir='ltr'>Βαϐυλῶνος</span> <span class='ocrx_word' id='word_1_336' title='bbox 1648 2993 1778 3062; x_wconf 83' lang='grc' dir='ltr'>ἐχα-</span> 
     </span>
    </p>
   </div>
   <div class='ocr_carea' id='block_1_49' title="bbox 194 3080 1775 3156">
    <p class='ocr_par' dir='ltr' id='par_1_49' title="bbox 194 3080 1775 3156">
     <span class='ocr_line' id='line_1_49' title="bbox 194 3080 1775 3156; baseline -0.004 -16"><span class='ocrx_word' id='word_1_337' title='bbox 194 3085 451 3156; x_wconf 79' lang='grc' dir='ltr'>ράκωσεν</span> <span class='ocrx_word' id='word_1_338' title='bbox 481 3084 539 3136; x_wconf 86' lang='grc' dir='ltr'><strong>ἐν</strong></span> <span class='ocrx_word' id='word_1_339' title='bbox 577 3083 620 3113; x_wconf 89' lang='grc'><strong>⁷⁷</strong></span> <span class='ocrx_word' id='word_1_340' title='bbox 665 3080 1045 3153; x_wconf 82' lang='grc' dir='ltr'>Ἰερουσαλήμ.</span> <span class='ocrx_word' id='word_1_341' title='bbox 1076 3100 1094 3132; x_wconf 75' lang='grc' dir='ltr'><strong>ι</strong></span> <span class='ocrx_word' id='word_1_342' title='bbox 1137 3081 1249 3135; x_wconf 72' lang='grc' dir='ltr'>Καὶ</span> <span class='ocrx_word' id='word_1_343' title='bbox 1306 3083 1406 3152; x_wconf 80' lang='grc' dir='ltr'>τῆς</span> <span class='ocrx_word' id='word_1_344' title='bbox 1457 3082 1664 3144; x_wconf 83' lang='grc' dir='ltr'>εἰκόνος</span> <span class='ocrx_word' id='word_1_345' title='bbox 1719 3080 1775 3133; x_wconf 82' lang='grc' dir='ltr'><strong>δὲ</strong></span> 
     </span>
    </p>
   </div>
   <div class='ocr_carea' id='block_1_50' title="bbox 191 3152 1848 3247">
    <p class='ocr_par' dir='ltr' id='par_1_50' title="bbox 191 3152 1848 3247">
     <span class='ocr_line' id='line_1_50' title="bbox 191 3152 1848 3247; baseline -0.003 -18"><span class='ocrx_word' id='word_1_346' title='bbox 191 3152 255 3230; x_wconf 70' lang='grc' dir='ltr'><strong>τὸ</strong></span> <span class='ocrx_word' id='word_1_347' title='bbox 282 3176 528 3246; x_wconf 82' lang='grc' dir='ltr'>διήγημα</span> <span class='ocrx_word' id='word_1_348' title='bbox 568 3175 899 3247; x_wconf 78' lang='grc' dir='ltr'>συγγράφων</span> <span class='ocrx_word' id='word_1_349' title='bbox 956 3175 985 3227; x_wconf 94' lang='lat'><strong>6</strong></span> <span class='ocrx_word' id='word_1_350' title='bbox 1045 3174 1315 3244; x_wconf 70' lang='grc' dir='ltr'>μακάριος</span> <span class='ocrx_word' id='word_1_351' title='bbox 1346 3172 1545 3243; x_wconf 83' lang='grc' dir='ltr'>Δανιὴλ</span> <span class='ocrx_word' id='word_1_352' title='bbox 1587 3170 1777 3225; x_wconf 78' lang='grc' dir='ltr'>τοῦτον</span> <span class='ocrx_word' id='word_1_353' title='bbox 1806 3152 1848 3207; x_wconf 60' lang='grc' dir='ltr'><strong>(ἶ</strong></span> 
     </span>
    </p>
   </div>
   <div class='ocr_carea' id='block_1_51' title="bbox 191 3264 1779 3337">
    <p class='ocr_par' dir='ltr' id='par_1_51' title="bbox 191 3264 1779 3337">
     <span class='ocr_line' id='line_1_51' title="bbox 191 3264 1779 3337; baseline -0.003 -16"><span class='ocrx_word' id='word_1_354' title='bbox 191 3267 411 3321; x_wconf 79' lang='grc' dir='ltr'>τέθεικε</span> <span class='ocrx_word' id='word_1_355' title='bbox 462 3267 554 3321; x_wconf 77' lang='grc' dir='ltr'><strong>τὸν</strong></span> <span class='ocrx_word' id='word_1_356' title='bbox 601 3266 820 3337; x_wconf 89' lang='grc' dir='ltr'>χρόνον·</span> <span class='ocrx_word' id='word_1_357' title='bbox 853 3285 871 3317; x_wconf 83' lang='grc' dir='ltr'><strong>ι</strong></span> <span class='ocrx_word' id='word_1_358' title='bbox 905 3267 1100 3329; x_wconf 88' lang='grc' dir='ltr'>Ἔτους</span> <span class='ocrx_word' id='word_1_359' title='bbox 1155 3264 1626 3320; x_wconf 76' lang='grc' dir='ltr'>ὀκτωκαιδεκάτου</span> <span class='ocrx_word' id='word_1_360' title='bbox 1664 3266 1779 3318; x_wconf 81' lang='grc' dir='ltr'><strong>Να-</strong></span> 
     </span>
    </p>
   </div>
   <div class='ocr_carea' id='block_1_52' title="bbox 192 3356 1773 3429">
    <p class='ocr_par' dir='ltr' id='par_1_52' title="bbox 192 3356 1773 3429">
     <span class='ocr_line' id='line_1_52' title="bbox 192 3356 1773 3429; baseline -0.001 -18"><span class='ocrx_word' id='word_1_361' title='bbox 192 3357 582 3429; x_wconf 84' lang='grc' dir='ltr'>ϐουχοδονόσορ</span> <span class='ocrx_word' id='word_1_362' title='bbox 618 3359 648 3410; x_wconf 98' lang='lat'><strong>6</strong></span> <span class='ocrx_word' id='word_1_363' title='bbox 680 3357 933 3429; x_wconf 81' lang='grc' dir='ltr'>βασιλεὺς</span> <span class='ocrx_word' id='word_1_364' title='bbox 973 3357 1225 3428; x_wconf 80' lang='grc' dir='ltr'>ἐποίησεν</span> <span class='ocrx_word' id='word_1_365' title='bbox 1263 3356 1449 3410; x_wconf 83' lang='grc' dir='ltr'>εἰκόνα</span> <span class='ocrx_word' id='word_1_366' title='bbox 1473 3356 1681 3427; x_wconf 78' lang='grc' dir='ltr'>χρυσῆν</span> <span class='ocrx_word' id='word_1_367' title='bbox 1716 3373 1728 3386; x_wconf 86' lang='grc'><strong>·</strong></span> <span class='ocrx_word' id='word_1_368' title='bbox 1754 3375 1773 3409; x_wconf 77' lang='grc' dir='ltr'><strong>ι</strong></span> 
     </span>
    </p>
   </div>
   <div class='ocr_carea' id='block_1_53' title="bbox 189 3446 1779 3522">
    <p class='ocr_par' dir='ltr' id='par_1_53' title="bbox 189 3446 1779 3522">
     <span class='ocr_line' id='line_1_53' title="bbox 189 3446 1779 3522; baseline -0.002 -19"><span class='ocrx_word' id='word_1_369' title='bbox 189 3451 269 3515; x_wconf 81' lang='grc' dir='ltr'>ὡς</span> <span class='ocrx_word' id='word_1_370' title='bbox 296 3446 438 3504; x_wconf 85' lang='grc' dir='ltr'>εἶναι</span> <span class='ocrx_word' id='word_1_371' title='bbox 467 3449 644 3521; x_wconf 80' lang='grc' dir='ltr'>δῆλον,</span> <span class='ocrx_word' id='word_1_372' title='bbox 663 3450 743 3503; x_wconf 75' lang='grc' dir='ltr'>ὅτι</span> <span class='ocrx_word' id='word_1_373' title='bbox 766 3451 825 3503; x_wconf 93' lang='grc' dir='ltr'><strong>ἐν</strong></span> <span class='ocrx_word' id='word_1_374' title='bbox 853 3450 899 3481; x_wconf 79' lang='grc'><strong>⁷⁸</strong></span> <span class='ocrx_word' id='word_1_375' title='bbox 932 3450 1072 3522; x_wconf 79' lang='grc' dir='ltr'>ἀρχῇ</span> <span class='ocrx_word' id='word_1_376' title='bbox 1097 3448 1191 3502; x_wconf 74' lang='grc' dir='ltr'>τοῦ</span> <span class='ocrx_word' id='word_1_377' title='bbox 1223 3448 1379 3512; x_wconf 80' lang='grc' dir='ltr'>ἔτους</span> <span class='ocrx_word' id='word_1_378' title='bbox 1411 3447 1660 3519; x_wconf 80' lang='grc' dir='ltr'>ἀπῄτησε</span> <span class='ocrx_word' id='word_1_379' title='bbox 1683 3447 1779 3519; x_wconf 76' lang='grc' dir='ltr'><strong>τὴν</strong></span> 
     </span>
    </p>
   </div>
   <div class='ocr_carea' id='block_1_54' title="bbox 191 3539 1782 3615">
    <p class='ocr_par' dir='ltr' id='par_1_54' title="bbox 191 3539 1782 3615">
     <span class='ocr_line' id='line_1_54' title="bbox 191 3539 1782 3615; baseline -0.018 -4"><span class='ocrx_word' id='word_1_380' title='bbox 191 3546 297 3614; x_wconf 74' lang='grc' dir='ltr'><strong>τῆς</strong></span> <span class='ocrx_word' id='word_1_381' title='bbox 325 3545 535 3607; x_wconf 82' lang='grc' dir='ltr'>εἰκόνος</span> <span class='ocrx_word' id='word_1_382' title='bbox 558 3543 928 3615; x_wconf 79' lang='grc' dir='ltr'>προσκύνησιν</span> <span class='ocrx_word' id='word_1_383' title='bbox 950 3558 962 3572; x_wconf 75' lang='grc' dir='ltr'><strong><em>ο</em></strong></span> <span class='ocrx_word' id='word_1_384' title='bbox 1001 3539 1118 3596; x_wconf 80' lang='grc' dir='ltr'>εἶτα</span> <span class='ocrx_word' id='word_1_385' title='bbox 1138 3541 1236 3613; x_wconf 84' lang='grc' dir='ltr'><strong>τὴν</strong></span> <span class='ocrx_word' id='word_1_386' title='bbox 1275 3540 1533 3612; x_wconf 82' lang='grc' dir='ltr'>στρατιὰν</span> <span class='ocrx_word' id='word_1_387' title='bbox 1568 3541 1613 3573; x_wconf 69' lang='grc' dir='ltr'><strong>’θ</strong></span> <span class='ocrx_word' id='word_1_388' title='bbox 1651 3555 1782 3611; x_wconf 83' lang='grc' dir='ltr'>προ-</span> 
     </span>
    </p>
   </div>
   <div class='ocr_carea' id='block_1_55' title="bbox 192 3631 1781 3706">
    <p class='ocr_par' dir='ltr' id='par_1_55' title="bbox 192 3631 1781 3706">
     <span class='ocr_line' id='line_1_55' title="bbox 192 3631 1781 3706; baseline -0.004 -17"><span class='ocrx_word' id='word_1_389' title='bbox 192 3635 427 3706; x_wconf 69' lang='grc' dir='ltr'>πέμψας</span> <span class='ocrx_word' id='word_1_390' title='bbox 481 3634 816 3705; x_wconf 75' lang='grc' dir='ltr'>ἠκολούθησε</span> <span class='ocrx_word' id='word_1_391' title='bbox 850 3636 946 3688; x_wconf 84' lang='grc' dir='ltr'><strong>καί</strong></span> <span class='ocrx_word' id='word_1_392' title='bbox 977 3632 1156 3698; x_wconf 83' lang='grc' dir='ltr'>αὐτὸς,</span> <span class='ocrx_word' id='word_1_393' title='bbox 1183 3631 1527 3703; x_wconf 87' lang='grc' dir='ltr'>περιεγένετό</span> <span class='ocrx_word' id='word_1_394' title='bbox 1575 3648 1635 3684; x_wconf 85' lang='grc' dir='ltr'><strong>τε</strong></span> <span class='ocrx_word' id='word_1_395' title='bbox 1682 3631 1781 3701; x_wconf 81' lang='grc' dir='ltr'>τῆς</span> 
     </span>
    </p>
   </div>
   <div class='ocr_carea' id='block_1_56' title="bbox 202 3722 1781 3801">
    <p class='ocr_par' dir='ltr' id='par_1_56' title="bbox 202 3722 1781 3801">
     <span class='ocr_line' id='line_1_56' title="bbox 202 3722 1781 3801; baseline -0.006 -20"><span class='ocrx_word' id='word_1_396' title='bbox 202 3726 565 3801; x_wconf 84' lang='grc' dir='ltr'>Ἰερουσαλὴμ</span> <span class='ocrx_word' id='word_1_397' title='bbox 593 3722 863 3797; x_wconf 71' lang='grc' dir='ltr'>ἑνδεκάτῳ</span> <span class='ocrx_word' id='word_1_398' title='bbox 886 3724 984 3796; x_wconf 83' lang='grc' dir='ltr'>μὲν</span> <span class='ocrx_word' id='word_1_399' title='bbox 1022 3723 1129 3777; x_wconf 77' lang='grc' dir='ltr'>ἔτει</span> <span class='ocrx_word' id='word_1_400' title='bbox 1162 3723 1261 3794; x_wconf 81' lang='grc' dir='ltr'>τῆς</span> <span class='ocrx_word' id='word_1_401' title='bbox 1307 3722 1586 3793; x_wconf 74' lang='grc' dir='ltr'>βασιλείας</span> <span class='ocrx_word' id='word_1_402' title='bbox 1626 3722 1781 3774; x_wconf 82' lang='grc' dir='ltr'>Σεδε-</span> 
     </span>
    </p>
   </div>
   <div class='ocr_carea' id='block_1_57' title="bbox 189 3816 1780 3891">
    <p class='ocr_par' dir='ltr' id='par_1_57' title="bbox 189 3816 1780 3891">
     <span class='ocr_line' id='line_1_57' title="bbox 189 3816 1780 3891; baseline -0.003 -16"><span class='ocrx_word' id='word_1_403' title='bbox 189 3821 340 3888; x_wconf 86' lang='grc' dir='ltr'>κίου,</span> <span class='ocrx_word' id='word_1_404' title='bbox 366 3821 831 3891; x_wconf 75' lang='grc' dir='ltr'>ἐννεακαιδεκάτῳ</span> <span class='ocrx_word' id='word_1_405' title='bbox 854 3819 911 3872; x_wconf 78' lang='grc' dir='ltr'>δὲ</span> <span class='ocrx_word' id='word_1_406' title='bbox 932 3819 1030 3889; x_wconf 75' lang='grc' dir='ltr'>τῆς</span> <span class='ocrx_word' id='word_1_407' title='bbox 1058 3817 1251 3872; x_wconf 77' lang='grc' dir='ltr'>ἐαυτοῦ</span> <span class='ocrx_word' id='word_1_408' title='bbox 1276 3816 1575 3887; x_wconf 84' lang='grc' dir='ltr'>βασιλείας.</span> <span class='ocrx_word' id='word_1_409' title='bbox 1608 3818 1780 3871; x_wconf 79' lang='grc' dir='ltr'>Ἐπει-</span> 
     </span>
    </p>
   </div>
   <div class='ocr_carea' id='block_1_58' title="bbox 186 3909 1780 3983">
    <p class='ocr_par' dir='ltr' id='par_1_58' title="bbox 186 3909 1780 3983">
     <span class='ocr_line' id='line_1_58' title="bbox 186 3909 1780 3983; baseline -0.001 -19"><span class='ocrx_word' id='word_1_410' title='bbox 186 3913 258 3981; x_wconf 82' lang='grc' dir='ltr'><strong>δὴ</strong></span> <span class='ocrx_word' id='word_1_411' title='bbox 290 3911 469 3965; x_wconf 80' lang='grc' dir='ltr'>τοίνυν</span> <span class='ocrx_word' id='word_1_412' title='bbox 495 3912 749 3983; x_wconf 73' lang='grc' dir='ltr'>οὐδεμίαν</span> <span class='ocrx_word' id='word_1_413' title='bbox 771 3909 1067 3981; x_wconf 78' lang='grc' dir='ltr'>οὐδαμόθεν</span> <span class='ocrx_word' id='word_1_414' title='bbox 1105 3911 1133 3964; x_wconf 91' lang='lat'><strong>6</strong></span> <span class='ocrx_word' id='word_1_415' title='bbox 1175 3909 1407 3973; x_wconf 85' lang='grc' dir='ltr'>δείλαιος</span> <span class='ocrx_word' id='word_1_416' title='bbox 1439 3909 1704 3979; x_wconf 84' lang='grc' dir='ltr'>ὠφέλειαν</span> <span class='ocrx_word' id='word_1_417' title='bbox 1734 3911 1780 3943; x_wconf 76' lang='grc' dir='ltr'><strong>⁸ο</strong></span> 
     </span>
    </p>
   </div>
   <div class='ocr_carea' id='block_1_59' title="bbox 189 4000 1781 4073">
    <p class='ocr_par' dir='ltr' id='par_1_59' title="bbox 189 4000 1781 4073">
     <span class='ocr_line' id='line_1_59' title="bbox 189 4000 1781 4073; baseline -0.001 -17"><span class='ocrx_word' id='word_1_418' title='bbox 189 4003 441 4071; x_wconf 73' lang='grc' dir='ltr'>ἐδέξατο,</span> <span class='ocrx_word' id='word_1_419' title='bbox 492 4003 881 4073; x_wconf 81' lang='grc' dir='ltr'>ἀγανακτήσας</span> <span class='ocrx_word' id='word_1_420' title='bbox 924 4004 952 4055; x_wconf 89' lang='lat'><strong>6</strong></span> <span class='ocrx_word' id='word_1_421' title='bbox 980 4000 1088 4054; x_wconf 85' lang='grc' dir='ltr'><strong>τῶν</strong></span> <span class='ocrx_word' id='word_1_422' title='bbox 1121 4001 1259 4055; x_wconf 82' lang='grc' dir='ltr'>ὅλων</span> <span class='ocrx_word' id='word_1_423' title='bbox 1303 4000 1436 4064; x_wconf 82' lang='grc' dir='ltr'>Θεὸς</span> <span class='ocrx_word' id='word_1_424' title='bbox 1487 4000 1781 4055; x_wconf 84' lang='grc' dir='ltr'>δεδίττεται</span> 
     </span>
    </p>
   </div>
   <div class='ocr_carea' id='block_1_60' title="bbox 195 4086 1779 4166">
    <p class='ocr_par' dir='ltr' id='par_1_60' title="bbox 195 4086 1779 4166">
     <span class='ocr_line' id='line_1_60' title="bbox 195 4086 1779 4166; baseline -0.003 -17"><span class='ocrx_word' id='word_1_425' title='bbox 195 4096 302 4166; x_wconf 78' lang='grc' dir='ltr'>μὲν</span> <span class='ocrx_word' id='word_1_426' title='bbox 359 4094 525 4149; x_wconf 74' lang='grc' dir='ltr'>αὐτὸν</span> <span class='ocrx_word' id='word_1_427' title='bbox 572 4095 838 4165; x_wconf 83' lang='grc' dir='ltr'>πρότερον</span> <span class='ocrx_word' id='word_1_428' title='bbox 869 4094 911 4125; x_wconf 82' lang='grc'><strong>⁸¹</strong></span> <span class='ocrx_word' id='word_1_429' title='bbox 974 4093 1040 4145; x_wconf 80' lang='grc' dir='ltr'>δι’</span> <span class='ocrx_word' id='word_1_430' title='bbox 1064 4092 1339 4155; x_wconf 84' lang='grc' dir='ltr'>ἐνυπνίου,</span> <span class='ocrx_word' id='word_1_431' title='bbox 1377 4086 1495 4146; x_wconf 73' lang='grc' dir='ltr'>εἶτα</span> <span class='ocrx_word' id='word_1_432' title='bbox 1551 4091 1641 4145; x_wconf 78' lang='grc' dir='ltr'>διὰ</span> <span class='ocrx_word' id='word_1_433' title='bbox 1684 4092 1779 4146; x_wconf 75' lang='grc' dir='ltr'>τοῦ</span> 
     </span>
    </p>
   </div>
   <div class='ocr_carea' id='block_1_61' title="bbox 190 4182 1777 4257">
    <p class='ocr_par' dir='ltr' id='par_1_61' title="bbox 190 4182 1777 4257">
     <span class='ocr_line' id='line_1_61' title="bbox 190 4182 1777 4257; baseline -0.001 -18"><span class='ocrx_word' id='word_1_434' title='bbox 190 4185 399 4257; x_wconf 81' lang='grc' dir='ltr'>Δανιὴλ</span> <span class='ocrx_word' id='word_1_435' title='bbox 426 4184 497 4239; x_wconf 79' lang='grc' dir='ltr'>τὰ</span> <span class='ocrx_word' id='word_1_436' title='bbox 514 4184 603 4238; x_wconf 82' lang='grc' dir='ltr'>διὰ</span> <span class='ocrx_word' id='word_1_437' title='bbox 627 4183 721 4238; x_wconf 74' lang='grc' dir='ltr'>τοῦ</span> <span class='ocrx_word' id='word_1_438' title='bbox 746 4183 998 4238; x_wconf 78' lang='grc' dir='ltr'>ἐνυπνίου</span> <span class='ocrx_word' id='word_1_439' title='bbox 1034 4183 1413 4253; x_wconf 84' lang='grc' dir='ltr'>σημαινόμενα</span> <span class='ocrx_word' id='word_1_440' title='bbox 1442 4182 1576 4253; x_wconf 72' lang='grc' dir='ltr'>δῆλα</span> <span class='ocrx_word' id='word_1_441' title='bbox 1616 4186 1777 4238; x_wconf 85' lang='grc' dir='ltr'>ποιεῖ.</span> 
     </span>
    </p>
   </div>
   <div class='ocr_carea' id='block_1_62' title="bbox 189 4273 1781 4346">
    <p class='ocr_par' dir='ltr' id='par_1_62' title="bbox 189 4273 1781 4346">
     <span class='ocr_line' id='line_1_62' title="bbox 189 4273 1781 4346; baseline -0.003 -14"><span class='ocrx_word' id='word_1_442' title='bbox 189 4278 307 4333; x_wconf 73' lang='grc' dir='ltr'><strong>Καὶ</strong></span> <span class='ocrx_word' id='word_1_443' title='bbox 354 4276 477 4331; x_wconf 82' lang='grc' dir='ltr'>οὐδὲ</span> <span class='ocrx_word' id='word_1_444' title='bbox 528 4274 701 4339; x_wconf 70' lang='grc' dir='ltr'>οὕτως</span> <span class='ocrx_word' id='word_1_445' title='bbox 743 4275 904 4339; x_wconf 79' lang='grc' dir='ltr'>εὐθὺς</span> <span class='ocrx_word' id='word_1_446' title='bbox 951 4275 1144 4342; x_wconf 78' lang='grc' dir='ltr'>ἐπάγει</span> <span class='ocrx_word' id='word_1_447' title='bbox 1177 4274 1277 4345; x_wconf 81' lang='grc' dir='ltr'><strong>τὴν</strong></span> <span class='ocrx_word' id='word_1_448' title='bbox 1322 4273 1616 4346; x_wconf 86' lang='grc' dir='ltr'>τιμωρίαν,</span> <span class='ocrx_word' id='word_1_449' title='bbox 1645 4273 1781 4329; x_wconf 85' lang='grc' dir='ltr'>ἁλλά</span> 
     </span>
    </p>
   </div>
   <div class='ocr_carea' id='block_1_63' title="bbox 190 4367 1781 4441">
    <p class='ocr_par' dir='ltr' id='par_1_63' title="bbox 190 4367 1781 4441">
     <span class='ocr_line' id='line_1_63' title="bbox 190 4367 1781 4441; baseline -0.001 -18"><span class='ocrx_word' id='word_1_450' title='bbox 190 4370 566 4441; x_wconf 53' lang='grc' dir='ltr'><strong>’προσφέρει1η</strong></span> <span class='ocrx_word' id='word_1_451' title='bbox 601 4369 697 4439; x_wconf 75' lang='grc' dir='ltr'><strong>μὲν</strong></span> <span class='ocrx_word' id='word_1_452' title='bbox 754 4368 904 4438; x_wconf 83' lang='grc' dir='ltr'>αὐτῷ</span> <span class='ocrx_word' id='word_1_453' title='bbox 958 4367 1268 4439; x_wconf 85' lang='grc' dir='ltr'>συμϐουλὴν</span> <span class='ocrx_word' id='word_1_454' title='bbox 1310 4368 1405 4421; x_wconf 74' lang='grc' dir='ltr'><strong>καὶ</strong></span> <span class='ocrx_word' id='word_1_455' title='bbox 1452 4367 1781 4437; x_wconf 85' lang='grc' dir='ltr'>παραίνεσιν</span> 
     </span>
    </p>
   </div>
   <div class='ocr_carea' id='block_1_64' title="bbox 1879 1896 3460 1968">
    <p class='ocr_par' dir='ltr' id='par_1_64' title="bbox 1879 1896 3460 1968">
     <span class='ocr_line' id='line_1_64' title="bbox 1879 1896 3460 1968; baseline 0.001 -15"><span class='ocrx_word' id='word_1_456' title='bbox 1879 1914 2007 1953; x_wconf 89' lang='lat' dir='ltr'><strong>cum</strong></span> <span class='ocrx_word' id='word_1_457' title='bbox 2039 1898 2323 1954; x_wconf 73' lang='lat' dir='ltr'><strong>itadicit:</strong></span> <span class='ocrx_word' id='word_1_458' title='bbox 2362 1917 2380 1949; x_wconf 80' lang='grc' dir='ltr'><strong>ι</strong></span> <span class='ocrx_word' id='word_1_459' title='bbox 2427 1896 2665 1953; x_wconf 82' lang='lat' dir='ltr'><strong>Verbum</strong></span> <span class='ocrx_word' id='word_1_460' title='bbox 2706 1899 2853 1968; x_wconf 79' lang='lat' dir='ltr'><strong>quod</strong></span> <span class='ocrx_word' id='word_1_461' title='bbox 2907 1900 3114 1953; x_wconf 87' lang='lat' dir='ltr'><strong>factum</strong></span> <span class='ocrx_word' id='word_1_462' title='bbox 3152 1906 3237 1954; x_wconf 88' lang='lat' dir='ltr'><strong>est</strong></span> <span class='ocrx_word' id='word_1_463' title='bbox 3275 1898 3343 1952; x_wconf 88' lang='lat' dir='ltr'><strong>ad</strong></span> <span class='ocrx_word' id='word_1_464' title='bbox 3369 1897 3460 1954; x_wconf 84' lang='lat' dir='ltr'><strong>Je-</strong></span> 
     </span>
    </p>
   </div>
   <div class='ocr_carea' id='block_1_65' title="bbox 1879 1988 3461 2061">
    <p class='ocr_par' dir='ltr' id='par_1_65' title="bbox 1879 1988 3461 2061">
     <span class='ocr_line' id='line_1_65' title="bbox 1879 1988 3461 2061; baseline 0.002 -16"><span class='ocrx_word' id='word_1_465' title='bbox 1879 1992 2106 2045; x_wconf 89' lang='lat' dir='ltr'><strong>remiam</strong></span> <span class='ocrx_word' id='word_1_466' title='bbox 2148 2005 2179 2045; x_wconf 88' lang='lat' dir='ltr'><strong>a</strong></span> <span class='ocrx_word' id='word_1_467' title='bbox 2232 1990 2488 2055; x_wconf 86' lang='lat' dir='ltr'><strong>Domino,</strong></span> <span class='ocrx_word' id='word_1_468' title='bbox 2544 2006 2690 2045; x_wconf 91' lang='lat' dir='ltr'><strong>anno</strong></span> <span class='ocrx_word' id='word_1_469' title='bbox 2730 1990 2948 2045; x_wconf 89' lang='lat' dir='ltr'><strong>decimo</strong></span> <span class='ocrx_word' id='word_1_470' title='bbox 3011 1988 3258 2046; x_wconf 71' lang='lat' dir='ltr'><strong>Sedecite</strong></span> <span class='ocrx_word' id='word_1_471' title='bbox 3314 1994 3461 2061; x_wconf 81' lang='lat' dir='ltr'><strong>regis</strong></span> 
     </span>
    </p>
   </div>
   <div class='ocr_carea' id='block_1_66' title="bbox 1878 2080 3462 2146">
    <p class='ocr_par' dir='ltr' id='par_1_66' title="bbox 1878 2080 3462 2146">
     <span class='ocr_line' id='line_1_66' title="bbox 1878 2080 3462 2146; baseline 0.001 -11"><span class='ocrx_word' id='word_1_472' title='bbox 1878 2081 2053 2146; x_wconf 68' lang='lat' dir='ltr'><strong>Judae,</strong></span> <span class='ocrx_word' id='word_1_473' title='bbox 2082 2083 2171 2138; x_wconf 90' lang='lat' dir='ltr'><strong>bic</strong></span> <span class='ocrx_word' id='word_1_474' title='bbox 2219 2092 2401 2138; x_wconf 85' lang='lat' dir='ltr'><strong>annus</strong></span> <span class='ocrx_word' id='word_1_475' title='bbox 2438 2089 2672 2137; x_wconf 77' lang='lat' dir='ltr'><strong>octavus</strong></span> <span class='ocrx_word' id='word_1_476' title='bbox 2711 2093 2768 2138; x_wconf 90' lang='lat' dir='ltr'><strong>et</strong></span> <span class='ocrx_word' id='word_1_477' title='bbox 2796 2080 3045 2137; x_wconf 90' lang='lat' dir='ltr'><strong>decimus</strong></span> <span class='ocrx_word' id='word_1_478' title='bbox 3089 2082 3462 2138; x_wconf 85' lang='lat' dir='ltr'><strong>Nabuchodo-</strong></span> 
     </span>
    </p>
   </div>
   <div class='ocr_carea' id='block_1_67' title="bbox 1880 2174 3462 2246">
    <p class='ocr_par' dir='ltr' id='par_1_67' title="bbox 1880 2174 3462 2246">
     <span class='ocr_line' id='line_1_67' title="bbox 1880 2174 3462 2246; baseline 0.001 -19"><span class='ocrx_word' id='word_1_479' title='bbox 1880 2175 2101 2230; x_wconf 89' lang='lat' dir='ltr'><strong>nosoris</strong></span> <span class='ocrx_word' id='word_1_480' title='bbox 2146 2177 2292 2242; x_wconf 71' lang='lat' dir='ltr'><strong>regis</strong></span> <span class='ocrx_word' id='word_1_481' title='bbox 2324 2174 2642 2244; x_wconf 83' lang='lat' dir='ltr'><strong>Babylonis,</strong></span> <span class='ocrx_word' id='word_1_482' title='bbox 2672 2182 2727 2228; x_wconf 87' lang='lat' dir='ltr'><strong>et</strong></span> <span class='ocrx_word' id='word_1_483' title='bbox 2761 2175 3046 2230; x_wconf 80' lang='lat' dir='ltr'><strong>exercitus</strong></span> <span class='ocrx_word' id='word_1_484' title='bbox 3088 2176 3237 2246; x_wconf 88' lang='lat' dir='ltr'><strong>regis</strong></span> <span class='ocrx_word' id='word_1_485' title='bbox 3284 2174 3462 2246; x_wconf 80' lang='lat' dir='ltr'><strong>Baby-</strong></span> 
     </span>
    </p>
   </div>
   <div class='ocr_carea' id='block_1_68' title="bbox 1879 2262 3461 2334">
    <p class='ocr_par' dir='ltr' id='par_1_68' title="bbox 1879 2262 3461 2334">
     <span class='ocr_line' id='line_1_68' title="bbox 1879 2262 3461 2334; baseline -0.002 -17"><span class='ocrx_word' id='word_1_486' title='bbox 1879 2263 2023 2319; x_wconf 93' lang='lat' dir='ltr'><strong>lonis</strong></span> <span class='ocrx_word' id='word_1_487' title='bbox 2065 2263 2283 2321; x_wconf 88' lang='lat' dir='ltr'><strong>obsedit</strong></span> <span class='ocrx_word' id='word_1_488' title='bbox 2343 2263 2832 2334; x_wconf 72' lang='lat' dir='ltr'><strong>Hierosolymame.</strong></span> <span class='ocrx_word' id='word_1_489' title='bbox 2870 2282 2888 2315; x_wconf 72' lang='grc' dir='ltr'><strong>ι</strong></span> <span class='ocrx_word' id='word_1_490' title='bbox 2924 2262 2991 2317; x_wconf 87' lang='lat' dir='ltr'><strong>Et</strong></span> <span class='ocrx_word' id='word_1_491' title='bbox 3046 2270 3243 2317; x_wconf 80' lang='lat' dir='ltr'><strong>statuae</strong></span> <span class='ocrx_word' id='word_1_492' title='bbox 3291 2264 3461 2317; x_wconf 52' lang='lat' dir='ltr'><strong>bisto.</strong></span> 
     </span>
    </p>
   </div>
   <div class='ocr_carea' id='block_1_69' title="bbox 1880 2355 3458 2426">
    <p class='ocr_par' dir='ltr' id='par_1_69' title="bbox 1880 2355 3458 2426">
     <span class='ocr_line' id='line_1_69' title="bbox 1880 2355 3458 2426; baseline -0.001 -15"><span class='ocrx_word' id='word_1_493' title='bbox 1880 2358 2023 2413; x_wconf 88' lang='lat' dir='ltr'><strong>riam</strong></span> <span class='ocrx_word' id='word_1_494' title='bbox 2053 2359 2307 2413; x_wconf 83' lang='lat' dir='ltr'><strong>scribens</strong></span> <span class='ocrx_word' id='word_1_495' title='bbox 2334 2356 2526 2413; x_wconf 87' lang='lat' dir='ltr'><strong>beatus</strong></span> <span class='ocrx_word' id='word_1_496' title='bbox 2559 2356 2752 2411; x_wconf 90' lang='lat' dir='ltr'><strong>Daniel</strong></span> <span class='ocrx_word' id='word_1_497' title='bbox 2775 2356 2879 2410; x_wconf 84' lang='lat' dir='ltr'><strong>hoc</strong></span> <span class='ocrx_word' id='word_1_498' title='bbox 2907 2363 3128 2426; x_wconf 83' lang='lat' dir='ltr'><strong>tempus</strong></span> <span class='ocrx_word' id='word_1_499' title='bbox 3160 2355 3419 2426; x_wconf 79' lang='lat' dir='ltr'><strong>ascripsit</strong></span> <span class='ocrx_word' id='word_1_500' title='bbox 3446 2373 3458 2409; x_wconf 90' lang='lat'>:</span> 
     </span>
    </p>
   </div>
   <div class='ocr_carea' id='block_1_70' title="bbox 1882 2445 3464 2515">
    <p class='ocr_par' dir='ltr' id='par_1_70' title="bbox 1882 2445 3464 2515">
     <span class='ocr_line' id='line_1_70' title="bbox 1882 2445 3464 2515; baseline -0.003 -12"><span class='ocrx_word' id='word_1_501' title='bbox 1882 2469 1903 2513; x_wconf 65' lang='grc' dir='ltr'><em>μ</em></span> <span class='ocrx_word' id='word_1_502' title='bbox 1945 2451 2101 2504; x_wconf 87' lang='lat' dir='ltr'><strong>Anno</strong></span> <span class='ocrx_word' id='word_1_503' title='bbox 2132 2448 2353 2505; x_wconf 90' lang='lat' dir='ltr'><strong>decimo</strong></span> <span class='ocrx_word' id='word_1_504' title='bbox 2384 2457 2609 2515; x_wconf 87' lang='lat' dir='ltr'><strong>octavo,</strong></span> <span class='ocrx_word' id='word_1_505' title='bbox 2640 2446 3159 2503; x_wconf 74' lang='lat' dir='ltr'><strong>Nabuchodonosor</strong></span> <span class='ocrx_word' id='word_1_506' title='bbox 3206 2463 3303 2502; x_wconf 83' lang='lat' dir='ltr'><strong>rex</strong></span> <span class='ocrx_word' id='word_1_507' title='bbox 3333 2445 3464 2502; x_wconf 87' lang='lat' dir='ltr'><strong>fecit</strong></span> 
     </span>
    </p>
   </div>
   <div class='ocr_carea' id='block_1_71' title="bbox 1880 2538 3463 2608">
    <p class='ocr_par' dir='ltr' id='par_1_71' title="bbox 1880 2538 3463 2608">
     <span class='ocr_line' id='line_1_71' title="bbox 1880 2538 3463 2608; baseline -0.004 -10"><span class='ocrx_word' id='word_1_508' title='bbox 1880 2549 2121 2598; x_wconf 81' lang='lat' dir='ltr'><strong>statuam</strong></span> <span class='ocrx_word' id='word_1_509' title='bbox 2150 2555 2423 2595; x_wconf 88' lang='lat' dir='ltr'><strong>auream:</strong></span> <span class='ocrx_word' id='word_1_510' title='bbox 2461 2559 2479 2591; x_wconf 73' lang='grc' dir='ltr'><strong>ι</strong></span> <span class='ocrx_word' id='word_1_511' title='bbox 2521 2540 2597 2593; x_wconf 88' lang='lat' dir='ltr'><strong>ita</strong></span> <span class='ocrx_word' id='word_1_512' title='bbox 2642 2548 2701 2593; x_wconf 92' lang='lat' dir='ltr'><strong>ut</strong></span> <span class='ocrx_word' id='word_1_513' title='bbox 2764 2538 3119 2608; x_wconf 86' lang='lat' dir='ltr'><strong>perspicuum</strong></span> <span class='ocrx_word' id='word_1_514' title='bbox 3178 2539 3270 2602; x_wconf 86' lang='lat' dir='ltr'><strong>sit,</strong></span> <span class='ocrx_word' id='word_1_515' title='bbox 3331 2541 3463 2592; x_wconf 90' lang='lat' dir='ltr'><strong>anui</strong></span> 
     </span>
    </p>
   </div>
   <div class='ocr_carea' id='block_1_72' title="bbox 1880 2628 3464 2702">
    <p class='ocr_par' dir='ltr' id='par_1_72' title="bbox 1880 2628 3464 2702">
     <span class='ocr_line' id='line_1_72' title="bbox 1880 2628 3464 2702; baseline -0.003 -15"><span class='ocrx_word' id='word_1_516' title='bbox 1880 2633 2041 2688; x_wconf 86' lang='lat' dir='ltr'><strong>initio</strong></span> <span class='ocrx_word' id='word_1_517' title='bbox 2071 2634 2226 2687; x_wconf 90' lang='lat' dir='ltr'><strong>illum</strong></span> <span class='ocrx_word' id='word_1_518' title='bbox 2259 2633 2580 2702; x_wconf 88' lang='lat' dir='ltr'><strong>postulasse</strong></span> <span class='ocrx_word' id='word_1_519' title='bbox 2614 2640 2675 2685; x_wconf 91' lang='lat' dir='ltr'><strong>ut</strong></span> <span class='ocrx_word' id='word_1_520' title='bbox 2705 2639 2888 2685; x_wconf 87' lang='lat' dir='ltr'><strong>statua</strong></span> <span class='ocrx_word' id='word_1_521' title='bbox 2930 2631 3227 2695; x_wconf 71' lang='lat' dir='ltr'><strong>coleretur,</strong></span> <span class='ocrx_word' id='word_1_522' title='bbox 3257 2628 3464 2683; x_wconf 80' lang='lat' dir='ltr'><strong>deinde</strong></span> 
     </span>
    </p>
   </div>
   <div class='ocr_carea' id='block_1_73' title="bbox 1883 2721 3463 2794">
    <p class='ocr_par' dir='ltr' id='par_1_73' title="bbox 1883 2721 3463 2794">
     <span class='ocr_line' id='line_1_73' title="bbox 1883 2721 3463 2794; baseline -0.003 -16"><span class='ocrx_word' id='word_1_523' title='bbox 1883 2725 2167 2794; x_wconf 61' lang='lat' dir='ltr'><strong>praemisso</strong></span> <span class='ocrx_word' id='word_1_524' title='bbox 2198 2725 2446 2780; x_wconf 81' lang='lat' dir='ltr'><strong>exercitu</strong></span> <span class='ocrx_word' id='word_1_525' title='bbox 2481 2724 2665 2791; x_wconf 90' lang='lat' dir='ltr'><strong>ipsum</strong></span> <span class='ocrx_word' id='word_1_526' title='bbox 2684 2721 2850 2775; x_wconf 90' lang='lat' dir='ltr'><strong>etiam</strong></span> <span class='ocrx_word' id='word_1_527' title='bbox 2877 2728 3131 2775; x_wconf 88' lang='lat' dir='ltr'><strong>secutum</strong></span> <span class='ocrx_word' id='word_1_528' title='bbox 3150 2735 3274 2774; x_wconf 85' lang='lat' dir='ltr'><strong>esse</strong></span> <span class='ocrx_word' id='word_1_529' title='bbox 3296 2728 3385 2789; x_wconf 87' lang='lat' dir='ltr'><strong>atq</strong></span> <span class='ocrx_word' id='word_1_530' title='bbox 3397 2734 3463 2773; x_wconf 90' lang='lat' dir='ltr'><strong>ue</strong></span> 
     </span>
    </p>
   </div>
   <div class='ocr_carea' id='block_1_74' title="bbox 1881 2808 3463 2886">
    <p class='ocr_par' dir='ltr' id='par_1_74' title="bbox 1881 2808 3463 2886">
     <span class='ocr_line' id='line_1_74' title="bbox 1881 2808 3463 2886; baseline -0.002 -18"><span class='ocrx_word' id='word_1_531' title='bbox 1881 2815 2318 2886; x_wconf 85' lang='lat' dir='ltr'><strong>Hierosolymam</strong></span> <span class='ocrx_word' id='word_1_532' title='bbox 2340 2826 2690 2883; x_wconf 81' lang='lat' dir='ltr'><strong>expugnasse</strong></span> <span class='ocrx_word' id='word_1_533' title='bbox 2722 2811 3021 2866; x_wconf 83' lang='lat' dir='ltr'><strong>undecimo</strong></span> <span class='ocrx_word' id='word_1_534' title='bbox 3052 2825 3199 2865; x_wconf 90' lang='lat' dir='ltr'><strong>anno</strong></span> <span class='ocrx_word' id='word_1_535' title='bbox 3220 2808 3463 2865; x_wconf 67' lang='lat' dir='ltr'><strong>Sedecim</strong></span> 
     </span>
    </p>
   </div>
   <div class='ocr_carea' id='block_1_75' title="bbox 1882 2902 3461 2978">
    <p class='ocr_par' dir='ltr' id='par_1_75' title="bbox 1882 2902 3461 2978">
     <span class='ocr_line' id='line_1_75' title="bbox 1882 2902 3461 2978; baseline -0.003 -16"><span class='ocrx_word' id='word_1_536' title='bbox 1882 2907 2061 2978; x_wconf 79' lang='lat' dir='ltr'><strong>regni,</strong></span> <span class='ocrx_word' id='word_1_537' title='bbox 2098 2906 2312 2961; x_wconf 89' lang='lat' dir='ltr'><strong>decimo</strong></span> <span class='ocrx_word' id='word_1_538' title='bbox 2350 2913 2547 2959; x_wconf 76' lang='lat' dir='ltr'><strong>~autem</strong></span> <span class='ocrx_word' id='word_1_539' title='bbox 2606 2917 2775 2966; x_wconf 88' lang='lat' dir='ltr'><strong>nono,</strong></span> <span class='ocrx_word' id='word_1_540' title='bbox 2841 2917 2952 2973; x_wconf 90' lang='lat' dir='ltr'><strong>quo</strong></span> <span class='ocrx_word' id='word_1_541' title='bbox 3006 2902 3122 2972; x_wconf 88' lang='lat' dir='ltr'><strong>ipse</strong></span> <span class='ocrx_word' id='word_1_542' title='bbox 3174 2902 3461 2973; x_wconf 82' lang='lat' dir='ltr'><strong>regnabat.</strong></span> 
     </span>
    </p>
   </div>
   <div class='ocr_carea' id='block_1_76' title="bbox 1881 2993 3464 3067">
    <p class='ocr_par' dir='ltr' id='par_1_76' title="bbox 1881 2993 3464 3067">
     <span class='ocr_line' id='line_1_76' title="bbox 1881 2993 3464 3067; baseline -0.003 -14"><span class='ocrx_word' id='word_1_543' title='bbox 1881 2998 2117 3065; x_wconf 87' lang='lat' dir='ltr'><strong>Quando</strong></span> <span class='ocrx_word' id='word_1_544' title='bbox 2149 2997 2339 3067; x_wconf 86' lang='lat' dir='ltr'><strong>itaque</strong></span> <span class='ocrx_word' id='word_1_545' title='bbox 2374 2995 2584 3050; x_wconf 88' lang='lat' dir='ltr'><strong>nullam</strong></span> <span class='ocrx_word' id='word_1_546' title='bbox 2611 2995 2837 3049; x_wconf 87' lang='lat' dir='ltr'><strong>omnino</strong></span> <span class='ocrx_word' id='word_1_547' title='bbox 2870 2993 3040 3049; x_wconf 86' lang='lat' dir='ltr'><strong>miser</strong></span> <span class='ocrx_word' id='word_1_548' title='bbox 3074 2995 3321 3065; x_wconf 81' lang='lat' dir='ltr'><strong>percepit</strong></span> <span class='ocrx_word' id='word_1_549' title='bbox 3357 2996 3464 3049; x_wconf 56' lang='lat' dir='ltr'><strong>uti-</strong></span> 
     </span>
    </p>
   </div>
   <div class='ocr_carea' id='block_1_77' title="bbox 1883 3083 3463 3158">
    <p class='ocr_par' dir='ltr' id='par_1_77' title="bbox 1883 3083 3463 3158">
     <span class='ocr_line' id='line_1_77' title="bbox 1883 3083 3463 3158; baseline -0.004 -13"><span class='ocrx_word' id='word_1_550' title='bbox 1883 3092 2113 3155; x_wconf 87' lang='lat' dir='ltr'><strong>litatem,</strong></span> <span class='ocrx_word' id='word_1_551' title='bbox 2165 3089 2486 3158; x_wconf 83' lang='lat' dir='ltr'><strong>indignatus</strong></span> <span class='ocrx_word' id='word_1_552' title='bbox 2541 3094 2737 3141; x_wconf 89' lang='lat' dir='ltr'><strong>auctor</strong></span> <span class='ocrx_word' id='word_1_553' title='bbox 2783 3085 3032 3140; x_wconf 90' lang='lat' dir='ltr'><strong>omnium</strong></span> <span class='ocrx_word' id='word_1_554' title='bbox 3069 3100 3254 3139; x_wconf 86' lang='lat' dir='ltr'><strong>rerum</strong></span> <span class='ocrx_word' id='word_1_555' title='bbox 3318 3083 3463 3139; x_wconf 80' lang='lat' dir='ltr'><strong>Dens</strong></span> 
     </span>
    </p>
   </div>
   <div class='ocr_carea' id='block_1_78' title="bbox 1883 3175 3463 3251">
    <p class='ocr_par' dir='ltr' id='par_1_78' title="bbox 1883 3175 3463 3251">
     <span class='ocr_line' id='line_1_78' title="bbox 1883 3175 3463 3251; baseline -0.003 -17"><span class='ocrx_word' id='word_1_556' title='bbox 1883 3184 2125 3237; x_wconf 83' lang='lat' dir='ltr'><strong>deterret</strong></span> <span class='ocrx_word' id='word_1_557' title='bbox 2159 3179 2374 3251; x_wconf 79' lang='lat'><strong>1139</strong></span> <span class='ocrx_word' id='word_1_558' title='bbox 2410 3180 2591 3250; x_wconf 85' lang='lat' dir='ltr'><strong>ipsum</strong></span> <span class='ocrx_word' id='word_1_559' title='bbox 2634 3176 2858 3232; x_wconf 89' lang='lat' dir='ltr'><strong>somnio</strong></span> <span class='ocrx_word' id='word_1_560' title='bbox 2904 3175 3083 3245; x_wconf 88' lang='lat' dir='ltr'><strong>prius,</strong></span> <span class='ocrx_word' id='word_1_561' title='bbox 3118 3175 3317 3230; x_wconf 84' lang='lat' dir='ltr'><strong>deinde</strong></span> <span class='ocrx_word' id='word_1_562' title='bbox 3367 3191 3463 3244; x_wconf 88' lang='lat' dir='ltr'><strong>per</strong></span> 
     </span>
    </p>
   </div>
   <div class='ocr_carea' id='block_1_79' title="bbox 1883 3265 3459 3342">
    <p class='ocr_par' dir='ltr' id='par_1_79' title="bbox 1883 3265 3459 3342">
     <span class='ocr_line' id='line_1_79' title="bbox 1883 3265 3459 3342; baseline -0.001 -17"><span class='ocrx_word' id='word_1_563' title='bbox 1883 3272 2188 3334; x_wconf 86' lang='lat' dir='ltr'><strong>Danielem,</strong></span> <span class='ocrx_word' id='word_1_564' title='bbox 2219 3286 2341 3342; x_wconf 69' lang='lat' dir='ltr'><strong>qua?</strong></span> <span class='ocrx_word' id='word_1_565' title='bbox 2375 3270 2654 3328; x_wconf 88' lang='lat' dir='ltr'><strong>somnium</strong></span> <span class='ocrx_word' id='word_1_566' title='bbox 2686 3268 3056 3338; x_wconf 87' lang='lat' dir='ltr'><strong>significabat,</strong></span> <span class='ocrx_word' id='word_1_567' title='bbox 3084 3268 3132 3321; x_wconf 90' lang='lat' dir='ltr'><strong>ei</strong></span> <span class='ocrx_word' id='word_1_568' title='bbox 3178 3265 3459 3336; x_wconf 76' lang='lat' dir='ltr'><strong>patefecit.</strong></span> 
     </span>
    </p>
   </div>
   <div class='ocr_carea' id='block_1_80' title="bbox 1882 3358 3463 3433">
    <p class='ocr_par' dir='ltr' id='par_1_80' title="bbox 1882 3358 3463 3433">
     <span class='ocr_line' id='line_1_80' title="bbox 1882 3358 3463 3433; baseline -0.003 -16"><span class='ocrx_word' id='word_1_569' title='bbox 1882 3364 1949 3417; x_wconf 81' lang='lat' dir='ltr'><strong>Et</strong></span> <span class='ocrx_word' id='word_1_570' title='bbox 1983 3379 2052 3419; x_wconf 89' lang='lat' dir='ltr'><strong>ne</strong></span> <span class='ocrx_word' id='word_1_571' title='bbox 2084 3363 2168 3417; x_wconf 88' lang='lat' dir='ltr'><strong>sic</strong></span> <span class='ocrx_word' id='word_1_572' title='bbox 2196 3362 2423 3433; x_wconf 87' lang='lat' dir='ltr'><strong>quidem</strong></span> <span class='ocrx_word' id='word_1_573' title='bbox 2473 3362 2662 3416; x_wconf 87' lang='lat' dir='ltr'><strong>statim</strong></span> <span class='ocrx_word' id='word_1_574' title='bbox 2696 3359 2885 3421; x_wconf 13' lang='lat' dir='ltr'><strong>{infert</strong></span> <span class='ocrx_word' id='word_1_575' title='bbox 2940 3358 3299 3428; x_wconf 89' lang='lat' dir='ltr'><strong>supplicium,</strong></span> <span class='ocrx_word' id='word_1_576' title='bbox 3365 3358 3463 3412; x_wconf 82' lang='lat' dir='ltr'><strong>sed</strong></span> 
     </span>
    </p>
   </div>
   <div class='ocr_carea' id='block_1_81' title="bbox 1882 3446 3461 3517">
    <p class='ocr_par' dir='ltr' id='par_1_81' title="bbox 1882 3446 3461 3517">
     <span class='ocr_line' id='line_1_81' title="bbox 1882 3446 3461 3517; baseline -0.004 -10"><span class='ocrx_word' id='word_1_577' title='bbox 1882 3453 2178 3508; x_wconf 84' lang='lat' dir='ltr'><strong>consilium</strong></span> <span class='ocrx_word' id='word_1_578' title='bbox 2230 3451 2280 3506; x_wconf 92' lang='lat' dir='ltr'><strong>ei</strong></span> <span class='ocrx_word' id='word_1_579' title='bbox 2345 3450 2504 3506; x_wconf 78' lang='lat' dir='ltr'><strong>aﬁ&#39;ert</strong></span> <span class='ocrx_word' id='word_1_580' title='bbox 2575 3451 2946 3517; x_wconf 80' lang='lat' dir='ltr'><strong>admonetque</strong></span> <span class='ocrx_word' id='word_1_581' title='bbox 3006 3463 3102 3517; x_wconf 77' lang='lat' dir='ltr'><strong>per</strong></span> <span class='ocrx_word' id='word_1_582' title='bbox 3156 3446 3461 3510; x_wconf 82' lang='lat' dir='ltr'><strong>Danielem,</strong></span> 
     </span>
    </p>
   </div>
   <div class='ocr_carea' id='block_1_82' title="bbox 1882 3541 3465 3613">
    <p class='ocr_par' dir='ltr' id='par_1_82' title="bbox 1882 3541 3465 3613">
     <span class='ocr_line' id='line_1_82' title="bbox 1882 3541 3465 3613; baseline -0.001 -16"><span class='ocrx_word' id='word_1_583' title='bbox 1882 3558 2198 3613; x_wconf 87' lang='lat' dir='ltr'><strong>annumque</strong></span> <span class='ocrx_word' id='word_1_584' title='bbox 2226 3549 2401 3597; x_wconf 91' lang='lat' dir='ltr'><strong>totum</strong></span> <span class='ocrx_word' id='word_1_585' title='bbox 2425 3541 2852 3611; x_wconf 81' lang='lat' dir='ltr'><strong>longanimitate</strong></span> <span class='ocrx_word' id='word_1_586' title='bbox 2878 3541 3100 3605; x_wconf 89' lang='lat' dir='ltr'><strong>tolerat,</strong></span> <span class='ocrx_word' id='word_1_587' title='bbox 3130 3547 3465 3608; x_wconf 82' lang='lat' dir='ltr'><strong>exspectans</strong></span> 
     </span>
    </p>
   </div>
   <div class='ocr_carea' id='block_1_83' title="bbox 1881 3631 3467 3707">
    <p class='ocr_par' dir='ltr' id='par_1_83' title="bbox 1881 3631 3467 3707">
     <span class='ocr_line' id='line_1_83' title="bbox 1881 3631 3467 3707; baseline -0.004 -18"><span class='ocrx_word' id='word_1_588' title='bbox 1881 3635 2002 3704; x_wconf 86' lang='lat' dir='ltr'><strong>ejus</strong></span> <span class='ocrx_word' id='word_1_589' title='bbox 2037 3635 2449 3707; x_wconf 73' lang='lat' dir='ltr'><strong>paenitentiam.</strong></span> <span class='ocrx_word' id='word_1_590' title='bbox 2486 3631 2588 3688; x_wconf 87' lang='lat' dir='ltr'><strong>Ubi</strong></span> <span class='ocrx_word' id='word_1_591' title='bbox 2627 3647 2758 3688; x_wconf 86' lang='lat' dir='ltr'><strong>vero</strong></span> <span class='ocrx_word' id='word_1_592' title='bbox 2787 3631 3002 3685; x_wconf 86' lang='lat' dir='ltr'><strong>nullum</strong></span> <span class='ocrx_word' id='word_1_593' title='bbox 3055 3631 3360 3684; x_wconf 86' lang='lat' dir='ltr'><strong>remedium</strong></span> <span class='ocrx_word' id='word_1_594' title='bbox 3397 3645 3467 3684; x_wconf 73' lang='lat' dir='ltr'><strong>ex</strong></span> 
     </span>
    </p>
   </div>
   <div class='ocr_carea' id='block_1_84' title="bbox 1883 3724 3462 3797">
    <p class='ocr_par' dir='ltr' id='par_1_84' title="bbox 1883 3724 3462 3797">
     <span class='ocr_line' id='line_1_84' title="bbox 1883 3724 3462 3797; baseline -0.004 -14"><span class='ocrx_word' id='word_1_595' title='bbox 1883 3729 2035 3784; x_wconf 87' lang='lat' dir='ltr'><strong>illius</strong></span> <span class='ocrx_word' id='word_1_596' title='bbox 2073 3729 2299 3783; x_wconf 86' lang='lat' dir='ltr'><strong>lenitate</strong></span> <span class='ocrx_word' id='word_1_597' title='bbox 2326 3742 2390 3781; x_wconf 92' lang='lat' dir='ltr'><strong>ac</strong></span> <span class='ocrx_word' id='word_1_598' title='bbox 2425 3728 2587 3797; x_wconf 83' lang='lat' dir='ltr'><strong>longa</strong></span> <span class='ocrx_word' id='word_1_599' title='bbox 2630 3725 2893 3796; x_wconf 87' lang='lat' dir='ltr'><strong>patientia</strong></span> <span class='ocrx_word' id='word_1_600' title='bbox 2931 3724 3230 3793; x_wconf 79' lang='lat' dir='ltr'><strong>decerpere</strong></span> <span class='ocrx_word' id='word_1_601' title='bbox 3261 3724 3462 3787; x_wconf 80' lang='lat' dir='ltr'><strong>voluit,</strong></span> 
     </span>
    </p>
   </div>
   <div class='ocr_carea' id='block_1_85' title="bbox 1882 3816 3464 3892">
    <p class='ocr_par' dir='ltr' id='par_1_85' title="bbox 1882 3816 3464 3892">
     <span class='ocr_line' id='line_1_85' title="bbox 1882 3816 3464 3892; baseline -0.004 -18"><span class='ocrx_word' id='word_1_602' title='bbox 1882 3838 2003 3892; x_wconf 66' lang='lat' dir='ltr'><strong>qua:</strong></span> <span class='ocrx_word' id='word_1_603' title='bbox 2032 3820 2273 3875; x_wconf 89' lang='lat' dir='ltr'><strong>minatus</strong></span> <span class='ocrx_word' id='word_1_604' title='bbox 2302 3819 2485 3873; x_wconf 85' lang='lat' dir='ltr'><strong>fuerat</strong></span> <span class='ocrx_word' id='word_1_605' title='bbox 2532 3819 2699 3882; x_wconf 85' lang='lat' dir='ltr'><strong>mala,</strong></span> <span class='ocrx_word' id='word_1_606' title='bbox 2743 3816 2932 3881; x_wconf 80' lang='lat' dir='ltr'><strong>infert,</strong></span> <span class='ocrx_word' id='word_1_607' title='bbox 2973 3830 3037 3869; x_wconf 90' lang='lat' dir='ltr'><strong>ac</strong></span> <span class='ocrx_word' id='word_1_608' title='bbox 3072 3816 3226 3883; x_wconf 68' lang='lat' dir='ltr'><strong>puniit</strong></span> <span class='ocrx_word' id='word_1_609' title='bbox 3282 3816 3464 3884; x_wconf 89' lang='lat' dir='ltr'><strong>ipsum</strong></span> 
     </span>
    </p>
   </div>
   <div class='ocr_carea' id='block_1_86' title="bbox 1883 3906 3464 3982">
    <p class='ocr_par' dir='ltr' id='par_1_86' title="bbox 1883 3906 3464 3982">
     <span class='ocr_line' id='line_1_86' title="bbox 1883 3906 3464 3982; baseline -0.006 -14"><span class='ocrx_word' id='word_1_610' title='bbox 1883 3930 1995 3969; x_wconf 89' lang='lat' dir='ltr'><strong>non</strong></span> <span class='ocrx_word' id='word_1_611' title='bbox 2056 3913 2297 3982; x_wconf 86' lang='lat' dir='ltr'><strong>simplici</strong></span> <span class='ocrx_word' id='word_1_612' title='bbox 2360 3925 2650 3981; x_wconf 78' lang='lat' dir='ltr'><strong>ptenarutn</strong></span> <span class='ocrx_word' id='word_1_613' title='bbox 2711 3923 2945 3979; x_wconf 85' lang='lat' dir='ltr'><strong>genere.</strong></span> <span class='ocrx_word' id='word_1_614' title='bbox 2992 3906 3089 3961; x_wconf 88' lang='lat' dir='ltr'><strong>sed</strong></span> <span class='ocrx_word' id='word_1_615' title='bbox 3167 3907 3464 3977; x_wconf 82' lang='lat' dir='ltr'><strong>superbam</strong></span> 
     </span>
    </p>
   </div>
   <div class='ocr_carea' id='block_1_87' title="bbox 1884 4002 3466 4073">
    <p class='ocr_par' dir='ltr' id='par_1_87' title="bbox 1884 4002 3466 4073">
     <span class='ocr_line' id='line_1_87' title="bbox 1884 4002 3466 4073; baseline -0.007 -12"><span class='ocrx_word' id='word_1_616' title='bbox 1884 4016 2121 4062; x_wconf 89' lang='lat' dir='ltr'><strong>mentem</strong></span> <span class='ocrx_word' id='word_1_617' title='bbox 2151 4006 2330 4066; x_wconf 85' lang='lat' dir='ltr'><strong>illam,</strong></span> <span class='ocrx_word' id='word_1_618' title='bbox 2353 4019 2476 4073; x_wconf 63' lang='lat' dir='ltr'><strong>quae</strong></span> <span class='ocrx_word' id='word_1_619' title='bbox 2496 4018 2559 4058; x_wconf 89' lang='lat' dir='ltr'><strong>ea</strong></span> <span class='ocrx_word' id='word_1_620' title='bbox 2588 4002 2961 4057; x_wconf 81' lang='lat' dir='ltr'><strong>somniaverat</strong></span> <span class='ocrx_word' id='word_1_621' title='bbox 2996 4015 3119 4069; x_wconf 68' lang='lat' dir='ltr'><strong>qua:</strong></span> <span class='ocrx_word' id='word_1_622' title='bbox 3150 4008 3280 4053; x_wconf 84' lang='lat' dir='ltr'><strong>sunt</strong></span> <span class='ocrx_word' id='word_1_623' title='bbox 3300 4013 3466 4067; x_wconf 79' lang='lat' dir='ltr'><strong>supra</strong></span> 
     </span>
    </p>
   </div>
   <div class='ocr_carea' id='block_1_88' title="bbox 1883 4087 3467 4163">
    <p class='ocr_par' dir='ltr' id='par_1_88' title="bbox 1883 4087 3467 4163">
     <span class='ocr_line' id='line_1_88' title="bbox 1883 4087 3467 4163; baseline -0.006 -10"><span class='ocrx_word' id='word_1_624' title='bbox 1883 4108 2166 4161; x_wconf 88' lang='lat' dir='ltr'><strong>naturam,</strong></span> <span class='ocrx_word' id='word_1_625' title='bbox 2228 4095 2508 4151; x_wconf 88' lang='lat' dir='ltr'><strong>dementia</strong></span> <span class='ocrx_word' id='word_1_626' title='bbox 2566 4094 2815 4163; x_wconf 87' lang='lat' dir='ltr'><strong>percutit</strong></span> <span class='ocrx_word' id='word_1_627' title='bbox 2857 4098 2912 4146; x_wconf 93' lang='lat' dir='ltr'><strong>et</strong></span> <span class='ocrx_word' id='word_1_628' title='bbox 2972 4088 3211 4145; x_wconf 85' lang='lat' dir='ltr'><strong>insania.</strong></span> <span class='ocrx_word' id='word_1_629' title='bbox 3257 4087 3467 4143; x_wconf 87' lang='lat' dir='ltr'><strong>Deinde</strong></span> 
     </span>
    </p>
   </div>
   <div class='ocr_carea' id='block_1_89' title="bbox 1883 4182 3462 4250">
    <p class='ocr_par' dir='ltr' id='par_1_89' title="bbox 1883 4182 3462 4250">
     <span class='ocr_line' id='line_1_89' title="bbox 1883 4182 3462 4250; baseline -0.009 -6"><span class='ocrx_word' id='word_1_630' title='bbox 1883 4206 2007 4244; x_wconf 84' lang='lat' dir='ltr'><strong>cum</strong></span> <span class='ocrx_word' id='word_1_631' title='bbox 2042 4189 2256 4244; x_wconf 87' lang='lat' dir='ltr'><strong>ferinus</strong></span> <span class='ocrx_word' id='word_1_632' title='bbox 2293 4187 2474 4240; x_wconf 89' lang='lat' dir='ltr'><strong>factus</strong></span> <span class='ocrx_word' id='word_1_633' title='bbox 2503 4192 2673 4249; x_wconf 62' lang='lat' dir='ltr'><strong>essu,</strong></span> <span class='ocrx_word' id='word_1_634' title='bbox 2706 4192 2867 4238; x_wconf 84' lang='lat' dir='ltr'><strong>curat</strong></span> <span class='ocrx_word' id='word_1_635' title='bbox 2896 4199 3024 4236; x_wconf 83' lang='lat' dir='ltr'><strong>eum</strong></span> <span class='ocrx_word' id='word_1_636' title='bbox 3051 4182 3462 4250; x_wconf 82' lang='lat' dir='ltr'><strong>expellendum,</strong></span> 
     </span>
    </p>
   </div>
   <div class='ocr_carea' id='block_1_90' title="bbox 1884 4271 3467 4339">
    <p class='ocr_par' dir='ltr' id='par_1_90' title="bbox 1884 4271 3467 4339">
     <span class='ocr_line' id='line_1_90' title="bbox 1884 4271 3467 4339; baseline -0.008 -6"><span class='ocrx_word' id='word_1_637' title='bbox 1884 4280 1960 4333; x_wconf 84' lang='lat' dir='ltr'><strong>ita</strong></span> <span class='ocrx_word' id='word_1_638' title='bbox 1992 4278 2191 4332; x_wconf 84' lang='lat' dir='ltr'><strong>utioca</strong></span> <span class='ocrx_word' id='word_1_639' title='bbox 2221 4277 2440 4332; x_wconf 83' lang='lat' dir='ltr'><strong>deserta</strong></span> <span class='ocrx_word' id='word_1_640' title='bbox 2470 4274 2564 4329; x_wconf 85' lang='lat' dir='ltr'><strong>diu</strong></span> <span class='ocrx_word' id='word_1_641' title='bbox 2589 4274 2883 4327; x_wconf 84' lang='lat' dir='ltr'><strong>incoleret.</strong></span> <span class='ocrx_word' id='word_1_642' title='bbox 2913 4271 3050 4325; x_wconf 80' lang='lat' dir='ltr'><strong>Tum</strong></span> <span class='ocrx_word' id='word_1_643' title='bbox 3088 4272 3220 4323; x_wconf 81' lang='lat' dir='ltr'><strong>illud</strong></span> <span class='ocrx_word' id='word_1_644' title='bbox 3246 4284 3467 4339; x_wconf 77' lang='lat' dir='ltr'><strong>quoque</strong></span> 
     </span>
    </p>
   </div>
   <div class='ocr_carea' id='block_1_91' title="bbox 1884 4364 3465 4435">
    <p class='ocr_par' dir='ltr' id='par_1_91' title="bbox 1884 4364 3465 4435">
     <span class='ocr_line' id='line_1_91' title="bbox 1884 4364 3465 4435; baseline -0.008 -10"><span class='ocrx_word' id='word_1_645' title='bbox 1884 4370 2131 4434; x_wconf 89' lang='lat' dir='ltr'><strong>molitur,</strong></span> <span class='ocrx_word' id='word_1_646' title='bbox 2165 4377 2224 4423; x_wconf 93' lang='lat' dir='ltr'><strong>ut</strong></span> <span class='ocrx_word' id='word_1_647' title='bbox 2256 4370 2528 4420; x_wconf 87' lang='lat' dir='ltr'><strong>malorum</strong></span> <span class='ocrx_word' id='word_1_648' title='bbox 2578 4366 2785 4435; x_wconf 87' lang='lat' dir='ltr'><strong>quibus</strong></span> <span class='ocrx_word' id='word_1_649' title='bbox 2830 4364 3208 4432; x_wconf 64' lang='lat' dir='ltr'><strong>premebatur,</strong></span> <span class='ocrx_word' id='word_1_650' title='bbox 3245 4376 3465 4415; x_wconf 88' lang='lat' dir='ltr'><strong>sensum</strong></span> 
     </span>
    </p>
   </div>
   <div class='ocr_carea' id='block_1_92' title="bbox 188 4452 1780 4544">
    <p class='ocr_par' dir='ltr' id='par_1_92' title="bbox 188 4454 1780 4531">
     <span class='ocr_line' id='line_1_92' title="bbox 188 4454 1780 4531; baseline -0.005 -13"><span class='ocrx_word' id='word_1_651' title='bbox 188 4463 282 4518; x_wconf 74' lang='grc' dir='ltr'><strong>διὰ</strong></span> <span class='ocrx_word' id='word_1_652' title='bbox 324 4462 422 4516; x_wconf 82' lang='grc' dir='ltr'><strong>τοῦ</strong></span> <span class='ocrx_word' id='word_1_653' title='bbox 469 4460 685 4531; x_wconf 83' lang='grc' dir='ltr'>Δανιὴλ,</span> <span class='ocrx_word' id='word_1_654' title='bbox 733 4458 976 4514; x_wconf 84' lang='grc' dir='ltr'>ἐνιαυτόν</span> <span class='ocrx_word' id='word_1_655' title='bbox 1013 4477 1069 4513; x_wconf 87' lang='grc' dir='ltr'><strong>τε</strong></span> <span class='ocrx_word' id='word_1_656' title='bbox 1109 4459 1230 4511; x_wconf 81' lang='grc' dir='ltr'>ὅλον</span> <span class='ocrx_word' id='word_1_657' title='bbox 1291 4454 1638 4530; x_wconf 76' lang='grc' dir='ltr'>μακροθυμεῖ</span> <span class='ocrx_word' id='word_1_658' title='bbox 1681 4458 1780 4529; x_wconf 84' lang='grc' dir='ltr'><strong>τὴν</strong></span> 
     </span>
    </p>
   </div>
   <div class='ocr_carea' id='block_1_93' title="bbox 1883 4452 3467 4544">
    <p class='ocr_par' dir='ltr' id='par_1_93' title="bbox 1889 4452 3467 4529">
     <span class='ocr_line' id='line_1_93' title="bbox 1889 4452 3467 4529; baseline -0.007 -15"><span class='ocrx_word' id='word_1_659' title='bbox 1889 4461 2165 4529; x_wconf 89' lang='lat' dir='ltr'><strong>acciperet</strong></span> <span class='ocrx_word' id='word_1_660' title='bbox 2197 4474 2211 4511; x_wconf 91' lang='lat'><strong>:</strong></span> <span class='ocrx_word' id='word_1_661' title='bbox 2249 4471 2429 4526; x_wconf 89' lang='lat' dir='ltr'><strong>neque</strong></span> <span class='ocrx_word' id='word_1_662' title='bbox 2455 4455 2601 4510; x_wconf 87' lang='lat' dir='ltr'><strong>enim</strong></span> <span class='ocrx_word' id='word_1_663' title='bbox 2637 4453 2753 4508; x_wconf 84' lang='lat' dir='ltr'><strong>fieri</strong></span> <span class='ocrx_word' id='word_1_664' title='bbox 2783 4462 3024 4523; x_wconf 86' lang='lat' dir='ltr'><strong>poterat,</strong></span> <span class='ocrx_word' id='word_1_665' title='bbox 3059 4461 3118 4506; x_wconf 92' lang='lat' dir='ltr'><strong>ut</strong></span> <span class='ocrx_word' id='word_1_666' title='bbox 3168 4453 3218 4506; x_wconf 89' lang='lat' dir='ltr'><strong>is</strong></span> <span class='ocrx_word' id='word_1_667' title='bbox 3253 4452 3467 4504; x_wconf 89' lang='lat' dir='ltr'><strong>utilita-</strong></span> 
     </span>
    </p>
   </div>
   <div class='ocr_carea' id='block_1_94' title="bbox 192 4543 1780 4627">
    <p class='ocr_par' dir='ltr' id='par_1_94' title="bbox 192 4549 1780 4627">
     <span class='ocr_line' id='line_1_94' title="bbox 192 4549 1780 4627; baseline -0.003 -19"><span class='ocrx_word' id='word_1_668' title='bbox 192 4555 563 4627; x_wconf 79' lang='grc' dir='ltr'>μεταμέλειαν</span> <span class='ocrx_word' id='word_1_669' title='bbox 594 4553 898 4623; x_wconf 81' lang='grc' dir='ltr'>ἀναμένων.</span> <span class='ocrx_word' id='word_1_670' title='bbox 946 4551 1035 4613; x_wconf 83' lang='grc' dir='ltr'>Ὠς</span> <span class='ocrx_word' id='word_1_671' title='bbox 1063 4550 1117 4604; x_wconf 79' lang='grc' dir='ltr'>δὲ</span> <span class='ocrx_word' id='word_1_672' title='bbox 1146 4549 1402 4619; x_wconf 86' lang='grc' dir='ltr'>οὐδεμίαν</span> <span class='ocrx_word' id='word_1_673' title='bbox 1442 4549 1688 4620; x_wconf 88' lang='grc' dir='ltr'>ἰατρείαν</span> <span class='ocrx_word' id='word_1_674' title='bbox 1717 4551 1780 4603; x_wconf 84' lang='grc' dir='ltr'><strong>ἐκ</strong></span> 
     </span>
    </p>
   </div>
   <div class='ocr_carea' id='block_1_95' title="bbox 1883 4543 3470 4627">
    <p class='ocr_par' dir='ltr' id='par_1_95' title="bbox 1889 4543 3470 4618">
     <span class='ocr_line' id='line_1_95' title="bbox 1889 4543 3470 4618; baseline -0.006 -12"><span class='ocrx_word' id='word_1_675' title='bbox 1889 4561 1995 4607; x_wconf 88' lang='lat' dir='ltr'><strong>tem</strong></span> <span class='ocrx_word' id='word_1_676' title='bbox 2042 4550 2170 4604; x_wconf 89' lang='lat' dir='ltr'><strong>inde</strong></span> <span class='ocrx_word' id='word_1_677' title='bbox 2230 4548 2558 4618; x_wconf 84' lang='lat' dir='ltr'><strong>perciperet,</strong></span> <span class='ocrx_word' id='word_1_678' title='bbox 2618 4562 2743 4600; x_wconf 89' lang='lat' dir='ltr'><strong>cum</strong></span> <span class='ocrx_word' id='word_1_679' title='bbox 2805 4548 2955 4599; x_wconf 88' lang='lat' dir='ltr'><strong>omni</strong></span> <span class='ocrx_word' id='word_1_680' title='bbox 2998 4545 3227 4599; x_wconf 86' lang='lat' dir='ltr'><strong>omnino</strong></span> <span class='ocrx_word' id='word_1_681' title='bbox 3259 4543 3470 4597; x_wconf 84' lang='lat' dir='ltr'><strong>doloris</strong></span> 
     </span>
    </p>
   </div>
   <div class='ocr_carea' id='block_1_96' title="bbox 187 4636 1780 4719">
    <p class='ocr_par' dir='ltr' id='par_1_96' title="bbox 187 4641 1780 4719">
     <span class='ocr_line' id='line_1_96' title="bbox 187 4641 1780 4719; baseline -0.004 -18"><span class='ocrx_word' id='word_1_682' title='bbox 187 4648 292 4719; x_wconf 78' lang='grc' dir='ltr'>τῆς</span> <span class='ocrx_word' id='word_1_683' title='bbox 336 4644 720 4715; x_wconf 77' lang='grc' dir='ltr'>μακροθυμίας</span> <span class='ocrx_word' id='word_1_684' title='bbox 751 4643 982 4715; x_wconf 79' lang='grc' dir='ltr'>ἠθέλησε</span> <span class='ocrx_word' id='word_1_685' title='bbox 1038 4641 1360 4715; x_wconf 71' lang='grc' dir='ltr'>δρέψασθαι,</span> <span class='ocrx_word' id='word_1_686' title='bbox 1404 4641 1438 4694; x_wconf 80' lang='grc' dir='ltr'><strong>ἃ</strong></span> <span class='ocrx_word' id='word_1_687' title='bbox 1487 4642 1780 4711; x_wconf 80' lang='grc' dir='ltr'>ὴπεί).ησεν</span> 
     </span>
    </p>
   </div>
   <div class='ocr_carea' id='block_1_97' title="bbox 1883 4636 3471 4719">
    <p class='ocr_par' dir='ltr' id='par_1_97' title="bbox 1888 4636 3471 4699">
     <span class='ocr_line' id='line_1_97' title="bbox 1888 4636 3471 4699; baseline -0.006 -1"><span class='ocrx_word' id='word_1_688' title='bbox 1888 4659 2058 4699; x_wconf 89' lang='lat' dir='ltr'><strong>sensu</strong></span> <span class='ocrx_word' id='word_1_689' title='bbox 2089 4651 2327 4696; x_wconf 89' lang='lat' dir='ltr'><strong>careret.</strong></span> <span class='ocrx_word' id='word_1_690' title='bbox 2371 4640 2450 4693; x_wconf 89' lang='lat' dir='ltr'><strong>Ita</strong></span> <span class='ocrx_word' id='word_1_691' title='bbox 2499 4639 2741 4694; x_wconf 87' lang='lat' dir='ltr'><strong>sublatis</strong></span> <span class='ocrx_word' id='word_1_692' title='bbox 2789 4639 2971 4692; x_wconf 86' lang='lat' dir='ltr'><strong>oculis</strong></span> <span class='ocrx_word' id='word_1_693' title='bbox 3025 4638 3115 4690; x_wconf 83' lang='lat' dir='ltr'><strong>ille</strong></span> <span class='ocrx_word' id='word_1_694' title='bbox 3145 4636 3471 4690; x_wconf 67' lang='lat' dir='ltr'><strong>celerrimas</strong></span> 
     </span>
    </p>
   </div>
   <div class='ocr_carea' id='block_1_98' title="bbox 190 4726 1780 4811">
    <p class='ocr_par' dir='ltr' id='par_1_98' title="bbox 190 4734 1780 4811">
     <span class='ocr_line' id='line_1_98' title="bbox 190 4734 1780 4811; baseline -0.007 -15"><span class='ocrx_word' id='word_1_695' title='bbox 190 4741 455 4811; x_wconf 77' lang='grc' dir='ltr'>ἐπιφέρει</span> <span class='ocrx_word' id='word_1_696' title='bbox 508 4738 687 4792; x_wconf 78' lang='grc' dir='ltr'>κακά’</span> <span class='ocrx_word' id='word_1_697' title='bbox 725 4735 1045 4807; x_wconf 77' lang='grc' dir='ltr'>τιμωρεῖται</span> <span class='ocrx_word' id='word_1_698' title='bbox 1088 4752 1148 4788; x_wconf 88' lang='grc' dir='ltr'><strong>τε</strong></span> <span class='ocrx_word' id='word_1_699' title='bbox 1206 4734 1367 4789; x_wconf 83' lang='grc' dir='ltr'>αὐτὸν</span> <span class='ocrx_word' id='word_1_700' title='bbox 1418 4735 1515 4805; x_wconf 83' lang='grc' dir='ltr'>οὐχ</span> <span class='ocrx_word' id='word_1_701' title='bbox 1572 4735 1780 4801; x_wconf 83' lang='grc' dir='ltr'>ἁπλῶς,</span> 
     </span>
    </p>
   </div>
   <div class='ocr_carea' id='block_1_99' title="bbox 1883 4726 3474 4811">
    <p class='ocr_par' dir='ltr' id='par_1_99' title="bbox 1890 4726 3474 4800">
     <span class='ocr_line' id='line_1_99' title="bbox 1890 4726 3474 4800; baseline -0.006 -12"><span class='ocrx_word' id='word_1_702' title='bbox 1890 4736 2013 4788; x_wconf 62' lang='lat' dir='ltr'><strong>vita)</strong></span> <span class='ocrx_word' id='word_1_703' title='bbox 2043 4732 2377 4788; x_wconf 86' lang='lat' dir='ltr'><strong>mutationes</strong></span> <span class='ocrx_word' id='word_1_704' title='bbox 2413 4731 2687 4800; x_wconf 82' lang='lat' dir='ltr'><strong>agnoscit,</strong></span> <span class='ocrx_word' id='word_1_705' title='bbox 2720 4730 3058 4782; x_wconf 77' lang='lat' dir='ltr'><strong>lamentatur</strong></span> <span class='ocrx_word' id='word_1_706' title='bbox 3087 4739 3273 4782; x_wconf 85' lang='lat' dir='ltr'><strong>autem</strong></span> <span class='ocrx_word' id='word_1_707' title='bbox 3308 4734 3362 4782; x_wconf 86' lang='lat' dir='ltr'><strong>et</strong></span> <span class='ocrx_word' id='word_1_708' title='bbox 3395 4726 3474 4779; x_wconf 89' lang='lat' dir='ltr'><strong>lu-</strong></span> 
     </span>
    </p>
   </div>
   <div class='ocr_carea' id='block_1_100' title="bbox 188 4818 1780 4897">
    <p class='ocr_par' dir='ltr' id='par_1_100' title="bbox 188 4825 1780 4897">
     <span class='ocr_line' id='line_1_100' title="bbox 188 4825 1780 4897; baseline -0.007 -8"><span class='ocrx_word' id='word_1_709' title='bbox 188 4833 331 4889; x_wconf 79' lang='grc' dir='ltr'>ἀλλὰ</span> <span class='ocrx_word' id='word_1_710' title='bbox 366 4833 461 4886; x_wconf 75' lang='grc' dir='ltr'><strong>τὸν</strong></span> <span class='ocrx_word' id='word_1_711' title='bbox 501 4830 736 4895; x_wconf 78' lang='grc' dir='ltr'>ἀλαζόνα</span> <span class='ocrx_word' id='word_1_712' title='bbox 787 4828 910 4883; x_wconf 81' lang='grc' dir='ltr'><strong>νούν</strong></span> <span class='ocrx_word' id='word_1_713' title='bbox 956 4829 1165 4880; x_wconf 83' lang='grc' dir='ltr'>ἐκεῖνον</span> <span class='ocrx_word' id='word_1_714' title='bbox 1197 4826 1287 4879; x_wconf 78' lang='grc' dir='ltr'><strong>τὸν</strong></span> <span class='ocrx_word' id='word_1_715' title='bbox 1317 4825 1385 4879; x_wconf 79' lang='grc' dir='ltr'><strong>τά</strong></span> <span class='ocrx_word' id='word_1_716' title='bbox 1424 4825 1563 4897; x_wconf 81' lang='grc' dir='ltr'>ὑπὲρ</span> <span class='ocrx_word' id='word_1_717' title='bbox 1621 4825 1780 4893; x_wconf 73' lang='grc' dir='ltr'>φύσιν</span> 
     </span>
    </p>
   </div>
   <div class='ocr_carea' id='block_1_101' title="bbox 1883 4818 3472 4897">
    <p class='ocr_par' dir='ltr' id='par_1_101' title="bbox 1886 4818 3472 4897">
     <span class='ocr_line' id='line_1_101' title="bbox 1886 4818 3472 4897; baseline -0.006 -16"><span class='ocrx_word' id='word_1_718' title='bbox 1886 4835 1978 4897; x_wconf 84' lang='lat' dir='ltr'><strong>get</strong></span> <span class='ocrx_word' id='word_1_719' title='bbox 2013 4825 2295 4896; x_wconf 87' lang='lat' dir='ltr'><strong>propriam</strong></span> <span class='ocrx_word' id='word_1_720' title='bbox 2330 4822 2654 4887; x_wconf 81' lang='lat' dir='ltr'><strong>stultitiam,</strong></span> <span class='ocrx_word' id='word_1_721' title='bbox 2676 4820 3088 4890; x_wconf 81' lang='lat' dir='ltr'><strong>confiteturque</strong></span> <span class='ocrx_word' id='word_1_722' title='bbox 3114 4818 3205 4873; x_wconf 84' lang='lat' dir='ltr'><strong>Dei</strong></span> <span class='ocrx_word' id='word_1_723' title='bbox 3241 4834 3472 4887; x_wconf 81' lang='lat' dir='ltr'><strong>regnum</strong></span> 
     </span>
    </p>
   </div>
   <div class='ocr_carea' id='block_1_102' title="bbox 187 4912 1780 4997">
    <p class='ocr_par' dir='ltr' id='par_1_102' title="bbox 187 4916 1780 4997">
     <span class='ocr_line' id='line_1_102' title="bbox 187 4916 1780 4997; baseline -0.009 -16"><span class='ocrx_word' id='word_1_724' title='bbox 187 4923 712 4997; x_wconf 74' lang='grc' dir='ltr'>ὀνειροπολήσαντᾳ,</span> <span class='ocrx_word' id='word_1_725' title='bbox 742 4919 1135 4991; x_wconf 74' lang='grc' dir='ltr'>φρενοϐλαϐείᾳ</span> <span class='ocrx_word' id='word_1_726' title='bbox 1180 4916 1330 4970; x_wconf 87' lang='grc' dir='ltr'>παίει</span> <span class='ocrx_word' id='word_1_727' title='bbox 1358 4917 1451 4970; x_wconf 71' lang='grc' dir='ltr'><strong>καὶ</strong></span> <span class='ocrx_word' id='word_1_728' title='bbox 1491 4916 1780 4987; x_wconf 83' lang='grc' dir='ltr'>παραπλη-</span> 
     </span>
    </p>
   </div>
   <div class='ocr_carea' id='block_1_103' title="bbox 1883 4912 3469 4997">
    <p class='ocr_par' dir='ltr' id='par_1_103' title="bbox 1889 4912 3469 4982">
     <span class='ocr_line' id='line_1_103' title="bbox 1889 4912 3469 4982; baseline -0.006 -8"><span class='ocrx_word' id='word_1_729' title='bbox 1889 4918 2255 4976; x_wconf 83' lang='lat' dir='ltr'><strong>successione</strong></span> <span class='ocrx_word' id='word_1_730' title='bbox 2300 4931 2501 4973; x_wconf 91' lang='lat' dir='ltr'><strong>carens</strong></span> <span class='ocrx_word' id='word_1_731' title='bbox 2541 4914 2596 4968; x_wconf 92' lang='lat' dir='ltr'><strong>in</strong></span> <span class='ocrx_word' id='word_1_732' title='bbox 2638 4913 2829 4967; x_wconf 88' lang='lat' dir='ltr'><strong>omnia</strong></span> <span class='ocrx_word' id='word_1_733' title='bbox 2883 4912 3086 4967; x_wconf 79' lang='lat' dir='ltr'><strong>saecula</strong></span> <span class='ocrx_word' id='word_1_734' title='bbox 3125 4926 3469 4982; x_wconf 82' lang='lat' dir='ltr'><strong>permanere.</strong></span> 
     </span>
    </p>
   </div>
   <div class='ocr_carea' id='block_1_104' title="bbox 191 5002 1780 5093">
    <p class='ocr_par' dir='ltr' id='par_1_104' title="bbox 191 5011 1779 5093">
     <span class='ocr_line' id='line_1_104' title="bbox 191 5011 1779 5093; baseline -0.007 -19"><span class='ocrx_word' id='word_1_735' title='bbox 191 5023 307 5093; x_wconf 68' lang='grc' dir='ltr'>ξίᾳ.</span> <span class='ocrx_word' id='word_1_736' title='bbox 349 5016 489 5074; x_wconf 75' lang='grc' dir='ltr'>Εἶτα</span> <span class='ocrx_word' id='word_1_737' title='bbox 544 5016 780 5089; x_wconf 82' lang='grc' dir='ltr'>θηριώδη</span> <span class='ocrx_word' id='word_1_738' title='bbox 825 5014 1113 5085; x_wconf 88' lang='grc' dir='ltr'>γενόμενον</span> <span class='ocrx_word' id='word_1_739' title='bbox 1160 5011 1479 5079; x_wconf 78' lang='grc' dir='ltr'>ἐξελαθῆναι</span> <span class='ocrx_word' id='word_1_740' title='bbox 1526 5011 1571 5042; x_wconf 80' lang='grc'><strong>⁸³</strong></span> <span class='ocrx_word' id='word_1_741' title='bbox 1601 5029 1779 5082; x_wconf 83' lang='grc' dir='ltr'>παρα-</span> 
     </span>
    </p>
   </div>
   <div class='ocr_carea' id='block_1_105' title="bbox 1883 5002 3474 5093">
    <p class='ocr_par' dir='ltr' id='par_1_105' title="bbox 1894 5002 3474 5082">
     <span class='ocr_line' id='line_1_105' title="bbox 1894 5002 3474 5082; baseline -0.006 -18"><span class='ocrx_word' id='word_1_742' title='bbox 1894 5009 2383 5082; x_wconf 79' lang='lat' dir='ltr'><strong>llaeeexpcrieutia</strong></span> <span class='ocrx_word' id='word_1_743' title='bbox 2415 5007 2666 5069; x_wconf 84' lang='lat' dir='ltr'><strong>edoctus.</strong></span> <span class='ocrx_word' id='word_1_744' title='bbox 2712 5020 2910 5059; x_wconf 88' lang='lat' dir='ltr'><strong>rursus</strong></span> <span class='ocrx_word' id='word_1_745' title='bbox 2954 5012 3176 5076; x_wconf 84' lang='lat' dir='ltr'><strong>propter</strong></span> <span class='ocrx_word' id='word_1_746' title='bbox 3224 5002 3474 5056; x_wconf 69' lang='lat' dir='ltr'><strong>iueli&#39;abi-</strong></span> 
     </span>
    </p>
   </div>
   <div class='ocr_carea' id='block_1_106' title="bbox 268 5151 1823 5229">
    <p class='ocr_par' dir='ltr' id='par_1_106' title="bbox 268 5151 1823 5229">
     <span class='ocr_line' id='line_1_106' title="bbox 268 5151 1823 5229; baseline -0.01 -10"><span class='ocrx_word' id='word_1_747' title='bbox 268 5178 294 5206; x_wconf 72' lang='grc' dir='ltr'><strong>ο</strong></span> <span class='ocrx_word' id='word_1_748' title='bbox 337 5162 542 5219; x_wconf 80' lang='lat' dir='ltr'><strong>Jerem.</strong></span> <span class='ocrx_word' id='word_1_749' title='bbox 573 5178 742 5227; x_wconf 59' lang='grc' dir='ltr'>χχιιι,</span> <span class='ocrx_word' id='word_1_750' title='bbox 768 5161 816 5225; x_wconf 79' lang='grc' dir='ltr'>Ι,</span> <span class='ocrx_word' id='word_1_751' title='bbox 851 5157 924 5225; x_wconf 69' lang='lat'>2;</span> <span class='ocrx_word' id='word_1_752' title='bbox 955 5159 1037 5215; x_wconf 79' lang='lat' dir='ltr'><strong>vel</strong></span> <span class='ocrx_word' id='word_1_753' title='bbox 1064 5158 1217 5229; x_wconf 78' lang='lat' dir='ltr'><strong>juxta</strong></span> <span class='ocrx_word' id='word_1_754' title='bbox 1245 5154 1410 5219; x_wconf 68' lang='lat' dir='ltr'><strong>LXX,</strong></span> <span class='ocrx_word' id='word_1_755' title='bbox 1448 5171 1636 5218; x_wconf 56' lang='grc' dir='ltr'>χχχιχ,</span> <span class='ocrx_word' id='word_1_756' title='bbox 1682 5152 1732 5217; x_wconf 77' lang='grc'>1,</span> <span class='ocrx_word' id='word_1_757' title='bbox 1766 5151 1823 5204; x_wconf 72' lang='grc'>2.</span> 
     </span>
    </p>
   </div>
   <div class='ocr_carea' id='block_1_107' title="bbox 1482 5301 2174 5377">
    <p class='ocr_par' dir='ltr' id='par_1_107' title="bbox 1482 5301 2174 5377">
     <span class='ocr_line' id='line_1_107' title="bbox 1482 5301 2174 5377; baseline -0.014 -13"><span class='ocrx_word' id='word_1_758' title='bbox 1482 5307 1722 5377; x_wconf 64' lang='lat' dir='ltr'><strong>vanu;</strong></span> <span class='ocrx_word' id='word_1_759' title='bbox 1765 5301 2174 5359; x_wconf 71' lang='lat' dir='ltr'><strong>LECTIONES.</strong></span> 
     </span>
    </p>
   </div>
   <div class='ocr_carea' id='block_1_108' title="bbox 264 5402 3475 5505">
    <p class='ocr_par' dir='ltr' id='par_1_108' title="bbox 264 5402 3475 5505">
     <span class='ocr_line' id='line_1_108' title="bbox 264 5402 3475 5505; baseline -0.014 -4"><span class='ocrx_word' id='word_1_760' title='bbox 264 5440 314 5471; x_wconf 78' lang='grc'><strong>⁶⁶</strong></span> <span class='ocrx_word' id='word_1_761' title='bbox 338 5439 390 5500; x_wconf 81' lang='grc' dir='ltr'><strong>,Β</strong></span> <span class='ocrx_word' id='word_1_762' title='bbox 438 5437 692 5505; x_wconf 75' lang='grc' dir='ltr'>ἔστησεν.</span> <span class='ocrx_word' id='word_1_763' title='bbox 772 5436 814 5466; x_wconf 79' lang='grc'>⁸⁷</span> <span class='ocrx_word' id='word_1_764' title='bbox 856 5434 895 5488; x_wconf 85' lang='grc' dir='ltr'>Β</span> <span class='ocrx_word' id='word_1_765' title='bbox 947 5434 1242 5505; x_wconf 74' lang='grc' dir='ltr'>ἐπράξατο.</span> <span class='ocrx_word' id='word_1_766' title='bbox 1316 5431 1359 5505; x_wconf 52' lang='lat'><strong>:3</strong></span> <span class='ocrx_word' id='word_1_767' title='bbox 1387 5429 1427 5481; x_wconf 85' lang='grc' dir='ltr'><strong>Β</strong></span> <span class='ocrx_word' id='word_1_768' title='bbox 1471 5425 1787 5505; x_wconf 23' lang='lat' dir='ltr'><strong>abeo-53f:</strong></span> <span class='ocrx_word' id='word_1_769' title='bbox 1818 5441 1877 5476; x_wconf 83' lang='grc' dir='ltr'><strong>τε</strong></span> <span class='ocrx_word' id='word_1_770' title='bbox 1916 5423 2066 5505; x_wconf 50' lang='lat' dir='ltr'><strong>fidit.</strong></span> <span class='ocrx_word' id='word_1_771' title='bbox 2109 5420 2261 5490; x_wconf 88' lang='lat' dir='ltr'><strong>prior</strong></span> <span class='ocrx_word' id='word_1_772' title='bbox 2284 5413 2674 5505; x_wconf 47' lang='lat' dir='ltr'><strong>~l1ai3;_6&#39;.‘E.L&quot;j’</strong></span> <span class='ocrx_word' id='word_1_773' title='bbox 2708 5412 2748 5465; x_wconf 85' lang='grc' dir='ltr'><strong>Β</strong></span> 
     </span>
    </p>
   </div>
   <div class='ocr_carea' id='block_1_109' title="bbox 199 5471 3473 5580">
    <p class='ocr_par' dir='ltr' id='par_1_109' title="bbox 199 5471 3473 5580">
     <span class='ocr_line' id='line_1_109' title="bbox 304 5471 3473 5536; baseline -0.003 0"><span class='ocrx_word' id='word_1_774' title='bbox 304 5471 390 5536; x_wconf 61' lang='grc' dir='ltr'><strong>,ομ</strong></span> <span class='ocrx_word' id='word_1_775' title='bbox 438 5471 756 5536; x_wconf 31' lang='lat' dir='ltr'><strong>“manu</strong></span> <span class='ocrx_word' id='word_1_776' title='bbox 858 5471 895 5488; x_wconf 67' lang='grc' dir='ltr'><strong>ν</strong></span> <span class='ocrx_word' id='word_1_777' title='bbox 924 5471 1273 5536; x_wconf 50' lang='grc' dir='ltr'><strong>τῖ’ΨἺΪΗῙ.</strong></span> <span class='ocrx_word' id='word_1_778' title='bbox 1388 5471 1426 5481; x_wconf 74' lang='grc'><em>”</em></span> <span class='ocrx_word' id='word_1_779' title='bbox 1472 5471 1723 5527; x_wconf 48' lang='lat' dir='ltr'><strong>&quot;nun</strong></span> <span class='ocrx_word' id='word_1_780' title='bbox 1830 5471 1875 5476; x_wconf 61' lang='grc'><strong>’⁷</strong></span> <span class='ocrx_word' id='word_1_781' title='bbox 2282 5489 2305 5520; x_wconf 67' lang='lat'><em>7</em></span> <span class='ocrx_word' id='word_1_782' title='bbox 2409 5486 2457 5515; x_wconf 74' lang='lat'><strong>&quot;&quot;</strong></span> <span class='ocrx_word' id='word_1_783' title='bbox 2491 5483 2530 5536; x_wconf 82' lang='grc' dir='ltr'>Β</span> <span class='ocrx_word' id='word_1_784' title='bbox 2570 5482 2755 5536; x_wconf 66' lang='grc' dir='ltr'>δγδογ</span> <span class='ocrx_word' id='word_1_785' title='bbox 2790 5482 2883 5534; x_wconf 64' lang='grc' dir='ltr'>καὶ</span> <span class='ocrx_word' id='word_1_786' title='bbox 2923 5480 3162 5532; x_wconf 58' lang='grc' dir='ltr'>δέκατος.</span> <span class='ocrx_word' id='word_1_787' title='bbox 3233 5476 3276 5504; x_wconf 78' lang='grc'><strong>⁷⁸</strong></span> <span class='ocrx_word' id='word_1_788' title='bbox 3318 5471 3473 5523; x_wconf 71' lang='grc' dir='ltr'>Βτοῦ</span> 
     </span>
     <span class='ocr_line' id='line_1_110' title="bbox 199 5494 3449 5580; baseline 0 -1"><span class='ocrx_word' id='word_1_789' title='bbox 199 5520 435 5580; x_wconf 67' lang='lat' dir='ltr'><strong>eorum</strong></span> <span class='ocrx_word' id='word_1_790' title='bbox 475 5507 858 5580; x_wconf 56' lang='lat' dir='ltr'><strong>posteéws-</strong></span> <span class='ocrx_word' id='word_1_791' title='bbox 998 5508 1166 5580; x_wconf 61' lang='grc' dir='ltr'><strong>ᾖμεν</strong></span> <span class='ocrx_word' id='word_1_792' title='bbox 1204 5504 1282 5580; x_wconf 58' lang='lat' dir='ltr'><strong>h:</strong></span> <span class='ocrx_word' id='word_1_793' title='bbox 1322 5501 1360 5580; x_wconf 58' lang='lat' dir='ltr'><strong>ii</strong></span> <span class='ocrx_word' id='word_1_794' title='bbox 1390 5499 1567 5580; x_wconf 61' lang='lat' dir='ltr'><strong>$“P.l&quot;-</strong></span> <span class='ocrx_word' id='word_1_795' title='bbox 1638 5568 1650 5580; x_wconf 94' lang='lat'><strong>.</strong></span> <span class='ocrx_word' id='word_1_796' title='bbox 1726 5494 1957 5580; x_wconf 50' lang='grc' dir='ltr'>..βασεδ</span> <span class='ocrx_word' id='word_1_797' title='bbox 1981 5506 2479 5580; x_wconf 63' lang='grc' dir='ltr'><strong>Ρτ·¹’.¹ἔ’·ι“9³·η</strong></span> <span class='ocrx_word' id='word_1_798' title='bbox 2537 5554 2572 5580; x_wconf 76' lang='grc' dir='ltr'>η</span> <span class='ocrx_word' id='word_1_799' title='bbox 2834 5549 2927 5580; x_wconf 61' lang='grc' dir='ltr'>...Α</span> <span class='ocrx_word' id='word_1_800' title='bbox 3024 5547 3067 5578; x_wconf 69' lang='grc' dir='ltr'><strong>η</strong></span> <span class='ocrx_word' id='word_1_801' title='bbox 3100 5541 3449 5580; x_wconf 49' lang='grc' dir='ltr'>αρε-...ηραν</span> 
     </span>
    </p>
   </div>
   <div class='ocr_carea' id='block_1_110' title="bbox 193 5546 3472 5644">
    <p class='ocr_par' dir='ltr' id='par_1_110' title="bbox 193 5546 3472 5644">
     <span class='ocr_line' id='line_1_111' title="bbox 193 5546 3472 5644; baseline -0.009 -8"><span class='ocrx_word' id='word_1_802' title='bbox 193 5546 929 5644; x_wconf 46' lang='lat' dir='ltr'><strong>gfﬁ’éiiihef‘élb</strong></span> <span class='ocrx_word' id='word_1_803' title='bbox 1001 5546 1604 5628; x_wconf 53' lang='lat' dir='ltr'><strong>;‘5r;;.&#39;t—:Ba.5u)..llli98.</strong></span> <span class='ocrx_word' id='word_1_804' title='bbox 1638 5568 1691 5620; x_wconf 89' lang='lat' dir='ltr'><strong>in</strong></span> <span class='ocrx_word' id='word_1_805' title='bbox 1726 5546 1784 5618; x_wconf 37' lang='grc' dir='ltr'>Β..</span> <span class='ocrx_word' id='word_1_806' title='bbox 1863 5566 1906 5595; x_wconf 87' lang='grc'><strong>⁷⁷</strong></span> <span class='ocrx_word' id='word_1_807' title='bbox 1978 5546 2053 5615; x_wconf 65' lang='grc' dir='ltr'><strong>έν.</strong></span> <span class='ocrx_word' id='word_1_808' title='bbox 2091 5562 2308 5644; x_wconf 38' lang='lat' dir='ltr'><strong>“aen-3.&quot;</strong></span> <span class='ocrx_word' id='word_1_809' title='bbox 2353 5557 2398 5587; x_wconf 83' lang='grc'><strong>⁷⁸</strong></span> <span class='ocrx_word' id='word_1_810' title='bbox 2421 5557 2499 5636; x_wconf 79' lang='grc' dir='ltr'><strong>ἐν.</strong></span> <span class='ocrx_word' id='word_1_811' title='bbox 2535 5554 2573 5606; x_wconf 80' lang='grc' dir='ltr'><strong>Β</strong></span> <span class='ocrx_word' id='word_1_812' title='bbox 2597 5546 2788 5644; x_wconf 44' lang='lat' dir='ltr'><strong>praeut.</strong></span> <span class='ocrx_word' id='word_1_813' title='bbox 2834 5549 2983 5644; x_wconf 44' lang='grc' dir='ltr'>καί.λ</span> <span class='ocrx_word' id='word_1_814' title='bbox 3024 5547 3067 5578; x_wconf 71' lang='grc' dir='ltr'><strong>⁷ο</strong></span> <span class='ocrx_word' id='word_1_815' title='bbox 3099 5546 3138 5597; x_wconf 82' lang='grc' dir='ltr'>Β</span> <span class='ocrx_word' id='word_1_816' title='bbox 3166 5546 3472 5644; x_wconf 41' lang='lat' dir='ltr'><strong>iriiri-f3?-</strong></span> 
     </span>
    </p>
   </div>
   <div class='ocr_carea' id='block_1_111' title="bbox 194 5611 3468 5719">
    <p class='ocr_par' dir='ltr' id='par_1_111' title="bbox 194 5611 3468 5719">
     <span class='ocr_line' id='line_1_112' title="bbox 194 5611 3390 5644; baseline 0.004 -13"><span class='ocrx_word' id='word_1_817' title='bbox 194 5611 248 5636; x_wconf 70' lang='grc' dir='ltr'><strong>ει</strong></span> <span class='ocrx_word' id='word_1_818' title='bbox 272 5611 496 5640; x_wconf 73' lang='lat' dir='ltr'><strong>ucuutc,</strong></span> <span class='ocrx_word' id='word_1_819' title='bbox 536 5611 619 5629; x_wconf 66' lang='grc' dir='ltr'>ιυυ</span> <span class='ocrx_word' id='word_1_820' title='bbox 644 5611 929 5644; x_wconf 61' lang='grc' dir='ltr'>μυιυυιῡωειο</span> <span class='ocrx_word' id='word_1_821' title='bbox 1079 5611 1444 5628; x_wconf 28' lang='grc' dir='ltr'><strong>δαν-ένθννυ</strong></span> <span class='ocrx_word' id='word_1_822' title='bbox 1485 5611 1604 5621; x_wconf 85' lang='lat'>&quot;“&quot;</span> <span class='ocrx_word' id='word_1_823' title='bbox 1640 5611 1691 5620; x_wconf 92' lang='lat'><strong>&quot;&#39;</strong></span> <span class='ocrx_word' id='word_1_824' title='bbox 1726 5611 1784 5618; x_wconf 77' lang='lat'><strong>&quot;&#39;</strong></span> <span class='ocrx_word' id='word_1_825' title='bbox 1981 5611 2052 5615; x_wconf 78' lang='lat'><strong>&quot;&#39;</strong></span> <span class='ocrx_word' id='word_1_826' title='bbox 2093 5611 2104 5614; x_wconf 67' lang='lat'><strong><em>&#39;</em></strong></span> <span class='ocrx_word' id='word_1_827' title='bbox 2173 5611 2181 5613; x_wconf 85' lang='grc'><strong><em>“</em></strong></span> <span class='ocrx_word' id='word_1_828' title='bbox 2214 5611 2271 5642; x_wconf 44' lang='grc'>⁵,</span> <span class='ocrx_word' id='word_1_829' title='bbox 2299 5630 2308 5641; x_wconf 89' lang='grc'>.</span> <span class='ocrx_word' id='word_1_830' title='bbox 2471 5626 2480 5636; x_wconf 69' lang='grc' dir='ltr'><strong>ε</strong></span> <span class='ocrx_word' id='word_1_831' title='bbox 2604 5611 2615 5620; x_wconf 96' lang='grc'><strong><em>“</em></strong></span> <span class='ocrx_word' id='word_1_832' title='bbox 2718 5640 2723 5644; x_wconf 67' lang='grc'><strong>,</strong></span> <span class='ocrx_word' id='word_1_833' title='bbox 3173 5613 3218 5644; x_wconf 72' lang='lat'><strong>88</strong></span> <span class='ocrx_word' id='word_1_834' title='bbox 3336 5611 3390 5637; x_wconf 60' lang='grc' dir='ltr'>λς</span> 
     </span>
     <span class='ocr_line' id='line_1_113' title="bbox 194 5611 3468 5719; baseline -0.01 1"><span class='ocrx_word' id='word_1_835' title='bbox 194 5653 237 5683; x_wconf 71' lang='grc'><strong>⁸⁸</strong></span> <span class='ocrx_word' id='word_1_836' title='bbox 263 5653 358 5719; x_wconf 66' lang='grc' dir='ltr'><strong>ἀφ.</strong></span> <span class='ocrx_word' id='word_1_837' title='bbox 402 5650 460 5704; x_wconf 88' lang='lat' dir='ltr'><strong>In</strong></span> <span class='ocrx_word' id='word_1_838' title='bbox 503 5648 543 5701; x_wconf 87' lang='grc' dir='ltr'><strong>Β</strong></span> <span class='ocrx_word' id='word_1_839' title='bbox 576 5647 799 5718; x_wconf 81' lang='lat' dir='ltr'><strong>Ponitur</strong></span> <span class='ocrx_word' id='word_1_840' title='bbox 830 5658 952 5715; x_wconf 73' lang='lat' dir='ltr'><strong>[lost</strong></span> <span class='ocrx_word' id='word_1_841' title='bbox 992 5646 1227 5711; x_wconf 74' lang='grc' dir='ltr'>ἐδέξατο.</span> <span class='ocrx_word' id='word_1_842' title='bbox 1306 5642 1347 5674; x_wconf 76' lang='grc'>³¹</span> <span class='ocrx_word' id='word_1_843' title='bbox 1389 5640 1429 5694; x_wconf 78' lang='grc' dir='ltr'><strong>Β</strong></span> <span class='ocrx_word' id='word_1_844' title='bbox 1465 5639 1679 5708; x_wconf 74' lang='grc' dir='ltr'>πρῶτον</span> <span class='ocrx_word' id='word_1_845' title='bbox 1732 5637 1827 5705; x_wconf 56' lang='grc' dir='ltr'><strong>μὲν</strong></span> <span class='ocrx_word' id='word_1_846' title='bbox 1862 5634 2044 5688; x_wconf 54' lang='grc' dir='ltr'><strong>αὐτόν·</strong></span> <span class='ocrx_word' id='word_1_847' title='bbox 2125 5632 2171 5663; x_wconf 59' lang='grc'><strong>⁸⁸</strong></span> <span class='ocrx_word' id='word_1_848' title='bbox 2217 5631 2361 5684; x_wconf 58' lang='grc' dir='ltr'>ίπὼί·</span> <span class='ocrx_word' id='word_1_849' title='bbox 2404 5640 2549 5695; x_wconf 61' lang='lat' dir='ltr'><strong>Prw&quot;</strong></span> <span class='ocrx_word' id='word_1_850' title='bbox 2597 5624 2758 5676; x_wconf 59' lang='lat' dir='ltr'><strong>him”</strong></span> <span class='ocrx_word' id='word_1_851' title='bbox 2812 5619 3095 5689; x_wconf 49' lang='grc' dir='ltr'><strong>προὲέρεῑο</strong></span> <span class='ocrx_word' id='word_1_852' title='bbox 3254 5611 3292 5661; x_wconf 75' lang='grc' dir='ltr'>Β</span> <span class='ocrx_word' id='word_1_853' title='bbox 3335 5625 3468 5670; x_wconf 55' lang='grc' dir='ltr'>δτιω⁶</span> 
     </span>
    </p>
   </div>
   <div class='ocr_carea' id='block_1_112' title="bbox 196 5722 418 5793">
    <p class='ocr_par' dir='ltr' id='par_1_112' title="bbox 196 5722 418 5793">
     <span class='ocr_line' id='line_1_114' title="bbox 196 5722 418 5793; baseline -0.005 -18"><span class='ocrx_word' id='word_1_854' title='bbox 196 5722 418 5793; x_wconf 73' lang='grc' dir='ltr'>σθῆναι.</span> 
     </span>
    </p>
   </div>
   <div class='ocr_carea' id='block_1_113' title="bbox 568 5775 3158 5871">
    <p class='ocr_par' dir='ltr' id='par_1_113' title="bbox 568 5775 3158 5871">
     <span class='ocr_line' id='line_1_115' title="bbox 568 5775 3158 5871; baseline -0.015 0"><span class='ocrx_word' id='word_1_855' title='bbox 568 5813 842 5871; x_wconf 64' lang='lat' dir='ltr'><strong>Parem.</strong></span> <span class='ocrx_word' id='word_1_856' title='bbox 890 5809 1004 5870; x_wconf 74' lang='lat' dir='ltr'><strong>(in.</strong></span> <span class='ocrx_word' id='word_1_857' title='bbox 1054 5803 1153 5863; x_wconf 80' lang='lat' dir='ltr'><strong>LX</strong></span> <span class='ocrx_word' id='word_1_858' title='bbox 1166 5800 1329 5860; x_wconf 67' lang='grc' dir='ltr'><strong>ΧΧί.</strong></span> <span class='ocrx_word' id='word_1_859' title='bbox 2096 5831 2102 5834; x_wconf 61' lang='grc'><strong>‹</strong></span> <span class='ocrx_word' id='word_1_860' title='bbox 3080 5775 3158 5834; x_wconf 69' lang='grc'><strong>113</strong></span> 
     </span>
    </p>
   </div>
  </div>
