3898 6208
240 361 377 427 i357

1438 365 1517 424 ΙΝ
1554 365 1908 425 ΟΛΝΙΕΙᾸΞ
1955 366 2112 426 CAP.
2144 367 2238 427 1V.

3341 365 3481 433 1358

235 476 422 545 τυρίαν
444 474 466 505 ⁸
505 474 613 527 τῶν
654 475 982 545 λεγομένων.
1025 478 1167 549 Ἔφη
1202 479 1285 533 δέ’
1330 480 1453 533 Ἐν³
1480 481 1627 553 ἄκρα
1659 478 1751 536 οῦν
1783 483 1804 514 ⁸

1912 482 1966 536 In
2020 499 2227 537 summa
2278 484 2527 538 felicitate
2556 485 2756 554 degens
2808 483 3031 541 infinitis
3066 485 3221 541 bonis
3250 486 3484 542 circum-

230 565 529 637 εὐκληρίᾳ,
557 568 652 619 καὶ
682 567 893 640 μυρίοις
929 569 1155 636 ἀγαθοῖς
1189 573 1611 644 περιρῤεόμενος
1631 575 1804 629 Statio

234 659 362 711 λουν
380 672 395 686 ·
421 659 481 710 ἐν
508 656 720 720 τούτοις
743 658 799 712 δὲ
823 658 919 725 ὢν,

303 747 371 815 β’.
402 766 422 800 ι
465 748 764 813 Ἐνύπνιον,
816 751 998 823 φησὶν,
1028 747 1187 815 εἶδον.
1231 755 1323 808 καὶ
1375 755 1662 828 ἐφοὸέρισέ
1711 776 1801 828 με,

233 838 325 891 καὶ
352 839 374 870 ⁸
396 838 687 909 ἐθαύμασα
716 841 808 893 ἐπὶ
832 842 1042 906 τούτοις
1070 845 1226 909 πᾶσι,
1258 847 1353 900 καὶ
1375 847 1683 919 ἐταράχθην
1713 850 1807 902 ἐπὶ

230 924 332 993 τῆς
374 926 561 996 κοίτης
598 945 729 997 μου,
763 930 858 984 καὶ
913 931 969 985 al
1001 932 1225 1002 ὁράσεις
1273 937 1372 1006 τῆς
1416 937 1661 1006 κεφαλῆς
1701 956 1805 1009 μου

235 1015 606 1085 συνετάραξαν
633 1035 720 1086 με.
762 1036 781 1069 ι
825 1018 912 1072 Ἐν
935 1020 1169 1093 τοσαύτη
1209 1022 1317 1095 γὰρ
1347 1024 1367 1055 ⁶
1409 1024 1669 1097 ὑπάρχων
1713 1027 1806 1080 εὐ-

233 1105 461 1176 ημερίᾳ,
486 1105 619 1178 ὅναρ
640 1103 779 1163 εἶδον
819 1109 1081 1180 λυπηρὸν,
1114 1113 1205 1165 καὶ
1237 1113 1673 1186 ἐξεδειματώθην
1705 1119 1806 1188 μὲν

235 1196 442 1267 σφόδρα
473 1199 540 1267 τῇ
607 1198 812 1270 θεωρία
857 1200 953 1254 τοῦ
1003 1203 1275 1270 ἐνυπνίου,
1325 1207 1707 1280 ἐταρασσόμην
1749 1210 1806 1263 δὲ

233 1289 398 1342 πλέον
435 1289 505 1342 τὰ
542 1291 632 1344 διὰ
661 1292 850 1346 τούτου
897 1297 1276 1367 σημαινόμενα
1305 1300 1539 1355 κατιδεῖν
1562 1303 1622 1354 οὐ
1647 1303 1807 1357 δυνά-

236 1398 396 1450 μενος
415 1397 430 1412 ’
469 1378 532 1435 οὖ
563 1384 721 1454 χάριν
766 1385 893 1449 τοὺς
922 1387 1097 1443 ταῦτα
1124 1389 1459 1461 δυναμένους
1482 1393 1806 1466 ἑρμηνεύειν

234 1473 593 1527 συνεκάλεσα.

299 1563 365 1628 δ’,
395 1563 459 1617 ε’.
497 1583 517 1617 ι
555 1566 664 1619 Kal
685 1569 1096 1641 εἰσεπορεύοντο
1117 1572 1358 1628 ἐπαοιδοὶ
1391 1576 1434 1641 ⁷,
1475 1576 1660 1647 μάγοι,
1697 1576 1803 1631 Γα-

233 1656 480 1727 ζαρηνοὶ,
523 1658 801 1723 Χαλδαῖοι,
835 1663 928 1715 καὶ
964 1663 1025 1717 τὸ
1054 1664 1306 1720 ἐνύπνιον
1338 1663 1493 1721 εἷπον
1518 1669 1541 1701 ⁸
1569 1668 1681 1737 ἐγὼ
1715 1670 1804 1723 ὲν-

233 1747 404 1802 ώπιον
426 1749 628 1815 αὐτῶν,
659 1753 752 1805 καὶ
773 1752 867 1824 τὴν
892 1752 1178 1827 σύγκρισιν
1206 1758 1369 1810 αὑτοῦ
1390 1760 1489 1812 οὐκ
1503 1760 1805 1831 ἐγνώρισαν

235 1854 348 1906 μοι’
379 1838 483 1901 ἕως
511 1840 532 1871 ⁵
583 1835 644 1894 οὗ
689 1841 873 1912 ἕτερος
900 1844 1150 1914 είσῆλθεν
1184 1845 1414 1900 ἐνώπιόν
1438 1866 1560 1918 μου,
1593 1850 1810 1919 Δανιὴλ,

234 1924 295 1983 οὗ
315 1930 378 1984 τὸ
406 1932 575 2002 ὄνομα
605 1933 912 2005 Βαλτάσαρ,
935 1934 1077 1989 κατὰ
1103 1937 1164 1989 τὸ
1190 1937 1359 2008 δνομα
1384 1939 1476 1992 τοῦ
1507 1940 1640 1993 Θεοῦ
1675 1959 1799 2011 μου,

231 2019 292 2084 ὃς
322 2021 544 2090 Πνεῦμα
571 2021 706 2075 Θεοῦ
736 2022 778 2054 ¹⁰
805 2021 961 2092 ἅγιον
985 2022 1096 2094 ἔχει
1129 2026 1189 2078 ἐν
1212 2025 1379 2096 αὐτῷ.
1423 2046 1441 2079 ι
1476 2028 1588 2097 Οὐχ
1616 2027 1803 2090 ἁπλῶς

229 2111 487 2168 δὲταῦτα
502 2112 766 2177 τέθεικεν,
800 2114 938 2168 ἀλλὰ
965 2116 1286 2187 παράλληλα
1319 2119 1384 2184 “,
1414 2118 1501 2171 ἵνα
1554 2122 1620 2190 τῇ
1658 2136 1803 2189 παρ-

234 2205 487 2271 εξετάσει
530 2205 697 2277 δήλην
723 2206 892 2260 ἅπασι
920 2210 1118 2281 ποιήσῃ
1158 2209 1258 2281 τὴν
1280 2211 1372 2264 τοῦ
1407 2214 1686 2285 προφήτου
1720 2230 1808 2267 σο-

232 2296 364 2364 φίαν
383 2314 395 2327 ·
433 2296 516 2351 διὸ
537 2298 630 2351 καὶ
652 2297 723 2351 τά
743 2297 870 2368 εθνη
899 2300 1188 2369 καταλέγει
1216 2294 1327 2354 τῶν
1350 2301 1529 2371 σοφῶν
1552 2300 1808 2355 Βαϐυλῶ-

231 2401 344 2450 νος,
379 2387 468 2441 ἵνα
498 2386 647 2459 δείξῃ
670 2388 799 2454 τοὺς
847 2388 946 2459 μὲν
967 2390 1120 2444 οὐδὲν
1150 2393 1192 2423 ¹¹
1217 2392 1354 2456 ὅλως
1385 2393 1804 2465 ἐπισταμένους,

230 2476 326 2530 τὸν
364 2476 423 2529 δὲ
465 2479 570 2534 ὑπὸ
593 2479 687 2533 τοῦ
726 2479 870 2535 θείου
894 2481 1210 2552 Πνεύματος
1253 2482 1641 2553 φωτιζόμενον.
1688 2487 1806 2538 Κα-

232 2568 316 2622 λεί
367 2568 425 2622 δὲ
465 2569 627 2622 αὐτὸν
677 2570 777 2624 οὐκ
823 2571 932 2625 ἀπὸ
987 2573 1156 2644 μόνης
1178 2574 1278 2645 τῆς
1308 2576 1700 2647 προσηγορίας,
1741 2578 1807 2647 ἣν

232 2659 396 2722 αὐτὸς
420 2659 777 2725 ἐπιτέθεικεν,
801 2661 936 2716 ἀλλὰ
968 2663 1031 2717 τὸ
1081 2663 1332 2735 Ἐϐραϊον
1375 2667 1728 2737 προστίθησιν
1765 2668 1807 2699 ³⁸

230 2750 426 2820 ὄνομα.
462 2767 483 2804 t
522 2751 721 2822 Δανιὴλ
749 2751 878 2824 γὰρ,
909 2754 1097 2825 φησὶν,
1125 2750 1185 2810 οὗ
1218 2755 1279 2809 τὸ
1302 2755 1472 2826 ὄνομα
1520 2757 1807 2830 Βαλτάσαρ

231 2839 379 2894 κατὰ
418 2841 479 2893 τὸ
507 2841 680 2913 ὄνομα
713 2843 805 2895 τοῦ
845 2843 979 2898 Θεοῦ
1036 2862 1161 2915 μου.
1190 2864 1207 2897 ιι
1254 2846 1410 2899 Οὕτω
1454 2846 1581 2917 γὰρ,
1620 2849 1805 2918 φησὶν,

235 2932 401 2987 αὐτὸν
423 2931 484 2996 ἐξ
509 2932 684 3003 ἀρχῆς
741 2932 1044 3005 ἐθαύμασα,
1080 2936 1156 2998 ὼς
1208 2935 1303 2989 τοῦ
1352 2937 1519 2991 πάλαι
1556 2938 1645 2990 ὑπ’
1671 2936 1807 3008 ἐμοῦ

234 3022 711 3092 προσκυνουμένου
742 3023 877 3077 Θεοῦ
904 3024 1172 3080 ἐπιθεῖναι
1207 3026 1357 3097 αὐτῷ
1392 3028 1493 3100 τὴν
1533 3045 1809 3098 προσηγο-

1906 571 2153 637 ﬂuebant,
2180 573 2377 644 quibus
2402 574 2609 639 fruens,

1982 750 2144 806 Vsus.
2169 753 2223 805 ‘2.
2258 769 2277 803 ι
2329 751 2631 817 Somnium,
2680 755 2874 824 inquit,
2912 755 3043 819 νίιΙί,
3086 762 3139 809 et
3180 757 3476 824 perterruit

1907 855 2013 902 me,
2044 848 2099 895 et
2115 840 2418 898 admiratus
2436 858 2555 897 sum
2574 859 2738 914 super
2753 845 3008 900 omnibus
3036 845 3140 911 his,
3160 853 3213 900 et
3230 847 3483 902 turbatus

1906 944 2026 984 sum
2050 930 2102 985 in
2131 933 2295 988 cubili
2319 948 2458 999 meo,
2494 941 2548 989 et
2575 935 2811 990 risiones
2832 937 3025 1006 capitis
3051 936 3153 991 mei
3183 938 3483 992 conturba-

1906 1031 2097 1076 verunt
2125 1039 2227 1078 me.
2252 1044 2271 1076 ι
2308 1025 2371 1079 1η
2396 1032 2546 1079 tanta
2577 1026 2718 1080 enim
2763 1025 3020 1082 felicitate
3059 1028 3333 1082 somnium
3375 1027 3482 1083 vitii

1908 1113 2037 1167 mihi
2070 1115 2379 1179 molestum,
2413 1130 2475 1170 ac
2503 1116 2850 1172 vehementer
2897 1120 3222 1187 perterritus
3259 1133 3381 1173 sum
3422 1134 3486 1174 ea

1907 1199 2107 1267 specie,
2138 1215 2259 1268 quae
2289 1200 2420 1254 mihi
2451 1202 2503 1255 in
2545 1203 2752 1258 somnis
2794 1204 2974 1259 oblata
3010 1213 3094 1259 est
3132 1223 3146 1259 :
3176 1204 3268 1259 sed
3314 1206 3488 1260 multo

1907 1290 2078 1358 magis
2105 1292 2480 1359 perturbabar,
2513 1292 2659 1362 quod
2688 1309 2809 1363 qua:
2833 1310 2927 1364 per
2958 1297 3231 1350 somnium
3273 1297 3482 1366 signiti-

1907 1393 2164 1435 carentur
2195 1398 2303 1436 non
2337 1398 2551 1453 possem
2582 1386 2898 1457 intelligere.
2924 1385 3004 1457 [5]
3031 1387 3213 1454 Quare
3254 1388 3369 1443 haec
3407 1389 3488 1445 iu—

1907 1472 2231 1539 terpretandi
2264 1474 2466 1541 peritos
2499 1475 2780 1530 accersiri.

1976 1559 2137 1618 Vsus.
2158 1562 2213 1626 4,
2231 1564 2283 1618 5.
2309 1582 2327 1614 ι
2364 1565 2427 1617 Ει
2448 1565 2889 1636 ingrediebantur
2910 1570 3299 1638 incantatores,
3319 1574 3483 1644 magi,

1905 1648 2170 1706 Gazareni
2203 1694 2217 1715 ,
2272 1653 2504 1710 Chaldaei
2543 1675 2556 1710 :
2587 1664 2640 1710 et
2679 1658 2951 1713 somnium
2986 1659 3096 1714 dixi
3118 1677 3218 1732 ego
3254 1664 3305 1716 iu
3353 1679 3486 1720 eon-

1909 1752 2094 1810 speetu
2121 1759 2333 1806 eorum,
2357 1753 2411 1798 et
2436 1746 2934 1816 interpretationem
2955 1750 3076 1820 ejus
3111 1768 3218 1810 non
3274 1755 3484 1810 indicas

1846 1851 1886 1904 Β
1917 1835 2223 1899 runtmilii,
2254 1835 2427 1889 donec
2472 1837 2610 1891 alius
2653 1837 2929 1908 ingressus
2977 1846 3059 1895 est
3087 1841 3139 1895 in
3185 1856 3481 1914 conspectu

1907 1941 2044 1988 meo,
2072 1925 2276 1989 Daniel,
2311 1927 2398 1982 cui
2422 1943 2615 1983 nomen
2651 1928 2915 1994 Baltasar,
2945 1934 3245 1989 secundum
3280 1950 3478 1989 nomen

1906 2016 1997 2071 Dei
2030 2017 2154 2082 mei,
2178 2018 2268 2085 qui
2296 2016 2554 2087 Spiritum
2576 2017 2663 2074 Dei
2683 2028 2930 2075 sanctum
2953 2021 3115 2078 habet
3146 2023 3201 2078 in
3232 2027 3434 2096 seipso.
3459 2048 3477 2080 ι

1905 2103 2021 2161 Non
2064 2107 2389 2176 simpliciter
2420 2107 2536 2163 haec
2566 2110 2768 2179 posuit,
2795 2110 2889 2166 sed
2916 2122 3251 2183 comparate,
3280 2123 3337 2170 ut
3368 2117 3485 2186 ipsa

1903 2201 2314 2268 comparatione
2330 2201 2582 2257 omnibus
2604 2202 2878 2271 propheta:
2896 2204 3216 2273 sapientiam
3235 2207 3451 2262 declara
3464 2238 3482 2250 -

1904 2298 1987 2345 ret
2008 2306 2024 2345 :
2046 2291 2088 2359 ι
2101 2289 2255 2361 142
2268 2306 2437 2361 quare
2454 2300 2641 2361 gentes
2656 2307 2869 2362 quoque
2880 2293 3184 2363 sapientum
3198 2295 3485 2367 Babylonis

1912 2390 2292 2446 connumerat,
2327 2389 2383 2435 ut
2416 2381 2689 2445 ostendat,
2715 2382 2836 2440 illos
2862 2382 3078 2452 quidem
3107 2386 3240 2440 nihil
3262 2388 3484 2445 omnino

1908 2472 2068 2539 scire,
2113 2473 2258 2527 hunc
2302 2489 2430 2528 vero
2482 2472 2666 2528 divino
2702 2475 2897 2544 spiritu
2928 2476 3291 2534 illuminatum
3321 2494 3480 2545 esse;

1909 2565 2195 2635 ipsumque
2237 2573 2395 2620 vocat
2439 2582 2546 2621 non
2591 2581 2656 2621 eo
2692 2575 2899 2622 tantum
2938 2571 3178 2632 nomine,
3215 2573 3359 2640 quod
3405 2574 3481 2626 illi

1908 2655 2263 2725 imposuerat,
2315 2656 2409 2711 sed
2453 2655 2602 2710 addit
2654 2659 2820 2712 etiam
2865 2674 3062 2715 nomen
3129 2660 3481 2716 Hebraicum.

1913 2769 1931 2801 ι
1959 2750 2144 2805 Daniel
2196 2751 2587 2822 cnim,inquit,
2637 2753 2723 2807 cui
2761 2770 2959 2810 nomen
2988 2755 3236 2815 Baltasar
3285 2775 3481 2816 secun-

1908 2840 2035 2895 dum
2073 2855 2270 2894 nomen
2306 2840 2398 2893 Dei
2441 2840 2714 2896 meinlta
2775 2844 2918 2898 enim
2971 2859 3001 2898 a
3059 2846 3349 2918 principio,
3401 2851 3483 2903 in-

1906 2929 2045 3001 quit,
2069 2944 2191 2984 eum
2211 2929 2510 2985 admiratus
2543 2946 2686 2997 sum,
2718 2939 2778 2986 ut
2810 2947 2934 2987 eum
2963 2936 3185 2991 nomine
3220 2938 3368 2994 illius
3389 2939 3480 2995 Dei

1906 3022 2000 3092 qui
2029 3035 2059 3074 a
2088 3035 2173 3075 me
2209 3020 2416 3092 pridem
2445 3022 2728 3078 colebatur
2761 3024 3105 3095 appellarim.
3140 3024 3205 3079 Et
3257 3041 3481 3083 causam

236 3111 380 3180 ρίαν.
418 3114 530 3166 Καὶ
568 3115 667 3185 τὴν
717 3115 895 3169 αἰτίαν
943 3115 1175 3183 δεικνὺς,
1216 3137 1235 3168 ι
1282 3119 1378 3183 Ὃς
1417 3120 1640 3190 Πνεῦμα
1669 3118 1803 3174 Θεοῦ

1911 3112 2225 3177 ostendens,
2259 3132 2275 3163 ι
2300 3112 2401 3180 Qui
2426 3112 2710 3182 Spiritum,
2739 3115 2933 3186 inquit,
2963 3117 3053 3171 Dei
3087 3127 3342 3174 sanctum
3387 3121 3483 3174 ba-

233 3177 389 3272 άγιον
416 3204 529 3274 ἔχει
556 3177 839 3277 ἐν’ἐαυτῷ.
870 3224 888 3258 ι
921 3207 1032 3261 Καὶ
1069 3177 1228 3262 τοῦτο
1255 3209 1312 3262 δὲ
1336 3177 1400 3264 ἐκ
1432 3211 1530 3279 τῆς
1551 3177 1643 3264 τοῦ
1672 3228 1804 3282 προ-

1911 3200 1999 3258 bet
2024 3202 2083 3259 in
2096 3202 2170 3257 sei
2180 3217 2296 3273 ps0.
2324 3177 2343 3253 ἱ
2371 3202 2436 3257 Et
2460 3177 2563 3260 hoc
2583 3219 2800 3275 quoque
2813 3177 2899 3260 ἐκ
2922 3177 3206 3277 propheta:
3232 3209 3482 3265 doetrina

237 3297 409 3367 φήτου
437 3296 785 3362 διδασκαλίας
817 3299 1239 3370 μεμαθήκαμεν.
1273 3301 1442 3355 Πόθεν
1471 3302 1579 3374 γὰρ
1604 3303 1805 3373 ἑτέρω-

237 3387 332 3441 θεν
358 3386 586 3455 ὲγνώκει
621 3388 715 3441 τοῦ
749 3390 1017 3457 παναγίου
1058 3390 1373 3461 Πνεύματος
1406 3392 1504 3463 τὴν
1533 3409 1807 3464 προσηγο-

234 3476 358 3543 ρίαν
393 3480 502 3541 τοῖς
534 3478 808 3548 κιϐδήλοις
827 3479 1064 3543 εἰδώλοις
1096 3480 1524 3551 προστετηκὼς;
1565 3502 1584 3534 ‹
1617 3483 1724 3537 Kal
1745 3483 1807 3536 τὸ

233 3568 509 3634 ἐνύπνιον,
556 3572 740 3640 φησιν,
775 3571 1003 3625 ἐνώπιον
1040 3572 1200 3626 αὑτοῦ
1235 3570 1406 3630 εἷπον.
1463 3593 1483 3626 ι
1542 3571 1709 3629 Εἶπον
1748 3575 1807 3628 δὲ

231 3658 407 3723 οὕτως
436 3661 741 3732 ἀρξάμενος
763 3678 775 3693 ο

303 3756 380 3815 ς’,
408 3749 474 3815 ζ’.
526 3767 548 3803 ι
594 3751 899 3824 Βαλτάσαρ,
956 3756 985 3807 ό
1036 3754 1218 3825 ἄρχων
1268 3753 1376 3807 τῶν
1417 3755 1702 3821 ἐπαοιδῶν,
1747 3754 1808 3811 δν

231 3837 346 3906 ἐγὼ
386 3839 436 3871 ⁸⁵
463 3837 654 3908 ἔγνων,
686 3840 768 3893 ὅτι
806 3839 1029 3910 Πνεῦμα
1059 3843 1101 3874 ¹⁸
1133 3842 1288 3912 ἅγιον
1327 3844 1384 3897 ὲν
1437 3845 1540 3909 col,
1570 3845 1665 3898 καί
1697 3847 1806 3899 πᾶν

234 3934 536 4002 μυστήριον
578 3931 679 3985 οὐκ
738 3932 989 3987 ἀδυνατεῖ
1012 3933 1054 3966 ί⁶
1084 3951 1185 3999 σοι,
1221 3934 1454 3989 ἄκουσον
1487 3935 1587 4006 τὴν
1614 3936 1805 4007 ὅρασιν

231 4022 325 4077 τοῦ
369 4023 624 4077 ἐνυπνίου
659 4023 724 4088 ¹⁷,
774 4018 833 4078 οῦ
863 4022 1023 4090 εἶδον,
1056 4027 1151 4080 καὶ
1193 4026 1290 4096 τὴν
1325 4027 1612 4099 σύγκρισιν
1638 4028 1803 4082 αὑτοῦ

230 4115 352 4168 εἰπέ
381 4116 425 4146 ³⁸
451 4130 561 4185 μοι.
599 4117 709 4170 Kal
745 4119 803 4170 αἰ
844 4118 885 4150 ¹⁹
917 4118 1136 4189 ὁράσεις
1159 4121 1257 4189 τῆς
1298 4119 1539 4190 κεφαλῆς
1572 4137 1671 4191 μου
1709 4121 1804 4173 ἐπὶ

227 4207 326 4275 τῆς
355 4203 547 4275 κλίνης
567 4205 614 4236 ¹⁰
646 4222 770 4275 μου.
796 4225 815 4257 ι
849 4207 987 4269 Τοὺς
1016 4205 1242 4271 πολλοὺς
1275 4208 1385 4261 τῶν
1411 4208 1713 4279 ἀνθρώπων
1748 4212 1801 4264 αἱ

228 4293 525 4365 εὐημερίαι
565 4294 823 4359 πολλάκις
863 4297 1316 4351 ἐπιλανθάνεσθαι
1355 4296 1464 4352 τῶν
1504 4299 1800 4370 εὐεργετη-

230 4386 441 4439 σάντων
467 4388 996 4456 παρασκευάζουσιν,
1024 4390 1079 4442 αἱ
1105 4389 1163 4443 δὲ
1193 4392 1375 4461 χρεῖαι
1407 4390 1799 4445 ἀνακαλοῦνται

1908 3292 2217 3348 didicimus.
2260 3293 2514 3364 Alioquin
2546 3295 2690 3350 enim
2720 3295 2862 3352 unde
2893 3313 3225 3369 cognoscere
3261 3303 3478 3371 potuis-

1908 3392 1992 3439 set
2026 3384 2360 3440 sanctissimi
2398 3384 2632 3455 Spiritus
2653 3388 3089 3457 appellationem,
3132 3392 3222 3461 qui
3261 3394 3473 3450 adulte-

1907 3477 2043 3533 rinis
2073 3478 2209 3534 adeo
2241 3479 2490 3535 addictus
2527 3487 2645 3533 erat
2670 3479 3055 3538 simulacrisit
3084 3484 3152 3538 Et
3183 3487 3476 3553 somnium,

1909 3573 2106 3644 inquit,
2146 3588 2331 3629 coram
2373 3590 2440 3630 eo
2477 3575 2612 3629 dixi.
2642 3593 2661 3627 ι
2700 3575 2878 3646 Atque
2912 3577 2986 3631 ita
3024 3592 3255 3637 exorsus
3299 3581 3415 3637 dixi
3461 3603 3475 3638 :

1978 3751 2126 3808 Vnus
2145 3751 2199 3820 6,
2216 3752 2246 3803 7
2267 3752 2586 3819 .tBaltasar,
2604 3752 2856 3823 princeps
2877 3753 3295 3823 ineantatorum,
3315 3773 3478 3829 quem

1906 3857 2006 3912 ego
2037 3843 2266 3913 cognovi
2296 3841 2558 3912 Spiritum
2595 3851 2844 3897 sanctum
2882 3844 2937 3898 in
2972 3851 3024 3900 te
3041 3860 3185 3911 esse,
3217 3856 3271 3903 et
3314 3864 3479 3904 omne

1907 3932 2223 4003 mysterium
2267 3946 2376 3985 non
2394 3931 2870 4001 esseimpossibile
2898 3933 3014 4001 tibi,
3055 3938 3181 3991 audi
3216 3938 3476 3995 visionem

1905 4023 2103 4079 somnii
2158 4023 2305 4093 quod
2366 4024 2510 4087 vidi,
2553 4031 2609 4079 et
2659 4025 3163 4095 interpretationem
3211 4029 3333 4098 ejus
3390 4032 3478 4086 (lie

1906 4113 2059 4169 mihi.
2096 4115 2162 4168 Et
2199 4114 2437 4170 visiones
2454 4115 2651 4184 capitis
2670 4115 2773 4170 mei
2810 4115 2862 4169 in
2901 4117 3067 4171 cubili
3089 4132 3228 4172 meo.
3254 4137 3272 4170 ι
3307 4117 3478 4175 Pleri-

1903 4219 2007 4273 que
2035 4204 2337 4269 hoiuinum,
2380 4205 2425 4260 si
2458 4219 2719 4273 prospero
2758 4219 3013 4260 successu
3049 4208 3304 4277 gaudent,
3338 4209 3475 4264 bene

1903 4294 1970 4348 tle
2014 4309 2072 4348 se
2121 4295 2439 4348 meritorum
2479 4292 2913 4348 obliviscuntur:
2951 4296 3309 4349 necessitates
3345 4312 3473 4351 vero

1902 4388 2100 4457 quibus
2130 4394 2470 4456 premuntur,
2503 4402 2599 4440 eos
2627 4385 2732 4439 illis
2762 4386 2817 4439 in
2851 4386 3168 4440 memoriam
3192 4397 3471 4454 revocant,

225 4478 336 4530 τῶν
388 4474 449 4531 εὖ
510 4482 887 4548 πεποιηκότων
940 4481 1039 4549 τὴν
1089 4481 1332 4550 μνήμην.
1381 4480 1491 4533 Kal
1544 4481 1799 4543 ὑγιαίνων

1911 4478 1995 4546 qui
2019 4476 2278 4531 beneficia
2302 4475 2671 4530 contulerunt.
2707 4475 2768 4526 Et
2802 4490 2924 4528 cum
2950 4475 3145 4546 aliquis
3170 4480 3187 4498 ‘
3212 4492 3472 4547 prospera

230 4569 329 4639 μέν
358 4586 442 4632 τις
476 4568 537 4622 τὸ
570 4568 752 4638 σῶμα,
781 4571 881 4640 τῆς
912 4569 1005 4623 τοῦ
1050 4570 1235 4641 ἰατροῦ
1264 4572 1460 4641 τέχνης
1493 4570 1555 4623 οὐ
1594 4570 1799 4640 λοιμὸά-

225 4676 308 4711 νει
341 4660 442 4728 τὴν
464 4659 688 4730 μνήμην
706 4677 719 4690 ο
747 4661 1028 4732 ἀρρωστίᾳ
1051 4661 1107 4714 δὲ
1135 4662 1467 4733 περιπεσὼν,
1499 4661 1799 4732 ἀναμιμνή-

227 4767 440 4815 σκεται,
486 4751 562 4815 ὠς
601 4751 696 4804 καὶ
745 4751 845 4822 ήδη
899 4751 1161 4823 πρότερον
1200 4752 1357 4805 τοῦτο
1393 4750 1581 4805 παθὼν
1637 4752 1725 4805 διὰ
1753 4751 1798 4783 ⁸³

222 4842 316 4895 τοῦ
364 4841 534 4905 δεῖνος
564 4841 658 4895 τοῦ
694 4841 880 4912 ἰατροῦ
917 4842 1017 4912 τῆς
1054 4842 1241 4910 ὑγείας
1276 4842 1620 4911 ἀπήλαυσενο
1659 4840 1802 4895 οὕτω

223 4930 318 4983 καὶ
347 4932 376 4983 ὁ
407 4928 902 5001 Ναϐουχοδονόσορ,
934 4930 1097 5000 ἡνίκα
1133 4930 1232 5000 μὲν
1257 4931 1381 4992 τοὺς
1427 4930 1612 4997 ἁγίους
1655 4930 1799 4982 ὲκεί-

223 5036 349 5082 νους
375 5022 438 5092 τῇ
465 5023 616 5092 πυρᾷ
646 5021 957 5092 παρεδίδου,
990 5020 1091 5090 τῆς
1120 5019 1212 5074 τοῦ
1251 5021 1450 5090 Δανιὴλ
1476 5021 1798 5093 εὐεργεσίας

222 5107 325 5158 οὐκ
362 5107 790 5179 ἐμνημόνευσεν·
832 5108 1019 5179 ἐπειδὴ
1071 5109 1127 5162 δὲ
1165 5109 1326 5161 πάλιν
1355 5104 1492 5163 εἶδεν
1525 5109 1792 5170 ἐνύπνιον,

1906 4566 2149 4637 corporis
2180 4567 2351 4620 utitur
2375 4566 2701 4630 valetudine,
2730 4565 2954 4620 medicae
2979 4567 3113 4623 artis
3144 4568 3365 4623 minime
3383 4584 3469 4623 re—

1907 4657 2165 4712 cordatur
2199 4672 2213 4708 :
2242 4669 2365 4709 cum
2394 4669 2523 4710 vero
2544 4654 2599 4708 in
2623 4654 2867 4710 morbum
2900 4655 3177 4722 inciderit,
3200 4660 3466 4713 memoria

1910 4747 2125 4817 repetit,
2141 4760 2221 4812 se,
2247 4759 2368 4798 cum
2391 4743 2540 4814 prius
2568 4744 2730 4797 etiam
2751 4742 2941 4798 eodem
2959 4746 3146 4800 morbo
3171 4745 3466 4809 laboraret,

1910 4837 2143 4906 alicujus
2166 4836 2360 4891 medici
2380 4850 2479 4906 ope
2498 4834 2761 4889 refectum
2783 4840 2837 4888 et
2864 4834 3040 4890 salute
3059 4836 3286 4904 potitum
3307 4851 3430 4892 esse
3450 4855 3465 4891 :

1909 4929 1980 4981 ita
2018 4928 2179 4982 etiam
2222 4925 2747 4987 Nabuchodonosor,
2765 4924 2983 4994 quando
3021 4924 3230 4998 1143
3245 4936 3468 4981 sanctos

1906 5020 2024 5072 illos
2055 5017 2107 5071 in
2137 5034 2321 5088 pyram
2351 5016 2697 5086 conjiciebat,
2722 5014 2970 5071 beneﬁcii
3000 5018 3143 5086 quod
3184 5032 3214 5070 a
3252 5015 3471 5073 Daniele

1905 5117 2188 5179 acceperat
2224 5124 2327 5162 non
2364 5107 2639 5171 meminit;
2682 5107 2774 5161 sed
2810 5122 2932 5161 cum
2959 5107 3156 5163 iterum
3192 5102 3466 5164 somnium

1516 5283 1749 5339 VARIAE
1792 5281 2199 5337 LECTIONES.

293 5414 315 5445 ⁸
349 5414 478 5485 ἁρκ.
511 5414 592 5474 εἰς

223 5481 295 5537 δέ.
389 5480 430 5507 ”
461 5486 554 5535 ἐπ.
592 5484 629 5532 A
672 5488 724 5535 et
774 5480 814 5532 Β
854 5495 1038 5549 prtem.
1079 5482 1149 5533 οἰ.

630 5428 814 5496 μαρτλ
834 5409 958 5465 Des.
986 5411 1037 5464 in
1066 5410 1125 5496 Β.
1203 5413 1222 5442 ³
1262 5413 1357 5496 ἐν..
1382 5415 1423 5468 Β
1456 5432 1638 5483 praem.
1679 5418 1782 5496 ὅτι.
1860 5415 1882 5444 ⁸
1909 5410 2020 5466 οὖν.
2129 5413 2223 5494 ζον.
2261 5483 2281 5496 _
2308 5415 2346 5496 ..⁸
2383 5414 2476 5467 καὶ
2507 5444 2583 5496 -Δ
2614 5414 2768 5496 πᾶσι.
2812 5413 2934 5496 Des;

1257 5484 1277 5512 ⁸
1308 5481 1416 5538 εϊπ.
1457 5481 1510 5539 In
1558 5488 1595 5539 ll
1627 5486 1847 5554 ponitur
1885 5497 2005 5552 poet
2054 5481 2182 5549 ἐγώ.
2261 5483 2281 5512 ⁹
2308 5483 2411 5545 ἓως
2451 5514 2519 5524 --
2560 5484 2774 5552 Δανιὴλ.
2822 5484 2865 5534 Δ
2904 5481 3016 5554 ἕως

2325 5415 2346 5445 ⁸
2383 5414 2476 5467 καὶ
2507 5444 2570 5453 -
2614 5414 2768 5468 πᾶσι.
2812 5413 2931 5465 Des.
2977 5411 3029 5464 in
3057 5413 3121 5481 ᾼ.
3201 5415 3219 5444 ⁸
3252 5413 3380 5481 γάρ.
3427 5411 3463 5463 Β

3066 5477 3195 5550 ἦλθε
3247 5477 3458 5549 Δανιήλ.

226 5552 266 5584 ¹⁰
294 5553 451 5609 Θεοῦ.
498 5551 625 5624 Des.
665 5549 997 5624 itt_B_tex_tus
1026 5550 1219 5624 Chaltl.
1265 5554 1446 5617 habet,
1485 5549 1721 5624 Spiritus
1750 5549 1974 5607 deorum
1994 5560 2343 5624 sanctorum.
2370 5556 2446 5605 lta
2475 5549 2866 5624 quoqueverg.
2895 5551 2944 5602 6.
2990 5619 3001 5624 _
3026 5552 3067 5624 ¹ξ
3094 5549 3227 5624 περ.
3261 5551 3299 5601 Β
3334 5551 3458 5624 add.

216 5624 489 5688 τέθεικεν;
571 5621 613 5652 ¹²
646 5620 755 5671 ούδ.
799 5620 852 5671 In
903 5620 939 5672 Β
984 5623 1205 5687 ponitur
1263 5635 1384 5688 post
1422 5620 1579 5686 ὅλως.

1658 5627 1700 5655 ¹³
1740 5625 1780 5674 B
1819 5622 2171 5693 προτίθησιν.
2241 5624 2282 5653 ¹³
2310 5622 2367 5674 ὃν
2410 5618 2536 5685 ἐγὼ.
2581 5618 2703 5676 Des.
2738 5619 3002 5693 iniBLSOd
3040 5619 3079 5669 Α
3123 5618 3284 5693 habet
3331 5618 3458 5693 ἐγώ·

519 5689 646 5743 add.
673 5688 827 5740 Θεοῦ.
910 5690 951 5720 ¹⁶
985 5672 1022 5740 λ
1061 5672 1400 5761 ἀδυνατήσξί.
1430 5672 1641 5749 ⁷λῖτέν.
1689 5694 1728 5746 Α
1773 5672 1895 5745 ad...
1936 5672 2057 5761 μουί
2138 5692 2240 5744 "‘A
2267 5704 2317 5744 et
2353 5693 2406 5744 li.
2446 5672 2609 5746 Ξίπόν.
2696 5695 2734 5722 ¹⁹
2763 5692 2838 5743 αἱ.
2871 5688 2908 5737 Β
2933 5687 3045 5747 τὰς.
3126 5688 3169 5716 ’⁸
3215 5686 3297 5741 κλ-
3338 5687 3380 5739 Α
3411 5698 3462 5739 υι

214 5762 257 5821 Β
292 5762 513 5831 κοίτης.
596 5759 638 5791 ²¹
669 5758 775 5811 διά.
819 5758 859 5811 Β
886 5774 1068 5829 pirum.
1115 5761 1227 5811 καί.
