3898 6208
268 342 397 409 1361

1446 351 1529 413 IN
1586 352 1944 417 DANIELIS
1997 359 2155 422 CAP.
2188 362 2280 425 IV.

3334 374 3339 377 '
3385 357 3518 421 136?.

333 463 424 512 ια’·
465 475 486 510 ⁶
524 459 635 525 ἶ(ᾳῖ
666 459 944 532 ἒφὼνησεν
969 462 1027 516 ιν
1064 462 1229 533 ἰσχύϊ,
1264 465 1358 518 καὶ
1389 465 1562 529 οὕτως
1587 465 1793 521 einen"
1818 487 1832 500 -

2015 472 2181 529 \‘sns.
2210 475 2297 529 11.
2327 493 2345 525 ι
2377 471 2713 529 Etclamavit
2736 472 2787 527 in
2813 469 3156 538 fortitudine,
3178 480 3230 527 et
3259 472 3331 526 ita
3354 474 3518 527 dixit:

273 546 578 618 Ἐκκόψατε
623 550 684 604 τὺ
730 549 969 624 δένδρον,
1019 554 1114 609 καὶ
1143 555 1393 609 ἐκτίλατε
1429 556 1557 620 τοὺς
1608 558 1836 622 κλάδους

261 639 450 703 αὐτοῦ,
474 640 570 695 καὶ
592 643 906 709 ἐκτινάξατε
929 645 998 699 τὰ
1014 645 1187 713 φύλλα
1210 645 1375 700 αὐτοῦ
1395 645 1438 680 ³⁸
1468 648 1562 702 καὶ
1590 647 1843 719 διασκορ-

261 732 461 787 πίσατε
498 734 591 787 τὸν
644 735 858 806 καρπὸν
898 736 1084 791 αὐτοῦ.
1129 755 1150 789 ι
1187 738 1299 791 Καὶ
1337 738 1529 807 βλέπει
1595 739 1692 809 μὲν
1746 740 1840 793 τὸν

259 824 491 893 ἄγγελον
536 825 634 880 ἀπ’
678 826 909 896 ούρανοῦ
946 827 1387 897 καταδεῦηκότα.
1428 829 1516 883 ενα
1564 828 1732 902 μάθῃ.
1766 829 1842 893 ὡς

259 917 424 979 αὐτὸς
451 918 480 970 ό
502 916 614 969 τῶν
633 917 773 971 ὅλων
801 918 1079 990 Δεσπότης
1128 918 1226 989 τὴν
1275 920 1394 973 κατ’
1422 918 1590 972 αὑτοῦ
1625 920 1842 989 ἀπόφα-

260 1026 348 1062 σιν
405 1009 719 1080 ἐποιήσατο.
780 1009 1102 1063 Διδάσκεται
1154 1009 1212 1062 δὲ
1262 1010 1358 1063 καὶ
1400 1010 1484 1073 τίς
1536 1010 1564 1061 ὁ
1595 1002 1843 1073 δεδωκὼς

259 1099 412 1171 αὐτῷ
441 1099 543 1170 τὴν
564 1099 864 1170 βασιλείαν,
886 1099 980 1152 καὶ
997 1100 1389 1170 ἀποτιθέμενος
1417 1102 1514 1171 τὴν
1539 1100 1840 1170 βασιλείαν·

258 1190 365 1262 δρᾷ
392 1191 502 1261 γὰρ
532 1190 591 1244 τὺ
618 1191 714 1261 μὲν
736 1190 950 1262 δένδρον
1003 1191 1419 1262 ὲκτεμνόμενον,
1443 1190 1584 1257 τοὺς
1616 1191 1672 1244 δὲ
1699 1192 1844 1245 κλά-

260 1282 411 1349 δους
434 1282 888 1353 χωριζὸμένους,
924 1282 1188 1345 τουτέστι.
1218 1284 1346 1347 τοὺς
1400 1283 1697 1353 ὑπάρχους,
1749 1283 1844 1337 κει)⁸

259 1375 388 1438 τοὺς
410 1376 769 1446 στρατηγοὺς,
797 1376 892 1428 καὶ
911 1374 1218 1445 σατράπας,
1253 1375 1348 1428 καὶ
1385 1376 1508 1437 τοὺς
1534 1374 1699 1446 ἄλλην
1724 1374 1845 1428 τινὰ

259 1468 562 1536 ἡγεμονίαν
584 1466 715 1537 παρ’
737 1466 901 1521 αὐτοῦ
935 1467 1403 1536 πεπιστευμένους
1426 1483 1437 1497 ο
1466 1465 1535 1518 τὰ
1563 1465 1619 1518 δὲ
1640 1466 1845 1534 φύλλα

259 1559 749 1628 ἑκτινασσόμενιιλ
805 1559 853 1591 ³³
912 1558 983 1630 ἢν
1030 1557 1420 1630 πριεὸέὸλητο
1491 1555 1651 1622 δόξαν
1687 1556 1843 1625 δίκην

262 1650 478 1720 φύλλων
523 1650 819 1721 ὲκρέουσάν
883 1667 943 1703 τε
990 1650 1085 1702 καὶ
1143 1648 1549 1722 μαραινομένην
1573 1663 1586 1676 ο
1645 1648 1753 1702 τὸν
1785 1648 1843 1700 δὲ

262 1740 494 1809 καρπὸν
565 1739 1170 1810 διασκορπιζόμενονθ
1229 1738 1324 1793 τοῦ
1395 1739 1504 1811 γὰρ
1579 1739 1843 1811 βασιλέως

261 1829 446 1902 ἐκείνῃ
498 1829 888 1898 περιπεσόντος
950 1830 1017 1898 τῇ
1074 1830 1349 1901 συμφορᾷ,
1394 1830 1443 1882 οἱ
1492 1828 1583 1883 τὸν
1636 1828 1841 1897 δασμὸν

1957 1833 2356 1888 :onvertebant.
2421 1853 2440 1886 ι
2472 1834 2932 1891 Commoveantur
2961 1877 2976 1901 ,

263 1921 625 1985 ἀπαιτοῦντες
677 1923 756 1984 είς
816 1922 1042 1984 ἑαυτοὺς
1100 1921 1285 1974 λοιπὸν
1337 1920 1510 1985 ἀδεῶς
1558 1920 1622 1973 τὸ
1655 1920 1846 1992 κέρδος

263 2011 646 2084 παρέπεμπον.
688 2031 706 2063 ι
745 2012 1065 2084 Σαλευθήτω
1112 2013 1180 2078 ³³,
1211 2012 1366 2082 φησὶ,
1421 2012 1490 2066 τὰ
1522 2011 1687 2083 θηρία
1721 2012 1848 2065 ὑποο

262 2101 509 2157 κάτωθεν
539 2102 727 2169 αὐτοῦ,
744 2104 839 2156 καὶ
854 2102 922 2156 τὰ
950 2103 1114 2173 ὄρνεα
1137 2102 1243 2156 ἀπὸ
1261 2101 1368 2155 τῶν
1393 2101 1602 2156 κλάδων
1619 2101 1803 2155 αὐτοῦ.
1820 2119 1838 2151 ι

261 2194 325 2246 Οί
342 2192 453 2264 γὰρ
474 2192 628 2265 παρά
659 2192 884 2263 γνώμην
911 2192 1181 2246 δουλεύειν
1216 2192 1648 2263 ἠναγκασμένοι,
1673 2192 1846 2263 ἀφορ-

266 2284 373 2356 μὴν
398 2285 650 2356 εὑρόντες
701 2284 799 2356 τὴν
833 2284 929 2339 τοῦ
958 2284 1221 2356 βασιλέως
1263 2284 1586 2356 μεταϐολὴν,
1607 2283 1700 2337 τοῦ
1740 2284 1845 2338 ὑπ·-

263 2377 483 2431 ακοῠειν
515 2377 857 2448 ἀπέστησαν.

337 2490 421 2560 ιβ’.
467 2509 486 2541 ι
515 2490 663 2562 Πλὴν
700 2489 797 2561 τὴν
843 2490 986 2561 φυὴν
1035 2489 1145 2543 τῶν
1205 2488 1368 2562 ῥιζῶν
1396 2490 1561 2544 αὐτοῦ
1586 2493 1643 2545 ἐν
1675 2493 1740 2563 τῇ
1774 2493 1844 2564 γῇ

264 2580 461 2634 ἒάσατε
482 2597 495 2610 '
528 2583 621 2635 καὶ
643 2585 699 2635 ὲν
726 2580 931 2651 δεσμῷ,
966 2583 1120 2651 φησὶ,
1148 2581 1351 2652 σιδηρῷ
1380 2583 1474 2635 καὶ
1514 2583 1721 2652 χαλκῷ,
1753 2584 1848 2636 καὶ

264 2671 324 2724 ιν
348 2673 416 2742 τῇ
448 2672 580 2743 χλόῃ
618 2674 684 2742 τῇ
713 2671 836 2735 ἔξω,
869 2672 962 2725 καὶ
995 2673 1053 2723 ὲν
1080 2674 1149 2743 τῇ
1180 2672 1354 2743 δρόσῳ
1381 2672 1473 2725 τοῦ
1492 2673 1722 2742 ούρανοῦ
1750 2673 1849 2725 αὐ-

265 2763 608 2835 λισθήσεται.
648 2782 667 2815 ι
717 2763 804 2825 Ὠς
856 2761 967 2831 γὰρ
1019 2762 1454 2832 φρενοδλαϐείᾳ,
1517 2764 1612 2816 καὶ
1665 2780 1847 2833 παρα-

267 2850 490 2922 πληξίᾳ.
521 2851 615 2903 καὶ
655 2849 915 2921 φρενίτιδι
976 2851 1115 2920 νόσῳ
1171 2852 1502 2924 περιπεσὼν,
1536 2852 1629 2906 καὶ
1672 2868 1849 2923 μεμη-

268 2943 395 3007 νὼς,
424 2944 520 2996 καὶ
579 2942 972 3013 κορυϐαντιῶν,
1024 2944 1116 2996 καὶ
1172 2942 1313 2996 κατὰ
1350 2943 1569 2996 πάντων
1612 2943 1844 3010 λυττῶν,

269 3035 585 3104 ἀναγκαίως
600 3034 775 3106 δεσμὰ
810 3036 1117 3107 περιέκειτο
1141 3052 1155 3065 ⁸
1214 3034 1330 3088 ἀλλ’
1359 3036 1510 3106 ὅμως
1533 3037 1651 3088 οὐδὲ
1674 3036 1848 3089 ταῦτα

266 3123 336 3199 ἧν
376 3127 539 3181 ἱκανὰ
561 3126 708 3180 ἔνδον
768 3127 930 3181 αὐτὸν
986 3127 1239 3198 κατέχειν
1267 3143 1282 3159 ’
1315 3128 1449 3181 ἀλλὰ
1499 3127 1849 3199 δραπετεύων

1942 563 2265 622 Exscindite
2322 566 2597 628 arborem,
2630 572 2685 620 et
2741 565 2959 620 evellite
3023 580 3207 621 ramos
3266 564 3407 634 ejus,
3468 573 3522 618 et

1941 657 2178 711 exeutite
2215 655 2342 710 folia
2381 656 2518 723 ejus,
2551 663 2606 710 et
2635 656 2934 727 dispergite
2970 654 3208 711 fructum
3243 655 3381 724 ejus.
3408 673 3427 706 ι
3459 655 3526 708 Et

1944 747 2090 801 videt
2135 747 2391 816 angelum
2407 748 2500 816 qni
2538 747 2605 801 de
2647 747 2789 802 coelo
2826 746 3132 809 descendit,
3162 753 3222 800 ut
3261 745 3519 808 disceret,

1896 884 1900 887 .
1942 836 2186 892 omnium
2220 853 2398 892 rerum
2436 836 2645 908 115.5
2677 837 2964 892 Dominum
3012 838 3189 904 ipsum
3212 851 3334 891 esse
3360 852 3518 917 quem

1939 923 2051 994 jam
2083 936 2344 997 expertus
2375 935 2493 981 erat
2515 928 2775 996 judicem.
2807 927 3041 983 Docetur
3076 936 3255 982 autem
3283 943 3521 996 quoque,

1944 1017 2199 1073 amittens
2229 1034 2478 1088 regnum,
2514 1019 2638 1089 quis
2664 1020 2714 1076 ei
2758 1034 2984 1091 regnum
3029 1019 3336 1075 tradiderit.
3369 1018 3525 1074 Videt

1944 1106 2087 1160 enim
2114 1107 2363 1163 arborem
2392 1110 2634 1164 excisam
2661 1119 2715 1166 et
2741 1128 2920 1166 ramos
2955 1120 3253 1180 separatos,
3285 1111 3386 1166 hoc
3416 1118 3520 1171 est.

1946 1192 2224 1264 principes
2262 1204 2317 1250 et
2348 1196 2653 1267 praefectos,
2708 1209 2761 1253 et
2788 1206 3060 1270 satrapas,
3088 1208 3142 1253 et
3166 1199 3288 1254 illos
3323 1198 3524 1268 quibus

1945 1282 2148 1353 aliquis
2182 1285 2322 1341 alius
2359 1288 2709 1357 magistratus
2758 1289 2827 1345 ab
2864 1305 2930 1345 eo
2982 1290 3274 1346 mandatus
3324 1288 3520 1351 fuerat;

1944 1373 2077 1442 folia
2115 1383 2297 1431 autem
2327 1393 2571 1444 excussa,
2606 1394 2769 1449 quam
2815 1380 2920 1435 sibi
2958 1381 3187 1451 gloriam
3230 1396 3518 1451 compara-

1944 1472 2118 1530 verat,
2173 1466 2428 1524 foliorutn
2479 1470 2652 1524 instar
2698 1470 2954 1527 fluentem
3005 1479 3060 1527 et
3110 1473 3519 1537 tabescentem;

1946 1556 2180 1624 fructum
2226 1574 2356 1614 vero
2400 1559 2716 1626 dispersum,
2759 1563 2889 1633 quia
2936 1578 3058 1617 eum
3114 1578 3206 1618 rex
3257 1563 3312 1618 in
3374 1562 3522 1617 illam

1946 1647 2314 1704 calamitatem
2365 1650 2668 1718 incidisset,
2702 1653 2935 1708 ministri
2971 1652 3063 1722 qui
3111 1653 3372 1707 tributum
3403 1652 3523 1706 exi-

1947 1740 2171 1812 gebant,
2188 1741 2271 1811 ad
2294 1742 2508 1813 seipsos
2530 1744 2596 1799 tle
2626 1745 2836 1814 reliquo
2863 1746 2983 1800 sine
2999 1745 3114 1799 ullo
3135 1752 3283 1800 metu
3309 1744 3521 1801 luerunt

3052 1836 3262 1907 inquit,
3337 1835 3525 1891 bestiae

1949 1924 2141 1979 subter
2177 1940 2318 1993 eam,
2367 1936 2419 1981 et
2449 1941 2578 1983 aves
2626 1926 2694 1981 de
2746 1928 2915 1983 ramis
2982 1927 3123 1997 ejus.
3153 1946 3170 1980 ι
3226 1926 3328 1992 Qui
3377 1925 3521 1981 enim

1947 2026 2145 2087 praeter
2174 2019 2513 2073 voluntatem
2536 2019 2587 2073 ei
2607 2021 2812 2075 servire
2843 2022 3019 2075 coacti
3042 2021 3274 2086 fuerant,
3304 2021 3525 2074 inventa

1948 2108 2244 2166 occasione
2293 2111 2441 2182 regis
2467 2112 2795 2178 mutatione,
2823 2112 2892 2167 ab
2948 2112 3068 2184 ejus
3093 2113 3322 2184 imperio
3352 2111 3528 2168 desci-

1947 2210 2164 2259 verunt.

2021 2484 2188 2542 Vsus.
2228 2486 2318 2541 12.
2354 2505 2374 2538 ι
2412 2486 2814 2545 Verumtamen
2845 2507 3068 2562 germen
3112 2493 3361 2548 radicum
3404 2495 3527 2564 ejus

1950 2575 2005 2630 in
2041 2585 2189 2630 terra
2225 2577 2390 2632 sinite
2416 2619 2430 2643 ,
2472 2586 2526 2633 et
2569 2580 2622 2632 in
2666 2581 2892 2633 vinculo
2915 2619 2928 2643 ,
2956 2580 3139 2651 inquit
3167 2621 3181 2642 ,
3216 2579 3399 2635 ferreo
3423 2618 3437 2643 ,
3470 2589 3527 2635 et

1948 2682 2091 2722 aereo
2115 2706 2130 2733 ,
2165 2675 2221 2720 et
2257 2668 2310 2722 in
2339 2670 2513 2725 herba
2542 2686 2667 2740 qua:
2704 2671 2839 2727 foris
2868 2679 2989 2738 est,
3038 2680 3092 2726 et
3134 2672 3189 2726 itt
3233 2689 3360 2727 rore
3398 2674 3525 2728 cmi:

1950 2760 2322 2830 pernoctabit.
2350 2781 2368 2814 ι
2418 2762 2578 2818 Velut
2607 2764 2755 2817 enim
2788 2764 2881 2833 qui
2921 2763 3212 2819 dementiae
3263 2774 3317 2820 et
3373 2767 3525 2820 insa~

1950 2848 2054 2903 nia:
2115 2864 2180 2903 ac
2214 2851 2533 2918 phrenetico
2568 2851 2761 2905 morbo
2790 2861 3079 2921 correptus
3100 2859 3239 2916 erat,
3273 2859 3325 2905 et
3356 2850 3527 2921 Cory-

1951 2942 2181 2996 bantum
2219 2958 2371 2997 more
2402 2942 2588 2998 furore
2629 2945 2892 3015 agitatus,
2925 2954 3118 2998 contra
3155 2959 3347 3005 omnes,
3376 2944 3528 2997 rabie

1952 3033 2263 3089 insaniebat
2285 3077 2299 3102 ,
2344 3036 2658 3092 necessario
2679 3036 2918 3091 vinculis
2939 3037 3277 3092 constrictus
3306 3036 3483 3090 fuerat
3511 3058 3523 3091 :

1953 3140 2073 3194 qua:
2111 3133 2294 3181 tamen
2351 3127 2494 3180 haud
2543 3127 2740 3181 idonea
2784 3135 2984 3192 erant,
3044 3135 3104 3181 ut
3152 3128 3333 3197 ipsum
3379 3127 3528 3181 intus

269 3219 328 3269 ὲν
358 3218 587 3289 ἐρήμοις
636 3217 938 3289 διέτριϐεν,
986 3218 1272 3288 ὑπαίθριος
1317 3218 1700 3290 ταλαιπωρῶν,
1755 3220 1846 3273 καὶ

1957 3214 2321 3284 detinerent,
2389 3218 2486 3273 sed
2544 3219 2910 3289 vagabundus
2971 3218 3207 3274 desertis
3269 3220 3324 3271 in
3390 3219 3527 3273 locis

271 3308 485 3376 κτηνῶν
505 3307 662 3378 δίκην
691 3309 791 3379 τὴν
847 3309 983 3362 πόαν
1018 3308 1354 3379 σιτούμενος.
1404 3310 1575 3365 Τοῦτο
1616 3313 1724 3381 γὰρ
1757 3326 1851 3381 ση-

275 3399 454 3470 μαίνει
476 3399 713 3472 είρηκώς
740 3416 753 3431 ο

344 3620 364 3653 ι
428 3603 543 3656 Καὶ
605 3601 746 3673 μετά
796 3602 901 3656 τῶν
956 3601 1232 3673 θηρίωνὴ
1295 3603 1451 3672 μερὶς
1521 3602 1717 3655 αὐτοῦ’
1791 3602 1850 3655 ὲν

270 3692 347 3765 τῷ
375 3694 554 3766 χόρτῳ
600 3695 699 3765 τῆς
741 3696 841 3764 γῆς
868 3695 901 3765 ὴ
935 3693 1128 3765 καρδία
1167 3695 1212 3726 ³⁵
1242 3694 1405 3747 αὑτοῦ
1427 3711 1440 3724 ·
1472 3692 1580 3747 ἀπὸ
1608 3694 1716 3746 τῶν
1756 3694 1850 3748 ἀν-

272 3781 507 3852 θρώπων
526 3783 1118 3857 ἀλλοιωθήσεται.(ιγ’.)
1144 3785 1249 3837 Καὶ
1270 3785 1463 3855 καρδία
1483 3785 1669 3855 θηρίου
1688 3785 1849 3857 δοθή-

274 3892 428 3929 σεται
457 3874 627 3946 αύτῷ,
655 3877 750 3929 καὶ
803 3876 942 3930 ὲπτά
992 3878 1176 3946 καιροὶ
1210 3875 1604 3947 ἀλλαγήσονται
1638 3877 1722 3929 ἐπ’
1748 3877 1849 3929 αύ-

270 3965 383 4019 τόν.
427 3984 447 4019 ι
482 3968 591 4020 Καὶ
644 3967 800 4020 τοῦτο
833 3968 889 4021 δὲ
917 3967 1013 4038 τὴν
1049 3967 1140 4020 τοῦ
1175 3965 1310 4021 Θεοῦ
1347 3967 1721 4040 μακροθυμίαν
1757 3967 1843 4038 δη·

273 4056 389 4111 λοῖ·
422 4058 601 4129 χρόνῳ
632 4059 739 4130 γὰρ
805 4058 997 4130 βραχεῖ
1050 4058 1147 4131 τὴν
1201 4060 1470 4131 τιμωρίαν
1527 4060 1850 4131 περιορίζει,

274 4149 564 4221 ἀναμένων
585 4151 682 4220 τὴν
709 4151 815 4204 ἀπὸ
832 4154 930 4223 τῆς
962 4151 1207 4214 παιδείας
1237 4151 1640 4221 τεχθησομένην
1680 4168 1850 4220 μετα-

276 4241 521 4311 μέλειαν.
550 4236 682 4297 Εἶτα
704 4242 994 4307 δείκνυσιν,
1047 4242 1121 4307 ὡς
1168 4243 1574 4314 ἀναντιρρήτως
1608 4243 1759 4296 ἔσται
1784 4242 1853 4295 τὰ

273 4332 397 4402 είρη
405 4331 561 4402 μένα.

346 4467 431 4520 ιδ’.
462 4485 483 4518 ι
526 4467 625 4520 Διά
676 4467 1070 4539 συγκρίματος,
1124 4468 1307 4539 φησὶν,
1356 4466 1442 4537 εῖρ
1488 4467 1516 4518 ὁ
1549 4464 1724 4533 λόγος,
1758 4464 1853 4517 καὶ

1953 3309 2315 3375 morabatur,
2390 3309 2495 3365 sub
2548 3310 2641 3365 dio
2706 3310 3033 3365 conﬂictans
3070 3354 3085 3376 ,
3144 3310 3525 3379 jumentornm

1955 3400 2132 3456 instar
2180 3401 2488 3472 depascens
2537 3401 2786 3457 herbam.
2844 3400 2959 3458 Hoc
3012 3401 3156 3457 enim
3210 3401 3527 3471 significat,

1952 3493 2143 3550 dicens
2171 3511 2186 3548 :

2031 3623 2049 3653 ς
2074 3603 2288 3660 Etcum
2326 3606 2523 3662 bestiis
2566 3621 2696 3676 pars
2728 3606 2870 3676 ejus,
2909 3604 2965 3660 in
2990 3603 3166 3661 herba
3225 3611 3386 3658 terra:
3433 3619 3530 3658 cor

1953 3694 2095 3764 ejus,
2130 3695 2198 3748 al;
2250 3695 2563 3751 hominibus
2602 3694 3055 3750 commutabitur.
3101 3692 3292 3761 (Vens.
3329 3693 3440 3763 l5.)
3467 3694 3526 3747 Et

1954 3801 2052 3840 cor
2084 3786 2269 3840 bestia:
2303 3786 2523 3841 dabitur
2549 3795 2566 3814 ⁶
2607 3787 2657 3842 ei
2686 3827 2701 3852 ,
2738 3795 2792 3842 et
2819 3797 3029 3857 septem
3060 3793 3310 3856 tempora
3344 3794 3529 3838 muta-

1952 3876 2161 3930 buntur
2205 3891 2370 3947 super
2420 3878 2621 3948 ipsum.
2661 3895 2680 3929 ι
2739 3874 2854 3932 Hoc
2915 3876 3105 3932 itidem
3167 3875 3383 3950 1146
3439 3876 3530 3931 Dei

1956 3966 2426 4037 longanimitatem
2460 3968 2729 4025 declarat.
2758 3967 2916 4024 Brevi
2944 3968 3089 4023 enim
3118 3975 3368 4036 tempore
3403 3985 3537 4033 sur.-

1953 4061 2178 4130 pliciutn
2210 4059 2422 4125 definit,
2452 4070 2785 4130 exspectans
2822 4060 3229 4130 paenitentiam,
3254 4075 3416 4130 quam
3461 4062 3528 4115 sit

1958 4155 2206 4224 paritura
2241 4154 2560 4224 castigatio.
2599 4151 2811 4207 Deinde
2857 4152 3148 4215 ostendit,
3207 4167 3331 4222 qua:
3382 4152 3553 4211 dicta.

1957 4244 2207 4310 fuerant,
2247 4246 2367 4301 sine
2402 4243 2778 4299 controversia
2813 4258 2937 4297 esse
2961 4250 3244 4297 eventura.

2030 4462 2196 4516 Vens.
2232 4462 2317 4515 M.
2355 4479 2375 4510 ι
2406 4460 2509 4515 Per
2531 4460 2832 4525 decretum,
2856 4454 3054 4530 inquit,
3083 4458 3291 4531 vigilis,
3327 4474 3528 4526 sermo,

276 4557 430 4628 ῥῆμα
456 4559 629 4626 ἁγίων
663 4559 708 4591 ³⁸
758 4559 820 4613 τὸ
862 4560 1215 4631 ἐπερώτημα.
1269 4579 1288 4611 ι
1331 4557 1610 4629 Ἀψευδὴς,
1662 4557 1847 4628 φησὶν,

1957 4562 2012 4607 et
2064 4553 2290 4607 verbum
2350 4563 2669 4607 sanctorum
2727 4549 3111 4620 interrogatio.
3152 4568 3170 4600 ι
3209 4547 3530 4613 Meudacio,

272 4649 513 4716 ὁλόγος’
546 4649 776 4717 ἄγγελος
795 4650 904 4722 γάρ
944 4651 1098 4720 ἅγιος
1140 4653 1168 4703 ὁ
1204 4650 1460 4723 εἰρηκὼς,
1509 4647 1849 4720 ἐγρηγορὼς.

276 4739 588 4811 ἀσώματος.
618 4742 849 4814 Εἴρηται
886 4743 944 4796 δὲ
1001 4744 1197 4806 ταῦτα,
1249 4744 1402 4814 φησὶ,
1435 4741 1760 4808 καὶγίνεται
1784 4740 1851 4803 ³⁷,

273 4828 339 4883 οὐ
361 4830 561 4902 μάτην,
581 4832 694 4885 ἀλλ’
715 4852 733 4884 ι
760 4833 878 4888 Ἵνα
899 4833 1099 4902 γνῶσιν
1121 4834 1171 4886 οί
1194 4833 1415 4898 ζῶντες,
1443 4835 1526 4886 ὅτι
1546 4831 1788 4902 κυριεύει
1810 4830 1854 4861 ³⁸

274 4921 595 4991 δ’Ύψιστος
663 4926 763 4995 τῆς
824 4925 1101 4995 βασιλείας
1163 4926 1271 4978 τῶν
1319 4924 1645 4995 ἀνθρώπων,
1678 4925 1771 4977 καὶ
1813 4915 1856 4990 ᾧ

279 5010 377 5065 ἐὰν
397 5012 441 5045 ³⁸
467 5012 615 5084 δόξῃ,
643 5014 804 5068 δώσει
854 5016 1045 5085 αὐτὴν,
1086 5016 1182 5070 καὶ
1211 5015 1546 5086 ὲξουθένημα
1564 5016 1607 5048 ³ο
1645 5015 1857 5084 ἀνθρώ-

280 5119 387 5156 που
422 5103 467 5135 ⁴¹
495 5105 790 5176 ἀναστήσει
817 5106 905 5181 ἐπ’
941 5108 1134 5178 αὑτήν.
1180 5126 1198 5159 ι
1237 5107 1442 5169 Ταῦτα,
1483 5087 1669 5175 φησὶν,
1706 5110 1732 5159 ό
1761 5107 1858 5174 ἄγ-

278 5193 436 5260 γελος
473 5193 601 5264 ἔφη,
631 5197 711 5249 ὅτι
747 5197 940 5251 τούτου
983 5199 1141 5269 χάριν
1178 5197 1246 5251 τὰ
1276 5196 1416 5250 κατά
1450 5197 1508 5250 τὸ
1527 5198 1742 5266 δένδρον
1767 5215 1858 5264 γε-

286 5283 530 5355 νήσεται,
563 5287 649 5340 ἵνα
675 5288 764 5341 διὰ
790 5289 979 5344 τούτου
1023 5290 1267 5360 μάθωσιν
1308 5291 1564 5354 ἅπαντες,
1591 5290 1685 5343 ἕνα
1714 5285 1854 5343 εἶναι

1962 4645 2144 4714 inquit
2170 4683 2184 4708 ,
2221 4646 2387 4699 verba
2420 4651 2634 4697 carent.
2689 4644 2933 4713 Angelus
2970 4643 3115 4698 enim
3147 4653 3492 4698 sanctus-est
3516 4685 3529 4708 ,

1963 4737 2054 4805 qui
2089 4736 2182 4788 illa
2213 4735 2372 4798 dixit,
2411 4734 2650 4805 vigilans
2676 4776 2689 4799 ,
2724 4747 2955 4802 corpore
2986 4749 3206 4788 carens.
3240 4732 3397 4787 Dicta
3432 4749 3534 4788 au-

1963 4836 2071 4883 tem
2110 4836 2239 4883 sunt
2277 4827 2412 4888 haec,
2448 4826 2649 4896 inquit,
2688 4835 2742 4881 et
2775 4826 2910 4879 fiunt
2941 4865 2954 4888 ,
3002 4840 3112 4879 non
3146 4835 3354 4881 temere
3377 4866 3392 4891 ,
3439 4828 3531 4882 sed

1970 4939 1988 4972 ι
2023 4920 2091 4974 Ut
2122 4927 2462 4990 cognoscant
2490 4921 2759 4985 viventes,
2789 4917 3094 4973 dominium
3134 4918 3337 4974 habere
3370 4921 3539 4975 Altis-

1966 5013 2167 5067 sintum
2194 5013 2245 5065 itt
2277 5026 2507 5080 regnum
2546 5011 2854 5074 hominum,
2887 5011 2977 5079 qui
3014 5013 3329 5080 cuicunque
3356 5013 3535 5066 visum

1969 5101 2134 5156 fuerit
2164 5102 2257 5155 dat
2300 5099 2432 5153 illud
2463 5140 2478 5165 ,
2513 5109 2566 5155 et
2602 5100 2745 5169 quod
2772 5100 3152 5154 contemnitur
3190 5102 3261 5156 ab
3298 5101 3535 5154 homini—

1967 5195 2071 5250 bus
2103 5209 2400 5263 exsurgere
2436 5193 2565 5247 facit
2602 5194 2669 5247 ad
2702 5193 2862 5248 illud.
2897 5212 2915 5244 ι
2956 5192 3101 5257 Haec,
3135 5193 3333 5264 inquit,
3371 5209 3538 5262 ange-

1966 5289 2051 5344 lus
2079 5289 2257 5354 dixit;
2292 5287 2495 5341 itleirco
2531 5299 2791 5343 eventura
2831 5303 2955 5343 esse
2994 5304 3081 5354 ea,
3123 5304 3242 5357 quae
3272 5289 3336 5342 ad
3366 5289 3535 5341 arbo-

1588 5449 1820 5505 νΑῑιιίΕ
1864 5449 2260 5505 LECTIONES.

359 5561 402 5593 “
435 5577 491 5614 κ.
533 5558 804 5639 οξύτηεῖπ.
837 5563 991 5639 _Des.
1058 5568 1110 5621 in
1161 5568 1218 5622 B.
1298 5569 1342 5600 ³³
1385 5571 1477 5622 καὶ
1517 5571 1565 5621 ὲ.
1619 5587 1667 5624 τ.
1719 5567 1987 5639 φ.αὐτοῦ.
2033 5568 2105 5621 Ex
2153 5568 2190 5620 Β
2251 5570 2427 5638 suppl.

282 5648 488 5684 τωσαν.
528 5641 532 5644 ’
566 5632 611 5662 ³⁵

283 5699 431 5769 apud
474 5699 637 5754 LXX.

740 5704 784 5735 “
822 5705 864 5758 Β
901 5705 1072 5774 ἅγιον.

284 5771 325 5826 Β
366 5771 696 5841 ἀνθρώπων.

2523 5570 2568 5605 ³³
2600 5568 2637 5622 Β
2676 5572 3056 5640 τινασσόμενα.
3122 5568 3170 5598 ³⁴
3198 5565 3538 5640 Λ-σαλευθή-

648 5633 682 5702 ἡ
725 5634 913 5708 νεαρξηΔ
945 5654 999 5690 κ.
1040 5655 1090 5693 τ.
1127 5640 1176 5693 λ.
1212 5640 1336 5692 Haec
1368 5651 1569 5708 puncto
1614 5633 1898 5708 praemisso
1949 5655 2071 5691 cum
2107 5633 2462 5708 sequentibus
2507 5640 2716 5707 juncta,
2763 5633 2976 5693 initium
3026 5654 3168 5691 vers.
3218 5636 3282 5689 l5
3332 5633 3537 5708 faciunt

1169 5710 1210 5741 ³⁷
1240 5711 1279 5762 Β
1306 5707 1396 5763 καὶ
1426 5710 1531 5782 γάρ
1561 5707 1726 5765 ἐστιν.
1806 5711 1847 5741 ³³
1877 5707 1917 5762 Β
1944 5708 2145 5779 Κύριός
2178 5707 2342 5763 ἐστιν.
2421 5712 2463 5741 ³⁵
2496 5710 2536 5762 Β
2578 5709 2657 5763 ἅν.
2738 5711 2780 5740 δθ
2814 5711 2851 5761 Α
2894 5707 3251 5776 ἐξουδένωμα.
3333 5707 3370 5737 ⁸¹
3416 5708 3457 5759 Α
3487 5721 3538 5763 et
