3898 6208
494 331 630 398 1363

1456 330 1941 392 THEODORETI
1991 329 2328 389 EPISCOPI
2375 326 2741 388 CYRENSIS
2836 375 2839 379 .

3542 319 3644 388 ίθθί

490 462 605 502 rem
634 445 909 517 pertinent
934 482 948 508 ,
979 449 1039 498 ut
1069 444 1200 499 hinc
1230 443 1448 499 discant
1474 458 1701 506 omnes,
1737 457 1909 496 unum
1943 456 2059 495 csse

2169 440 2302 494 Θεὸν
2329 442 2375 473 ⁸⁸
2415 440 2695 509 Δεσπότην
2746 434 2842 489 καὶ
2881 431 3128 503 βασιλέα,
3171 429 3401 517 τοὺςῌέπὶ
3434 433 3518 503 γῆς
3548 439 3649 490 καθ.

491 540 660 593 Deum
709 537 1002 593 Dominum
1055 551 1119 591 ac
1167 551 1346 607 regem
1376 577 1390 601 ,
1435 536 1531 607 qui
1584 537 1639 590 in
1691 535 1856 590 terris
1916 549 2059 603 reges

2173 532 2405 586 ιστῶντα
2430 530 2702 602 βασιλέας,
2731 526 2827 581 καὶ
2874 523 3261 596 ἐγχειρίζοντα,
3293 514 3333 591 ᾧ
3357 522 3439 577 ιάν
3466 524 3503 556 ’⁸³
3535 526 3649 597 θέλῃ,

490 629 828 695 constituit,
874 636 931 684 et
995 643 1225 699 regnum
1290 630 1378 683 cui
1446 627 1687 682 voluerit
1747 626 2065 681 committit.

489 720 804 775 Ostendens
834 720 979 775 enim
1012 725 1341 791 potestatem
1389 734 1546 775 suam
1578 758 1593 781 ,
1640 719 1805 773 etiam
1858 718 2067 773 tenuis-

490 812 693 865 simum
726 812 997 865 interdum
1027 851 1041 875 ,
1080 821 1134 866 et
1172 811 1264 881 qui
1311 811 1521 866 nullius
1558 809 1720 880 pretii
1763 816 2024 864 censetur
2049 849 2064 874 ,

490 917 676 973 regem
721 903 1017 957 declarat:
1078 911 1133 957 et
1183 918 1314 963 eos,
1376 901 1467 972 qui
1523 900 1779 957 maximis
1833 906 2066 955 utuntur

488 993 834 1060 honoribus,
892 1010 957 1050 eo
986 995 1206 1063 redigit,
1244 1003 1303 1047 ut
1339 994 1417 1048 illi
1450 993 1600 1048 dicto
1636 993 1749 1048 sint
1799 990 2063 1046 obedien-

488 1094 591 1139 tes.
630 1082 710 1136 lla
754 1084 1012 1139 absoluta
1042 1085 1246 1140 somnii
1281 1084 1625 1149 narratione,
1671 1082 1951 1138 Danielem
1986 1081 2068 1136 sic

487 1174 792 1245 alloquitur
825 1193 838 1230 :

558 1265 724 1320 Vens.
752 1265 838 1321 15.
864 1284 882 1318 ι
915 1263 1029 1322 Hoc
1057 1265 1329 1321 somnium
1361 1279 1474 1319 νιαι
1502 1279 1603 1335 ego
1620 1262 2061 1318 Nabuchodono-

484 1370 580 1410 sor
608 1371 724 1423 rex,
758 1364 813 1411 et
843 1367 899 1410 tu
932 1357 1186 1412 Baltasar
1220 1356 1741 1426 interpretationem
1776 1354 1867 1408 die
1902 1368 2063 1424 aper-

500 1456 575 1512 te,
610 1466 630 1500 ι
668 1450 772 1505 hoc
801 1457 909 1515 est,
946 1464 1074 1504 vere
1110 1450 1165 1502 et
1196 1455 1477 1513 accurate,
1515 1464 1534 1498 ι
1574 1447 1701 1516 quia
1736 1460 1928 1500 omnes
1971 1460 2063 1499 sa-

384 1526 389 1531 ”
486 1538 704 1607 pientes
752 1539 908 1609 regni
962 1540 1065 1593 mei
1117 1554 1227 1593 non
1269 1545 1506 1608 possunt
1549 1537 2063 1608 interpretationem

485 1629 661 1699 ipsius
683 1629 946 1686 exhibere
971 1631 1127 1694 mihi,
1155 1639 1208 1685 tu
1232 1637 1416 1684 autem
1447 1635 1625 1699 potes.
1660 1649 1678 1681 ι
1716 1629 2064 1697 Causamque

488 1721 788 1777 ostendens
816 1740 828 1775 ε
874 1739 892 1772 ι
917 1721 1055 1787 Quia
1085 1720 1353 1791 Spiritus,
1382 1721 1581 1790 inquit,
1615 1728 1844 1775 sanctus
1881 1718 1976 1773 Dei
2007 1720 2061 1773 in

2168 625 2271 695 τὴν
2293 623 2594 694 βασιλείαν.
2613 621 2836 683 Δεικνὺς
2865 618 2976 688 γὰρ
2994 617 3097 686 τὴν
3132 615 3318 668 ἑαυτοῦ
3343 613 3565 680 ἐξουσίαν,
3584 621 3654 672 καὶ

2168 717 2258 769 τὸν
2299 716 2684 769 εὐτελέστατον
2718 711 2864 765 ἔστιν
2914 710 3025 772 ὅτε,
3054 706 3151 761 καὶ
3178 704 3318 759 οὐδὲν
3350 703 3470 761 εἷναι
3492 707 3655 778 νομιζὸ-

2171 824 2353 878 μενον,
2389 805 2679 876 ἀποφαίνει
2710 801 2956 875 βασιλέα,
2982 800 3074 853 καὶ
3099 800 3222 862 τοὺς
3242 799 3294 851 ὲν
3315 800 3414 863 τοῖς
3442 799 3656 869 μεγίστοις

2166 899 2327 963 ὄντας
2385 896 2691 968 ἀξιώμασιν
2743 893 3040 949 ὑπακούειν
3109 889 3258 961 αὐτῷ
3306 890 3653 960 παρασκευάζει.

2168 972 2326 1043 Ούτω
2351 987 2646 1060 πληρώσας
2673 986 2734 1040 τὸ
2752 985 2846 1040 τοῦ
2872 983 3123 1038 ἐνυπνίου
3149 982 3400 1053 διήγημα,
3426 981 3538 1053 φησι
3558 981 3658 1053 πρὸς

2166 1081 2257 1134 τὸν
2278 1079 2478 1151 Δανιήλ
2499 1094 2515 1110 ·

2239 1268 2317 1316 ιε’.
2356 1278 2376 1312 ‹
2419 1257 2589 1313 Τοῦτο
2620 1256 2682 1310 τὸ
2730 1253 2978 1309 ἐνύπνιον
3006 1247 3148 1306 εἶδον
3179 1250 3227 1283 ⁸⁵
3265 1249 3368 1320 ἐγὼ
3393 1251 3663 1323 Ναϐουχοδο-

2165 1355 2323 1424 νόσορ
2353 1354 2382 1406 ὁ
2405 1347 2666 1422 βασιλεύς
2687 1364 2701 1380 -
2736 1347 2830 1401 καὶ
2882 1344 2969 1409 σὺ,
3002 1342 3306 1413 Βαλτάσαρ,
3361 1341 3417 1395 τὸ
3447 1342 3664 1415 σύγκριμα

2166 1446 2284 1499 είπὲ
2305 1442 2593 1499 κατέναντι
2620 1439 2694 1472 ⁵⁸·
2735 1457 2754 1490 ι
2793 1436 2915 1491 ἀντὶ
2950 1433 3070 1500 τοῦ,
3099 1433 3311 1503 ἀληθῶς
3332 1434 3418 1486 καὶ
3447 1434 3662 1505 ἀκρισῶςι

2171 1558 2188 1590 ι
2227 1538 2311 1590 ὅτι
2335 1534 2534 1597 πάντες
2560 1533 2611 1585 οἱ
2639 1529 2792 1598 σοφοὶ
2820 1528 2921 1597 τῆς
2949 1524 3230 1596 βασιλείας
3273 1541 3366 1595 μου
3393 1525 3446 1578 οὺ
3469 1525 3664 1579 δύνανται

2164 1628 2224 1681 τὸ
2254 1626 2533 1698 σύγκριμα
2559 1618 2721 1676 αὐτοῦ
2744 1616 2985 1687 δηλῶσαί
3029 1632 3143 1687 μοι,
3177 1616 3242 1669 σὺ
3282 1615 3337 1669 δὲ
3358 1615 3553 1670 δύνασαι
3572 1617 3622 1669 ⁸⁸.
3648 1636 3663 1667 ι

2165 1721 2274 1774 Kal
2302 1720 2402 1789 τὴν
2433 1716 2611 1769 αἰτίαν
2636 1711 2881 1773 δεικνὺς,
2918 1728 2939 1762 ι
2975 1709 3121 1771 Ὅτι,
3160 1708 3315 1777 φησι.
3348 1707 3543 1776 Πνεῦμα
3567 1706 3663 1760 θεοῦ

487 1818 593 1865 ιο.»
616 1810 695 1866 Illi
715 1813 861 1868 enim
891 1786 1148 1867 liuetanis
1176 1786 1700 1867 ratiocinationibus
1719 1813 2059 1876 innituntur,

2164 1809 2319 1877 ἀγιον
2351 1786 2408 1859 εν
2432 1805 2534 1858 σοί.
2577 1823 2596 1856 ι
2636 1803 2702 1856 Oi
2746 1801 2843 1871 μὲν
2891 1799 3002 1869 γὰρ
3049 1797 3402 1868 ἀνθρωπίνοις
3434 1797 3666 1867 κέχρηνται

483 1907 543 1957 tu
567 1908 749 1959 autem
773 1917 805 1957 a
835 1902 946 1959 Deo
975 1904 1193 1959 occulta
1221 1913 1276 1959 et
1304 1917 1510 1957 arcana
1538 1903 1735 1959 discis.

556 2074 727 2133 Vsus.
758 2076 846 2133 16.
884 2095 904 2131 ι
940 2078 1098 2134 Tunc
1132 2077 1321 2133 Daniel
1350 2118 1364 2143 ,
1400 2081 1561 2149 cujus
1611 2078 1821 2149 1157
1860 2094 2059 2135 nomen

487 2167 780 2233 Baltasar,
825 2167 1242 2238 obsmpelactus
1308 2180 1394 2225 cst
1442 2170 1665 2226 circiter
1718 2186 1816 2241 per
1868 2170 2058 2224 boram

489 2274 676 2325 unam,
714 2269 768 2314 et
798 2261 1166 2329 cogitationes
1202 2260 1383 2331 ipsius
1413 2262 1824 2316 conturbabant
1855 2277 2001 2316 eum.
2035 2281 2054 2313 ι

486 2354 838 2411 Ostendenda
869 2354 1014 2409 enim
1039 2363 1157 2410 erat
1187 2355 1427 2409 humana
1455 2355 1829 2421 imbecillitas,
1853 2364 1905 2409 et
1930 2364 2060 2408 tunc

486 2442 663 2514 gratia
717 2442 997 2512 inspirans
1062 2444 1380 2513 aperienda.
1447 2461 1466 2495 ι
1506 2442 1816 2515 Respondit
1874 2444 2060 2513 itaque

485 2547 580 2587 rex
607 2573 623 2599 ,
659 2538 716 2587 et
759 2532 941 2588 dixit:
989 2531 1275 2598 Baltasar,
1317 2533 1595 2589 somnium
1639 2534 1745 2590 hoc
1793 2542 1849 2589 et
1888 2534 2060 2587 inter-

485 2625 720 2696 pretatio
740 2625 886 2695 ejus,
912 2641 980 2679 ne
1007 2624 1346 2680 conturbent
1380 2634 1454 2680 te.
1479 2644 1497 2679 ι
1528 2624 1679 2679 Vidit
1697 2628 1845 2681 enim
1879 2625 2059 2694 ipsum

485 2721 890 2791 perturbatum,
922 2727 976 2775 et
1006 2720 1402 2776 convenienter
1432 2722 1734 2776 consolans
1759 2719 2058 2783 demulcet,

484 2813 715 2884 cupiens
775 2813 829 2868 id
880 2813 1026 2883 quod
1070 2812 1290 2882 ignorat
1335 2826 1712 2882 cognoscere,
1763 2821 1931 2881 atque
1983 2811 2060 2864 ita

485 2918 613 2958 cum
641 2918 707 2959 eo
742 2903 989 2975 loquitur
1022 2921 1035 2957 :
1072 2901 1151 2959 Ne
1180 2902 1341 2958 valde
1369 2901 1596 2959 festines
1619 2943 1635 2969 ,
1663 2904 1758 2959 sed
1793 2902 2056 2972 paulatim

485 2993 724 3050 inventis
759 2995 827 3050 iis
862 3010 983 3065 quae
1028 3009 1125 3065 per
1186 2994 1465 3050 somnium
1514 2994 1943 3066 signiﬁcantur,
1992 3008 2059 3047 ea

2161 1899 2464 1969 λογισμοῖς,
2503 1897 2567 1950 σὺ
2622 1895 2679 1949 δὲ
2720 1893 2871 1965 παρά
2906 1892 3042 1947 Θεοῦ
3087 1888 3372 1962 μανθάνεις
3396 1888 3460 1942 τὰ
3481 1905 3668 1959 κεκρυμ-

2210 1992 2322 2045 ἑνα.

2166 2011 2329 2149 μείς.
2373 2101 2390 2134 ι
2420 2080 2555 2136 Τότε
2593 2077 2811 2151 Δανιὴλ,
2841 2068 2903 2132 οὗ
2931 2076 2993 2130 τδ
3037 2075 3214 2147 ὄνομα
3254 2073 3536 2144 Βαλτάσαρ,
3588 2076 3666 2127 ἁτ-

2161 2175 2377 2248 ηνεὼθη
2404 2172 2537 2227 ὡσεὶ
2575 2172 2724 2245 ὥραν
2766 2170 2917 2240 μίαν.
2950 2168 3044 2222 καὶ
3093 2170 3143 2222 οἱ
3186 2166 3504 2236 διαλογισμοὶ
3546 2163 3669 2218 αὐτοῦ

2162 2266 2564 2336 συνετάρασσον
2596 2260 2780 2316 αὐτόν.
2825 2279 2845 2311 ι
2887 2258 3039 2314 Ἔδει
3064 2259 3177 2329 γὰρ
3204 2256 3464 2327 δειχθῆναι
3492 2256 3572 2324 τὴν
3601 2256 3668 2306 ἀν-

2161 2357 2437 2431 θρωπίνην
2465 2354 2769 2417 ἀσθένειαν,
2821 2351 2917 2404 καὶ
2966 2351 3086 2403 τότε
3128 2348 3463 2417 ἀναφανῆναι
3497 2346 3580 2416 τὴν
3602 2348 3673 2414 ὲμο

2162 2449 2425 2502 πνέουσαν
2454 2448 2634 2517 χάριν.
2682 2465 2701 2497 ι
2753 2443 3048 2514 Ἀπεκρίθη
3077 2442 3258 2496 τοίνυν
3290 2443 3318 2493 ὁ
3347 2438 3584 2509 βασιλεὺς,
3605 2438 3671 2488 καὶ

2161 2536 2283 2593 εἷπε
2305 2556 2318 2570 ·
2357 2538 2660 2608 Βαλτάσαρ,
2690 2536 2752 2588 τὸ
2782 2536 3032 2589 ἐνύπνιον
3059 2533 3226 2587 τοῦτο
3264 2531 3304 2563 ⁵⁷
3327 2531 3417 2585 καὶ
3442 2533 3473 2600 ἡ
3502 2527 3673 2597 σύγκρι-

2164 2649 2247 2696 σις
2275 2630 2439 2686 αὑτοῦ
2466 2630 2510 2661 ³⁸
2536 2628 2609 2700 μὴ
2642 2628 3081 2682 κατασπευσάτω
3110 2643 3196 2679 σε.
3230 2644 3249 2677 ι
3276 2620 3393 2677 Εἶδε
3428 2621 3521 2689 γὰρ
3554 2618 3673 2673 αὑτὸν

2163 2723 2576 2796 θορυϐούμενον,
2638 2720 2732 2774 καὶ
2792 2719 3108 2788 ἀναγκαίως
3162 2716 3496 2789 ψυχαγωγεῖ,
3530 2710 3674 2782 μαθεῖν

2163 2815 2449 2886 ἐφιέμενος
2478 2813 2615 2883 ὅπερ
2639 2812 2829 2879 ἀγνοεῖ
2855 2827 2869 2841 ο
2902 2809 3052 2877 λέγει
3079 2808 3265 2862 τοίνυν
3285 2804 3426 2874 αὐτῷ
3447 2822 3458 2832 ·
3482 2802 3559 2871 Μὴ
3582 2799 3675 2868 ago-

2161 2907 2264 2978 δρα
2298 2907 2540 2974 ἐπείγου,
2593 2904 2732 2958 ἀλλά
2771 2902 2914 2958 κατά
2943 2900 3139 2972 σχολὴν
3187 2900 3258 2955 τὰ
3309 2896 3587 2969 μηνυόμενα
3613 2889 3676 2946 διὰ

2162 2997 2255 3052 τοῦ
2286 2996 2538 3051 ἐνυπνίου
2565 2995 2764 3067 εὑρὼν,
2826 2993 2998 3047 ταῦτά
3047 2994 3136 3063 μοι
3191 2991 3328 3061 δῆλα
3379 2988 3675 3052 κατάστησον.

485 3084 618 3139 mihi
646 3086 936 3156 perspicua
968 3086 1153 3140 facito.
1192 3105 1211 3138 ι
1249 3084 1556 3157 Respondit
1585 3086 1771 3155 itaque
1811 3084 2059 3139 Baltasar

2174 3110 2191 3141 ι
2251 3087 2548 3158 Ἀπεκρίθη
2604 3086 2785 3140 τοίνυν
2841 3086 2886 3119 ⁸³
2915 3084 2945 3136 ὁ
2982 3082 3298 3153 Βαλτάσαρ,
3346 3080 3436 3133 καὶ
3486 3072 3673 3129 eius“

484 3181 541 3229 et
572 3175 751 3241 dixit,
791 3174 1022 3231 Domine
1068 3176 1141 3230 mi
1177 3192 1272 3232 rex
1298 3217 1314 3242 ,
1355 3177 1633 3232 somnium
1666 3176 1786 3247 Iboc
1827 3174 1895 3230 iis
1927 3175 2063 3244 (ob-

484 3265 698 3336 tingat)
728 3265 821 3335 qui
855 3274 907 3321 te
936 3266 1215 3332 oderunt,
1267 3274 1323 3321 et
1360 3266 1744 3336 interpretatio
1785 3265 1906 3333 ejus
1956 3264 2062 3317 iui-

484 3353 644 3409 mieis
692 3354 822 3409 tuis.
876 3374 894 3407 ι
951 3355 1374 3426 Sapientissime
1406 3370 1491 3410 .ac
1535 3354 1968 3425 prudentissime
2008 3353 2058 3407 ei

486 3445 718 3500 molesta
755 3446 1123 3516 deprecatur,
1175 3449 1278 3503 hoc
1326 3448 1340 3467 '
1397 3448 1722 3519 prooemium
1779 3461 2011 3502 exorsus
2040 3488 2054 3512 ,

482 3534 773 3590 veritatem
813 3543 995 3591 tamen
1026 3537 1292 3592 declarat.

560 3623 723 3681 Vens.
759 3626 859 3692 Π,
906 3627 992 3682 18.
1046 3647 1065 3680 ι
1092 3628 1272 3682 Arbor
1299 3670 1314 3695 ,
1359 3628 1575 3699 inquit,
1622 3624 1967 3696 magniﬁcala
2007 3635 2060 3681 et

485 3718 843 3773 corroborata
869 3758 883 3782 ,
909 3719 1065 3788 cujus
1093 3719 1332 3773 altitudo
1368 3718 1616 3788 pervenit
1651 3718 1703 3771 in
1740 3718 1939 3771 ctelum
1962 3757 1976 3780 ,
2005 3728 2059 3772 et

486 3810 722 3865 latitudo
762 3813 881 3880 ejus
924 3813 977 3865 in
1023 3827 1242 3868 omnem
1276 3820 1505 3865 terram.
1540 3813 1607 3866 Et
1642 3810 1772 3865 folia
1803 3810 1927 3882 ejus
1962 3810 2057 3865 llo-

485 3901 682 3969 rentia,
709 3910 763 3957 et
798 3902 1009 3958 fructus
1051 3889 1226 3973 ipsius
1255 3904 1484 3965 multus,
1520 3910 1575 3956 et
1604 3903 1764 3957 cibus
1797 3902 2058 3958 omnibus

484 3995 539 4048 in
572 4008 667 4059 ea,
708 3993 897 4048 subter
934 4008 1052 4049 eam
1099 3995 1425 4049 habitabant
1460 3994 1649 4049 bestia:
1692 3995 1811 4064 agri
1843 4035 1858 4060 ,
1894 4003 1950 4050 et
2000 3995 2055 4049 in

485 4084 653 4139 ramis
675 4083 798 4153 ejus
823 4083 1163 4139 domicilium
1211 4084 1484 4139 habebant
1518 4100 1646 4141 aves
1676 4086 1800 4140 coeli
1827 4126 1840 4150 ,
1881 4094 1937 4140 tu
1973 4101 2054 4151 es,

484 4191 602 4231 rex.
636 4193 655 4225 ι
695 4161 885 4245 Opera:
930 4176 1166 4246 pretium
1212 4184 1297 4230 est
1352 4176 1597 4231 Danielis
1653 4178 1913 4231 admirari
1971 4193 2058 4233 sa-

484 4267 771 4338 pientiam.
809 4264 992 4336 Neque
1020 4267 1168 4322 enim
1216 4266 1545 4336 simpliciter
1594 4266 1734 4320 dixit
1760 4308 1775 4331 ,
1826 4285 1843 4318 ι
1878 4267 2056 4321 Arbor

2164 3177 2336 3248 Κύριέ
2382 3194 2484 3247 μου
2541 3172 2759 3247 βασιλεῦ
2792 3175 2860 3238 ⁸⁸,
2893 3174 2954 3227 τὸ
2986 3174 3032 3206 ³⁸
3084 3171 3336 3225 ἐνύπνιον
3369 3169 3512 3223 τοῦτο
3538 3167 3576 3198 ³³
3597 3167 3677 3224 τοῖς

2166 3269 2381 3340 μισοῦσί
2403 3285 2484 3331 σε,
2523 3270 2617 3322 καὶ
2641 3271 2675 3339 ἡ
2709 3267 2993 3338 σύγκρισις
3026 3264 3193 3318 αὐτοῦ
3221 3266 3334 3326 τοῖς
3353 3263 3545 3333 ἐχθροῖς
3561 3274 3671 3311 σου.»

2163 3361 2374 3430 Σφόδρα
2409 3360 2588 3428 σοφῶς
2616 3359 2712 3411 καὶ
2744 3357 2978 3420 συνετῶς
3004 3355 3325 3425 ’ἀπεύχεται
3357 3354 3450 3424 μὲν
3471 3349 3595 3418 αὐτῷ
3613 3348 3677 3399 λυ-

2163 3452 2315 3522 πηρὰ
2336 3452 2384 3485 ⁵⁸
2413 3451 2506 3505 τοῦ
2537 3451 2824 3523 προοιμίου
2860 3448 3189 3521 ἀρξάμενος,
3221 3445 3468 3517 σημαίνει
3490 3442 3538 3495 δὲ
3565 3441 3676 3510 ὅμως

2160 3544 2259 3616 τὴν
2282 3542 2557 3614 ἀλήθειαν.

2236 3635 2321 3702 ιζ’,
2354 3641 2440 3705 ιη’.
2481 3653 2499 3686 ι
2537 3633 2608 3687 Τὸ
2630 3632 2877 3703 δένδρον,
2910 3631 3076 3703 φησὶ,
3102 3631 3164 3684 τὸ
3190 3631 3238 3662 ⁸³
3276 3624 3580 3699 μεγαλυνθὲν
3610 3619 3676 3672 καὶ

2164 3728 2382 3800 ίσχυκδς
2407 3727 2473 3790 ³⁸,
2502 3721 2563 3780 οὗ
2595 3727 2655 3778 τὸ
2673 3724 2807 3795 ὕψος
2866 3724 3100 3790 ἔφθασεν
3126 3725 3207 3787 εἰς
3237 3722 3331 3775 τὸν
3363 3717 3585 3792 οὐρανὸν,
3612 3712 3678 3765 καὶ

2159 3819 2222 3873 τὸ
2258 3818 2415 3881 κῦτος
2477 3815 2641 3869 αὐτοῦ
2695 3816 2774 3879 είς
2820 3816 3002 3868 πᾶσαν
3044 3814 3145 3886 τὴν
3173 3813 3303 3883 γῆν.
3333 3812 3441 3864 Kal
3462 3807 3522 3860 τὰ
3547 3801 3678 3873 φύλλα

2161 3908 2319 3963 αὐτοῦ
2348 3907 2569 3978 εὐθαλῆ,
2601 3906 2741 3960 καὶὸ
2764 3907 2978 3977 καρπὸς
3022 3903 3187 3958 αὐτοῦ
3235 3903 3418 3966 πολὺς,
3446 3898 3527 3953 καὶ
3548 3893 3678 3966 τροςὴ

2160 4002 2325 4055 πᾶσιν
2355 4001 2417 4052 ὲν
2437 3997 2604 4068 αὐτῷ,
2639 3998 2898 4051 ὑποκάτω
2919 3995 3084 4050 αὑτοῦ
3121 3995 3361 4066 κατῴκει
3391 3994 3432 4025 ⁵⁷
3456 3990 3516 4043 τὰ
3554 3985 3678 4057 θηρία

2160 4093 2227 4147 τὰ
2255 4094 2440 4162 ἄγρια,
2471 4091 2565 4144 καὶ
2597 4094 2654 4143 ὲν
2687 4092 2799 4152 τοῖς
2829 4089 3045 4152 κλάδοις
3072 4088 3240 4142 αὐτοῦ
3271 4084 3611 4154 κατεσκήνουν
3631 4075 3680 4128 τὶ

2159 4184 2319 4256 ὄρνεα
2338 4183 2431 4235 τοῦ
2458 4180 2712 4249 οὐρανοῦ,
2756 4182 2819 4234 σὺ
2861 4175 2931 4247 εἷ,
2959 4179 3202 4249 βασιλεῦ.
3240 4198 3259 4230 ι
3298 4177 3473 4243 ’Δξιον
3503 4173 3552 4225 δὲ
3584 4169 3678 4221 Ouu-

2162 4274 2334 4344 μάσαι
2363 4272 2455 4326 τοῦ
2491 4271 2687 4340 Δανιὴλ
2729 4270 2828 4340 τὴν
2884 4270 3074 4339 σοφίαν
3095 4285 3108 4298 θ
3146 4270 3211 4321 οὐ
3244 4269 3355 4339 γὰρ
3377 4263 3546 4325 ἀπλῶς
3571 4253 3676 4315 εἶπεν

485 4372 710 4428 magna,
753 4375 772 4407 ι
831 4357 949 4424 sed,
993 4376 1011 4408 ι
1047 4356 1397 4425 magnilicala
1453 4364 1510 4410 et
1560 4357 1920 4410 corroborata
1968 4376 1981 4411 :
2032 4377 2049 4408 ι

2162 4365 2233 4417 Τὸ
2267 4363 2482 4434 δένδρον
2525 4361 2585 4415 τὸ
2624 4361 2787 4431 μέγα,
2846 4360 3004 4425 ἀλλὰ,
3035 4379 3054 4411 ι
3082 4360 3156 4413 Τὸ
3187 4355 3513 4431 μεγαλυνθὲν
3540 4345 3678 4404 καὶτὸ

486 4447 592 4504 hoc
617 4455 743 4504 est:
797 4445 916 4502 Non
949 4448 1018 4502 ab
1061 4446 1223 4501 initio
1252 4446 1407 4502 fuisti
1444 4461 1698 4518 magnus,
1733 4449 1828 4503 sed
1865 4450 2058 4518 paula-

2163 4455 2380 4525 ἰσχυκός
2405 4471 2451 4504 ·›
2488 4453 2788 4516 τουτέστιν,
2823 4453 2937 4505 Οὐκ
2970 4450 3174 4507 ἀνωθεν
3206 4447 3354 4523 ἦσθα
3384 4448 3559 4520 μέγας,
3578 4438 3679 4495 ἀλλὰ

485 4540 582 4593 tim
633 4539 811 4595 factus
851 4555 947 4603 es,
987 4545 1041 4593 et
1082 4540 1382 4609 potentiam
1419 4552 1529 4593 non
1561 4540 1629 4594 ab
1661 4548 1786 4594 ortu
1826 4540 2061 4609 adeptus

486 4648 547 4686 cs
582 4671 597 4697 ,
632 4633 725 4686 sed
757 4632 963 4687 sensim
995 4644 1114 4685 eam
1150 4630 1247 4685 tibi
1279 4632 1633 4702 comparasti.
1654 4630 1835 4698 Quare
1865 4648 2061 4687 rursus

486 4721 713 4790 subjicit
741 4739 754 4775 :

557 4809 721 4865 Vens.
744 4809 830 4864 i9.
865 4828 884 4861 ι
905 4809 1042 4876 Quia
1071 4810 1458 4882 magniﬁcatus
1487 4827 1566 4878 es,
1586 4821 1642 4869 et
1670 4812 1887 4884 1148
1909 4815 2061 4868 inva-

485 4899 656 4965 luisti,
689 4911 744 4954 et
774 4902 1091 4973 magnitudo
1122 4910 1215 4956 tua
1241 4904 1592 4975 magniﬁcata
1620 4913 1704 4961 est
1728 4915 1784 4961 et
1810 4908 2062 4977 pervenit

483 4990 551 5045 ad
575 4992 800 5059 coelum,
830 5002 883 5047 et
903 4994 1209 5050 dominatio
1229 5003 1323 5050 tua
1356 4997 1410 5050 in
1446 4996 1583 5052 ﬁnes
1610 5004 1786 5052 terrae.
1805 5014 1823 5049 ι
1853 4997 1917 5051 Ει
1939 5000 2053 5053 haec

482 5089 608 5152 apte
634 5084 921 5140 admodum
951 5094 1006 5141 et
1045 5098 1352 5158 opportune
1383 5090 1523 5144 caelo
1568 5098 1621 5144 et
1653 5097 1810 5143 terrae
1840 5104 2051 5144 accom-

483 5174 753 5233 modavit.
789 5176 1231 5235 Dominationem
1271 5179 1419 5235 enim
1445 5179 1583 5234 dixit
1624 5179 1944 5249 pervenisse
1983 5180 2051 5234 ad

2159 4546 2298 4600 κατὰ
2334 4545 2498 4616 μέρος
2545 4543 2839 4613 γεγένησαι
2874 4544 2943 4605 ⁸³,
2974 4543 3069 4596 και
3127 4542 3230 4611 τὴν
3290 4537 3507 4609 ἰσχὺνόὲ
3530 4534 3612 4585 οὐκ
3637 4525 3679 4588 ἐξ

2158 4637 2363 4690 ὠδίνων
2392 4635 2567 4705 ἔσχες.
2604 4635 2740 4687 ἀλλά
2767 4635 2907 4687 κατά
2931 4633 3104 4705 βραχὺ
3130 4633 3340 4703 ταύτην
3379 4620 3679 4698 προσέλαῦες-

2156 4728 2248 4781 Διδ
2274 4727 2434 4781 πάλιν
2460 4725 2656 4793 ἐπάγει
2678 4741 2691 4755 ο

2231 4819 2316 4874 ιϐ’.
2347 4836 2367 4869 ι
2402 4817 2524 4871 Ὅτι
2559 4816 2954 4887 ὲμεγαλύνθης,
2983 4815 3076 4869 καὶ
3103 4814 3356 4884 ἴσχυσας,
3378 4809 3516 4877 καὶὴ
3546 4815 3676 4875 μεγα-

2158 4908 2373 4977 λωσύνη
2398 4923 2491 4959 σου
2517 4907 2859 4977 ἐμεγαλύνθη
2879 4909 2975 4960 καὶ
3003 4905 3239 4975 ἔφθασεν
3263 4906 3344 4967 εἰς
3375 4902 3460 4956 τδν
3479 4891 3676 4967 οὐρανὸν.

2160 4997 2256 5052 καὶ
2283 4999 2316 5068 ἠ
2344 4998 2536 5067 κυρεία
2560 5011 2653 5048 σου
2675 4997 2754 5060 εἰς
2774 4997 2841 5049 τὰ
2870 4996 3083 5067 πέρατα
3108 4996 3209 5064 τῆς
3237 4993 3360 5064 γῆς.
3394 5009 3413 5043 ι
3432 4988 3530 5043 Kal
3549 4981 3679 5038 ταῦτα

2158 5089 2216 5142 δὲ
2250 5087 2455 5158 σφόδρα
2494 5087 2765 5158 ἁρμοδίως
2801 5088 2896 5140 καὶ
2933 5085 3259 5157 προσφόρως
3298 5079 3504 5153 οὐρανῷ
3531 5071 3676 5137 καὶγῇ

2160 5182 2540 5252 προσήρμοσεο
2597 5181 2693 5253 τὴν
2730 5183 2828 5252 μὲν
2855 5182 2965 5254 γὰρ
2990 5181 3217 5252 κυρείαν
3252 5174 3407 5231 εἶπεν
3431 5165 3676 5243 ἐφθακέναι

1779 5351 2009 5410 VARle
2051 5353 2461 5410 LECTIONES.

585 5521 630 5555 δ’
662 5521 819 5576 Θεόν.
856 5520 983 5577 Des.
1021 5521 1076 5574 in
1103 5518 1164 5573 Β.
1238 5517 1284 5549 ⁸³
1313 5516 1354 5570 Β
1377 5518 1465 5572 ἀν.

484 5589 609 5647 Des.
646 5593 700 5645 in
735 5592 774 5644 A
813 5600 866 5645 et
892 5592 934 5645 Β
1030 5590 1076 5621 ⁸⁸
1133 5590 1254 5643 αὐτ.
1304 5586 1432 5641 Des.
1467 5588 1519 5642 in
1564 5587 1629 5642 Α.

481 5659 524 5713 Α
552 5675 735 5728 prtem.
781 5660 942 5714 ἔστω.

482 5726 664 5796 primu.
698 5730 776 5783 τό.
853 5731 897 5762 ⁸⁷
935 5733 972 5783 Α
1004 5729 1301 5798 κατῴκουν.
1381 5726 1425 5758 ⁸⁸
1457 5744 1576 5795 γεγ.
1612 5726 1651 5779 Β
1673 5728 1794 5781 add.
1819 5729 2008 5798 μέγας.

1580 5517 1626 5549 ⁸⁸
1656 5520 1702 5572 Α
1736 5516 1764 5570 ὃ
1795 5520 1921 5574 ἴδον.
1996 5521 2042 5552 ⁸⁸
2085 5538 2207 5577 κατ.
2259 5522 2379 5578 Des.
2426 5526 2480 5578 in
2520 5526 2581 5578 Δ.
2657 5525 2703 5556 ⁸⁸
2731 5526 2843 5580 δὺν·
2881 5528 2918 5581 A
2955 5538 3141 5595 prtem.
3179 5524 3396 5595 Δανιήλ.
3470 5522 3507 5552 δ’
3530 5516 3659 5571 τοῦτο

1580 5587 1629 5634 t.
1738 5588 1921 5634 δυτοίν
1985 5590 2025 5634 R
2063 5588 2156 5634 οὖν
2256 5595 2301 5626 ιο
2341 5590 2459 5634 ςττνσ
2512 5595 2718 5634 unave.
2820 5598 2924 5634 ιι
2996 5595 3099 5634 an
3161 5592 3266 5634 np.
3333 5597 3384 5634 in
3421 5596 3473 5634 Α,
3543 5580 3659 5633 δ’τό

1030 5590 1076 5621 ⁸⁸
1133 5590 1254 5643 αὐτ.
1304 5590 1432 5641 Des.
1467 5590 1519 5642 in
1564 5590 1629 5642 A.
1738 5590 1783 5618 "
1809 5590 1938 5649 τοίν,
1985 5590 2025 5644 Β
2063 5590 2175 5647 οὖν.
2256 5595 2301 5626 ⁵ο
2341 5590 2481 5647 εἶπε.
2510 5595 2551 5648 Β
2578 5596 2743 5663 λέγει.
2820 5598 2863 5629 ⁸⁸
2893 5590 3117 5666 μῘβασ.
3156 5592 3288 5651 Des.
3333 5590 3384 5648 in
3415 5596 3474 5645 Δ.
3543 5590 3583 5618 "
3611 5590 3674 5633 τοι

1021 5660 1067 5692 ”
1114 5658 1291 5735 τοῦτο.
1342 5659 1467 5735 Des.
1513 5660 1567 5710 iu
1724 5658 1801 5735 ,ξι
1842 5659 1966 5735 λνπ.
1999 5662 2040 5713 Β
2095 5678 2280 5731 praem.
2315 5664 2401 5720 τά.
2479 5666 2522 5698 ⁵⁵
2550 5666 2625 5719 τό.
2657 5666 2702 5719 Α
2735 5682 2920 5735 prtem.
2948 5665 2976 5718 ὃ
3015 5661 3170 5728 εἶδες.
3288 5661 3333 5697 ³⁸
3367 5664 3468 5733 ίσχ.
3499 5659 3535 5712 Δ
3572 5664 3618 5710 cl
3643 5647 3674 5701 Β

2955 5538 3141 5595 pmm.
3161 5524 3396 5595 ΑΔανιήλ.
3470 5522 3507 5552 δ’
3530 5513 3675 5595 ῖοῦτῖσ

3288 5647 3342 5697 ἐί
3367 5664 3468 5733 ίσχ.
3499 5659 3535 5712 Δ
3572 5664 3618 5710 cl
3643 5647 3676 5701 Β
