3898 6208
246 375 380 442 1365

1418 396 1502 458 IN
1538 397 1894 459 DANIELIS
1931 400 2090 463 CAP.
2142 402 2238 462 IV.

3353 396 3492 462 1366

240 496 321 557 είς
344 494 415 586 τὰ
460 495 672 566 πέρατα
708 496 810 566 τῆς
840 496 965 567 γῆς,
1025 500 1270 556 τουτέστι
1293 504 1390 575 τὴν
1416 506 1666 572 ἐξουσίαν
1697 525 1707 538 ·
1735 510 1815 572 εἰς

1923 509 2054 566 lines
2083 518 2279 578 terrai,
2316 512 2422 567 hoc
2467 518 2555 567 est
2603 518 2925 582 potestatem
2965 526 2980 562 :
3014 508 3089 586 ad
3113 509 3314 566 coelum
3358 526 3486 566 vero

240 586 298 638 δὲ
322 585 414 638 τὸν
448 587 683 658 οὐρανὸν
712 588 897 643 οὐκέτι
951 590 1049 662 τὴν
1081 594 1325 663 κυρείαν,
1363 597 1502 665 ἀλλὰ
1535 599 1637 669 τὴν
1662 616 1821 670 μσγα·

243 676 513 747 λωσὺνην,
543 677 806 747 τουτέστι,
824 681 925 752 τὴν
952 680 1046 734 τοῦ
1074 682 1334 755 λογισμοῦ
1360 691 1678 756 φαντασίαν.

311 768 384 830 κ’.
418 775 528 825 κα¹.
568 787 587 821 ι
624 769 734 823 Καὶ⁵
784 772 866 825 ὅτι
916 768 1077 837 εἶδεν,
1109 776 1273 843 φησιν
1305 778 1373 843 ⁸⁸,
1396 780 1426 832 ὁ
1458 780 1710 850 βασιλεὺς
1736 782 1823 854 sip

244 862 344 912 καὶ
363 861 520 928 ἆγιον
543 862 939 917 καταϐαίνοντα
992 868 1056 919 ὲκ
1093 866 1188 920 τοῦ
1215 869 1469 939 ούρανοῦ,
1505 874 1599 926 καὶ
1627 870 1781 927 εἶπεν
1805 891 1820 904 ·

258 949 542 1004 Ἔκτίλατε
571 952 632 1005 τὸ
659 953 896 1024 δένδρον,
923 956 1019 1009 καὶ
1048 956 1387 1029 διαφθείρετε
1418 962 1462 994 ⁶⁰
1492 962 1652 1017 αὑτό·
1685 965 1825 1036 πλὴν

247 1041 348 1110 τήν
374 1042 514 1108 φυὴν
541 1043 649 1097 τῶν
693 1044 860 1115 ῥιζῶν
908 1048 1073 1102 αὑτοῦ
1124 1052 1183 1103 ὲν
1219 1054 1284 1123 τῇ
1311 1055 1379 1124 γῇ
1408 1054 1626 1121 ὲάσατε,
1652 1058 1744 1110 καὶ
1766 1060 1823 1112 ἐν

249 1133 436 1204 δεσμῷ
466 1136 668 1207 σιδηρῷ
707 1139 803 1190 καλ⁵
835 1140 1047 1212 χαλκῷ,
1090 1144 1186 1197 καὶ
1233 1146 1292 1198 ἐν
1325 1150 1390 1219 τῇ
1437 1149 1566 1220 χλόῃ
1599 1154 1665 1223 τῇ
1697 1151 1820 1219 ἔξω,

253 1225 349 1278 καὶ
378 1227 437 1280 ὲν
457 1230 521 1298 τῇ
539 1228 713 1299 δρόσῳ
739 1230 832 1284 τοῦ
863 1233 1097 1302 ούρανοῦ
1126 1237 1536 1309 αύλισθήσεται,
1564 1245 1657 1297 καὶ
1686 1246 1824 1315 μετά

251 1317 457 1386 θηρίων
480 1320 687 1392 ἀγρίων
734 1324 767 1393 ἡ
810 1325 968 1393 μερὶς
1019 1327 1205 1394 αὑτοῦ,
1232 1329 1339 1394 ἓως
1377 1324 1439 1385 οὗ
1473 1335 1613 1388 ἑπτὰ
1641 1338 1824 1407 καιροὶ

249 1411 616 1465 ἀλλοιωθῶσιν
676 1413 763 1467 ἔπ’
791 1414 955 1468 αὐτόν
984 1417 1049 1470 ⁸⁸.
1116 1419 1226 1472 Καὶ
1273 1420 1433 1477 τοῦτο
1461 1426 1495 1496 ἡ
1537 1426 1823 1497 σύγκρισις

247 1501 437 1564 αὑτοῦ,
481 1502 720 1571 βασιλεῦ.
758 1522 777 1556 ι
803 1505 923 1560 Καὶ
961 1506 1272 1570 ἀξιόπιστον
1305 1512 1474 1566 ποιῶν
1516 1516 1609 1568 τὸν
1640 1517 1819 1586 λόγον,

249 1591 566 1657 ἀναγκαίως
633 1593 916 1661 ἐπήγαγε·
973 1612 992 1646 ι
1043 1595 1152 1648 Καὶ
1227 1596 1505 1670 σύγκριμα
1566 1602 1821 1671 Ὑψίστου

248 1671 400 1732 ἐστὶν
432 1682 496 1742 ⁸⁸,
521 1680 548 1734 ὃ
578 1681 811 1750 ἔφθασεν
841 1685 933 1737 επὶ
956 1685 1046 1738 τὸν
1073 1685 1259 1756 κύριόν
1294 1705 1393 1758 μου
1418 1692 1506 1745 τὸν
1538 1692 1815 1762 βασιλέα.)

262 1769 540 1823 Ἐντεῦθεν
570 1772 716 1826 ἔστιν
741 1775 984 1844 ἀκριϐῶς
1033 1780 1369 1848 καταμαθεῖν
1411 1784 1509 1853 τῆς
1537 1786 1822 1841 ἀποστολι-

249 1862 354 1932 κῆς
391 1862 739 1928 διδασκαλίας
791 1867 854 1919 τὸ
911 1870 1201 1940 χρήσιμον.
1253 1891 1272 1924 ι
1310 1874 1466 1929 Πᾶσα
1496 1877 1626 1948 γὰρ,
1662 1880 1815 1948 φησι,

247 1953 395 2022 ψυχὴ
418 1952 689 2019 ἐξουσίαις
711 1956 1109 2027 ὑπερεχούσαις
1127 1961 1530 2019 ὑποταττὼθω.
1546 1985 1564 2018 ι
1588 1968 1696 2020 Καὶ
1711 1969 1820 2041 γὰρ

246 2042 344 2094 καὶ
369 2045 398 2096 ό
429 2042 699 2114 μακάριος
728 2047 926 2117 Δανιὴλ
975 2048 1165 2118 κύριον
1206 2052 1367 2105 αὑτὸν
1394 2053 1437 2086 ⁸³
1457 2055 1548 2107 τὸν
1584 2056 1819 2128 δυσσεϐῆ

250 2130 475 2201 βασιλέα
497 2134 672 2201 καλεῖ,
698 2138 789 2189 καὶ
811 2136 887 2208 τῷ
916 2139 1065 2210 νόμῳ
1078 2140 1178 2208 τῆς
1207 2142 1454 2208 ἐξουσίας
1478 2146 1816 2217 πειθόμενος,

245 2226 368 2287 ταῖς
393 2225 732 2291 πρεπούσαις
759 2232 1149 2303 προσηγορίαις
1196 2234 1479 2305 κέχρηται,
1527 2239 1622 2291 καὶ
1650 2238 1822 2310 λυπη-

249 2314 353 2385 ρὰν
378 2311 543 2369 οὖσαν
562 2317 656 2370 τοῦ
679 2320 929 2373 ἐνυπνίου
974 2323 1074 2392 τὴν
1108 2323 1369 2395 ἀλήθειαν
1421 2328 1815 2387 ὑποδείκνυσιν.

316 2403 424 2474 κβ¹.
457 2424 477 2457 ι
521 2407 864 2474 Ἐκδιώξουσι
885 2412 993 2483 γάρ
1022 2430 1101 2479 σε,
1128 2417 1311 2486 φησὶν,
1339 2418 1446 2471 ἀπηὲν
1476 2420 1583 2472 τῶν
1613 2421 1822 2493 ἀνθρὼ-

245 2511 388 2558 πων,
422 2497 517 2550 καὶ
578 2500 718 2567 μετά
776 2499 978 2572 θηρίων
1023 2506 1232 2576 ἀγρίων
1276 2508 1428 2562 ἕσται
1480 2512 1511 2580 ὴ
1566 2514 1819 2567 κατοικία

248 2601 369 2646 σου,
398 2586 494 2640 καὶ
517 2587 708 2657 χόρτον
738 2589 813 2652 ὡς
842 2590 967 2661 βοῦν
995 2594 1269 2664 ψωμιοῢσί
1306 2615 1387 2663 σε,
1434 2601 1530 2653 καὶ
1577 2603 1685 2655 ἀπὸ
1721 2605 1820 2674 τῆς

244 2674 439 2746 δρόσου
457 2676 551 2729 τοῦ
598 2680 830 2750 ούρανοῦ
886 2682 946 2735 τὸ
975 2685 1019 2716 δ”
1047 2684 1206 2756 σῶμά
1253 2705 1348 2741 σου
1380 2689 1697 2762 βαφήσεται,
1725 2697 1821 2747 καὶ

247 2767 390 2822 Ima
446 2770 627 2842 καιροὶ
690 2771 1082 2844 ἀλλαγήσονται
1142 2778 1232 2831 ἐπὶ
1269 2780 1354 2832 σοί
1384 2782 1446 2834 ⁸³.
1488 2800 1506 2832 ι
1553 2782 1734 2838 Ἑπτὰ
1762 2785 1819 2839 δὲ

246 2859 492 2925 καιροὺς
517 2864 565 2915 οἱ
629 2862 727 2932 μὲν
768 2863 973 2932 ἔφασαν
1019 2866 1159 2925 ἑπτὰ
1191 2869 1307 2940 ἔτη,
1361 2875 1407 2924 οἱ
1443 2873 1498 2926 δὲ
1548 2875 1672 2945 τρία
1725 2877 1820 2931 καὶ

246 2950 441 3018 ἥμισυ.
473 2954 547 3006 Οὑ
576 2954 683 3025 γὰρ
731 2957 811 3020 είς
853 2957 1124 3029 τέσσαρας
1177 2963 1383 3032 τροπὰς
1419 2966 1451 3035 ἡ
1484 2964 1600 3018 θεία
1631 2968 1819 3040 Γραφὴ

245 3041 339 3093 τὸν
366 3044 611 3098 ἐνιαυτὸν
657 3046 873 3117 διαιρεῖ,
904 3049 1016 3102 ἀλλ’
1056 3053 1135 3115 είς
1180 3053 1272 3106 δύο
1292 3054 1391 3118 τὰς
1422 3061 1816 3125 γενικωτάτας,

1925 615 2038 657 non
2069 601 2200 658 item
2224 602 2662 659 dominationem
2684 645 2700 672 ,
2738 600 2835 658 sed
2870 601 3301 672 magnitudinem
3327 644 3343 670 ,
3384 602 3490 657 huc

1922 697 2030 756 est,
2064 691 2419 763 cogitationis
2448 693 2818 764 phantasiam.

1995 776 2162 836 Vens.
2197 779 2291 848 20,
2318 780 2407 835 2|.
2448 799 2466 834 ι
2503 779 2567 834 Ει
2597 781 2726 851 quia
2758 781 2914 847 vidit,
2960 781 3183 851 inquit,
3226 796 3318 835 rex
3353 782 3489 842 vini-

1924 870 2031 926 lem
2066 878 2121 926 et
2166 880 2419 928 sanctum
2466 872 2895 928 descendentem
2926 873 2993 927 de
3027 873 3190 938 uelo,
3228 881 3282 927 et
3310 872 3488 928 dixit:

1924 955 2156 1014 Evellite
2185 961 2438 1016 arborem
2466 1001 2481 1026 ,
2518 968 2572 1016 et
2603 963 2939 1032 corrumpite
2977 963 3176 1033 ipsam,
3211 972 3492 1017 verumta-

1925 1063 2047 1102 men
2084 1064 2307 1117 germen
2342 1051 2591 1106 radicum
2630 1051 2750 1121 ejus
2786 1052 2841 1106 in
2892 1062 3034 1106 terra
3085 1053 3247 1107 sinite
3273 1094 3291 1119 ,
3338 1062 3391 1107 et
3437 1056 3491 1107 in

1925 1139 2144 1196 vinculo
2181 1140 2357 1197 ferreo
2389 1151 2445 1197 et
2474 1157 2619 1197 aereo
2642 1185 2657 1208 ,
2689 1150 2741 1198 et
2774 1143 2829 1197 in
2870 1144 3035 1198 herba
3068 1159 3190 1214 quae
3223 1144 3358 1203 foris
3384 1154 3489 1209 est,

1923 1239 1977 1284 et
2005 1231 2062 1285 in
2097 1246 2223 1288 rore
2247 1233 2372 1288 cmli
2401 1234 2765 1304 pernoctabit,
2798 1242 2852 1289 et
2884 1250 3007 1290 cum
3039 1234 3231 1290 bestiis
3263 1235 3493 1306 agresti-

1923 1317 2029 1374 bus
2057 1334 2188 1388 pars
2216 1321 2337 1390 ejus
2360 1360 2375 1385 ,
2409 1323 2583 1377 donec
2610 1333 2814 1390 septem
2847 1330 3093 1393 tempora
3127 1325 3493 1378 immutentur

1925 1425 2091 1480 super
2120 1427 2269 1467 eum.
2300 1412 2367 1467 Et
2389 1413 2502 1469 haec
2529 1415 2912 1485 interpretatio
2937 1415 3057 1486 ejus
3083 1458 3096 1483 ,
3143 1432 3176 1471 o
3205 1432 3320 1471 rex.
3358 1435 3377 1469 ι
3403 1405 3492 1471 Ἐι

1925 1499 2086 1556 fidem
2137 1502 2377 1558 orationi
2430 1504 2682 1572 faciens,
2737 1506 2986 1575 apposite
3035 1505 3314 1575 subjecit:
3369 1524 3386 1556 ι
3427 1504 3492 1560 Et

1924 1591 2204 1647 decretum
2231 1594 2498 1651 Altissimi
2526 1604 2630 1660 est,
2659 1597 2805 1667 quod
2835 1597 3089 1667 pervenit
3117 1612 3283 1668 super
3308 1596 3492 1650 domi-

1923 1699 2056 1738 num
2093 1700 2273 1740 meum
2303 1702 2509 1757 regem.
2544 1706 2563 1739 ι
2605 1686 2743 1742 llinc
2769 1688 2931 1758 plane
2958 1687 3171 1744 discere
3201 1689 3329 1744 licet
3359 1703 3490 1758 opu-

1924 1778 2132 1832 stolicat
2164 1776 2430 1832 doctrina:
2459 1779 2769 1834 utilitatem.
2806 1797 2824 1830 ι
2863 1778 3054 1835 Omnis
3085 1779 3229 1834 enim
3261 1780 3443 1833 anima
3476 1817 3490 1841 ,

1923 1868 2143 1937 inquit,
2186 1871 2551 1939 potestatibus
2580 1870 2994 1928 sublimioribus
3028 1872 3244 1927 subdita
3279 1872 3351 1926 sit
3380 1872 3431 1926 ιι.
3465 1889 3482 1921 ι

1919 1959 2134 2015 Etenim
2193 1963 2385 2020 beatus
2438 1979 2661 2035 quoque
2716 1964 2909 2019 Daniel
2964 1963 3245 2020 dominum
3308 1962 3487 2037 ipsum

1920 2052 2151 2122 impium
2192 2068 2375 2124 regem
2406 2062 2609 2117 vocat,
2657 2062 2712 2109 et
2756 2056 2858 2126 legi
2896 2056 3190 2126 potestatis
3226 2055 3488 2108 obediens

1919 2146 2180 2214 congruis
2206 2161 2341 2201 usus
2361 2155 2447 2202 est
2467 2147 2946 2216 appellationibus,
2968 2162 3031 2200 ac
3055 2147 3343 2202 molestam
3366 2159 3489 2200 esse

1920 2235 2123 2290 somnii
2149 2239 2439 2293 veritatem
2467 2239 2727 2296 ostendit.

1918 2448 1933 2467 ι
1992 2411 2161 2469 Vsus.
2194 2413 2286 2467 2‘2.
2325 2431 2345 2464 ι
2376 2413 2656 2484 Expellent
2689 2415 2834 2470 enim
2859 2422 2913 2482 te
2934 2457 2947 2481 ,
2984 2413 3182 2484 inquit,
3210 2412 3279 2468 ab
3310 2411 3491 2467 homi-

1918 2503 2083 2559 nibus
2113 2543 2128 2570 ,
2183 2511 2239 2558 et
2289 2518 2413 2558 cum
2464 2504 2661 2561 bestiis
2712 2507 3023 2575 agrestibus
3067 2505 3172 2560 erit
3220 2504 3491 2559 habitatio

1919 2603 2052 2651 tua:
2096 2608 2149 2651 et
2198 2595 2325 2651 {eno
2366 2605 2427 2651 ut
2458 2596 2651 2651 bovem
2688 2596 2952 2651 cibabunt
2983 2604 3070 2663 te,
3106 2604 3161 2650 et
3205 2611 3329 2650 rore
3362 2597 3486 2649 caeli

1918 2703 2122 2757 corpus
2167 2695 2321 2742 tuum
2370 2686 2816 2751 humectabitur,
2872 2693 2928 2741 et
2977 2693 3182 2755 septem
3239 2693 3486 2754 tempora

1921 2779 2283 2833 mutabuntur
2314 2792 2478 2846 super
2506 2785 2576 2830 te.
2616 2795 2634 2828 ι
2677 2775 2885 2844 Septem
2914 2789 3094 2831 autem
3127 2786 3363 2844 tempora
3396 2775 3486 2829 alii

1919 2880 2128 2940 septem
2155 2884 2328 2925 annos
2365 2867 2580 2940 1149
2608 2867 2885 2930 dixerunt,
2908 2867 2996 2921 alii
3032 2877 3140 2922 tres
3166 2882 3288 2921 cum
3323 2866 3486 2921 dimi-

1918 2963 2033 3018 dio.
2074 2960 2262 3032 Neque
2310 2961 2457 3016 enim
2504 2960 2560 3012 in
2592 2966 2829 3029 quatuor
2867 2958 3258 3015 conversiones
3301 2958 3487 3013 divina

1921 3053 2204 3123 Scriptura
2243 3066 2449 3106 annum
2497 3049 2735 3115 dividit,
2786 3049 2880 3105 sed
2916 3050 2971 3104 in
3005 3050 3143 3103 duas
3181 3048 3487 3103 nobiliores

247 3132 496 3235 χειμῶνα
533 3136 627 3191 καὶ
662 3137 812 3208 θέρος
830 3157 844 3170 ’
882 3142 1022 3196 ἑπτὰ
1042 3139 1133 3197 οὗν
1158 3145 1380 3199 τοιαῦτα
1409 3151 1670 3220 τμήματα
1690 3155 1813 3223 τρία

1923 3153 2124 3216 partes,
2145 3144 2379 3198 hiemem
2410 3149 2465 3196 et
2489 3149 2755 3197 aestatem.
2786 3138 3004 3209 Septem
3034 3139 3202 3209 igitur
3231 3139 3483 3209 hujusce-

246 3222 343 3275 καὶ
374 3224 546 3294 ἥμισυ
590 3228 789 3298 πληροῖ
815 3230 909 3301 ἔτη
946 3234 990 3265 ⁸⁸
1011 3249 1023 3261 ·
1057 3235 1321 3290 Τοσοῦτον
1339 3239 1415 3303 δὲ,
1451 3243 1632 3312 φησὶν,
1666 3222 1816 3317 ὲνίτῇ

248 3320 506 3388 συμφορᾷ
553 3320 880 3387 διατελέσεις
937 3326 1157 3395 χρόνονο
1199 3347 1216 3377 ι
1249 3331 1352 3394 ἕως
1411 3327 1471 3387 οὗ
1528 3334 1691 3405 γνῷς,
1737 3338 1818 3391 ὅτι

245 3405 492 3496 κυριεύει
524 3410 553 3461 ὁ
594 3410 851 3481 ’Υψιστος
879 3416 976 3484 τῆς
1029 3415 1305 3486 βασιλείας
1356 3422 1464 3476 τῶν
1491 3425 1814 3496 ἀνθρώπων,

245 3496 344 3549 καὶ
365 3489 411 3564 ᾧ
432 3498 531 3588 ἐὰν
563 3500 712 3573 δόξῃ,
743 3503 903 3557 δώσει
928 3508 1117 3577 αὑτήν.
1151 3529 1169 3560 ι
1211 3510 1424 3584 Ἐπειδὴ
1455 3515 1565 3586 γὰρ
1596 3489 1817 3588 ’ὀνειροέ

247 3588 433 3653 πολεῖς
490 3586 631 3645 εἶναι
690 3594 830 3657 θεὸς,
895 3598 1095 3666 μᾶλλον
1140 3599 1197 3653 δὲ
1248 3604 1342 3656 καὶ
1370 3606 1632 3675 κρείττων
1657 3586 1814 3675 Θεοῦ,

246 3676 563 3747 ἀφαιρεῖταί
594 3699 686 3736 σου
736 3685 867 3747 Θεὸς
914 3688 1007 3740 καὶ
1057 3687 1149 3741 τὸν
1180 3690 1515 3762 ἀνθρώπινον
1536 3694 1814 3766 λογισμὸν,

247 3767 342 3818 καὶ
374 3771 487 3832 τοῖς
521 3768 732 3841 θηρίοις
767 3774 810 3806 ⁸⁷
839 3792 896 3828 σε
925 3778 1415 3853 ὲοικέναιποιήσει,
1443 3785 1530 3840 ἵνα
1565 3791 1633 3858 τῇ
1654 3789 1817 3861 πείρᾳ

249 3857 448 3950 μάθῃς,
478 3864 532 3915 τί
564 3864 662 3932 μὲν
690 3865 992 3937 ἄνθρωπος,
1023 3871 1074 3922 τί
1111 3872 1167 3924 δὲ
1213 3873 1364 3938 Θεὸς,
1400 3878 1490 3930 καὶ
1523 3878 1575 3932 τί
1608 3857 1705 3950 μὲν
1726 3857 1817 3934 ἄνζ

245 3947 493 4022 θρωπίνη
538 3953 800 4026 εὑκληρία
829 3959 895 4019 ⁸⁸,
940 3960 994 4013 τί
1046 3962 1103 4015 δὲ
1145 3962 1262 4017 θεία
1324 3967 1589 4035 βασιλεία,
1609 3947 1717 4024 καὶ
1737 3972 1815 4025 ὅτι

242 4040 445 4112 ταύτης
476 4046 658 4114 τυχεῖν
690 4046 944 4103 ἀδύνατον
982 4052 1057 4122 μὴ
1099 4053 1419 4128 βουλομένου
1446 4061 1600 4117 Θεοῦ.

309 4225 421 4286 κγ’.
462 4238 481 4270 ι
516 4221 625 4272 Καὶ
650 4222 730 4274 ὅτι
753 4219 891 4289 εἶπε,
923 4228 1114 4297 φησίν·
1165 4230 1388 4285 Ἐἀσατε
1417 4234 1515 4305 τὴν
1545 4234 1683 4307 φυὴν
1707 4238 1816 4291 τῶν

245 4309 410 4398 ριζῶν
436 4311 531 4364 τοῦ
557 4312 772 4382 δένδρου
806 4316 869 4379 ⁵⁸,
911 4320 943 4387 ἠ
975 4318 1221 4386 βασιλεία
1256 4340 1346 4376 σου
1380 4328 1463 4378 σοι
1511 4332 1683 4397 μενεῖ,
1725 4332 1817 4398 ἀφ’

241 4395 310 4470 ἦς
335 4400 402 4453 ἂν
430 4402 574 4471 γνῷς
598 4403 695 4473 τὴν
726 4405 1002 4474 βασιλείαν
1024 4410 1067 4440 ⁷ο
1092 4411 1190 4481 τὴν
1223 4413 1555 4482 οὑράνιον⁹¹.
1597 4437 1618 4469 ι
1655 4420 1817 4472 Ἀπο-

1920 3239 2068 3293 modi
2102 3245 2290 3307 partes
2321 3242 2434 3289 tres
2471 3249 2644 3288 annos
2674 3246 2799 3286 cum
2833 3235 2851 3254 ⁶
2886 3230 3112 3285 dimidio
3146 3228 3439 3300 perﬁciunt
3468 3247 3483 3285 :

1918 3344 1983 3383 ac
2018 3335 2229 3381 tantum
2265 3322 2530 3394 temporis
2556 3367 2570 3390 ,
2601 3322 2802 3392 inquit,
2836 3323 2890 3375 in
2923 3320 3235 3374 calamitate
3271 3318 3436 3389 dcges
3470 3337 3482 3374 :

1927 3438 1945 3472 ι
1989 3420 2164 3475 donec
2195 3430 2520 3486 cognoscas,
2557 3413 2903 3468 Altissimum
2934 3425 3164 3482 regnare
3194 3425 3362 3481 regno
3391 3410 3487 3464 lio-

1918 3512 2159 3575 minum,
2200 3516 2256 3563 et
2284 3507 2602 3577 cuicunque
2649 3505 2828 3561 visum
2866 3503 3065 3572 fuerit,
3101 3501 3234 3558 dare
3266 3501 3421 3556 illud.
3462 3519 3481 3553 ι

1918 3602 2058 3667 Quia
2088 3600 2235 3654 enim
2259 3598 2528 3661 somnias,
2560 3605 2611 3651 te
2647 3596 2814 3650 deum
2844 3609 2986 3660 esse,
3019 3593 3130 3649 imo
3160 3608 3291 3649 vero
3319 3592 3482 3647 etiam

1919 3690 2258 3759 superiorem
2290 3688 2421 3757 Deo,
2450 3689 2654 3744 adimet
2680 3687 2779 3742 tibi
2808 3685 2953 3741 Deus
2991 3685 3153 3740 etiam
3184 3684 3483 3738 humanam

1917 3784 2307 3853 cogitationem
2359 3780 2673 3851 eﬂicietque
2730 3787 2791 3863 ut
2825 3777 3028 3834 similis
3057 3776 3258 3833 evadas
3290 3774 3485 3831 bestiis

1917 3874 2055 3930 feris
2085 3917 2101 3942 ,
2154 3883 2212 3927 ut
2250 3872 2591 3943 experientia
2635 3871 2856 3936 discas,
2900 3867 3034 3939 quid
3084 3867 3251 3922 homo
3283 3906 3298 3931 ,
3354 3865 3484 3935 quid

1917 3964 2063 4022 Deus
2089 4010 2104 4032 ,
2134 3976 2188 4021 et
2220 3964 2349 4035 quid
2382 3965 2618 4018 humana
2646 3961 2886 4018 felicitas
2915 4002 2932 4027 ,
2982 3966 3038 4016 et
3081 3957 3213 4029 quid
3254 3973 3483 4028 regnum

1918 4057 2163 4113 divinum
2184 4097 2199 4123 ,
2241 4064 2296 4111 et
2324 4056 2443 4110 ﬁeri
2481 4070 2591 4111 non
2623 4069 2787 4126 posse
2814 4092 2829 4118 ,
2873 4058 2936 4108 ut
2968 4052 3092 4123 quis
3122 4050 3257 4106 illud
3289 4064 3481 4105 conse-

1918 4156 2122 4220 quatur
2157 4147 2331 4202 invito
2362 4146 2494 4201 Deo.

1990 4237 2157 4293 Vens.
2196 4237 2286 4292 25.
2332 4236 2436 4289 (Ει
2466 4235 2610 4306 quod
2644 4233 2864 4298 dixerit,
2899 4232 3081 4302 inquit
3106 4247 3121 4283 :
3145 4228 3484 4299 Siniteplan—

1918 4341 2026 4387 tam
2058 4330 2306 4384 radicum
2337 4328 2575 4391 arboris,
2619 4339 2846 4394 regnum
2891 4331 3043 4376 tuum
3086 4321 3184 4375 tibi
3221 4319 3479 4376 manebit.

1918 4435 1984 4475 ex
2024 4432 2133 4488 quo
2178 4415 2503 4486 cognoveris
2556 4426 2783 4482 regnum
2826 4410 3067 4465 cmleste.
3105 4425 3125 4459 ι
3166 4406 3303 4462 Cum
3336 4406 3479 4460 enim

246 4491 533 4579 στερηθεὶς
588 4494 695 4564 γὰρ
751 4497 846 4565 τῆς
887 4497 1183 4567 βασιλείας,
1246 4505 1471 4557 κάκεῖνα
1518 4507 1817 4576 ὑπομείνας

1923 4522 2090 4579 regno
2137 4506 2425 4576 spoliatus,
2471 4511 2524 4558 et
2568 4504 2659 4557 illa
2705 4499 2889 4555 omnia
2936 4513 3232 4571 perpessus
3286 4496 3478 4555 fueris.

245 4578 462 4633 ἅπαντα
487 4623 502 4647 ,
530 4582 804 4655 ὲπιγνώσῃ
847 4590 943 4657 τῆς
977 4588 1254 4657 βασιλείας
1284 4593 1375 4647 τὸν
1414 4598 1667 4667 χορηγὸν,
1696 4595 1815 4653 εἶτα

245 4668 408 4733 γνοὺς
447 4667 701 4741 ἀπολήψῃ
751 4673 912 4726 πάλιν
964 4677 1061 4746 τὴν
1098 4681 1364 4750 προτέραν
1409 4683 1691 4747 ἐξουσίαν·
1731 4687 1817 4739 ἵνα

245 4756 339 4810 καὶ
371 4759 438 4828 τῇ
478 4759 788 4829 ἀφαιρέσει,
818 4764 909 4816 καὶ
936 4769 1000 4837 τῇ
1047 4769 1317 4834 ἀποδόσει,
1344 4773 1519 4845 μάθῃς
1550 4776 1812 4847 ἀκριϐῶς,

243 4849 326 4913 τίς
374 4852 404 4904 ὁ
432 4851 540 4905 τῶν
592 4853 730 4908 ὅλων
785 4858 1148 4931 κυϐερνήτης,
1203 4864 1287 4926 τίς
1317 4867 1345 4917 ὀ
1378 4868 1555 4938 σοφῶς
1599 4869 1816 4927 ἅπαντα

246 4941 442 4996 ίθύνων
473 4944 567 4997 καὶ
599 4949 965 5017 πρυτανεύων.
983 4952 1168 5017 Οὕτως
1194 4957 1430 5026 εἰρηκὼς
1463 4960 1529 5013 τὰ
1558 4962 1811 5032 ἐσόμενα,

243 5034 569 5104 παραίνεσιν
624 5039 867 5110 εἰσφέρει
920 5042 1012 5095 κοιλ⁹
1061 5044 1368 5117 συμϐουλὴν
1422 5049 1671 5122 ἀρίστην,
1718 5053 1814 5106 καὶ

242 5125 536 5197 φάρμακον
564 5132 861 5202 προσφέρει
885 5132 1175 5203 συμϐαῖνον
1209 5136 1284 5207 τῷ
1310 5138 1602 5211 τραύματι.

312 5307 343 5348 ιι
366 5307 529 5363 Rom.
568 5324 689 5376 xm,
715 5309 804 5365 11.

1918 4611 2184 4670 agnosces
2226 4595 2378 4665 regni
2418 4592 2757 4662 largitorem,
2798 4605 2908 4660 quo
2953 4588 3143 4659 agnito
3188 4587 3479 4658 pristinam

1915 4693 2240 4760 potestatem
2270 4683 2643 4752 recuperabis,
2673 4690 2733 4735 ut
2761 4687 2814 4735 et
2844 4678 3192 4748 ademptione
3220 4686 3272 4733 et
3300 4676 3498 4767 reddi-0

1916 4783 2061 4836 tione
2087 4779 2248 4850 plane
2283 4774 2572 4846 percipias,
2600 4773 2722 4843 quis
2770 4770 3013 4825 omnium
3045 4785 3225 4825 rerum
3265 4769 3337 4825 sit
3379 4784 3481 4841 gu—

1916 4870 2197 4928 bernator,
2226 4867 2353 4937 quis
2378 4863 2660 4934 sapienter
2685 4862 2868 4917 omnia
2893 4867 3047 4931 regat
3068 4869 3123 4916 et
3142 4859 3476 4915 moderetur.

1918 4960 1995 5014 Ita
2022 4960 2295 5030 praedictis
2342 4954 2565 5019 futuris,
2609 4952 3040 5008 admonitionem
3072 4964 3127 5006 et
3159 4951 3481 5019 consilium,

1919 5051 2191 5120 optimum
2253 5047 2443 5111 alfert,
2502 5042 2917 5114 remediumque
2973 5039 3198 5098 adhibet
3263 5041 3482 5097 vulneri

1920 5142 2075 5197 valde
2108 5145 2558 5195 consentaneum.

1552 5466 1795 5523 VARIAE
1833 5466 2245 5525 LECTIONES.

318 5616 366 5648 ”
393 5631 528 5686 φησ.
574 5614 704 5670 Des.
751 5615 803 5669 in
840 5614 880 5668 Β
990 5617 1035 5648 ⁶⁰
1070 5619 1114 5670 Α
1153 5625 1207 5673 ει
1236 5617 1278 5670 Β
1308 5616 1672 5688 διαφθείρατε.
1751 5620 1793 5652 ⁶¹
1825 5620 1867 5673 Β
1893 5619 2060 5689 αὐτῷ.
2136 5620 2180 5653 θ’
2209 5621 2323 5672 ἐστ.
2370 5623 2414 5673 Α
2451 5631 2636 5689 prtem.
2673 5614 2818 5669 τοῦτ’

318 5685 379 5759 τὸ
419 5714 492 5759 ς-
538 5685 669 5759 βαφ.
711 5685 1116 5759 ᾼῃαὺλισθήσῃ.
1221 5690 1275 5759 ‘f
1311 5687 1351 5759 Β
1385 5687 1493 5759 σέ.
1563 5688 1609 5759 δξ
1645 5689 1737 5742 πλ.
1767 5690 1820 5743 in
1861 5690 1899 5741 Β
1941 5702 2059 5759 post
2103 5688 2196 5759 ἔτη
2244 5690 2481 5759 ponitu_r.
2518 5756 2539 5759 Α
2582 5685 2709 5759 ⁸⁷-Β
2755 5684 2818 5759 θη

244 5685 290 5758 ξδ
318 5685 379 5739 τὸ
419 5714 492 5758 f—
538 5685 669 5758 βαςρ.
711 5685 1116 5758 Αῄλαὺλισθήσῃ.
1221 5690 1266 5720 ⁸⁵
1311 5687 1351 5758 Β
1385 5687 1462 5739 σέ.

2931 5616 2977 5648 ⁸³
3009 5616 3129 5668 αὐτ.
3169 5615 3290 5667 Des.
3324 5612 3377 5664 in
3412 5611 3475 5665 B.

2582 5687 2627 5718 ⁸⁷
2667 5685 2709 5737 Β
2755 5684 2950 5756 θηρίῳ.
3027 5685 3072 5717 ⁸⁸
3108 5682 3149 5736 Β
3188 5682 3473 5753 εὐημερίᾳ.

246 5757 292 5788 ³⁸
322 5745 567 5827 δένδρου.
596 5745 639 5810 Ᾱ
679 5756 850 5822 addit,
877 5757 933 5810 ἐν
968 5745 1032 5826 τῇ
1239 5758 1284 5790 ⁷⁰
1323 5757 1443 5826 βασ.
1471 5758 1509 5810 Λ
1553 5757 1818 5821 ἐξουσίαν.
1879 5760 1920 5791 τί
1944 5745 1996 5813 Ἀ
2039 5745 2377 5830 ἐπουράνιον.
2412 5757 2452 5810 Β
2474 5756 2580 5812 τῶν
2608 5745 2871 5824 οὐρανῶν.
