3898 6208
416 323 546 393 1371
1405 337 1889 400 THEODORETI
1919 338 2253 401 EPISCOPI
2276 338 2640 405 CYRENSIS
3499 343 3609 414 1372

415 438 553 494 Nam
574 441 702 513 quia
727 462 745 496 ι
776 446 944 503 Homo
971 463 1096 503 cum
1117 458 1287 515 esset,
1309 459 1363 506 et
1393 452 1447 505 in
1472 452 1679 508 honore
1707 456 1972 516 maximo.

2085 454 2178 507 καὶ
2205 456 2262 509 ὲν
2288 457 2421 525 τιμῇ
2446 453 2522 508 ὢν
2553 452 2805 525 μεγίστῃ,
2838 452 2897 505 οὑ
2922 450 3173 520 συνῆκεν,
3206 451 3337 506 ἀλλά
3370 471 3614 526 παρασυν-

412 547 523 586 ηοη
572 534 863 603 intellexit,
900 538 994 593 sed
1044 551 1397 612 comparatus
1427 553 1511 601 est
1535 546 1801 616 jumentis
1848 550 1972 604 insi-

2081 546 2284 616 εϐλήθη
2312 549 2424 610 τοῖς
2453 547 2672 617 κτήνεσι
2717 546 2829 607 τοῖς
2853 545 3120 613 ἀνοήτοις,
3150 544 3240 598 καὶ
3262 544 3503 618 ὡμοιώθη
3533 551 3616 602 αὑ-

411 624 712 692 pientibus,
750 624 807 681 et
832 627 1031 686 similis
1060 630 1244 689 factus
1272 641 1357 690 est
1388 635 1499 693 illis
1544 637 1559 687 i
1589 676 1604 702 ,
1644 658 1663 690 ι
1706 647 1763 693 et
1787 641 1841 693 in
1869 639 1972 694 sibi

2079 640 2189 700 τοῖς
2214 678 2230 701 ,
2279 656 2298 689 ι
2351 638 2444 690 καὶ
2484 635 2740 707 θηριώδει
2789 633 2986 706 γνώμῃ
3038 634 3180 688 κατά
3237 635 3344 689 τῶν
3394 636 3617 707 ὑπηκόων

409 715 690 783 subjectos
718 715 893 772 ferina
925 730 1109 776 mente
1138 732 1191 778 et
1224 730 1407 781 animo
1434 727 1561 796 fuit,
1593 731 1791 786 merito
1810 732 1972 786 etiam

2079 727 2399 797 ἐκέχρητο⁷,
2422 728 2646 789 είκότως
2695 726 2789 780 καὶ
2835 726 2980 793 μάλα
3010 725 3233 790 δικαίως
3261 728 3350 778 τὺν
3397 728 3616 799 κτηνώδη

365 881 369 885 ν
411 805 476 859 ad
512 805 741 863 ferinam
773 819 827 864 et
856 822 1129 881 agrestem
1152 817 1319 871 vitam
1344 819 1657 889 justissime
1681 821 1978 897 damnatus

407 903 512 949 est.
543 895 743 953 Verum
802 904 1043 963 clemens
1080 906 1346 965 Dominus
1400 913 1635 967 remisso
1670 895 1974 983 supplicio,

409 996 466 1038 ut
494 986 785 1058 benignus,
818 995 1020 1064 quique
1050 998 1390 1068 experientia
1436 1000 1721 1068 docuerat,
1768 1019 1827 1058 se
1854 1019 1978 1059 esse

407 1076 654 1162 omnium
688 1079 1002 1151 Dominum,
1036 1100 1236 1142 rursus
1270 1088 1452 1159 ipsum
1493 1089 1734 1157 reduxit,
1774 1094 1979 1162 ac‘pri-

406 1158 615 1223 stinum
648 1170 697 1226 ei
742 1189 968 1245 regnum
1000 1158 1313 1234 commisit.

481 1257 645 1315 Vens.
685 1262 776 1316 5i.
822 1281 843 1316 ι
884 1264 1014 1321 Post
1069 1266 1229 1323 ﬁnem
1265 1269 1410 1324 enim
1472 1270 1710 1336 dierum,
1769 1273 1977 1343 inquit,

405 1363 509 1419 ego
542 1349 1049 1412 Nabuchodonosor
1094 1360 1288 1416 oculos
1324 1376 1477 1418 meos
1527 1364 1582 1418 in
1612 1365 1813 1420 caelum
1850 1382 1979 1423 sus-

406 1439 529 1495 tuli.
575 1459 594 1492 ι
637 1441 758 1498 Non
801 1444 923 1501 sine
959 1461 1129 1505 causa
1172 1458 1353 1506 autem
1390 1453 1595 1522 adjecit
1621 1471 1738 1525 ego,
1784 1457 1881 1513 sed
1921 1467 1980 1513 ut

405 1545 598 1589 omnes
634 1535 887 1593 homines
915 1538 1180 1596 doceret:
1219 1544 1376 1611 quasi
1418 1545 1493 1599 ita
1531 1546 1698 1611 dicat,
1732 1547 1830 1603 Ille
1853 1564 1978 1620 ego,

405 1624 501 1693 qui
533 1631 683 1679 tanta
707 1626 838 1681 olim
856 1630 1167 1701 arrogantia
1188 1633 1439 1688 dixeram
1471 1652 1484 1688 :
1520 1653 1538 1686 ι
1571 1634 1675 1700 Qui
1697 1648 1781 1693 est
1808 1637 1972 1702 Deus.

2081 1640 2198 1709 νείᾳ
2252 1639 2434 1709 ἐκείνῃ
2466 1637 2839 1708 χρησάμενος,
2879 1639 2907 1689 ό
2937 1634 3206 1705 είρηκώς’
3255 1652 3274 1686 ι
3313 1634 3406 1696 Τίς
3452 1636 3622 1687 ἐστινὸ

405 1715 502 1785 qui
539 1724 697 1771 eruat
727 1733 825 1773 vos
855 1735 885 1775 e
914 1722 1166 1778 manibus
1202 1725 1336 1780 meis
1368 1725 1436 1780 1ιῖ
1474 1746 1492 1778 ι
1533 1729 1627 1797 qui
1668 1731 1972 1786 somniave-

2081 1726 2230 1791 Θεὸς,
2283 1726 2341 1788 ὃς
2384 1724 2644 1791 ὲξελεῖται
2688 1726 2833 1794 ὑμᾶς
2884 1727 2948 1778 ὲκ
2994 1724 3101 1776 τῶν
3147 1722 3351 1793 χειρῶν
3388 1739 3523 1792 μου;
3557 1726 3622 1776 ιό

406 1819 546 1872 ram,
584 1804 700 1863 fore
733 1815 795 1863 ut
822 1809 876 1863 in
900 1811 1103 1867 caelum
1135 1814 1513 1882 ascenderem,
1553 1825 1609 1872 et
1638 1833 1803 1889 super
1831 1830 1972 1878 astra

2079 1815 2492 1887 ὀνειροπολήσας
2523 1815 2604 1878 είς
2632 1814 2724 1868 τὸν
2755 1815 2985 1885 οὑρανὺν
3026 1813 3320 1883 ἀναϐῆναι,
3343 1814 3437 1867 καὶ
3465 1814 3622 1868 ὲπάνω

2079 818 2172 870 καὶ
2199 816 2441 887 θηριώδη
2480 816 2591 886 βίον
2622 815 3010 885 κατεδικάσθη.
3041 816 3181 868 Ἀλλ’
3212 818 3240 870 ὁ
3272 817 3618 889 φιλάνθρωπος

2079 909 2374 978 Δεσπότης,
2409 909 2578 971 λύσας
2608 908 2703 978 τὴν
2745 909 3036 979 τιμωρίαν.
3078 909 3154 972 ὡς
3205 908 3424 975 ἀγαθὸς.
3451 912 3536 962 καὶ
3560 916 3617 983 τῇ

2079 1000 2242 1069 πείρᾳ
2269 998 2505 1063 διδάξας,
2535 997 2609 1059 ὡς
2658 998 2819 1060 αὑτός
2848 1000 2961 1050 ἐστι
2987 997 3091 1051 τῶν
3131 997 3385 1051 ἁπάντων
3413 999 3612 1069 Κύριος,

2080 1091 2242 1144 πάλιν
2264 1089 2423 1142 αὑτὸν
2454 1090 2790 1160 ἐπανήγαγε,
2824 1090 2917 1142 καὶ
2945 1089 3042 1160 τὴν
3070 1088 3347 1160 βασιλείαν
3380 1088 3514 1159 αὑτῷ
3534 1091 3618 1161 τὴν

2083 1181 2351 1252 προτέραν
2392 1178 2700 1233 ἐπίστευσε.

2149 1271 2249 1325 λα’.
2293 1291 2312 1323 ι
2351 1271 2506 1325 Μετά
2534 1272 2642 1342 γὰρ
2679 1271 2828 1335 τέλος
2853 1310 2870 1336 ,
2903 1271 3037 1341 φησὶ
3053 1269 3096 1337 ⁸,
3130 1270 3240 1324 τῶν
3267 1270 3504 1342 ἡμερῶν,
3528 1270 3620 1340 ἐγὼ

2079 1363 2554 1434 Ναϐουχοδονόσορ
2583 1364 2708 1425 τοὺς
2744 1363 3060 1434 ὀφθαλμούς
3113 1381 3215 1434 μου
3248 1365 3329 1426 εἰς
3356 1362 3443 1416 τὸν
3484 1364 3623 1435 ούρα-

2079 1456 2168 1509 νδν
2215 1456 2498 1512 ἀνέλαϐον.
2543 1475 2561 1507 ι
2591 1456 2703 1526 Οὑχ
2736 1455 2925 1518 ἁπλῶς
2953 1455 3011 1508 δὲ
3035 1453 3392 1527 προστέθεικε
3420 1454 3478 1507 τὸ
3504 1454 3619 1521 ἐγὼ,

2081 1548 2215 1602 ἀλλά
2241 1548 2506 1602 διδάσκων
2525 1547 2768 1610 ἅπαντας
2788 1544 3128 1615 ἀνθρώπους,
3156 1544 3237 1607 ὡς
3270 1544 3332 1597 '0
3360 1545 3423 1615 τῇ
3452 1544 3621 1608 ἀλαζο-

406 1910 666 1965 ponerem
691 1900 949 1956 thronum
988 1918 1192 1971 meum,
1226 1907 1569 1976 experientia
1605 1909 1804 1969 doctus
1831 1913 1977 1969 didi-

404 1987 456 2041 ci
493 1988 629 2058 quid
678 1989 892 2060 deceat,
934 2008 1057 2049 meo
1114 1997 1133 2019 ‘
1188 1998 1467 2067 supplicio
1518 2014 1713 2070 sapere
1772 2002 1974 2067 didici,

405 2092 582 2133 meam
615 2081 934 2139 servitutem
960 2085 1177 2152 agnovi.
1210 2086 1422 2143 Idcirco
1456 2091 1622 2145 etiam
1662 2093 1717 2146 in
1761 2093 1976 2166 115‘.

404 2168 604 2223 ccelum
629 2173 820 2226 oculos
851 2187 1001 2228 meos
1034 2176 1274 2241 sustuli;
1326 2177 1473 2248 quod
1509 2180 1675 2235 simul
1711 2196 1778 2237 ac
1814 2181 1919 2239 feci
1956 2205 1968 2239 :

410 2275 429 2308 ι
476 2257 543 2311 Et
574 2273 727 2315 mens
757 2275 876 2315 mea
919 2262 986 2317 ad
1031 2279 1115 2320 me
1161 2281 1387 2322 reversa
1435 2278 1542 2325 est.
1593 2289 1610 2321 ι
1650 2270 1705 2325 ld
1753 2280 1859 2340 est,
1905 2275 1975 2329 ab

403 2348 617 2404 insania
650 2351 914 2408 liberatus
948 2352 1024 2409 t'ui
1046 2394 1063 2419 ,
1097 2357 1397 2428 statimque
1438 2361 1652 2419 ratione
1692 2366 1971 2430 convalui,

366 2467 370 2471 -
401 2452 457 2497 et
487 2451 723 2499 mentem
759 2447 958 2516 recepi.
997 2466 1016 2499 ι
1054 2447 1119 2503 Ει
1150 2450 1437 2508 Altissimo
1477 2454 1753 2520 benedixi,
1779 2465 1852 2512 .et
1883 2458 1964 2512 vi-

401 2543 619 2590 ventem
653 2535 709 2590 in
756 2539 955 2592 saecula
995 2539 1233 2603 laudavi,
1270 2543 1399 2611 quia
1429 2552 1675 2614 potestas
1710 2548 1832 2616 ejus
1867 2564 1965 2619 po-

401 2634 569 2682 testas
611 2637 834 2694 aeterna,
868 2639 921 2686 et
953 2645 1181 2699 regnum
1216 2631 1339 2700 ejus
1374 2634 1431 2688 in
1475 2637 1882 2705 generationem
1914 2645 1969 2693 et

398 2719 822 2786 generationem.
860 2742 878 2776 ι
911 2722 1047 2778 Cum
1088 2726 1233 2780 enim
1282 2728 1621 2797 experientia
1682 2729 1964 2797 didicerit,

398 2811 532 2879 quid
561 2812 741 2879 homo,
776 2815 907 2883 quid
941 2814 1104 2879 Deus,
1152 2817 1301 2874 hunc
1344 2819 1568 2888 quidem
1616 2821 1962 2878 Altissimum

397 2910 453 2957 et
491 2902 760 2959 viventem
787 2907 1041 2975 appellat,
1070 2916 1125 2962 et
1149 2923 1330 2979 regem
1358 2911 1754 2980 sempiternum
1782 2918 1960 2975 vocat,

399 3002 556 3045 suam
587 2994 1067 3070 verotcnuitatem
1099 2998 1367 3067 agnoscit.
1392 2998 1611 3066 Quare:

480 3169 638 3228 Vsus.
681 3171 770 3227 52.
817 3193 837 3227 ι
894 3173 961 3230 Et
1011 3190 1225 3244 omnes,
1280 3179 1481 3250 inquit,
1542 3180 1856 3237 habitantes
1913 3181 1971 3236 in

402 3271 546 3317 terra
578 3279 675 3334 pro
738 3266 916 3322 nihilo
964 3272 1200 3340 reputati
1237 3280 1388 3327 sunt.
1443 3291 1463 3324 ι
1499 3271 1634 3327 Nam
1696 3288 1872 3342 usque
1903 3274 1972 3328 ad

404 3371 644 3424 praesens
662 3366 880 3429 tempus
905 3361 1348 3418 existimaveram
1380 3365 1647 3436 meipsum
1671 3365 1972 3420 maximum

401 3456 456 3501 et
499 3449 830 3505 altissimum
863 3467 987 3508 esse
1019 3470 1035 3509 :
1081 3470 1230 3510 nunc
1276 3462 1458 3510 autem
1497 3464 1682 3525 aperte
1713 3456 1971 3527 cognovi,

402 3554 620 3595 omnem
677 3542 961 3601 hominum
1005 3554 1284 3609 naturam,
1333 3547 1380 3601 si
1442 3547 1550 3602 Deo
1598 3557 1971 3619 comparetur,

403 3630 540 3685 nihil
580 3646 722 3688 esse.
755 3635 1003 3706 Cumque
1046 3638 1387 3706 quaesivisset
1418 3639 1705 3694 tenuitatis
1748 3655 1969 3706 nomen,

404 3735 468 3775 ac
506 3722 715 3777 nullum
748 3725 968 3796 dignum
1020 3728 1343 3792 invenisset,
1398 3730 1531 3784 illud
1581 3730 1716 3785 nihil
1768 3732 1972 3801 posuit,

362 3842 373 3851 κ
405 3810 549 3878 quod
590 3812 815 3886 lubrica:
847 3824 903 3870 et
930 3813 1088 3872 fluxa:
1134 3827 1346 3873 natura:
1393 3818 1643 3874 idoneam
1675 3820 1843 3876 habet
1881 3822 1976 3876 de-

306 3930 313 3938 -
405 3899 776 3957 clarationem.
816 3902 884 3957 Et
924 3903 1091 3959 Deum
1147 3907 1394 3976 quidem,
1429 3915 1484 3962 et
1512 3907 1876 3969 Altissimum.
1920 3918 1976 3966 et

406 3990 710 4056 Dominum,
746 4001 802 4049 et
835 3996 1110 4061 viventem,
1131 4007 1186 4052 et
1212 4014 1381 4069 regem
1407 4001 1781 4069 sempiternum
1811 4016 1976 4057 voca-

404 4083 543 4138 vit:
595 4099 787 4142 omnes
843 4101 978 4143 vero
1022 4089 1273 4146 homines
1328 4090 1460 4145 nihil
1527 4092 1836 4161 appellavit.
1897 4092 1975 4148 Ita

404 4172 569 4228 etiam
597 4174 791 4231 beatus
821 4176 996 4233 Isaias
1016 4177 1263 4234 divinam
1298 4180 1608 4236 simulacris
1647 4195 1975 4251 comparans

406 4275 681 4331 naturam,
738 4269 1038 4325 humanum
1091 4285 1265 4339 genus
1302 4271 1360 4326 in
1421 4270 1665 4326 medium
1723 4273 1970 4340 protulit.

2076 1907 2188 1961 τῶν
2221 1907 2495 1976 ἀστέρων⁹
2513 1905 2684 1960 θεῖναι
2715 1906 2806 1959 τὸν
2839 1907 3027 1977 θρόνον
3063 1924 3167 1978 μου
3185 1907 3253 1970 ¹⁰,
3280 1906 3546 1976 ἐδιδάχθην
3566 1910 3618 1977 τῇ

2077 1997 2245 2068 πείρᾳ
2271 1997 2332 2051 τὸ
2354 1997 2491 2060 δέον,
2516 1996 2716 2067 ἔμαθον
2738 1996 2826 2050 διά
2848 1997 2948 2067 τῆς
2971 1997 3248 2067 τιμωρίας
3267 1996 3311 2028 ¹¹
3335 2000 3619 2066 σωφρονεῖν,

2074 2085 2173 2158 τὴν
2224 2084 2464 2157 ὲμαυτοῦ
2505 2086 2748 2141 δουλείαν
2785 2087 3054 2155 ἐπέγνων.
3104 2088 3201 2140 Διὸ
3255 2089 3351 2141 καὶ
3395 2086 3621 2139 ἀνέλαϐον

2073 2180 2199 2242 τοὺς
2225 2177 2536 2248 ὀφθαλμούς
2585 2195 2687 2248 μου
2739 2180 2820 2242 είς
2873 2179 2965 2231 τὸν
3007 2178 3265 2249 οὐρανὸν,
3313 2177 3406 2231 καὶ
3431 2178 3535 2248 ἅμα
3571 2194 3620 2231 τι
3724 2231 3734 2242 ,

2070 2267 2231 2322 τοῦτο
2286 2269 2553 2338 ἐποίησα,
2593 2286 2612 2320 ι
2663 2270 2772 2322 Καὶ
2804 2271 2858 2323 αί
2895 2269 3092 2342 φρένες
3150 2287 3257 2340 μου
3308 2270 3621 2339 ἐπεστράφη-

2078 2374 2177 2410 σαν
2205 2358 2266 2409 ¹’.
2319 2376 2339 2409 ι
2404 2357 2549 2411 ’Δντὶ
2598 2356 2716 2423 τοῦ,
2749 2358 2861 2427 Τῆς
2896 2357 3328 2429 παραφροσύνης
3373 2358 3620 2428 ἐλεύθερος

2071 2448 2360 2521 ἐγενόμην,
2387 2447 2483 2501 καὶ
2532 2448 2624 2503 τὸν
2654 2448 2912 2519 λογισμὸν
2957 2448 3249 2521 ὲρῤώσθην
3292 2466 3305 2480 ⁸
3338 2450 3618 2519 παραυτίκα

2073 2538 2129 2591 δὲ
2165 2539 2293 2608 ὑγιῆ
2346 2537 2438 2591 τὸν
2471 2538 2596 2591 νοῦν
2644 2538 2938 2591 ἀπέλαϐον.
2975 2558 2993 2589 ι
3052 2539 3163 2592 Καὶ
3221 2537 3301 2608 τῷ
3353 2538 3619 2609 ’Υψίστῳη

2075 2628 2365 2698 εὑλόγησα,
2382 2627 2590 2680 καὶτὸν
2617 2626 2794 2692 ζῶντα
2817 2628 2860 2659 ¹⁸
2891 2630 2970 2690 είς
2999 2630 3126 2692 τοὺς
3171 2629 3377 2691 αἰῶνας
3395 2628 3614 2699 ᾔνεσαυ.

2072 2719 2152 2773 δτι
2180 2722 2214 2788 ή
2241 2719 2456 2783 ἐξουσία
2489 2718 2654 2772 αὑτοῦ
2685 2719 2906 2784 ἐξουσία
2938 2719 3175 2785 αἰώνιος,
3212 2722 3308 2775 καὶ
3338 2724 3370 2793 ή
3406 2718 3616 2793 βασιλεία

2071 2810 2235 2863 αὑτοῦ
2270 2811 2349 2873 είς
2378 2809 2569 2878 γενεὰν
2597 2811 2690 2863 καὶ
2710 2810 2923 2878 γενεάν.
2939 2830 2958 2861 ι
2975 2811 3142 2875 Γνοὺς
3164 2811 3280 2885 γάρ
3301 2815 3367 2884 τῇ
3385 2812 3551 2882 πείρᾳ,
3573 2810 3617 2862 τί

2072 2898 2169 2969 μὲν
2185 2899 2280 2953 ἀνθ
2290 2916 2486 2971 ρωπος,
2505 2899 2557 2952 τί
2580 2899 2637 2952 δὲ
2657 2899 2808 2963 Θεὸς,
2834 2899 2924 2954 τὸν
2951 2901 3050 2970 μὲν
3072 2900 3342 2971 Ὕψιστον
3366 2901 3455 2955 καὶ
3468 2898 3618 2963 ζῶντα

2071 2989 2490 3058 προσαγορεύει,
2524 2990 2619 3044 καὶ
2655 2990 2877 3059 βασιλέα
2917 2989 3135 3046 αἰώνιον
3156 2992 3427 3047 ἀποκαλεῖ
3455 2991 3512 3055 ⁸⁸,
3537 2988 3618 3059 τὴν

1994 3074 2037 3132 C
2069 3083 2126 3137 δὲ
2166 3081 2368 3135 οἰκείαν
2402 3081 2676 3136 εὐτέλειαν
2710 3081 3083 3150 ἐπιγινώσκει.
3124 3084 3222 3137 Διό
3253 3100 3386 3154 φησι
3414 3101 3429 3118 ·

2143 3175 2241 3245 λβ’.
2271 3193 2289 3227 ι
2309 3177 2419 3229 Καὶ
2441 3175 2639 3237 πάντες
2658 3176 2706 3228 οἱ
2731 3173 3111 3238 κατοικοῦντες
3132 3175 3237 3244 τὴν
3265 3177 3369 3247 γῆν
3399 3177 3473 3240 είς
3492 3176 3618 3230 οὐδὲν

2074 3267 2450 3337 ἐλογίσθησαν.
2494 3285 2512 3317 ι
2543 3266 2721 3336 Μέχρι
2753 3265 2852 3335 μὲν
2896 3264 3005 3337 γὰρ
3046 3265 3142 3319 τοῦ
3198 3268 3462 3337 παρόντος
3487 3265 3617 3337 ᾤμην

2073 3352 2215 3409 εἶναι
2243 3357 2482 3425 ἐμαυτὸν
2531 3355 2787 3425 μέγιστόν
2820 3373 2879 3408 τε
2934 3355 3028 3408 καὶ
3076 3356 3432 3427 ὑψηλότατον,
3464 3344 3617 3412 νῦνδὲ

2075 3449 2244 3519 ἔγνων
2281 3448 2483 3518 σαφῶς,
2507 3449 2582 3511 ὡς
2612 3449 2760 3501 πᾶσα
2793 3446 2902 3500 τῶν
2931 3447 3240 3520 ἀνθρώπων
3280 3450 3311 3519 ή
3341 3448 3493 3519 φύσις
3519 3444 3616 3516 Θεῷ

2075 3539 2530 3611 παραϐαλλομένη
2574 3538 2726 3593 οὐδέν
2761 3540 2897 3593 ἐστι.
2931 3540 3041 3593 Καὶ
3086 3539 3333 3611 ζητήσας
3380 3539 3617 3601 εὐτελείας

2075 3630 2465 3702 προσηγορίαν,
2482 3630 2575 3682 καὶ
2601 3629 2675 3699 μὴ
2700 3628 2878 3701 εὑρὼν
2906 3630 3082 3696 ἀξίαν,
3102 3629 3162 3686 τδ
3182 3630 3369 3684 οὐδὲν
3388 3630 3614 3689 τέθεικεν,

2075 3721 2311 3791 ἔμφασιν
2344 3720 2466 3791 ἕχον
2526 3719 2716 3791 ἱκανὴν
2750 3719 2844 3772 τοῦ
2877 3719 3146 3790 σφαλεροῦ
3196 3722 3295 3774 καὶ
3342 3717 3615 3772 εὐδιαλύτου

2074 3811 2172 3881 τῆς
2221 3810 2454 3879 φύσεως.
2490 3811 2595 3862 Καὶ
2636 3809 2727 3863 τὸν
2763 3809 2863 3879 μὲν
2919 3809 3052 3862 Θεὸν
3080 3811 3174 3864 καὶ
3198 3810 3513 3878 "factor,
3540 3808 3616 3859 καὶ

2075 3904 2428 3968 Δεσπότην,
2487 3901 2583 3953 καὶ
2638 3898 2823 3959 ζῶντα
2853 3900 2896 3931 ¹⁷
2950 3900 3046 3953 καὶ
3096 3900 3367 3965 βασιλέα
3410 3899 3617 3953 αἰώνιον

2076 3992 2436 4057 ἀπεκάλεσεν,
2470 3991 2717 4053 ἅπαντας
2761 3991 2816 4044 δὲ
2870 3990 3193 4061 ἀνθρώπους
3241 3990 3421 4046 οὐδὲν
3474 4003 3616 4059 προσ-

2076 4084 2394 4155 ηγόρευσεν.
2450 4081 2607 4136 Οὕτω
2636 4082 2693 4136 δὲ
2736 4082 2832 4136 καὶ
2861 4083 2889 4135 ὁ
2937 4083 3208 4154 μακάριος
3269 4081 3484 4143 Ἡσαΐας
3526 4080 3615 4139 τοῖς

2076 4174 2313 4237 εἰδώλοις
2363 4172 2461 4245 τὴν
2492 4173 2640 4226 θείαν
2690 4172 3059 4243 παραϐάλλων
3104 4173 3291 4243 φύσιν,
3320 4174 3376 4226 τὸ
3403 4170 3502 4224 τῶν
3538 4170 3614 4222 ἀν-

2079 4265 2309 4336 θρώπων
2342 4266 2422 4326 εἰς
2454 4263 2617 4334 μέσον
2639 4264 2930 4334 παρήγαγε
2952 4265 3129 4331 γένος.
3173 4283 3191 4315 ι
3241 4264 3301 4317 Εἰ
3332 4263 3436 4332 γὰρ
3467 4260 3613 4312 πάντα

410 4376 430 4407 ι
480 4358 537 4411 Si
570 4357 718 4412 enim
747 4374 937 4415 omnes
977 4367 1191 4431 gentes,
1227 4361 1425 4430 inquit,
1468 4361 1613 4416 sicut
1651 4362 1800 4416 stilla
1847 4377 1877 4416 a
1907 4363 1972 4418 si-

2079 4356 2146 4409 τὰ
2171 4355 2319 4425 ἔθνη,
2351 4355 2514 4424 φησὶν
2536 4392 2550 4417 ,
2580 4354 2654 4417 ὡς
2679 4353 2893 4421 σταγὼν
2917 4354 3025 4406 ἀπὸ
3052 4354 3215 4407 κάδου
3237 4393 3249 4415 ,
3284 4355 3376 4407 καὶ
3402 4352 3469 4414 ὡς
3498 4347 3613 4420 ῥοπὴ

406 4449 539 4509 tulit.
565 4457 619 4505 et
648 4451 789 4506 sicut
829 4459 1246 4506 monumentum
1290 4460 1506 4507 staterae
1530 4460 1793 4522 reputata:
1824 4463 1972 4521 sunt,

2083 4448 2247 4514 ζυγοῦ
2295 4446 2671 4521 ἐλογίσθησαν,
2695 4447 2790 4499 καὶ
2825 4446 2899 4509 ὼς
2948 4445 3124 4509 σίελος
3155 4442 3614 4515 λογισθήσοντανό

405 4550 459 4594 et
489 4541 647 4610 quasi
684 4543 860 4598 saliva
899 4542 1339 4612 reputabuntur;
1370 4542 1618 4599 Libanus
1658 4552 1839 4599 autem
1872 4560 1972 4598 non

2080 4540 2138 4594 δὲ
2163 4539 2393 4601 Λίϐανος
2427 4538 2525 4608 οὑχ
2561 4536 2742 4601 ἱκανὸς
2765 4538 2845 4600 είς
2872 4536 3089 4601 καῦσιν,
3127 4537 3221 4590 καὶ
3251 4538 3422 4590 πάντα
3459 4533 3520 4586 τὰ
3543 4547 3613 4584 τε-

409 4631 639 4688 idoneus
670 4632 737 4687 ad
784 4633 1238 4696 comburendum,
1273 4644 1327 4688 et
1374 4635 1558 4689 omnia
1600 4635 1972 4704 quadrupedis

2082 4632 2325 4704 τράποδα
2341 4631 2440 4701 οὑχ
2472 4629 2632 4684 ικανά
2673 4633 2752 4695 είς
2800 4630 3195 4700 όλοκάρπωσιν,
3232 4632 3326 4683 καὶ
3369 4629 3529 4683 πάντα
3558 4624 3611 4678 τὰ

409 4734 517 4774 non
567 4718 843 4776 suliiciunt
893 4721 963 4775 ad
1002 4720 1408 4786 holocaustum,
1462 4730 1516 4778 et
1548 4738 1742 4778 omnes
1791 4732 1972 4793 gentes

2085 4723 2212 4795 ἔθνη
2236 4724 2316 4785 είς
2340 4723 2493 4775 οὐδέν
2527 4723 2655 4785 εἰσι,
2684 4721 2777 4774 καὶ
2802 4722 2881 4784 εἰς
2910 4720 3063 4774 οὐδὲν
3093 4720 3438 4789 ἐλογίσθησαν
3462 4715 3608 4785 αὐτῷ’

406 4814 562 4881 quasi
591 4813 827 4869 nihilum
877 4825 1028 4877 sunt,
1079 4823 1135 4870 et
1178 4829 1278 4882 pro
1320 4814 1494 4869 nihilo
1539 4823 1803 4886 reputatae
1853 4823 1972 4870 sunt

2083 4812 2187 4865 τίνι
2212 4808 2506 4881 όμοιώσετε
2526 4809 2571 4841 ¹⁸
2596 4808 2834 4881 Κύριον;
2861 4809 2957 4864 καὶ
2986 4809 3094 4863 τίνι
3122 4809 3419 4881 ὁμοιώματι
3448 4803 3612 4878 ὁμοιώ·

407 4903 554 4971 apud
588 4918 737 4967 eum,
773 4904 862 4959 cui
894 4905 1277 4981 assimilabitis
1313 4905 1525 4977 1155
1564 4906 1894 4961 Dominum?
1925 4914 1972 4961 et

2088 4919 2208 4956 σετε
2232 4901 2427 4967 αὑτόν;
2461 4918 2479 4952 ι
2516 4900 2798 4968 Τοσαύτην
2826 4900 3095 4972 ὠφέλειαν
3124 4903 3153 4954 ὁ
3182 4900 3611 4972 Ναϐουχοδονόσορ

407 4993 498 5047 cui
525 4992 750 5062 imagini
776 4996 1153 5053 assimilabitis
1181 5012 1304 5052 eum
1344 4995 1458 5053 1?»
1495 4996 1732 5052 Tantum
1764 4997 1972 5052 utilita-

2083 4997 2150 5049 ἐκ
2170 4993 2279 5048 τῶν
2312 4991 2606 5063 συμφορῶν
2635 4991 2872 5057 ἐδέξατο,
2888 4993 2971 5047 ὅτι
2994 4992 3342 5065 προφητικῶς
3364 4991 3480 5063 περὶ
3499 4985 3608 5042 Θεοῦ

406 5081 480 5137 tis
500 5094 568 5137 ex
599 5081 1009 5142 calamitatibus
1046 5085 1295 5156 percepit
1334 5083 1869 5153 Nabuchodonosor,
1919 5093 1972 5141 ut

2086 5087 2181 5139 ml.
2214 5085 2401 5155 φρονεῖ
2433 5084 2526 5137 καὶ
2575 5082 2869 5152 φθέγγεται
2905 5099 2920 5116 ·
2956 5084 3050 5138 καὶ
3089 5081 3165 5146 ὡς
3215 5083 3278 5136 ὲκ
3330 5079 3608 5154 συμφωνίας

484 5242 661 5301 il’sal.
696 5258 888 5312 xum,
916 5243 1000 5300 l3.
1077 5243 1103 5284 ι
1145 5241 1214 5299 IV
1241 5242 1375 5316 Reg.
1411 5244 1681 5308 “111,55.
1762 5243 1781 5284 ι
1812 5242 1917 5300 lsa.
1951 5260 1972 5297 ι

2079 5241 2256 5299 15-18.

3044 5326 3077 5345 κ

1708 5401 1942 5458 νΑιιιΑε]
1987 5403 2395 5463 LECTIONES.

509 5570 532 5602 '
557 5568 600 5624 Β
620 5570 909 5654 ὲκρήσαῖο-
945 5571 1081 5654 .313.
1105 5571 1262 5651 φηςιν
1283 5570 1344 5654 τὲ
1381 5570 1557 5654 ιτέλο.ςσ
1594 5565 1724 5654 ,ᾅβ
1752 5567 1994 5654 mea;
2133 5584 2265 5654 ra:-
2294 5563 2427 5654 Pes-
2452 5566 2506 5654 ξιτ
2535 5564 2600 5654 Ρ·
2751 5586 2866 5654 ειιξς
2905 5566 2946 5621 Β
2967 5566 3182 5654 τεὲιοεξ·
3342 5557 3597 5654 tam

414 5655 602 5711 prem.
629 5628 715 5694 ἐπ’
741 5628 864 5711 ἒμέ.
945 5641 986 5674 ⁸⁸
1007 5628 1282 5711 Ed.'p'l'ior
1310 5640 1439 5697 hab.
1469 5628 1877 5711 τδνξζῲξστρνῖ
1955 5638 1997 5669 ⁸⁸
2018 5637 2064 5689 Α
2092 5628 2168 5706 τῷ
2192 5637 2373 5711 ζῶντι.
2453 5637 2495 5711 ’ξ
2532 5636 2615 5706 ᾕν.
2646 5638 2688 5692 Α
2722 5628 2891 5705 addit,
2914 5640 3007 5693 καὶ
3043 5628 3288 5704 ἐδόξασα.
3360 5635 3374 5664 ¹
3415 5628 3457 5682 Δ
3482 5628 3596 5678 ἀπε·

416 5705 679 5765 καλεῖται.
759 5705 800 5743 "7
841 5728 896 5766 κ.
936 5705 1146 5777 cev-ca:
1172 5711 1291 5768 Des.
1332 5712 1385 5767 in
1427 5711 1487 5767 B.
1567 5708 1608 5741 ¹⁸
1642 5707 1680 5759 Β
1710 5707 1765 5761 Ιι.
1797 5707 1831 5759 Ι.
1860 5714 1913 5761 et
1944 5715 2066 5776 post
2096 5705 2292 5776 pauca,
2312 5705 2649 5776 ὡμοιώσατε.
