3898 6208
316 325 446 390 1373

1520 329 1599 388 ΙΝ
1632 329 1780 389 DAN
1786 329 1985 389 IELIS
2023 331 2180 393 CAP.
2206 335 2304 393 IV.

3427 330 3557 397 137‘

309 438 454 501 τινὸς
484 438 595 494 ἀπὸ
636 440 739 512 τῆς
759 438 987 504 κτίσεως
1009 442 1188 495 πᾶσαν
1219 440 1319 512 τὴν
1352 440 1622 512 ὑμνῳδίαν
1646 441 1879 511 ὑφαίνει.

1991 443 2162 502 instar
2192 447 2474 519 prophetae
2504 447 2574 502 de
2615 446 2721 503 Deo
2770 454 2824 501 et
2857 447 3061 504 sentiat
3087 457 3140 505 et
3183 448 3458 520 loquatur.
3492 449 3558 503 Et

312 547 332 579 ι
383 529 617 595 Πάντες,
650 530 833 602 φησὶν,
859 532 908 584 οἱ
945 530 1325 596 κατοικοῦντες
1360 531 1461 602 τὴν
1484 531 1585 602 γῆν
1624 532 1701 595 ὡς
1736 531 1888 585 οὐδὲν

307 618 696 690 ἐλογίσθησαν,
732 620 990 674 καὶκατὰ
1017 622 1078 675 τὸ
1113 621 1324 691 θέλημα
1356 621 1523 675 αὑτοῦ
1554 623 1700 675 ποιεῖ
1730 624 1789 676 ἐν
1819 624 1886 694 τῇ

306 709 540 780 δυνάμει
565 710 659 764 τοῦ
695 711 923 783 ούρανοῦ
941 751 956 775 ,
983 714 1075 766 καὶ
1110 713 1167 767 ἐν
1200 717 1266 784 τῇ
1292 713 1543 784 κατοικίειν⁴
1572 716 1672 784 τῆς
1695 713 1820 785 γῆς.
1862 733 1882 766 ι

307 800 422 852 Καὶ
469 800 605 871 αὔτη
633 801 689 854 δὲ
736 802 924 872 ἑτέρου
974 804 1255 873 προφήτου
1295 803 1636 858 διδασκαλία.
1681 804 1739 857 '0
1777 803 1888 875 γὰρ

312 890 589 961 μακάριος
635 892 798 946 Δαϐἱδ
846 893 993 961 λέγει
1021 896 1100 928 ¹⁹ο
1142 914 1159 947 ι
1191 896 1377 949 Πάντα
1408 897 1509 949 ὅσα
1552 895 1816 967 ἠθέλησεν
1859 899 1888 951 ὁ

310 980 558 1050 Κύριος,
590 982 842 1052 ἐποίησεν
891 987 947 1038 ἐν
996 986 1074 1057 τῷ
1126 989 1341 1059 οὐρανῷ
1390 990 1485 1042 καὶ
1531 991 1590 1043 ἐν
1619 993 1685 1062 τῇ
1735 994 1825 1063 γῇ.
1861 1010 1881 1044 ι

310 1066 486 1121 Τοῦτο
517 1071 607 1124 καὶ
644 1065 796 1134 οὗτος
829 1073 1107 1144 κηρύττει.
1151 1096 1168 1127 ι
1207 1079 1274 1129 "A
1307 1078 1414 1149 γὰρ
1444 1079 1488 1110 ¹⁰
1516 1077 1684 1146 θέλει,
1730 1080 1884 1149 φησὶ,

310 1159 406 1213 καὶ
433 1161 492 1214 ἐν
524 1162 588 1231 τῇ
625 1159 970 1232 δυνάμειτοῦ
1010 1166 1260 1237 οὐρανοῦ,
1290 1169 1381 1221 καὶ
1433 1170 1490 1221 ἐν
1528 1172 1594 1240 τῇ
1633 1169 1887 1240 κατοικία

308 1252 409 1321 τῆς
454 1252 577 1320 γῆς,
612 1271 631 1304 ι
662 1257 990 1323 πρυτανεύει
1044 1260 1140 1312 καὶ
1187 1258 1463 1324 δεσπόζει,
1491 1260 1553 1313 οὐ
1597 1263 1755 1331 μόνον
1791 1260 1888 1332 τῆς

307 1342 436 1411 γῆς,
482 1342 619 1396 ἀλλά
669 1344 733 1416 δὴ
779 1347 874 1399 καὶ
908 1348 1088 1402 αὐτῶν
1134 1350 1241 1403 τῶν
1296 1351 1564 1422 οὐρανῶν.
1613 1348 1746 1406 Εἶτα
1792 1352 1888 1406 xa‘t

308 1431 523 1502 ἄμαχον
570 1434 841 1499 δεικνὺς²¹
876 1437 977 1505 τῆς
1026 1438 1308 1509 δυνάμεως
1347 1460 1360 1473 ·
1395 1461 1413 1493 ι
1446 1443 1555 1495 Καὶ
1610 1443 1708 1496 οὐκ
1747 1442 1883 1506 ἐστι,

310 1525 518 1594 φησὶν,
560 1525 618 1587 ὃς
665 1526 1044 1598 ἀντιστήσεται
1089 1535 1154 1602 τῇ
1196 1535 1338 1605 χειρὶ
1382 1534 1579 1598 αὑτοῦ,
1630 1535 1725 1589 καὶ
1772 1536 1889 1606 ἐρεῖ

308 1615 462 1685 αὐτῷ
481 1634 494 1646 '
514 1618 579 1670 Τί
604 1618 762 1672 τοῦτο
774 1622 818 1651 ²²
844 1621 1105 1692 ἐποίησας
1132 1641 1147 1690 ;
1184 1644 1201 1675 ι
1235 1626 1473 1696 Ἀνάγκη
1504 1626 1611 1696 γὰρ
1639 1628 1885 1697 στέργειν

307 1707 379 1759 τὰ
400 1707 668 1763 ὑπἀὐτοῦ
683 1712 961 1783 γινόμενα,
982 1713 1075 1767 ἐάν
1090 1732 1150 1767 τε
1182 1715 1422 1786 θυμήρη,
1449 1717 1632 1770 ἐάντε
1662 1718 1885 1786 ἀλγεινά

1988 537 2147 607 quasi
2181 554 2250 594 ex
2289 546 2562 593 concentu
2597 540 2833 610 quodam
2873 554 2904 593 a
2941 550 3190 595 creatura
3231 547 3401 596 totam
3440 541 3558 597 lau-

1987 627 2264 682 dationem
2309 618 2548 683 orditur.
2589 648 2609 681 ι
2646 630 2873 696 Omnes,
2926 630 3125 700 inquit,
3159 629 3471 686 habitantes
3503 631 3558 687 in

1988 722 2133 769 terra
2156 717 2313 784 quasi
2363 717 2595 771 nihilum
2645 719 2880 789 reputati
2936 726 3085 782 sunt,
3157 729 3211 773 et
3256 721 3558 774 secundum

1988 804 2325 859 voluntatem
2369 820 2525 860 suam
2578 804 2730 870 facit,
2764 809 2817 862 in
2862 808 3064 863 virtute
3094 808 3243 872 cmli,
3290 818 3344 863 et
3378 809 3430 863 in
3463 809 3560 862 ha-

1986 893 2251 950 bitatione
2284 904 2464 952 terrae.
2501 916 2518 949 ι
2562 897 2742 968 Atque
2776 898 2892 952 haec
2921 900 3081 953 etiam
3111 899 3251 953 alius
3274 898 3559 968 Propheta:

1986 984 2238 1041 doctrina
2266 998 2393 1056 est;
2430 988 2636 1044 etenim
2684 991 2877 1046 beatus
2908 989 3117 1044 David:
3159 1008 3177 1041 ι
3217 989 3434 1056 Omnia,
3468 991 3559 1045 in-

1985 1078 2126 1146 quit,
2158 1095 2504 1150 quaacunque
2529 1082 2763 1137 voluerit
2797 1079 3095 1145 Dominus,
3126 1081 3272 1146 fecit,
3318 1083 3373 1136 in
3418 1084 3559 1137 caelo

1986 1174 2043 1222 et
2075 1168 2130 1222 in
2165 1177 2313 1223 terra
2344 1180 2402 1224 ω.
2445 1188 2464 1220 ι
2522 1167 2638 1224 Hoc
2684 1170 2849 1224 etiam
2901 1170 3005 1226 iste
3056 1170 3336 1240 praedicat.
3379 1190 3398 1222 ι
3429 1169 3559 1236 Quae

1985 1256 2130 1312 enim
2159 1260 2293 1322 vult,
2322 1258 2527 1331 inquit,
2573 1268 2628 1316 et
2659 1261 2713 1315 in
2744 1261 2946 1317 virtute
2976 1261 3133 1325 caeli,
3169 1271 3223 1316 et
3258 1261 3311 1315 in
3342 1261 3558 1315 habita-

1986 1349 2134 1404 tione
2164 1357 2344 1414 terrze,
2385 1369 2404 1403 ι
2436 1352 2779 1419 moderatur,
2817 1368 2881 1408 ac
2915 1352 3230 1408 dominatur
3262 1367 3369 1406 non
3399 1353 3559 1406 modo

1985 1452 2163 1507 terrae,
2215 1441 2311 1499 sed
2360 1444 2526 1498 etiam
2581 1444 2741 1501 caelis
2791 1445 2947 1517 ipsis.
3004 1443 3210 1500 Deinde
3261 1442 3558 1500 ostendens

1987 1541 2311 1603 potestatem
2358 1536 2377 1557 ‘
2419 1535 2539 1605 ejus
2582 1536 3061 1607 inexpugnabilem
3100 1556 3114 1591 :
3153 1555 3172 1588 ‹
3212 1534 3276 1589 Et
3309 1551 3415 1590 non
3448 1542 3554 1600 est,

1986 1623 2181 1695 inquit.
2214 1625 2306 1696 qui
2340 1627 2563 1681 resistat
2611 1628 2796 1681 manui
2843 1627 2985 1697 ejus,
3039 1634 3094 1681 et
3122 1626 3271 1681 dicat
3308 1626 3356 1680 ei
3389 1646 3402 1680 :
3444 1624 3558 1679 Cur

1988 1717 2092 1772 hoc
2133 1717 2347 1774 fecisti?
2383 1738 2402 1771 ι
2440 1718 2676 1775 Necesse
2722 1726 2807 1774 est
2840 1722 3008 1786 enim,
3065 1733 3190 1772 cum
3228 1717 3296 1772 iis
3336 1732 3456 1787 qua:
3487 1716 3556 1771 ab

307 1792 341 1868 ᾖ
367 1814 380 1827 ·
403 1798 674 1870 τολμηρὸν
689 1803 798 1872 γὰρ
824 1805 886 1856 τὸ
918 1805 1253 1869 ἀντιτείνειν,
1276 1808 1366 1860 καὶ
1387 1809 1661 1863 αἰτιᾶσθαι
1688 1809 1757 1863 τὰ
1796 1811 1885 1863 ὑπ’

1991 1822 2052 1862 eo
2084 1807 2240 1876 llunt,
2297 1809 2413 1864 sive
2461 1809 2706 1878 jucunda
2770 1809 2902 1876 sint,
2965 1811 3082 1865 sive
3132 1808 3381 1872 molesta,
3432 1821 3558 1861 esse

306 1889 476 1943 αὑτοῦ
514 1892 693 1961 σοφῶς
748 1897 1215 1967 πρυτανευόμενα.
1267 1898 1469 1965 Ταῦτα,
1521 1901 1671 1970 φησὶ,
1724 1900 1885 1968 γνοὺς

306 1981 404 2033 καὶ
448 1983 827 2053 ὁμολογήσας,
862 1987 958 2040 καὶ
1012 1988 1104 2042 τὸν
1162 1990 1425 2058 Ὕψιστον
1491 1990 1750 2054 δοξάσας,
1805 1992 1887 2053 εἰς

304 2074 548 2143 ἐμαυτὸν
571 2077 894 2146 ἐπανῆλθον,
917 2079 1010 2134 καὶ
1040 2081 1140 2153 τὴν
1161 2084 1432 2155 προτέραν
1460 2082 1733 2153 βασιλείαν
1766 2084 1885 2154 μετ’

302 2167 591 2234 εὐσεϐείας
632 2170 927 2227 ἀπέλαϐον.

376 2347 481 2416 λγ’.
524 2366 542 2399 ι
576 2347 735 2419 Αύτῷ
765 2349 876 2421 γὰρ
914 2349 991 2420 τῷ
1021 2351 1199 2424 καιρῷ
1228 2354 1283 2407 αἱ
1323 2353 1517 2423 φρένες
1549 2370 1652 2424 μου
1682 2353 1882 2424 ἐστρά-

304 2454 488 2508 φησαν
536 2438 672 2511 πρός
701 2457 768 2510 με
790 2441 855 2507 ⁸³,
890 2442 986 2496 καὶ
1022 2443 1101 2505 είς
1135 2443 1237 2513 τὴν
1280 2444 1446 2513 τιμὴν
1473 2446 1572 2513 τῆς
1606 2444 1884 2513 βασιλείας

308 2547 415 2600 μου
447 2527 631 2601 ἦλθον,
663 2534 758 2586 καὶ
791 2536 825 2603 ἠ
861 2535 1042 2604 μορφή
1077 2551 1178 2605 μου
1210 2535 1546 2606 ἐπέστρεψεν
1572 2538 1660 2588 ἐπ’
1697 2536 1819 2605 ἐμέ.
1858 2554 1875 2587 ι

304 2618 546 2690 Δύχμῶν
573 2621 704 2691 γάρ,
745 2621 821 2686 ὡς
866 2624 1030 2688 εἰκὸς,
1077 2626 1172 2677 καὶ
1205 2624 1412 2695 ῥυπῶν,
1449 2625 1883 2695 ἀποκειράμενος

306 2711 404 2763 καὶ
445 2711 515 2766 τά
555 2713 781 2783 περιττὰ
829 2714 936 2768 τῶν
979 2717 1185 2787 ὀνύχων
1239 2718 1597 2789 ἀφελόμενος,
1654 2716 1749 2770 καὶ
1792 2717 1884 2772 τὸν

310 2799 485 2871 ῥύπον
518 2803 940 2876 ἀπονιψάμενος,
971 2807 1067 2860 καὶ
1090 2808 1190 2877 τῆς
1218 2806 1367 2872 θείας
1395 2808 1618 2881 χάριτος
1644 2807 1883 2862 ἀπολαύ-

310 2909 436 2957 σας.
460 2895 779 2967 ἐπεγνώσθη
828 2898 910 2951 ὅτι
943 2897 1228 2969 ἄνθρωπος
1253 2898 1320 2971 ἦν
1364 2902 1593 2965 ἐκεῖνος,
1632 2903 1661 2954 ὁ
1686 2900 1885 2972 πρότε-

312 3002 408 3057 ρον
429 2985 479 3018 ’⁸
505 2987 605 3058 τὴν
633 2988 898 3060 μεγίστην
938 2990 1138 3044 διέπων
1169 2991 1467 3062 βασιλείαν.
1515 3014 1535 3047 ι
1577 2996 1687 3049 Καὶ
1712 2996 1761 3049 οἱ
1790 2994 1883 3048 τύ-

1987 1907 2330 1965 conteutum,
2383 1916 2507 1955 cum
2550 1901 2904 1956 temerarium
2941 1901 3014 1956 sit
3061 1899 3364 1966 adversari,
3409 1909 3464 1954 οι
3490 1912 3555 1954 ea

1987 1991 2231 2061 culpare,
2265 2007 2388 2061 qua!
2437 1992 2506 2046 ab
2559 1992 2680 2061 ipso
2730 1992 3010 2061 sapienter
3074 1989 3552 2046 administrantur.

1987 2078 2132 2144 Haec,
2162 2081 2356 2151 inquit,
2390 2084 2513 2135 cum
2545 2082 2925 2151 cognovissem
2953 2089 3007 2134 et
3042 2080 3329 2134 confessus
3352 2093 3553 2141 essem,

1985 2180 2039 2225 et
2068 2172 2296 2243 gloriam
2342 2172 2626 2227 Altissimo
2663 2172 3002 2236 tribuissem,
3040 2172 3106 2226 ad
3158 2172 3431 2242 meipsum
3466 2184 3557 2225 re-

1985 2265 2084 2328 dii,
2117 2270 2171 2318 et
2201 2263 2490 2333 pristinum
2520 2263 2698 2333 recepi
2732 2278 2858 2317 cum
2899 2263 3100 2333 pietate
3129 2278 3379 2334 regnum.

2054 2354 2219 2410 Vens.
2244 2354 2331 2409 33.
2362 2373 2380 2406 ι
2413 2352 2488 2407 Eo
2527 2354 2673 2409 enim
2710 2361 2958 2424 tempore
2990 2368 3146 2408 mens
3198 2368 3314 2406 mea
3336 2364 3557 2407 reversa

1985 2451 2069 2499 est
2107 2442 2173 2498 ad
2210 2459 2316 2508 me,
2356 2450 2410 2498 et
2442 2444 2509 2496 ad
2551 2442 2816 2498 honorem
2845 2442 2997 2510 regni
3036 2442 3138 2496 mei
3177 2441 3335 2506 veni,
3362 2447 3418 2495 et
3447 2440 3557 2495 for-

1984 2552 2071 2590 ma
2102 2550 2222 2592 mea
2258 2534 2421 2589 rediit
2455 2533 2521 2587 ad
2549 2550 2654 2589 me.
2681 2554 2698 2586 ι
2723 2533 2996 2603 Squalens
3023 2533 3167 2587 enim
3203 2533 3339 2594 situ,
3373 2540 3429 2583 ut
3460 2544 3558 2600 par

1984 2637 2122 2693 erat,
2154 2638 2208 2680 et
2236 2625 2591 2689 sordescens,
2616 2626 2903 2690 detonsus,
2928 2624 3265 2694 abjectisque
3293 2622 3556 2690 unguium

1984 2717 2383 2782 excrementis,
2437 2716 2807 2785 sordibusque
2853 2714 3085 2777 ablutis,
3126 2713 3327 2768 divina:
3369 2710 3557 2781 gratiae

1985 2823 2215 2880 compos
2246 2807 2452 2872 lactus,
2482 2807 2701 2877 agnitus
2734 2812 2849 2869 est,
2887 2804 3032 2875 quod
3060 2811 3209 2859 esset
3241 2803 3405 2855 homo
3444 2800 3553 2862 ille,

1986 2903 2079 2973 qui
2117 2904 2268 2972 prius
2288 2900 2587 2955 maximum
2619 2898 3042 2954 administrabat
3064 2910 3312 2966 regnum.
3345 2891 3559 2962 1156

1993 3012 2011 3045 ι
2052 2993 2114 3046 ΕΙ.
2145 2993 2362 3064 tyranni
2391 2992 2521 3056 mei,
2554 2992 2751 3060 inquit,
2778 3000 2829 3045 et
2863 2990 3162 3059 optimates
3200 2986 3305 3040 mei
3344 2999 3555 3054 quaere-

312 3076 501 3146 ραννοί
525 3094 646 3146 μου,
667 3077 819 3148 φησὶ,
844 3078 1005 3132 κα.ὶοὶ
1037 3083 1360 3150 μεγιστᾶνες
1388 3100 1490 3152 μου
1517 3081 1816 3154 ἐπεζήτουν
1838 3085 1883 3116 ’⁸

1991 3085 2122 3139 bant
2146 3097 2250 3136 me.
2276 3101 2294 3132 ι
2317 3080 2530 3134 Etenim
2552 3080 2648 3144 illi,
2677 3079 2890 3147 abjecto
2917 3079 3063 3142 odio,
3092 3076 3355 3132 benevolo
3371 3076 3557 3128 animo

312 3183 406 3237 με.
447 3185 467 3219 ι
510 3169 859 3240 Ἀποθέμενοι
897 3171 1006 3242 γὰρ
1050 3172 1293 3227 κάκεῖνοι
1323 3175 1383 3228 τὸ
1430 3177 1603 3246 μῖσος,
1646 3177 1884 3231 διάθεσιν

310 3261 446 3329 περὶ
475 3261 576 3330 ἐμὲ
611 3261 708 3316 καὶ
751 3263 973 3334 φίλτρον
1005 3264 1214 3319 ἔλαϐον.
1269 3285 1289 3318 ι
1340 3266 1452 3320 Καὶ
1480 3266 1573 3320 ἐπὶ
1600 3268 1700 3340 τὴν
1735 3269 1886 3339 βασι-

308 3350 463 3405 λείαν
519 3370 619 3423 μου
663 3354 1062 3426 ἐκραταιώθην,
1095 3356 1188 3409 καὶ
1222 3356 1575 3430 μεγαλωσύνη
1630 3377 1886 3431 περισσο-

309 3443 452 3515 τέρα
480 3444 781 3516 προσετέθη
816 3463 925 3517 μοι.
960 3466 978 3499 ι
1011 3449 1119 3500 Καὶ
1148 3448 1379 3502 τοῦτοδὲ
1414 3450 1576 3504 πάλιν
1610 3451 1887 3516 εὐσεϐείας

309 3534 476 3604 γέμει
502 3535 561 3589 τὸ
594 3536 778 3608 ρἧαο
812 3538 873 3591 οὐ
917 3538 1027 3609 γὰρ
1060 3534 1202 3601 εἶπε,
1243 3541 1652 3613 Μεγαλωσύνην
1699 3559 1889 3614 περισ-

315 3627 543 3698 σοτέραν
591 3629 929 3700 ἐκτησάμην,
974 3630 1129 3693 ἀλλὰ,
1185 3649 1203 3681 ι
1250 3632 1559 3703 Προσετέθη
1603 3651 1714 3702 μοι,
1746 3653 1763 3686 ι
1798 3634 1889 3687 τὸν

313 3720 550 3790 χορηγὸν
580 3721 917 3786 ὑποδεικνὺς,
950 3723 1043 3777 καὶ
1073 3721 1183 3776 τῶν
1220 3723 1438 3791 ἀγαθῶν
1467 3724 1755 3795 κηρύττων
1795 3728 1889 3780 τὸν

311 3810 402 3863 αττ
410 3826 508 3864 ιον.

385 3901 480 3955 λδ’.
528 3920 547 3953 ι
585 3901 699 3955 Νῦν
733 3896 847 3969 οὖν,
878 3905 1067 3975 φησὶν,
1092 3903 1201 3973 ἐγὼ
1234 3905 1705 3979 Ναϐουχοδονόσορ
1733 3908 1887 3976 αἰνῶ,

316 3992 414 4045 καὶ
444 3991 563 4061 ὑψῶ
587 3993 652 4058 ’⁸,
685 3994 779 4046 καὶ
806 3995 1015 4061 δοξάζω
1043 3996 1131 4048 τὸν
1155 3995 1379 4066 βασιλέα
1408 3997 1502 4050 τοῦ
1529 3999 1784 4069 ούρανοῦ,
1808 4001 1889 4054 ὅτι

316 4083 498 4136 πάντα
528 4083 595 4137 τά
627 4083 760 4155 ἔργα
800 4086 965 4139 αὑτοῦ
1001 4087 1246 4158 ἀληθινὰ,
1283 4089 1380 4143 καὶ
1413 4089 1471 4143 αί
1499 4090 1677 4162 τρίόοι
1725 4091 1889 4146 αὐτοῦ

318 4174 547 4242 κρίσεις,
576 4176 670 4228 καὶ
708 4178 915 4239 πάντας
942 4178 1067 4241 τοὺς
1096 4180 1496 4251 πορευομένους
1525 4181 1583 4234 ἐν
1609 4182 1894 4254 ὑπερηφαο

316 4265 408 4335 νίᾳ
457 4266 677 4321 δύναται
726 4269 1091 4323 ταπεινῶσαι·
1130 4290 1148 4322 ι
1199 4271 1395 4325 Λαϐὼν
1425 4272 1533 4344 γάρ
1560 4277 1756 4344 πεῖραν
1782 4274 1891 4328 τῶν

317 4354 580 4427 λυπηρῶν
600 4398 614 4421 ,
660 4355 778 4413 εἶτα
808 4361 1027 4422 τούτων,
1046 4363 1400 4432 ἀπαλλαγεὶς,
1436 4364 1575 4417 αἰνῶ
1607 4366 1702 4418 κα)⁵
1736 4366 1891 4436 ύμνῶ

1989 3188 2117 3244 erga
2148 3188 2236 3228 me
2264 3169 2440 3227 affecti
2474 3178 2631 3234 sunt,
2670 3169 2911 3237 mihique
2951 3166 3312 3224 reconciliati.
3349 3182 3369 3216 ι
3409 3162 3472 3217 Et
3500 3164 3556 3217 in

1988 3279 2214 3335 regnum
2249 3278 2428 3317 meum
2456 3261 2801 3316 confortatus
2832 3276 2974 3325 sum,
3012 3268 3065 3314 et
3090 3256 3409 3330 magnitudo
3440 3272 3557 3310 am-

1988 3355 2130 3424 plior
2169 3353 2355 3406 addita
2396 3358 2478 3407 est
2522 3352 2677 3406 mihi.
2714 3370 2731 3402 ι
2763 3350 2828 3404 Et
2868 3351 2972 3404 hoc
3008 3351 3135 3404 item
3180 3348 3398 3419 pietatis
3441 3345 3558 3417 ple-

1988 3463 2117 3501 num
2150 3454 2235 3502 est
2260 3445 2483 3500 verbum
2513 3461 2528 3509 ;
2559 3459 2735 3513 neque
2763 3443 2907 3498 enim
2936 3440 3093 3495 dixit:
3126 3438 3554 3510 Magnitudinem

1990 3539 2311 3609 ampliorem
2349 3537 2580 3607 adeptus
2623 3552 2768 3600 sum,
2812 3534 2907 3590 sed
2948 3551 2966 3583 ι
2993 3532 3191 3586 Addita
3224 3538 3307 3585 est
3338 3530 3495 3592 mihi,
3529 3546 3549 3579 ι

1990 3631 2308 3701 largitorem
2356 3628 2705 3701 signiﬁcans,
2753 3635 2807 3683 et
2852 3627 3123 3682 bonorum
3165 3622 3554 3678 commendans

1991 3730 2292 3777 auctorem.

2062 3898 2230 3953 Vens.
2258 3897 2348 3953 54.
2387 3915 2406 3947 ι
2438 3894 2598 3951 Nunc
2634 3884 2840 3963 igitur,
2880 3894 3101 3965 inquit,
3135 3906 3235 3962 ego
3265 3889 3558 3944 Nabucho~

1993 3992 2238 4046 donosor
2280 3988 2465 4054 laudo,
2495 3996 2549 4043 et
2585 3990 2810 4054 extollo,
2836 3999 2885 4043 et
2918 3986 3167 4058 glorilico
3192 3998 3370 4054 regem
3405 3981 3555 4046 caeli,

1991 4084 2119 4154 quia
2145 4082 2327 4136 omnia
2355 4094 2521 4150 opera
2557 4078 2676 4147 ejus
2706 4093 2855 4143 vera,
2881 4086 2937 4132 et
2969 4077 3070 4132 vim
3093 4073 3437 4145 ejusjudicia
3458 4110 3473 4135 ,
3504 4079 3559 4125 et

1992 4189 2183 4228 omnes
2217 4172 2534 4227 incedentes
2571 4171 2623 4223 in
2670 4169 2927 4239 superbia
2974 4174 3152 4235 potest
3182 4164 3420 4219 humiles
3474 4161 3557 4214 l‘a-

1993 4281 2136 4321 cere.
2181 4284 2200 4316 ι
2236 4263 2505 4333 Expertus
2554 4261 2699 4315 enim
2752 4260 3021 4319 molesta,
3066 4255 3261 4310 deinde
3302 4255 3370 4308 ab
3419 4252 3558 4319 ipsis

1992 4357 2293 4421 liberatus,
2354 4352 2517 4406 laudo
2559 4361 2612 4405 et
2652 4350 2870 4405 celebro
2906 4361 3030 4402 eum
3091 4346 3183 4414 qui
3219 4345 3333 4397 haec
3372 4350 3423 4396 et
3467 4340 3558 4393 illa

315 4447 412 4500 τὸν
438 4447 614 4505 ταῦτά
661 4468 751 4522 μοι
782 4454 1007 4509 κάκεῖνα
1051 4455 1341 4517 λυσιτελῶς
1381 4456 1727 4524 ἐπαγαγόντα
1748 4433 1886 4522 ,Ἰκαὶ

1996 4447 2127 4502 mihi
2150 4442 2555 4500 utiliterintulit
2596 4450 2651 4496 et
2676 4438 3078 4509 sapientissime
3106 4454 3118 4490 :
3144 4450 3208 4488 ac
3230 4434 3353 4487 novi
3380 4433 3558 4501 ipsum

318 4534 441 4592 λίαν
465 4540 644 4608 σοφῶς
661 4556 676 4570 ·
713 4542 805 4595 καὶ
829 4537 945 4598 οἴδα
971 4544 1130 4597 αὐτὸν
1157 4543 1386 4614 ούρανοῦ
1420 4544 1643 4614 βασιλέα
1666 4546 1759 4599 καὶ
1784 4545 1886 4602 τῶν

1994 4537 2118 4592 εωιί
2151 4551 2329 4604 regem
2360 4544 2415 4588 et
2442 4533 2684 4586 omnium
2723 4529 3035 4591 Dominum,
3062 4524 3289 4580 veritate
3319 4533 3371 4577 et
3391 4522 3559 4593 justi-

1992 4630 2070 4684 tia
2120 4629 2303 4681 omnia
2360 4624 2762 4685 moderantem,
2814 4622 3018 4691 quique
3066 4618 3324 4687 superbia
3383 4615 3559 4670 elatos

1997 4730 2182 4792 potest
2210 4717 2277 4771 ad
2308 4715 2672 4770 humilitatem
2698 4713 2964 4782 redigere.
2993 4711 3128 4765 Cum
3157 4710 3339 4778 itaque
3362 4706 3566 4762 didice-

1996 4816 2197 4877 rimus,
2228 4817 2496 4881 quantum
2532 4798 2787 4877 superbia
2810 4814 2862 4860 et
2889 4804 3063 4857 fastus
3094 4800 3405 4856 hominibus
3426 4798 3564 4853 affe-

1997 4913 2083 4959 rat
2138 4899 2491 4967 detrimenti,
2540 4914 2742 4968 eosque
2790 4897 2882 4966 qui
2932 4896 3019 4951 his
3066 4894 3215 4949 vitiis
3290 4892 3563 4963 gaudeant

1996 4997 2141 5052 haud
2175 4997 2350 5050 bonos
2394 4992 2609 5047 fructus
2643 4991 2934 5060 colligere,
2972 4994 3252 5058 parentem
3294 4984 3561 5040 bonorum

1999 5089 2366 5143 humilitatem
2397 5083 2775 5154 acquiramus.
2794 5081 2942 5136 lianc
2973 5078 3120 5136 enim
3140 5078 3410 5135 Dominus
3428 5088 3567 5147 quo-

320 4628 575 4681 ἁπάντων
607 4632 883 4701 Δεσπὸτην
902 4673 917 4697 ,
965 4633 1193 4705 ἀληθείᾳ
1236 4633 1516 4705 χρώμενον
1547 4635 1640 4688 καὶ
1668 4636 1893 4701 δικαίως

320 4719 542 4774 ἅπαντα
568 4722 994 4792 πρυτανεύοντα,
1027 4725 1121 4778 καὶ
1146 4727 1270 4788 τοὺς
1296 4725 1655 4797 ὑπερηφανίᾳΓ
1676 4728 1894 4798 χρωμέ-

319 4826 448 4873 νους
479 4813 810 4866 ταπεινῶσαι
845 4814 1164 4885 δυνάμενον.
1199 4816 1477 4879 Μαθόντες
1505 4818 1706 4881 τοίνυν,
1745 4819 1893 4884 ὅπως

322 4902 671 4972 ὑπερηφανία
700 4906 793 4959 καὶ
820 4905 989 4976 τῦφος
1012 4908 1136 4970 τοὺς
1165 4907 1479 4977 χρωμένους
1507 4907 1769 4975 λωϐᾶται,
1799 4913 1892 4964 καὶ

320 4991 399 5055 ὡς
419 4993 447 5044 ὁ
477 4993 685 5059 τούτοις
724 4996 930 5067 χαίρων
957 4999 1134 5067 τρυγᾷ
1165 4999 1408 5069 καρποὺς
1427 4999 1470 5030 ³⁷
1500 4998 1600 5051 οὐκ
1630 4999 1890 5067 ἀγαθοὺς,

320 5080 422 5152 τὴν
456 5083 668 5153 μητέρα
691 5084 798 5138 τῶν
834 5085 1052 5154 ἀγαθῶν
1079 5086 1579 5158 ταπεινοφροσύνην
1603 5087 1648 5118 ’⁸
1675 5088 1889 5159 κτησώ-

397 5273 437 5300 In
470 5259 619 5317 Psal.
645 5277 798 5326 cun,
840 5261 928 5316 ll.

1622 5423 1856 5482 VARIE
1893 5423 2300 5481 LECTIONES.

2310 5579 2355 5609 ²²
2380 5574 2474 5630 τοῦ
2506 5593 2584 5629 τε.
2612 5574 2736 5630 Des.
2770 5575 2823 5628 in
2849 5576 2912 5628 A.
2991 5574 3036 5604 ’³
3065 5571 3110 5625 Α
3144 5567 3565 5638 ἐπεστράφησαν

400 5574 443 5647 Ῐθ
464 5572 582 5647 HY-
614 5573 652 5626 Β
677 5576 829 5647 φησι.
898 5578 949 5647 7"
979 5578 1104 5647 γάρ.
1141 5577 1179 5630 Β
1213 5579 1334 5636 add.
1362 5579 1445 5633 ἄν.
1522 5580 1565 5612 ²¹
1599 5579 1714 5632 Βτὺ
1743 5578 1954 5647 ἄμαχον
1975 5579 2234 5633 δείκνυσι.

1055 5596 1104 5659 ρ.
1141 5596 1179 5630 υ
1213 5596 1334 5636 aud.
1362 5597 1445 5633 αν.
1523 5596 1565 5612 ιι
1601 5596 1714 5632 ὕτο
1743 5596 1778 5632 α
1827 5596 1954 5650 αχον
1975 5596 2234 5633 οεικνυσι.
2312 5596 2355 5609 υ
2380 5596 2474 5630 του
2506 5596 2584 5629 τε.
2614 5596 2736 5630 ues.
2770 5596 2823 5628 ιιι
2849 5596 2912 5628 ιι.
2993 5596 3035 5604 --
3065 5596 3565 5655 Λυεπεσιραψιιυιιν

1055 5666 1109 5703 tu
1141 5647 1203 5703 Β.
1277 5651 1321 5682 ’⁸
1356 5649 1602 5714 ἐζήτουν.
1700 5597 1822 5705 "1r
1850 5650 2130 5714 ὑπερυψῶ.
2243 5649 2286 5681 ’⁷
2330 5647 2370 5701 Β
2408 5646 2676 5709 τοιούτους
2716 5645 2889 5714 τρυγᾷ
2928 5658 3189 5712 καρπους.
3268 5639 3312 5671 ³⁸
3338 5653 3467 5691 ταττ.
3525 5636 3566 5689 Β

327 5644 646 5784 Sicini.“
679 5644 861 5719 ππρ.
895 5644 1021 5707 Des.
1054 5644 1109 5703 in
1141 5647 1203 5703 Β.
1277 5651 1321 5682 ’⁸
1356 5649 1602 5719 ἐζήτουν.
1700 5651 1744 5683 ³⁸
1767 5644 1812 5705 Α
1850 5644 2130 5720 ὑπερυψῶ.
