3898 6208
442 373 577 441 1375

1401 369 1893 433 THEODORETI
1931 369 2272 432 EPISCOPI
2303 369 2664 432 CYRENSIS

3538 365 3650 434 1370

437 507 548 561 que
579 489 986 562 possessionem
1021 489 1238 546 beatam
1270 495 1502 556 censet,
1535 489 1695 561 quasi
1736 504 1858 544 eam
1895 504 2016 560 quae

2123 489 2295 559 μεΘα·
2327 487 2484 542 τοῦτο
2511 487 2618 558 γὰρ
2657 486 2752 540 καὶ
2772 483 2800 537 ὁ
2831 483 3037 556 Κύριος
3071 482 3357 552 μακαρίζει
3385 483 3442 536 τὸ
3470 489 3648 556 κτῆμα,

438 591 766 656 proventum
799 583 997 638 habeat
1021 597 1248 651 regnum
1277 582 1570 638 caelorum.
1609 600 1630 634 ι
1667 581 1816 638 Beati
1845 585 2016 648 enim,

439 676 644 747 inquit,
674 689 946 745 pauperes
969 675 1166 745 spiritu
1189 717 1204 742 ,
1231 675 1490 744 quoniam
1523 674 1771 744 ipsorum
1811 681 1894 730 est
1925 688 2017 729 re-

435 781 606 837 gnum
652 759 922 818 ctelorum
947 772 997 818 η.
1040 785 1059 818 ι
1099 765 1166 818 Et
1200 767 1446 836 seipsum
1497 767 1782 836 exemplar
1813 765 1881 821 iis
1919 766 2014 836 qui

433 856 617 928 juvari
648 856 924 911 voluerint
953 872 1302 926 proponens:
1335 875 1354 908 t
1381 857 1587 912 Discite
1619 873 1648 910 a
1679 873 1784 923 me,
1813 858 2014 926 inquit,

435 949 566 1020 quia
597 948 748 1004 mitis
778 963 921 1010 sum,
946 958 1000 1004 et
1019 949 1243 1004 humilis
1273 949 1438 1004 corde
1463 957 1510 1004 ο.
1543 967 1561 1000 ι
1593 947 1658 1003 Ει
1693 948 2017 1018 ostendens,

437 1041 618 1111 qualis
643 1052 699 1096 et
725 1051 966 1112 quantus
995 1042 1191 1096 horum
1213 1043 1284 1098 sit
1303 1041 1539 1106 fructus,
1569 1042 1758 1098 statim
1780 1043 1800 1065 θ
1829 1042 2018 1110 subje-

436 1133 515 1186 cit
546 1150 560 1186 :
599 1151 618 1184 ι
657 1131 722 1186 Ει
749 1133 1044 1188 invenietis
1083 1132 1296 1204 1157
1327 1133 1573 1204 requiem
1605 1133 1897 1188 animabus
1931 1147 2022 1188 vc-

437 1223 569 1277 stris
592 1232 638 1277 P.
671 1243 690 1275 ι
719 1223 927 1292 Quodsi
958 1238 1101 1279 vero
1135 1224 1383 1278 omnium
1415 1231 1609 1280 auctor
1655 1231 1710 1278 et
1749 1222 2019 1282 Dominus

440 1316 701 1372 humilem
750 1316 992 1386 seipsum
1041 1324 1202 1369 vocat
1243 1329 1306 1370 ac
1348 1317 1513 1370 rebus
1551 1316 1687 1386 ipsis
1736 1314 2017 1383 ostendit,

437 1422 677 1478 quonam
706 1407 815 1462 alio
840 1407 1074 1462 consilio
1099 1405 1307 1478 indiget
1349 1407 1533 1471 homo,
1576 1407 1778 1478 pulvis,
1813 1407 2015 1474 lututu,

438 1499 618 1572 gleba,
643 1499 806 1565 cinis,
841 1499 1076 1562 vanitas,
1108 1499 1231 1566 llos,
1271 1498 1494 1554 fenum?
1541 1499 1625 1558 his
1655 1500 1800 1555 enim
1840 1501 2019 1555 nomi-

440 1591 604 1646 nibtts
651 1591 910 1646 omnibus
952 1591 1008 1646 in
1051 1591 1234 1646 divina
1277 1590 1566 1662 Scriptura
1626 1593 2014 1664 indigitantur.

440 1678 846 1737 Erubescamus
897 1681 1084 1750 itaque
1130 1681 1200 1736 ob
1251 1680 1468 1736 Domini
1512 1681 1877 1745 modestiam,
1923 1683 2016 1754 qui

441 1791 568 1829 eum
604 1773 759 1829 dives
785 1781 956 1838 esset,
990 1783 1218 1845 propter
1246 1789 1348 1828 nos
1376 1773 1662 1828 nlClidiCtlS
1700 1773 1882 1830 factus
1911 1782 2016 1840 est,

442 1873 503 1919 ut
529 1881 634 1921 nos
663 1866 810 1922 illius
841 1872 1087 1938 egestate
1120 1867 1321 1920 divites
1354 1881 1606 1921 essemus
1628 1875 1692 1931 tt,
1723 1873 1778 1920 et
1815 1875 2018 1920 morta-

439 1956 546 2012 lem
577 1965 826 2010 naturam
859 1970 1287 2025 agnoscere-mus
1309 1973 1322 2008 ι
1343 1965 1394 2009 et
1429 1953 1717 2024 praesentis
1740 1953 2017 2024 prosperi-

441 2047 576 2104 tatis
635 2047 959 2102 brevitatem
1021 2047 1496 2117 contemplantes,
1557 2045 1693 2100 nihil
1750 2060 2016 2116 arrogans

441 2147 666 2210 propter
695 2147 1021 2210 praesentem
1049 2153 1233 2193 rerum
1272 2137 1816 2210 statumpogitetnus
1841 2155 1854 2190 :
1882 2137 2014 2207 quin

443 2228 626 2297 potius
655 2229 904 2299 ipsarum
941 2229 1205 2284 caducam
1237 2229 1560 2284 brevitatem
1598 2237 1654 2284 et
1693 2229 2016 2284 inconstan-

440 2319 576 2372 tiam
617 2318 928 2385 rideamus,
967 2327 1022 2374 et
1061 2320 1206 2374 bona
1236 2321 1328 2374 illa
1359 2320 1623 2390 consequi
1669 2331 2014 2388 expetamus,

442 2425 566 2479 qua:
597 2410 670 2464 ita
711 2419 1029 2480 comparata
1077 2421 1206 2467 sunt
1251 2422 1474 2479 natura,
1506 2421 1566 2467 ut
1600 2421 1868 2484 perpetua
1906 2413 2017 2468 sint

439 2510 608 2570 atque
641 2501 858 2556 stabilia
887 2521 900 2556 :
929 2503 1130 2573 quibus
1176 2503 1284 2558 frui
1317 2504 1477 2559 nobis
1527 2502 1786 2558 erunibus
1821 2505 2014 2568 liceat,

434 2593 618 2664 gratia
668 2603 722 2648 et
771 2596 1064 2651 clementia
1113 2595 1328 2652 Domini
1375 2597 1552 2654 nostri
1593 2595 1722 2654 Jesu
1767 2595 2014 2659 Christi,

439 2700 566 2740 cum
603 2701 711 2755 quo
741 2685 888 2742 Patri
919 2687 992 2742 sit
1021 2687 1195 2758 gloria
1229 2703 1354 2744 cum
1385 2697 1578 2745 sancto
1607 2687 1839 2758 Spiritu,
1868 2703 2016 2743 nunc

435 2781 498 2830 et
529 2789 763 2847 semper,
799 2785 852 2832 et
881 2777 936 2831 in
965 2779 1166 2832 saecula
1193 2778 1542 2834 saeculorum.
1581 2779 1775 2834 Amen.
1872 2759 1884 2782 ’

2118 579 2194 643 ὡς
2230 578 2491 651 πρόσοδον
2515 577 2634 648 ἔχον
2657 575 2754 637 τὴν
2786 573 3066 647 βασιλείαν
3093 573 3197 628 τῶν
3229 573 3481 644 ούρανῶν.
3508 595 3524 626 t
3549 579 3653 631 Μα-

2119 673 2302 744 κάριοι
2332 671 2464 742 γὰρ,
2497 671 2684 741 φησιν,
2727 671 2776 722 ei
2823 667 3032 738 πτωχοὶ
3061 667 3137 739 τῷ
3165 666 3449 738 πνεύματι,
3480 669 3552 722 ὅτι
3573 672 3654 724 αύ-

2119 765 2228 818 τῶν
2253 765 2401 818 ἐστιν
2443 765 2476 834 ἡ
2531 761 2779 834 βασιλεία
2807 760 2914 813 τῶν
2957 757 3221 832 οὐρανῶν.
3263 779 3281 811 ι
3315 759 3582 832 Προτίθησι
3607 763 3654 815 δὲ

2120 858 2212 911 καὶ
2241 857 2429 911 ἑαυτὸν
2474 854 2782 926 ἀρχέτυπον
2823 855 2936 917 τοῖς
2971 850 3294 921 ὠφελεῖσθαι
3328 850 3652 922 βουλομένοις,

2119 947 2319 1016 λέγων·
2359 965 2378 999 ι
2417 947 2638 1002 Μάθετε
2690 946 2785 998 ἀπ’
2837 943 2994 1014 ἐμοῦ,
3047 945 3129 996 ὅτι
3179 942 3352 1015 πρᾶός
3397 945 3524 1014 εἰμι,
3579 948 3655 997 καὶ

2119 1039 2372 1104 ταπεινὸς
2405 1041 2472 1110 τῇ
2509 1038 2726 1110 καρδίᾳ.
2767 1057 2786 1090 ι
2819 1037 2930 1092 Καὶ
2959 1037 3192 1099 δεικνὺς,
3221 1034 3403 1106 ἡλίκος
3433 1035 3655 1091 τούτωνὸ

2121 1131 2352 1214 καρπὸς,
2387 1129 2548 1194 εὐθὺς
2576 1131 2856 1201 ὲπήγαγε’
2895 1146 2914 1178 ‹
2949 1126 3058 1180 Καὶ
3085 1127 3349 1197 εὑρήσετε
3389 1125 3654 1180 ἀνάπαυσιν

2119 1225 2240 1287 ταῖς
2273 1221 2470 1294 ψυχαῖς
2505 1220 2679 1292 ὑμῶν.
2730 1239 2748 1272 ι
2782 1219 2844 1272 ΕΞ
2874 1219 2932 1274 δὲ
2965 1218 3073 1274 τῶν
3105 1219 3364 1272 ἁπάντων
3387 1217 3414 1270 ὁ
3457 1219 3654 1289 Ποιητὴς

2120 1317 2216 1372 καὶ
2235 1317 2508 1388 Δεσπότης
2525 1315 2778 1370 ταπεινὸν
2801 1315 2992 1368 ἑαυτὸν
3017 1313 3172 1366 καὶεί
3191 1314 3286 1366 καὶ
3301 1311 3388 1366 διὰ
3402 1313 3500 1365 τῶν
3516 1329 3656 1382 apar-

2123 1410 2306 1480 μάτων
2330 1408 2592 1472 δείκνυσι,
2628 1408 2784 1470 ποίας
2834 1407 3027 1478 ἑτέρας
3061 1405 3371 1476 συμϐουλῆς
3396 1405 3550 1459 δεῖται
3577 1405 3652 1460 άν-

2121 1499 2357 1572 θρωπος,
2393 1503 2422 1552 ὁ
2457 1499 2606 1570 χοῦς,
2643 1501 2670 1553 ὁ
2699 1499 2890 1571 πηλὸς,
2919 1498 2952 1570 ἡ
2986 1496 3174 1569 βῶλος,
3213 1498 3248 1567 ἡ
3283 1497 3488 1562 σποδὸς,
3517 1499 3547 1568 ἡ
3573 1515 3655 1567 μα·

2120 1590 2360 1660 ταιότης,
2400 1591 2460 1642 τὺ
2484 1589 2662 1652 ἄνοος.
2693 1591 2721 1642 ὁ
2750 1589 2942 1660 χόρτος
2965 1607 2978 1650 ;
3005 1585 3193 1640 Ταῦτα
3219 1587 3329 1658 γάρ
3359 1587 3556 1640 ἅπαντα
3573 1587 3654 1640 ὑπὸ

2121 1679 2220 1750 τῆς
2279 1679 2430 1742 θείας
2483 1679 2708 1750 Γραφῆς
2764 1674 3259 1747 προσαγορεύεται.
3312 1675 3654 1744 Αίσχυνθῶμεν

2121 1771 2300 1823 τοίνυν
2328 1770 2424 1839 τὴν
2454 1771 2546 1824 τοῦ
2592 1770 2863 1824 Δεσπότου
2915 1769 3270 1840 μετριότητα.
3318 1767 3408 1831 ὃς.
3443 1767 3656 1832 πλούσιος

2122 1861 2220 1925 ὣν,
2253 1862 2320 1916 δι’
2349 1863 2496 1934 ἡμᾶς
2523 1861 2884 1932 ἐπτώχευσεν,
2921 1861 3008 1915 ἵνα
3030 1863 3194 1932 ἡμεῖς
3220 1863 3287 1931 τῇ
3319 1859 3514 1912 ἐκείνου
3539 1876 3656 1912 πτω-

2121 1954 2244 2025 χείᾳ
2269 1953 2682 2024 πλουτήσωμεν,
2713 1955 2807 2006 καὶ
2831 1954 2874 1986 ¹⁹
2901 1953 3002 2024 τῆς
3029 1952 3251 2023 φύσεως
3287 1952 3346 2006 τὸ
3383 1953 3556 2023 θνητὸν
3576 1971 3654 2007 κσ-

2119 2045 2487 2115 ταμάθωμεν·
2525 2046 2618 2098 καὶ
2647 2046 2744 2115 τῆς
2791 2045 3070 2116 παρούσης
3101 2043 3402 2116 εὐημερίας
3437 2044 3652 2114 θεώμενοι

2120 2137 2182 2192 τδ
2227 2136 2546 2208 ὀξύρροπονν
2600 2137 2766 2206 μηδὲν
2826 2136 2926 2207 μὲν
2978 2135 3303 2200 ἀλαζονικὸν
3349 2133 3438 2188 ἐπὶ
3477 2133 3516 2165 ³⁸
3567 2135 3654 2198 τοῖς

2123 2229 2356 2300 παροῦσι
2402 2229 2760 2300 φρονήσωμεν
2783 2245 2796 2258 ·
2830 2228 3154 2298 γελάσωμεν
3199 2228 3257 2281 δὲ
3294 2227 3484 2297 μᾶλλον
3509 2225 3653 2280 αὐτῶν

2121 2321 2183 2376 τδ
2209 2320 2505 2392 εὔτρεπτον
2534 2322 2628 2374 καὶ
2668 2320 2945 2384 ἀϐέϐαιον,
2981 2321 3076 2374 καὶ
3107 2319 3460 2390 ὲπιθυμῶμεν
3479 2318 3516 2350 ³¹
3545 2318 3656 2371 ὲκεί-

2084 2477 2092 2485 _
2121 2431 2228 2467 νων
2246 2415 2522 2481 ἐπιτυχεῖν
2535 2411 2579 2442 ³¹
2603 2410 2714 2464 τῶν
2742 2411 2986 2480 ἀγαθῶν,
3019 2411 3054 2464 ἃ.
3076 2411 3277 2482 διαρκῆ
3301 2411 3394 2480 τὴν
3425 2407 3565 2478 φύσιν
3581 2407 3653 2460 καὶ

2127 2504 2352 2576 μόνιμον
2398 2504 2546 2573 ἔχει’
2605 2495 2679 2556 ὧν
2717 2503 2928 2571 γένοιτο
2957 2503 3164 2565 πάντας
3191 2503 3340 2572 ἡμᾶς
3375 2499 3650 2560 ἀπολαῦσαι,

2123 2595 2302 2666 χάριτι
2332 2591 2821 2662 καὶφιλανθρωπίᾳ
2837 2592 2932 2646 τοῦ
2955 2591 3164 2664 Κυρίου
3189 2590 3347 2662 ἡμῶν
3375 2589 3532 2660 Ἰησοῦ
3549 2590 3652 2661 Χρι-

2123 2683 2267 2748 στοῦ,
2296 2681 2413 2754 μεθ’
2437 2675 2496 2736 οὗ
2515 2681 2592 2752 τῷ
2620 2683 2794 2752 Πατρὶ
2822 2681 2970 2746 δόξει,
3001 2683 3096 2734 σὺν
3121 2681 3202 2752 τῷ
3236 2681 3374 2750 ἁγίῳ
3400 2678 3651 2748 Πνεύματι,

2119 2775 2213 2828 νῦν
2237 2774 2330 2828 καὶ
2351 2773 2458 2840 ἀεὶ,
2485 2773 2580 2827 καὶ
2607 2775 2687 2838 εἰς
2715 2773 2841 2837 τοὺς
2869 2773 3074 2839 αἰῶνας
3098 2773 3212 2828 τῶν
3238 2773 3462 2829 αἰώνων.
3493 2769 3650 2841 Ἀμήν.

514 2917 540 2955 η
565 2907 756 2965 Matth.
781 2927 838 2976 ν,
863 2910 920 2966 5.
998 2917 1024 2948 ⁰
1055 2908 1252 2966 Matth.
1283 2912 1464 2978 n39.
1543 2921 1571 2962 P
1602 2910 1738 2968 ibid.
1817 2919 1846 2960 ιι
1877 2908 1922 2964 ll
1953 2909 2084 2964 Cor.
2114 2924 2233 2974 vm,
2269 2907 2321 2961 9.

1717 3043 1954 3099 VARle
1994 3043 2402 3104 LECTIONES.

403 3181 410 3187 ι
511 3159 556 3192 ³⁸
585 3157 698 3214 καί.
723 3156 766 3212 Β
789 3175 978 3231 praem.
1018 3159 1112 3215 καὶ
1144 3160 1290 3234 ἡμᾶς
1307 3161 1504 3226 αὐτοὺς
1528 3159 1860 3232 ὲπιγνῶμεν.
1937 3159 1983 3192 ⁸⁰
2006 3157 2119 3214 ἐπί.
2143 3158 2186 3214 Β
2219 3162 2298 3216 ὲν.
2374 3161 2418 3194 ³¹
2449 3161 2490 3216 Β
2518 3160 2972 3234 ἐπιθυμήσωμεν.
3049 3161 3096 3194 ³⁸
3130 3159 3176 3216 Β
3201 3160 3409 3234 τυκεῖν.

1787 3485 2170 3602 ΤΟΜΟΣ
2243 3511 2353 3601 E'.

1569 3866 1921 3956 LIBER
2001 3869 2580 3972 QUINTUS.

1081 4201 1310 4259 CAPUT
1341 4201 1406 4257 Υ.

521 4287 1039 4358 Nabuchodonosor,
1071 4293 1262 4349 Evilad
1290 4294 1584 4350 Marodach
1605 4337 1620 4364 ,
1662 4299 1935 4356 Baltasar.

513 4380 682 4438 Vsus.
702 4384 754 4438 1.
799 4383 1088 4441 (Baltasar
1118 4402 1212 4440 rex
1249 4389 1536 4458 apparavit
1561 4405 1774 4446 caenam
1805 4394 2012 4453 lautam

443 4474 802 4544 optimatibus
829 4477 965 4532 suis.
1005 4495 1024 4529 ι
1054 4475 1152 4532 Hic
1180 4477 1324 4534 ﬁlius
1349 4479 1569 4548 quidem
1604 4491 1688 4537 est
1717 4481 2017 4540 Nabucho-

443 4565 757 4633 donosoris,
779 4581 887 4622 non
919 4575 1101 4622 autem
1127 4568 1313 4623 statim
1340 4567 1442 4638 ipsi
1468 4571 1743 4626 successit
1776 4593 1790 4627 :
1829 4574 2012 4629 Evilad

448 4653 738 4711 Ilarodach
768 4659 912 4711 enim
939 4655 1112 4711 frater
1138 4657 1313 4726 ipsius
1345 4665 1522 4726 major
1550 4667 1706 4726 natu,
1739 4663 2008 4732 regnavit.

445 4745 611 4816 quue
636 4747 850 4818 1158
873 4761 972 4802 nos
1002 4747 1165 4804 docet
1197 4763 1386 4819 regum
1417 4751 1646 4804 historia
1667 4761 1715 4814 ν,
1745 4759 1800 4806 et
1822 4754 2014 4808 beatus

440 4833 708 4891 Jeremias
734 4837 1026 4906 propheta,
1055 4839 1148 4908 qui
1177 4839 1252 4893 ita
1279 4846 1468 4894 narrat
1503 4860 1516 4894 :
1553 4858 1574 4892 ι
1610 4839 1676 4894 Ει
1699 4839 1903 4896 factum
1927 4851 2013 4898 est

441 4939 590 4980 anno
623 4927 909 4984 tricesimo
964 4931 1204 4999 septimo
1241 4931 1752 5001 transmigrationis
1781 4931 2016 4988 Joacimi

441 5017 588 5086 regis
613 5015 785 5084 Iudae,
812 5035 1000 5076 mense
1017 5020 1365 5088 duodecimo,
1381 5024 1514 5092 (die)
1538 5024 1799 5078 vicesimo
1820 5033 2018 5094 quarto

441 5109 672 5174 mensis,
701 5112 937 5182 sumpsit
979 5111 1169 5167 Evilad
1205 5113 1645 5180 Marodacb,rex
1693 5115 2014 5189 Babylonis,

337 5219 347 5227 -
444 5215 588 5256 anno
619 5203 714 5257 illo
744 5219 856 5274 quo
881 5207 1148 5276 regnavit,
1179 5215 1343 5278 caput
1380 5205 1611 5263 Joacimi
1655 5211 1803 5280 regis
1835 5209 2010 5278 Judac,

443 5303 496 5350 et
524 5293 716 5350 edux‘it
740 5295 922 5367 ipsum
957 5314 988 5354 e
1018 5299 1205 5363 domo,
1244 5300 1336 5354 ubi
1371 5301 1809 5368 custodiebatur,
1842 5315 1894 5360 et
1927 5305 2012 5360 lo-

443 5393 609 5443 cutus
639 5395 724 5444 est
751 5390 800 5444 ei
825 5391 990 5456 bona,
1017 5400 1071 5446 et
1103 5389 1253 5447 dedit
1282 5391 1330 5448 ei
1366 5393 1550 5450 sedem
1582 5410 1749 5466 supra
1777 5397 2007 5454 thronos

515 5523 584 5582 ιγ
617 5526 748 5600 Reg.
786 5542 914 5592 xxv,
941 5527 975 5582 9
1011 5543 1166 5598 seqq.

2044 4215 2091 4278 C

2658 4217 3054 4273 ΚΕΦΑΛΑΙΟΝ
3081 4219 3156 4277 Ε’.

2115 4306 2669 4377 Ναϐουχοδονόσορ,
2732 4301 2961 4366 Εὺῗλὰδ
3011 4311 3313 4382 Μαροδὰχ,
3346 4309 3637 4376 Βαλτάσαρ.

2183 4403 2252 4452 a'.
2301 4417 2320 4450 ι
2357 4399 2642 4472 Βαλτάσαρ
2661 4404 2688 4456 ὁ
2711 4402 2962 4473 βασιλεὺς
2989 4403 3214 4476 ἐποίησε
3239 4404 3442 4458 δεῖπνον
3463 4401 3582 4473 μέγα
3601 4396 3636 4430 ⁸⁸

2111 4489 2225 4550 τοῖς
2267 4491 2588 4558 μεγιστᾶσιν
2630 4491 2820 4547 αὑτοῦ.
2876 4512 2894 4544 ι
2941 4485 3112 4558 Οὗτος
3152 4495 3265 4558 υίὸς
3305 4493 3400 4562 μέν
3443 4483 3633 4544 ὲστιτοῦ

2111 4576 2606 4651 Ναϐουχοδονόσορ,
2657 4581 2758 4634 ούκ
2806 4580 2968 4646 εὐθὺς
3016 4581 3074 4634 δὲ
3117 4580 3280 4636 αὐτὸν
3317 4575 3634 4643 διεδέξατοοό

2113 4668 2224 4739 γάρ
2244 4669 2452 4724 Ἐύῖλάδ
2475 4670 2734 4743 Μαροδὰχ
2765 4672 2995 4742 ἀδελφὸς
3013 4672 3178 4726 αὐτοῦ
3213 4671 3286 4727 ὢν
3318 4670 3630 4744 πρεσϐύτερος

2117 4758 2452 4827 ἐϐασίλευσε,
2479 4761 2754 4816 καὶτοῦτο
2785 4764 2816 4833 ἠ
2845 4763 2952 4817 τῶν
2982 4762 3278 4818 Βασιλειῶν
3309 4763 3445 4834 ἡμᾶς
3463 4756 3630 4828 ἱστορία

2113 4849 2374 4916 διδάσκει,
2429 4853 2522 4906 καὶ
2575 4854 2603 4906 ὁ
2649 4853 2922 4924 μακάριος
2977 4853 3244 4926 Ἱερεμίας
3293 4857 3320 4909 ὁ
3372 4850 3626 4924 προφήτης.

2116 4944 2312 4998 οὑτωσὶ
2345 4944 2522 5014 λέγων
2545 4961 2562 4976 ο
2610 4965 2629 4998 ι
2665 4948 2774 5000 Καὶ
2803 4947 3020 5015 ἐγένετο
3053 4947 3112 5000 ὲν
3139 4945 3217 5016 τῷ
3251 4941 3527 5017 τριακοστῷ
3556 4937 3628 4992 καὶ

2123 5035 2334 5108 ἑϐδόμῳ
2379 5036 2488 5090 ἔτει
2537 5035 2942 5101 ἅπωκισθέντος
2979 5037 3075 5091 τοῦ
3130 5038 3376 5108 ’ἰωακεὶμ
3411 5031 3626 5105 βασιλέως

2133 5125 2326 5190 Ἰούδα,
2359 5128 2417 5178 ἐν
2467 5125 2546 5196 τῷ
2575 5125 2857 5197 δωδεκάτῳ
2883 5127 2932 5158 ³⁵
2978 5127 3128 5198 μηνὶ.
3163 5128 3256 5181 καὶ
3287 5128 3342 5179 ὲν
3369 5127 3426 5196 τῇ
3451 5117 3625 5192 τετράδι

2121 5213 2217 5268 καὶ
2241 5215 2414 5270 εἰκάδι
2447 5215 2540 5268 τοῦ
2572 5216 2760 5286 μηνὸς,
2791 5215 2982 5270 ἐλαϐεν
3018 5218 3214 5271 Bonas
3255 5213 3506 5287 Μαροδὰχ.
3545 5209 3620 5278 βα-

2123 5305 2302 5370 σιλεὺς
2334 5305 2673 5370 Βαϐυλῶνος,
2721 5308 2780 5359 ὲν
2802 5299 2846 5375 ᾧ
2885 5307 3116 5379 ἐνιαυτῷ
3139 5309 3182 5341 ³⁸
3212 5306 3515 5362 ἐϐασίλευσε,
3544 5297 3620 5366 τὴν

2117 5395 2362 5464 κεφαλὴν
2403 5395 2659 5468 ’Ῑωακεὶμ
2686 5397 2730 5428 ³⁸
2765 5396 3027 5466 βασιλέως
3069 5398 3255 5463 Ἰούδα,
3289 5395 3376 5451 καὶ
3403 5392 3618 5462 ἐξήγαγεν

1779 5597 2014 5652 νΑιιιΑι
2055 5597 2471 5658 LECTIONES.

543 5753 588 5784 “
617 5753 790 5823 μέγα.
829 5753 950 5814 Des.
988 5755 1123 5812 iuA.
1203 5755 1247 5790 “
1285 5755 1575 5829 Βδεκάτῳ.
1653 5757 1696 5788 ⁵⁵
1722 5755 1763 5809 Β
1797 5755 1873 5827 τῷ
1904 5756 2152 5828 ἐνιαυτῷ,
2188 5750 2252 5826 ᾧ.
2328 5759 2376 5793 ⁸⁸
2422 5758 2598 5814 Ἰωακ.
2633 5759 2818 5818 Des.iu
2847 5759 2908 5814 Β.
