3898 6208
238 300 387 363 1377‘

1416 292 1867 357 INDANIELIS
1900 293 2052 354 CAP.
2090 298 2160 356 Υ.

3348 304 3484 373 1378

232 412 391 466 αὐτὸν
424 409 485 473 ἐξ
522 406 696 472 οἴκου,
739 399 799 460 οῦ
835 404 1182 474 ἐφυλάττετο,
1228 407 1322 459 καὶ
1355 404 1624 477 ἐλάλησεν
1658 402 1805 474 αὐτῷ

1920 421 2140 477 regnum
2196 406 2414 463 illorum
2476 408 2573 478 qui
2619 423 2742 461 cum
2780 422 2848 462 eo
2879 416 3042 465 erant
3073 411 3128 465 in
3165 409 3482 483 Babylone:

228 501 465 576 χρηστὰ,
497 501 589 553 καὶ
628 499 827 551 ἔδωκεν
850 495 996 566 αύτῷ
1019 497 1109 549 τὸν
1127 495 1316 567 δίφρον
1341 496 1526 549 ἐπάνω
1547 495 1655 549 τῶν
1679 495 1805 567 Θρό-

226 611 333 647 νων
362 593 474 645 τῶν
513 590 777 662 βασιλέων
810 588 917 642 τῶν
948 588 1067 658 μετ’
1092 587 1254 641 αὑτοῦ
1296 589 1354 641 ἐν
1387 587 1683 653 Βαϐυλῶνι,
1713 586 1807 640 καὶ

226 684 431 756 ἤλλαξε
464 685 563 754 τὴν
613 681 808 751 στολὴν
855 683 953 750 τῆς
997 678 1246 748 φυλακῆς
1292 678 1479 741 αὐτοῦ,
1527 678 1620 732 καὶ
1652 678 1807 748 ήσοιε

225 772 525 827 διαπαντδ;
570 773 735 842 ἄρτον
781 768 924 822 κατά
956 768 1248 838 πρόσωπον
1290 767 1455 820 αὐτοῦ
1486 766 1667 830 πάσας
1709 767 1808 830 τὰς

228 864 449 934 ἡμέρας
485 862 552 925 ἀς
582 860 792 930 ἔζησεν.
834 878 852 911 ι
902 857 1159 928 Ἰωακεὶμ
1201 857 1257 910 δὲ
1286 850 1439 920 οὗτός
1481 859 1629 910 ἐστιν
1655 859 1683 909 6
1712 856 1809 909 καὶ

235 952 552 1023 Ἰεχωνίας·
601 951 857 1018 Ἰωακεὶμ
906 949 1015 1021 γὰρ
1060 949 1153 1002 τὸν
1202 947 1392 1001 τούτου
1439 947 1682 1019 πατέρα,
1716 946 1807 1001 τὸν

226 1046 326 1099 καὶ
371 1044 676 1113 Ἐλιακείμ,
709 1042 795 1111 ἐφ’
824 1034 886 1094 οὗ
916 1042 944 1093 6
981 1041 1248 1112 μακάριος
1277 1038 1676 1110 ᾐχμαλωτεύοη
1705 1040 1808 1092 Δα-

226 1138 375 1210 νιὴλ,
418 1138 475 1190 ἐν
513 1139 580 1207 τῇ
622 1133 978 1205 Ἰερουσαλὴμ
1014 1130 1220 1186 ἀνελὼν
1247 1132 1275 1183 6
1316 1130 1805 1202 Ναϐουχοδονόσορ,

225 1229 459 1302 ἔρριψεν
485 1228 591 1293 ἔξω
620 1225 711 1279 τοῦ
740 1225 951 1294 τείχους
973 1262 988 1288 ,
1011 1223 1087 1287 ὡς
1116 1224 1149 1293 ἠ
1179 1221 1297 1276 Θεία
1321 1221 1565 1275 διδάσκει
1591 1222 1804 1293 Γραφή.

226 1319 394 1376 Μετὰ
426 1319 518 1373 τὸν
551 1316 1021 1385 Ναϐουχοδονόσορ
1046 1314 1225 1369 τοίνυν
1258 1315 1457 1367 Εύῖλὰδ
1481 1315 1741 1387 Μαροδέιχ
1761 1317 1805 1348 ³⁷

229 1409 546 1482 βασιλεύει·
576 1408 715 1480 μετά
736 1408 792 1460 δὲ
822 1406 1012 1460 τοῦτον
1042 1409 1071 1460 6
1101 1406 1408 1479 Βαλτάσαρ.
1434 1408 1807 1462 Καταλέλοιπε

227 1503 288 1557 δὲ
331 1502 525 1556 τούτου
572 1498 670 1571 τὴν
716 1499 935 1570 μνήμην
974 1500 1003 1551 ὁ
1034 1497 1309 1561 θειότατος
1347 1498 1565 1570 Δανιὴλ,
1617 1499 1807 1568 ἐπειδὴ

227 1597 330 1667 οὐχ
353 1592 597 1664 ἱστορίαν
625 1590 833 1654 ἁπλῶς,
864 1588 1001 1643 ἀλλά
1018 1589 1355 1661 προφητείαν
1387 1590 1722 1661 συγγράφει·
1746 1584 1807 1645 οὗ

228 1690 396 1760 χάριν
421 1686 542 1740 οὐδὲ
580 1684 794 1739 ἅπαντα
827 1681 895 1735 τὰ
933 1680 1038 1734 ὑπὸ
1077 1680 1171 1734 τοῦ
1212 1681 1687 1754 Ναϐουχοδονόσορ
1711 1699 1807 1751 γε-

230 1777 513 1847 γενημένα
552 1771 907 1843 συνέγραψεν,
948 1771 1063 1825 ἀλλ’
1105 1771 1290 1825 ἐκεῖνα
1325 1771 1507 1842 μόνον,
1538 1764 1611 1826 ὧν
1633 1773 1823 1845 ἀναγπ

230 1871 365 1924 καία
387 1864 456 1937 ἦν
499 1867 587 1920 διὰ
630 1865 727 1936 τὴν
755 1863 1020 1934 ὠφέλειαν
1048 1866 1081 1935 ή
1118 1867 1328 1935 μνήμη.
1382 1864 1599 1936 Ἐπειδὴ
1627 1864 1807 1919 τοίνυν

230 1962 329 2017 καὶ
367 1962 461 2014 ἐπὶ
513 1957 606 2012 τοῦ
654 1956 943 2028 Βαλτάσαρ
1001 1957 1259 2026 μέγιστον
1306 1955 1504 2022 ἔδειξεν
1525 1957 1571 1989 ⁸⁸
1608 1958 1636 2010 6
1674 1957 1807 2021 Θεὸς

231 2055 441 2124 Θαῦμα,
484 2050 578 2104 καὶ
616 2048 820 2113 ἱκανὸν,
853 2048 913 2101 ού
959 2047 1117 2118 μόνον
1156 2049 1271 2110 τοῖς
1309 2047 1566 2118 τηνικάδε
1599 2047 1809 2116 ἀνθρώ-

233 2161 378 2209 ποις,
397 2142 535 2196 ἀλλά
560 2141 655 2193 καὶ
682 2140 794 2201 τοῖς
816 2136 1038 2207 ὕστερον
1064 2137 1195 2190 ποτέ
1215 2137 1527 2207 γενομένοις
1550 2137 1616 2204 ³⁸,
1649 2135 1808 2191 εὐλά-

235 2238 388 2291 ϐειαν
439 2232 673 2288 ἐνθεῖναι
705 2230 801 2283 καὶ
845 2229 986 2293 δέος,
1017 2228 1112 2281 καὶ
1158 2228 1295 2299 πρὸς
1329 2227 1612 2281 εὐσέϐειαν
1677 2227 1807 2281 ποδ-

235 2326 579 2401 ηγῆσαι,ούκ
604 2322 757 2395 ᾠήθη
782 2321 988 2375 δίκαιον
1007 2319 1272 2389 τοσαύτην
1286 2319 1624 2389 ἐύεργεσίαν
1639 2336 1808 2373 κατα-

234 2421 446 2493 κρύψαι
474 2420 623 2488 σιγῇ,
651 2417 795 2469 ὅσιον
826 2414 882 2467 δὲ
915 2414 1086 2467 ποιεῖν
1118 2413 1401 2482 νενόμικεν
1423 2412 1737 2482 ἀνάγραφον
1762 2410 1806 2444 ⁸⁸

235 2513 392 2577 αὐτὸ,
407 2512 501 2566 καὶ
521 2511 686 2575 πᾶσιν
714 2506 1013 2577 ὑπόμνημα
1031 2503 1376 2566 διδασκαλίας
1397 2504 1715 2577 καταλιπεῖν
1738 2502 1806 2557 ⁴⁵¹.

237 2608 331 2661 Διό
362 2618 560 2676 φησιν’
607 2621 625 2654 ι
666 2598 953 2668 Βαλτασαρ
997 2595 1245 2666 βασιλεὺς
1273 2596 1316 2626 ⁸⁸
1347 2595 1570 2666 ἐποίησε
1599 2595 1809 2649 δεῖπνον

242 2699 388 2769 μέγα
403 2696 449 2728 ⁸³
468 2697 581 2758 τοῖς
605 2692 926 2763 μεγιστᾶσιν
947 2688 1111 2742 αὑτοῦ
1140 2687 1329 2759 χιλίοις
1351 2688 1416 2753 ⁸⁸,
1449 2688 1540 2741 καὶ
1564 2687 1743 2741 ἔναντι
1763 2688 1809 2719 ⁸⁸

238 2791 349 2844 τῶν
374 2788 560 2859 χιλίων
592 2786 621 2837 6
652 2779 811 2845 οἶνος.
853 2800 873 2833 ι
927 2780 1206 2846 Τουτέστι,
1234 2781 1348 2841 τοῖς
1379 2777 1573 2849 χιλίοις
1599 2778 1806 2848 ἀρκῶν,

239 2880 378 2952 πρὸς
405 2879 495 2932 τὸν
527 2876 779 2931 τοσοῦτον
805 2871 1035 2944 ἀριθμὸν
1056 2870 1509 2943 ηὑτρεπισμένος.

314 3052 381 3125 βο,
438 3070 458 3104 .
498 3051 674 3104 Πίνων
701 3047 781 3114 δὲ,
812 3046 998 3118 φησὶν,
1036 3046 1065 3098 ὁ
1103 3045 1389 3116 Βαλτάσαρ
1435 3040 1586 3096 εἶπεν
1635 3042 1693 3097 ἐν
1745 3046 1809 3113 τῇ
1839 3082 1886 3142 ο

240 3144 428 3215 γεύσει
456 3141 550 3196 τοῦ
584 3140 752 3201 οἴνου,
780 3137 876 3191 τοῦ
900 3137 946 3169 ⁸⁸
975 3138 1219 3204 ἐνεγκεῖν
1244 3136 1326 3201 τὰ,
1342 3134 1511 3205 σκεύη
1541 3135 1611 3188 τὰ
1636 3136 1814 3204 χρυσᾶ

242 3239 339 3292 καὶ
363 3234 582 3307 ἀργυρᾶ
603 3232 669 3294 ⁸⁷,
700 3229 736 3285 ἃ
764 3229 1023 3300 ἐξήνεγκε
1053 3226 1542 3297 Ναϐουχοδονόσορ,
1574 3227 1603 3279 6
1637 3225 1816 3297 πατὴρ

242 3326 430 3389 αὐτοῦ,
458 3327 524 3378 ἐκ
542 3323 636 3378 τοῦ
661 3320 789 3377 ναοῦ
813 3319 907 3374 τοῦ
932 3322 989 3373 ἐν
1029 3319 1334 3390 Ἱερουσαλή
1344 3336 1383 3389 μ
1402 3334 1414 3347 °
1448 3320 1540 3372 καὶ
1566 3317 1748 3371 ἔπινον
1772 3318 1816 3349 ⁴⁸

233 3425 289 3475 εν
334 3420 519 3481 αὐτοῖς
545 3418 574 3469 6
608 3412 878 3484 βασιλεὺς,
920 3411 1014 3464 καὶ
1058 3413 1107 3464 οί
1146 3414 1470 3482 μεγιστᾶνες
1498 3408 1685 3474 αὑτοῦ,
1721 3411 1817 3465 καὶ

245 3514 302 3564 αἱ
326 3508 648 3580 παράκοιτοι
671 3508 717 3542 ⁸⁸
744 3506 931 3573 αὐτοῦ,
964 3507 1068 3561 καὶ
1098 3509 1152 3560 αί
1190 3505 1465 3560 παλλακαὶ
1490 3506 1536 3537 ⁵⁰
1570 3505 1755 3561 αὐτοῦ.
1793 3527 1812 3560 ι

245 3602 496 3655 Διδάσκει
529 3600 586 3652 δὲ
610 3601 759 3670 ἡμᾶς
786 3598 876 3652 διὰ
900 3596 1106 3651 τούτων
1151 3599 1178 3650 6
1223 3599 1531 3668 προφήτης,
1564 3598 1624 3649 ού
1658 3597 1817 3667 μόνον

244 3697 347 3763 τὴν
391 3694 490 3763 τῆς
530 3691 788 3754 ἀσεϐείας
815 3689 1142 3760 ὑπερϐολὴν,
1188 3688 1327 3742 ἀλλὰ
1370 3689 1464 3741 καὶ
1493 3688 1589 3760 τὴν
1620 3692 1683 3742 ἐκ
1721 3689 1819 3758 τῆς

247 3786 514 3857 ἀμετρίας
537 3783 631 3837 τοῦ
657 3784 800 3837 οῐνου
826 3784 1124 3853 γενομένην
1150 3781 1352 3853 βλάϐην
1369 3820 1383 3835 .
1419 3800 1437 3834 ι
1466 3783 1642 3836 Πίνων
1686 3781 1816 3853 γὰρ,

247 3879 438 3950 φησὶν,
469 3879 498 3930 6
529 3876 781 3946 βασιλεὺς
812 3871 965 3930 εἶπεν
1004 3876 1060 3928 ἐν
1091 3877 1155 3945 τῇ
1190 3874 1376 3943 γεύσει
1404 3873 1499 3928 τοῦ
1525 3876 1692 3937 οῐνου,
1723 3874 1819 3927 τοῦ

246 3970 492 4036 ἐνεγκεῖν
514 3966 585 4020 τὰ
620 3966 789 4037 σκεύη
817 3967 884 4019 τὰ
920 3967 1096 4036 χρυσᾶ
1120 3968 1213 4021 καὶ
1240 3967 1307 4021 τὰ
1345 3968 1581 4039 ἀργυρᾶ.
1622 3987 1640 4018 ι
1681 3970 1823 4022 Κατ·

248 4063 422 4133 ἐχωσε
449 4062 607 4133 γὰρὴ
632 4061 768 4133 μέθη
794 4060 882 4114 τὸν
905 4061 1182 4133 λογισμὸν,
1212 4063 1306 4116 καὶ
1333 4065 1365 4133 ἡ
1390 4064 1629 4134 ἀκρασία
1653 4064 1694 4095 ⁵¹
1724 4064 1821 4134 τὴν

247 4154 392 4208 κατὰ
404 4155 498 4208 τοῦ
521 4152 655 4207 Θεοῦ
677 4151 872 4223 μανίαν
894 4153 1171 4222 ἐγέννησε’
1195 4155 1370 4208 καὶτὰ
1385 4155 1739 4225 ἀφιερωμένα
1754 4156 1818 4225 τῇ

246 4243 343 4297 τοῦ
362 4242 495 4296 Θεοῦ
515 4243 781 4312 θεραπείᾳ
803 4242 992 4313 σκεύη,
1021 4243 1056 4296 ἃ
1076 4244 1567 4317 Ναϐουχοδονόσορ,
1588 4246 1616 4297 ὁ
1641 4244 1822 4315 πατὴρ

249 4333 612 4400 αὐτοῦ,ελα6ε
641 4335 759 4405 μὲν,
783 4335 878 4389 τοῦ
905 4334 1041 4388 Θεοῦ
1062 4336 1477 4406 προδεδωκότος,
1509 4337 1734 4407 ἐτίμησε
1765 4336 1821 4389 δὲ

1908 506 1963 552 et
1999 499 2234 554 mutavit
2286 507 2496 553 vestem
2558 500 2806 555 carceris
2860 501 3000 570 ejus.
3053 510 3108 557 et
3159 504 3487 561 comedebat

1909 604 2124 658 semper
2150 605 2351 659 panem
2405 602 2531 647 ante
2578 590 2776 645 faciem
2823 592 2972 647 illius
3008 608 3107 661 per
3132 609 3328 651 omnes
3357 596 3486 652 dies

1907 694 2050 748 quos
2083 680 2223 735 vixit
2247 692 2294 734 ι.
2322 699 2341 732 ι
2372 682 2473 737 Hic
2502 691 2685 737 autem
2706 682 2918 738 Joacim
2952 686 3046 740 ille
3062 696 3166 751 est,
3188 690 3284 757 qui
3311 690 3481 744 etiam

1906 769 2206 828 Jeuhonias
2266 773 2451 829 dictus
2522 773 2625 828 fuit
2674 792 2687 829 :
2745 783 2912 829 nam‘
2951 774 3262 835 Joacimum
3316 780 3485 848 hujus

1910 870 2144 931 patrem,
2169 863 2261 933 qui
2303 872 2358 918 et
2400 864 2634 918 Eliacim
2688 866 3015 920 nominatus
3058 875 3181 931 est,
3225 869 3329 923 sub
3373 884 3489 939 quo

1908 953 2105 1008 beatus
2147 952 2342 1009 Daniel
2375 955 2433 1009 in
2471 955 2796 1010 servitutem
2831 956 3094 1012 redactus
3126 967 3234 1023 est,
3271 959 3329 1014 in
3357 957 3488 1016 Hie-
3552 1008 3556 1011 .

1906 1046 2186 1115 rosolyma
2215 1046 2462 1100 occisum
2499 1045 3012 1102 Nabuchodonosor
3054 1050 3286 1119 projecit
3325 1061 3484 1108 extra

1908 1153 2152 1202 murum,
2191 1147 2249 1191 ut
2271 1139 2456 1194 divina
2489 1139 2651 1193 docet
2688 1137 2998 1208 Scriptura.
3034 1142 3167 1197 Post
3190 1141 3485 1200 Nabucho-

1908 1230 2238 1286 donosorem
2268 1230 2455 1301 itaque
2512 1229 2703 1285 Evilad
2749 1229 3048 1286 Marodach
3099 1242 3316 1304 regnat,
3356 1246 3486 1308 post

1909 1322 2228 1377 illum-vero
2266 1322 2538 1387 Baltasar,
2578 1322 2729 1380 illius
2761 1332 2948 1377 autem
2975 1327 3297 1380 memoriam
3334 1329 3486 1383 omi-

1909 1415 1984 1470 sit
2011 1414 2412 1471 sanctissimus
2434 1414 2650 1479 Daniel,
2680 1417 3126 1485 quandoquidem
3167 1433 3279 1475 non
3322 1421 3490 1478 abso-

1909 1506 2023 1562 lute
2051 1505 2368 1569 historiam,
2393 1507 2488 1563 sed
2518 1507 2865 1577 prophetiam
2895 1509 3204 1565 conscribit
3241 1529 3256 1566 :
3286 1527 3485 1582 quam-

1908 1598 2100 1653 obrem
2157 1613 2226 1652 ne
2294 1598 2482 1652 omnia
2521 1598 2747 1669 quidem
2805 1614 2931 1669 quae
2960 1614 2992 1653 a
3039 1599 3489 1659 Nabuchodono-

1911 1706 2037 1744 sore
2065 1697 2216 1761 gesta
2257 1697 2389 1745 sunt
2435 1690 2644 1744 litteris
2680 1691 3054 1760 consignavit.
3083 1694 3177 1748 sed
3216 1695 3308 1748 illa
3339 1696 3488 1751 dun-

1912 1789 2099 1848 taxat,
2163 1796 2402 1851 quorum
2459 1783 2776 1836 necessaria
2841 1783 3100 1840 utilitatis
3160 1792 3294 1856 ergo
3364 1797 3487 1843 erat

1862 1871 2202 1947 .memoria.
2270 1870 2504 1936 Quando
2571 1873 2758 1940 itaque
2824 1872 3126 1927 maximum
3191 1876 3357 1930 etiam
3422 1878 3486 1931 in

1912 1961 2196 2017 Baltasare
2233 1962 2380 2017 Deus
2431 1963 2678 2018 ostendit
2711 1962 3062 2027 miraculum,
3090 1967 3242 2034 quod
3277 1979 3333 2022 et
3367 1968 3488 2022 ido-

1914 2070 2075 2109 neum
2111 2064 2259 2111 esset
2284 2054 2355 2109 ad
2382 2055 2825 2123 ingenerandum
2871 2057 3121 2112 timorem
3151 2074 3278 2113 cum
3329 2073 3488 2114 reve-

1914 2147 2115 2211 rentia,
2153 2161 2261 2200 non
2293 2148 2471 2200 solum
2502 2147 2570 2201 iis
2595 2150 2690 2215 qui
2717 2156 2851 2201 tunc
2879 2148 3162 2211 vivebant,
3193 2149 3290 2203 sed
3319 2149 3484 2203 etiam

1913 2237 2177 2307 posteris,
2231 2237 2493 2306 quodque
2540 2237 2769 2291 duceret
2814 2237 2882 2290 ad
2935 2253 3118 2293 veram
3166 2239 3424 2308 pietatem
3467 2257 3482 2293 :

1918 2327 2134 2398 1159
2170 2342 2279 2382 non
2299 2328 2639 2382 existimavit
2671 2343 2889 2397 aequum
2921 2343 3045 2384 esse
3074 2335 3289 2382 tantum
3316 2329 3485 2384 bene-

1915 2421 2098 2475 ﬁcium
2147 2420 2370 2474 silentio
2423 2420 2738 2485 occultare,
2807 2418 2904 2475 sed
2963 2421 3224 2490 opinatus
3280 2427 3366 2476 cst
3426 2434 3490 2475 se

1914 2513 2172 2582 religiose
2226 2510 2524 2576 facturum,
2574 2512 2619 2566 si
2676 2512 2876 2568 litteris
2926 2512 3058 2566 illud
3102 2513 3375 2582 proderet,
3432 2521 3489 2566 et

1915 2604 2174 2658 omnibus
2194 2603 2460 2657 doctrina:
2484 2603 2884 2657 monimentum
2905 2604 3253 2671 relinqueret.
3280 2603 3487 2668 Quare,

1922 2712 1941 2744 ι
1982 2691 2259 2753 Baltasar,
2298 2691 2500 2759 inquit,
2549 2705 2646 2744 rex
2683 2691 2972 2759 apparavit
3014 2705 3229 2744 caenam
3280 2692 3485 2762 lautpm

1918 2781 2278 2852 optimatibus
2313 2780 2432 2835 suis
2477 2780 2647 2842 mille,
2678 2787 2734 2834 et
2772 2794 2960 2832 coram
3007 2781 3158 2833 mille
3206 2780 3413 2834 vinum.
3461 2798 3484 2833 υ

1920 2872 2034 2925 Hoc
2064 2879 2172 2937 est,
2208 2871 2394 2924 vinum
2419 2885 2522 2940 pro
2557 2869 2798 2925 millenis
2828 2868 3130 2933 suﬁiciens,
3159 2870 3228 2925 ad
3275 2879 3489 2925 tantum

1919 2977 2211 3016 numerum
2245 2974 2521 3030 paratum.

1995 3049 2162 3105 Vens.
2192 3050 2246 3103 2.
2289 3067 2307 3100 ι
2343 3050 2547 3105 Bibens
2572 3059 2788 3114 autem,
2818 3049 3026 3121 inquit,
3055 3050 3313 3106 Baltasar
3349 3051 3494 3106 dixit

1916 3156 2039 3196 cum
2075 3147 2323 3211 gustaret
2358 3140 2548 3195 vinum
2577 3183 2591 3206 ,
2637 3148 2697 3194 ut
2751 3139 3077 3195 aﬂ‘errentur
3111 3155 3243 3197 vasa
3283 3154 3451 3195 aurea
3474 3181 3491 3206 ,

1916 3243 1971 3287 et
1996 3239 2274 3302 argentea,
2302 3248 2426 3301 quae
2447 3233 2835 3301 deportaverat
2866 3240 3021 3301 pater
3042 3232 3165 3302 ejus
3191 3230 3493 3287 Nabucho-

1918 3320 2162 3376 donosor
2188 3337 2217 3376 e
2237 3322 2447 3391 templo
2477 3322 2629 3393 quod
2660 3334 2748 3378 est
2778 3324 2833 3377 in
2869 3321 3248 3395 Hierosolyma
3281 3341 3295 3381 :
3327 3333 3382 3379 et
3406 3324 3493 3377 bi-

1919 3408 2119 3464 bebant
2147 3425 2211 3464 ex
2241 3411 2323 3466 eis
2356 3426 2473 3478 rex,
2500 3421 2553 3465 et
2580 3413 2879 3481 eptimates
2904 3412 3026 3482 ejus
3050 3452 3065 3477 ,
3095 3421 3150 3467 et
3173 3414 3497 3468 concubina:

1919 3502 2040 3570 ejus
2063 3544 2078 3569 ,
2111 3510 2165 3557 ct
2198 3503 2423 3572 peltices
2451 3503 2598 3572 ejus.
2629 3522 2648 3553 ι
2691 3501 2790 3558 llis
2825 3512 3007 3557 autem
3034 3503 3198 3559 docet
3227 3519 3332 3559 nos
3368 3520 3498 3575 pro-

1921 3592 2115 3662 pheta,
2148 3608 2261 3647 non
2299 3594 2477 3647 solum
2520 3595 2826 3663 impietatis
2861 3596 3317 3665 exsuperantiam
3339 3636 3354 3661 ,
3397 3594 3494 3649 sed

1919 3688 2082 3740 etiam
2113 3686 2375 3741 damnum
2426 3688 2496 3741 ab
2538 3687 2839 3743 immodico
2877 3688 2989 3742 vini
3024 3704 3125 3745 usu
3166 3689 3494 3758 profectum.

1927 3775 2175 3830 «Bibens
2239 3775 2383 3829 enim
2439 3791 2558 3840 rex,
2611 3777 2819 3846 inquit,
2874 3779 3019 3833 dixit
3064 3795 3190 3833 cum
3241 3787 3499 3847 gustaret

1920 3869 2146 3935 vinum,
2184 3878 2243 3923 ut
2283 3868 2618 3923 aﬂ‘errentur
2659 3886 2790 3925 vasa
2844 3885 3013 3926 aurea
3054 3880 3109 3926 et
3142 3885 3400 3941 argentea
3430 3889 3445 3924 :
3473 3890 3496 3924 ι

1921 3958 2117 4014 Obruit
2161 3960 2308 4013 enim
2356 3963 2630 4015 rationem
2681 3962 2920 4017 ebrietas
2946 4001 2961 4027 ,
3002 3969 3058 4016 et
3102 3962 3500 4018 incontinentia

1921 4056 2135 4126 peperit
2163 4063 2355 4110 contra
2382 4054 2559 4111 Deum
2593 4057 2874 4110 insaniam
2901 4075 2915 4124 ;
2947 4066 3005 4111 et
3034 4056 3288 4111 dedicata
3314 4057 3503 4110 divino

1923 4147 2097 4202 cultui
2129 4162 2264 4202 vasa
2290 4188 2306 4212 ,
2341 4163 2464 4216 quae
2500 4146 3020 4203 Nabuchodonosor
3061 4156 3214 4217 pater
3241 4149 3416 4217 ipsius
3445 4156 3504 4201 nt

1923 4256 1953 4294 a
1987 4240 2092 4294 Deo
2128 4240 2235 4294 sibi
2271 4241 2472 4294 tradita
2498 4241 2712 4310 accepit
2740 4241 3003 4309 quidem,
3039 4238 3133 4293 sed
3172 4241 3227 4293 in
3263 4240 3499 4300 honore,

1925 4342 1985 4385 ut
2011 4331 2399 4392 existimabat,
2436 4331 2658 4395 habuit,
2704 4341 2757 4385 et
2789 4332 2859 4385 ab
2889 4331 3151 4384 humanis
3196 4331 3391 4382 usibus
3437 4344 3500 4380 ea

248 4425 328 4489 ὡς
350 4425 593 4495 ἐνόμισε,
623 4426 717 4479 καὶ
743 4425 842 4494 τῆς
862 4425 970 4479 τῶν
990 4425 1290 4498 ἀνθρώπων
1324 4415 1662 4497 ἠλευσέρωσε
1689 4428 1814 4497 χρή-

1929 4421 2271 4486 vindicavit;
2325 4421 2412 4475 his
2458 4421 2563 4476 iste
2613 4428 2672 4474 ut
2720 4419 3116 4475 communibus
3164 4427 3218 4472 et
3259 4418 3503 4487 profanis

244 4513 412 4589 ξσεως,
442 4516 650 4581 τούτοις
678 4517 754 4581 ὡς
777 4522 975 4582 κοινοῖς
1004 4513 1156 4582 οὗτος
1187 4519 1453 4589 ἐτόλμησε
1483 4519 1819 4589 χρήσασθαι·

244 4591 314 4662 ὀὐ
343 4607 454 4678 γὰρ
486 4603 605 4662 εἶπε
653 4610 834 4680 μόνον,
881 4610 1018 4665 ἀλλὰ
1064 4611 1161 4665 καὶ
1203 4611 1263 4665 τὸ
1310 4611 1469 4683 ἔργον
1495 4614 1609 4675 τοῖς
1645 4612 1824 4680 λόγοις

249 4700 541 4771 ἐπέθηκεν.

323 4770 456 4840 γ’.“‹
511 4770 842 4842 Ἦνέχθησαν
879 4772 1018 4844 γὰρ,
1055 4774 1206 4843 φησὶ,
1242 4773 1310 4828 τὰ
1342 4773 1510 4844 σκεύη
1547 4774 1616 4828 τά
1649 4776 1828 4846 χρυσᾶ

252 4862 350 4915 καὶ
383 4862 450 4915 τὰ
499 4864 734 4935 ἀργυρᾶ,
779 4863 815 4917 ἀ
868 4865 1130 4936 ἐξήνεγκε
1177 4868 1647 4940 Ναϐουχοδονόσορ
1670 4870 1714 4900 ⁵¹
1763 4871 1826 4922 ἐκ

250 4953 351 5007 τοῦ
387 4955 516 5008 ναοῦ
557 4954 652 5008 τοῦ
700 4955 836 5009 Θεοῦ
857 4958 902 4990 ⁵³
933 4958 1026 5011 τοῦ
1056 4961 1116 5013 ἐν
1159 4960 1537 5033 Ἰερουσαλήμ.
1575 4982 1594 5015 ι
1629 4964 1826 5028 Καλῶς

253 5044 313 5098 δὲ
341 5043 439 5114 τὴν
467 5047 564 5114 τῆς
601 5046 829 5111 ἀτοπίας
856 5046 1054 5115 ἔδειξεν
1083 5049 1406 5122 ὑπερϐολὴν,
1440 5053 1574 5123 πρὸς
1607 5055 1684 5126 τῷ
1715 5054 1828 5125 ναῷ

328 5237 355 5276 s
384 5222 584 5278 Jercm.
616 5239 711 5288 ut,
744 5225 928 5280 51-55.

1928 4524 2102 4565 ausus
2125 4518 2209 4564 est
2230 4511 2327 4563 uti.
2357 4509 2546 4579 Neque
2578 4509 2755 4564 solum
2783 4508 2947 4573 dixit,
2975 4508 3072 4563 sed
3106 4509 3273 4563 etiam
3302 4521 3361 4561 re
3386 4506 3503 4574 ipsa

1928 4609 2228 4658 exsecutus
2262 4607 2371 4656 est.

2009 4773 2170 4828 Vens.
2205 4774 2258 4828 5.
2298 4792 2317 4824 ι
2349 4773 2526 4827 Allata
2558 4774 2704 4828 enim
2738 4779 2869 4829 sunt
2903 4786 3057 4839 vasa,
3092 4773 3301 4841 inquit,
3338 4785 3504 4826 aurea

1930 4872 1987 4919 et
2012 4872 2267 4936 argentea
2289 4905 2304 4931 ,
2340 4880 2462 4935 qua:
2492 4864 2883 4933 deportaverat
2925 4863 3437 4920 Nabuchodonosor
3476 4880 3507 4920 e

1933 4958 2137 5027 templo
2162 4956 2277 5023 Dei,
2302 4956 2447 5026 quod
2468 4968 2552 5013 est
2575 4958 2628 5010 in
2656 4956 3061 5027 Hierosolyma.
3086 4976 3105 5008 ι
3136 4956 3303 5012 Recte
3326 4965 3505 5010 autem

1939 5049 2154 5120 1160
2197 5050 2504 5106 insolentiae
2553 5050 2798 5105 ostendit
2849 5050 3336 5120 exsuperantiam,
3375 5049 3505 5104 dum

1567 5387 1799 5444 VARIE
1840 5390 2243 5449 LECTIONES.

331 5516 373 5548 ³⁷
408 5514 502 5567 Εὐ.
540 5513 579 5567 Β
606 5528 789 5584 praem.
823 5518 872 5571 6.
946 5517 991 5550 ³⁸
1031 5519 1103 5572 ἒδ.
1143 5516 1200 5573 1η
1242 5519 1284 5573 Β

258 5656 305 5738 ξ⁶
336 5656 459 5738 τοῦ.
499 5655 839 5738 Des._in‘B.n
877 5657 920 5689 ⁵⁷
956 5655 1081 5738 ἀργ.
1117 5660 1157 5711 Β

1324 5530 1447 5597 post
1479 5522 1610 5597 Θεὸς
1639 5526 1898 5597 ponitur.
1976 5528 2021 5559 ³⁸
2049 5545 2162 5595 γεν.
2195 5526 2237 5580 Β
2286 5527 2587 5597 ἐσομένοις.

258 5585 666 5667 ιταλιμπόινων.⁸
711 5585 991 5667 δξιβασῇΒι.
1024 5604 1212 5667 praem.
1248 5591 1294 5645 6.
1324 5585 1340 5591 ⁷
1374 5592 1419 5622 ⁵³
1441 5585 1612 5667 μέγα,
1638 5585 1762 5650 Des.
1794 5598 1847 5667 in
1877 5597 1935 5651 Β.
2014 5585 2191 5667 ⁸ἰ’χιλ.
2227 5597 2269 5650 Α

407 5656 459 5742 ῦ.
499 5655 842 5745 υςεἈξηρΒᾏ
877 5657 920 5689 ⁵⁷
1117 5660 1157 5711 Β
1181 5655 1507 5745 praem.n'ra'z.~
1523 5655 1534 5661 ’
1565 5664 1616 5745 1"
1638 5668 1768 5745 Alet
1795 5655 2151 5745 Bnmétwgdv.

260 5725 478 5799 θαρσξα.
556 5726 600 5757 ⁸³
625 5725 765 5781 Ναϐ.
801 5725 925 5784 Des.
962 5725 1015 5782 in
1039 5725 1102 5784 Α.
1179 5725 1223 5762 ⁸³
1254 5730 1344 5784 τοῦ
1375 5732 1530 5788 Θεοῦ.
1565 5734 1642 5789 Ex
1670 5733 1715 5790 Α
1745 5743 1795 5791 et
1828 5735 1867 5789 Β
1895 5737 2073 5808 suppl.

2667 5526 2710 5558 ⁸ο
2747 5525 2787 5578 Β
2816 5525 3171 5595 ἀναγράφων.
3269 5522 3385 5595 “AB
3413 5542 3511 5576 κα-

2316 5592 2500 5667 μνέυιιι.
2548 5596 2787 5667 ἀνδράσι.
2890 5592 3007 5667 ⁸³⁷ᾉ
3044 5601 3097 5644 et
3129 5592 3168 5643 Β
3201 5593 3509 5667 κατέναντι.

2229 5670 2271 5699 η
2296 5662 2336 5720 Ᾱ
2372 5662 2670 5722 παλλακαί.
2750 5666 2794 5697 ⁵⁸
2817 5669 2860 5720 Α
2889 5666 3163 5736 πάροικοι.
3238 5662 3279 5692 ⁸¹
3310 5662 3349 5715 Β
3373 5663 3498 5716 ἀκαι
