3898 6208
414 289 543 354 ί3¹19

1424 285 1909 346 ΤΗΕΟΒΟΒΕΤῘ
1954 285 2291 345 EPISCOPI
2335 285 2699 347 CYRENSIS

3506 283 3620 349 1380

407 412 606 472 praeter
646 401 831 472 templi
885 398 1217 455 mentionem
1244 439 1259 463 ,
1314 397 1410 453 Dei
1455 415 1681 470 quoque
1731 399 1982 454 meminit

2091 399 2177 453 καὶ
2213 401 2307 453 τοῦ
2365 400 2502 453 Θεοῦ
2564 398 2974 471 μνημονεύσας,
3039 397 3131 451 καὶ
3194 398 3279 450 τοῦ
3327 397 3451 452 suo?»
3510 400 3560 454 δέ
3583 404 3626 435 ³⁵

408 491 710 562 templique
776 487 1076 544 ostendens
1145 487 1488 541 nobilitatem
1520 527 1535 552 ,
1599 485 1978 556 Hierosolyma:

409 598 609 639 nomen
648 582 924 654 apposuit.
968 583 985 603 ‘
1024 578 1155 634 Haec
1188 580 1334 635 enim
1377 593 1508 633 vasa
1536 618 1551 641 ,
1600 578 1824 649 inquit,
1866 593 1976 632 non

410 673 687 744 aliquibus
715 688 781 727 ex
817 669 885 727 iis
913 671 1007 742 qui
1046 671 1227 727 solum
1261 670 1555 737 videntur‘,
1587 679 1642 724 et
1667 670 1844 726 solum
1876 684 1978 724 no-

410 779 534 819 men
559 763 759 818 habent
780 761 1009 816 deorum
1029 804 1046 826 ,
1076 759 1171 816 sed
1198 759 1304 828 ipsi
1339 760 1431 830 qui
1466 768 1662 829 praeest
1682 759 1941 813 omnibus
1961 797 1976 824 ,

411 852 555 918 Deo,
607 851 791 906 dicata
836 858 1038 914 erant,
1081 850 1174 921 qui
1224 849 1657 921 Hierosolymam
1692 850 1886 921 elegit,
1927 856 1981 904 et

409 945 672 1015 templum
692 985 707 1007 ,
739 943 889 1015 quod
932 944 988 996 in
1022 944 1139 1013 ipsa
1168 952 1289 1008 est,
1324 958 1426 997 sua
1455 943 1632 1012 gloria
1665 929 1978 1012 complevit.

410 1033 612 1089 Verum
668 1035 824 1101 haec,
873 1049 996 1103 qua:
1041 1033 1199 1089 nefas
1251 1043 1373 1088 erat
1426 1034 1730 1104 attingere,
1769 1041 1826 1088 et
1861 1047 1983 1102 quae

408 1127 653 1182 omnium
697 1142 879 1181 rerum
922 1126 1033 1181 Deo
1088 1132 1248 1180 erant
1300 1132 1661 1191 consecrata,
1701 1139 1815 1179 non
1857 1134 1983 1178 tan-

410 1234 573 1288 quam
622 1218 929 1289 indigenti,
982 1217 1079 1272 sed
1132 1226 1398 1286 tanquam
1447 1231 1641 1271 eorum
1687 1214 1781 1285 qui
1821 1212 1983 1269 oﬂ‘er-

410 1317 571 1374 rent,
616 1317 834 1380 gratum
868 1308 1114 1362 animum
1148 1306 1478 1377 approbanti
1503 1345 1518 1370 ,
1553 1305 1756 1374 impius
1789 1319 1884 1359 rex
1927 1305 1982 1357 in

414 1400 663 1455 medium
711 1398 891 1453 aﬂerri
937 1398 1135 1467 jussit,
1182 1406 1239 1452 et
1287 1411 1353 1452 ex
1401 1396 1535 1466 ipsis
1583 1396 1762 1450 bibit:
1805 1407 1987 1463 neque

412 1491 587 1546 solum
634 1490 753 1560 ipse
780 1530 795 1554 ,
837 1489 932 1544 sed
980 1490 1279 1559 optimates
1326 1488 1508 1553 illius,
1563 1494 1620 1542 et
1663 1486 1986 1542 concubinas

411 1581 598 1644 illius.
631 1589 687 1637 et
714 1581 940 1651 pellices
970 1580 1126 1636 illius
1169 1579 1439 1634 bibebant
1467 1578 1658 1632 vinum
1694 1594 1708 1629 :
1758 1578 1863 1631 hoc
1899 1583 1985 1632 est

410 1668 701 1722 ebrietatis
748 1668 1115 1723 instrumenta
1162 1667 1294 1723 fecit
1336 1667 1513 1722 divini
1550 1667 1841 1723 ministerii
1895 1668 1984 1722 in-

2083 487 2296 552 δεικνὺς
2329 488 2391 542 τὸ
2422 489 2713 560 ἐπίσημον,
2759 487 2856 558 τὴν
2893 490 2995 558 τῆς
3036 487 3419 558 Ἰερουσαλὴμ
3477 507 3626 560 προσ-

2084 577 2314 649 ηγορίαν
2349 576 2722 648 προστέθεικε.
2757 563 2941 629 Ταῦτα
2964 574 3093 646 γάρ,
3123 575 3278 645 φησὶ,
3311 575 3377 630 τά
3403 577 3554 650 σκεύη
3574 582 3627 634 οὺ

2084 670 2196 723 τισὶ
2218 668 2328 723 τῶν
2353 668 2675 733 δοκούντων,
2711 666 2804 721 καὶ
2838 667 3007 739 ῦνομα
3049 665 3205 736 μόνον
3239 667 3483 737 ἐχόντων,
3524 671 3629 724 ἀνέ-

2086 777 2268 815 κειντο
2287 760 2334 792 ⁵³
2368 759 2528 826 θεῶν,
2573 758 2689 812 ἀλλ’
2727 757 2877 829 αὕτῷ
2915 757 2993 829 τῷ
3026 759 3119 811 ἐπὶ
3166 761 3383 814 πάντων
3413 759 3541 830 Θεῷ,
3581 761 3630 826 ὃς

2084 854 2186 924 τήν
2215 870 2275 906 τε
2314 851 2672 925 Ἰερουσαλὴμ
2699 851 3003 918 ἐξελέξατο,
3034 853 3127 905 καὶ
3157 852 3249 906 τὸν
3280 855 3339 906 ἐν
3364 854 3490 924 αὐτῇ
3516 853 3631 906 νεὼν

2085 944 2186 1014 τῆς
2208 945 2414 1007 οίκείας
2445 944 2729 1015 ἐπλήρωσε
2759 941 2937 1012 δόξης.
2986 942 3148 996 Ἀλλά
3183 943 3360 997 ταῦτα
3395 944 3459 997 τὰ
3486 944 3633 1012 ἄψαυ-

2089 1055 2207 1101 στα.
2239 1038 2335 1093 καὶ
2361 1037 2440 1108 τῷ
2460 1037 2579 1107 Θεῷ
2605 1036 2716 1089 τῶν
2753 1036 2890 1091 ὅλων
2924 1036 3281 1107 ἀνακείμενα,
3319 1037 3417 1107 οὐχ
3446 1036 3513 1099 ὡς
3535 1037 3634 1090 δεοο

2091 1131 2258 1202 μένῳ,
2309 1131 2424 1184 ἀλλ’
2455 1131 2531 1192 ὡς
2576 1129 2958 1201 ἀποδεχομένῳ
2991 1127 3098 1183 τῶν
3148 1128 3558 1199 προσφερόντων
3584 1129 3635 1182 τὸ

2087 1221 2391 1292 εὔγνωμον,
2432 1220 2462 1273 6
2501 1217 2767 1288 δυσσεϐὴς
2803 1216 3055 1289 βασιλεὺς
3096 1217 3175 1278 είς
3208 1213 3372 1286 μέσον
3404 1213 3633 1283 ἐνεγκὼν,

2089 1313 2274 1367 ἐπινεν
2317 1314 2375 1366 ἐν
2424 1312 2607 1374 αὐτοῖς
2632 1326 2647 1340 ’
2680 1310 2741 1362 οὐ
2793 1309 2955 1380 μόνον
3000 1307 3057 1361 δὲ
3089 1306 3274 1369 αὐτὸς,
3310 1306 3445 1359 ἀλλά
3487 1305 3571 1359 καὶ
3596 1307 3636 1358 οί

2094 1404 2424 1475 μεγιστᾶνες
2449 1400 2636 1463 αὐτοῦ,
2674 1400 2771 1454 καὶ
2808 1401 2864 1454 αί
2917 1400 3245 1471 παράκοιτοι
3273 1395 3460 1461 αὐτοῦ,
3488 1397 3573 1450 καὶ
3592 1398 3641 1450 at

2090 1494 2364 1549 παλλακαὶ
2381 1492 2544 1547 αὑτοῦ
2575 1491 2758 1545 ἔπινον
2787 1486 2931 1544 οῐνον
2955 1506 2969 1522 ’
2999 1489 3269 1554 τουτέστι,
3292 1487 3460 1559 μέθης
3483 1487 3639 1558 ἐποίηο

2092 1603 2184 1639 σεν
2232 1585 2439 1657 ὄργανα
2491 1584 2591 1654 τῆς
2629 1582 2782 1645 θείας
2810 1580 3152 1652 λειτουργίας
3185 1579 3254 1633 τὰ
3299 1579 3519 1650 ὄργανα,
3563 1579 3639 1632 καὶ

2091 1680 2193 1742 τάς
2237 1678 2336 1746 τῆς
2389 1674 2678 1738 ἀκολασίαι,
2729 1673 2890 1727 αὑτὸν
2928 1671 3278 1744 ἐμφορούσας
3325 1671 3413 1725 διὰ
3461 1670 3638 1725 τούτων

411 1765 754 1824 summam“:
786 1758 1153 1828 ρτεοερὲυιιιθ
1201 1764 1262 1812 ιιι
1307 1772 1430 1827 qua
1477 1772 1636 1813 suam
1690 1758 1989 1828 θκΡΙεΜιη
2019 1766 2063 1823 Β
2091 1769 2386 1826 ἀπολαύειν
2415 1768 2509 1823 τοῦ
2538 1769 2680 1821 οἴνου
2718 1764 3071 1838 προσέταξεν.
3109 1763 3346 1818 Ἔπειτα
3394 1762 3490 1831 τῆς
3533 1764 3639 1816 ἀσεο

411 1848 733 1914 lasciviam,
779 1864 873 1918 per
921 1848 1037 1903 haec
1072 1848 1203 1903 vino
1249 1846 1592 1904 fruerentur.
1642 1847 1848 1905 Deinde
1890 1864 1986 1905 ex-

2091 1865 2241 1927 6είας
2272 1862 2332 1916 τὸ
2360 1862 2588 1932 ἔσχατον
2635 1858 2956 1921 ὑποδεικνὺς
3001 1858 3030 1911 6
3065 1856 3359 1929 προφήτης
3392 1856 3634 1926 ἐπήγαγεσ

412 1946 641 1994 tremam
671 1938 972 1995 ostendens
1003 1939 1367 2010 impietatem,
1390 1939 1658 2010 propheta
1705 1940 1943 2009 subjecit
1968 1960 1982 1997 :

481 2028 650 2086 Vens.
682 2030 735 2086 4.
776 2050 796 2083 ι
828 2030 894 2085 Et
922 2031 1222 2086 laudarunt
1252 2031 1390 2088 deos
1424 2046 1663 2097 aureos,
1695 2039 1752 2087 et
1786 2046 1987 2103 argen-

410 2129 551 2189 teos,
577 2130 633 2176 et
658 2136 856 2189 aereos,
887 2130 941 2179 et
968 2122 1205 2190 ferreos,
1238 2132 1292 2178 et
1321 2123 1563 2194 ligneos,
1590 2131 1647 2178 et
1677 2124 1979 2193 lapideosa

411 2211 722 2282 Crapulaus
775 2213 920 2267 enim
976 2214 1452 2283 improbissimus,
1507 2222 1563 2268 et
1585 2214 1793 2268 divinis
1840 2213 1989 2268 vasis

412 2301 734 2357 deliciarum
789 2318 956 2359 causa
1006 2310 1210 2368 utens,
1268 2304 1517 2360 omnium
1559 2320 1743 2359 rerum
1774 2303 1993 2359 Domini

2157 2045 2219 2101 δ’.
2257 2061 2275 2096 ι
2308 2042 2418 2096 Καὶ
2442 2041 2643 2113 ᾔνεσαν
2672 2038 2797 2100 τοὺς
2822 2036 2978 2100 θεοὺς
3003 2035 3129 2098 τοὺς
3160 2032 3422 2104 χρυσοῦς,
3448 2032 3534 2085 καὶ
3554 2033 3637 2102 ἀρ-

2089 2137 2310 2210 γυροῦς,
2358 2135 2455 2189 καὶ
2501 2130 2758 2204 χαλκοῦς,
2803 2132 2898 2184 καὶ
2946 2127 3224 2202 σιδηροῦς,
3267 2126 3363 2179 καὶ
3400 2124 3636 2191 ξυλίνους,

2091 2230 2185 2284 καὶ
2230 2227 2484 2289 λιθίνους.
2520 2244 2539 2278 ι
2583 2222 2919 2295 Κραιπαλῶν
2969 2222 3078 2292 γὰρ
3117 2223 3145 2275 6
3196 2218 3532 2290 παμμίαρος,
3563 2220 3641 2271 καὶ

2089 2322 2202 2384 τοῖς
2234 2319 2396 2381 θείοις
2430 2314 2682 2371 σκεύεσιν
2712 2312 3013 2385 ἐντρυφῶν,
3061 2311 3238 2382 λήθην
3289 2311 3386 2381 μέν
3421 2309 3536 2380 ἔσχε
3560 2307 3639 2361 τοῦ

2091 2411 2199 2479 τῶν
2231 2411 2486 2465 ἁπάντων
2531 2405 2826 2468 Δεσπότου,
2862 2403 3053 2475 ὕμνοις
3101 2402 3159 2456 δὲ
3190 2403 3322 2465 τοὺς
3368 2401 3464 2455 οὐκ
3506 2400 3641 2463 ὄντας

2092 2505 2344 2576 ἐγέραιρε
2372 2500 2546 2565 θεοὺς,
2572 2498 2630 2565 ἐξ
2663 2496 2796 2567 ὕλης
2820 2495 3027 2566 ἀψύχου
3054 2492 3459 2563 πεποιημένους
3476 2491 3538 2557 ⁸⁸,
3566 2491 3640 2544 καὶ

2092 2596 2214 2651 οὐδὲ
2242 2595 2349 2650 ἀπὸ
2376 2593 2477 2662 τῆς
2505 2592 2702 2662 τέχνης
2729 2589 2791 2644 τὸ
2824 2590 3067 2661 ἐνεργεῖν
3099 2585 3493 2658 ήρανισμένους
3513 2599 3526 2614 ·
3568 2583 3641 2653 μό-

2096 2707 2190 2760 νην
2224 2689 2280 2742 δὲ
2325 2686 2539 2759 μορφὴν
2581 2682 2909 2753 δεξαμένους
2952 2678 3235 2751 ἐνεργείας
3281 2675 3637 2747 ἐστερημένην.

2106 2780 2248 2835 Ἀλλ’
2281 2778 2380 2833 οὐκ
2405 2776 2664 2848 ἠνέσχετο
2693 2773 2802 2828 τῶν
2820 2772 2956 2827 ὅλων
2979 2771 3008 2824 6
3039 2764 3338 2842 Πρύτανις,
3365 2771 3429 2839 τῇ
3465 2783 3638 2839 μακρο-

2096 2871 2288 2941 θυμίᾳ,
2329 2869 2426 2924 καὶ
2451 2867 2574 2931 τοὺς
2603 2863 2859 2937 τηνικάδε
2896 2861 3241 2936 ἀνθρώπους,
3272 2861 3370 2916 καὶ
3393 2862 3514 2921 τοὺς
3540 2860 3637 2928 μετ’

2094 2961 2337 3024 ἐκείνους
2397 2958 2776 3031 λυμήνασθαιο
2819 2954 3135 3027 παραυτίκα
3197 2954 3256 3008 δὲ
3310 2953 3405 3025 τὴν
3464 2951 3636 3006 οἰκείαν

2093 3051 2365 3105 δείκνυσιν
2392 3049 2640 3120 δύναμιν.

2160 3142 2220 3195 ε’.
2261 3159 2279 3193 ι
2316 3141 2404 3194 Ἐν
2439 3142 2577 3211 αὐτῇ
2607 3141 2739 3210 γάρ,
2776 3136 2930 3208 φησὶ,
2964 3137 3030 3206 τῇ
3066 3135 3187 3208 ὥρᾳ
3218 3134 3437 3206 ἐξῆλθον
3464 3131 3635 3203 ἀστρά-

2089 3233 2313 3303 γαλοι⁸⁷
2352 3233 2533 3304 χειρὸς
2582 3228 2891 3301 ἀνθρώπου,
2943 3229 3039 3282 καὶ
3088 3226 3335 3298 ἔγραφον
3382 3225 3634 3279 κατέναντι

2088 3325 2187 3395 τῆς
2213 3324 2513 3394 λαμπάδος,
2529 3322 2620 3376 ἐπὶ
2645 3320 2706 3374 τὺ
2724 3319 2959 3389 κονίαμα
2979 3317 3071 3371 τοῦ
3094 3319 3276 3388 τοίχου
3295 3314 3388 3369 τοῦ
3406 3312 3542 3368 οἴκου
3559 3309 3632 3364 τοῦ

2092 3414 2374 3484 βασιλέως,
2411 3414 2502 3466 καὶ
2532 3414 2560 3465 6
2594 3409 2846 3481 βασιλεὺς
2871 3405 3094 3478 ἐθεώρει
3130 3406 3263 3469 τοὺς
3296 3401 3633 3473 ἀστραγάλους

2088 3506 2190 3575 τῆς
2219 3504 2399 3577 χειρὸς
2422 3506 2519 3574 τῆς
2547 3500 2886 3573 γραφούσης.
2928 3517 2946 3550 ι
2993 3495 3216 3565 Ἐπειδὴ
3260 3494 3371 3564 γὰρ
3405 3492 3467 3546 τά
3506 3493 3626 3560 ἐνερ-

2091 3592 2243 3660 γείας
2283 3591 2500 3662 ἀπάσης
2533 3587 2874 3661 ἐστερημένα
2906 3584 3150 3657 ὕμνησεν
3176 3584 3396 3645 εἴδωλα,
3435 3581 3520 3634 καὶ
3556 3577 3633 3631 τοῦ

2091 3683 2199 3737 τῶν
2246 3683 2503 3738 ἁπάντων
2550 3678 2688 3734 Θεοῦ
2736 3678 3133 3749 κατεφρόνησε,
3168 3675 3408 3729 διδάσκει
3439 3669 3633 3725 αὐτὸνό

2089 3777 2198 3831 τῶν
2226 3774 2362 3829 ὅλων
2383 3775 2428 3807 ³⁸
2470 3771 2811 3844 Δημιουργδς
2836 3771 2937 3840 τῆς
2964 3769 3115 3832 θείας
3162 3766 3333 3821 αὑτοῦ
3373 3764 3565 3834 φύσεως
3584 3759 3633 3812 τὸ

2091 3868 2324 3938 ἀόρατον
2350 3865 2446 3919 καὶ
2477 3865 2788 3933 ἀσώματον.
2834 3863 3045 3924 Μόνους
3064 3859 3174 3932 γὰρ
3194 3854 3347 3929 αὐτῷ
3376 3853 3630 3915 δακτύλους

2092 3956 2437 4011 ὑποδείκνυσι
2468 3955 2801 4026 γράφοντας,
2841 3951 3114 4006 παιδεύων
3143 3950 3330 4011 αὐτὸν,
3365 3948 3436 4011 ὡς
3465 3944 3559 3998 οὐδ’
3577 3942 3631 3997 ἂν

2089 4051 2310 4113 τούτους
2362 4048 2662 4113 ἐθεάσατο,
2722 4048 2771 4099 εί
2829 4045 2903 4117 μὴ
2957 4043 3234 4116 παρέσχεν
3286 4040 3500 4103 αὗτδς⁸⁹
3552 4035 3630 4104 τῆς

2091 4142 2278 4213 χρείας
2336 4141 2436 4211 τὴν
2486 4140 2761 4211 ἀφορμήψ
2811 4138 3074 4209 μεγίστην
3111 4136 3167 4189 δὲ
3210 4135 3308 4189 καὶ
3345 4135 3392 4187 oi
3426 4131 3628 4184 σύσσιτοι

2091 4231 2336 4286 ἐντεῦθεν
2361 4230 2632 4299 ὠφέλειαν
2664 4227 2990 4298 ἐλάμϐανον,
3026 4226 3403 4296 διδασκόμενοι
3425 4219 3512 4274 τοῦ
3545 4216 3626 4287 μὲν

2090 4320 2226 4374 Θεοῦ
2275 4320 2411 4390 πρὸς
2573 4317 2851 4388 ἀσωμάτῳ
2895 4317 2989 4370 καὶ
3022 4314 3261 4386 ἀοράτῳ,
3312 4304 3373 4366 τὸ
3404 4306 3625 4395 δυνατός

2048 4446 2058 4479 ί
2089 4411 2198 4464 τῶν
2229 4411 2287 4464 δὲ
2320 4410 2412 4463 ὑπ’
2444 4391 2623 4463 αὐτῶν
2654 4407 3009 4479 ὑμνηθέντων
3037 4405 3196 4471 θεῶν,
3229 4403 3364 4476 πρὸς
3392 4399 3463 4470 τῷ
3489 4391 3627 4464 ὕλικῷ

411 4468 804 4562 deorum-vero
829 4539 845 4560 .
878 4468 1028 4567 quos
1054 4497 1159 4567 ipsi
1185 4496 1550 4554 laudaveram
1575 4537 1590 4564 ,
1631 4468 1983 4555 imbecillita-

2092 4499 2185 4552 καὶ
2217 4498 2431 4570 ἀψύχῳ,
2466 4498 2525 4552 τὺ
2571 4468 2850 4560 παντελώς
2897 4496 3127 4567 ἀδρανὲς
3171 4468 3232 4549 τε
3273 4468 3370 4548 καὶ
3414 4468 3623 4547 ἀσθενές·

412 4596 543 4653 tem,
565 4594 620 4641 et
635 4587 903 4656 ejusmodi
927 4595 1203 4655 naturam,
1228 4604 1349 4659 qua:
1369 4589 1503 4644 nihil
1527 4591 1755 4645 omnino
1771 4597 1984 4662 posset,

2094 4591 2216 4644 Ὅτι
2273 4590 2331 4644 δὲ
2381 4590 2516 4643 πολὺ
2561 4588 2678 4652 δέος
2711 4588 2914 4642 ἅπασιν
2969 4585 3325 4657 ἐνειργάσατο
3381 4578 3524 4635 τοῦτο
3577 4573 3625 4625 τδ

412 4690 537 4729 cum
570 4692 638 4730 ex
660 4677 779 4731 sola
811 4678 1053 4732 inanima
1082 4681 1318 4734 materia
1355 4687 1701 4737 constarent.
1733 4679 1854 4737 Hoc
1885 4696 1986 4737 au-

2097 4680 2303 4751 θαῦμα,
2342 4680 2371 4732 6
2400 4681 2686 4751 προφήτης
2715 4678 3164 4750 μεμαρτύρηκεν,
3192 4676 3363 4738 οὕτως
3397 4667 3564 4726 είπώψ

413 4775 523 4820 tem
624 4767 891 4825 miraculo
958 4768 1243 4840 ingentem
1300 4773 1321 4795 ⁹
1393 4780 1600 4826 metum
1665 4773 1929 4828 omnibus
1993 4774 2274 4829 incussum
2341 4771 2548 4839 fuisse,
2606 4777 2847 4825 testatus
2899 4776 2986 4825 est
3044 4767 3352 4839 propheta,
3430 4760 3513 4832 qui
3562 4757 3621 4809 ita

410 4858 549 4912 dixrt
587 4876 603 4913 :

412 2394 868 2462 obliviscebatur,
910 2394 1168 2451 laudibus
1199 2410 1331 2449 vero
1358 2411 1456 2451 eos
1482 2439 1497 2464 ,
1532 2398 1629 2467 qui
1661 2412 1774 2451 non
1803 2404 1993 2453 essent

411 2481 527 2548 dii,
573 2483 928 2548 celebrabat,
978 2500 1045 2539 ex
1093 2485 1335 2541 inanima
1381 2489 1609 2543 materia
1658 2488 1986 2556 confectos;

413 2573 618 2642 quique
645 2574 714 2629 ab
747 2582 867 2630 arte
897 2591 1006 2631 non
1042 2590 1161 2631 eam
1197 2578 1308 2631 vim
1346 2586 1716 2648 acceperant,
1745 2594 1852 2650 qua
1876 2578 1991 2634 etii-

409 2680 539 2720 cere
576 2666 784 2736 aliquid
820 2679 1080 2736 possent,
1122 2668 1218 2723 sed
1260 2669 1435 2724 solam
1472 2668 1710 2724 formam
1753 2671 1993 2729 eilicacl-

411 2756 543 2810 tatis
566 2765 870 2826 expertem.
894 2756 1095 2812 Verum
1121 2774 1231 2813 non
1257 2759 1509 2828 permisit
1532 2763 1780 2817 omnium
1808 2778 1991 2818 rerum

411 2847 750 2915 moderator,
778 2864 881 2919 pro
907 2863 1005 2904 sua
1031 2850 1484 2919 longanimitate,
1540 2862 1600 2906 ut
1632 2862 1688 2907 et
1736 2854 1994 2910 homines

410 2935 508 3004 qui
538 2945 672 2991 tunc
699 2938 981 3005 vivebant,
1017 2946 1071 2994 et
1102 2940 1312 3010 posteri
1347 2941 1711 2997 laederentur:
1749 2943 1845 2998 sed
1876 2951 1992 2999 sta-

413 3026 510 3080 tim
544 3041 701 3082 suam
732 3029 1040 3097 potentiam
1072 3029 1338 3084 OSIendit.

485 3117 654 3174 Vens.
692 3120 744 3174 5.
802 3140 822 3173 ι
856 3121 915 3174 In
948 3121 1070 3191 ipsa
1116 3122 1324 3192 1161
1373 3123 1523 3177 enim
1571 3124 1742 3189 liora,
1778 3123 1984 3193 inquit,
2015 3110 2058 3167 Ο

411 3208 670 3266 exierunt
717 3212 940 3265 articuli
991 3226 1192 3266 manus
1221 3213 1500 3279 hominis,
1546 3221 1602 3267 et
1647 3214 1990 3281 scripserunt

410 3311 603 3359 contra
629 3303 964 3373 lampadem,
993 3304 1051 3357 in
1081 3303 1317 3357 tectorio
1343 3303 1572 3372 parietis
1598 3302 1797 3357 domus
1820 3303 1986 3372 regis,

410 3404 463 3450 et
498 3412 593 3451 rex
638 3395 1117 3466 contemplabatur
1163 3395 1426 3451 articulos
1482 3408 1680 3449 manus
1739 3395 1991 3449 scriben-

412 3484 506 3540 tis.
534 3504 555 3538 ι
594 3483 825 3550 Quando
850 3485 998 3539 enim
1032 3485 1103 3540 ab
1132 3485 1281 3538 omni
1310 3483 1639 3539 eﬂlcacitate
1668 3499 1843 3539 vacua
1877 3485 1992 3539 lau-

409 3576 565 3631 davit
618 3576 947 3642 simulacra,
999 3584 1056 3630 et
1095 3577 1342 3631 omnium
1392 3576 1564 3634 Deum
1613 3579 1987 3648 contempsit,

409 3668 571 3723 docet
593 3667 771 3737 ipsum
804 3668 1053 3723 omnium
1081 3683 1269 3724 rerum
1297 3667 1515 3739 Oplt‘ex,
1543 3683 1697 3725 suam
1733 3678 1989 3726 naturam

408 3761 681 3831 ejusmodi
729 3777 888 3831 esse,
947 3777 1075 3834 qua
1117 3765 1270 3820 cerni
1325 3773 1603 3835 nequeat,
1655 3773 1710 3820 et
1755 3782 1991 3838 corpore

408 3860 616 3908 careat.
653 3851 815 3910 Solos
858 3855 1003 3910 enim
1050 3856 1255 3926 digitos
1299 3857 1403 3927 ipsi
1454 3858 1761 3915 scribentes
1810 3870 1993 3916 osten-

410 3943 618 4012 debat,
649 3944 913 4000 erudiens
952 3945 1105 4000 illum
1132 3988 1147 4013 ,
1180 3962 1249 4002 ne
1279 3948 1360 4003 sic
1387 3947 1612 4017 quidem
1658 3949 1762 4005 bos
1793 3951 1861 4005 ab
1893 3953 1990 4007 illo

410 4035 658 4106 conspici
688 4036 954 4106 potuisse,
986 4036 1093 4091 nisi
1128 4038 1245 4107 ipse
1273 4054 1409 4094 usus
1435 4053 1629 4094 eorum
1663 4041 1991 4110 praebuisset

409 4128 782 4184 occasionem.
818 4130 1108 4183 Maximam
1138 4139 1322 4187 autem
1365 4131 1615 4187 convivae
1660 4133 1790 4186 hinc
1821 4133 1986 4188 etiam

410 4220 789 4291 percipiebant
820 4220 1114 4276 utilitatem
1140 4263 1155 4288 ,
1187 4222 1280 4292 qui
1309 4222 1658 4279 docebantur
1692 4222 1786 4279 Dei
1823 4232 1984 4295 pote-

413 4319 607 4369 statem
641 4331 656 4368 :
697 4321 1066 4384 praeterquam
1101 4314 1252 4385 quod
1280 4315 1667 4386 intelligebant
1705 4333 1830 4372 eum
1857 4332 1985 4372 cor-

411 4403 563 4473 poris
582 4413 858 4473 expertem
886 4421 1032 4472 esse,
1060 4415 1114 4461 et
1139 4405 1324 4462 oculis
1347 4407 1502 4462 cerni
1527 4409 1755 4464 minime
1782 4424 1984 4479 posse:

480 4948 646 5004 Vnus.
701 4949 759 5004 6.
819 4969 839 5003 ι
881 4950 1036 5007 Tunc
1082 4954 1231 5024 regis
1278 4954 1456 5011 forma
1505 4957 1792 5011 immutata
1843 4964 1929 5011 est
1960 4994 1977 5021 ,

408 5042 463 5090 et
496 5036 867 5108 cogitationes
884 5040 1005 5111 ejus
1032 5043 1442 5100 conturbabant
1479 5046 1662 5115 ipsum
1686 5088 1700 5111 ,
1736 5052 1791 5101 et
1822 5060 1980 5100 com-

409 5143 572 5199 pages
620 5128 930 5185 lumborum
965 5133 1115 5190 illius
1155 5135 1646 5204 dissolvebantur,
1690 5145 1747 5191 et
1800 5152 1980 5208 genua

407 5220 528 5290 ejus
560 5218 627 5274 ad
669 5235 730 5276 se
758 5221 995 5278 invicem
1038 5224 1462 5281 collidebantur.
1497 5245 1516 5278 ι
1555 5226 1715 5293 Quod
1757 5228 1803 5283 si
1837 5228 1979 5298 digi-

407 5318 588 5365 torum
619 5310 980 5368 scribentium
1012 5314 1227 5384 specics
1257 5314 1330 5370 ita
1364 5316 1664 5384 perterruit
1695 5332 1846 5383 eum,
1881 5315 1975 5386 qui

2157 4946 2231 5012 ς’.
2266 4965 2285 4998 ι
2318 4947 2452 5000 Τότε
2478 4945 2570 4999 τοῦ
2602 4943 2874 5015 βασιλέως
2900 4946 2934 5015 ή
2965 4945 3147 5015 μορφὴ
3171 4940 3449 5014 ἠλλοιώθη,
3478 4941 3559 4994 καὶ
3579 4938 3618 4991 oi

2084 5039 2430 5108 διαλογισμοὶ
2456 5037 2622 5091 αὐτοῦ
2658 5035 3028 5107 συνετάραξαν
3048 5035 3096 5067 ’θ
3123 5036 3305 5101 αὐτὸν,
3336 5034 3422 5088 καὶ
3447 5034 3491 5086 οἱ
3518 5030 3617 5085 σύν·

2084 5127 2409 5199 δεσμοιτῆς
2441 5128 2641 5198 ὀσφύος
2684 5126 2851 5181 αὐτοῦ
2883 5127 3177 5188 διελύοντο,
3209 5127 3302 5180 καὶ
3344 5125 3410 5179 τὰ
3449 5124 3616 5192 γόνατα

2085 5220 2252 5279 αὐτοῦ
2283 5219 2441 5274 τοῦτο
2484 5218 2657 5289 τούτῳ
2691 5216 3081 5290 συνεκρούοντο
3099 5218 3167 5272 ⁸⁸.
3208 5237 3226 5269 ι
3272 5217 3336 5273 ΕΙ
3368 5216 3420 5269 δέ
3446 5209 3587 5268 δακτύ

2083 5316 2190 5369 λων
2218 5312 2535 5385 γραφόντων
2555 5312 2600 5343 ⁸⁸
2649 5310 2857 5381 θεωρία
2904 5308 3078 5373 οὕτως
3123 5310 3491 5381 ἐξεδειμάτωσε
3538 5302 3608 5354 τῦν

1731 5489 1967 5549 ῩΑΒΙᾸΕ
2005 5490 2410 5549 LECTION-ES.

471 5640 519 5672 “
555 5641 631 5698 δέ.
667 5632 793 5701 Dcs.
824 5643 877 5700 in
903 5643 964 5701 Β.

1077 5644 1124 5677 ⁸⁸
1160 5644 1199 5698 Β
1233 5646 1500 5700 ἀνέκειτο.
1576 5648 1623 5680 ⁸⁸
1656 5665 1790 5702 πεπ.
1867 5647 1909 5701 Β
1942 5647 2381 5718 γεγενημένουςη-
2438 5646 2483 5680 ⁵⁷
2519 5646 2679 5718 ἀστρ.
2715 5645 2754 5698 Α
2777 5644 3051 5718 δάκτυλοι.

3128 5646 3173 5677 ⁸⁸
3197 5645 3271 5698 ὄλ.
3312 5642 3349 5697 Β
3371 5638 3598 5696 ἁπάντων.

414 5705 458 5738 ⁵⁹
479 5709 519 5764 Β
552 5713 721 5783 αὐτῷ.
799 5716 844 5748 ⁸ο
879 5716 922 5769 Α
959 5715 1076 5772 etB
1103 5718 1521 5791 συνετάρασσον.
1602 5719 1644 5750 ⁶¹
1678 5736 1727 5774 τ.
1758 5736 1806 5772 τ.
1848 5705 1966 5772 συνξ
1989 5705 2034 5779 AI
2061 5705 2500 5790 συνεκροτοῦντο.
2580 5705 2640 5749 σι’
2657 5731 2748 5787 γρ.
2782 5714 2824 5769 Β
2850 5729 3037 5786 prem.
3089 5716 3280 5789 nive».
