3898 6208
251 295 371 361 i381

1462 302 1541 364 ΙΝ
1570 301 1926 363 DANIELIS
1963 301 2120 363 CAP.
2154 303 2221 365 Υ.

3354 306 3494 373 1382

241 411 337 479 τὴν
385 407 654 479 μεγίστην
703 408 955 465 διέποντα
1010 409 1305 480 βασιλείαν,
1344 410 1419 474 ὼς
1450 411 1545 464 καὶ
1582 410 1691 463 τῶν
1723 410 1822 480 άρ-

1935 410 2227 466 maximum
2261 408 2685 468 administrabat
2713 421 3042 481 regnum,ut
3079 413 3249 468 etiam
3287 418 3497 472 articu-

241 501 388 571 θρων
420 499 518 562 τὰς
546 499 811 569 ἁρμονίας
841 501 945 555 ὑπὸ
966 501 1059 554 τοῦ
1088 501 1246 566 δέους
1269 501 1606 568 διαλυθῆναι,
1627 500 1827 569 τρόμον

237 608 298 643 τε
331 590 431 642 καὶ
465 590 653 643 κλόνον
671 591 716 621 ⁵³
749 591 1040 661 ὑπομεῖναι
1070 591 1141 645 τά
1189 592 1347 659 μέλη,
1396 590 1448 645 τί
1485 592 1584 645 οὐκ
1623 591 1687 644 ἂν
1725 591 1819 642 ὑπο

239 680 436 751 έμενεν
468 682 495 733 ὁ
529 681 820 751 θεομισὴς,
860 681 1186 752 πρηστῆρας
1227 680 1260 751 ὴ
1303 681 1601 751 κεραυνοὺς
1631 679 1827 733 θεασά-

242 785 410 837 μενος
434 809 451 833 ,
508 769 543 839 ἦ
600 770 868 838 ἀγγέλους
909 769 1166 840 βλοσυρὸν
1208 769 1505 841 βλέποντας
1532 809 1548 834 ,
1604 770 1700 825 καὶ
1747 767 1826 838 τῷ

241 861 607 930 καινοπρεπεῖ
645 859 754 912 τῶν
802 860 1098 929 σχημάτων
1142 858 1565 929 δεδιττομένους.
1607 856 1826 911 Τούτων

238 951 352 1022 γάρ
400 953 506 1021 τὴν
540 952 665 1005 θέαν
704 952 824 1005 οὐδὲ
857 952 886 1004 ὁ
921 952 1096 1023 μέγας
1129 952 1328 1022 Δανιὴλ
1376 950 1546 1013 ἀδεῶς
1583 951 1825 1018 ἐνεγκεῖν

238 1041 507 1113 ἠδυνήθη.
579 1042 842 1112 ’Δληθῶς,
878 1062 896 1095 ι
953 1043 1017 1095 Τί
1077 1042 1553 1113 ὑπερηφανεύεται
1604 1042 1675 1111 γῆ
1731 1041 1827 1095 καὶ

240 1133 442 1197 σποδός
467 1149 483 1201 ;
523 1154 541 1186 ι
573 1134 844 1188 Τοσούτου
884 1134 1060 1188 τοίνυν
1090 1135 1241 1196 δέους
1270 1135 1642 1203 ἀναπλησθεὶς
1667 1173 1681 1197 ,

312 1311 380 1376 ζ’.
419 1330 439 1363 ι
469 1310 784 1382 Ἐαὼνησεν
800 1310 847 1343 ⁸⁸
875 1314 932 1365 ἐν
961 1311 1105 1383 ἰσχύϊ
1129 1310 1223 1366 τοῦ
1250 1313 1563 1380 εἰσαγαγεῖν
1594 1313 1822 1383 μάγους,

241 1403 566 1467 Χαλδαίους,
596 1404 945 1474 Γαζαρηνούς
968 1405 1034 1457 ⁸⁸.
1067 1424 1086 1455 ι
1128 1405 1186 1457 '0
1215 1404 1325 1475 γὰρ
1349 1404 1514 1472 φόϐος
1542 1403 1827 1474 εἰργάξετο

242 1498 342 1567 τὴν
369 1496 524 1568 βοὴν,
551 1497 644 1551 καὶ
668 1496 769 1565 τῆς
795 1497 974 1566 ψυχῆς
1000 1499 1028 1549 ὀ
1053 1496 1279 1567 θόρυϐος
1310 1495 1502 1566 μαθεῖν
1524 1496 1826 1564 κατήπειγε

243 1591 343 1661 τὴν
371 1590 668 1660 ἀπόφασιν.
702 1585 836 1643 Εἶτα
869 1587 1190 1659 προτίθησιν
1225 1584 1387 1641 ἆθλον
1424 1586 1504 1656 τῷ
1547 1587 1646 1656 τὴν
1686 1603 1825 1657 γρα-

246 1685 353 1755 φὴν
402 1682 830 1751 ἀναγινώσκοντι
895 1680 989 1734 καὶ
1043 1681 1142 1752 τὴν
1195 1679 1493 1751 ἑρμηνείαν
1543 1681 1823 1747 ἐπάγοντι,

1931 500 2106 555 lorum
2137 512 2431 568 compages
2464 514 2577 569 pra
2607 508 2752 555 metu
2780 501 3241 568 dissolverentur,
3268 512 3322 557 et
3346 516 3500 562 artus

1928 596 2169 645 tremore
2199 589 2454 658 occupati
2486 597 2921 645 concuterentur
2954 608 2966 645 :
3012 591 3144 660 quid
3180 608 3293 646 non
3327 597 3502 649 susti-

1928 679 2144 743 nuisset
2206 678 2315 735 Deo
2364 679 2643 745 infestus,
2695 681 2742 734 si
2795 689 3079 750 presteras
3127 689 3223 736 aut
3267 680 3498 738 fulmina

1927 770 2364 840 conspexisset,
2419 778 2517 824 aut
2570 772 2800 841 angelos
2852 780 3013 827 torve
3071 773 3387 841 intuentes,
3446 785 3503 830 et

1928 874 2072 914 novo
2128 858 2317 930 ﬁguras
2377 858 2570 915 habitu
2626 859 3023 915 deterrentes?
3089 859 3294 915 Horum
3354 862 3501 915 enim

1887 952 2143 1022 .1162
2190 959 2546 1021 conspectum
2604 967 2673 1005 ne
2732 966 2968 1020 magnus
3027 952 3255 1020 quidem
3308 950 3503 1004 Daniel

1927 1045 2134 1110 absque
2175 1048 2320 1095 metu
2364 1042 2509 1095 l'erre
2551 1041 2755 1111 potuit.
2795 1039 2968 1106 Vere,
3019 1060 3036 1092 ι
3070 1040 3214 1106 Quid
3256 1040 3505 1110 superbit

1928 1142 2077 1186 terra
2115 1141 2171 1187 et
2216 1132 2360 1186 cinis
2405 1136 2423 1168 ι
2470 1133 2492 1185 ?
2528 1152 2546 1184 ι
2582 1133 2758 1186 Tanto
2799 1133 2984 1202 itaque
3027 1140 3237 1186 terrore
3290 1133 3505 1200 percul-

1928 1237 2023 1277 SUS
2051 1239 2066 1276 ζ

1998 1312 2166 1369 Vens.
2210 1315 2261 1370 7.
2309 1333 2328 1367 ι
2366 1313 2709 1371 Exclamavit
2751 1329 2886 1369 voce
2934 1329 3168 1385 magna,
3224 1325 3284 1368 ut
3327 1314 3502 1369 intro-

1926 1405 2267 1461 ducerentur
2317 1406 2505 1476 magi,
2567 1405 2811 1462 Chaldaei
2848 1445 2864 1469 ,
2915 1404 3215 1467 Gazareni.
3249 1424 3268 1458 ι
3327 1406 3506 1461 Metus

1927 1497 2073 1551 enim
2103 1513 2291 1553 vocent
2331 1497 2692 1563 excutiebat,
2729 1503 2784 1553 et
2818 1497 2987 1552 animi
3023 1498 3366 1567 perturbatio
3401 1498 3501 1552 stic

1927 1590 2193 1654 mulabat,
2227 1597 2285 1642 ut
2308 1588 2635 1645 sententiam
2668 1588 3016 1657 intelligeret.
3043 1587 3182 1643 Tum
3215 1588 3500 1658 praemium

1931 1679 2275 1748 Scripturam
2306 1679 2512 1751 legenti
2543 1679 2774 1750 ejusque
2800 1680 3313 1750 interpretationem
3359 1678 3501 1736 εσθ-

246 1749 452 1846 ἐσθῆτα
481 1749 785 1846 βασιλικὴν,
820 1774 915 1827 καὶ
939 1749 1177 1845 χρυσοῦν
1206 1749 1606 1843 Ιειπεριδέρραιον,
1642 1771 1738 1825 καὶ
1763 1771 1825 1824 τὸ

1935 1770 2072 1825 renti
2104 1749 2384 1840 proponit,
2404 1749 2610 1826 vestem
2647 1749 2873 1842 regiam,
2900 1749 3201 1826 etiauream
3224 1781 3501 1841 torquem,

244 1869 343 1937 τὴν
361 1869 409 1902 ⁸⁸
439 1868 629 1939 τρίτην
660 1864 815 1931 τάξιν
861 1865 1005 1935 ἔχειν
1055 1863 1195 1932 μετὰ
1239 1863 1332 1915 τὸν
1378 1861 1619 1931 βασιλέα.
1665 1861 1827 1915 Ἀλλά

244 1960 353 2014 τῶν
381 1960 483 2031 μὲν
525 1959 714 2030 μάγων
743 1960 837 2013 καὶ
873 1957 1157 2012 Χαλδαίων
1189 1956 1249 2008 τὸ
1273 1954 1430 2008 ἄθεον
1459 1953 1783 2026 ἐξηλέγχετο
1807 1971 1822 1987 ⁸

244 2051 428 2120 εὑρεῖν
457 2049 563 2121 γὰρ
605 2050 709 2103 οὐκ
754 2047 937 2119 ἴσχυον
980 2047 1080 2117 τὴν
1123 2043 1233 2098 τῶν
1278 2044 1440 2097 θείων
1481 2043 1826 2115 γραμμάτων

244 2142 574 2211 ἀνάγνωσιν,
604 2141 700 2195 καὶ
726 2140 899 2194 ταῦτα
932 2138 1093 2193 ἄθλου
1143 2135 1401 2191 τοσούτου
1435 2136 1821 2208 προκειμένου,

245 2236 345 2288 καὶ
367 2234 488 2289 λίαν
517 2234 716 2296 αὐτοὺς
739 2231 1157 2303 προτρέποντος.

317 2328 383 2377 θ’.
419 2344 438 2377 ι
486 2324 544 2378 ’0
582 2323 641 2377 δὲ
688 2321 941 2392 βασιλεὺς
993 2318 1281 2389 Βαλτάσαρ
1313 2319 1584 2391 ἐταράχθη
1611 2359 1627 2383 ,
1667 2320 1762 2373 καὶ
1788 2322 1822 2390 ἡ

249 2417 434 2487 μορφὴ
466 2412 629 2469 αὐτοῦ
652 2411 919 2484 ἠλλοιώθη
960 2412 1047 2465 ἐπ’
1077 2410 1246 2481 αὐτῷ,
1281 2411 1375 2465 καὶ
1409 2413 1458 2464 ot
1494 2412 1824 2482 μεγιστᾶνες

244 2507 415 2560 αὐτοῦ
445 2505 921 2577 συνεταράττοντο.
963 2523 982 2555 ι
1030 2503 1310 2558 Ἐντεῦθεν
1356 2502 1518 2575 δῆλον
1545 2542 1560 2568 ,
1599 2503 1681 2556 ὅτι
1728 2502 1827 2571 τῆς

244 2596 359 2650 τῶν
404 2595 577 2650 ἄλλων
621 2593 894 2663 ὠφελείας
941 2590 1395 2662 προμηθούμενος
1449 2591 1477 2643 ὁ
1523 2590 1824 2657 Δεσπότης,

247 2688 350 2743 οὐκ
376 2686 539 2750 εὐθὺς
564 2685 658 2741 τοῦ
707 2683 972 2755 βασιλέως
1008 2683 1260 2751 ἀφείλετο
1300 2683 1400 2754 τὴν
1455 2681 1637 2753 ζωήν
1693 2681 1829 2734 ἀλλὰ

248 2777 467 2848 πρῶτον
500 2777 599 2845 μὲν
627 2773 873 2840 ὑπέδειξε
897 2773 991 2830 τοῦ
1018 2773 1319 2843 γράφοντος
1351 2772 1478 2837 τοὺς
1509 2772 1824 2836 δακτύλους.

251 2867 442 2938 Τούτῳ
474 2866 531 2920 δὲ
572 2863 924 2934 καταπλήξας
989 2865 1084 2917 καὶ
1121 2863 1237 2927 δέος
1292 2862 1645 2927 ἐντεθεικὼς,
1685 2880 1826 2933 παρ-

252 2959 522 3014 εσκεύασε
551 2958 651 3028 μὲν
679 2955 943 3027 κληθῆναι
986 2956 1111 3018 τοὺς
1157 2957 1354 3025 σοφοὺς
1395 2955 1504 3008 τῶν
1525 2955 1823 3021 Χαλδαίων,

251 3050 511 3122 ἐξήλεγξε
548 3048 606 3104 δέ
653 3046 831 3101 αὐτῶν
863 3046 921 3099 τὸ
969 3046 1163 3116 ψευδές
1212 3062 1272 3100 τε
1309 3046 1404 3100 καὶ
1456 3046 1717 3111 ἀσθενὲς,
1769 3048 1827 3099 ὲν

252 3141 415 3213 χρείᾳ
467 3141 524 3194 δὲ
564 3138 665 3209 τῆς
695 3137 787 3190 τοῦ
841 3137 1041 3208 Δανιὴλ
1098 3138 1290 3206 σοφίας
1323 3138 1690 3207 κατέστησεν,
1740 3138 1826 3191 ἵνα

250 3233 343 3287 διὰ
387 3234 486 3304 τῆς
523 3231 715 3285 τούτου
761 3227 1034 3299 γλώττης,
1083 3230 1178 3282 καὶ
1231 3229 1419 3283 τοῦτον
1464 3230 1657 3301 ἐλέγξῃ
1682 3269 1697 3292 ,
1737 3229 1832 3283 καὶ

247 3326 382 3390 τοὺς
418 3324 613 3386 ἄλλους
651 3319 1012 3393 εὐεργετήσῃ,
1043 3320 1137 3373 καὶ
1171 3319 1377 3373 τούτων
1413 3319 1556 3373 οὕτω
1600 3320 1830 3389 γενομέ-

250 3435 382 3481 νων,
412 3412 716 3487 τηνικαῦτα
748 3411 846 3482 τὴν
874 3412 1147 3481 τιμωρίαν
1176 3413 1433 3484 ἐπαγάγῃ
1472 3411 1548 3482 τῷ
1580 3411 1833 3465 δυσσεϐεῖ

254 3507 484 3579 βασιλεῖ.
516 3506 560 3558 Τ
563 3501 949 3576 αραττομένων
971 3501 1150 3556 τοίνυν
1176 3502 1268 3556 καὶ
1296 3503 1391 3556 τοῦ
1421 3502 1703 3573 βασιλέως,
1738 3503 1832 3556 καὶ

252 3599 363 3653 τῶν
401 3598 757 3668 δαιτυμόνων,

331 3698 382 3744 ι’.
430 3708 449 3741 ι
495 3690 562 3746 Ἦ
608 3688 895 3759 βασίλισσα
941 3686 1233 3742 κατέναντι
1256 3686 1298 3717 ⁸⁷
1350 3683 1458 3738 τῶν
1510 3685 1682 3754 λόγων
1734 3682 1829 3739 τοῦ

259 3780 544 3852 βασιλέως,
573 3778 668 3832 καὶ
701 3777 812 3833 τῶν
844 3777 1184 3849 μεγιστάνων
1215 3774 1380 3829 αὐτοῦ
1400 3814 1416 3838 ,
1448 3776 1527 3839 είς
1559 3775 1652 3829 τὸν
1684 3771 1831 3830 οἷκον

253 3872 352 3926 τοῦ
392 3871 555 3925 πότου
592 3868 810 3940 εἰσῆλθε
831 3871 896 3922 ⁸⁸.
941 3887 959 3919 ι
988 3867 1269 3928 Τουτέστι,
1302 3864 1703 3937 βουλευομένων
1730 3866 1832 3920 αὖα

254 3965 366 4020 τῶν
394 3964 508 4017 τί⁸⁹
558 3961 854 4034 πρακτέον,
893 3961 989 4014 καὶ
1025 3960 1200 4015 ἄλλων
1233 3959 1370 4013 ἄλλα
1402 3959 1828 4030 είσηγουμένων,

257 4056 296 4107 ἃ
320 4055 381 4108 τὸ
410 4054 528 4117 δέος
567 4051 894 4121 ἠνάγκαζεν,
928 4052 962 4121 ή
997 4049 1280 4119 βασίλισσα
1312 4048 1641 4119 εἰσελήλυθε.
1677 4050 1834 4102 Δοκεῖ

256 4142 315 4197 δέ
363 4159 457 4213 μοι
495 4141 634 4212 αὐτὴ
658 4141 704 4174 '°
745 4142 929 4212 μήτηρ
961 4139 1128 4195 αὑτοῦ
1182 4135 1324 4192 εἶναι
1350 4157 1364 4170 ·
1424 4140 1482 4194 αἱ
1514 4140 1622 4211 γὰρ
1652 4140 1830 4210 παρά-

259 4249 433 4285 κοιτοι
472 4232 568 4284 σὺν
619 4232 738 4294 ταῖς
789 4230 1086 4284 παλλακίσι
1138 4229 1232 4283 τοῦ
1264 4229 1483 4284 δείπνου
1541 4233 1787 4301 μετεῖχον
1812 4247 1828 4263 ο

258 4322 440 4375 ἔπινον
476 4321 587 4392 γάρ
623 4322 681 4373 ἐν
712 4323 833 4384 τοῖς
866 4319 1090 4374 σκεύεσι
1135 4322 1249 4383 τοῖς
1287 4322 1508 4390 χρυσοῖς
1534 4320 1627 4373 καὶ
1660 4322 1832 4391 ἀργυ-

1929 1868 1985 1916 et
2013 1873 2072 1915 ut
2102 1863 2326 1918 tertium
2360 1865 2543 1919 locum
2576 1872 2704 1933 post
2737 1878 2921 1935 regem
2949 1864 3245 1919 obtineret.
3278 1862 3359 1936 [8]
3392 1864 3497 1920 Sed

1930 1967 2212 2022 magorum
2243 1962 2298 2010 et
2323 1954 2705 2010 Cbaldzorum
2740 1955 3176 2010 convincebatur
3210 1956 3463 2026 impietas
3484 1995 3500 2019 ,

1930 2046 2024 2115 qui
2058 2047 2325 2101 rationem
2359 2047 2608 2101 invenire
2644 2061 2754 2100 non
2784 2056 3073 2117 poterant,
3125 2065 3233 2119 qua
3284 2049 3505 2103 divinas

1931 2137 2147 2192 litteras
2174 2138 2421 2207 legerent
2448 2179 2463 2204 ,
2514 2138 2818 2210 praesertim
2858 2146 3009 2193 tanto
3048 2140 3334 2209 proposito
3362 2153 3504 2209 prte—

1931 2227 2075 2293 mio,
2109 2233 2257 2298 quod
2287 2230 2440 2298 ipsos
2464 2231 2625 2284 valde
2655 2230 2943 2284 incitabat.

2000 2318 2170 2376 Vens.
2200 2320 2254 2375 9.
2295 2338 2313 2372 ι
2351 2319 2467 2375 Rex
2502 2329 2684 2377 autem
2713 2321 2968 2375 Baltasar
2994 2320 3350 2390 perturbatus
3378 2328 3465 2375 est
3484 2356 3502 2384 ,

1931 2424 1986 2469 et
2019 2413 2193 2467 forma
2237 2414 2356 2483 ejus
2400 2414 2690 2468 immutata
2736 2420 2824 2469 est
2864 2428 3034 2484 super
3067 2428 3192 2467 eum
3216 2452 3231 2477 ,
3268 2422 3324 2468 et
3363 2415 3507 2485 opti-

1932 2513 2111 2560 mates
2150 2504 2328 2575 ipsius
2366 2505 2874 2561 conturbabantur.
2914 2523 2934 2557 ι
2977 2502 3118 2560 Hine
3152 2505 3508 2576 perspicuum

1931 2604 2035 2661 est,
2068 2595 2385 2662 Dominum,
2408 2597 2538 2667 quia
2573 2598 2819 2653 camilli
2852 2606 2973 2652 erat
2999 2599 3232 2653 aliorum
3270 2599 3503 2664 utilitas,

1934 2703 2040 2741 non
2066 2687 2251 2743 statim
2285 2689 2400 2757 regi
2445 2690 2607 2743 vitam
2643 2688 2937 2752 ademisse,
2968 2689 3063 2744 sed
3096 2688 3332 2759 primum
3361 2691 3505 2745 scri-

1933 2780 2114 2834 bentis
2150 2779 2351 2849 digitos
2377 2779 2710 2836 ostendisse.
2743 2781 2926 2846 Quare
2955 2796 3077 2835 cum
3110 2782 3290 2849 ipsum
3323 2796 3505 2851 regem

1934 2869 2294 2941 perculisset,
2357 2877 2736 2941 terroremque
2775 2872 2824 2927 ei
2864 2872 3177 2941 injecisset,
3221 2872 3404 2928 eil‘ecit
3446 2880 3506 2926 ut

1931 2962 2317 3017 Chaldaeorum
2389 2964 2671 3034 sapientes
2740 2975 3161 3020 accerserentur
3197 3007 3213 3032 ,
3270 2980 3507 3035 quorum

1934 3054 2288 3109 mendacium
2313 3056 2563 3123 coarguit
2595 3064 2649 3108 et
2679 3057 3111 3112 imbecillitatem
3136 3100 3149 3122 ,
3177 3072 3350 3126 coque
3379 3056 3508 3111 ade-

1932 3147 2008 3216 git
2033 3147 2292 3218 (regem)
2347 3156 2405 3201 ut
2445 3147 2715 3218 sapientia
2755 3147 2996 3205 Danielis
3040 3163 3179 3219 opus
3236 3149 3459 3204 haberet
3487 3187 3506 3214 ,

1931 3236 2093 3305 cujus
2128 3237 2317 3306 lingua
2365 3244 2420 3290 et
2460 3236 2638 3305 ipsum
2671 3236 3065 3307 redargueret,
3101 3244 3155 3291 et
3186 3234 3310 3291 aliis
3342 3235 3509 3289 bene-

1933 3327 2139 3383 t'aceret
2160 3370 2176 3395 ,
2219 3338 2274 3382 et
2304 3328 2390 3383 his
2419 3329 2492 3382 ita
2518 3328 2688 3399 gestis
2711 3370 2726 3395 ,
2759 3336 2893 3382 tunc
2931 3327 3098 3398 impio
3139 3326 3252 3399 regi
3295 3325 3507 3397 suppli-

1931 3420 2075 3473 cium
2111 3419 2360 3474 inferret.
2386 3417 2724 3474 Perturbato
2765 3418 2954 3489 itaque
2988 3427 3041 3474 et
3081 3432 3241 3488 rege,
3289 3423 3342 3471 et
3374 3430 3509 3471 con-

1939 3525 2098 3575 τινες,

2007 3688 2171 3742 Vens.
2238 3687 2327 3741 10.
2402 3707 2421 3741 ι
2474 3687 2681 3760 Regina
2756 3689 2899 3744 inter
2974 3703 3257 3745 sermones
3312 3688 3507 3760 regis,

1935 3780 2146 3852 1163
2199 3788 2253 3834 et
2290 3779 2613 3850 optimatum
2659 3779 2797 3851 ejus
2826 3822 2843 3848 ,
2886 3781 2943 3834 in
2988 3780 3213 3835 domum
3262 3778 3505 3836 convivii

1931 3873 2180 3941 ingressa
2236 3876 2342 3925 est.
2382 3888 2400 3922 ι
2460 3868 2577 3925 Hoc
2622 3878 2746 3938 est,
2808 3871 3258 3927 consultantibus
3320 3871 3457 3944 ipsis
3489 3915 3507 3939 ,

1931 3963 2192 4035 quidnam
2234 3960 2378 4017 facto
2411 3977 2553 4034 opus
2599 3970 2787 4031 esset,
2834 3971 2888 4019 et
2922 3964 3046 4020 aliis
3086 3964 3192 4018 alia
3238 3963 3511 4040 aﬂe‘renti-

1932 4054 2035 4108 bus
2063 4067 2183 4123 quae
2212 4060 2392 4108 metus
2418 4052 2674 4124 cogebat,
2711 4054 2900 4123 regina
2934 4055 3184 4124 ingressa
3212 4062 3316 4111 est.
3343 4053 3508 4109 Vide-

1934 4151 2024 4198 tur
2061 4150 2243 4198 autem
2299 4144 2417 4199 haec
2458 4144 2597 4198 mihi
2647 4154 2823 4200 mater
2865 4145 3043 4216 ipsius
3090 4161 3259 4202 esse:
3308 4163 3510 4202 uxores

1934 4235 2080 4289 enim
2113 4251 2238 4289 cum
2273 4235 2297 4266 ⁸
2333 4234 2629 4305 peliicibus
2678 4236 2919 4291 convivii
2965 4235 3268 4306 participes
3327 4243 3506 4290 erant.

1934 4324 2202 4380 Bibebant
2230 4328 2379 4381 enim
2416 4341 2482 4381 ex
2515 4326 2665 4381 vasis
2696 4327 2882 4382 aureis
2907 4336 2961 4381 et
2994 4327 3270 4396 argenteis
3303 4326 3420 4397 ipse
3453 4335 3511 4382 et

258 4418 396 4488 ροῖς,
433 4414 598 4478 αὐτὸς
641 4414 736 4467 καὶ
763 4414 812 4468 oi
847 4413 1173 4484 μεγιστᾶνες
1205 4410 1396 4474 αὑτοῦ,
1438 4411 1534 4464 καὶ
1563 4411 1619 4463 αί
1651 4411 1827 4482 παρὰ-

1935 4416 2229 4483 optimates
2266 4414 2390 4482 ejus
2419 4452 2432 4479 ,
2488 4424 2542 4470 et
2589 4416 2914 4470 concubina:
2948 4417 3124 4486 ipsius
3150 4455 3165 4479 ,
3219 4415 3326 4470 hoc
3381 4424 3465 4472 est
3491 4457 3511 4478 .

256 4523 428 4561 κοιτοι
456 4505 623 4560 αὐτοῦ
640 4545 656 4569 ,
680 4505 960 4559 τουτέστιν
981 4546 996 4570 ,
1034 4507 1092 4560 αί
1119 4503 1358 4576 γαμεταὶ
1401 4501 1568 4556 αὐτοῦ
1590 4540 1608 4565 ,
1655 4504 1750 4557 καὶ
1776 4504 1832 4555 at

256 4598 533 4654 παλλακαὶ
559 4597 748 4661 αὐτοῦ,
782 4599 841 4651 αί
871 4598 934 4651 οὐ
975 4598 1118 4652 καττὰ
1146 4597 1328 4667 νόμον,
1360 4595 1497 4650 ἀλλὰ
1534 4595 1602 4649 δι’
1634 4594 1832 4650 ἀκολα-

258 4689 382 4741 σίαν
405 4686 682 4743 συνοῦσαι,
712 4687 859 4756 Αὐτὴ
881 4688 928 4719 ⁷⁸
966 4686 1024 4740 δέ
1056 4686 1193 4757 μετὰ
1242 4686 1332 4738 τὸν
1362 4685 1591 4756 θόρυϐον
1625 4685 1835 4757 είσελή-

254 4778 419 4844 λυθε,
484 4778 579 4831 καὶ
634 4778 780 4842 εἰκὸς
827 4774 897 4849 ἦν
957 4778 1033 4842 ὡς
1082 4779 1463 4848 γεγηρακυῖαν
1505 4776 1606 4846 τῆς
1664 4774 1832 4846 μέθης

253 4868 475 4938 ἐκείνης
506 4867 600 4920 καὶ
648 4866 758 4921 τῶν
814 4865 1228 4937 κορδακισμῶν,
1260 4866 1425 4935 ήγουν
1452 4864 1828 4935 ὀρχησμῶντί,

251 4958 557 5031 τηνικαῦτα
593 4957 668 5029 μὴ
700 4958 969 5028 μετέχειν.
1010 4976 1029 5010 ι
1074 4957 1182 5011 Καὶ
1211 4956 1482 5029 ἀπεκρίθη
1506 4997 1521 5021 ,
1558 4955 1723 5026 φησιν
1746 4997 1761 5020 ,
1799 4955 1832 5025 ή

258 5051 587 5122 βασίλισσα,
625 5051 720 5105 καὶ
775 5047 894 5104 εἷπε
925 5067 940 5083 ο
1010 5048 1270 5113 Βασιλεῶ
1323 5052 1403 5112 εἰς
1452 5048 1576 5112 τοὺς
1629 5047 1834 5111 αίῶνας

256 5143 405 5213 ζῆθι.
442 5162 461 5194 ι
501 5142 674 5195 Τοῦτο
700 5140 777 5206 δὲ,
806 5142 881 5206 ὡς
922 5141 1088 5206 έοικε,
1123 5141 1428 5213 πρόσρησις
1455 5134 1523 5210 ἦν
1572 5141 1684 5201 τοῖς
1712 5138 1832 5192 τότε

380 5295 548 5353 Eecli.
578 5313 635 5362 ι,
672 5296 727 5351 9.

1935 4519 2139 4560 uxores
2167 4504 2290 4572 ejus
2316 4544 2331 4570 ,
2364 4513 2420 4559 et
2457 4505 2682 4572 pellices
2713 4505 2835 4575 ejus
2857 4546 2871 4571 ,
2906 4521 3028 4577 quae
3070 4521 3180 4559 non
3225 4507 3469 4574 legitime
3490 4550 3509 4572 ,

1936 4594 2031 4650 sed
2078 4594 2317 4648 lasciviae
2370 4609 2539 4649 causa
2586 4610 2708 4649 cum
2763 4596 2858 4650 illo
2904 4604 3327 4652 consueverant.
3385 4597 3510 4666 Ipsa

1936 4693 2118 4739 autem
2154 4695 2278 4754 post
2311 4686 2779 4754 perturbationem
2821 4687 3071 4758 ingressa
3103 4696 3188 4740 est
3219 4705 3231 4740 :
3268 4696 3326 4742 et
3366 4688 3509 4742 reri-

1935 4775 2114 4831 simile
2160 4783 2321 4838 erat,
2375 4791 2536 4840 eam,
2594 4786 2654 4831 ut
2706 4779 2863 4832 senio
2919 4779 3270 4837 confectam,
3333 4792 3512 4847 neque

1939 4866 2236 4932 ebrietati,
2282 4882 2461 4935 neque
2504 4867 2720 4923 lusibus
2748 4908 2763 4935 ,
2810 4876 2907 4924 aut
2943 4868 3336 4924 saltationibus
3382 4882 3509 4921 cum

1939 4958 2061 5011 aliis
2083 4964 2213 5011 tunc
2241 4956 2557 5017 indulsisse.
2597 4977 2614 5008 ι
2638 4957 2709 5012 Ει
2740 4947 3047 5029 respondit,
3080 4958 3278 5028 inquit,
3298 4957 3507 5029 regina,

1939 5056 1992 5101 et
2037 5046 2178 5100 dixit
2209 5063 2224 5099 ε
2252 5039 2392 5114 Rex,
2442 5047 2498 5101 in
2544 5047 2746 5102 saecula
2794 5048 2939 5103 vive.
2969 5067 2988 5100 ›
3036 5046 3163 5103 Haec
3196 5057 3413 5113 autem,
3446 5056 3508 5101 ut

1938 5138 2158 5193 videtur
2179 5178 2195 5204 ,
2229 5145 2352 5192 erat
2393 5138 2650 5209 praefatio
2676 5153 2833 5211 ,qua
2866 5140 3098 5211 subjecti
3144 5139 3367 5211 regibus
3413 5152 3508 5213 eos

1555 5378 1788 5436 VARIJE
1827 5377 2234 5437 LECTIONES.

330 5566 375 5598 ⁸³
403 5567 441 5619 Β
466 5566 653 5620 κλόνον
672 5583 741 5648 ’τε
772 5566 864 5618 καλ⁵
892 5566 1113 5635 τρόμον.
1192 5564 1236 5596 ⁸⁸
1270 5565 1313 5616 Α
1343 5563 1454 5643 K30.
1481 5564 1706 5634 ἐϐόησεν
1732 5564 1760 5616 ὁ
1791 5561 2130 5684 βασιλεὺςέν
2158 5564 2324 5636 ίσχύῖ.
2402 5567 2447 5598 ⁸⁸
2466 5567 2508 5622 Α
2536 5567 2907 5650 Ζαγαρηνούς,
2934 5582 2997 5623 ex
3031 5580 3216 5621 errore
3264 5565 3498 5619 librarii.

342 5642 462 5684 tiu-
513 5635 638 5684 Des-
672 5652 725 5684 ιη
760 5637 817 5684 Β-
895 5638 937 5667 ⁸⁷
970 5654 1090 5684 κατ-
1131 5667 1198 5675 --
1241 5635 1426 5684 αὐτου.
1457 5633 1580 5684 Des.
1615 5635 1753 5684 apud
1812 5632 1949 5684 λΧΧ.
1978 5642 2032 5684 et.
2061 5649 2113 5684 in
2160 5637 2226 5684 Α.
2262 5642 2439 5684 exstat
2466 5645 2645 5684 autem
2689 5654 2741 5684 ιιι
2788 5646 2937 5684 te.qu
2970 5634 3160 5684 Chald.
3239 5635 3285 5667 ⁸⁸
3313 5635 3359 5684 Δ
3393 5636 3498 5684 εισι

263 5634 311 5666 ⁸⁸
342 5642 462 5706 τήν.
511 5635 638 5690 Des.
672 5637 725 5706 in
759 5637 817 5690 Β.
895 5633 939 5667 ⁸⁷
970 5633 1091 5690 κατ.
1131 5667 1198 5706 έ-
1241 5634 1426 5688 αὐτοῦ.
1457 5633 1753 5706 Βιξεζοριιιί

261 5705 546 5776 ελήλυθεν.
623 5705 728 5759 ⁶⁹Β
766 5707 874 5761 τό..
922 5706 966 5737 ⁷⁸
1005 5706 1046 5759 Β
1080 5705 1237 5777 αὕτη.

1812 5632 1949 5696 .ΧΧ,
1978 5642 2032 5689 et
2060 5636 2114 5689 in
2160 5632 2439 5703 A,'exstat
2466 5632 2646 5694 autem
2688 5632 2758 5692 in'
2788 5632 2937 5694 textu
2970 5634 3160 5691 Cltald.
3239 5635 3285 5667 ⁸⁸
3313 5635 3359 5688 Δ
3393 5636 3505 5688 εισ-

1324 5706 1365 5736 “
1398 5706 1490 5774 ἠγ.
1520 5706 1637 5775 ὀρχ.
1673 5704 1724 5758 in
1758 5704 1797 5757 Β
1837 5704 1954 5758 des.
