3898 6208
202 260 334 325 1385

1410 260 1492 321 ΙΝ
1533 259 1892 322 DANIELIS
1935 262 2095 324 CAP.
2117 263 2165 323 ν
2185 303 2198 317 .

3316 264 3451 332 1336

196 368 287 425 τοῦ
323 367 592 440 βασιλέως
617 410 631 433 ,
668 368 761 421 καὶ
790 362 946 421 εἶπεν
972 368 1000 420 6
1033 365 1285 437 βασιλεὺς
1316 367 1394 439 τῷ
1433 370 1631 439 Δανιήλ
1659 387 1671 399 ·
1706 370 1778 422 Σὺ

1894 380 1971 427 est
2013 372 2070 427 in
2101 378 2403 443 conspectu
2444 371 2684 443 regis,et
2716 370 2855 429 dixit
2885 386 2979 429 rex
3013 372 3363 450 DanieiizAn
3390 388 3450 433 tu

195 459 247 517 εί
285 462 489 534 Δανιὴλ
543 464 572 516 6
622 463 730 516 ἀπὸ
765 461 873 514 τῶν
920 460 1053 513 υἱῶν
1106 461 1207 532 τῆς
1245 461 1627 532 αἰχμαλωσίας
1675 463 1774 532 τῆς

204 554 525 619 Ὶουδαίας⁸⁷
556 572 571 622 ;
609 574 627 606 ι
666 553 880 608 Ἔοικεν
908 546 1065 618 οὗτος
1088 553 1195 607 ὑπὸ
1225 553 1426 623 πολλῆς
1456 552 1774 616 δυσσεϐείας

194 645 337 716 μετὰ
378 646 481 719 τὴν
517 645 610 700 τοῦ
649 645 853 717 πατρὸς
884 644 1138 713 τελευτὴν
1164 643 1262 713 τὴν
1295 642 1390 697 τοῦ
1420 642 1619 713 Δανιὴλ
1651 660 1775 695 συν-

191 740 387 792 ουσίαν
426 737 613 807 φυγῶν
636 752 650 767 ’
684 737 764 790 διὸ
791 736 1103 808 παραυτίκα
1137 722 1348 806 τῷδέει
1376 733 1775 803 καταπλαγεὶς,

189 832 319 894 τοὺς
362 830 465 901 μὲν
507 831 714 901 μάγους
747 830 841 883 καὶ
879 829 1002 890 τοὺς
1034 826 1337 892 Χαλδαίους
1368 827 1525 882 καλεῖ
1545 869 1559 890 ,
1592 824 1685 879 τοῦ
1719 825 1778 880 δὲ

191 923 480 993 προφήτου
524 922 622 973 ’καὶ
670 922 768 990 τὴν
822 921 1042 990 μνήμην
1092 919 1191 989 τῆς
1220 918 1462 981 διανοίας
1495 916 1774 982 ἐξέϐαλεν.

203 1010 441 1081 Ἐπειδὴ
468 1010 523 1064 δὲ
550 1014 583 1081 ή
631 1011 814 1081 μήτηρ
858 1009 1087 1062 atii-:05”
1126 1008 1401 1079 ἀνέμνησε
1428 1007 1536 1061 τῶν
1564 1008 1655 1059 ἐπὶ
1681 1004 1777 1060 τοῦ

190 1101 406 1170 πατρὸς
436 1101 819 1170 γεγενημένων
859 1099 1176 1171 θαυμάτων,
1213 1100 1307 1154 καὶ
1337 1098 1559 1169 κληθεὶς
1592 1094 1777 1168 εἰσῆλ-

188 1195 279 1247 θεν
308 1195 341 1246 6
366 1195 586 1265 Δανιὴλ,
626 1194 842 1263 ἐπέγνω
879 1193 978 1263 μὲν
1004 1192 1164 1247 αὐτὸν
1195 1188 1515 1262 παραυτίκα
1534 1210 1549 1224 ο
1581 1191 1640 1245 ού
1671 1191 1780 1262 γὰρ

188 1286 254 1339 ἂν
280 1328 298 1352 ,
337 1286 500 1356 εἴπερ
549 1286 785 1354 ἠγνόησε
809 1324 824 1349 ,
854 1284 949 1337 τοῦ
981 1283 1173 1353 γένους
1212 1284 1515 1354 ἀνέμνησε,
1556 1283 1649 1336 καὶ
1680 1282 1780 1350 τὴν

186 1374 579 1444 αἰχμαλωσίαν
618 1374 717 1443 τῆς
760 1373 1023 1438 Ἰουδαίας
1071 1375 1152 1437 είς
1202 1374 1370 1444 μέσον
1428 1374 1775 1444 παρήγαγεν.

186 1467 539 1521 Πυνοάνεται
572 1467 630 1520 δὲ
676 1468 847 1538 ὅμως,
889 1465 983 1520 καί
1013 1483 1147 1537 φησι
1174 1482 1188 1497 ο
1233 1486 1251 1517 ι
1287 1467 1359 1520 Σὺ
1408 1461 1465 1520 εἶ
1506 1466 1706 1536 Δανιὴλ
1752 1467 1782 1519 ὁ

185 1560 300 1613 ἀπὸ
350 1559 461 1614 τῶν
509 1560 643 1613 υἱῶν
693 1560 791 1629 τῆς
836 1559 1213 1631 αἰχμαλωσίας
1261 1560 1360 1629 τῆς
1420 1557 1712 1622 Ἰουδαίας;
1755 1578 1775 1611 ι

186 1652 306 1706 Καὶ
343 1653 575 1723 μηδέπω
612 1651 1144 1723 συνομολογήσαντος
1178 1652 1385 1705 ἐκείνου
1413 1667 1426 1680 '

1877 482 1939 522 es
1973 465 2165 522 Daniel
2199 465 2268 521 de
2324 463 2452 519 ﬁliis
2499 465 2848 535 captivitatis
2889 462 3126 522 Iudaeae?
3162 488 3181 520 ι
3220 467 3453 526 Videtur

1879 558 1987 613 iste
2033 557 2104 612 ob
2152 570 2407 625 magnam
2446 555 2787 626 impietatem
2840 565 2969 627 post
3012 560 3187 628 patris
3239 561 3451 617 obitum

1879 648 2124 704 Danielis
2189 647 2652 704 consuetudinem
2711 649 2921 721 fugisse
2972 668 2987 706 :
3039 667 3213 722 quare
3262 655 3452 710 statim

1880 750 2095 796 terrore
2125 740 2426 811 perculsus
2471 755 2663 812 magos
2695 742 2918 812 quidem
2949 749 3004 797 et
3033 741 3327 799 Chaldaeos
3358 760 3455 799 vo-

1880 838 1992 898 cat,
2030 831 2314 901 propheta:
2363 838 2545 884 autem
2597 832 2921 885 memoriam
2972 847 3210 904 prorsus
3268 835 3456 891 animo

1882 922 2146 989 eiecerat.
2183 921 2385 977 Verum
2421 922 2510 976 ubi
2551 922 2728 992 ipsius
2757 932 2931 979 mater
2956 939 3023 979 ea
3049 940 3458 982 commemora-

1882 1011 1964 1063 vit
1992 1010 2283 1077 miracula,
2326 1025 2449 1080 quae
2479 1010 2656 1080 patris
2704 1011 2854 1068 illius
2885 1021 3133 1084 tempore
3161 1014 3306 1070 facta
3340 1015 3459 1072 lue-

1882 1110 2032 1167 rant,
2061 1113 2115 1158 et
2140 1103 2455 1159 accersitus
2512 1102 2701 1159 Daniel
2752 1104 3041 1176 ingressus
3091 1114 3208 1173 est,
3266 1109 3459 1163 statim

1881 1191 2062 1261 ipsum
2125 1192 2348 1262 agnovit
2379 1211 2392 1247 :
2432 1190 2818 1263 nequeenim,
2856 1195 2901 1251 si
2955 1211 3066 1251 non
3100 1198 3419 1268 agnovisset
3442 1241 3458 1262 .

1883 1284 2106 1354 generis
2136 1284 2287 1340 illius
2317 1286 2653 1341 mentionem
2699 1285 2946 1352 fecisset,
2980 1296 3034 1344 ct
3061 1286 3263 1345 Judaeaa
3287 1293 3463 1363 capti-

1882 1370 2111 1427 vitalem
2143 1372 2199 1427 in
2240 1373 2481 1429 medium
2518 1375 2866 1444 protulisset.
2902 1376 3170 1434 Attamen
3225 1395 3461 1450 percon-

1886 1471 2057 1531 tatur,
2078 1475 2133 1521 et
2161 1465 2238 1520 ait
2269 1484 2282 1521 :
2308 1485 2328 1518 ε
2351 1468 2433 1521 An
2468 1474 2526 1521 tu
2548 1482 2608 1523 cs
2634 1466 2827 1524 Daniel
2857 1467 2925 1524 de
2954 1468 3087 1525 ﬁliis
3119 1473 3462 1543 captivitatis

1882 1554 2136 1615 Judsaa?
2178 1577 2198 1611 ι
2241 1556 2495 1626 Cumque
2552 1559 2642 1614 ille
2691 1562 2940 1616 nondum
3002 1562 3109 1619 hoc
3166 1564 3463 1624 confessus

1883 1657 2033 1705 esset
2064 1667 2079 1704 ε

260 1714 357 1800 ιδνξ
384 1714 706 1807 ε-”Ηκουσα,
739 1714 898 1816 ignei,
923 1714 1050 1816 περὶ
1074 1742 1191 1810 σοῦ,
1210 1743 1534 1816 ὅτιῐινεῦμα
1564 1744 1719 1812 ἆγιον
1735 1742 1779 1776 δ’

1955 1740 2121 1797 Vens.
2184 1742 2273 1797 14.
2321 1762 2341 1794 ε
2399 1743 2633 1811 Audivi,
2685 1745 2895 1814 inquit,
2940 1746 3008 1802 de
3065 1755 3156 1816 te,
3195 1747 3463 1821 Spiritum

187 1841 245 1892 ἐν
280 1840 407 1904 σοὶ,
460 1839 554 1892 καὶ
596 1838 934 1912 γρηγόρησις
955 1838 1024 1901 ⁸ο,
1081 1837 1177 1891 καὶ
1212 1837 1459 1902 σύνεσις,
1495 1836 1589 1891 καὶ
1621 1836 1783 1904 σοφία

187 1929 437 2000 περισσὴ
469 1929 669 2001 εὑρέθη
694 1931 751 1982 ὲν
783 1928 883 1982 σοί.
921 1947 938 1980 ι
986 1928 1272 1999 Ἀρμόττει
1307 1929 1402 1982 καὶ
1433 1929 1563 2001 περὶ
1592 1927 1782 1982 τούτου

187 2021 480 2091 λέγεσθαι,
516 2022 544 2075 6
580 2022 709 2093 περὶ
758 2021 852 2074 τοῦ
908 2020 1130 2093 Ἰσραήλ
1181 2019 1368 2088 ἔλεγεν
1401 2022 1429 2074 6
1453 2022 1780 2091 Προφήτης’

192 2133 212 2165 ε
255 2114 441 2167 Ὅταν
471 2113 793 2167 ἀπέκτεινεν
820 2113 1039 2179 αὐτοὺς,
1066 2113 1187 2165 τότε
1219 2110 1507 2183 ὲξεζήτουν
1536 2111 1718 2164 αὐτόν.
1760 2129 1780 2163 ι

197 2205 343 2260 Ἰδοὺ
390 2206 504 2277 γὰρ
536 2206 628 2259 καὶ
653 2203 842 2258 τοῦτον
890 2204 952 2257 τὸ
987 2205 1085 2275 τῆς
1132 2204 1282 2267 θείας
1322 2202 1606 2274 δυνάμεως
1650 2217 1786 2254 κατ-

184 2297 483 2368 ηνάγκασε
513 2297 630 2362 δέος
652 2337 667 2360 ,
713 2296 805 2350 τὸν
843 2296 971 2349 ὄντα
999 2295 1131 2348 Θεὸν
1173 2295 1295 2348 ἀντὶ
1330 2293 1440 2347 τῶν
1470 2293 1573 2347 οὐκ
1617 2292 1788 2347 ὀντων

184 2387 490 2459 ὀνομάζειν
514 2389 666 2453 Θεὸν,
703 2388 799 2442 καὶ
831 2387 926 2441 τοῦ
958 2387 1117 2456 ἁγίου
1152 2384 1470 2456 Πνεύματος
1498 2384 1598 2456 τὴν
1627 2385 1788 2457 χάριν

188 2480 414 2550 ὑμνεῖν,
457 2482 550 2533 καὶ
582 2481 912 2550 κατηγορεῖν
950 2478 1048 2550 μὲν
1079 2477 1189 2531 τῶν
1224 2476 1407 2547 σοφῶν
1437 2475 1786 2541 Βαϐυλῶνος,

183 2569 263 2633 ὡς
291 2569 397 2639 τὴν
429 2569 577 2622 Θείαν
621 2571 682 2622 οὐ
716 2569 1055 2639 δυνηθέντων
1100 2569 1305 2638 γνῶναι
1334 2567 1554 2639 γραφήν
1579 2569 1651 2634 ⁸⁸,
1685 2587 1789 2623 πα-

190 2657 464 2726 ρακαλεῖν
477 2659 522 2691 ⁹²
552 2658 609 2710 δὲ
637 2657 727 2712 τὸν
768 2657 863 2711 τοῦ
889 2656 1026 2712 Θεοῦ
1073 2657 1364 2729 προφήτην
1389 2656 1527 2727 δῆλα
1563 2658 1790 2728 ποιῆσαι

186 2748 263 2801 τὰ
296 2748 667 2820 ἀγνοούμενα.
708 2750 1085 2820 Ὑπισχνείται
1116 2749 1174 2802 δὲ
1213 2747 1363 2820 αύτῷ
1394 2748 1487 2802 καὶ
1521 2747 1623 2816 τὴν
1658 2765 1792 2818 πορ-

188 2840 408 2909 φυρίδα
452 2839 679 2906 δώσειν,
731 2841 827 2894 καὶ
876 2841 968 2895 τὸν
1017 2840 1328 2911 μανιάκην,
1380 2840 1474 2894 καὶ
1525 2839 1719 2912 τρίτην
1745 2840 1792 2872 ³³

186 2934 357 2999 τάξιν
383 2933 485 3004 τῆς
519 2933 816 3003 βασιλείας.
863 2932 1003 2986 Ἀλλ’
1022 2935 1051 2987 6
1082 2933 1348 3005 μακάριος
1371 2931 1595 3002 Δανιὴλ,
1632 2931 1794 3001 γελά-

188 3045 299 3092 σας
337 3027 435 3081 τοῦ
472 3026 766 3091 δυσσεϐοῦς
797 3027 896 3091 τὰς
938 3026 1222 3097 βασιλικὰς
1251 3025 1595 3098 ὑποσχέσεις,
1636 3018 1793 3078 εἶπεν
1820 3062 1863 3119 C

188 3118 356 3191 αύτῷ
387 3134 402 3148 ·
448 3138 465 3171 ι
512 3118 594 3171 Τὰ
624 3118 834 3189 δόματὰ
871 3136 966 3172 σου
1003 3120 1088 3172 σοὶ
1130 3118 1290 3183 ἔστω,
1324 3118 1419 3172 καὶ
1452 3117 1550 3185 τήν
1581 3116 1794 3190 δωρεὰν

187 3213 300 3284 τῆς
334 3209 515 3274 οἰκίας
555 3226 650 3263 σου
698 3209 872 3281 ἐστέρῳ
913 3210 1036 3273 δόςθ
1078 3208 1190 3278 ἐγὼ
1234 3209 1293 3263 δὲ
1320 3209 1540 3280 γραφὴν
1564 3210 1613 3242 ³⁵
1660 3209 1794 3263 ἀνα...

188 3303 492 3374 γνώσομαι
522 3300 602 3372 τῷ
630 3300 862 3371 βασιλεῖ,
905 3303 1000 3355 καὶ
1030 3300 1131 3371 τὴν
1158 3300 1450 3371 σύγκρισιν
1477 3300 1732 3371 γνωρίσω
1751 3299 1796 3332 ’⁵

191 3395 325 3460 σοὶ,
374 3393 619 3465 βασιλεῦ.
664 3412 683 3444 ›
738 3392 1094 3464 Ἀποστολικὴ
1142 3391 1220 3463 τῷ
1265 3392 1376 3445 ὄντι
1422 3392 1532 3446 τῶν
1585 3409 1798 3464 προφη-

187 3488 312 3543 τῶν
338 3488 387 3521 ’⁸
415 3489 448 3558 ή
484 3487 659 3557 φωνή.
689 3485 800 3539 Καὶ
826 3472 937 3555 γάρ
974 3482 1220 3548 ἐκείνους
1260 3486 1287 3537 6
1317 3483 1521 3555 Κύριος
1549 3485 1799 3556 κήρυκας

188 3580 562 3637 ἀποστέλλων
613 3580 780 3631 πᾶσιν
860 3574 1209 3647 ἀνθρώποις,
1270 3574 1712 3647 παρεκελεύσατο
1728 3574 1797 3639 θ’,

189 3675 385 3742 λέγων
414 3687 430 3700 ·
479 3687 499 3720 ι
544 3667 764 3738 Δωρεαν
807 3665 1033 3718 ἐλάϐετε
1065 3705 1080 3729 ,
1135 3663 1347 3736 δωρεὰν
1396 3664 1538 3718 δύτε.
1578 3682 1596 3715 ι
1633 3664 1745 3718 Καὶ
1771 3664 1801 3715 6

196 3762 487 3835 μακάριος
522 3753 676 3823 οὗτος
730 3759 1017 3830 προφήτης
1057 3757 1212 3825 ἔλεγε
1258 3756 1337 3826 τῷ
1377 3755 1625 3826 βασιλεῖ·
1664 3774 1682 3807 ‹
1720 3756 1763 3808 Τ
1769 3756 1802 3810 ἁ

191 3856 426 3927 δόματά
456 3871 547 3907 σου
591 3856 674 3906 σοὶ
699 3852 864 3916 ἔστω,
893 3851 986 3904 καὶ
1014 3851 1112 3921 τὴν
1146 3849 1358 3921 δωρεὰν
1386 3848 1479 3902 τοῦ
1515 3848 1667 3902 οἴκου
1702 3866 1798 3902 σου

192 3949 383 4021 ἑτέρῳ
430 3945 547 4009 δός·
602 3944 713 4013 ἐγὼ
759 3944 816 3998 δὲ
862 3943 961 4013 τὴν
995 3941 1215 4014 γραφήν
1285 3942 1673 4011 ἀναγνώσομαι
1721 3941 1801 4012 τῷ

197 4042 450 4114 βασιλεῖ,
481 4039 576 4093 καὶ
596 4038 693 4110 τὴν
716 4035 1007 4107 σύγκρισιν
1036 4033 1290 4103 γνωρίσω
1309 4032 1355 4064 ’⁸
1377 4049 1486 4097 σοι,
1521 4031 1760 4102 βασιλεῦ.
1776 4052 1794 4083 ι

195 4137 283 4190 Οὐ
316 4135 431 4205 γὰρ
460 4131 664 4202 ἔμαθον
684 4128 770 4203 ﬁt
800 4128 920 4181 θεῖα
954 4126 1174 4190 πωλεῖν,
1203 4124 1324 4178 οὐδὲ
1353 4124 1546 4194 μισθὸν
1589 4124 1801 4193 ἀνθρώ-

198 4243 367 4281 πινον
393 4225 536 4296 ὑπὲρ
561 4222 670 4276 τῶν
692 4220 857 4276 θείων
888 4217 1202 4289 μυστηρίων
1226 4215 1526 4287 λαμϐάνειν
1549 4233 1562 4246 ·
1600 4219 1801 4288 προῖκα

196 4317 394 4371 τοίνυν
420 4313 577 4383 δέχου
604 4311 711 4364 τῶν
744 4308 1122 4379 ἀγνοουμένων
1146 4307 1245 4377 τὴν
1276 4305 1495 4375 γνῶσιν.

1886 1840 2142 1885 sanctum
2178 1830 2316 1887 inte
2354 1847 2499 1898 esse,
2528 1843 2583 1889 ct
2631 1833 3001 1905 vigilantiam,
3034 1842 3090 1890 et
3145 1836 3464 1910 intelligen-

1886 1923 2043 1987 tiam,
2068 1930 2125 1978 et
2152 1922 2479 1992 sapientiam
2512 1925 2962 1982 excellentiorem
3020 1928 3297 1983 inventam
3343 1945 3469 1987 esse

1887 2015 1944 2069 in
1972 2022 2044 2069 te.
2085 2033 2104 2067 ι
2140 2014 2278 2070 Illud
2316 2016 2385 2071 de
2420 2016 2529 2072 hoc
2553 2032 2777 2087 quoque
2806 2018 2918 2073 dici
2950 2032 3325 2090 congruenter
3367 2038 3468 2092 po-

1888 2113 2017 2168 test,
2054 2105 2204 2174 quod
2267 2104 2336 2162 de
2392 2105 2595 2163 lsraele
2646 2108 2868 2163 dicebat
2914 2107 3189 2180 Propheta
3218 2130 3236 2167 :
3267 2133 3285 2164 ι
3319 2110 3468 2167 Cum

1889 2195 2170 2252 occideret
2219 2213 2339 2264 eos,
2401 2205 2540 2253 tunc
2601 2200 2924 2269 quaerebant
2978 2212 3175 2256 eum“.
3209 2202 3467 2276 »[15,16]

1891 2287 2033 2344 Ecce
2059 2289 2206 2344 enim
2238 2290 2407 2344 istum
2442 2304 2664 2361 quoque
2697 2290 2903 2346 divina:
2947 2292 3238 2349 sententia
3285 2303 3470 2350 metus

1892 2382 2089 2452 coegit,
2122 2380 2295 2437 Deum
2321 2382 2418 2453 qui
2449 2397 2578 2438 vere
2606 2390 2714 2451 est,
2749 2383 2966 2457 1166
2998 2400 3099 2456 pro
3126 2386 3203 2442 iis
3234 2386 3327 2457 qui
3357 2403 3470 2444 non

1892 2481 2025 2528 sunt
2057 2472 2155 2537 dii,
2211 2473 2379 2529 Deum
2416 2475 2711 2545 appellare,
2742 2484 2797 2530 et
2830 2477 3009 2531 sancti
3055 2476 3303 2549 Spiritus
3343 2496 3473 2551 gra-

1892 2557 2025 2618 tiam
2069 2565 2392 2628 celebrare,
2444 2573 2499 2620 et
2556 2564 2858 2637 Babylonis
2910 2567 3138 2637 quidem
3185 2569 3472 2639 sapientes

1895 2669 2179 2721 accusare,
2221 2656 2317 2725 qui
2348 2655 2593 2710 divinam
2637 2656 2977 2726 scripturam
3021 2671 3331 2728 agnoscere
3372 2676 3472 2717 ne-

1894 2746 2197 2816 quiverint,
2230 2747 2443 2800 hortari
2475 2761 2609 2803 vero
2646 2745 2743 2802 Dei
2787 2747 3138 2817 prophetam,
3168 2758 3315 2806 utea
3349 2766 3475 2822 qua:

1896 2838 2187 2909 ignorabat
2232 2837 2525 2893 iudicaret.
2589 2836 2697 2907 Ipsi
2748 2848 2931 2893 autem
2992 2839 3284 2909 pollicetur
3341 2857 3476 2913 pur-

1898 2948 2127 3004 puream
2167 2947 2228 2989 se
2253 2940 2461 2988 vestem
2494 2932 2845 3004 largiturum,
2872 2941 2928 2989 ct
2958 2942 3237 3004 torquem,
3271 2945 3327 2993 et
3364 2948 3477 2994 ter-

1898 3027 2034 3081 tium
2067 3026 2122 3079 in
2149 3040 2319 3096 regno
2341 3025 2546 3079 locum.
2574 3022 2687 3097 [Π]
2712 3021 2818 3080 Sed
2843 3024 3037 3081 beatus
3058 3024 3269 3091 Daniel,
3295 3029 3478 3086 irrisis

1898 3117 2055 3187 impii
2085 3117 2230 3187 regis
2272 3115 2794 3188 pollicitationibus,
2837 3116 2977 3172 dixit
2996 3116 3047 3173 ei
3080 3136 3100 3172 ε
3136 3136 3160 3172 ιι
3194 3117 3349 3174 Dona
3380 3129 3478 3177 tua

1899 3212 1995 3267 tibi
2032 3211 2164 3276 sint,
2192 3218 2246 3266 et
2271 3225 2475 3266 munus
2499 3208 2703 3265 domus
2730 3217 2837 3263 tua:
2856 3208 3017 3263 alteri
3040 3209 3109 3264 da
3126 3229 3144 3264 ε
3166 3226 3269 3281 ego
3293 3223 3474 3267 autem

1898 3305 2237 3375 scripturam
2291 3305 2467 3376 legam
2516 3302 2655 3373 regi,
2680 3310 2736 3358 et
2781 3303 3295 3373 interpretationem
3335 3304 3478 3361 iudi-

1898 3399 2039 3454 cabo
2064 3398 2186 3460 tibi,
2226 3411 2345 3453 rex.
2394 3414 2414 3449 ι
2447 3395 2769 3466 Apostolica
2825 3398 3041 3451 revera‘
3083 3396 3476 3466 prophetarum

1898 3507 2001 3547 vox
2021 3498 2124 3547 est.
2156 3490 2373 3546 Etenim
2418 3488 2549 3543 illos
2584 3486 2850 3543 Dominus
2913 3502 3200 3558 pracones
3249 3490 3480 3546 mittens

1900 3581 1966 3637 ad
2001 3595 2194 3636 omnes
2240 3579 2493 3634 homines
2539 3577 2614 3631 ita
2652 3578 2907 3633 hortatus
2937 3584 3022 3630 est
3057 3593 3071 3630 :
3108 3596 3126 3628 ε
3158 3575 3351 3633 Gratis
3385 3593 3481 3633 aco

1900 3672 2151 3743 cepistis,
2199 3671 2377 3743 gratis
2427 3670 2553 3725 date
2570 3678 2621 3724 ν.
2663 3686 2683 3720 ι
2724 3666 2790 3722 Ει
2834 3667 3036 3724 beatus
3082 3668 3177 3724 hic
3213 3669 3479 3740 propheta

1901 3768 2018 3839 regi
2043 3765 2185 3821 dixit
2217 3783 2231 3819 :
2269 3783 2289 3816 ε
2328 3762 2482 3818 Dona
2517 3770 2614 3817 tua
2647 3760 2745 3817 tibi
2780 3761 2914 3826 sint,
2954 3767 3011 3816 et
3042 3775 3250 3817 munus
3281 3760 3483 3816 domus

1902 3871 2011 3914 tuae
2055 3856 2215 3912 alteri
2246 3854 2315 3911 da
2350 3873 2363 3910 :
2405 3869 2506 3926 ego
2538 3859 2723 3906 autem
2761 3851 3098 3921 scripturam
3131 3851 3307 3923 legam
3341 3853 3481 3924 regi,

1902 3958 1958 4005 et
2004 3947 2520 4019 interpretationem
2580 3942 2842 3999 indicabo
2886 3942 3020 4010 tibi,
3074 3958 3192 3998 rex.
3230 3961 3249 3994 ›
3294 3942 3486 4015 Neque

1902 4043 2054 4099 enim
2115 4040 2306 4097 divina
2363 4037 2605 4095 vendere
2658 4034 2874 4097 didici,
2939 4048 3120 4104 neque
3184 4035 3483 4090 humanam

1903 4128 2214 4186 mercedem
2263 4139 2366 4198 pro
2404 4122 2611 4179 divinis
2650 4120 2934 4192 mysteriis
2973 4120 3249 4191 accipere.
3295 4118 3485 4177 Gratis

1904 4226 2090 4294 itaque
2123 4220 2315 4290 accipe
2347 4230 2539 4274 eorum
2569 4228 2692 4285 quae
2707 4221 2767 4267 tu
2809 4212 3056 4283 ignoras,
3087 4211 3480 4282 cognitionem.

283 4414 381 4478 ιη’,
427 4381 515 4458 rei
563 4423 580 4455 ε
627 4403 688 4455 ’0
713 4401 866 4467 Θεὸς,
909 4399 1095 4471 φησὶν,
1135 4399 1163 4450 6
1209 4395 1465 4465 ὕψιστος,
1508 4396 1607 4467 τήν
1643 4395 1789 4466 βασι.

1977 4397 2145 4452 Vens.
2180 4391 2363 4458 i8,t9.
2401 4408 2420 4441 ε
2456 4388 2623 4450 Deus,
2647 4384 2849 4455 inquit,
2882 4381 3212 4445 altissimus.
3249 4395 3481 4478 regnum

197 4503 366 4557 λείαν
397 4499 492 4553 καὶ
517 4496 616 4568 τήν
651 4492 1063 4567 μεγαλωσύνην,
1101 4490 1196 4544 καὶ
1223 4490 1321 4561 τὴν
1355 4488 1544 4559 τιμὴν,
1574 4489 1668 4542 καὶ
1699 4490 1800 4559 τήν

202 4597 376 4661 δόξαν
426 4594 592 4647 ἔδωκε
624 4588 1134 4659 Ναϐουχοδονόσορ,
1190 4584 1267 4656 τῷ
1316 4584 1486 4656 πατρί
1523 4602 1638 4637 σου,
1690 4585 1802 4639 Καὶ

201 4688 325 4742 ἀπὸ
361 4686 462 4755 τῆς
519 4681 941 4754 μεγαλωσύνης.
996 4672 1064 4748 ἧς
1110 4676 1311 4729 ἔδωκεν
1361 4673 1548 4741 αὐτῷ,
1600 4674 1801 4737 πάντες

202 4777 338 4832 λαοὶ
358 4778 436 4838 ’³,
472 4774 601 4828 καὶί
644 4771 839 4842 φυλαὶ,
891 4770 986 4824 καὶ
1036 4767 1280 4837 γλῶσσαι
1322 4762 1463 4837 ἦσαν
1506 4766 1803 4837 τρέμοντες

200 4867 378 4922 αὐτὸν
404 4866 447 4932 ¹,
481 4863 576 4917 καὶ
609 4861 935 4933 φοϐούμενοι
965 4858 1073 4912 ἀπὸ
1104 4856 1397 4927 προσώπου
1432 4855 1617 4909 αὐτοῦ.
1657 4874 1676 4906 ι
1710 4856 1802 4927 Μὴ

207 4955 470 5027 νομίσῃς,
515 4953 701 5023 φησὶν,
751 4952 833 5004 ὅτι
879 4951 944 5020 τῇ
989 4946 1167 5016 οἰκείᾳ
1201 4945 1361 5017 ῥώμῃ
1403 4943 1746 5016 χρησάμενος
1776 4947 1803 4997 6

212 5051 309 5114 σίς
349 5048 533 5117 πατὴρ
564 5047 781 5100 ἃπασαν
820 5043 916 5114 τήν
947 5037 1274 5109 οἰκουμένην
1302 5037 1558 5104 ὑπέταξε,
1601 5037 1694 5091 καὶ
1733 5036 1801 5090 τὰ

294 5226 485 5281 “Psal.
518 5242 727 5292 uxvu,
768 5226 855 5280 τι.
935 5235 961 5263 τ
993 5223 1183 5281 Matth.
1220 5245 1275 5293 χ,
1307 5227 1364 5280 8.

1908 4498 1963 4546 et
2012 4483 2504 4557 magniﬁcentiam,
2537 4485 2595 4534 et
2625 4477 2897 4531 honorem
2947 4481 3003 4530 et
3051 4471 3284 4543 gloriam
3332 4469 3487 4526 dedit

1909 4571 2443 4634 Nabuchodonosori
2495 4569 2637 4641 patri
2683 4575 2801 4621 tuo.
2849 4564 2916 4619 Et
2977 4571 3201 4636 propter
3235 4560 3484 4634 magniﬁ-

1911 4671 2171 4731 centiam,
2205 4681 2370 4737 quam
2400 4661 2552 4719 dedit
2579 4661 2655 4726 ei,
2683 4673 2876 4714 omnes
2909 4656 3118 4729 populi,
3163 4664 3220 4710 et
3275 4654 3481 4721 tribus,

1911 4772 1966 4819 et
1996 4763 2196 4832 linguze
2235 4755 2567 4819 tremebant,
2587 4761 2642 4808 et
2682 4750 3009 4820 metuebant
3040 4763 3070 4802 a
3109 4746 3253 4804 facie
3279 4745 3422 4817 ejus.
3456 4764 3477 4798 ι

1913 4844 1992 4913 Ne
2022 4849 2455 4914 existimaveris,
2480 4846 2682 4917 inquit,
2702 4841 2946 4914 prepriis
2965 4839 3175 4896 viribus
3197 4845 3482 4912 parentem

1916 4947 2126 5020 1167
2161 4953 2314 5020 tuum
2354 4955 2571 4996 omnem
2618 4945 2893 4994 terrarum
2934 4933 3124 4989 orbem
3175 4931 3481 5004 subegisse,

1911 5002 2204 5098 5753mm
2228 5002 2518 5099 nationum
2549 5043 2748 5103 genera
2776 5025 3014 5085 diversis
3042 5024 3245 5097 linguis
3272 5023 3484 5080 utentia

1529 5360 1769 5417 VABIIE
1808 5352 2208 5414 LECTIONES.

293 5462 341 5493 "’
394 5460 549 5515 Ἰουδ.
594 5461 721 5517 Des.
748 5460 961 5527 reliqua
990 5477 1134 5517 vers.
1169 5460 1255 5514 i5.
1330 5460 1375 5491 ⁸³
1403 5458 1443 5511 Β
1483 5438 1666 5527 αὐτύν.
1743 5454 1792 5527 ’ξ
1831 5453 1924 5521 ἇγ.
1964 5452 2005 5504 Α
2045 5446 2206 5527 Θεοῦ.
2449 5444 2805 5527 ἐγρήγορσιῇ
2874 5443 2944 5523 "_

818 5478 961 5531 liqua
990 5478 1134 5517 νοτε.
1169 5478 1255 5514 ιο.
1330 5478 1375 5491 "'
1403 5478 1443 5511 ι)
1483 5478 1666 5511 αυτον.
1743 5478 1789 5487 *⁷
1831 5478 1924 5521 αἶ.
1964 5478 2005 5504 η
2045 5478 2206 5503 causa.
2369 5478 2408 5497 υ
2449 5478 2797 5527 suasu-3n"...
2916 5478 3005 5523 -.ι
3053 5478 3253 5509 ιγπγη.
3282 5478 3483 5535 --ςῗη

818 5532 882 5603 ’ζ
902 5549 988 5603 τρ.
1023 5533 1063 5585 Β
1094 5545 1279 5603 praui.
1329 5531 1450 5603 τήν.
1512 5526 1577 5603 Αθδ
1615 5542 1708 5596 γρ.
1760 5523 1802 5576 Β
1841 5537 2035 5603 praem.
2076 5520 2218 5603 τ’ήνλ
2271 5515 2395 5598 "_B
2430 5531 2687 5603 ‘yvtpprt‘w:
2751 5512 2806 5603 I"
2829 5528 2969 5603 Δτοὶ)Δ
2979 5507 3324 5603 33933-1130.,
3367 5501 3489 5603 ΛΡ

220 5536 267 5568 ⁵⁸
307 5532 349 5585 Β
384 5530 715 5603 παρακαλεῖ.

223 5584 709 5678 παρακελεύεται.
768 5602 814 5636 ’⁸
854 5600 895 5654 Β
920 5584 1174 5673 ίγνωρῖῶ.
1250 5602 1294 5633 ⁵⁸
1332 5584 1471 5653 λαοί.
1497 5597 1542 5650 Α
1582 5584 1770 5667 prium.
1807 5584 1879 5647 οἱ.
1959 5590 1978 5624 ¹
2021 5584 2142 5645 καί(
2177 5587 2305 5644 Des.
2331 5588 2384 5642 in
2418 5585 2463 5639 Α
2492 5584 2624 5642 ct'B
2661 5586 2716 5639 ιι.
2751 5584 2790 5639 l.
2823 5591 2875 5636 ct
2905 5588 3027 5649 post
3050 5588 3243 5647 pauca.

224 5671 347 5733 Des.
394 5676 450 5731 in
488 5671 556 5727 Δ.

551 5764 825 5827 ΡΑΤιιοι..
868 5761 982 5823 Gn.
1023 5761 1278 5822 LXXXI.

2874 5443 2917 5474 "
2963 5441 3005 5492 Β
3042 5436 3258 5509 γραφὴν
3282 5433 3483 5509 εὕρετε

3304 5577 3324 5606 ¹
3366 5571 3487 5628 αὐτο

2946 5741 3021 5799 Hi
