3898 6208
464 332 595 398 1391

1415 339 1903 402 TIIEODORETI
1952 340 2291 403 EPlSCOPI
2310 335 2676 400 CYRENSIS
3542 304 3653 400 139%).

459 447 752 517 Σύγκριμα
785 444 1295 517 interpretationem
1325 456 1508 503 vocat.
1545 468 1563 499 ι
1598 449 1781 520 Μανη,
1813 464 2039 505 mensus

2143 449 2443 517 Σύγκριμα
2457 447 2503 479 ⁸⁸
2532 446 2591 499 δὲ
2616 444 2716 515 τὴν
2749 440 3043 512 ἑρμηνείαν
3080 439 3247 496 καλεῖ.
3305 460 3321 494 ι
3347 443 3523 514 Man?
3554 446 3657 518 ἐμέο

463 549 550 598 est
592 544 734 598 Deus
770 554 1002 612 regnum
1027 549 1203 604 tuum,
1239 547 1294 595 et
1339 542 1641 613 complevit
1674 542 1843 608 illud;
1875 560 1894 595 ι
1934 542 2040 598 hoe

461 626 566 700 est,
600 632 753 689 novit
781 640 835 688 te
877 645 1050 704 regno
1096 629 1408 703 indignum,
1437 640 1494 688 et
1538 633 1664 704 ipso
1697 641 1751 688 te
1794 631 2042 704 spolian-

462 727 592 779 dum
631 722 876 781 censuit.
2022 732 2027 739 ‘

533 816 703 873 Vsus.
738 815 1064 879 ansam.
1099 829 1408 887 appensum
1432 822 1519 872 est
1539 815 1595 871 in
1624 827 1852 882 statera,
1880 825 1935 871 et
1965 816 2043 871 in-

462 920 684 965 ventum
714 916 800 963 est
820 908 1006 965 minus
1030 908 1297 965 habens.»
1331 906 1532 965 Docuit
1564 918 1746 965 autem
1792 924 1890 979 per
1925 909 2041 964 haec

460 1018 570 1057 non
606 1001 761 1056 illum
819 1000 1021 1066 solum,
1069 1000 1164 1056 sed
1208 1000 1467 1071 nosipsos
1517 1000 1713 1069 etiam,
1747 1000 2040 1071 propheta,

459 1091 599 1145 nihil
628 1104 754 1146 esse
777 1088 923 1160 quod
948 1087 1093 1159 apud
1127 1087 1299 1144 Deum
1334 1103 1445 1144 non
1495 1089 1874 1160 ponderetur;
1906 1086 2041 1158 quin

460 1184 623 1238 etiam
657 1181 1107 1238 misericordiam
1142 1196 1208 1237 ac
1252 1179 1730 1252 longanimitatem
1774 1194 2042 1235 mensura

461 1275 702 1344 quadam
734 1283 790 1331 et
830 1273 1075 1345 pondere
1130 1272 1455 1330 hominibus
1504 1273 1773 1329 adhiberi.
1810 1271 2043 1339 Quando

461 1372 651 1439 itaque
692 1375 1083 1439 transgressus
1133 1381 1218 1434 es,
1278 1366 1481 1438 inquit,
1510 1366 1819 1423 clementia:
1876 1365 2038 1433 ﬁnes,

461 1461 648 1530 accipe
685 1459 933 1515 divinam
973 1459 1336 1515 sententiam.

531 1553 700 1607 Vsus.
734 1552 825 1607 28.
861 1570 880 1604 ι
902 1552 1100 1624 Φαρὲς,
1136 1551 1348 1621 1171
1384 1550 1623 1605 divisum
1675 1556 1762 1605 est
1811 1564 2040 1619 regnum

460 1659 642 1712 tuum,
675 1652 731 1701 et
760 1644 952 1700 datum
984 1649 1071 1699 est
1095 1642 1272 1698 Medis
1304 1654 1358 1697 et
1397 1642 1613 1698 Persis.
1647 1660 1667 1694 ι
1693 1638 1831 1695 Illud
1857 1638 2044 1710 inqui-

458 1742 692 1799 rendum
723 1747 830 1805 est,
867 1753 970 1795 cur
1002 1745 1201 1792 auctor
1231 1735 1485 1791 omnium
1528 1748 1715 1789 rerum
1755 1732 1904 1789 Deus
1949 1745 2045 1787 ca-

2141 557 2342 613 τρησεν
2392 542 2422 593 6
2469 538 2602 601 Θεὸς
2647 536 2744 606 τὴν
2779 534 3056 606 βασιλείαν
3100 549 3190 587 σου
3209 574 3223 599 ,
3270 534 3360 588 καί
3394 535 3659 609 ἐπλήρωσεν

2141 632 2314 703 αὑτήν
2340 649 2352 661 σ
2391 650 2410 683 ι
2465 630 2761 690 τουτέστιν,
2804 622 2913 680 είδέ
2951 643 3011 680 σε
3045 625 3147 696 τῆς
3175 623 3437 696 βασιλείας
3463 629 3658 698 ἀνάξιον,

2144 725 2237 780 καὶ
2263 723 2467 795 ταύτης
2495 722 2700 794 γυμνὸν
2715 720 2764 755 ⁸⁸
2792 719 3115 792 ἐδοκίμασεν
3140 719 3426 790 ἀποφῆναι.

2212 817 2316 882 κζ’.
2362 836 2381 870 ι
2410 816 2601 872 ’Θεκέλ
2627 832 2640 846 ⁸
2669 815 2871 887 ἐστάθη
2898 816 2957 868 ὲν
2999 812 3168 884 ζυγῷ,
3202 812 3295 868 καὶ
3318 812 3507 885 ηὑρέθη
3536 815 3663 869 ὕστε.

2144 910 2336 981 ροῦσα.
2379 927 2398 962 ι
2467 907 2704 975 Ἐδίδαξε
2746 907 2804 962 δὲ
2849 907 2949 961 οὐκ
2979 907 3188 960 ἐκεῖνον
3224 905 3397 978 μόνον,
3438 907 3557 962 ἀλλά
3589 912 3665 965 καὶ

2142 1003 2290 1073 ἡμᾶς
2322 1000 2410 1055 διὰ
2445 999 2651 1054 τούτων
2667 998 2717 1032 ⁵⁸
2750 999 2779 1052 6
2808 999 3116 1070 προφήτης,
3153 997 3228 1063 ὡς
3255 998 3401 1053 οὐδὲν
3429 1000 3665 1074 ἀστάθμη-

2141 1111 2236 1149 τον
2259 1093 2409 1166 παρᾶ
2431 1093 2510 1164 τῷ
2529 1092 2669 1164 Θεῷ,
2698 1092 2834 1147 ἀλλά
2856 1092 2950 1147 καὶ
2971 1094 3000 1147 6
3025 1092 3171 1156 ἕλεος
3200 1092 3291 1146 καὶ
3311 1094 3343 1163 ή
3367 1095 3666 1164 μακροθυμία

2146 1187 2334 1259 μέτρῳ
2376 1186 2485 1241 τινὶ
2523 1186 2620 1241 καὶ
2659 1185 2887 1258 σταθμῷ
2922 1186 3036 1251 τοῖς
3069 1185 3369 1259 ἀνθρώποις
3396 1187 3665 1260 παρέχεται.

2157 1279 2374 1352 Ἐπειδὴ
2414 1279 2613 1344 τοίνυν,
2649 1280 2804 1352 φησι,
2855 1279 3130 1351 ὑπερέϐης
3174 1280 3273 1350 τῆς
3316 1279 3669 1352 φιλανθρωπίας

2144 1373 2271 1437 τοὺς
2297 1373 2478 1444 ὅρους,
2518 1372 2676 1444 δέχου
2702 1371 2799 1444 τὴν
2826 1359 2977 1427 θείαν
3009 1372 3304 1443 ἀπόφασιν.

2215 1552 2322 1616 κη’.
2353 1565 2373 1598 ι
2400 1547 2591 1615 Φαρές
2609 1559 2625 1578 ⁸
2648 1544 2876 1619 διῃρέθη
2894 1545 2939 1578 ⁸⁷
2963 1547 2998 1616 ἡ
3033 1544 3279 1617 βασιλεία
3307 1561 3418 1611 σου,
3437 1547 3523 1600 καὶ
3548 1546 3668 1619 ἐδόθη

2143 1638 2354 1708 Μήδοις
2393 1639 2485 1692 καὶ
2525 1637 2779 1709 Πέρσαις.
2822 1655 2841 1690 ι
2908 1637 3233 1705 Ἀναγκαῖον
3276 1637 3346 1702 δὲ,
3379 1637 3604 1706 ζητῆσαι,
3629 1638 3669 1691 τί

2144 1730 2345 1801 δήποτε
2392 1729 2484 1783 τὸν
2534 1727 2635 1798 μὲν
2684 1728 3160 1800 Ναϐουχοδονόσορ
3211 1727 3491 1791 παιδεύσας
3529 1731 3555 1784 ὀ
3588 1731 3671 1783 τῶν

460 1836 724 1905 stigatum
782 1829 1385 1887 Nabuchodonosorem
1440 1841 1640 1883 rursus
1699 1826 1757 1880 in
1810 1839 2041 1897 regnum

2145 1797 2285 1875 ὅλων
2307 1820 2440 1884 Θεὸς
2468 1797 2631 1874 πάλιν
2670 1821 2751 1884 είς
2786 1797 3198 1891 τὴννβασιλείαν
3226 1820 3544 1892 ἐπανήγαγε,
3575 1822 3670 1876 τοῦ·

376 1936 395 1945 ”
461 1926 770 1991 reduxerit,
794 1925 962 1980 istum
988 1937 1121 1979 vero
1147 1920 1335 1977 statim
1380 1927 1434 1976 et
1472 1933 1648 1991 regno
1675 1918 1933 1989 privarit,
1988 1924 2045 1974 et

459 2024 594 2078 vita.
633 2018 1063 2076 Considerantes
1095 2016 1289 2085 itaque
1327 2012 1726 2083 comperimus,
1775 2010 2038 2081 primum,

458 2112 587 2184 quia
619 2106 1138 2166 Nabuchodonosor
1184 2105 1421 2159 alterum
1487 2101 1795 2172 impietatis
1844 2115 2042 2172 pinnas

456 2208 698 2263 lnentem
725 2217 838 2257 non
876 2204 1262 2269 conspexerat,
1322 2195 1534 2251 idcirco
1579 2208 1702 2250 cum
1734 2194 1894 2248 venia
1954 2192 2041 2248 di-

461 2312 628 2369 gnum
652 2295 809 2366 justo
835 2291 928 2347 Dei
949 2288 1162 2361 judicio
1187 2286 1570 2344 existimatum
1593 2286 1613 2307 ‘
1636 2300 1795 2341 esse:
1816 2283 1913 2341 sed
1937 2285 2042 2341 iste

458 2402 732 2444 summum
753 2383 929 2456 patris
957 2381 1293 2452 supplicium
1323 2378 1706 2449 conspicatus,
1738 2377 1884 2432 nihil
1909 2375 2042 2433 inde

458 2477 706 2548 percepit
736 2473 1021 2531 utilitatis.
1067 2469 1198 2527 lure
1251 2470 1444 2541 itaque
1486 2470 1675 2540 justus
1728 2469 1899 2541 judex
1958 2469 2040 2524 illi

459 2570 682 2626 definito
746 2574 994 2635 tempore
1055 2561 1392 2633 supplicium
1454 2561 1831 2634 praescripsit,
1872 2563 2039 2617 istum

458 2673 644 2718 autem
692 2659 846 2715 nulla
881 2656 1044 2714 venia
1087 2655 1319 2727 dignum
1376 2655 1617 2713 censuit.
1677 2655 1938 2727 Alioquin
1985 2662 2042 2711 et

458 2754 642 2807 ontnia
670 2750 855 2806 futura
895 2747 1210 2820 praevidens
1255 2745 1426 2815 Deus,
1453 2754 1510 2802 et
1558 2761 1714 2818 aeque
1750 2753 1940 2817 aperte
1973 2759 2037 2801 ea

458 2857 825 2916 cognoscens,
855 2854 921 2896 ac
958 2840 1260 2911 praeterita,
1290 2838 1630 2910 praecognita
1666 2838 1820 2895 illius
1853 2837 2039 2908 poeni-

459 2937 656 3002 tentia,
688 2933 762 2989 ita
789 2947 911 3004 quae
934 2929 1003 2985 ad
1030 2944 1158 2986 eum
1189 2929 1545 3001 pertinebant
1574 2927 1896 2984 moderatus
1917 2933 2035 2982 est:

459 3029 626 3086 istius
651 3034 836 3084 autem
871 3035 1341 3097 .prtecognoscens
1392 3028 1716 3092 perpetuam
1783 3020 2039 3092 impieta-

458 3134 571 3178 tein
596 3161 610 3182 ,

461 3208 577 3285 [29]
608 3207 918 3279 Statimque
944 3206 1154 3261 auditis
1195 3203 1286 3271 iis,
1312 3217 1438 3273 quae
1467 3201 1660 3257 Daniel
1705 3201 2051 3272 interpreta--

461 3312 554 3359 tus
591 3301 792 3362 fuerat,
823 3297 1078 3352 Baltasar
1105 3294 1277 3366 jussit
1322 3292 1478 3348 illum
1524 3291 1871 3362 propositum
1904 3306 2041 3362 prte-

462 3395 629 3449 tnium
683 3391 972 3461 accipere,
1026 3399 1369 3458 purpuream
1424 3393 1631 3439 vestem
1688 3392 1745 3439 et
1785 3391 2040 3454 torquem

461 3500 686 3542 auream
708 3481 965 3549 :deinde,
986 3494 1115 3536 cum
1146 3478 1302 3533 illum
1338 3476 1416 3531 ita
1443 3485 1723 3540 ornasset,
1755 3475 2042 3546 subjectos

462 3582 567 3637 sibi
614 3577 851 3650 populos
894 3570 1164 3644 praeconis
1215 3583 1353 3624 voce
1409 3568 1623 3623 curavit
1681 3566 2039 3634 educendos,

460 3676 642 3745 ipsum
676 3669 904 3727 tertium
936 3664 1091 3736 regni
1121 3662 1432 3733 principem
1468 3674 1499 3714 a
1535 3674 1596 3715 se
1632 3675 1756 3717 esse
1793 3660 2040 3716 declara-

460 3778 600 3820 tum.
657 3760 867 3818 Verum
935 3757 1075 3813 nihil
1125 3754 1323 3811 horum
1382 3752 1626 3808 divinam
1707 3752 2040 3808 sententiam

462 3856 711 3912 mutavit.

532 3948 699 4003 Vsus.
719 3946 811 4001 '50.
834 3963 852 3997 ι
872 3942 1074 3999 Eadem
1095 3940 1242 3998 enim
1266 3947 1448 4005 nocte,
1475 3937 1683 4010 inquit,
1709 3937 2040 3995 interfectus

460 4049 547 4096 est
574 4038 822 4094 Baltasar
852 4051 953 4092 rex
978 4034 1292 4091 Chaldaeus.
1326 4052 1346 4087 ι
1374 4031 1691 4089 Chaldaeum
1724 4031 1907 4102 ipsum
1932 4031 2040 4087 hoc

462 4133 583 4185 loco
634 4125 1047 4201 appellavithut
1100 4123 1423 4180 ostenderet
1478 4119 1766 4177 Chaldaiei
1818 4119 2040 4175 demunt

462 4222 619 4295 regni
655 4220 840 4275 ﬁnem.
875 4216 1091 4275 Revera
1124 4234 1143 4268 ι
1180 4212 1535 4270 Horrendum
1565 4219 1651 4269 est
1681 4210 1936 4267 incidere
1981 4211 2041 4266 in

462 4328 664 4369 manus
680 4310 781 4367 Dei
794 4310 1053 4376 viventis,
1067 4327 1085 4361 ι
1109 4304 1415 4369 secundum
1434 4303 1622 4360 divum
1639 4303 1965 4374 Apostolum
1980 4310 2041 4371 III;

469 4406 685 4479 1172
715 4402 1079 4468 horrendum,
1132 4418 1151 4452 ι
1190 4396 1413 4453 divitias
1458 4394 1727 4452 bonitatis
1754 4393 1929 4458 illius,
1985 4400 2042 4449 et

695 3125 874 3177 morte
945 3116 1197 3172 occurrit
1279 3113 1588 3185 impietatis
1675 3112 2037 3169 incremento.
2068 3131 2111 3191 ο

2144 1931 2237 1968 τον
2267 1913 2325 1966 δὲ
2354 1912 2670 1984 παραυτίκα
2703 1914 2798 1967 καὶ
2830 1913 2928 1984 τῆς
2977 1911 3263 1983 βασιλείας
3313 1913 3569 1984 ἐστέρησε,
3600 1913 3672 1967 καὶ

2142 2005 2243 2075 τῆς
2276 2003 2498 2076 ζωῆςδθ.
2531 2004 2874 2069 Σκοποῦντες
2901 2004 3085 2059 τοίνυν
3113 2003 3439 2076 εὑρίσκομεν
3453 2005 3512 2071 ⁸³,
3556 2007 3672 2078 πρῶ-

2142 2113 2236 2150 τον
2264 2096 2382 2167 μὲν,
2412 2096 2496 2150 ὅτι
2519 2096 2993 2169 Ναϐουχοδονόσορ
3016 2095 3208 2169 ἕτερον
3231 2097 3476 2161 ἀσεϐείας
3492 2098 3674 2152 ricam

2143 2186 2302 2250 δίκας
2328 2186 2428 2240 οὐκ
2456 2186 2739 2254 ἐθεάσατο,
2784 2186 2866 2241 διδ
2895 2186 2990 2240 καὶ
3014 2184 3349 2258 συγγνώμης
3378 2186 3526 2241 αὐτὸν
3547 2187 3674 2259 ἠξίω-

2146 2295 2238 2333 σεν
2263 2280 2295 2349 ἡ
2324 2278 2505 2332 δικαία
2532 2277 2628 2332 τοῦ
2657 2277 2795 2332 Θεοῦ
2821 2277 3002 2349 ψῆφος
3024 2295 3039 2310 ο
3064 2270 3224 2342 οὗτος
3244 2277 3321 2344 δὲ,
3343 2278 3437 2348 τὴν
3460 2279 3674 2350 μεγίστην

2140 2369 2234 2424 τοῦ
2283 2372 2490 2442 πατρὸς
2539 2370 2876 2443 θεασάμενος
2929 2372 3206 2444 τιμωρίαν
3228 2410 3245 2437 ,
3303 2371 3450 2426 οὐδὲν
3507 2372 3673 2427 ἐκεῖθεν

2140 2461 2417 2518 ἀπώνατο.
2448 2462 2690 2528 Είκότως
2723 2462 2902 2518 τοίνυν
2928 2464 2957 2517 6
2985 2462 3199 2528 δίκαιος
3232 2463 3421 2536 κριτὴς
3452 2462 3531 2517 ἐπ’
3561 2464 3674 2518 Exsi-

2140 2567 2233 2606 νου
2264 2553 2362 2623 μὲν
2388 2552 2538 2625 ρητῷ
2566 2552 2744 2625 χρόνῳ
2764 2553 2865 2622 τὴν
2893 2542 3168 2626 τιμωρίαν
3195 2553 3502 2626 περιώρισε,
3526 2553 3675 2608 τοῦτον

2140 2643 2198 2697 δὲ
2216 2643 2469 2716 οὐδεμιᾶς
2490 2643 2821 2716 συγγνώμης
2838 2644 3092 2715 ἠξίωσεν.
3121 2645 3335 2709 ’Δλλως
3356 2662 3411 2698 τε
3432 2645 3519 2699 καὶ
3535 2649 3674 2700 πάντα

2141 2736 2392 2810 προορῶν
2424 2739 2453 2791 6
2478 2736 2612 2801 Θεὸς
2638 2737 2706 2791 τὰ
2743 2737 2999 2809 ἐσόμενα,
3032 2737 3129 2792 καὶ
3161 2736 3338 2802 οὕτως
3368 2737 3496 2793 αὐτὰ
3527 2736 3675 2805 σαφῶς

2140 2829 2424 2899 γινώσκων
2468 2827 2546 2893 ώς
2578 2829 2679 2901 ήδη
2723 2830 3012 2901 γενόμενα,
3060 2830 3278 2884 ἐκείνου
3325 2831 3422 2901 μὲν
3458 2830 3675 2903 προειδὼς

2138 2921 2238 2992 τὴν
2290 2921 2671 2992 μεταμέλειαν,
2722 2920 2866 2976 οὕτω
2912 2921 2981 2976 τὰ
3029 2924 3154 2979 κατ’
3182 2923 3348 2977 αὐτὸν
3387 2922 3673 2995 ᾠκονόμηεε,

2137 3011 2330 3065 τούτου
2362 3013 2420 3066 δὲ
2449 3012 2843 3085 προγινώσκων
2875 3014 2975 3085 τὴν
3024 3014 3189 3086 μέχρι
3223 3015 3407 3080 τέλους
3446 3014 3672 3078 ἀσέϐειαν,

2141 3102 2221 3175 τῷ
2279 3103 2495 3176 Θανάτῳ
2546 3104 2805 3161 καταλύει
2866 3106 2969 3178 τῆς
3027 3106 3289 3170 ἀσεϐείας
3330 3108 3428 3178 τὴν
3474 3104 3674 3178 αῠξησιν.

2143 3194 2320 3259 Εὐθὺς
2345 3194 2404 3249 δὲ
2433 3194 2673 3261 ἀκούσας
2702 3195 2991 3268 Βαλτάσαρ
3017 3195 3127 3251 τῶν
3154 3197 3265 3251 ὑπὸ
3290 3197 3385 3250 τοῦ
3409 3196 3583 3268 Δανιὴλ
3606 3197 3675 3267 ιρ-

2145 3288 2538 3361 μηνευθέντων,
2569 3288 2856 3344 ἐκέλευσεν
2884 3289 3048 3345 αὐτὸν
3082 3289 3147 3344 τὸ
3185 3290 3529 3362 προκείμενον
3550 3286 3677 3344 ἆθλον

2140 3382 2347 3447 λαϐεῖν,
2382 3382 2485 3452 τὴν
2532 3380 2841 3455 πορφύραν,
2875 3384 2972 3437 καὶ
3018 3381 3112 3438 τὸν
3159 3381 3435 3455 μανιάκην
3470 3382 3553 3436 τὸν
3577 3397 3676 3453 χρυ-

2143 3473 2271 3527 σοῦν
2298 3491 2313 3506 ·
2343 3468 2464 3528 εἶτα
2487 3473 2678 3528 τοῦτον
2701 3474 2864 3529 αὑτὸν
2889 3473 3269 3547 διακοσμήσας
3296 3474 3387 3529 τὸν
3413 3475 3607 3547 τρόπον,
3625 3476 3675 3543 τῇ

2141 3562 2236 3616 τοῦ
2270 3566 2511 3635 κήρυκος
2549 3563 2831 3635 χρώμενος
2875 3567 3027 3636 φωνῇ
3071 3566 3202 3630 τοὺς
3249 3566 3511 3638 ὑπηκόους
3545 3564 3676 3619 W61-

2144 3671 2273 3708 σκεν
2296 3694 2310 3719 ,
2369 3655 2446 3720 ὡς
2504 3655 2685 3726 τρίτον
2741 3655 2906 3709 αὐτὸν
2955 3658 3055 3727 τῆς
3118 3655 3398 3727 βασιλείας
3450 3656 3676 3727 ἀπέφηνεν

2141 3749 2400 3820 ἄρχοντα.
2465 3747 2605 3803 Ἀλλ’
2654 3748 2808 3803 οὐδὲν
2853 3749 3059 3803 τούτων
3109 3749 3214 3822 τὴν
3266 3750 3414 3805 θείαν
3453 3750 3678 3819 ἀπόφασιν

2142 3840 2349 3895 ἔλυσεν.

2212 3932 2276 3988 λ’.
2326 3951 2344 3985 ι
2384 3932 2476 3987 Ἐν
2507 3933 2646 4005 αὐτῇ
2681 3932 2812 4006 γὰρ,
2847 3937 3003 4005 φησι,
3037 3937 3106 4008 τῇ
3138 3935 3299 3989 νυκτὶ
3324 3934 3547 4007 ἀνῃρέθη
3570 3932 3675 3987 Bal-

2141 4026 2339 4097 τάσαρ,
2371 4027 2399 4079 6
2431 4025 2682 4096 βασιλεὺς
2709 4026 2995 4082 Χαλδαίων
3010 4028 3078 4083 ⁸⁸.
3113 4045 3132 4079 ι
3157 4027 3458 4083 Χαλδαῒον
3480 4026 3530 4080 δὲ
3551 4024 3675 4079 αὐτὸν

2143 4118 2376 4173 ἐνταῦθα
2415 4111 2882 4190 προσηγόρευσεν,
2920 4120 3009 4174 ἵνα
3044 4119 3197 4195 δείξῃ
3240 4122 3424 4176 λοιπὸν
3450 4119 3541 4189 τῆς
3564 4116 3674 4171 Χαλο

2140 4210 2329 4282 δαῖκῆς
2359 4210 2637 4283 βασιλείας
2662 4212 2724 4265 τὸ
2740 4212 2913 4276 τέλος.
2965 4212 3213 4284 ’Δληθῶς
3251 4234 3271 4267 ι
3293 4214 3510 4286 φοϐερὸν
3535 4210 3585 4265 τὺ
3602 4212 3672 4281 ἑμ-

2144 4306 2331 4357 πεσεῖν
2378 4303 2458 4367 είς
2501 4306 2688 4375 χεῖρας
2733 4301 2870 4357 Θεοῦ
2923 4302 3149 4370 ζῶντος,
3193 4325 3213 4358 ι
3265 4304 3408 4360 κατά
3446 4304 3529 4357 τὸν
3567 4301 3676 4356 θεῖον

2158 4393 2477 4448 ’Δπόστολον
2496 4411 2511 4427 ’
2538 4377 2788 4466 φοϐερδν,
2816 4413 2837 4447 ι
2864 4394 2961 4449 τοῦ
2987 4395 3221 4450 πλούτου
3244 4396 3345 4467 τῆς
3365 4393 3675 4467 χρηστότητος

461 4477 764 4567 fauentia.
794 4500 850 4549 et
872 4485 1316 4562 longanimitatis
1348 4491 1704 4541 contemnere
1718 4490 1771 4549 I,
1801 4498 1822 4534 ι
1850 4490 1906 4537 et
1928 4495 2041 4536 non

2144 4484 2334 4550 αὐτοῦ,
2380 4486 2475 4540 καὶ
2526 4487 2627 4558 τῆς
2671 4486 2892 4558 ἀνοχῆς,
2940 4487 3036 4541 καὶ
3082 4487 3676 4559 μακροθυμίαςινκατα-

462 4587 697 4644 adorare
728 4594 784 4641 et
834 4583 1018 4640 colere
1048 4594 1150 4651 pro
1197 4577 1436 4635 viribus.
1488 4574 1627 4643 Quis
1675 4573 1824 4631 enim
1865 4573 2040 4629 durus

465 4680 717 4746 enectus,
770 4685 830 4733 ut
879 4675 958 4730 ait
987 4671 1278 4745 propheta,
1336 4682 1527 4725 coram
1582 4666 1818 4723 Domino
1846 4666 2044 4722 stetit?

458 4773 680 4831 Idcirco
706 4772 902 4826 beatus
933 4779 1152 4839 quoque
1180 4762 1354 4819 David
1384 4759 1665 4832 praecipit:
1698 4777 1716 4810 ι
1751 4755 1950 4822 Hodie,
1996 4756 2042 4812 si

463 4879 657 4921 vocem
679 4861 803 4932 ejus
822 4855 1131 4921 audieritis,
1152 4854 1323 4909 nolite
1347 4851 1627 4908 obdurare
1643 4847 1813 4905 corda
1833 4846 2039 4916 vestra,

467 4958 614 5012 sicut
669 4952 728 5007 in
789 4945 1218 5005 exaeerbatione
1242 4951 1289 4995 ι.
1354 4960 1374 4994 ι
1440 4938 1600 5007 Quod
1665 4939 2042 5008 interpretans

466 5046 663 5102 beatus
686 5039 891 5096 Paulus
924 5037 1179 5094 hortatur
1206 5051 1221 5089 :
1263 5030 1515 5100 «Videte,
1546 5028 1771 5096 fratres,
1800 5045 1869 5086 ne
1903 5027 2044 5086 forte

468 5137 541 5193 sit
588 5135 644 5191 in
674 5133 860 5204 aliquo
920 5136 1171 5187 vestrum
1194 5139 1303 5182 cor.
1352 5116 2057 5189 malum'incredulitatis,

540 5287 568 5317 ι
597 5271 766 5328 Hebr.
798 5284 854 5335 ι,
885 5267 975 5323 51.
1049 5273 1079 5315 γ
1108 5262 1269 5319 Rom.
1303 5278 1365 5333 tt,
1395 5262 1451 5318 4.

2150 4580 2400 4651 φρονεῖν,
2434 4598 2453 4631 ι
2503 4578 2639 4633 ἀλλὰ
2698 4578 2774 4650 μὴ
2800 4582 3128 4649 προσκυνεῖν
3157 4581 3255 4635 καὶ
3283 4575 3582 4650 θεραπεύειν
3616 4574 3675 4634 εἷς

2148 4671 2400 4743 δύναμιν.
2448 4670 2547 4735 Τίς
2589 4668 3022 4744 γάρισκληρδςη
3056 4671 3372 4743 γενόμενος,
3408 4663 3442 4745 ᾖ
3482 4682 3620 4738 φησιν
3652 4665 3674 4715 ὁ

2152 4764 2459 4834 προφήτης,
2488 4761 2731 4817 ἐναντίον
2758 4760 2965 4833 Κυρίου
3008 4762 3271 4834 ὑπέμεινε
3299 4779 3315 4829 ;
3339 4760 3525 4815 Τούτου
3549 4757 3673 4828 χάριν

2152 4850 2246 4906 καὶ
2270 4854 2298 4906 6
2325 4853 2589 4924 μακάριος
2628 4844 2918 4924 παρεγγυᾷ
2948 4852 3112 4907 Δαϐίδ
3133 4870 3147 4885 ·
3196 4872 3215 4906 ι
3238 4854 3477 4924 Σήμερον
3503 4849 3583 4902 ἐὰν
3597 4844 3673 4914 τῆς

2152 4942 2336 5014 φωνῆς
2360 4943 2526 4998 αὑτοῦ
2550 4942 2843 5015 ἀκούσητε,
2883 4944 2959 5017 μὴ
3002 4943 3341 5016 σκληρύνητε
3374 4943 3469 5006 τὰς
3488 4936 3671 5010 καρδίας

2151 5032 2327 5104 ὑμῶν’
2375 5034 2450 5099 ὡς
2482 5035 2540 5088 ὲν
2563 5033 2643 5106 τῷ
2676 5034 3043 5106 παροργισμῷ
3059 5035 3127 5091 ⁸³.
3158 5052 3177 5086 ι
3221 5034 3331 5088 Καὶ
3357 5032 3504 5087 τοῦτο
3535 5031 3668 5101 ἑρμηο

2148 5123 2322 5179 νεύων
2346 5126 2377 5178 6
2408 5125 2679 5197 μακάριος
2711 5128 2971 5198 παραινεῖ
2995 5126 3044 5159 ⁸³
3071 5124 3282 5189 Παῦλος
3301 5140 3313 5154 ’
3363 5144 3381 5177 ι
3404 5115 3666 5179 Βλέπετεῆ

1529 5270 1551 5298 ι
1581 5258 1725 5316 Psal.
1760 5273 1908 5316 χειν.
1938 5258 1995 5317 8.
2025 5258 2080 5313 9.
2102 5274 2135 5323 ,ς
2170 5275 2179 5283 ·

1783 5416 2011 5474 unus
2036 5388 2455 5472 ‘LECTIONES.

520 5548 582 5584 .tt
610 5546 818 5617 Σύγκρ,
848 5572 920 5617 -τ
947 5539 1142 5617 καλεῖ.-
1176 5536 1325 5617 Yid.‘
1349 5544 1547 5606 supra,
1581 5548 1643 5617 ἒ.
1680 5533 1842 5617 £079,
1886 5532 2038 5617 s‘cltpl

2143 5529 2188 5617 ἰ
2269 5528 2316 5560 ⁵³
2344 5544 2526 5617 τὲἐινι
2547 5525 2601 5610 B.
2628 5528 2947 5617 Pm.'1‘°..“‘°i'
2978 5597 3001 5617 λ
3039 5527 3085 5560 ⁸⁸
3126 5524 3213 5580 διὰ
3240 5521 3476 5617 ῖῗύῖἠῃῖ
3496 5515 3653 5617 ".Bi‘z‘

470 5602 1218 5753 ππξαίεῐίίυιτμέζιρὲ
1244 5602 1517 5753 sine;
1685 5602 2040 5753 magna:

2066 5600 2333 5669 ἐστέρησε
2362 5600 2463 5669 τῆς
2493 5595 2660 5669 ζωῆς.

2042 5665 2428 5739 ριἐειιὶςφησί.
2477 5668 2524 5739 ’ξ’
2546 5665 3102 5739 -Βπαραπικρασμῷᾎ
3145 5667 3221 5721 Ita
3252 5673 3458 5735 quoque
3491 5665 3653 5723 supra.

2733 5597 2775 5631 "
2805 5598 2845 5653 Β
2874 5597 3199 5669 εὑρήσρμεγ-
3255 5594 3301 5626 ’⁸
3326 5593 3355 5645 δ
3381 5589 3493 5660 βασ-
3519 5581 3658 5669 πλιλέ-

908 5754 955 5787 "‘
987 5736 1120 5824 πᾶρ.
1155 5736 1210 5804 in
1244 5748 1282 5803 Β
1312 5736 1429 5821 post
1459 5736 1674 5809 Παῦλος
1705 5743 1949 5816 pon‘tur.
2008 5741 2041 5774 "

2143 5762 2170 5794 ι.
2208 5737 2247 5792 Β
2279 5736 2466 5807 praem.
2501 5736 2695 5810 λέγων.
