3898 6208
221 327 355 394 ῙΒΕΒ

1463 335 1546 398 ΙΝ
1581 336 1939 399 DANIELIS
1970 339 2127 402 CAP.
2156 343 2246 406 VI.

3323 335 3464 402 1394

217 440 457 510 ἀδελφοὶ,
490 439 700 514 μήποτε
727 441 880 498 ἔσται
931 441 987 498 ἔν
1013 459 1120 497 τινι
1156 440 1308 513 ὑμῶν
1339 441 1534 514 καρδία
1578 443 1790 515 πονηρὰ

1894 445 2232 504 discedendo
2263 462 2292 502 a
2322 446 2434 503 Deo
2467 448 2592 506 vivo
2619 468 2634 518 ;
2667 451 2763 508 sed
2793 448 3170 508 adbortamini
3219 456 3464 505 vosmet-

217 533 495 597 ἀπιστίας,
530 534 589 589 ὲν
615 534 694 606 τῷ
718 537 1021 606 ἀποστῆναι
1052 533 1162 588 ἀπὸ
1207 532 1341 588 Θεοῦ
1369 533 1572 599 ζῶντος
1594 553 1608 566 ·
1658 535 1796 589 ἀλλὰ

217 624 587 695 παρακαλεῖτε
613 627 838 692 ἑαυτοὺς
883 627 1005 681 καθ’
1049 625 1286 698 ἑκάστην
1317 625 1554 698 ἡμέραν,
1601 626 1795 698 μέχρις

217 714 280 768 ἂν
307 707 429 767 οὒκ
459 713 518 767 τὸ
547 715 786 788 σήμερον
829 716 1093 780 καλεῖται,
1133 716 1220 770 ἶνα
1269 717 1344 788 μὴ
1378 718 1686 790 σκληρυνθῇ
1735 719 1796 785 ἐξ

219 803 369 874 ὑμῶν
391 821 478 866 τις
505 806 688 878 ἀπάτῃ
717 807 816 876 τῆς
848 806 1143 877 ἁμαρτίας.
1175 825 1194 858 ι
1245 801 1367 860 Οῑδε
1393 807 1504 880 γὰρ
1532 807 1793 873 πολλάκις

217 897 250 967 ἡ
271 897 514 967 ἁμαρτία
535 899 653 960 ταῖς
675 898 889 969 ἡδοναῖς
912 900 1058 969 ἡμᾶς
1085 897 1511 967 καταθέλγουσα,
1542 899 1794 972 καθάπερ

217 984 420 1038 ἐκεῖνον
467 986 558 1038 τὸν
608 985 835 1057 ἀνόητον
885 986 1110 1058 βασιλέα
1157 987 1244 1040 διὰ
1281 989 1381 1058 τῆς
1413 987 1603 1060 μέθης,
1649 988 1792 1042 οὕτω

219 1076 541 1148 σκληρύνειν
591 1077 748 1148 ἡμῶν
798 1077 897 1150 τὴν
939 1079 1168 1151 καρδίαν
1207 1079 1299 1132 καὶ⁵
1335 1079 1622 1133 ἀντίτυπον
1656 1081 1792 1135 ἀπο·-

217 1166 444 1234 φαίνειν,
493 1167 567 1230 ὡς
595 1169 688 1221 καὶ
715 1169 814 1239 τῆς
845 1169 1099 1233 ἀσεϐείας
1137 1169 1234 1240 τὴν
1263 1170 1416 1224 νόσον
1451 1171 1646 1244 ῥᾳδίως
1673 1174 1788 1226 elc-

215 1256 481 1326 δέχεσθαι.
527 1260 795 1330 Φύγωμεν
824 1261 1022 1325 τοίνυν,
1058 1263 1378 1332 παρακαλῶ,
1410 1264 1504 1316 τοῦ
1537 1264 1782 1318 διαϐόλου

213 1348 308 1417 τὴν
336 1347 639 1421 ὲξαπάτην,
676 1354 771 1404 καὶ
798 1352 896 1423 τὴν
921 1353 1178 1423 ἐπίμονον
1193 1355 1237 1386 ⁵⁷
1267 1355 1470 1427 ἀρετὴν
1493 1355 1593 1426 τῆς
1624 1355 1781 1427 ἡδονῇ

218 1439 442 1511 βραχείᾳ.
492 1445 839 1514 κεχρημένης
890 1447 1316 1517 προτιμήσωμεν
1358 1447 1651 1518 ἁμαρτίας,
1700 1449 1786 1502 ἵνα

211 1530 306 1600 τῆς
339 1532 439 1602 μὲν
483 1534 582 1587 τοῦ
615 1535 898 1607 Βαλτάσαρ
926 1537 1207 1603 κοινωνίας
1255 1537 1655 1610 ἀωφανθῶμεν
1688 1540 1785 1593 ἀλ-

1894 538 2048 608 ipsos
2076 554 2173 610 per
2195 539 2446 611 singulos
2469 542 2608 608 dies,
2626 542 2808 614 quoad
2833 543 2998 598 hodie
3019 541 3464 613 cognominatur,

1895 644 1964 684 ne
1993 631 2120 700 quis
2146 647 2215 686 ex
2245 632 2400 689 vobis
2427 633 2732 690 obduretur
2755 633 2976 689 fallacia
3002 633 3237 706 peccati.
3270 651 3288 685 ι
3322 631 3467 686 Con-

1893 721 2074 774 suevit
2105 725 2252 775 enim
2287 737 2434 795 saepe
2465 733 2778 795 peccatum,
2807 724 3194 795 voluptatibus
3239 739 3340 778 nos
3369 722 3465 778 de-

1895 811 2164 878 mulcens,
2192 816 2653 885 quemadmodum
2683 818 2917 872 stultum
2961 817 3114 872 illum
3147 831 3327 885 regem
3369 829 3466 885 per

1893 902 2245 971 ebrietatem,
2284 905 2360 959 ita
2403 921 2501 961 cor
2547 915 2838 976 nostrum,
2869 907 3074 962 durum
3129 905 3364 961 reddere
3412 913 3465 960 et

1890 994 2268 1049 adversarium
2298 995 2536 1062 coicere,
2567 1006 2628 1052 ut
2654 999 2822 1054 etiam
2872 998 3172 1069 impietatis
3211 997 3464 1052 morbum

1889 1083 2051 1139 facile
2075 1085 2335 1156 excipiat.
2357 1087 2495 1142 Hinc
2522 1086 2817 1160 fugiamus,
2834 1087 3262 1160 quaeso,diaboli
3289 1085 3462 1153 dolos,

1889 1174 2256 1245 stabilemque
2288 1179 2551 1234 virtutem
2581 1188 2808 1250 peccato
2841 1181 2995 1236 brevi
3028 1196 3152 1234 cum
3184 1180 3466 1249 voluptate

1890 1265 2191 1336 coniuncto
2221 1276 2650 1339 anteponamus,
2687 1279 2804 1325 uta
2855 1272 3121 1326 societate
3164 1269 3465 1324 Baltasaris

1890 1356 2054 1410 alieni
2089 1357 2409 1426 reddamur,
2439 1367 2494 1414 et
2516 1360 2760 1417 Danielis
2792 1363 3063 1418 societate
3098 1361 3373 1426 fruamur,
3405 1359 3459 1412 iu

1893 1449 2116 1505 Christo
2142 1451 2272 1507 .lcsu
2298 1451 2534 1506 Domino
2562 1463 2778 1520 nostro,
2805 1468 2930 1509 cum
2960 1470 3069 1524 quo
3093 1451 3240 1507 Patri
3268 1451 3463 1522 gloria,

1891 1556 2018 1595 cum
2052 1553 2246 1599 sancto
2284 1545 2529 1614 Spiritu,
2559 1545 2613 1598 in
2649 1531 2854 1600 saecula
2885 1546 3233 1601 saeculorum.
3267 1543 3467 1597 Amen.

214 1622 428 1693 λότριοι,
455 1626 562 1696 τῆς
589 1627 645 1680 δὲ
671 1627 763 1680 τοῦ
807 1628 1002 1698 Δανιὴλ
1033 1629 1340 1702 συμμορίας
1366 1631 1780 1702 ἀπολαύσωμεν,
1816 1634 1874 1687 έν
1909 1635 2130 1707 Χριστῷ
2168 1636 2342 1708 Ἰησοῦ
2385 1636 2462 1708 τῷ
2488 1637 2678 1708 Κυρίῳ
2729 1639 2909 1708 ἡμῶν,
2961 1638 3078 1709 μεθ’
3137 1628 3199 1690 οὗ
3247 1634 3324 1706 τῷ
3355 1635 3463 1687 Ila-

215 1715 296 1786 τρὶ
338 1715 492 1782 δόξα,
541 1717 640 1772 σὺν
683 1718 762 1790 τῷ
799 1718 939 1790 ἁγίῳ
971 1720 1268 1792 Πνεύματι,
1302 1725 1383 1787 είς
1425 1725 1552 1788 τοὺς
1584 1723 1790 1790 αίῶνας
1815 1727 1922 1781 τῶν
1949 1727 2240 1788 αἰώνων⁵⁸.
2277 1731 2471 1803 Ἀμήν.

310 1879 336 1910 ι
366 1867 538 1924 Hebr.
577 1885 662 1934 Ill,
696 1869 788 1934 12,
823 1871 910 1925 15.

1501 2026 1743 2082 VARl/E
1779 2027 2192 2085 LECTIONES.

274 2159 322 2194 “
349 2159 390 2214 Β
419 2160 586 2231 ἄχρις
616 2155 721 2238 οὗ..
757 2161 800 2194 ³⁷
831 2160 876 2215 Β
903 2163 1173 2236 ἐρίπονον.
1230 2163 1277 2197 ⁸⁸
1305 2179 1356 2218 τ.
1389 2163 1541 2219 αιὼν.
1579 2163 1702 2221 Des.
1737 2166 1790 2220 in
1815 2164 1876 2220 Β.

1501 2526 1952 2612 ΤΟΜΟΣ
2033 2523 2184 2626 ειη.

1797 2738 1864 2752 —

1219 2860 1431 2934 1173
1499 2882 1859 2972 LIBER
1929 2883 2430 2978 SEXTUS.

219 3233 748 3304 Ναϐουχοδονόσορ
764 3233 829 3300 ⁸⁸,
870 3232 1096 3289 Εὐιλὰδ
1121 3232 1401 3304 Μαροδὰχ
1431 3232 1560 3300 υίὸς
1583 3233 1790 3304 nigrai},
1825 3238 1866 3293 Β
1899 3232 2413 3298 Nabuchodonosor,
2442 3233 2636 3290 Evilad
2669 3232 2961 3304 Marodacfg

282 3301 608 3372 Βαίξάσαρ
659 3304 923 3373 ἀδελφὸς
971 3303 1157 3358 αὐτοῦ
1185 3301 1221 3336 σί
1281 3301 1517 3372 Δαρεῖος
1566 3301 1789 3373 Μῆδος,

281 3374 426 3428 κατὰ
461 3372 832 3442 Ἰώσηππον,
870 3373 1002 3438 υίὸς
1028 3373 1136 3427 τοῦ
1175 3373 1554 3443 Ἀστυάγους,
1589 3373 1696 3443 τοῦ
1723 3372 1794 3424 δὲ

282 3446 470 3514 Κύρου
491 3445 658 3508 θεῖος
679 3445 827 3514 πρὸς
859 3444 1087 3514 μητρός
1102 3459 1114 3473 ·
1151 3446 1183 3497 ό
1216 3443 1283 3496 δὲ
1307 3442 1507 3514 Κῦρος-ί
1519 3442 1756 3510 Πέρσης
1773 3458 1788 3473 ·

283 3513 931 3586 Ἕλληνεςᾙυαξὰρην
954 3513 1139 3567 αὑτὸν
1171 3513 1647 3581 προσκαλοῦσιν.

279 3627 377 3682 λα’.
397 3628 508 3681 Καὶ
527 3628 759 3694 Δαρεῖος
777 3627 804 3680 ὁ
820 3625 1002 3696 Μῆδος
1019 3625 1294 3696 παρέλαϐε
1308 3626 1404 3696 τὴν
1424 3624 1700 3694 βασιλείαν
1717 3624 1792 3680 ὢν

217 3718 344 3772 ιτῶν
366 3719 640 3789 ἐξήκοντα
663 3715 780 3772 δύο.
813 3736 831 3769 ι
869 3718 937 3770 Ἣ
963 3717 1060 3786 μὲν
1099 3716 1212 3770 τῶν
1233 3716 1512 3770 Χαλδαίων
1544 3715 1788 3786 βασιλεία

215 3811 272 3864 τδ
293 3811 440 3875 τέλος
465 3809 638 3863 ἔλαϐε
665 3809 805 3863 κατὰ
823 3809 923 3880 τὴν
955 3808 1106 3862 Θείαν
1128 3808 1433 3881 πρόρρησιν
1455 3826 1468 3840 ·
1494 3810 1573 3872 είς
1590 3809 1644 3861 δὲ
1665 3810 1790 3880 Μή-

215 3900 330 3965 δους
359 3899 742 3973 μεταϐέϐηκεν
769 3901 801 3970 ὴ
829 3901 928 3970 τῆς
961 3899 1282 3970 οίκουμένης
1309 3899 1591 3970 ἡγεμονία.
1635 3899 1792 3953 Οὖτω

215 3991 268 4044 δὲ
294 3993 387 4046 καὶ
427 3994 454 4046 δ
485 3991 697 4062 Δανιὴλ
729 3990 1122 4062 προηγόρευσε,
1169 3992 1260 4044 καὶ
1291 3990 1350 4043 τὸ
1380 3989 1568 4059 Φαρές
1607 3993 1793 4062 ἡρμή-

216 4099 362 4135 νευσε
390 4099 404 4114 ·
471 4101 490 4134 ι
517 4080 767 4152 Διῃρέοη
806 4081 933 4151 γὰρ,
969 4081 1153 4151 φησὶν,
1185 4083 1218 4151 ὴ
1262 4080 1506 4150 βασιλεία
1542 4099 1655 4146 σου,
1701 4083 1795 4135 καὶ

218 4173 365 4244 ἐδόθη
413 4174 628 4244 Μήδοις
671 4173 764 4225 καὶ
803 4173 1056 4241 Πέρσαις.
1099 4191 1118 4222 ι
1187 4172 1346 4224 Ἀλλὰ
1392 4173 1583 4242 χρόνον
1615 4173 1792 4242 ὀλίγον

221 4263 435 4334 Δαρείου
475 4263 572 4316 τοῦ
608 4262 792 4332 Μήδου
826 4261 1260 4330 βασιλεύσαντος,
1305 4264 1508 4336 Κῦρος,
1541 4268 1784 4336 παραλαο

222 4352 324 4408 ϐὼν
351 4355 447 4425 τὴν
482 4353 680 4426 ἀρχὴν,
709 4355 787 4416 είς
820 4355 1032 4423 Πέρσας
1066 4355 1235 4424 αὐτὴν
1265 4355 1632 4426 μετατίθησιν.
1681 4354 1794 4407 Ἰώ-

224 4461 428 4514 σηππος
445 4447 491 4508 “?
513 4447 572 4500 δὲ
595 4448 623 4498 δ
647 4446 1057 4516 ἱστοριογράφος
1095 4447 1185 4500 τὸν
1215 4449 1436 4518 Δαρεῖον
1484 4448 1580 4518 μὲν
1599 4449 1642 4480 ⁰¹
1677 4448 1789 4504 υἱὸν

2993 3234 3138 3302 ﬁlius
3167 3232 3304 3303 ejus,
3337 3235 3466 3290 Bai-

1969 3311 2124 3374 tasar
2175 3305 2344 3372 ipsius
2405 3305 2576 3374 frater
2610 3321 2630 3361 :
2683 3304 2885 3359 Darius
2933 3303 3143 3369 Medus,
3176 3305 3468 3374 secundum

1965 3373 2256 3446 Joseplrum
2281 3373 2424 3432 ﬁlius
2450 3376 2701 3446 Astyagis
2724 3384 2776 3429 et
2805 3373 3269 3446 Cyri_avunculu8,
3296 3373 3467 3446 Cyrus

1967 3453 2146 3498 autem
2178 3445 2371 3510 Persa,
2401 3442 2878 3516 quem'Cyaxarem
2913 3442 3085 3500 (ἔτωεὶ
3113 3454 3323 3501 uocant.

1966 3625 2135 3680 Vens.
2158 3624 2249 3678 51.
2287 3641 2307 3674 ι
2364 3623 2429 3678 Et
2461 3624 2658 3680 Darius
2713 3623 2906 3681 Medus
2967 3624 3184 3694 accepit
3238 3639 3466 3694 regnum

1895 3717 2182 3786 sexaginta
2202 3716 2346 3771 duos
2369 3724 2754 3772 natusannos.
2783 3735 2802 3767 ι
2825 3715 3212 3771 Chaldaeorum
3233 3731 3457 3786 regnum

1896 3807 2202 3864 secundum
2239 3807 2485 3863 divinam
2515 3810 2931 3880 praedictionem
2984 3809 3050 3863 ad
3083 3807 3290 3863 exitum
3347 3823 3469 3878 per-

1895 3901 2072 3967 venit,
2109 3899 2178 3954 ad
2209 3898 2396 3956 Medos
2431 3907 2613 3954 autem
2649 3901 2980 3955 translatum
3008 3906 3095 3954 est
3125 3899 3279 3954 orbis
3306 3907 3471 3953 terra-

1897 4005 2019 4045 rum
2056 3991 2368 4060 imperium.
2401 3989 2494 4047 Sic
2526 4007 2658 4047 vero
2688 3989 2877 4046 Daniel
2909 3990 3073 4045 etiam
3111 3987 3388 4060 praedixit,
3416 3997 3473 4043 et

1896 4083 2030 4137 illud
2058 4081 2263 4138 Phares
2295 4084 2698 4155 interpretatus
2726 4091 2812 4139 est
2838 4101 2851 4136 :
2888 4101 2907 4134 ι
2933 4081 3176 4136 Divisum
3210 4089 3298 4137 est
3324 4083 3470 4134 enim

1897 4188 2128 4243 regnum
2191 4183 2370 4241 tuum,
2425 4174 2646 4244 inquit,
2699 4182 2755 4229 et
2811 4173 2998 4228 datum
3053 4180 3139 4227 est
3192 4171 3364 4226 Medis
3419 4181 3473 4224 et

1897 4263 2105 4321 Persis.
2147 4283 2165 4317 ι
2209 4264 2316 4320 Sed
2367 4281 2491 4320 cum
2537 4266 2704 4320 breve
2761 4272 2978 4334 tempus
3033 4262 3234 4317 Darius
3281 4260 3472 4316 Medus

1900 4362 2212 4425 regnasset,
2242 4355 2422 4425 Cyrus
2473 4362 2768 4422 exceptum
2824 4353 3120 4423 imperium
3154 4351 3221 4405 ad
3273 4351 3471 4406 Persas

1903 4444 2208 4498 transtulit.
2283 4441 2556 4510 Josepbus
2623 4450 2805 4496 autem
2873 4440 3174 4495 historicus
3247 4438 3470 4492 Darium

221 4537 308 4589 τού
349 4537 683 4607 Ἀστυάγους
712 4532 850 4589 εἷναί
879 4554 1032 4605 φησι,
1065 4537 1156 4590 τοῦ
1183 4538 1239 4589 δὲ
1270 4536 1450 4608 Κύρου
1483 4538 1622 4591 Θεῖον
1659 4538 1795 4609 πρὸς
1823 4567 1865 4624 C
1901 4534 2159 4606 Astyagis
2192 4535 2363 4588 ﬁlium
2391 4534 2614 4601 asserit,
2641 4541 2696 4589 et
2725 4532 2852 4603 Cyri
2881 4531 3216 4587 avunculum
3244 4545 3470 4597 ;verunt

226 4627 498 4698 μητρδς⁶³,
532 4629 660 4691 τοὺς
687 4627 742 4681 δὲ
770 4627 878 4680 τῶν
914 4628 1178 4698 Ἑλλήνων
1214 4629 1563 4700 συγγραφέας
1593 4631 1794 4698 ἑτέρως

223 4718 377 4772 αὐτοῦ
431 4719 494 4773 τὸ
543 4719 717 4788 ὄνομα
765 4719 1104 4772 τεθεικέναι·
1154 4720 1446 4791 Κυαξάρην
1487 4721 1595 4791 γὰρ
1628 4721 1791 4775 αὑτὸν

223 4809 408 4862 ἐκεῖνοι
453 4808 950 4880 προσηγορεύκασι.
985 4811 1146 4876 Λέγει
1188 4811 1264 4876 δὲ,
1313 4812 1393 4863 ὅτι
1425 4811 1565 4865 κατὰ
1593 4812 1788 4866 ταύτὸν

224 4901 738 4971 ἐπιστρατεύσαντες
759 4905 825 4972 τῇ
847 4900 1123 4954 Βαϐυλῶνι
1147 4903 1368 4973 Δαρεῖός
1391 4920 1448 4955 τε
1473 4905 1564 4956 καὶ
1586 4903 1790 4972 Κῦρος,

224 4992 250 5042 ὁ
270 4992 455 5044 τούτου
483 4991 815 5060 ἀδελφιδοῦς,
860 4993 1166 5062 ἐκράτησαν
1207 4994 1309 5062 τῆς
1343 4995 1546 5058 πόλεως
1577 4996 1792 5067 πολιορ⁹

225 5080 314 5150 κίᾳ
356 5081 724 5152 χρησάμενοι,
777 5083 871 5134 καὶ
921 5081 1011 5134 τὸν
1073 5081 1361 5153 Βαλτάσαρ
1418 5085 1621 5137 ἀνεῖλον
1671 5085 1793 5137 κατ’

1899 4627 2120 4683 Grazcos
2152 4627 2462 4697 scriptores
2493 4627 2652 4682 aliter
2681 4627 2860 4696 ipsum
2891 4625 3236 4695 appellasse:
3269 4623 3474 4695 Cyaxa-

1897 4732 2014 4772 rem
2079 4718 2284 4788 quippe
2336 4717 2488 4771 illum
2548 4722 2906 4771 vocaverunt.
2955 4714 3286 4784 Narratque,
3345 4727 3469 4766 cum

1899 4807 2091 4863 eodem
2123 4815 2374 4878 tempore
2400 4808 2701 4862 exercitum
2735 4806 2802 4860 ad
2835 4805 3173 4877 Babylonem
3208 4803 3468 4859 adtluxisc

1899 4906 2024 4955 sent
2057 4899 2253 4955 Darius
2284 4908 2337 4954 et
2377 4899 2576 4971 Cyrus,
2613 4899 2734 4969 ejus
2773 4897 2987 4952 sororis
3022 4895 3188 4960 lilius,
3242 4911 3340 4966 per
3370 4895 3470 4950 ob-

1898 4991 2170 5046 sidionem
2201 5007 2296 5046 eos
2329 4991 2469 5045 urbe
2503 4992 2711 5060 potitos
2741 5005 2886 5056 esse,
2929 4999 2984 5044 et
3010 4989 3352 5043 Baltasarem
3403 4986 3473 5040 ab

1901 5083 2039 5152 ipsis
2069 5083 2161 5136 illa
2188 5093 2351 5137 nocte
2383 5081 2736 5136 interfectum
2766 5096 2916 5147 esse,
2941 5094 3050 5150 qua
3077 5080 3319 5150 scriptas
3346 5078 3472 5132 illas

225 5172 431 5242 ἐκείνην
452 5173 552 5243 τὴν
578 5175 766 5238 νύκτα,
789 5173 904 5225 καθ’
931 5173 995 5242 ἢν
1019 5174 1074 5224 ὲν
1104 5172 1181 5242 τῷ
1211 5173 1369 5244 τοίχῳ
1397 5175 1494 5237 τὰς
1527 5175 1795 5238 συλλαϐὰς
1903 5176 2147 5245 syllabas
2200 5176 2254 5229 in
2304 5175 2516 5244 pariete
2565 5181 2955 5243 conspexerat.
3003 5171 3205 5228 Verum
3256 5185 3365 5224 non
3396 5170 3468 5223 ita

227 5261 433 5326 ὲκείνας
461 5263 810 5334 γραφομένας
837 5263 1116 5316 ἐθεάσατο.
1154 5263 1291 5316 Ἀλλ’
1319 5267 1417 5318 οὐκ
1539 5265 1678 5319 οὕτω
1708 5283 1795 5318 πι-

1905 5281 2023 5322 rem
2073 5283 2133 5323 se
2189 5267 2393 5322 habere
2421 5267 2624 5322 docent
2673 5281 2736 5322 ea
2789 5280 2911 5336 quae
2971 5279 3002 5319 a
3043 5264 3205 5320 beato
3251 5259 3470 5314 Daniele

1523 5462 1756 5518 vanu:
1794 5423 2202 5518 LECTIONES.

277 5633 492 5714 "_Na6.
527 5667 618 5714 _-_-—
647 5639 912 5714 προσκαλ.
941 5640 1060 5714 Des.
1098 5641 1150 5698 in
1184 5644 1243 5701 B.
1315 5643 1357 5675 ⁶⁰
1399 5643 1717 5714 Ὶὼσηππος.
1752 5643 1878 5698 Ant.
1903 5642 2060 5711 Jud.,
2095 5643 2188 5700 lib.
2224 5659 2277 5710 ι,
2305 5658 2354 5700 c.
2389 5643 2478 5711 ll,
2510 5649 2644 5701 sect.
2677 5642 2730 5697 4.
2819 5639 2860 5672 ⁶¹
2897 5636 3014 5709 μέν.
3047 5634 3104 5690 In
3138 5633 3177 5688 Β
3206 5638 3326 5703 post
3356 5631 3470 5688 υἱόν

226 5707 460 5771 ponitur.
525 5708 570 5739 θ’
611 5725 737 5779 μητ.
776 5710 812 5762 Β
844 5711 1066 5782 πατρός.
