3898 6208
287 297 424 365 1391

1534 298 1619 361 IN
1657 302 2021 365 DANIELIS
2052 305 2210 367 CAP.
2255 306 2353 369 VI.

3397 302 3537 371 1393

281 417 380 472 καὶ
411 415 491 487 τῷ
524 414 627 486 υἱῷ
658 415 843 480 αὐτοῦ,
896 415 989 470 καὶ
1035 412 1111 485 τῷ
1156 413 1256 485 υἱῷ
1289 413 1382 469 τοῦ
1429 415 1545 470 υἱοῦ
1591 418 1753 472 αὐτοῦ
1779 436 1792 451 ο
1833 438 1845 471 ι

1964 420 2139 476 ﬁlium
2169 421 2268 476 lilii
2304 419 2631 491 appellavit.
2666 413 2873 475 Verum
2905 418 3002 474 lilii
3040 432 3149 474 non
3179 431 3302 474 esse
3324 417 3491 472 lilium
3518 457 3534 483 ,

282 511 507 582 μαθέτω
534 512 633 580 τῆς
673 510 819 573 θείας
854 510 1075 581 Γραφῆς
1122 509 1183 561 τὸ
1230 510 1457 580 ἰδίωμα·
1508 509 1567 577 ἐξ
1616 511 1859 582 ἀρρένων

278 604 398 673 γὰρ
448 603 791 671 γενεαλογεῖν
832 602 1084 664 εἰωθυῖα,
1137 601 1230 654 καὶ
1276 601 1369 656 τδν
1417 602 1637 671 ἔκγονον
1685 606 1860 658 εἰπεῖν

275 692 609 763 ἑθελήσασα,
661 693 776 745 υἱὸν
806 692 897 744 τοῦ
927 690 1044 745 υἱοῦ
1092 693 1551 762 προσηγόρευσεν.
1602 694 1741 747 Ἀλλ’
1775 696 1858 748 ὅτι

278 785 384 852 μὲν
422 783 517 836 τού
565 783 683 835 υἱοῦ
735 785 833 836 οὐκ
871 782 1016 836 ἔστιν
1070 783 1220 846 υίὸς,
1273 786 1301 837 ὁ
1354 785 1621 855 μακάριος
1663 785 1860 856 Δανιὴλ

278 875 576 943 μαρτυρεῖ,
611 871 784 939 λέγων
809 888 821 900 ·
864 890 882 923 ι
914 874 1134 943 Δαρεῖος
1163 875 1192 924 ὁ
1234 873 1416 941 Μῆδος
1453 873 1730 944 παρέλαϐε
1761 876 1859 945 τὴν

277 963 590 1032 βασιλείαν.
644 983 662 1015 ι
710 962 832 1016 Ὀτι
874 963 933 1016 δὲ
976 963 1166 1034 μέχρις
1214 964 1451 1032 ὲκγόνων
1497 965 1860 1036 παραπέμψει

271 1052 377 1123 τὴν
429 1053 705 1123 βασιλείαν
748 1055 776 1105 ό
819 1052 1360 1123 Ναϐουχοδονόσορ,ό
1405 1053 1544 1118 θεῖος
1599 1059 1859 1127 προεῖπεν

285 1146 583 1216 Ἱερεμίας.
647 1145 736 1209 Ἐξ
785 1144 1044 1215 ἑκατέρας
1089 1145 1268 1198 τοίνυν
1304 1146 1634 1215 προφητείας
1682 1148 1861 1217 εὑρεῖν

273 1237 569 1291 δυνατὸνη
597 1237 658 1289 τὸ
689 1236 884 1305 ἀληθές
917 1253 931 1266 ο
979 1240 1043 1290 ὲκ
1075 1237 1173 1308 μὲν
1202 1238 1300 1305 τῆς
1335 1237 1618 1308 Ἰερεμίου,
1652 1240 1733 1292 ὅτι
1767 1239 1858 1292 καὶ

274 1330 305 1380 ὁ
329 1328 553 1397 ἔκγονος
582 1327 674 1381 τοῦ
710 1328 1171 1399 Ναϐουχοδονόσορ
1203 1329 1300 1398 τῆς
1333 1328 1607 1399 βασιλείας
1643 1330 1859 1396 ἀνθέξει

273 1437 369 1473 ται
392 1436 405 1447 ·
439 1422 504 1473 ὲκ
531 1421 585 1474 δὲ
610 1421 709 1488 τῆς
735 1419 827 1473 τοῦ
857 1418 1192 1490 μακαρίουτδ
1214 1420 1433 1490 Δανιὴλ,
1462 1421 1542 1474 ὅτι
1572 1421 1860 1493 Βαλτάσαρ

273 1510 373 1564 τοῦ
399 1511 517 1564 υἱοῦ
550 1511 643 1565 τοῦ
671 1510 1161 1582 Ναϐουχοδονόσορ,
1182 1514 1245 1581 τῇ
1270 1511 1389 1583 θείᾳ
1416 1512 1582 1583 ψήφῳ
1609 1512 1861 1585 τελευτή-

273 1618 491 1666 σαντος,
542 1605 763 1673 Δαρεῖος
796 1605 825 1657 ό
852 1602 1032 1668 Μῆδος
1085 1602 1358 1672 παρέλαϐε
1405 1603 1502 1673 τὴν
1555 1602 1854 1672 βασιλείαν.

287 1692 573 1746 Ἐντεῦθεν
608 1693 986 1763 σκοπούμενοι,
1020 1694 1115 1746 καὶ
1154 1693 1214 1746 τὸ
1246 1693 1476 1762 ἀψευδὲς
1503 1692 1611 1747 τῶν
1639 1711 1855 1767 προφη-

1964 512 2124 568 testis
2146 522 2233 568 est
2258 513 2456 568 beatus
2475 511 2689 579 Daniel,
2714 513 2809 582 qui
2854 513 2928 566 ita
2961 511 3244 583 loquitur:
3285 531 3305 564 ι
3340 511 3537 567 Darius

1963 603 2155 659 Medus
2173 604 2389 675 accepit
2415 619 2670 675 regnum.
2694 623 2713 657 ι
2750 604 2942 675 Usque
2973 604 3040 659 ad
3079 612 3307 674 nepotes
3351 610 3533 659 autem

1964 691 2569 748 Nabuchodonosorem
2615 694 3079 750 transmissurum
3110 708 3239 747 esse
3281 708 3534 762 regnum.

1961 783 2187 839 divinus
2232 781 2504 839 Jeremias
2557 784 2814 855 praedixit
2845 794 2893 839 ο.
2935 784 3150 855 1176
3174 783 3254 837 Ex
3305 791 3534 854 utraque

1963 875 2134 945 igitur
2165 875 2453 946 prophetia
2510 877 2594 931 rei
2630 876 2838 932 veritas
2871 877 3081 946 percipi
3109 883 3292 946 potest
3322 894 3337 931 :
3370 891 3438 929 ex
3470 890 3533 930 ea

1959 965 2212 1023 Ieremia:
2268 975 2524 1038 nepotem
2576 967 2755 1036 ipsius
2798 966 3413 1023 Nabuchodonosoris'
3448 981 3534 1022 re—

1959 1074 2127 1129 gnum
2160 1059 2517 1114 obtenturum
2546 1076 2695 1124 esse.
2716 1077 2783 1115 ex
2811 1061 2912 1116 bac
2935 1074 3068 1116 vero
3097 1060 3241 1114 beati
3262 1058 3530 1117 Danielis.

1960 1149 2243 1206 Baltasare
2272 1151 2385 1205 lilio
2414 1148 2995 1219 Nabuchodonosoris
3027 1152 3217 1207 divina
3261 1149 3533 1206 sententia

1961 1251 2202 1305 mortuo,
2237 1239 2461 1294 Darium
2498 1240 2714 1296 Medum
2774 1256 3005 1312 regnum
3061 1242 3366 1310 excepisse.
3407 1237 3532 1293 Haec
3628 1270 3633 1275 -

1960 1331 2403 1394 considerantes,
2450 1340 2507 1401 et
2562 1332 2862 1403 prophetas
2893 1333 3121 1387 minimc
3151 1331 3370 1387 mentiri
3430 1345 3533 1400 pro

1958 1431 2244 1493 comperto
2298 1424 2605 1489 habentes,
2696 1424 3020 1494 reperimus:
3085 1425 3232 1478 hunc
3301 1431 3532 1491 paterno

1957 1529 2161 1583 genere
2189 1514 2428 1579 Medum,
2463 1527 2720 1573 materno
2749 1516 3072 1571 Chaldaeum
3106 1530 3250 1581 esse,
3276 1525 3329 1570 et
3356 1515 3530 1584 ipsius

1958 1604 2533 1662 Nabuchodonosoris
2582 1616 2863 1686 nepotem.
2923 1607 3048 1662 llaec
3105 1607 3274 1677 igitur
3324 1620 3425 1660 nos
3462 1619 3530 1659 ex

1961 1703 2194 1767 utraque
2235 1699 2526 1768 prophetia
2553 1699 2905 1769 investigata,
2931 1698 3011 1753 rei
3042 1688 3277 1753 veritate
3313 1696 3526 1750 inveni-

272 1785 386 1837 τῶν
416 1786 788 1853 ἐπιστάμενοι,
819 1784 1141 1854 εὑρίσκομεν
1169 1783 1357 1836 τοῦτον
1386 1782 1571 1853 Μῆδον
1597 1785 1695 1853 μὲν
1729 1783 1845 1837 ὄντα

1961 1800 2086 1841 mus
2119 1804 2133 1839 :
2162 1802 2271 1857 qua
2309 1789 2377 1845 de
2402 1806 2460 1845 re
2489 1791 2726 1860 quilibet
2788 1804 2891 1861 pro
2921 1789 3099 1844 lubitu
3128 1789 3348 1844 sentiat.
3378 1786 3527 1841 Nihil

277 1877 566 1948 πατρόθεν,
618 1876 880 1931 Χαλδαῖον
922 1876 979 1929 δὲ
1019 1876 1149 1928 ὄντα
1176 1876 1221 1907 ⁷⁸
1273 1874 1568 1945 μητρόθεν,
1614 1876 1707 1928 καὶ
1758 1874 1851 1928 τοῦ

270 1970 745 2040 Ναϐουχοδονόσορ
768 1969 1008 2037 ἔκγονον.
1034 1968 1219 2022 Ταῦτα
1242 1968 1339 2037 μὲν
1362 1963 1454 2020 οὖν
1483 1970 1642 2037 ἡμεῖς
1669 1967 1853 2021 ἑκατέ-

1959 1883 2103 1936 enim
2130 1898 2195 1939 ex
2225 1883 2586 1955 ambiguitate
2634 1886 2851 1956 generis
2912 1885 3046 1939 oriri
3110 1892 3289 1954 potest
3343 1884 3515 1938 detri-

1961 1975 2151 2029 menti.
2174 1976 2285 2046 Arge
2315 1977 2502 2047 itaque
2529 1978 2740 2046 reliqua
2772 1978 3054 2048 sigillatim
3078 1977 3524 2046 interpretemur.

281 2082 379 2140 ρας
416 2065 754 2136 προφητείας
798 2064 858 2116 τὸ
897 2062 1094 2134 ἀληθὲς
1129 2059 1461 2132 ζητήσαντες
1489 2060 1729 2130 ηὕρομεν
1749 2060 1795 2091 ⁷⁸
1825 2077 1838 2092 ·
1876 2062 1953 2127 ὡς
1985 2065 2041 2118 δὲ
2096 2066 2248 2133 φίλον
2286 2068 2503 2139 ἑκάστῳ
2533 2068 2683 2138 περὶξ
2706 2067 2898 2121 τούτου
2948 2068 3214 2138 φρονείτω
3239 2084 3252 2100 '
3297 2068 3524 2138 οὐδεμία

270 2157 384 2227 γάρ
418 2158 482 2209 ἐκ
521 2155 621 2225 τῆς
671 2154 800 2226 περὶ
842 2154 901 2206 τὸ
924 2154 1081 2222 γένος
1108 2153 1433 2224 ἀμφιϐολίας
1485 2153 1772 2223 γενήσεται
1801 2153 1994 2226 βλάϐη.
2026 2158 2162 2228 Φέρε
2192 2159 2393 2220 τοίνυν.
2421 2161 2518 2230 τῆς
2547 2160 2688 2215 κατὰ
2717 2161 2881 2232 μέρος
2909 2161 3203 2231 ἑρμηνείας
3231 2160 3518 2231 ἁψώμεθα.

818 2267 1216 2322 ΚΕΦΑΑΑΙΟΝ
1258 2270 1350 2334 ς’.

348 2360 697 2430 Βασιλεύσας,
732 2362 913 2431 φησιν,
944 2363 972 2414 ό
995 2363 1210 2431 Δαρεῖος
1243 2360 1334 2431 (α’,
1364 2359 1454 2429 β’.)
1482 2358 1843 2428 (Ἔστησενπ

269 2453 369 2507 ἐπὶ
394 2453 490 2523 τῆς
524 2452 795 2523 βασιλείας
819 2452 982 2506 αὑτοῦ
1012 2453 1292 2523 σατράπας
1311 2451 1508 2505 ἑκατὸν
1527 2450 1723 2514 εἴκοσι,
1751 2450 1843 2505 τοῦ

267 2538 411 2597 εἶναι
448 2543 643 2607 αὐτοὺς
678 2545 735 2597 ἐν
783 2544 879 2616 ὅλῃ
920 2546 985 2615 τῇ
1027 2543 1273 2614 βασιλεία
1306 2541 1489 2598 αὑτοῦ.
1521 2544 1632 2596 Καὶ
1661 2543 1847 2597 ἐπάνω

268 2634 453 2688 αὐτῶν
476 2637 522 2667 ⁷⁸
548 2637 838 2699 τακτικοὺς
869 2639 1038 2707 τρεῖς,
1073 2637 1225 2690 καὶ⁷⁹
1244 2631 1310 2708 ἦν
1339 2636 1535 2707 Δανιὴλ
1563 2631 1643 2700 εἷς
1660 2636 1719 2701 ἐξ
1745 2638 1843 2690 αύ-

267 2724 398 2791 τῶν,
423 2726 539 2778 ’τοῦ
577 2728 884 2781 ἀποδιδόναι
932 2729 1114 2791 αὐτοῖς
1147 2730 1273 2791 τοὺς
1321 2729 1610 2799 σατράπας
1656 2727 1840 2796 λόγον,

268 2815 420 2879 ὅπως
447 2818 475 2868 ὁ
511 2816 758 2886 βασιλεὺς
786 2818 858 2889 μὴ
887 2819 1187 2889 ἐνοχλῆται.
1216 2837 1233 2869 ι
1288 2818 1527 2888 Ἀληθῶς
1553 2817 1705 2871 οὐδὲν
1733 2818 1841 2886 ἀμε-

268 2905 488 2958 ϐλύνειν
542 2904 762 2961 δύναται
823 2908 922 2978 τὴν
976 2907 1277 2972 εὐσέϐειαν,
1313 2907 1448 2961 ἀλλὰ
1495 2907 1592 2972 τὰς
1636 2907 1842 2969 οἰκείας

268 2996 546 3067 πανταχοῦ
566 2998 611 3029 ⁸ο
639 2998 862 3060 ἀκτῖνας
911 2997 1124 3066 ἀφίησι,
1159 2997 1261 3051 κᾶν
1295 2999 1351 3050 ὲν
1379 2997 1549 3069 δούλῳ
1594 2998 1839 3069 γένηται,

2542 2268 2777 2324 CAPUT
2842 2269 2929 2323 Vl.
3032 2294 3037 2302 -

2019 2358 2207 2430 Beguo
2238 2363 2475 2430 potitus.
2501 2360 2703 2430 inquit,
2730 2359 2931 2416 Darius
2955 2359 3225 2433 [Vnus],
3246 2360 3327 2432 2.]
3350 2362 3521 2416 «Cou-

1946 2449 2132 2505 stituit
2181 2466 2349 2520 super
2401 2467 2637 2521 regnum
2698 2466 2862 2506 suum
2916 2459 3172 2522 satrapas
3208 2461 3430 2507 centum
3465 2462 3521 2507 et

1948 2540 2167 2610 viginti,
2199 2547 2259 2594 ut
2285 2550 2474 2597 essent
2509 2542 2615 2611 ipsi
2652 2542 2708 2596 in
2739 2548 2859 2597 toto
2889 2557 3061 2613 regno
3087 2541 3228 2611 ejus.
3258 2541 3321 2596 Et
3355 2557 3522 2612 super

1948 2645 2046 2685 eos
2080 2630 2431 2687 ordinatores
2459 2639 2597 2697 tres,
2632 2642 2685 2687 et
2717 2642 2838 2687 erat
2884 2632 3073 2688 Daniel
3103 2649 3248 2688 unus
3295 2649 3364 2689 ex
3412 2635 3516 2696 eis,

1951 2729 2014 2775 ut
2043 2721 2344 2776 redderent
2380 2723 2492 2777 illis
2525 2730 2761 2791 satrapae
2786 2726 3080 2789 rationem,
3113 2732 3173 2777 ut
3200 2725 3353 2779 nulla
3399 2740 3520 2778 mo-

1949 2810 2107 2866 lestia
2140 2827 2236 2866 rex
2267 2812 2607 2867 adiceretur.
2640 2831 2658 2865 ι
2692 2811 2836 2866 Nihil
2865 2828 3059 2868 revera
3091 2820 3273 2883 potest
3321 2814 3520 2870 obscu-

1949 2916 2077 2958 rare
2105 2902 2388 2972 pietatem,
2422 2918 2545 2973 quae
2572 2904 2887 2970 ubicunque
2911 2905 3005 2969 sit,
3032 2904 3289 2975 proprios
3319 2906 3521 2961 emittit

1949 2995 2158 3060 radios,
2189 2997 2308 3052 sive
2340 2996 2435 3050 illa
2476 2995 2533 3050 in
2560 3011 2747 3061 servo,
2781 2996 2896 3050 sive
2931 2995 2983 3050 in
3014 2995 3237 3065 captivo
3273 2997 3513 3065 reperia-

265 3087 373 3141 κᾶν
390 3089 447 3141 ἐν
475 3088 819 3159 αἰχμαλώτῳ,
854 3089 947 3142 καὶ
963 3089 1005 3120 ⁸¹
1025 3087 1174 3141 οὐδὲν
1204 3088 1406 3159 ταύτης
1435 3092 1722 3144 συσκιάσαι
1746 3092 1843 3162 τὴν

1951 3092 2080 3141 tur:
2121 3101 2303 3157 neque
2328 3087 2636 3158 quidquam
2684 3096 2791 3154 est,
2840 3085 2989 3156 quod
3021 3087 3195 3157 ipsius
3237 3086 3523 3157 splendori-

265 3179 467 3250 αἴγλην
521 3181 710 3250 ἰσχύει,
743 3181 878 3233 ἀλλὰ
909 3180 1007 3252 τὴν
1036 3182 1242 3235 οἰκείαν
1274 3182 1498 3252 ἀφίησιν
1526 3184 1840 3255 ἀστραπήν.

266 3272 382 3324 Καὶ
410 3270 572 3324 τοῦτο
597 3271 923 3342 πολλαχόθεν
956 3273 1054 3343 μὲν
1082 3273 1174 3325 καὶ
1195 3273 1486 3342 ἀλλαχόθεν
1514 3273 1663 3328 ἔστιν
1696 3275 1841 3341 ἰδεῖν,

268 3362 508 3432 μάλιστα
529 3362 584 3415 δὲ
607 3363 670 3416 ἐκ
691 3363 798 3416 τῶν
829 3362 969 3416 κατὰ
996 3363 1085 3416 τὸν
1115 3364 1382 3434 μακάριον
1405 3365 1620 3435 Δανιὴλ,
1640 3366 1699 3430 ὃς
1726 3365 1844 3419 δοῦ-

266 3453 360 3517 λος
392 3455 487 3507 κοιλ⁸
528 3455 870 3527 δορυάλωτος
907 3456 1161 3526 γεγονὼς,
1193 3458 1287 3511 καὶ
1343 3456 1502 3529 ξένην
1533 3459 1718 3525 οἰκῶν,
1753 3461 1846 3513 καί

267 3545 477 3615 μεταξὺ
507 3547 794 3619 βαρϐάρων
826 3550 1210 3620 στρεφόμενος,
1240 3550 1503 3620 διέλαμψε
1528 3567 1541 3580 ·
1572 3551 1720 3603 ἔπιθ’
1747 3553 1845 3621 μὲν

264 3637 381 3707 γάρ
414 3622 528 3692 ¹τοῦ
577 3638 1049 3711 Ναϐουχοδονόσορ
1103 3641 1482 3713 προσεκυνήθη
1535 3642 1639 3696 ὑπὸ
1656 3642 1702 3674 ⁸³
1747 3643 1841 3697 τοῦ

264 3730 654 3801 φοϐερωτάτου
685 3730 963 3801 βασιλέως.
1022 3731 1291 3802 Διέπρεψε
1319 3733 1376 3787 δὲ
1421 3734 1517 3787 καὶ
1534 3732 1581 3766 ⁸⁵
1615 3735 1707 3788 ἐπὶ
1748 3735 1843 3786 τοῦ

262 3821 580 3891 Βαλτάσαρ,
632 3821 991 3891 περίϐλεπτος
1038 3822 1096 3875 δὲ
1140 3822 1399 3886 ὡσαύτως
1441 3819 1510 3895 ἦν
1545 3826 1636 3878 καὶ
1689 3822 1845 3877 sui“

259 3912 361 3966 τοῦ
386 3913 610 3983 Δαρείου
637 3929 649 3941 ·
690 3914 780 3966 καὶ
811 3915 866 3966 αἰ
896 3912 1005 3968 τῶν
1041 3913 1306 3984 βασιλέων
1337 3915 1584 3986 διαδοχαὶ
1616 3917 1843 3987 μεταϐο-

262 4008 369 4073 λὴν
422 4005 573 4075 αὐτῷ
622 4008 718 4076 τῆς
746 4007 912 4076 τιμῆς
949 4007 1049 4060 οὐκ
1096 4007 1454 4077 εἰργάσαντο·
1483 4009 1598 4063 ἀλλ’
1642 4010 1690 4063 οἱ
1744 4010 1842 4081 μὲν

260 4096 585 4149 ὲσϐέννυντο
629 4095 707 4164 τῷ
750 4096 984 4166 θανάτῳ,
1021 4098 1048 4149 ὁ
1088 4098 1144 4150 δὲ
1176 4098 1274 4169 τὴν
1325 4101 1447 4169 ἴσην
1485 4100 1578 4153 ἐπὶ
1607 4101 1841 4154 ,πάντων

1946 3179 2208 3235 tenebras
2236 3190 2402 3248 queat
2430 3179 2741 3246 ollundere,
2803 3179 2913 3233 imo
2967 3179 3061 3233 illa
3121 3177 3305 3247 fulgur
3356 3194 3514 3237 suum

1944 3269 2165 3323 emittit.
2201 3268 2360 3336 Quod
2393 3285 2517 3325 cum
2585 3269 2778 3324 multis
2811 3269 2939 3323 aliis
2984 3284 3051 3323 ex
3087 3267 3223 3323 locis
3278 3268 3516 3338 perspici

1946 3370 2148 3431 potest,
2216 3373 2330 3418 tum
2386 3377 2516 3417 vero
2560 3378 2626 3416 ex
2660 3361 2728 3416 iis
2751 3402 2765 3425 ,
2798 3376 2919 3430 quae
2944 3362 3104 3416 beato
3163 3360 3371 3417 Danieli
3406 3377 3511 3415 usu

1943 3460 2263 3507 venerunt:
2306 3454 2439 3523 qui,
2502 3468 2628 3507 cum
2670 3468 2863 3507 servus
2908 3464 3055 3508 esset
3100 3452 3243 3507 bello
3301 3450 3515 3522 1177

1945 3551 2157 3613 captus,
2194 3551 2248 3598 et
2300 3553 2544 3600 exteram
2594 3544 2869 3615 regionem
2911 3543 3200 3610 incoleret,
3240 3552 3295 3597 et
3371 3544 3514 3597 inter

1945 3632 2214 3687 barbaros
2288 3642 2644 3702 versaretur,
2719 3634 3036 3703 splenduit,
3112 3644 3167 3689 et
3244 3643 3514 3705 regnante

1942 3709 2571 3777 Nabuchodonosore'a
2628 3725 2866 3777 maxime
2925 3724 3161 3778 terribili
3231 3739 3361 3793 rege
3414 3724 3514 3779 ad-

1944 3823 2136 3869 oratus
2163 3824 2270 3868 est.
2321 3814 2612 3884 Regnante
2651 3815 2783 3869 item
2834 3815 3122 3871 Baltasare
3174 3813 3377 3879 ﬂoruit,
3413 3831 3515 3871 uec

1942 3904 2129 3962 minus
2160 3905 2399 3961 illustris
2424 3903 2548 3971 luit,
2580 3904 2745 3962 Dario
2774 3915 2996 3962 tenente
3018 3916 3264 3977 sceptra:
3287 3922 3513 3977 regum-

1941 4012 2048 4065 que
2080 3998 2470 4054 successiones
2494 3999 2633 4053 nihil
2663 3999 2731 4054 de
2760 3999 2883 4069 ejus
2906 4000 3115 4053 honore
3135 3999 3512 4067 detraxerunt,

1941 4088 2035 4143 sed
2080 4089 2159 4142 illi
2192 4089 2418 4158 quidem
2474 4099 2657 4145 morte
2715 4091 2980 4145 exstincti
3032 4097 3184 4155 sunt,
3231 4100 3286 4144 at
3323 4089 3511 4145 Daniel

260 4190 529 4258 ἐκέκτητο
553 4189 888 4259 λαμπηδόνα.
927 4190 1035 4243 Καὶ
1059 4189 1164 4260 μὴν
1195 4190 1448 4244 εξώθασιν
1473 4193 1524 4244 οἰ
1561 4191 1838 4262 βασιλείαν

1951 4178 2206 4247 nqualem
2241 4179 2354 4233 illis
2396 4180 2655 4233 onmibus
2685 4180 3048 4250 regnantibus
3075 4195 3292 4248 semper
3322 4181 3511 4248 splen-

259 4281 297 4350 ἥ
328 4298 451 4333 τινα
479 4280 645 4348 ἄλλην
674 4280 845 4352 ἀρχὴν
877 4280 1325 4350 ἐγχειριζόμενοι,
1365 4281 1563 4350 ἥκιστα
1618 4284 1839 4354 θαρρεῖν

1951 4268 2128 4321 iorem
2153 4268 2413 4323 obtinuit.
2434 4269 2597 4338 Atqui
2629 4284 2968 4325 consuevere
2989 4285 3171 4339 reges,
3200 4270 3282 4322 vel
3307 4269 3510 4338 quibus

247 4372 376 4434 τοῖς
403 4371 513 4424 τῶν
543 4372 823 4441 προτέρων
849 4370 1202 4432 οἰκειοτάτοις
1222 4387 1234 4401 ·
1253 4366 1404 4433 οὗτος
1432 4371 1486 4423 δὲ
1520 4372 1671 4443 παρὰ
1703 4377 1832 4426 πᾶσι

259 4464 362 4532 τὴν
389 4463 560 4535 αὐτὴν
588 4463 851 4533 ἐκέκτητο
888 4462 1222 4533 παρρησίαν,
1252 4462 1346 4514 καὶ
1378 4462 1470 4514 τού
1507 4464 1621 4516 ἴσου
1657 4465 1836 4535 γέρως

259 4551 549 4623 ἐτύγχανε,
596 4552 693 4619 τὴν
720 4551 890 4620 αὐτήν
913 4569 972 4604 τε
1005 4549 1299 4620 ἡγεμονίαν
1331 4549 1652 4605 ἐπιστεύετο
1673 4569 1686 4582 ·
1723 4553 1833 4605 ὤσ-

258 4660 371 4713 περ
401 4642 590 4713 ἀμέλει
624 4631 718 4695 καὶ
755 4642 846 4695 ἐπὶ
880 4642 971 4696 τοῦ
1006 4642 1232 4712 Δαρείου
1261 4640 1341 4706 εἷς
1372 4642 1479 4697 τῶν
1515 4644 1679 4714 τριῶν
1712 4646 1833 4713 ἐγέ-

258 4748 384 4782 νετο
410 4729 703 4784 τακτικῶν.
738 4731 1053 4795 Τακτικοὺς
1070 4732 1125 4783 δὲ
1155 4732 1391 4801 ἡγοῦμαι
1426 4736 1832 4806 προσαγορεύε-

260 4822 390 4876 σθαι
418 4824 544 4883 τοὺς
569 4822 664 4874 νῦν
697 4823 1068 4892 καλουμένους
1099 4824 1411 4895 ὑπάρχους,
1454 4826 1743 4897 σατράπας
1773 4828 1829 4879 δὲ

255 4913 388 4973 τοὺς
440 4913 547 4965 τῶν
581 4912 750 4965 ἐθνῶν
784 4914 1058 4983 ἡγεμόνας
1079 4931 1093 4944 υ
1122 4914 1376 4968 ἀλλὰκαὶ
1405 4917 1512 4969 τῶν
1556 4916 1831 4971 τακτικῶν

256 4997 341 5063 εἷς
377 5001 456 5054 ῶν
484 5003 512 5055 ὁ
542 5003 812 5074 μακάριος
839 5003 1038 5073 Δανιήλ
1066 5019 1077 5031 ·

336 5302 358 5330 ε
390 5287 593 5344 Jerem.
629 5305 799 5355 xxvu,
828 5289 966 5353 4-7;
1001 5292 1084 5346 vel
1118 5307 1306 5354 xxxnv,
1340 5291 1424 5346 4-7
1457 5291 1612 5360 juxta
1643 5289 1802 5343 LXX.

1866 4414 1972 4498 Dn

1938 4546 2118 4590 autem
2155 4537 2305 4606 apud
2345 4554 2544 4593 omnes
2573 4539 2825 4594 eamdem
2892 4548 3086 4595 nactus
3112 4547 3198 4597 est
3247 4541 3507 4611 loquendi

1937 4626 2277 4693 libertatem,
2310 4630 2519 4698 aequale
2553 4631 2785 4686 honoris
2812 4632 3097 4701 praemium
3149 4642 3506 4697 consecutus,

1937 4717 2194 4787 idemque
2229 4719 2277 4773 ei
2303 4721 2758 4781 committebatur
2792 4724 3126 4792 imperium;
3161 4724 3323 4780 sicuti
3355 4726 3510 4780 deni‘

1934 4828 2039 4882 que
2072 4821 2338 4882 regnante
2368 4813 2531 4867 Dario
2566 4831 2712 4870 unus
2746 4815 2849 4869 fuit
2885 4831 2952 4871 ex
2985 4816 3098 4872 illis
3133 4817 3316 4871 tribus
3358 4817 3509 4872 ordi-

1940 4358 2141 4427 aliquis
2181 4360 2324 4414 alius
2361 4359 2725 4429 magistratus
2752 4359 3068 4425 mandetur,
3117 4359 3340 4413 minime
3370 4374 3510 4413 con-

1979 4444 2109 4500 dere
2142 4445 2233 4508 iis,
2265 4448 2357 4515 qui
2400 4449 2653 4516 priorum
2689 4463 2878 4518 regum
2924 4448 3107 4501 intimi
3143 4446 3387 4503 fuerint:
3424 4446 3511 4503 hic

1941 4908 2251 4962 natoribus.
2286 4907 2633 4963 Ordinawres
2672 4924 2800 4963 vero
2831 4909 3076 4963 arbitror
3107 4909 3374 4979 appellari
3412 4926 3506 4965 eos

1938 5000 2031 5069 qui
2091 5013 2240 5053 nunc
2296 5008 2571 5055 vocantur
2620 5000 2975 5070 liyparclii;‘
3023 5011 3269 5068 satrapas
3322 5010 3511 5058 autem

1940 5092 2225 5146 nationum
2249 5092 2537 5162 praesides.
2567 5093 2771 5147 Verum
2802 5108 2925 5148 cum
2955 5110 3099 5152 unus
3130 5103 3281 5155 esset
3310 5097 3513 5152 beatus

1943 5180 2136 5234 Daniel
2169 5196 2237 5235 ex
2266 5181 2685 5237 ordinatoribus
2711 5202 2721 5237 :

1555 5444 1785 5498 VARI:E
1828 5444 2230 5499 LECTIONES.

328 5562 525 5634 Paeg.
558 5560 671 5613 δυν.
701 5558 760 5634 l_n_
788 5558 827 5611 Β
858 5568 978 5634 post
1007 5561 1202 5634 ἀληθές
1244 5561 1483 5630 ponitur.
1529 5562 1615 5634 ‘7"
1650 5580 1779 5634 μακ.
1817 5561 1938 5634 Des.
1975 5562 2027 5616 in
2060 5563 2222 5634 8.7"
2253 5564 2401 5618 ὄντα.
2436 5565 2558 5620 Des.
2599 5571 2650 5622 in
2685 5569 2741 5621 Β.
2804 5568 2847 5599 ⁷⁸
2887 5566 2928 5618 Β
2957 5566 3289 5634 εύρήκαμεν.
3347 5565 3497 5634 ,⁷⁷ίὰ

257 5626 624 5700 καίτέττήσενη
718 5630 763 5659 ⁷³
836 5626 1031 5683 αὐτῶν.
1068 5630 1139 5683 Et
1176 5633 1213 5686 Λ
1245 5626 1425 5698 suppl.

257 5700 301 5732 "
334 5702 374 5754 Β
410 5698 531 5754 Βπό.
610 5698 654 5730 ³³
692 5700 814 5753 ύπὸ.
853 5700 970 5754 Des.
1010 5700 1064 5754 in
1096 5702 1154 5754 Β.
1239 5701 1282 5733 ⁸³
1319 5702 1432 5754 καί,
1472 5701 1597 5759 Des.
1632 5703 1686 5756 in
1720 5701 1779 5757 Β.

1526 5632 1570 5662 ⁷⁹
1603 5627 1715 5687 καί.
1782 5635 1823 5685 A
1858 5627 1952 5686 ὧν.

2058 5634 2102 5663 ⁸⁰
2136 5633 2174 5685 Β
2220 5636 2492 5703 πανταχοῦ
2538 5640 2636 5701 τὰς
2683 5640 2837 5700 ἰδίας.
2941 5629 2997 5666 δί’
3024 5629 3134 5687 καί.
3174 5629 3310 5687 Des.
3345 5630 3401 5686 in
3431 5633 3494 5691 Β.

1856 5704 1916 5772 ,⁸⁵
1950 5702 1988 5755 ll
2009 5699 2074 5772 ἦν
2103 5703 2362 5769 ὡσαύτως
2387 5699 2496 5759 ἐπί.
