3898 6208
226 260 357 334 MOI

1453 276 1533 337 IN
1576 279 1931 343 DANIELIS
1964 281 2122 341 CAP.
2156 280 2254 341 VI.

3350 274 3491 342 ΠΟΞ

226 382 298 451 μὴ
342 380 682 456 παραλλὰγῇ
724 380 1007 440 κατέναντι
1065 384 1279 442 τούτου.
1316 388 1456 442 Τότε
1484 391 1515 444 6
1551 389 1798 460 βασιλεὺς

1909 390 2068 446 Tune
2123 408 2220 448 rex
2256 392 2458 448 Darius
2495 392 2757 463 praecepit
2814 391 3013 462 exponi
3058 388 3392 462 scripturam
3438 398 3502 447 et.

219 472 450 541 dapem;
508 472 745 538 ἐπέταξε
776 468 897 546 ”τὴν
932 477 1255 548 συγγραφὴν
1292 479 1389 532 καὶ
1430 481 1492 533 τδ
1542 480 1719 552 δόγμα
1734 483 1809 536 ³.»

222 561 385 618 οὐδὲν
424 562 520 617 τοῦ
576 562 768 633 φθόνου
802 564 1169 638 μιαρώτερον’
1220 561 1377 632 οὗτος
1422 569 1518 623 καὶ
1550 570 1814 641 ἀσεϐῆσαι

219 651 449 715 τούτους
471 654 784 723 ἠνάγκασε,
825 655 918 709 καὶ
943 656 1204 721 δυσσεϐὲς
1234 658 1516 731 προθεῖναι
1546 661 1814 732 πεποίηκε

219 744 422 815 δόγμα,
465 745 740 815 ἀπεῖργον
767 746 894 810 τοὺς
940 746 1300 818 βουλομένους
1353 751 1519 822 εὐχὰς
1576 752 1815 823 προσφέ-

223 853 336 907 ρειν
361 835 511 908 Θεῷ.
546 837 626 891 Ού
662 837 770 910 γὰρ
826 838 987 909 μόνον
1015 842 1156 911 σφᾶς
1207 843 1403 907 αὐτοὺς
1441 843 1602 898 τοῦτο
1638 848 1814 900 ποιεῖν

220 926 555 993 κωλύουσιν,
595 929 730 984 ἀλλά
767 931 1011 995 καὶτοὺς
1036 933 1231 999 ἄλλους
1256 935 1501 1001 ἅπαντας
1531 938 1659 1002 τοὺς
1707 937 1813 991 ὑπὸ

216 1020 317 1091 τῆς
343 1017 639 1088 βασιλείας
665 1020 845 1086 ὄντας.
878 1024 988 1078 Καὶ
1042 1026 1129 1079 ῐνα
1167 1026 1241 1097 μὴ
1278 1027 1435 1098 δῆλον
1473 1029 1699 1100 γένηται
1748 1031 1812 1084 τὸ

216 1111 620 1183 κακούργημα,
671 1115 1027 1184 προστιθέασι
1056 1117 1119 1170 τὸ
1162 1119 1298 1189 μηδὲ
1334 1119 1486 1191 παρὰ
1518 1120 1810 1193 ἀνθρώπου

216 1204 438 1272 αἰτῆσαι
472 1220 530 1256 τι
562 1205 658 1257 καὶ
689 1205 875 1259 λαϐεῖν
903 1208 1058 1273 ὲντδς
1094 1209 1207 1263 τῶν
1233 1210 1531 1280 τριάκοντα
1561 1212 1807 1285 ἡμερῶνο

214 1295 366 1367 παρά
396 1297 572 1368 μόνου
595 1297 654 1350 δὲ
675 1298 770 1351 τοῦ
800 1298 1068 1369 βασιλέως
1091 1301 1150 1354 ὲν
1174 1303 1411 1366 ἀπάσαις
1435 1302 1660 1369 ταύταις
1688 1307 1808 1370 ταῖς

216 1387 451 1459 ἡμέραις
486 1388 856 1457 ἐπαγγέλλειν
910 1390 1009 1461 τὴν
1045 1392 1255 1465 χρείαν.
1291 1395 1401 1448 Καὶ
1456 1395 1518 1448 ού
1570 1397 1809 1463 συνεῖδον

214 1478 264 1530 oi
289 1478 350 1531 τὸ
369 1478 610 1534 ὀπτικδν
631 1480 733 1549 τῆς
760 1480 1001 1547 διανοίας
1021 1483 1100 1553 τῷ
1123 1484 1305 1557 φθόνῳ
1334 1486 1805 1558 παραδεδωκότες,

217 1573 289 1635 ὡς
313 1573 374 1626 ού
408 1573 599 1628 πάντα
623 1574 846 1631 δύναται
870 1583 1174 1650 παρασχεῖν
1197 1583 1310 1646 τοῖς
1338 1578 1580 1636 αἰτοῦσιν
1605 1586 1634 1637 6
1654 1584 1807 1654 βασις-

216 1664 369 1729 λεύς·
405 1665 537 1720 οὔτε
574 1667 687 1740 γὰρ
711 1670 920 1739 ὑγείαν,
955 1671 1080 1725 οὔτε
1108 1675 1274 1746 ζωὴν,
1311 1674 1435 1730 οὔτε
1460 1677 1524 1731 τὺ
1551 1679 1805 1747 γενέσθαι

221 1759 421 1812 παίδων
450 1760 729 1832 πατέρας,
767 1760 892 1816 οὔτε
948 1764 1121 1819 ὑετῶν
1174 1766 1455 1837 ἀφθονίαν,
1510 1769 1622 1823 οὔτ’
1671 1771 1808 1826 ἀλλα

217 1851 410 1913 πάντα,
444 1851 481 1906 ἀ
506 1852 608 1914 τὸν
642 1853 776 1907 Θεὸν
812 1856 1091 1922 αἰτοῦντες
1122 1860 1499 1933 λαμϐάνομεν.
1535 1863 1699 1917 Ἀλλά
1745 1864 1807 1918 τὸ

219 1944 428 2010 φρονεῖν
444 1942 822 2010 ἀπολέσαντες
840 1948 1152 2003 ἀνατιθέασι
1175 1949 1252 2018 τῷ
1276 1950 1568 2022 βασιλεῖτά
1589 1955 1666 2025 τῷ
1685 1955 1806 2027 Θεῷ

216 2037 584 2106 προσήκοντα,
634 2037 884 2093 πείθουσι
925 2041 982 2094 δὲ
1021 2042 1117 2096 καὶ
1156 2043 1247 2098 τὸν
1290 2044 1523 2116 ἀνόητον
1577 2046 1806 2117 βασιλέα

219 2127 678 2197 συμψηφίσασθαι
698 2130 794 2184 καὶ
822 2132 1068 2205 κυρῶσαι
1094 2135 1162 2189 τὰ
1181 2135 1462 2202 δυσσεϐῶς
1484 2139 1801 2211 αἰτηθέντα.

226 2217 358 2270 Ἀλλ’
385 2221 415 2272 6
445 2220 731 2291 μακάριος
757 2224 954 2292 Δανιὴλ
989 2225 1111 2280 οὐδὲ
1144 2225 1318 2298 βραχὺ
1363 2228 1475 2283 τῶν
1523 2230 1802 2285 δυσσεϐῶν

215 2311 450 2389 τούτωνδ
481 2313 678 2385 νόμων
711 2317 1066 2386 φροντίσας,ι
1099 2318 1276 2383 Εὐθὺς
1303 2322 1385 2385 είς
1414 2320 1505 2374 τὸν
1529 2317 1677 2376 οἷκον
1708 2323 1804 2377 αὑ-

212 2396 321 2459 τοῦ,
356 2401 542 2468 φησὶν,
585 2403 864 2467 εἰσελθὼν,
898 2405 1007 2459 τῶν
1049 2405 1281 2479 θυρίδων
1318 2411 1715 2481 ἀνεῳγμένων,
1743 2413 1802 2466 ὲν

212 2489 317 2552 τοῖς
344 2489 631 2563 ὑπερῴοις
680 2495 866 2564 αὑτοῦ,
920 2498 1210 2554 κατέναντι
1254 2502 1609 2574 Ἰερουσαλὴμ
1652 2508 1802 2576 τρεῖς

213 2583 458 2651 καιροὺς⁸
492 2585 609 2656 τῆς
637 2587 848 2659 ἡμέρας
872 2585 939 2661 ἦν
974 2590 1241 2661 κάμπτων
1263 2594 1355 2646 ἐπὶ
1377 2593 1446 2647 τὰ
1474 2594 1677 2663 γόνατα
1704 2596 1801 2649 αύ-

210 2672 317 2739 τοῦ,
347 2675 440 2729 καὶ
466 2679 943 2751 προσευχόμενος,
988 2682 1084 2736 καὶ
1112 2682 1610 2753 ἐξομολογούμενος
1648 2685 1802 2739 ὲνανυ

210 2765 316 2820 τίον
348 2767 440 2821 τοῦ
467 2769 685 2834 Θεοῦδ,
715 2772 898 2837 καθὼς
937 2770 1006 2846 ἦν
1040 2775 1208 2829 ποιῶν
1240 2775 1570 2848 ἔμπροσθεν.
1604 2796 1622 2829 ι
1660 2779 1801 2847 Ὅρα

212 2856 265 2911 δὲ
312 2861 450 2916 πόσα
476 2863 639 2917 κατά
662 2865 855 2919 ταύτὸν
876 2869 905 2920 6
934 2866 1093 2936 λόγος
1124 2869 1367 2939 ᾐνίξατο,
1400 2869 1495 2922 τοῦ
1527 2871 1797 2941 μακαρίου

215 2952 397 3024 Δανιὴλ
436 2955 537 3025 τὴν
591 2957 878 3012 εὐσέϐειαν
906 2958 1003 3012 καὶ
1051 2960 1152 3029 τὴν
1196 2961 1448 3031 ἀνδρείαν
1500 2961 1795 3032 μηνύοντα.

1917 482 2224 539 decretum.
2276 500 2295 535 ι
2331 481 2477 537 Nihil
2509 490 2595 537 est
2636 480 2843 537 invidia
2881 480 3241 546 sceleratius,
3271 494 3393 551 quae
3435 488 3492 535 et

1919 573 2058 629 istos
2092 573 2291 643 impios
2315 587 2438 628 esse
2475 574 2679 642 coegit.
2718 580 2773 629 et
2804 571 3033 642 impium
3062 571 3321 642 produxit
3370 571 3490 626 edi-

1916 668 2093 725 ctum,
2126 675 2235 731 quo
2270 660 2351 715 illi
2383 663 2738 727 arcebantur,
2778 664 2871 733 qui
2904 661 3016 717 Deo
3048 676 3238 732 preces
3278 670 3334 717 et
3363 669 3489 715 vota

1915 751 2114 808 afferre
2176 753 2400 829 vellent.
2443 751 2632 824 Neque
2693 753 2841 810 enim
2900 753 3078 809 solum
3120 753 3335 825 seipsos
3385 752 3491 807 hoc

1916 840 2100 898 facere
2132 844 2457 913 prohibent,
2504 859 2695 899 verum
2746 845 2915 900 etiam
2970 845 3114 900 alios
3159 858 3351 898 omnes
3391 842 3489 912 qui

1914 935 2020 989 sub
2047 935 2169 1005 ejus
2205 950 2375 1006 regno
2395 935 2689 1006 degebant.
2720 935 2787 991 Et
2811 952 2880 993 ne
2901 937 3240 992 malitiosum
3271 934 3490 993 facinus

1914 1027 2276 1097 conspicuum
2336 1026 2513 1094 fieret,
2561 1026 2857 1098 adjiciunt,
2902 1041 3087 1097 neque
3149 1025 3218 1080 ab
3265 1025 3490 1081 homine

1912 1118 2121 1188 aliquid
2159 1120 2458 1190 petendum
2504 1126 2603 1174 aut
2630 1117 3010 1189 accipiendum
3067 1118 3210 1173 intra
3262 1116 3488 1188 triginta

1911 1211 2054 1274 dies,
2087 1218 2144 1266 et
2174 1227 2205 1265 a
2231 1212 2350 1267 solo
2387 1227 2516 1283 rege
2547 1211 2810 1266 omnibus
2840 1210 2928 1267 his
2949 1209 3144 1265 diebus
3169 1216 3228 1264 ut
3247 1216 3485 1279 petatur,

1910 1304 2349 1359 denuntiandum
2401 1319 2548 1361 esse.
2616 1302 2810 1375 Neque
2889 1301 3278 1358 intellexerunt
3352 1300 3485 1371 ipsi.

1910 1410 2144 1466 quorum
2179 1395 2384 1451 mentis
2413 1397 2587 1451 aciem
2640 1393 3064 1465 praestrinxerat
3093 1393 3320 1457 invidia,
3374 1406 3485 1448 non

1910 1501 2075 1557 posse
2133 1488 2318 1542 omnia
2372 1502 2560 1559 regem
2608 1486 2852 1558 praebere
2914 1486 3253 1557 petentibus,
3306 1499 3490 1556 neque

1909 1581 2111 1635 bonam
2146 1581 2545 1648 valetudinem,
2578 1596 2763 1652 neque
2794 1582 2992 1649 vitam,
3040 1595 3223 1650 neque
3263 1587 3325 1635 ut
3373 1580 3487 1635 sint

1913 1673 2148 1728 ﬁliorum
2169 1683 2446 1745 parentes,
2471 1686 2656 1747 neque
2685 1675 2997 1745 pluviarum
3021 1675 3155 1742 vim,
3172 1678 3356 1746 neque
3376 1674 3485 1729 alia

1908 1768 2119 1834 omnia,
2153 1783 2276 1838 quat
2305 1783 2336 1822 a
2368 1767 2533 1839 (solo)
2571 1767 2685 1823 Deo
2735 1775 2986 1839 petentes
3017 1768 3341 1840 accipimus.
3375 1765 3488 1821 Ve-

1910 1876 2031 1914 rum
2086 1861 2294 1917 amissa
2346 1861 2554 1917 mentis
2593 1864 2834 1918 sanitate
2889 1877 2955 1918 ea
2987 1862 3096 1931 regi
3152 1861 3483 1922 attribuunt,

1906 1967 2030 2022 qua:
2065 1951 2176 2007 Deo
2204 1952 2476 2007 duntaxat
2503 1953 2873 2021 conveniunt,
2919 1951 3364 2024 persuadentque
3396 1950 3484 2006 ln-

1906 2057 2048 2099 sano
2079 2043 2226 2113 regi,
2286 2050 2348 2098 ut
2395 2044 2611 2099 sanciat
2661 2055 2716 2100 et
2759 2053 2883 2099 rata
2934 2044 3099 2100 faciat
3142 2060 3266 2115 qua:
3315 2044 3485 2113 impie

1906 2136 2202 2205 petierant.
2260 2132 2399 2206 [ΙΟῘ
2433 2133 2638 2190 Verum
2671 2135 2870 2190 beatus
2930 2133 3120 2189 Daniel
3169 2151 3240 2190 ne
3283 2148 3482 2204 parum

1909 2224 2125 2294 1180
2148 2225 2371 2296 quidem
2397 2225 2597 2295 impias
2624 2226 2931 2296 istasleges
2953 2240 3195 2282 curans:
3226 2245 3245 2277 ι
3282 2225 3482 2280 Statim

1904 2317 1959 2371 in
1995 2316 2220 2370 domum
2254 2332 2437 2384 suam,
2467 2317 2672 2387 inquit,
2697 2318 3010 2389 ingressus,
3043 2317 3298 2374 fenestris
3321 2331 3485 2388 aper-

1905 2409 1999 2473 tis,
2035 2409 2091 2462 in
2128 2409 2438 2465 cmnaculis
2468 2410 2618 2474 suis,
2650 2426 2851 2467 versus
2897 2410 3360 2482 Hierosolymam,
3396 2417 3483 2465 ter

1903 2502 2155 2571 quotidie
2187 2501 2442 2558 ﬂectebat
2472 2518 2652 2573 genua
2683 2519 2806 2567 sua,
2842 2511 2898 2558 et
2922 2504 3142 2566 orabat,
3170 2513 3223 2558 et
3257 2501 3484 2558 conﬁte-

1903 2595 2070 2650 batur
2105 2609 2297 2650 coram
2358 2594 2494 2660 Deo,
2552 2595 2697 2651 sicut
2739 2603 2903 2649 antea
2967 2596 3222 2651 faciebat.
3266 2613 3285 2647 ι
3342 2591 3484 2648 Vide

1902 2694 2104 2745 autem.
2150 2692 2287 2754 quot
2331 2683 2499 2740 simul
2557 2684 2675 2739 haec
2707 2685 2888 2739 oratio
2942 2683 3153 2749 innuat,
3182 2697 3305 2753 quae
3335 2682 3481 2737 beati

1903 2775 2149 2830 Danielis
2167 2775 2424 2845 pietatem
2449 2789 2515 2829 ac
2539 2774 2923 2831 fortitudinem
2948 2773 3214 2831 declarat.
3236 2773 3478 2829 Primum

1900 2867 2047 2924 enim
2095 2867 2303 2930 Daniel,
2336 2867 2538 2937 inquit,
2565 2867 2657 2922 ubi
2689 2867 2951 2939 cognovit
2979 2875 3254 2924 statutum
3286 2866 3481 2923 decre-

1900 2970 2040 3025 tum,
2099 2980 2118 3013 ι
2156 2963 2448 3031 Ingressus
2481 2969 2567 3015 est
2601 2961 2657 3015 in
2683 2961 2908 3016 domum
2936 2976 3133 3028 suam;
3172 2979 3192 3012 ι
3224 2960 3331 3031 hoc
3356 2968 3478 3025 est,

218 3042 427 3113 Πρῶτον
491 3047 596 3110 μὲν
648 3048 757 3119 γὰρ
791 3050 1013 3120 Δανιὴλ,
1051 3052 1237 3121 φησὶν,
1288 3030 1449 3122 ἡνίκα
1499 3030 1659 3122 ἔγνω,
1713 3053 1795 3107 ὄτι

1902 3068 2025 3108 eum
2058 3030 2346 3108 didicisset
2388 3054 2626 3124 positam
2687 3053 2887 3125 legem,
2944 3030 3475 3108 vehementer’eam

219 3136 429 3210 ὲνετάγη
456 3140 518 3193 τὸ
563 3140 769 3211 δόγμα,
807 3161 825 3195 ι
849 3143 1113 3214 Εἰσῆλθεν
1155 3146 1235 3206 εἰς
1252 3145 1344 3198 τὸν
1371 3141 1520 3200 οἷκον
1548 3146 1712 3199 αὑτοῦ
1740 3165 1789 3210 ,ι

215 3229 466 3295 τουτέστι,
525 3230 723 3303 μαθὼν
766 3232 858 3287 τὸν
914 3234 1142 3290 τεθέντα
1194 3235 1379 3307 νόμον,
1437 3237 1533 3290 καὶ
1590 3238 1796 3308 σφόδρα

217 3324 579 3393 καταφρονῶν,
624 3327 887 3397 ἀντικρὺς
942 3328 1160 3382 ἐναντία
1207 3328 1350 3398 δρῶν
1388 3329 1641 3384 διετέλει·
1676 3325 1797 3385 εἷτα

215 3413 300 3467 καὶ
333 3414 516 3487 ἕτερον
567 3417 846 3481 τέθεικεν,
879 3420 908 3472 ὃ
952 3420 1138 3489 σαφῶς
1186 3420 1352 3474 αὐτοῦ
1400 3421 1502 3493 τὴν
1540 3421 1794 3493 ἀνδρείαν

221 3506 437 3576 μηνύει⁷
467 3524 482 3539 ο
525 3527 545 3561 ι
577 3511 650 3563 Al
686 3510 795 3582 γὰρ
841 3494 1293 3583 θυρίδεςξφησὶν,
1326 3513 1727 3585 ἀνεῳγμέναι⁸.
1769 3533 1788 3567 ι

217 3596 284 3649 Οὐ
320 3597 425 3671 γὰρ
473 3602 743 3672 κρύϐδην,
786 3605 941 3674 φησὶ,
992 3604 1092 3668 τὰς
1119 3605 1283 3675 εὐχὰς
1343 3608 1598 3669 ἐποιεῖτο,
1657 3607 1795 3661 ἀλλά

214 3691 515 3759 προφανῶς,
546 3692 649 3746 καὶ
685 3692 903 3747 πάντων
927 3693 1200 3762 ὁρώντων,
1225 3695 1287 3748 οὐ
1318 3695 1790 3767 φιλοτιμούμενος,

214 3777 340 3833 ἀλλὰ
371 3782 469 3853 τῆς
492 3784 824 3848 δυσσεϐείας
869 3783 966 3838 τοῦ
993 3785 1161 3855 νόμου
1198 3789 1582 3858 καταφρονῶν.
1616 3790 1793 3860 Πρόσ-

216 3886 378 3925 κειται
419 3873 474 3927 δὲ
511 3876 613 3928 καὶ
661 3875 871 3945 ἕτερον,
924 3876 1129 3948 ταύτην
1185 3878 1351 3932 αὐτοῦ
1394 3882 1494 3948 τὴν
1541 3880 1793 3953 ἀνδρείαν

216 3964 544 4035 παραδηλοῦν
571 3985 588 4000 ’
633 3986 651 4017 ι
686 3968 775 4021 Ἐν
803 3968 912 4039 γὰρ
940 3971 1050 4032 τοῖς
1084 3969 1355 4042 ὑπερῴοις
1394 3972 1581 4028 αὑτοῦ.
1625 3994 1642 4026 ι
1675 3975 1790 4027 Οὐθ

216 4052 315 4123 γὰρ
345 4055 399 4107 ὲν
428 4058 702 4129 ἐπιπέδῳ,
735 4059 850 4114 ἀλλ’
873 4057 961 4122 ὡς’
987 4061 1043 4111 ὲν
1077 4065 1331 4133 περιωπῇ
1364 4081 1471 4117 τινι
1523 4063 1789 4134 προσέφε-

219 4160 300 4208 ρεν
325 4146 399 4215 τῷ
424 4148 543 4220 Θεῷ
577 4149 681 4215 τὰς
708 4151 907 4222 εὐχὰς,
940 4153 1246 4223 κατάδηλος
1273 4154 1348 4207 ὢν
1379 4154 1574 4219 ἅπασι,
1609 4155 1689 4225 τῷ
1730 4173 1790 4209 τε

215 4233 291 4299 ἐφ’
323 4236 521 4309 ὑψηλοῦ
556 4243 804 4309 ἑστᾶναι,
838 4244 931 4296 καὶ
972 4245 1112 4312 τῷ¹⁰
1148 4245 1248 4307 τὰς
1294 4245 1517 4315 θυρίδας
1582 4248 1789 4300 ἀναπε-

216 4330 482 4398 πταμένας
519 4334 691 4406 ἔχειν.
735 4355 753 4388 ι
781 4335 990 4407 Ηῦχετο
1023 4338 1100 4403 δὲ,
1143 4338 1307 4407 φησι,
1369 4340 1662 4393 κατέναντι
1704 4340 1791 4394 Ίεο

1900 3152 2283 3211 contemnens,
2313 3152 2506 3214 aperte
2535 3144 2817 3199 contraria
2845 3142 3028 3200 facere
3058 3144 3476 3214 perseverabat.

1898 3234 2105 3292 Deinde
2163 3237 2329 3292 etiam
2385 3235 2539 3291 aliud
2601 3236 2836 3303 addidit,
2889 3235 3037 3307 quod
3093 3243 3284 3306 aperte
3330 3235 3478 3290 illius

1897 3328 2067 3382 animi
2120 3327 2555 3398 magnitudinem
2608 3312 2865 3382 indicat:
2918 3344 2939 3381 ε
2996 3324 3275 3382 Εειιοειτιιι
3305 3326 3474 3390 enim,

1897 3418 2096 3489 inquit,
2145 3428 2303 3473 erant
2347 3427 2573 3488 apertae.
2605 3437 2626 3471 ι
2663 3415 2852 3488 Neque
2886 3417 3031 3474 enim
3066 3417 3230 3481 clam,
3273 3413 3473 3485 inquit,

1897 3508 2250 3578 precabatur,
2305 3507 2407 3564 sed
2454 3508 2663 3579 palam,
2720 3509 3095 3578 omnibusque
3150 3508 3477 3576 inspectan—

1897 3602 2064 3666 tibus,
2096 3615 2207 3655 non
2233 3601 2561 3658 ambitionis
2615 3600 2802 3657 studio
2825 3639 2841 3666 ,
2892 3601 2988 3657 sed
3046 3600 3268 3671 impiam
3301 3600 3474 3669 legem

1895 3701 2280 3749 contemnens.
2334 3692 2502 3765 Aliud
2540 3694 2710 3749 etiam
2764 3692 3081 3764 appositum
3129 3700 3236 3755 est,
3275 3695 3296 3716 ⁴
3325 3690 3475 3761 quod
3546 3716 3549 3719 -

1895 3788 2038 3842 hanc
2069 3786 2244 3857 ipsius
2279 3785 2664 3841 fortitudinem
2698 3800 2808 3841 non
2839 3785 3029 3841 minus
3069 3783 3332 3850 ostendit,
3364 3781 3477 3839 sci-

1892 3880 2062 3935 licet:
2111 3898 2130 3931 ι
2180 3878 2238 3934 In
2270 3879 2576 3934 emuaculis
2611 3878 2758 3934 enim
2810 3877 2950 3934 suis.
2995 3895 3015 3929 ι
3056 3875 3172 3930 Non
3215 3877 3269 3931 in
3312 3875 3474 3947 plano

1893 3970 2059 4036 enim,
2095 3969 2194 4025 sed
2254 3971 2402 4025 velut
2449 3972 2506 4024 in
2557 3972 2781 4042 specula
2833 3971 3072 4041 quadam
3131 3984 3326 4040 preces
3366 3968 3473 4023 Deo

1893 4060 2186 4126 eﬂerebat,
2215 4062 2476 4118 erunibus
2508 4063 2871 4133 conspicuus,
2902 4073 2956 4117 et
2981 4062 3132 4134 quod
3159 4063 3215 4116 in
3243 4060 3395 4115 edito
3418 4069 3472 4114 et

1892 4152 2116 4208 excelso
2165 4151 2290 4206 loco
2352 4160 2561 4216 staret,
2602 4161 2658 4207 et
2710 4154 2858 4221 quod
2911 4151 3187 4207 fenestras
3252 4160 3469 4220 apertas

1894 4243 2141 4299 haberet.
2179 4261 2198 4295 ι
2238 4241 2449 4298 Orabat
2479 4252 2690 4308 autem,
2737 4243 2937 4312 inquit,
2966 4257 3163 4296 versus
3210 4241 3468 4295 llieroso-

1893 4334 2118 4405 lymam,
2163 4353 2182 4385 ι
2224 4332 2372 4402 quod
2409 4348 2516 4386 non
2549 4334 2730 4387 solum
2762 4340 3126 4387 accusatores
3158 4346 3468 4400 provocans

220 4419 511 4492 ρουσαλήμ’
549 4444 567 4477 ι
620 4425 777 4480 τοῦτο
823 4428 880 4481 δὲ
919 4429 980 4481 οὐ
1034 4430 1192 4499 μόνον
1248 4428 1375 4493 τοὺς
1437 4432 1783 4503 κατηγόρους

1902 4424 2164 4491 Faciebat,
2208 4425 2306 4479 sed
2353 4425 2517 4479 etiam
2573 4424 2859 4493 antiquam
2911 4423 3089 4493 legem
3145 4422 3464 4477 observans.

217 4507 519 4577 παροξύνων
572 4516 748 4570 ἐποίει
777 4557 792 4581 ,
824 4517 962 4572 ἀλλὰ
1009 4520 1103 4573 καὶ
1150 4520 1378 4573 παλαιὸν
1432 4522 1598 4592 νόμον
1646 4524 1785 4594 πλη-

220 4594 338 4663 ρῶν.
378 4598 434 4652 '0
463 4603 575 4676 γὰρ
607 4606 861 4676 Σολομὼν
912 4608 1003 4661 τὸν
1057 4610 1194 4662 νεὼν
1247 4611 1452 4664 ἐκεῖνον
1506 4612 1785 4683 δειμάμε-

218 4699 299 4748 νος
326 4727 341 4753 ,
372 4693 467 4745 καὶ
505 4697 614 4750 τῶν
650 4698 945 4766 ὲγκαινέων
992 4701 1258 4755 ἐπιτελῶν
1288 4704 1385 4772 τὴν
1420 4705 1727 4775 πανήγυριν
1764 4748 1779 4771 ,

217 4780 549 4850 προσηύξατο
625 4788 725 4857 μὲν
796 4789 899 4859 τὴν
972 4790 1122 4844 θείαν
1184 4792 1342 4863 χάριν
1416 4793 1784 4865 ἐπικαλούμεο

217 4880 317 4929 νος,
345 4872 435 4924 καὶ
462 4877 667 4949 ταύτης
695 4880 878 4951 πλήρη
914 4881 1167 4949 γενέσθαι
1190 4883 1282 4936 τὸν
1319 4883 1454 4936 νεὼν
1498 4886 1776 4942 ἱκετεύων.

221 4952 350 5023 Πρὸς
380 4959 435 5015 δὲ
464 4965 671 5040 ἑτέροις
705 4971 982 5036 πλείστοις
1030 4973 1124 5026 καὶ
1171 4973 1329 5028 τοῦτο
1384 4978 1739 5046 προστέθεικε
1766 4996 1780 5010 ’

225 5062 247 5145 t
285 5048 387 5103 Καὶ
414 5053 595 5123 ἔσται,
627 5063 791 5133 φησὶν
819 5103 833 5127 ,
860 5064 954 5117 ἐὰν
993 5065 1251 5137 παραδῴς
1283 5067 1376 5119 τὸν
1414 5068 1539 5121 λαόν
1570 5087 1662 5123 σου
1694 5072 1782 5123 ὲν-

218 5150 377 5227 ωξπιον
417 5145 524 5199 τῶν
555 5151 765 5223 ἐχθρῶν
805 5154 987 5209 αὐτῶν
1014 5196 1028 5221 ,
1089 5157 1184 5209 καὶ
1235 5159 1781 5227 αἰχμαλωτεύσουσιν

222 5226 425 5285 αὖτὺνίί
460 5239 509 5290 οἱ
558 5244 1050 5314 αἰχμαλωτίζοντες
1092 5249 1173 5310 εἰς
1229 5249 1330 5317 γῆν
1393 5251 1643 5320 μακρὰν.
1681 5252 1712 5322 ἦ
1744 5254 1786 5284 ¹²

1893 4515 2116 4571 Salomo
2148 4515 2320 4581 enim,
2351 4532 2477 4570 eum
2530 4517 2796 4585 templum
2834 4514 2967 4568 illud
3026 4513 3380 4575 aedificasset,
3413 4520 3468 4568 et

1889 4609 2264 4665 encazniorum
2302 4614 2592 4678 perageret
2633 4606 2917 4676 publicum
2953 4615 3307 4669 conventum,
3338 4619 3467 4674 sup-

1890 4700 2113 4771 plicavit
2139 4699 2384 4754 divinam
2411 4699 2645 4769 gratiam
2675 4697 3005 4768 implorans,
3037 4708 3093 4751 ut
3117 4712 3179 4750 ea
3202 4695 3466 4764 templum

1890 4794 2279 4864 compleretur.
2321 4792 2529 4861 1181
2561 4792 2638 4844 Ac
2675 4801 2874 4859 przeter
2914 4790 3018 4843 alia
3069 4788 3326 4858 plurima,
3364 4787 3466 4842 hoc

1889 4898 2112 4954 quoque
2142 4882 2382 4952 adjecit:
2443 4899 2463 4931 ι
2508 4880 2572 4934 Ει
2623 4880 2750 4942 erit,
2813 4879 3026 4948 inquit,
3064 4878 3111 4934 si
3169 4877 3465 4932 tradideris

1888 4976 2154 5045 populum
2197 4984 2350 5027 tuum
2384 4988 2570 5027 coram
2609 4971 2856 5025 inimiris
2896 4970 3041 5039 ejus,
3073 4977 3127 5024 et
3179 4969 3463 5038 captivum

1887 5065 2148 5120 duxerint
2172 5066 2351 5134 ipsum
2376 5064 2742 5133 captivantcs,
2768 5063 2822 5117 in
2850 5072 3054 5117 terram
3087 5062 3462 5132 longinquam,

1887 5160 1969 5213 vel
2038 5159 2447 5228 propinquam,
2511 5164 2567 5211 et
2613 5153 3200 5211 converterint'corda
3249 5170 3349 5211 sua
3406 5153 3460 5207 in

1904 5262 2051 5308 terra
2077 5252 2144 5306 ad
2198 5267 2364 5323 quam
2426 5250 2594 5305 delati
2651 5249 2883 5317 fuerint,
2921 5258 2978 5303 et
3030 5246 3462 5321 supplicaret-int

1462 5402 1694 5471 γΑιψΕ
1731 5406 2135 5466 LECTIUNES.

277 5493 676 5600 3:5...Ypfifiﬁ‘1“
705 5513 764 5600 ἐδ
784 5512 1018 5600 “res.
1059 5514 1080 5547 ⁸
1112 5514 1258 5600 τ⁰⁶.το
1296 5515 1349 5569 ἠ
1384 5516 1422 5569 Β
1456 5520 1789 5600 vestem
1820 5527 2094 5600 ρρηῖιιιτο,
2130 5526 2229 5600 1.4
2266 5533 2318 5581 οι
2353 5526 2390 5600 υ
2420 5528 2512 5582 καιὶ
2545 5529 2767 5600 καιροὺς
2795 5530 2962 5600 τρεῖς.
2998 5596 3021 5600 _
3042 5527 3062 5557 ο
3086 5523 3234 5600 θεοῦ,
3259 5522 3299 5574 Α
3328 5528 3384 5575 ει
3413 5520 3456 5600 β

216 5559 686 5663 ῗί¹“ἒ.“ἓξ,ἒιέτου-.-
717 5583 744 5663 ἴ.
772 5600 842 5663 ea

289 5630 328 5686 Β
386 5639 403 5670 r
489 5643 500 5658 ο
560 5630 640 5634 "‘
772 5630 900 5665 '“t':
932 5630 967 5634 -
1002 5630 1427 5668 νεῖ-ηηπυνν--ν-

353 5654 559 5710 απους·
645 5653 686 5684 ¹’
718 5653 774 5723 ἦ.
808 5654 948 5710 ludit.
983 5670 1132 5725 prior
1164 5657 1288 5711 hab.
1316 5657 1431 5712 καί.

832 5601 900 5665 ἰν.
932 5584 973 5634 Β
1002 5586 1427 5665 ἐμνημόνευσεν.
1457 5584 1468 5587 ⁷
1508 5589 1528 5619 ⁸
1561 5588 1600 5642 Β
1632 5584 1994 5663 ἠνεῳγμέναι.

2078 5597 2097 5627 θ
2127 5594 2269 5651 Edit.
2314 5599 2463 5667 prior
2487 5599 2614 5657 hab.
2639 5590 2803 5667 Ὠὺδέ.
2831 5590 2842 5600 ’
2888 5600 2929 5630 ¹⁰
2952 5596 3049 5666 τῷ.
3086 5594 3159 5647 Ex
3199 5593 3238 5646 Β
3268 5590 3431 5661 Sttppl
