3898 6208
486 274 629 342 14θ3

436 537 443 566 i
481 477 863 545 Peccavimus,
902 481 1091 550 inique
1141 485 1375 555 egimus,
1423 487 1589 560 impie
1623 509 1724 550 nos
1762 498 2064 566 gessimus,

433 570 443 632 !
481 581 538 626 ct
588 571 792 648 reversi
849 570 1057 627 fuerint
1114 576 1179 629 ad
1234 585 1287 632 te
1319 586 1435 634 toto
1501 584 1670 639 corde
1703 601 1826 652 suo,
1867 597 1921 644 et
1953 598 2067 646 tota

482 664 668 717 anima
699 645 823 727 sua,
850 663 906 716 in
945 674 1091 719 terra
1125 667 1480 726 inimicorum
1517 690 1771 741 suorum,
1822 696 1932 750 quo
1962 683 2064 739 de-

482 752 687 807 duxisti
725 767 846 817 eos,
880 764 937 810 et
968 759 1258 812 oraverint
1292 763 1357 816 ad
1397 771 1448 818 te
1486 780 1588 836 pro
1624 768 1712 825 via
1748 780 1907 829 terra:
1928 790 2063 840 suae,

481 860 649 912 quam
699 844 900 900 dedisti
952 851 1212 917 patribus
1249 867 1465 921 eorum,
1505 867 1559 913 et
1618 861 1866 920 civitatis
1896 883 2063 937 quam

480 934 722 1003 elegisti,
754 944 810 989 et
845 937 1046 994 domus
1076 956 1242 1010 quam
1283 943 1556 1002 mdiﬁcavi
1603 953 1817 1008 nomini
1855 934 1971 1021 tuo,
2011 966 2066 1013 et

478 1024 747 1081 exaudies
777 1042 808 1082 e
831 1030 996 1093 ccelo,
1025 1047 1057 1087 e
1089 1041 1287 1103 parato
1320 1034 1649 1095 habitacqu
1674 1052 1789 1110 tuo,
1838 1054 1895 1100 et
1932 1063 2064 1116 pro-

479 1117 653 1183 pitius
681 1120 795 1175 eris
828 1125 1072 1191 peccatis
1105 1141 1325 1187 eorum,
1356 1144 1478 1199 qua:
1513 1147 1885 1201 peccaverunt
1936 1141 2061 1206 tibi,

476 1219 534 1265 et
599 1215 909 1269 secundum
963 1233 1157 1275 omnes
1208 1222 1532 1302 iniquitates
1605 1245 1796 1287 eorum
1863 1235 2064 1304 quibus

478 1306 826 1369 praevaricati
864 1318 996 1364 sunt
1030 1326 1158 1382 erga
1199 1324 1284 1378 te,
1313 1326 1368 1371 et
1398 1319 1563 1375 dabis
1588 1322 1699 1379 illis
1746 1326 2058 1384 miseratio-

479 1408 578 1449 nes
610 1411 800 1451 coram
833 1400 942 1455 illis
971 1405 1065 1472 qui
1101 1419 1196 1460 eos
1232 1409 1485 1478 captivos
1516 1412 1781 1471 duxerint
1803 1417 1853 1472 ἀ.
1880 1438 1897 1470 ι
1938 1418 2063 1476 Haec

478 1495 661 1543 autem
696 1491 929 1549 edoctus
956 1498 1151 1553 beatus
1177 1498 1365 1556 Daniel
1396 1520 1592 1561 versus
1615 1506 2061 1583 Hierosolymam

476 1595 788 1638 conversus
840 1588 1214 1655 precabatur:
1263 1609 1446 1665 neque
1489 1599 1663 1654 semel
1699 1603 1900 1670 quovis
1950 1606 2059 1671 die,

477 1677 572 1729 sed
614 1685 699 1733 ter
749 1680 801 1734 id
857 1682 1039 1739 facere
1073 1691 1484 1756 perseverabat.
1538 1690 1606 1746 Et
1651 1694 1827 1765 ﬁgura
1863 1700 2063 1754 mentis

477 1764 628 1821 illius
683 1773 930 1826 ostendit
988 1779 1407 1835 contritionem.
1458 1779 1587 1836 Suis
1633 1764 1782 1838 enim
1826 1789 2062 1857 genibus

478 1856 704 1915 innixus
737 1878 844 1917 non
877 1866 1182 1925 desistebat
1219 1869 1328 1927 Deo
1375 1874 1652 1931 conﬁteri.
1686 1875 1892 1952 [li-15]
1926 1882 2062 1937 Cum

479 1951 598 2006 haec
631 1954 702 2007 ita
733 1954 946 2023 ﬁerent,
987 1959 1064 2014 illi
1097 1961 1190 2032 qui
1226 1964 1410 2019 eﬂ'ecti
1452 1976 1613 2022 erant
1644 1951 2024 2029 invidiaaivasa
2045 2015 2061 2042 ,

479 2045 795 2114 iniquitatis
863 2050 1143 2109 Danielem
1198 2068 1509 2125 accusant,
1573 2068 1629 2117 et
1702 2065 2062 2121 constitutam

479 2136 717 2191 recitant
762 2140 959 2211 legem,
1017 2154 1073 2199 et
1133 2145 1415 2205 Danielem
1474 2151 1758 2221 deferunt,
1819 2174 2063 2228 eumque

478 2239 717 2298 arguunt
781 2233 997 2306 1182
1064 2239 1217 2294 illam
1271 2242 1535 2299 violasse.
1593 2246 1664 2301 At
1723 2263 1819 2303 rex
1888 2250 2063 2304 doluit

480 2319 667 2374 audita
690 2327 1069 2395 accusatione,
1099 2338 1155 2384 et
1176 2330 1485 2390 advocatus
1516 2351 1619 2405 pro
1642 2337 1829 2406 judice
1861 2339 2061 2406 factus,

482 2409 756 2468 insontem
787 2416 1064 2475 Danielem
1084 2426 1383 2482 ostendere
1413 2429 1743 2485 conabatur.
1779 2431 1894 2487 lloc
1916 2433 2063 2488 enim

480 2500 770 2575 Scriptura
804 2510 1010 2578 innuit,
1049 2515 1242 2573 dicens
1270 2536 1283 2572 :

1514 292 2000 358 THEODORETI
2035 301 2375 366 EPISCOPI
2414 307 2657 370 CYREN
2663 308 2732 369 SI
2738 309 2778 370 S

481 387 583 441 tibi
646 384 702 441 iu
764 395 914 444 terra
982 391 1496 464 transmigrationis
1555 413 1706 467 suae,
1767 403 2061 465 dicentes:

2172 413 2359 482 ἔγγὺς.

2397 417 2491 472 καὶ
2532 417 2904 489 ἐπιστρέψωσι
2939 420 3165 491 καρδίας
3192 422 3364 479 αὐτῶν
3387 426 3440 483 ὲν
3462 433 3521 503 τῇ
3546 439 3604 509 γῇ
3625 437 3673 495 οἲ

2174 506 2583 577 μετηνέχθησαν
2622 510 2777 575 ἐκεῖ,
2811 511 2903 563 καὶ
2934 511 3169 581 δεηθῶσι
3207 533 3295 570 σου
3341 520 3395 573 ὲν
3436 525 3498 591 γῇ
3531 506 3675 595 μετοι-

2169 596 2294 660 κίας
2329 599 2529 663 αὐτῶν,
2561 600 2813 669 λέγοντες
2834 619 2847 631 ·
2896 605 3242 677 Ἦμάρτομεν
3262 650 3277 674 ,
3311 609 3609 685 ἠδικήσαμεν
3626 621 3676 685 ",

2170 686 2546 758 ἠνομήσαμεν,
2582 690 2676 743 καὶ
2708 694 3078 763 ἐπιστρέψωσι
3112 696 3247 767 πρὸς
3285 699 3342 752 σὲ
3384 702 3437 753 ὲν
3463 704 3546 774 ὅλῃ
3572 725 3677 779 καρο

2168 776 2256 848 δία
2288 778 2487 846 αὐτῶν,
2518 782 2611 835 καὶ
2638 783 2695 835 ἐν
2727 783 2825 854 ὅλῃ
2850 788 2914 855 τῇ
2942 785 3089 858 ψυχῇ
3118 788 3317 853 αὐτῶν,
3343 791 3399 845 ὲν
3421 797 3479 865 τῇ
3511 800 3570 868 γῇ
3596 776 3679 854 τῶν

2168 869 2378 939 ἐχθρῶν
2429 873 2607 926 αὐτῶν
2644 866 2705 927 οὗ
2738 878 3046 949 μετήγαγες
3093 882 3287 946 αὐτοὺς
3310 923 3324 945 ,
3370 887 3458 939 καὶ
3492 895 3671 960 προσεύ-

2168 961 2367 1027 ξωνται
2400 964 2534 1034 7:96.;
2573 966 2632 1019 σὲ
2672 968 2794 1021 ὁδὸν
2820 970 2923 1040 γῆς
2951 971 3133 1025 αὐτῶν
3155 1014 3169 1036 ,
3200 968 3268 1045 ἧς
3308 974 3575 1039 δέδωκαςιι
3598 988 3679 1047 τοῖς

2171 1052 2440 1119 πατράσιν
2472 1054 2652 1106 αὐτῶν
2676 1096 2690 1121 ,
2724 1059 2819 1109 καὶ
2846 1058 2945 1129 τῆς
2974 1060 3185 1124 πόλεως
3205 1105 3219 1127 ,
3259 1058 3326 1134 ἦς
3355 1064 3575 1134 ἐξελέξω,
3611 1076 3681 1125 καὶ

2167 1142 2262 1195 τοῦ
2288 1136 2459 1209 οἴκου,
2495 1139 2556 1199 οὗ
2586 1147 2913 1219 ᾠκοδόμησα
2946 1152 3025 1222 τῷ
3065 1152 3291 1223 ὀνόματί
3339 1172 3426 1209 σου
3446 1199 3459 1223 ,
3491 1162 3570 1212 καὶ
3604 1165 3682 1215 εισ-

2168 1235 2377 1307 ακούσῃ
2418 1239 2484 1290 ὲκ
2526 1239 2623 1292 τοῦ
2659 1242 2891 1312 οὐρανοῦ
2917 1287 2933 1309 ,
2966 1245 3023 1310 ἐξ
3064 1245 3285 1314 ἑτοίμου
3319 1256 3679 1323 κατοικητηρίου

2167 1343 2284 1394 σου,
2326 1331 2419 1382 καὶ
2450 1329 2604 1394 item;
2640 1332 2739 1405 ἔσῃ
2770 1337 2889 1397 ταῖς
2916 1336 3215 1407 ἁμαρτίαις
3241 1339 3414 1393 αὐτῶν
3442 1336 3520 1404 αἷς
3544 1345 3680 1414 ἦμαρ-

2167 1420 2257 1474 τόν
2291 1438 2370 1474 σοι
2399 1465 2412 1487 ,
2446 1423 2537 1477 καὶ
2569 1425 2709 1479 κατὰ
2751 1427 2927 1480 πάντα
2979 1430 3045 1482 τὰ
3092 1430 3411 1503 ἀθετήματα
3444 1435 3614 1504 αὐτῶν,
3638 1441 3682 1513 Λᾶ

2168 1508 2435 1581 ἠθέτησαν
2488 1528 2580 1577 σε,
2640 1514 2732 1566 καὶ
2781 1514 2925 1585 δῴης
2951 1518 2993 1548 ίδ
3058 1518 3261 1583 αὐτοὺς
3297 1522 3375 1584 είς
3422 1510 3683 1595 οίκτιρμοῦς

2168 1600 2397 1655 ἐνώπιον
2442 1603 2550 1655 τῶν
2598 1607 3167 1676 αἰχμαλωτευσάντων
3228 1610 3438 1675 αὐτούς.
3481 1633 3498 1666 ι
3543 1616 3684 1670 Ταῦτα

2165 1693 2222 1747 δὲ
2250 1695 2293 1726 ³⁸
2339 1696 2768 1767 πεπαιδευμένος
2816 1701 2845 1752 6
2891 1700 3159 1771 μακάριος
3196 1703 3425 1774 Δανιὴλ,
3457 1706 3685 1762 κατέναντι

2097 1760 2136 1814 Β
2180 1786 2538 1858 Ἰερουσαλὴμ
2561 1760 3014 1863 ¹⁷1τετραμμένος
3048 1760 3158 1862 ’τὴν
3194 1760 3487 1868 προσέυέὴν
3508 1797 3544 1829 ¹⁸

2170 1880 2280 1931 εῖτο
2305 1894 2316 1906 ·
2353 1879 2451 1949 οὐχ
2483 1879 2632 1945 ἅπαξ
2659 1881 2717 1934 δὲ
2745 1882 2845 1950 τῆς
2872 1883 3112 1953 ἡμέρας.
3143 1883 3284 1937 ἀλλὰ
3309 1885 3401 1937 καὶ
3431 1888 3538 1956 τρὶς
3572 1888 3687 1942 τοῦτο

2170 1968 2339 2021 ποιῶν
2364 1968 2610 2024 διετέλει.
2652 1971 2761 2024 Καὶ
2793 1971 2853 2024 τὸ
2880 1972 3066 2043 σχῆμα
3115 1972 3191 2024 δὲ.
3223 1973 3324 2044 τὴν
3369 1973 3463 2043 τῆς
3505 1973 3688 2039 διανοίας

2170 2059 2411 2113 δείκνυσι
2469 2062 2785 2134 συντριθήν.
2832 2064 3121 2133 Κάμπτων
3163 2066 3279 2137 γὰρ
3310 2066 3405 2118 ἐπὶ
3441 2065 3503 2119 τὰ
3537 2068 3689 2134 γόνατα

2170 2151 2334 2206 αὑτοῦ
2390 2152 2616 2207 διετέλει
2637 2156 2680 2188 ¹⁹
2735 2156 2834 2226 τὴν
2870 2155 3265 2228 ἐξομολόγησιν
3309 2157 3604 2230 προσφέρων
3634 2157 3690 2228 τῷ

2170 2244 2310 2315 Θεῷ.
2341 2244 2557 2299 Τούτων
2581 2246 2756 2310 οὕτως
2789 2248 3112 2318 γινομένων,
3148 2250 3203 2301 οἱ
3231 2248 3327 2301 τοῦ
3350 2248 3532 2318 φθόνου
3554 2249 3689 2319 δοχεία

2171 2337 2453 2408 γενόμενοι
2492 2338 2794 2408 γράφονται
2842 2339 3196 2412 παρανομίας
3248 2340 3339 2394 τὸν
3375 2341 3585 2411 Δανιὴλ,
3624 2341 3690 2393 καὶ

2172 2429 2264 2481 τὸν
2295 2429 2521 2483 τεθέντα
2544 2430 2707 2501 νόμον
2736 2431 3199 2500 ἀναγινώσκουσι,
3225 2433 3320 2487 καὶ
3349 2434 3437 2487 τόν
3457 2451 3509 2487 τε
3542 2432 3691 2503 Δανιὴλ

2174 2521 2589 2590 εἰσαγγέλλουσι
2613 2564 2627 2589 ,
2682 2524 2778 2579 καὶ
2826 2525 2928 2597 τὴν
2987 2526 3309 2597 παράϐασιν
3360 2527 3688 2596 ἐξελέγχουσιν.

489 2581 549 2646 ὀ
582 2595 639 2649 δὲ
674 2596 929 2666 βασιλεὺς
971 2605 1178 2677 ἤλγησε
1232 2609 1334 2679 μὲν
1364 2612 1465 2683 τῆς
1521 2617 1739 2687 γραφῆς
1793 2616 2031 2682 ἁκούων,
2067 2581 2363 2685 συνήγορος
2401 2614 2457 2667 δὲ
2492 2581 2625 2668 ἀντὶ,
2659 2615 2849 2688 κριτοῦ
2882 2581 3202 2688 γενὸμένος,
3262 2618 3435 2674 ἀθῶον
3477 2618 3691 2673 δεικνύναι

477 2694 571 2739 τον
595 2690 793 2763 Δανιὴλ
821 2695 1078 2767 ἐπειρᾶτο
1105 2717 1119 2731 ο
1154 2700 1313 2755 τοῦτο
1355 2704 1464 2775 γὰρ
1492 2704 1713 2776 ᾐνίξατο
1738 2709 1771 2778 ἡ
1806 2705 2100 2777 συγγραφὴ
2122 2706 2166 2737 ²⁰
2205 2703 2437 2772 λέγουσα
2469 2719 2485 2734 ⁸

545 2784 712 2843 Vsus.
745 2788 828 2843 l4.
852 2808 870 2841 ι
892 2790 1051 2846 Tunc
1077 2809 1197 2861 rex,
1228 2805 1289 2850 ιιι
1322 2799 1550 2854 verbum
1570 2803 1803 2866 audivit,
1830 2804 2064 2858 multum

482 2882 854 2938 contristatus
884 2893 971 2940 est
1005 2887 1349 2959 cjuspausa,
1379 2900 1434 2945 et
1468 2909 1566 2962 pro
1593 2894 1814 2949 Dauiele
1839 2904 2066 2948 conten-

478 2973 583 3037 dit,
611 2982 673 3028 ut
697 2974 959 3030 liberaret
992 2993 1141 3034 eum.
1177 2999 1196 3031 ι
1232 2980 1353 3052 [15]
1387 2982 1495 3036 Sed
1520 2984 1779 3038 malitiosi
1815 2985 2066 3038 homines

478 3066 585 3133 illi,
617 3076 672 3122 et
710 3068 1019 3125 sceleribus
1046 3071 1335 3138 innutriti,
1366 3076 1662 3130 consilium
1714 3076 1860 3146 regis
1893 3092 2064 3144 agno—

2242 2802 2325 2855 ιδ’.
2366 2820 2383 2852 ι
2421 2801 2555 2854 Τότε
2582 2802 2611 2854 6
2642 2801 2901 2871 βασιλεὺς
2923 2842 2937 2867 ,
2966 2803 3042 2867 ὠς
3069 2802 3131 2855 τὺ
3160 2804 3319 2874 ῥῆμα
3345 2804 3532 2874 ἠκουσε
3551 2845 3564 2867 ,
3592 2803 3689 2855 πολὺ

2168 2894 2413 2964 ἐλυπήθη
2458 2895 2545 2946 ἐπ’
2578 2894 2748 2964 αὐτῷ,
2791 2896 2886 2948 καὶ
2931 2895 3062 2964 περὶ
3090 2895 3189 2949 τοῦ
3221 2894 3416 2966 Δανιὴλ
3446 2896 3689 2966 ἠγωνίσατο

2168 2984 2260 3037 τοῦ
2309 2985 2589 3050 ἐξελέσθαι
2638 2987 2818 3041 αὐτόν.
2857 3008 2877 3038 ι
2925 2987 3067 3040 Ἀλλ’
3110 2989 3160 3041 οἱ
3222 2989 3505 3058 κακοήθεις
3546 2989 3689 3059 ἄνδρες

2168 3078 2387 3141 ἐκεῖνοι,
2423 3077 2518 3130 καὶ
2549 3079 2854 3151 κακουργίᾳ
2905 3081 3174 3145 σνξῶντες
3198 3124 3213 3147 ,
3248 3081 3482 3149 ἔγνωσαν
3516 3081 3591 3133 τὸν
3624 3079 3690 3133 τοῦ

475 3172 702 3215 verunt.
739 3160 855 3216 Hoc
890 3164 1038 3218 enim
1066 3165 1342 3235 signiﬁcat
1377 3168 1533 3230 illud,
1567 3188 1586 3219 ι
1625 3166 2059 3224 Anteverterunt

2169 3167 2433 3238 βασιλέως
2459 3172 2680 3224 σκοπόν.
2714 3173 2883 3226 Τοῦτο
2904 3174 3012 3243 γὰρ
3037 3175 3302 3244 σημαίνει
3320 3175 3405 3242 τὸ,
3442 3195 3458 3226 ι
3488 3174 3689 3244 Παρῃτή-

479 3253 746 3320 precibus
779 3254 880 3308 viri
920 3255 1000 3309 illi
1039 3273 1246 3327 regem,
1287 3279 1305 3310 ι
1340 3260 1445 3312 hoc
1492 3269 1612 3324 est,
1671 3261 2064 3317 intellexerunt

478 3358 605 3398 eum
678 3343 887 3400 Danieli
959 3348 1291 3416 epitulari.'
1349 3350 1555 3407 Deinde
1630 3352 1821 3408 dicunt
1896 3357 2061 3426 regi:

485 3453 505 3483 ο
545 3436 719 3501 Scito,
756 3454 875 3504 rex,
906 3442 1055 3510 quod
1091 3442 1375 3498 decretum
1429 3443 1602 3500 Medis
1648 3454 1701 3501 et
1728 3445 1914 3505 Persis
1969 3451 2061 3516 sit,

480 3542 644 3582 omne
670 3528 958 3585 decretum
995 3541 1051 3587 et
1085 3534 1564 3600 constitutionem,
1593 3553 1759 3608 quam
1799 3555 1892 3595 rex
1930 3557 2065 3597 eon-

480 3621 748 3687 stitnerit,
792 3638 902 3677 non
953 3635 1213 3696 oportere
1260 3627 1565 3686 immutari.
1613 3650 1631 3684 ι
1676 3630 1794 3688 Νοη
1826 3644 1931 3699 est,
1974 3637 2062 3690 in-

479 3712 697 3777 quiunt,
736 3714 788 3767 in
825 3724 916 3769 tua
950 3728 1252 3786 potestate,
1287 3729 1348 3774 ut
1383 3736 1448 3776 ea
1483 3738 1607 3792 qum
1660 3725 1781 3794 lege
1830 3730 2061 3784 sanxisti

479 3809 718 3857 evertas.
756 3806 1043 3861 Medorum
1065 3809 1212 3864 enim
1248 3820 1303 3866 et
1330 3809 1628 3867 Persarum
1674 3816 1823 3887 leges
1846 3817 2060 3885 jubent,

481 3900 544 3943 ut
589 3891 712 3946 latae
750 3895 894 3964 leges
949 3912 978 3949 a
1016 3899 1197 3966 primo
1225 3916 1353 3971 rege
1413 3903 1806 3960 observentur.
1847 3904 1961 3978 [l6]
2000 3907 2060 3963 Vi

483 3990 668 4036 autem
703 3994 938 4041 coactus
970 4004 1089 4053 rex,
1117 3993 1505 4059 probabilitate
1528 3995 1741 4051 scilicet
1764 4001 2061 4066 orationis,

483 4082 536 4128 et
557 4076 911 4135 multitudine
934 4091 1354 4151 accusatorum,
1389 4087 1610 4141 beatum
1639 4089 1918 4147 Danielem
1952 4095 2063 4150 leo-

484 4167 654 4224 nibus
679 4171 866 4237 tradit,
900 4181 954 4228 et
978 4190 1078 4244 pro
1118 4192 1185 4231 eo
1224 4179 1299 4232 ita
1328 4178 1470 4233 bene
1503 4189 1799 4248 precatur;
1835 4204 1853 4235 ι
1897 4185 2059 4252 Deus,

484 4264 571 4315 cui
598 4265 771 4319 servis
798 4268 1080 4333 continue,
1120 4270 1239 4339 ipse
1270 4271 1525 4326 liberabit
1552 4281 1628 4329 te.
1680 4295 1698 4327 ι
1739 4276 1900 4332 Pium
1942 4297 2061 4335 ver-

484 4354 637 4420 bum,
670 4367 724 4413 et
754 4361 1003 4429 pristinis
1046 4362 1273 4417 minime
1303 4375 1759 4422 consentaneum.
1805 4369 1860 4423 Si
1913 4373 2060 4426 enim

484 4456 694 4501 tantam
731 4453 958 4507 testaris
988 4468 1109 4507 esse
1158 4452 1252 4508 Dei
1297 4455 1587 4521 virtutem,
1619 4461 1896 4527 quomodo
1948 4462 2064 4530 lege

2170 3264 2387 3316 σαντο¹¹
2444 3264 2493 3315 οἱ
2542 3262 2734 3336 ἄνδρες
2779 3266 2873 3319 ἐπὶ
2929 3267 3022 3321 τὸν
3074 3268 3341 3336 βασιλέα·
3399 3289 3418 3319 ι
3458 3268 3563 3321 ἀντὶ
3604 3267 3688 3329 τοῦ,

2168 3353 2408 3423 συνῆκαν
2433 3355 2508 3416 ὡς
2538 3355 2618 3426 τῷ
2651 3357 2847 3428 Δανιὴλ
2877 3359 3327 3427 συναγωνίζεται.
3354 3356 3482 3413 Εἶτα
3525 3359 3691 3425 λέγουσι

2165 3443 2243 3515 τῷ
2266 3445 2510 3513 βασιλεῖ’
2558 3466 2577 3500 ι
2619 3448 2814 3515 Γνῶθι,
2849 3449 3092 3520 βασιλεῦ,
3122 3452 3205 3505 ὅτι
3240 3453 3302 3505 τὸ
3348 3452 3512 3523 δόγμα
3534 3450 3690 3520 Μίδαις

2167 3537 2261 3590 καὶ
2290 3537 2527 3608 Πέρσαις
2554 3581 2567 3602 ,
2630 3539 2727 3593 τοῦ
2773 3542 2951 3595 πάντα
3003 3544 3236 3613 ὁρισμὸν
3287 3545 3381 3597 καὶ
3428 3546 3617 3601 στάσιν,
3644 3542 3691 3611 ἢν

2166 3628 2262 3681 ἐὰν
2282 3630 2325 3660 ²²
2361 3632 2389 3682 6
2427 3630 2683 3700 βασιλεὺς
2742 3633 3018 3705 στήσῃ²³,
3076 3636 3136 3688 οὐ
3190 3636 3275 3688 δεῖ
3331 3633 3684 3708 παραλλάξαι.»

2167 3722 2283 3775 Οὐκ
2306 3717 2389 3787 εἷ,
2422 3725 2554 3791 φασὶ
2577 3766 2590 3785 ,
2635 3724 2824 3795 κύριος
2850 3765 2865 3789 ,
2900 3726 2936 3780 ἃ
2964 3728 3398 3801 νενομοθέτηκας
3427 3728 3680 3799 ἀνατρέψαι

2166 3815 2366 3884 Μήδων
2401 3815 2507 3887 γὰρ
2558 3817 2654 3870 καὶ
2704 3818 2929 3887 Περσῶν
2983 3820 3033 3871 οἱ
3073 3821 3232 3890 νόμοι
3265 3821 3686 3891 παρακελεύονται,

2165 3904 2289 3965 τοὺς
2321 3904 2635 3973 τιθεμένους
2660 3906 2704 3937 εδ
2739 3906 2941 3977 νόμους
2971 3908 3123 3979 παρὰ
3149 3910 3370 3980 πρώτου
3417 3907 3689 3980 πληροῦσθαι

2165 3994 2258 4045 τοῦ
2293 3994 2581 4063 βασιλέως.
2638 3997 2893 4062 Βιασθεὶς
2933 3999 2990 4051 δὲ
3032 4001 3061 4052 ὀ
3109 3999 3369 4069 βασιλεὺς
3398 4002 3470 4071 τῷ
3494 4018 3547 4053 τε
3573 3996 3690 4067 δῆθεν

2167 4087 2372 4156 εὐλόγῳ
2409 4088 2514 4142 τῶν
2565 4089 2739 4158 λόγων
2778 4093 2872 4145 καὶ
2914 4091 2994 4163 τῷ
3034 4091 3233 4163 πλήθει
3263 4094 3372 4146 τῶν
3410 4093 3689 4162 κατηγόρων»

2167 4179 2504 4249 παραδίδωσι
2571 4183 2669 4251 μὲν
2713 4185 2823 4246 τοῖς
2870 4184 3050 4236 λέουσι
3084 4184 3177 4237 τὸν
3214 4187 3481 4257 μακάριον
3506 4181 3688 4250 Δανιήλ·

2167 4271 2458 4339 ἐπεύχεται
2514 4272 2571 4324 δὲ
2626 4273 2776 4343 αὑτῴ
2826 4274 3162 4346 σωτηρίαν²³
3209 4277 3412 4345 λέγων·
3457 4296 3474 4328 ι
3518 4277 3568 4328 ’0
3595 4272 3690 4330 Θεὸς

2165 4357 2208 4429 ᾧ
2239 4363 2521 4433 λατρεύεις
2562 4364 2893 4435 ἐνδελεχῶς,
2942 4368 3107 4432 αὐτὸς
3144 4369 3412 4436 ὲξελεῖταί
3444 4387 3516 4421 σε.
3559 4387 3576 4417 ι
3614 4363 3689 4416 Εὐ-

2169 4455 2326 4519 σεϐὲς
2355 4457 2412 4509 τὸ
2448 4458 2621 4527 ῥῆμα,
2652 4460 2744 4511 καὶ
2772 4463 2879 4523 τοῖς
2906 4462 3143 4531 πρώτοις
3176 4464 3516 4534 ἀσύμφωνον.
3542 4461 3592 4513 ΕΞ
3613 4458 3689 4525 γὰρ

484 4540 741 4602 sanxisti,
778 4559 844 4597 nc
872 4545 998 4613 quis
1032 4544 1137 4613 ipsi
1169 4545 1397 4616 triginta
1442 4549 1661 4603 dierum
1710 4553 1891 4620 spatio
1934 4569 2061 4623 sup-

2167 4551 2435 4619 τοσαύτην
2468 4550 2546 4621 τῷ
2576 4550 2694 4622 Θεῷ
2717 4558 3167 4625 προσμαρτυρείς
3198 4555 3451 4625 δύναμιν,
3479 4552 3580 4613 πῶς
3606 4552 3688 4602 ἐνο-

484 4632 713 4697 plicarct
733 4634 755 4687 ?
778 4634 882 4689 Sed
914 4637 1132 4691 videtur
1157 4637 1356 4695 Darius
1385 4641 1595 4711 probus
1614 4644 1836 4712 quidem
1866 4645 2059 4712 fuisse,

484 4727 540 4772 et
576 4724 822 4779 moribus
875 4742 1088 4795 :rquus,
1128 4730 1421 4800 potiusque
1467 4733 1689 4800 pietatis
1743 4736 2055 4801 studiosus,

485 4811 850 4868 meticulosus
887 4828 1103 4882 tamen,
1140 4827 1194 4873 et
1241 4821 1545 4876 admodum
1595 4823 1774 4879 facilis
1803 4826 2059 4896 deceptu.

484 4896 733 4968 Regnum
768 4905 914 4959 enim
950 4921 1059 4960 non
1092 4909 1533 4975 administrabat,
1562 4921 1621 4965 ιιι
1649 4913 1754 4968 sibi
1779 4915 2062 4984 subjectos

482 4992 729 5059 duceret,
767 4998 981 5070 1183
1014 5003 1107 5055 sed
1150 5003 1220 5056 ab
1255 5002 1321 5058 iis
1353 5002 1684 5072 ducebatur,
1729 5007 2062 5077 videturque

487 5079 763 5139 Danielem
800 5088 957 5144 valde
1006 5091 1313 5147 admiratus
1376 5094 1548 5151 fuisse
1585 5115 1597 5149 :
1637 5116 1654 5148 ι
1697 5097 1841 5153 Dens
1889 5101 2058 5164 enim,

480 5175 686 5243 inquit,
719 5179 807 5233 cui
848 5181 1028 5238 servis
1055 5186 1339 5251 continue,
1383 5206 1401 5237 ι
1439 5196 1668 5258 propter
1697 5204 1859 5258 quem
1891 5191 2056 5245 etiam

556 5305 672 5361 dli]
697 5310 828 5381 Reg.
866 5328 985 5377 Vm,
1019 5313 1087 5368 46
1124 5316 1227 5384 ῖ50;
1262 5316 1304 5370 Il
1338 5317 1515 5374 Paral.
1554 5337 1629 5383 vr,
1658 5323 1727 5376 '56
1759 5338 1912 5394 seqq.

2173 4642 2480 4712 μοθὲτησας
2532 4644 2735 4714 μηδένα
2789 4645 2964 4716 τούτῳ
3008 4649 3087 4711 εὶς
3130 4649 3422 4719 τριάκοντα
3467 4637 3687 4715 ήμέρας¹³

2172 4732 2604 4802 προσεύξασθαις
2650 4735 2793 4788 Ἀλλ’
2837 4737 3013 4790 ἔοικεν
3043 4740 3071 4791 6
3120 4741 3349 4808 Δαρεῖος
3380 4735 3588 4806 χρηστὸς
3616 4730 3685 4798 μὲν

2172 4823 2581 4892 γεγενῆσθαιη,
2620 4825 2712 4878 καὶ¹
2749 4826 2842 4879 τὸν
2871 4828 3074 4897 τρόπον
3107 4827 3378 4898 ἐπιεικὴς,
3412 4826 3497 4879 καὶ
3533 4820 3686 4894 μᾶὶᾶον

2170 4915 2421 4986 εὐσεϐείᾳ
2456 4918 2756 4987 προσέχων,
2792 4917 3063 4989 ψοφοδεὴς
3103 4919 3157 4971 δὲ
3199 4920 3352 4989 ὅμως
3381 4919 3467 4971 καὶ
3506 4915 3604 4967 λίαν
3625 4928 3687 5008 ea:

2171 5006 2526 5078 εξαπάτητος.
2560 5011 2635 5061 Οὐ
2679 5011 2788 5080 γὰρ
2824 5010 2890 5064 ἂν
2919 5011 3198 5080 βασιλείαν
3226 5011 3456 5071 διέπων,
3482 5006 3586 5060 ἀντὶ
3618 5018 3684 5054 του

2169 5100 2342 5165 ἄγειν,
2376 5100 2478 5152 ὑπὸ
2510 5100 2617 5152 τῶν
2652 5102 2974 5171 ἀρχομένων
3025 5102 3218 5172 ἤγετο·
3265 5102 3504 5171 φαίνεται
3533 5097 3581 5149 δὲ
3617 5090 3686 5145 καὶ

2171 5191 2372 5261 σφόδρα
2401 5192 2694 5262 θαυμάζων
2718 5194 2810 5248 τὸν
2831 5195 3051 5265 Δανιήλ·
3083 5214 3101 5247 ι
3140 5195 3196 5249 ’0
3224 5194 3354 5258 Θεὸς
3386 5193 3504 5264 γὰρ,
3538 5184 3681 5259 φησὶνν

1746 5436 1979 5491 νΑιιιΑη]
2022 5437 2420 5493 LECTIONES.

492 5570 536 5598 η
561 5514 606 5598 ξ
634 5514 715 5598 ἠοῖ).
755 5516 808 5569 In
844 5518 882 5568 Β
918 5528 1041 5598 post
1070 5522 1229 5594 ἠνομ.
1269 5526 1510 5598 ponitur.
1618 5531 1659 5561 ”
1692 5530 1729 5583 Β
1751 5530 1974 5594 ἔδωκας.

516 5570 607 5658 ’.Β
636 5570 734 5658 τ’άς
775 5570 1104 5658 προσευχάς.Ι
1172 5573 1239 5626 ’ίθ
1270 5570 1405 5649 ἓιετ.
1443 5596 1563 5652 Des.
1605 5600 1658 5651 in

491 5652 609 5705 λέα.
646 5646 765 5709 Des.
811 5646 950 5713 amni
982 5646 1160 5718 'IXX.
1194 5676 1239 5715 et
1279 5646 1331 5718 in
1365 5646 1746 5724 ιὲξχίιιῖὶῖιιῖιιᾶλ

498 5724 639 5789 ρίαν.
723 5726 793 5778 l'lx
828 5727 866 5780 li
900 5733 1072 5801 suppl.

1154 5736 1196 5766 ²⁶
1229 5735 1266 5789 Β
1297 5738 1351 5788 ὲν
1386 5738 1675 5807 τριάκοντα
1706 5742 1956 5812 ἡμέραις.

2069 5536 2111 5566 ’⁵
2144 5532 2184 5585 Β
2212 5533 2425 5595 δώσεις.

1696 5602 1752 5675 l_5.
1787 5603 1878 5670 qui
1913 5603 2111 5675 deinde
2144 5604 2304 5657 liabet
2330 5603 2694 5675 προσέφερεν.

1854 5675 1897 5703 ²²
1930 5675 2043 5727 ἐάν.
2087 5674 2209 5729 Des.
2243 5675 2295 5726 in
2328 5672 2387 5727 Β.

2039 5746 2082 5775 37

2507 5535 2549 5564 ¹⁶
2577 5534 2653 5588 δέ.
2690 5534 2811 5589 Des.
2849 5536 2901 5589 in
2934 5536 2993 5591 Β.
3079 5539 3121 5569 ¹⁷
3165 5539 3290 5638 Ἰερ.
3326 5535 3364 5589 Β
3394 5528 3677 5630 praenuntia

2512 5622 2694 5670 φερεν-
2776 5606 2820 5636 ¹⁰
2854 5606 2893 5659 Β
2922 5609 3134 5670 γραφή.
3267 5608 3278 5638 ¹
3314 5609 3444 5670 Παρ-
3474 5629 3533 5643 -ί-
3558 5613 3677 5670 μασν

3361 5623 3444 5675 αρ.
3474 5629 3533 5675 -ῖ-
3558 5623 3679 5670 FW"

3480 5674 3519 5704 ιε
3547 5682 3679 5733 mm].

3079 5539 3121 5638 :7
3165 5539 3198 5591 Ἰ
3204 5555 3229 5589 ε
3236 5555 3290 5638 ρ’.

2697 5677 2707 5690 .
2776 5606 2820 5636 ὀ
2854 5606 3137 5694 "Jews;
3236 5606 3278 5694 ξ’

2469 5675 2513 5707 ’³
2549 5675 2587 5727 Β
2620 5677 2823 5746 στήσει.
2902 5677 2946 5709 ’³
2979 5679 3017 5733 Β
3047 5675 3407 5749 τεθειμένους.

2116 5744 2151 5795 Β
2178 5743 2449 5811 γενέσθαι.
