3898 6208
241 332 265 395 1
277 333 379 395 £05

1438 342 1519 403 ΙΝ
1550 343 1902 402 DANIELIS
1932 345 2090 404 CAP.
2124 346 2222 406 VI.

3356 342 3492 411 1406

227 440 271 513 ᾦ
300 440 589 512 λατρεύεις
616 442 930 514 ἐνδελεχῶς,
965 464 985 496 ι
1017 445 1087 498 δι’
1109 445 1189 512 ὃν,
1223 448 1379 517 φησὶ,
1411 449 1507 501 καὶ
1529 447 1637 501 τῶν
1668 448 1805 518 ἐμῶι

1922 464 2091 516 meas,
2112 452 2312 521 inquit,
2348 453 2498 524 leges
2523 458 2854 523 aspernatus
2884 467 2963 518 es,
2999 462 3052 507 et
3073 469 3236 523 quem
3265 459 3490 514 assiduo

229 531 650 602 κατεφρόνησας
691 532 907 600 νόμων,
956 533 1050 586 καὶ
1086 533 1313 605 διηνεκῆ
1357 533 1458 605 τὴν
1516 534 1817 604 θεραπείαν

228 620 380 690 αὐτῷ
406 621 741 691 προσφέρεις
760 663 775 685 ,
808 621 1103 691 ἀμείψεταί
1138 641 1196 676 σε
1228 624 1327 694 τῆς
1357 624 1644 687 εὐσεϐείας
1672 667 1686 691 ,
1718 625 1811 678 καὶ

224 712 336 763 τῶν
368 713 712 783 κατεχόντων
740 713 931 767 δεινῶν
961 715 1344 779 ἀπαλλάξειεν.
1390 713 1523 769 Εἶτα
1563 717 1657 770 καὶ
1685 716 1817 789 θαρ-

224 801 341 871 ρὦ
366 805 437 873 τῇ
476 803 572 857 τοῦ
611 804 746 857 Θεοῦ
775 805 1041 876 δυνάμει,
1084 808 1178 860 καὶ
1209 807 1306 871 τὰς
1348 809 1456 861 τῶν
1490 810 1815 879 κατηγόρων

222 894 590 963 ὑφορώμενος
638 894 973 962 ἐπιϐουλὰς,
1022 896 1156 966 λίθῳ
1214 899 1314 966 μὲν
1364 897 1666 968 ἐμφράττει
1718 898 1811 951 τοῦ

218 985 439 1039 λάκκου
493 986 554 1038 τὸ
605 986 817 1057 στόμα,
864 991 976 1052 τοῖς
1012 988 1067 1042 δὲ
1098 989 1189 1042 τοῦ
1230 990 1517 1044 δακτυλίου
1566 990 1813 1044 ἐκτυπώ-

222 1094 397 1145 μασιν
433 1077 712 1145 ἐπιτίθησι
747 1081 1035 1151 σήμαντρα
1058 1120 1072 1144 ,
1109 1081 1195 1135 ἵνα
1228 1083 1301 1151 μή
1335 1099 1418 1145 τις
1463 1083 1556 1135 ὑπ’
1587 1082 1812 1136 ἐκείνων

218 1168 358 1235 περὶ
400 1168 493 1219 τὸν
526 1168 721 1238 Δανιὴλ
753 1168 980 1239 γένηται
1007 1170 1309 1241 κακουργία
1335 1187 1347 1200 °
1382 1170 1605 1242 ἐθάρρει
1625 1172 1670 1203 ⁸⁸
1701 1170 1809 1241 γὰρ

214 1258 296 1321 ὡς
332 1258 466 1322 τοὺς
519 1259 741 1322 λέοντας
790 1260 889 1313 οὐκ
930 1264 1078 1315 ἐάσει
1117 1261 1209 1313 τοῦ
1246 1262 1446 1331 Δανιὴλ
1491 1266 1517 1315 6
1565 1263 1696 1326 Θεὸς
1748 1264 1809 1315 τὸ

217 1349 376 1417 ίερδν
427 1349 597 1402 αὐτοῦ
618 1351 662 1383 ¹⁹
694 1350 791 1405 καὶ
826 1350 985 1418 ἅγιον
1016 1353 1361 1423 λυμήνασθαι
1409 1354 1583 1424 σῶμα.
1623 1352 1808 1406 Ταῦτα

212 1443 408 1494 τοίνυν
439 1444 674 1514 ποιήσας
698 1486 713 1509 ,

294 1559 389 1622 ιη’.
433 1572 450 1603 ι
493 1553 760 1624 Ἀπῆλθεν
801 1555 830 1606 ὀ
876 1554 1129 1623 βασιλεὺς
1166 1558 1244 1619 εἰς
1290 1558 1381 1609 τὸν
1429 1552 1577 1611 οἷκον
1613 1558 1801 1623 αὑτοῦ,

214 1642 319 1693 καὶ
345 1640 618 1713 ἐκοιμήθη
647 1642 918 1707 ἄδειπνος,
948 1644 1043 1697 καὶ
1074 1644 1347 1713 ἐδέσματα
1376 1647 1476 1699 οὐκ
1505 1648 1803 1717 ἤνεγκαν³⁰

213 1732 397 1801 αὐτῷ,
438 1734 533 1785 καὶ
562 1735 591 1786 6
622 1732 787 1798 ὕπνος
820 1734 1032 1805 ἀπέστη
1083 1736 1177 1787 ἀπ’
1206 1737 1397 1794 αὑτοῦ.
1436 1757 1454 1789 ι
1493 1737 1710 1791 Τούτων
1745 1739 1799 1790 δὲ

218 1915 518 1984 μαρτυρεῖ.
548 1911 971 1984 Φιλανθρωπίας
1023 1915 1122 1983 μὲν
1168 1911 1275 1983 γὰρ
1325 1913 1385 1966 το
1434 1915 1575 1985 μήτε
1618 1915 1804 1970 σιτίων

214 2003 479 2072 ἐθελῆσαι
533 2007 861 2075 μετασχεῖν,
928 2005 1066 2075 μήτε
1117 2004 1292 2057 ὕπνον
1345 2007 1457 2068 τοῖς
1507 2005 1803 2075 βλεφάροις

214 2109 340 2154 πως
362 2093 620 2159 δέξασθαι
638 2093 707 2160 ³⁸,
737 2094 851 2147 ἀλλ’
875 2094 1154 2164 ἄγρυπνον
1180 2092 1509 2157 διατελέσαι,
1534 2094 1803 2163 ἀλγοῦντα

214 2187 315 2239 ἐπὶ
352 2190 419 2258 τῇ
460 2187 628 2258 ἀδίκῳ
673 2187 768 2241 τοῦ
808 2187 1009 2259 Δανιὴλ
1064 2188 1334 2259 τιμωρία·
1385 2189 1586 2252 δειλίας
1625 2191 1702 2253 δὲ,
1745 2189 1806 2243 τὸ

212 2279 364 2332 οὕτω
417 2279 763 2349 διακείμενον
811 2281 885 2350 μὴ
933 2280 1245 2350 ἀντιστῆναι
1298 2282 1408 2343 τοῖς
1456 2282 1800 2352 κατηγόροις,

215 2373 315 2424 καὶ
369 2376 435 2443 τῇ
490 2372 740 2443 βασιλικῇ
785 2371 1003 2442 ἐξουσία
1041 2373 1133 2424 καὶ
1183 2371 1411 2441 δυνάμει
1457 2374 1804 2444 χρησάμενον

216 2462 400 2516 σῶσαι
434 2464 523 2517 τὸν
568 2463 943 2535 ἀδικούμενον.
992 2462 1150 2518 Οὕτω
1193 2463 1248 2516 δὲ
1281 2466 1383 2534 τὴν
1407 2465 1450 2496 ³³
1489 2464 1658 2519 νύκτα
1688 2465 1804 2519 δια-

212 2556 478 2625 τελέσας,

294 2666 381 2720 ιθ’.
438 2684 457 2717 ι
510 2665 569 2719 Ὀ
604 2665 858 2737 βασιλεὺς
890 2670 1115 2739 Δαρεῖος
1149 2670 1191 2700 ³³
1246 2670 1443 2738 ἀνέστη
1486 2668 1695 2739 τοττρωῖ
1747 2670 1805 2721 ὲν

213 2753 298 2821 τῷ
330 2754 488 2821 φωτί.
535 2774 553 2807 θ
589 2756 914 2821 Τουτὲστιν,
964 2756 1043 2810 ἔτι
1089 2759 1311 2821 σκότους
1357 2759 1509 2821 δντος
1532 2800 1547 2823 ,
1584 2759 1712 2828 περὶ
1746 2758 1806 2810 τὸ

214 2844 474 2911 λυκόεςως
491 2846 556 2911 ³⁵,
596 2846 672 2909 ὡς
720 2847 815 2900 καὶ
859 2846 1120 2917 δεηθῆναι
1170 2849 1519 2920 λαμπάδων³⁸
1547 2866 1560 2879 ’
1593 2849 1655 2902 τὸ
1697 2848 1805 2921 γὰρ

214 2938 276 2987 ἐν
306 2936 384 3006 τῷ
411 2938 548 3003 φωτὶ
579 2938 739 2991 τοῦτο
772 2939 1094 3009 παραδηλοῖ.

286 3069 304 3096 ι
332 3048 446 3101 Καὶ
470 3049 672 3120 σπουδῇ
701 3050 746 3081 ³⁸
767 3046 929 3121 ἦλθεν
949 3053 1040 3104 ἐπὶ
1066 3050 1156 3104 τὸν
1188 3051 1388 3106 λάκκον
1419 3053 1529 3105 τῶν
1547 3051 1796 3105 λεόντων·

218 3141 341 3212 (κ’.)
376 3141 485 3195 Καὶ
517 3143 576 3195 ὲν
629 3141 705 3212 τῷ
739 3141 984 3211 ἐγγίζειν
1029 3145 1191 3197 αὐτὸν
1226 3143 1299 3213 τῷ
1352 3144 1559 3215 λάκκῳ,
1594 3165 1612 3196 ι
1647 3162 1805 3198 τουτ-

1915 3144 2050 3215 ΞΟ.)
2112 3145 2177 3198 Et
2240 3159 2365 3198 cum
2402 3146 2417 3164 ‘

214 3233 362 3295 ἐστι,
398 3232 621 3302 μηδέπω
652 3233 782 3302 παρ’
817 3233 979 3286 αὐτὸν
1010 3235 1323 3304 γενόμενος,
1360 3256 1377 3286 ι
1420 3234 1497 3305 τῷ
1528 3234 1725 3304 Δανιὴλ
1753 3235 1805 3287 ἒν

218 3326 376 3393 φωνῇ
433 3324 628 3395 ἰσχυρᾷ
677 3323 904 3395 ἐϐόησε,
954 3326 1112 3378 mi.”
1156 3326 1431 3397 ἀπεκρίθη
1473 3329 1500 3380 6
1532 3325 1803 3395 βασιλεὺς,

217 3416 318 3468 καὶ
342 3412 464 3469 εἷπε
492 3415 569 3485 τῷ
614 3416 830 3487 Δανιὴλ.
868 3435 887 3469 ι
920 3417 1163 3489 Μηδέπω
1188 3417 1297 3486 γὰρ
1347 3419 1475 3488 παρ’
1522 3417 1685 3470 αὐτὸν
1717 3417 1807 3470 τὸν

215 3507 425 3560 λάκκον
452 3506 759 3577 γενόμενος,
791 3508 893 3560 ὑπὸ
928 3508 1135 3578 θερμῆς
1161 3508 1452 3571 διαθέσεως
1484 3508 1610 3578 βοᾷν
1642 3510 1808 3578 ἡναγ-

217 3597 452 3662 κάζετο,
498 3599 594 3651 καὶ
641 3598 731 3650 τὸν
771 3599 969 3669 Δανιὴλ
1013 3600 1229 3663 καλεῖν,
1279 3601 1371 3652 καὶ
1413 3600 1802 3663 πυνθάνεσθαι,

218 3694 271 3742 εἰ
295 3689 341 3723 ³³
363 3690 465 3759 τῆς
496 3689 645 3753 θείας
665 3690 978 3754 ἀπολαύσας
1002 3692 1195 3762 ῥοπῆς,
1216 3691 1479 3762 κρείττων
1503 3692 1675 3761 ἐφάνη
1710 3692 1807 3761 τῆς

217 3782 334 3834 τῶν
373 3780 600 3835 λεόντων
627 3782 930 3852 ὠμότητος.
974 3802 990 3834 ι
1032 3783 1227 3852 Δανιὴλ
1250 3782 1380 3853 γὰρ,
1415 3785 1599 3853 φησὶν,
1631 3786 1658 3837 6
1690 3783 1809 3836 δοῦ-

216 3870 315 3933 λος
348 3870 442 3923 τοῦ
468 3870 601 3924 Θεοῦ
635 3872 726 3925 τοῦ
762 3873 992 3938 ζῶντος,
1039 3875 1067 3926 6
1101 3874 1233 3936 926;
1284 3892 1375 3927 σου
1398 3915 1411 3938 ,
1446 3869 1491 3944 ᾦ
1527 3875 1808 3947 λατρεύεις

218 3961 537 4031 ἐνδελεχῶς,
585 3964 633 4015 εί
674 3962 911 4035 ἠδυνήθη
940 3963 1216 4029 ἐξελέσθαι
1251 3983 1307 4018 σε
1338 3965 1444 4018 ἀπὸ
1465 3965 1507 3997 ³³
1539 3967 1806 4036 στόματος

216 4056 334 4109 τῶν
357 4055 627 4121 λεόντων;
663 4075 681 4108 ι
711 4057 979 4111 Ἕκαστοί
1022 4059 1078 4111 δὲ
1113 4059 1220 4111 τῶν
1268 4058 1575 4129 εἰρημένων
1605 4058 1803 4129 εὐλαϐῆ

217 4148 461 4201 δείκνυσι
491 4148 579 4200 τὸν
608 4147 851 4217 βασιλέα,
881 4150 972 4202 καὶ
992 4150 1078 4202 διὰ
1111 4150 1208 4220 τὴν
1232 4151 1513 4204 εὐσέϐειαν
1538 4151 1802 4221 χαίροντα

217 4241 300 4311 τῷ
336 4241 555 4312 Δανιὴλ.
593 4242 814 4309 Πρῶτον
847 4242 944 4309 μὲν
992 4244 1099 4315 γάρ
1132 4244 1318 4297 δοῦλον
1356 4244 1517 4297 αὑτὸν
1546 4245 1643 4314 οὐχ
1676 4246 1804 4296 ἐαυ-

217 4332 340 4397 τοῦ,
388 4332 525 4385 ἀλλᾶ
553 4334 645 4385 τοῦ
682 4333 815 4386 Θεοῦ
861 4334 1301 4405 προσαγορεύει·
1343 4329 1463 4386 εἶτα
1500 4333 1686 4394 ζῶντα
1713 4334 1804 4387 τὸν

219 4424 318 4476 τοῦ
374 4424 568 4495 Δανιὴλ
599 4425 853 4494 ὀνομάζει
908 4426 1077 4477 Θεόν·

221 4515 465 4568 ἐπαινῶν
492 4557 506 4578 ,
544 4536 559 4565 ι
585 4512 656 4586 *ῼ
692 4519 755 4570 σὺ
782 4557 796 4578 ,

1132 4426 1320 4477 ἔπειτα
1368 4426 1466 4494 τὴν
1518 4425 1804 4477 εὐσέϐειαν

845 4519 1043 4587 φησιν,
1090 4517 1371 4588 λα-ρεύεις
1414 4516 1738 4586 ἐνδελεχῶς.
1778 4537 1796 4567 ι

220 4607 539 4671 τουτέστιν,
586 4608 614 4659 6
654 4609 785 4678 μηδὲ
821 4608 907 4661 διὰ
946 4610 1042 4678 τὴν
1076 4608 1169 4661 τοῦ
1204 4609 1367 4673 νόμον
1400 4608 1643 4676 ἀνάγκην
1672 4609 1803 4661 ταύ-

220 4715 323 4763 της
352 4697 615 4762 κωλυθεὶς
649 4701 747 4769 τῆς
775 4700 1089 4770 θεραπείας.
1120 4702 1191 4752 T6
1225 4700 1302 4764 δὲ,
1340 4720 1357 4749 ι
1398 4701 1458 4752 Εἰ
1480 4699 1526 4729 ⁸ο
1561 4700 1801 4770 ἠδυνήθη

222 4787 504 4853 ἐξελέσθαι
540 4806 597 4842 σε
632 4791 740 4845 ἁπδ
792 4794 1058 4861 στόματος
1091 4792 1197 4845 τῶν
1241 4793 1501 4856 lativum);
1541 4812 1558 4843 ι
1598 4792 1804 4861 σημαί-

224 4892 341 4927 νει·
380 4877 442 4927 Εἰ
491 4876 765 4948 ἠϐουλήθη
821 4879 1105 4949 κρείττονά
1152 4898 1210 4932 σε
1245 4882 1352 4933 τῶν
1397 4881 1623 4933 λεόντων
1666 4882 1802 4932 ἀπο-

223 4967 396 5035 φῆναι
427 4984 441 5031 ;
482 4968 556 5020 Οὐ
599 4968 708 5039 γὰρ
756 4971 821 5023 ἂν
852 4970 1107 5024 ἐκάλεσεν
1148 4972 1406 5025 ἀδύνατον
1441 4972 1527 5025 τὸν
1561 4972 1711 5035 Θεὸν,
1748 4972 1805 5025 ὃν

225 5057 409 5121 ζῶντα
455 5060 883 5129 προσηγόρευσε,
917 5060 1133 5114 Τούτων
1156 5062 1196 5092 ’⁵⁸
1236 5063 1472 5125 ἀκούσας
1502 5102 1514 5123 ,
1547 5062 1574 5112 ὁ
1607 5062 1803 5132 Δανιὴλ

224 5148 564 5219 ἀπεκρίνατο
598 5149 772 5217 λέγων
798 5167 811 5179 ·

296 5247 402 5294 κα’.
435 5242 684 5307 Βασιλεῦ,
720 5243 799 5307 είς
828 5244 953 5305 τοὺς
985 5243 1181 5305 αἰῶνας
1228 5244 1372 5312 ζῆθι.
1409 5263 1423 5293 ι
1462 5244 1572 5314 Τὴν
1598 5246 1798 5315 συνήθη

1918 542 2072 596 cultu
2102 542 2411 608 veneraris,
2439 552 2591 598 tuam
2629 544 2887 615 pietatem
2946 547 3410 611 remunerabitur,
3435 560 3491 604 et

1917 649 1947 687 a
2002 635 2164 690 malis
2215 624 2267 690 te
2332 638 2774 706 opprimentibus
2835 639 3181 694 liberandum
3249 642 3485 698 curabit.

1920 722 2036 796 [l7]
2072 723 2278 780 Deinde
2309 727 2479 781 etiam
2512 727 2700 782 divina
2730 728 2931 783 virtute
2965 728 3165 792 fretus,
3196 745 3264 787 ac
3291 748 3489 802 suspe-

1915 824 2035 871 etas
2066 816 2279 872 habens
2315 826 2704 873 acrusatorum
2748 820 3003 885 insidias,
3036 821 3217 891 lapide
3251 824 3489 878 obstruit

1915 909 2124 962 ostium
2152 909 2330 974 lacus,
2369 920 2422 964 et
2450 910 2640 966 annuli
2670 911 2849 983 elilgie
2899 912 3132 984 imponit
3176 913 3380 985 sigilla,
3420 930 3488 969 ne

1915 1014 2077 1070 quem
2121 999 2203 1053 illi
2236 1008 2430 1055 contra
2471 1001 2746 1057 Danielem
2789 1003 2973 1058 dolum
3016 1005 3484 1059 maeliinarentur.

1912 1089 2238 1146 Conﬁdebat
2264 1092 2409 1146 enim
2466 1091 2585 1148 fore
2626 1102 2686 1148 ut
2734 1095 2878 1150 Deus
2928 1094 3170 1150 Danielis
3204 1110 3313 1150 non
3362 1111 3486 1165 per-

1913 1182 2192 1247 mitteret,
2234 1191 2654 1237 sacrosanctum
2710 1185 2831 1254 ejus
2887 1201 3090 1254 corpus
3149 1203 3180 1241 a
3228 1186 3485 1242 leonibus

1911 1271 2052 1325 laedi.
2089 1271 2211 1327 Haec
2241 1274 2430 1343 itaque
2461 1290 2584 1329 cum
2619 1275 2866 1344 fecisset,

1978 1563 2146 1620 Vens.
2183 1567 2269 1620 l8.
2305 1585 2324 1617 ι
2374 1567 2523 1620 Abiit
2550 1582 2643 1621 rex
2670 1567 2724 1620 in
2781 1566 3005 1621 domum
3050 1582 3229 1629 suam,
3263 1573 3318 1621 et
3357 1564 3484 1619 dor-

1906 1657 2059 1712 mivit
2111 1658 2448 1726 incantatus,
2485 1668 2539 1714 et
2584 1659 2739 1714 cibos
2798 1674 2909 1712 non
2960 1659 3263 1714 attulerunt
3300 1660 3346 1712 ei
3375 1698 3391 1721 ,
3427 1666 3481 1710 et

1906 1764 2136 1807 somnus
2165 1751 2405 1806 recessit
2443 1750 2513 1805 ab
2549 1764 2637 1804 eo.
2678 1769 2698 1802 ›
2738 1748 3184 1807 Unumquodque
3209 1748 3401 1802 horum
3428 1756 3482 1803 et

213 1765 397 1801 υκαι-ψ.
440 1765 533 1785 «w-
562 1765 591 1786 υ
626 1765 784 1798 νων.
820 1765 1032 1805 unum;
1083 1765 1160 1787 υιι-
1206 1765 1397 1794 υιυιυυο
1436 1765 1454 1789 ι
1502 1765 1710 1791 ιυυτων
1745 1765 1799 1790 υε
1836 1765 2136 1841 Bsomnus
2165 1765 2405 1806 recessu
2443 1765 2513 1805 an
2549 1765 2637 1804 eo.
2678 1769 2698 1802 ›
2740 1765 3108 1818 unumquoaq

213 1822 458 1876 ἕκαστον
487 1822 583 1875 καὶ
622 1822 1031 1893 φιλανθρωπίαν
1075 1822 1220 1891 αὖτῷ
1264 1826 1357 1877 καὶ
1396 1824 1599 1877 δειλίαν
1632 1842 1802 1895 προσ’
1832 1876 1837 1883 ο
1907 1839 2312 1895 humanitatem
2342 1841 2494 1895 illius
2526 1848 2786 1895 testatur.
2810 1848 2864 1894 et
2889 1850 3108 1895 metum.

1907 1839 2312 1896 humanitatem
2342 1841 2494 1896 illius
2526 1848 2786 1905 testatur,
2810 1848 2864 1894 et
2889 1850 3114 1896 metum.
3141 1839 3298 1905 Quod
3331 1839 3478 1894 enim

1905 1929 2045 1985 cibis
2076 1931 2226 1985 vesci
2259 1931 2527 1994 noluerit,
2554 1946 2732 2000 neque
2762 1946 3017 1985 somnum
3046 1930 3226 1985 oculis
3257 1944 3476 2000 capere,

1905 2020 2001 2074 sed
2035 2020 2168 2090 vigil
2214 2021 2586 2091 permanserit
2642 2021 2854 2090 injusto
2901 2019 3147 2075 Danielis
3204 2021 3478 2090 supplicio

1905 2109 2124 2177 dolens,
2168 2110 2224 2166 id
2264 2112 2627 2166 humanitatis
2647 2125 2732 2166 est
2771 2131 2784 2166 :
2811 2111 2958 2181 quod
2987 2127 3116 2167 vero
3149 2112 3221 2165 ita
3254 2110 3479 2165 allectus

1907 2216 2015 2254 non
2064 2202 2339 2257 restiterit
2397 2204 2860 2267 accusatoribus,
2922 2205 3074 2273 regio
3126 2203 3359 2272 imperio
3416 2217 3476 2254 ac

1906 2298 2175 2360 potestate
2222 2300 2423 2354 utens,
2467 2301 2521 2346 et
2557 2307 2685 2346 eum
2740 2294 2832 2360 qui
2883 2290 3089 2361 injuria
3141 2289 3480 2360 puniebatur

1906 2392 2015 2430 non
2043 2378 2302 2442 servarit,
2337 2377 2395 2433 id
2427 2379 2598 2434 metui
2627 2387 2714 2435 est
2746 2377 3156 2433 ascribendum.
3190 2376 3266 2432 lta
3296 2383 3476 2432 autem

1906 2475 2183 2524 transacta
2209 2477 2402 2542 nocte,

1978 2664 2143 2720 Vens.
2183 2665 2263 2721 l9.
2295 2685 2313 2716 ι
2340 2665 2538 2721 Darius
2570 2682 2664 2720 rex
2696 2666 2938 2720 surrexit
2965 2680 3125 2719 mane
3146 2673 3265 2717 orta
3294 2665 3471 2719 lucea

1909 2751 2020 2807 lloc
2049 2761 2155 2819 est,
2187 2769 2311 2808 cum
2338 2755 2521 2808 adhuc
2554 2755 2796 2809 tenebrae
2830 2762 3038 2818 essent,
3064 2754 3224 2807 "circa
3259 2754 3476 2807 dilucus

1906 2847 2040 2909 lum,
2074 2846 2148 2900 ita
2177 2855 2235 2900 ut
2267 2860 2409 2916 opus
2436 2846 2666 2901 haberet
2702 2846 3051 2917 lampadibus
3090 2863 3102 2897 :
3142 2846 3276 2900 illud
3325 2846 3473 2901 enim

1906 2939 1959 2991 in
2018 2938 2131 2992 luce
2178 2938 2281 2992 hoc
2327 2937 2623 3007 signiﬁcat.

1994 3069 2012 3102 ι
2052 3050 2115 3104 Et
2157 3051 2443 3105 celerrime
2501 3049 2730 3105 venitad
2761 3050 2938 3104 lacum
2977 3050 3235 3116 leonum;
3277 3048 3470 3119 (Vens.

2482 3142 2957 3214 appropinquaret
3015 3144 3133 3212 ipso
3191 3144 3366 3208 Iacui,
3449 3161 3467 3193 ι

1909 3238 2012 3291 hoc
2040 3246 2146 3300 est,
2184 3235 2402 3307 1184
2433 3251 2561 3289 cum
2591 3234 2835 3289 nondum
2870 3234 2937 3287 ad
2973 3236 3153 3303 ipsum
3198 3234 3477 3303 pervenis-

1908 3335 2014 3393 set,
2057 3344 2074 3376 ι
2118 3326 2185 3381 ad
2227 3326 2507 3380 Danielem
2533 3341 2667 3379 voce
2704 3340 2901 3395 magna
2938 3324 3215 3383 clamavit.
3243 3339 3476 3393 respon—

1907 3417 2095 3487 ditque
2132 3433 2249 3480 rex,
2291 3425 2344 3472 et
2381 3416 2523 3472 dixit
2564 3416 2795 3472 Danieli.
2826 3436 2842 3467 ι
2867 3416 3001 3472 Cum
3035 3416 3179 3470 enim
3206 3416 3474 3485 udipsuttt

1910 3508 2084 3562 lacum
2132 3506 2376 3561 nondum
2436 3506 2799 3576 pervenisset,
2853 3522 2966 3576 pra:
3023 3505 3249 3560 ardente
3303 3505 3477 3559 animi

1908 3598 2199 3653 all‘ectione
2228 3598 2541 3653 exclamare
2567 3598 2891 3668 cogebatur,
2940 3605 2995 3651 et
3052 3596 3330 3649 Danielem
3379 3609 3476 3650 vo-

1908 3707 2053 3754 care,
2086 3706 2150 3746 ac
2182 3691 2249 3746 de
2290 3706 2355 3745 eo
2388 3689 2730 3761 percontari,
2779 3705 2847 3744 an
2879 3688 3123 3744 divinam
3158 3704 3313 3759 opem
3348 3704 3476 3743 scn-

1908 3783 2093 3848 sisset,
2120 3794 2172 3837 et
2200 3783 2418 3837 leonum
2444 3782 2825 3836 crudelitatem
2848 3788 3192 3853 superasset.
3241 3799 3258 3831 ι
3287 3780 3477 3834 Daniel

1906 3878 2077 3940 enim,
2113 3876 2320 3946 inquit,
2349 3891 2506 3930 serve
2538 3874 2635 3930 Dei
2673 3874 2933 3938 viventis,
2972 3890 3040 3928 an
3084 3873 3248 3938 Deus,
3287 3873 3376 3926 cui
3420 3880 3476 3923 tu

1908 3969 2086 4023 servis
2108 3968 2392 4031 continue,
2420 3966 2597 4036 potuit
2628 3966 2861 4020 liberare
2881 3974 2932 4019 te
2962 3981 3028 4020 ex
3051 3979 3146 4018 ore
3183 3964 3438 4017 leonum?
3457 3982 3474 4011 ο

1908 4054 2355 4127 Unumquodque
2391 4066 2572 4109 autem
2598 4070 2790 4108 eorum
2833 4070 2957 4123 qua:
2988 4053 3127 4107 dicta
3155 4058 3304 4115 sunt,
3347 4050 3478 4105 reli-

1907 4149 2121 4219 giosum
2157 4146 2404 4204 ostendit
2446 4162 2654 4216 regem,
2703 4145 2796 4214 qui
2847 4151 3073 4215 propter
3115 4143 3365 4211 pietatem
3413 4156 3477 4194 ex

1910 4240 2133 4293 Daniele
2166 4239 2429 4307 gaudium
2456 4236 2789 4305 perciperet.
2823 4233 3069 4286 Primum
3105 4230 3254 4285 enim
3295 4228 3478 4297 ipsum

1909 4344 2017 4382 non
2052 4343 2237 4392 suum,
2272 4325 2369 4381 sed
2413 4325 2512 4379 Dei
2542 4339 2748 4378 servum
2798 4321 3036 4389 appellat
3071 4335 3085 4371 :
3126 4316 3327 4372 deinde
3377 4313 3480 4366 Da-

1908 4421 2069 4474 nielis
2144 4418 2317 4472 Deum
2378 4418 2629 4470 virentem
2694 4413 3143 4466 nominat:tum
3217 4409 3476 4478 pietatem

1907 4511 2322 4576 commendans,
2367 4527 2386 4558 ι
2412 4508 2511 4563 Cui
2550 4516 2629 4570 tu,
2670 4507 2873 4575 inquit,
2918 4502 3099 4559 servis
3135 4501 3422 4561 continue,
3454 4515 3472 4547 ι

1910 4605 2014 4657 hoc
2051 4609 2163 4665 est,
2208 4601 2302 4669 qui
2346 4614 2418 4653 ne
2458 4606 2681 4669 propter
2737 4612 2859 4651 eam
2917 4594 3140 4663 quidem
3189 4592 3316 4653 vim,
3372 4607 3476 4658 qua

1907 4693 2197 4763 COgebaris
2226 4707 2329 4762 per
2371 4691 2565 4760 legem,
2613 4696 2908 4742 revocatus
2940 4703 2999 4740 es
3038 4686 3106 4738 ab
3151 4684 3255 4738 hoc
3300 4684 3471 4737 (tt'tu.

1909 4785 2047 4841 lllud
2070 4800 2200 4839 vero
2229 4804 2242 4838 :
2280 4802 2299 4836 ι
2329 4784 2407 4836 An
2435 4782 2616 4852 potuit
2647 4780 2882 4833 liberare
2900 4790 2949 4831 te
2971 4793 3032 4831 ex
3057 4792 3150 4829 ore
3178 4777 3393 4828 leonum
3412 4774 3435 4827 ?
3455 4792 3473 4822 ι

1910 4878 2184 4947 signiﬁcat
2223 4896 2237 4930 :
2282 4876 2364 4930 An
2398 4874 2573 4927 voluit
2606 4870 2946 4941 superiorem
2975 4880 3026 4922 te
3070 4869 3321 4923 leonibus
3358 4866 3481 4919 red-

1906 4969 2072 5025 dere?
2108 4984 2288 5038 neque
2345 4966 2493 5021 enim
2554 4965 2906 5032 impotentem
2970 4960 3136 5014 Deum
3194 4968 3476 5019 vocasset,

1906 5076 2065 5130 quem
2118 5060 2389 5113 viventem
2455 5053 2817 5124 nuncupavit.
2860 5050 2956 5107 llis
2998 5052 3233 5114 auditis,
3293 5048 3479 5104 Daniel

1914 5154 2197 5221 respondit
2228 5151 2417 5205 dicens
2450 5169 2462 5202 :

1984 5245 2145 5299 Vens.
2174 5244 2263 5297 2|.
2298 5262 2314 5294 ι
2353 5242 2487 5305 Rex,
2512 5240 2564 5293 in
2598 5239 2797 5295 smcula
2828 5237 2964 5292 vive.
2996 5257 3014 5290 ι
3048 5235 3313 5291 Usitatam
3338 5232 3479 5286 salu-

1538 5418 1769 5473 V’ARMS
1806 5418 2189 5474 LECTlONES

317 5575 363 5607 "
395 5573 435 5626 Β
465 5573 683 5644 θαρρει.
757 5573 831 5644 Λ²⁹
863 5571 1156 5644 αὑτκΙιιᾲιῖ
1206 5579 1328 5641 post
1382 5571 1547 5644 6.7m:
1607 5572 1805 5638 ponitu

1956 5573 2001 5603 ³⁰
2035 5574 2075 5624 Λ
2120 5574 2469 5641 εἰσήνεγκαν.
2578 5571 2618 5602 ³¹
2654 5569 2692 5621 Β
2740 5566 3153 5644 προσδέξασθαι.
3233 5562 3307 5644 ,ξ’
3350 5562 3451 5644 τήν

220 5643 259 5696 Β
289 5660 481 5713 prtem.
749 5642 794 5673 ³³
828 5646 958 5713 Δαρ.
1003 5642 1060 5696 In
1095 5642 1129 5714 11
1161 5630 1284 5696 ante
1314 5644 1340 5693 6
1374 5630 1493 5714 βασ.
1533 5630 1769 5714 ponitur.

1915 5663 1917 5667 ν
1949 5661 2006 5695 ττ.
2041 5661 2090 5694 τ.
2126 5630 2245 5694 λυκί
2286 5630 2407 5695 Urs.
2445 5643 2495 5695 in
2533 5640 2591 5693 Β.
2679 5641 2733 5714 3'
2768 5630 2804 5690 Β
2834 5630 3181 5714 munitae?“
3232 5630 3477 5714 ³⁶υσπιᾼ

213 5698 407 5787 parem.
445 5698 540 5767 ἐν’
582 5698 649 5744 ’³⁷
684 5698 1063 5783 mia—Aime
1101 5712 1222 5767 Des.
1252 5714 1306 5766 in
1323 5698 1383 5766 Δί
1428 5713 1471 5742 3‘
1502 5698 1569 5763 εἶ.
1609 5711 1677 5765 Ex
1715 5714 1751 5764 Δ
1789 5733 1805 5767 ε

1915 5713 1963 5765 tl.
2039 5714 2081 5743 ³³³
2114 5714 2218 5764 αττῆ
2267 5717 2303 5764 Δ
2494 5713 2534 5741 ‘0
2572 5714 2634 5763 εξ.
2675 5708 2795 5762 Des.
2837 5698 2983 5759 in'li.
3066 5706 3106 5734 “
3144 5703 3182 5754 Β
3212 5698 3473 5753 1057035-
