3898 6208
474 342 491 355 ”
507 336 643 409 1407
1492 350 1982 413 THEODORETI

2162 350 2354 412 SCOPI
2388 351 2754 413 CYRENSIS
3562 340 3569 343 ⁷
3595 345 3701 412 1408

503 459 770 515 tationem
814 457 934 516 suis
996 459 1354 515 sermonibus
1412 464 1742 532 praeponit:
1800 463 2042 518 videlicet

2189 464 2493 534 πρόσρησιν
2521 462 2628 515 τῶν
2664 458 2882 514 οἰκείων
2921 457 3095 528 λόγων
3125 455 3429 527 προτάττει,
3458 455 3565 512 ἀντὶ
3589 461 3702 515 τοῦ·

504 548 666 604 liccat
698 549 819 614 tibi,
854 563 969 613 rex,
1003 549 1323 606 diutissime
1362 550 1570 606 virere.
1613 550 1830 608 Etenim
1861 555 1917 607 in
1945 568 2043 623 pra

2183 555 2401 609 Γένοιτό
2453 573 2536 608 σοι
2554 555 2598 587 ⁵⁸
2648 554 2740 608 ἐπὶ
2771 553 3026 606 πλεῖστον
3074 551 3192 622 ζῇν.
3226 550 3335 604 Καὶ
3379 550 3482 622 γάρ
3519 554 3602 607 καὶ
3634 556 3705 610 ἐπὶ

502 640 647 695 senti
697 640 887 704 etiam,
915 651 974 694 ut
1019 641 1133 711 jam
1193 647 1321 697 ante
1375 641 1659 707 diximus,
1712 644 2041 715 sempiterno

2182 645 2278 700 τοῦ
2307 647 2575 716 παρόντος
2596 689 2612 713 ,
2640 646 2717 710 ὡς
2743 646 2834 699 καὶ
2864 645 2965 717 ἤδη
3017 644 3423 716 προειρήκαμεν
3442 685 3457 706 ,
3499 647 3703 713 αἰωνίοις

503 745 662 802 reges
714 732 769 785 in
817 732 1024 787 taliulis
1078 741 1476 790 contractuum
1527 735 1756 806 quidam
1804 737 2042 808 appellat

2181 740 2310 802 τοὺς
2342 738 2601 809 βασιλέας
2630 739 2685 792 ἐν
2713 740 2827 801 τοῖς
2856 736 2963 791 τῶν
2996 736 3340 809 συμϐολαίων
3362 739 3706 807 γραμματείοις

498 832 936 878 consueverunt.

2181 828 2328 893 τινὲς
2360 827 2792 902 προσαγορεύειν
2815 827 3089 883 εἰώθασιν.

575 930 856 987 Vens.22.
897 952 916 986 ι
960 934 1103 989 Deus
1133 950 1311 1001 meus,
1371 937 1577 1008 inquit,
1632 937 1786 996 misit
1823 940 2079 1012 angelum

2253 939 2355 1011 κβ’.
2400 958 2419 993 ι
2465 941 2524 994 '0
2555 940 2688 1005 Θεός
2721 958 2845 1012 μου,
2875 943 3064 1013 φησὶν,
3097 939 3383 994 ἀπέστειλε
3406 939 3491 993 τὸν
3522 940 3704 1009 ἄγγελον

500 1038 689 1087 suum,
721 1032 775 1079 et
795 1025 1081 1082 obturavit
1127 1042 1226 1084 ora
1281 1029 1525 1095 leonum,
1575 1042 1626 1086 et
1654 1048 1764 1087 non
1816 1032 2039 1089 laesernr

2180 1030 2372 1097 αὑτοῦ,
2407 1031 2501 1086 καὶ
2533 1032 2801 1104 ἐνέφραξε
2821 1032 2868 1065 ⁸³
2890 1033 2952 1086 τὸ
2980 1032 3157 1103 στόμα
3177 1030 3222 1063 ⁸⁸
3251 1032 3360 1085 τῶν
3387 1032 3610 1097 λεόντων,
3633 1036 3702 1087 καὶ

505 1112 720 1185 1185
754 1130 861 1182 me,
895 1118 1026 1186 quia
1056 1126 1111 1174 et
1141 1134 1331 1174 coram
1372 1121 1493 1191 ipso
1518 1122 1796 1178 rectitude
1827 1132 1882 1178 et
1907 1123 2044 1192 justi

2181 1127 2282 1179 οὐκ
2313 1125 2654 1197 ἐλυμήναντό
2692 1143 2782 1195 με,
2814 1125 2897 1179 ὅτι
2926 1124 3022 1179 καί
3064 1122 3310 1179 ἐναντι⁸¹
3339 1122 3496 1177 αὑτοῦ
3522 1124 3702 1196 εὒθύτης

500 1205 577 1258 tia
601 1206 828 1261 inventa
855 1216 941 1264 est
970 1209 1024 1263 in
1055 1225 1162 1275 me,
1183 1212 1239 1265 in
1270 1219 1572 1284 conspectu
1605 1225 1790 1268 autem
1819 1224 1938 1280 tuo,
1957 1230 2039 1270 re:

2180 1217 2276 1270 xui.
2306 1215 2620 1288 δικαιοσύνη
2641 1216 2686 1249 ⁸⁸
2736 1216 2931 1288 εὑρέθη
2965 1232 3077 1286 μοι,
3114 1215 3209 1269 καὶ
3265 1212 3489 1267 ἐνώπιον
3526 1213 3575 1267 δέ
3614 1232 3698 1281 σου,

499 1295 764 1352 delictum
802 1315 912 1354 non
940 1310 1028 1357 est
1072 1301 1360 1358 inventum
1417 1305 1474 1358 in
1514 1320 1622 1359 me.
1656 1324 1674 1357 ι
1699 1303 1894 1360 Justus
1928 1304 2038 1360 cui:

2183 1306 2406 1380 βασιλεῦ
2431 1346 2446 1371 ,
2496 1308 2851 1380 παράπτωμα
2881 1309 2982 1378 οὐχ
3034 1305 3235 1379 εὑρέθη
3254 1306 3300 1338 ⁸⁷
3340 1308 3397 1360 ἐν
3439 1306 3565 1375 ἐμοί.
3592 1323 3609 1357 ι
3638 1309 3700 1359 Δί-

498 1405 626 1444 cum
668 1391 745 1447 sit
784 1390 950 1457 Deus,
977 1401 1032 1449 et
1063 1393 1237 1463 justc,
1271 1397 1480 1467 inquit,
1512 1397 1705 1452 omnia
1735 1398 2037 1454 moderetui

2180 1415 2335 1460 καιος
2366 1396 2474 1468 γὰρ
2511 1396 2608 1464 ὢν,
2654 1397 2842 1468 φησὶν.
2888 1398 2917 1450 6
2950 1396 3106 1461 Θεὸς,
3136 1396 3234 1451 καὶ
3271 1393 3489 1459 δικαίως
3535 1396 3700 1452 ἅπαντα

499 1484 790 1559 quia-vidit
820 1487 1010 1557 impiis
1041 1488 1254 1560 legibus
1283 1490 1463 1560 ipsius
1496 1492 1709 1546 cultum
1739 1506 1770 1546 a
1799 1507 1885 1546 me
1911 1498 2038 1547 ante

2180 1488 2537 1562 πρυτανεύων
2563 1529 2578 1554 ,
2626 1487 2963 1558 θεασάμενος
3004 1488 3087 1542 ὅτι
3134 1486 3245 1540 τῶν
3282 1485 3544 1540 δυσσεσὼν
3567 1488 3701 1556 νόμων

499 1575 671 1631 latum
721 1577 934 1644 fuisse,
986 1588 1152 1652 atque
1203 1583 1259 1637 in
1311 1590 1469 1638 tuum
1515 1599 1748 1655 regnum
1790 1585 1928 1640 nihil
1973 1601 2038 1639 un

2179 1580 2279 1651 τὴν
2307 1578 2473 1633 αὑτοῦ
2514 1578 2890 1649 προτετίμηκα
2920 1578 3221 1648 θεραπείαν
3250 1617 3265 1641 ,
3310 1579 3402 1631 καὶ
3427 1578 3502 1642 είς
3525 1576 3607 1647 τὴν
3631 1577 3701 1648 σὴν

497 1683 666 1738 quam
698 1686 787 1727 me
821 1672 1135 1739 admisisse,
1181 1676 1633 1745 praestantiorem
1682 1691 1768 1732 me
1814 1676 2030 1733 reddidi

2178 1671 2299 1727 δεδι
2358 1670 2639 1741 βασιλείαν
2706 1669 2865 1724 οὐδὲν
2923 1669 3144 1723 πώποτε
3163 1669 3209 1702 δ’
3294 1668 3699 1738 πεπλημμέληκε,

394 1838 399 1845 Ι
497 1777 664 1832 quam
696 1778 786 1818 οιιι
814 1775 1047 1834 possent
1098 1766 1290 1824 leones
1326 1783 1552 1833 nocere,
1611 1769 1909 1840 potiusque

2183 1764 2468 1835 κρείττονά
2515 1779 2582 1834 με
2611 1762 2709 1832 τῆς
2737 1761 2844 1816 τῶν
2874 1760 3107 1815 λεόντων
3137 1760 3391 1832 ἀπέφηνε
3425 1760 3608 1832 λύμης,
3635 1762 3700 1814 καὶ

499 1868 630 1909 num
658 1854 952 1928 imagines,
984 1873 1149 1929 quam
1182 1861 1374 1917 leours
1406 1861 1537 1915 mihi
1570 1861 1795 1917 obtulit.

2114 1854 2150 1859 -
2184 1857 2385 1926 μᾶλλον
2421 1857 2632 1921 εἰκόνας
2662 1856 2891 1911 λεόντων
2917 1855 2950 1928 ἢ
2974 1856 3199 1922 λέοντας
3229 1855 3445 1921 ἔδειξεν.

565 1967 735 2027 Vsus.
766 1970 856 2027 23.
897 1990 916 2024 ι
957 1971 1113 2029 Tunc
1161 1990 1282 2040 rex,
1325 1976 1529 2047 inquit,
1574 1977 1936 2033 vehementer
1982 1991 2079 2048 ga-

2252 1978 2359 2041 κγ’.
2399 1989 2418 2022 ι
2455 1970 2589 2024 Τότε
2620 1973 2648 2024 6
2682 1969 2959 2041 βασιλεὺς,
3001 1971 3155 2040 φησὶ,
3191 1969 3330 2025 πολὺ
3361 1968 3612 2040 ὴγαθύνθη
3640 1968 3699 2022 ἐπ’

496 2059 655 2116 visus
683 2069 766 2117 est
799 2077 972 2133 super
1001 2080 1103 2131 eo,
1137 2075 1193 2121 et
1238 2067 1520 2124 Danielcm
1583 2068 1850 2139 praecepit
1909 2067 2035 2123 edut

2180 2060 2350 2132 αὐτῷ,
2395 2061 2488 2115 καί
2523 2060 2617 2115 τὸν
2648 2061 2851 2132 Δανιὴλ
2887 2057 3039 2115 εἶπεν
3070 2059 3367 2130 ἀνενέγκαι
3406 2063 3467 2113 ἐκ
3499 2059 3580 2113 τοῦ
3604 2059 3699 2112 λάκ-

497 2154 565 2210 de
597 2154 746 2210 lacu.
779 2174 797 2207 ι
832 2154 1066 2214 Gavisus
1103 2160 1251 2214 enim
1284 2175 1453 2232 supra
1492 2161 1740 2229 modum,
1773 2170 1828 2216 et
1872 2160 2036 2215 lmtiti;

2180 2169 2299 2209 κου.
2341 2171 2360 2203 ι
2398 2151 2714 2224 Περιχαρὴς
2760 2151 2934 2225 γάρ⁶⁶
2982 2153 3282 2223 γενόμενος
3308 2193 3323 2217 ,
3369 2152 3459 2207 καὶ
3496 2150 3700 2223 θυμηδίας

480 2246 718 2317 .pleuus,
750 2249 958 2320 quippe
989 2266 1118 2306 cum
1168 2260 1223 2307 et
1257 2251 1353 2308 Dei
1388 2253 1651 2310 virtutem
1696 2254 2019 2325 cognovisse

2180 2244 2467 2309 ἀνάπλεως
2487 2287 2502 2312 ,
2544 2245 2639 2299 ἆτε
2666 2244 2732 2316 δὴ
2761 2244 2857 2299 καὶ
2884 2242 2976 2299 τοῦ
3005 2244 3142 2299 Θεοῦ
3171 2244 3277 2316 τὴν
3321 2243 3538 2313 δύναμιν
3564 2244 3698 2313 γνοὺς,

496 2351 553 2395 et
584 2340 756 2407 illius,
784 2356 949 2412 quem
980 2341 1270 2413 diligebat,
1307 2346 1545 2403 salutem
1600 2345 1914 2411 didicisset,
1959 2354 2035 2402 sta

2181 2337 2276 2421 καὶ
2316 2336 2411 2391 τοῦ
2442 2337 2807 2409 ἀγαπωμένου
2842 2338 2942 2410 τὴν
2979 2337 3262 2410 σωτηρίαν
3296 2337 3510 2410 μαθὼν.
3538 2352 3699 2409 παραν-

497 2430 595 2483 tim
631 2430 812 2501 ipsum
849 2447 880 2487 e
920 2434 1042 2488 lacu
1073 2435 1234 2490 educi
1262 2436 1452 2507 jussit.
1504 2436 1620 2511 [Ἡ]
1676 2437 1884 2496 Deinde
1938 2454 2036 2494 con

2179 2430 2306 2483 τίκα
2332 2429 2496 2484 αὑτὸν
2536 2431 2601 2484 ἐκ
2632 2429 2726 2484 τοῦ
2771 2430 2976 2486 λάκκου
3026 2429 3386 2502 ἀνενεχθῆναι
3439 2427 3697 2502 προσέταξε.

499 2520 745 2592 spicatus
795 2523 977 2593 ipsum
1020 2526 1236 2582 salvum
1281 2543 1347 2584 ac
1380 2539 1530 2587 recte
1584 2530 1880 2595 valentem,
1940 2531 2033 2586 nih

2183 2513 2314 2572 Εἶτα
2365 2518 2704 2590 θεασάμενος
2744 2519 2909 2574 αὐτὸν
2961 2518 3100 2573 σῶον
3135 2521 3236 2575 καὶ
3285 2519 3593 2592 ἐρρωμένον,
3636 2519 3698 2572 καὶ

497 2610 1072 2687 detrimenti'passum
1097 2621 1114 2642 ‘
1144 2634 1213 2676 ex
1240 2621 1447 2693 impetu
1500 2623 1769 2689 leonum,
1833 2622 2036 2680 Danieli

2179 2609 2437 2682 οὐδεμίαν
2480 2611 2752 2682 ἐσχηκότα
2794 2611 3092 2683 διαφθορὰν
3145 2613 3215 2667 ἐκ
3257 2613 3356 2684 τῆς
3383 2612 3486 2667 τῶν
3526 2611 3697 2665 λεόντων

497 2712 857 2763 accusatores
886 2708 1183 2780 imperavit
1220 2712 1483 2769 leonibus
1511 2729 1641 2770 cum
1686 2714 1812 2772 (iliis
1841 2724 1896 2772 et
1939 2731 2036 2771 uxo

2181 2702 2507 2775 προσϐολῆς,
2553 2705 2678 2768 τοὺς
2711 2704 2807 2759 τοῦ
2845 2704 3044 2777 Δανιὴλ
3089 2705 3433 2777 κατηγόρους
3462 2701 3697 2776 προσέταξε

497 2791 654 2849 ribus
690 2795 910 2865 projici.
946 2816 966 2850 ι
1006 2796 1074 2853 Et
1125 2801 1370 2856 nondum
1420 2812 1820 2874 pervenerant,
1873 2805 2027 2876 inqui

2179 2797 2293 2859 τοῖς
2330 2794 2510 2849 λέουσι
2561 2796 2659 2850 σὺν
2703 2798 2820 2860 τοῖς
2871 2795 3019 2851 υἱέσι
3070 2799 3168 2852 καὶ
3205 2796 3422 2867 γυναιξὶ
3453 2792 3693 2867 ῥιφῆναι⁸¹.

497 2899 674 2954 usque
695 2885 763 2941 ad
792 2888 1167 2958 pavimentum
1204 2891 1361 2950 lacus
1389 2908 1516 2950 Cum
1551 2894 1665 2966 jam
1700 2897 1859 2966 potiti
1892 2912 2034 2953 csse:

2186 2911 2206 2944 ι
2246 2892 2358 2946 Καὶ
2409 2893 2510 2946 οὐκ
2542 2892 2806 2962 ἔφθασαν,
2859 2894 3090 2966 φησὶνδί
3120 2936 3135 2960 ,
3186 2894 3273 2957 εἰς
3328 2893 3389 2947 τὸ
3442 2891 3609 2959 ἔδαφος
3632 2887 3695 2941 το]

498 2974 608 3030 illis
639 2975 844 3043 leones,
868 2986 925 3034 et
943 2983 1130 3035 omnia
1155 2997 1285 3039 ossa
1314 3000 1505 3040 eorum
1549 2987 2025 3042 comminuerunt.

2160 2966 2406 3047 λάκκου,
2460 2984 2566 3048 ἕως
2593 2978 2655 3039 οὗ
2690 2984 3019 3057 ἐκυρίευσαν
3068 2984 3259 3040 αὐτῶν
3305 2987 3353 3039 οἰ
3396 2980 3696 3046 λέοντες,Μί

499 3068 616 3124 lloc
638 3086 861 3141 quoque
895 3073 1097 3131 divina;
1117 3076 1352 3147 iustitia:
1382 3095 1523 3151 opus
1558 3091 1665 3145 est,
1688 3088 1742 3137 et
1767 3083 2038 3154 sapientia

2181 3075 2358 3128 πάντα
2378 3075 2447 3129 τά
2472 3076 2608 3130 ὀστᾶ
2636 3076 2815 3130 αὐτῶν
2850 3075 3173 3132 έλέπτυναν.
3216 3096 3235 3130 ι
3269 3078 3379 3131 Καὶ
3398 3077 3543 3130 τοῦτο
3569 3072 3696 3143 γάρ⁵¹

493 3160 578 3219 Ne
609 3167 753 3219 enim
782 3167 1054 3236 dicerent,
1092 3180 1318 3244 propter
1356 3175 1735 3244 expletionem
1791 3190 1856 3230 ac
1909 3179 2032 3232 salit

2178 3164 2279 3235 τῆς
2306 3165 2457 3229 θείας
2487 3166 2647 3239 ἔργον
2673 3166 3019 3237 δικαιοσύνης
3041 3185 3100 3221 τε
3132 3168 3231 3223 καὶ
3265 3168 3468 3237 σοφίας.
3497 3165 3595 3218 Ἵνα
3622 3163 3696 3232 γὰρ

496 3263 664 3313 tatem
692 3256 929 3317 leonesa
959 3261 1189 3319 Daniele
1220 3265 1580 3329 abstinuisse,
1607 3274 1662 3321 et
1684 3267 1892 3322 invidia
1924 3279 2035 3325 cxtt

2183 3258 2260 3329 μὴ
2322 3258 2597 3328 λέγωσιν,
2666 3260 2743 3325 ὡς
2808 3260 2898 3314 διά
2972 3260 3294 3334 πλησμονὴν
3350 3259 3440 3314 καὶ
3497 3258 3627 3327 κόρον
3662 3257 3694 3308 ol

497 3358 738 3405 nuarent
778 3351 982 3409 factum
1040 3355 1391 3420 miraculum,
1448 3357 1637 3426 iniecti
1694 3358 2036 3416 testimoniut

2178 3349 2394 3416 λέοντες
2456 3353 2749 3425 ἀπείχοντο
2764 3353 2813 3387 ⁵⁸⁵
2850 3353 2943 3409 τοῦ
2976 3355 3177 3427 Δανιὴλ
3204 3394 3221 3419 ,
3281 3355 3374 3409 καὶ
3424 3349 3694 3424 σμικρύνωσι

499 3442 830 3511 perhibuere
857 3445 1079 3502 leonum
1116 3448 1455 3505 crudelitati.
1488 3449 1892 3520 Corripuerunt
1929 3455 2036 3510 enil

2178 3442 2254 3513 τῷ
2299 3443 2477 3514 φθόνῳ
2515 3444 2576 3498 τὸ
2603 3447 2897 3517 γενόμενον
2940 3447 3144 3519 θαῦμα,
3188 3445 3539 3519 ἐμϐληθέντες
3570 3448 3694 3517 ἔκλαβ’

497 3535 653 3605 ipsos
716 3537 927 3603 leones.
987 3556 1110 3596 cum
1169 3541 1428 3598 deorsum
1476 3541 1777 3612 ferrentur,
1834 3555 1889 3601 et
1947 3563 2036 3603 CUI

2176 3536 2424 3609 τύρησαν
2463 3541 2527 3610 τῇ
2571 3538 2681 3592 τῶν
2716 3539 2950 3594 λεόντων
2987 3539 3270 3610 ὠμότητιο
3307 3539 3586 3611 ἐξήρπαζον
3616 3536 3692 3606 γὰρ

500 3628 719 3703 1186
741 3630 964 3690 demissi
1001 3632 1070 3688 ad
1113 3642 1318 3689 terram
1368 3634 1614 3690 nondum
1664 3639 2039 3706 pervenissent

2177 3629 2375 3693 αὐτοὺς
2400 3630 2880 3702 καταφερομένους
2904 3632 2952 3684 οἰ
2985 3630 3222 3695 λέοντες,
3258 3632 3354 3686 καί
3382 3630 3582 3702 μηδέπω
3605 3627 3692 3686 10’»;

494 3736 561 3775 ex
611 3722 732 3791 ipso
780 3738 906 3780 aere
962 3726 1263 3798 rapientes,
1315 3726 1580 3783 alimenta
1641 3729 1751 3785 sibi
1799 3728 2033 3787 fecerun‘

2176 3721 2527 3793 χαλωμένους
2572 3724 2654 3787 εἰς
2693 3723 2797 3795 γῆν
2831 3724 3322 3795 ίίιρικνουμένους⁸⁸
3367 3723 3425 3789 ἐξ
3463 3720 3602 3777 αύτοῦ
3626 3717 3688 3772 τοῦ

495 3812 653 3879 Quod
680 3815 850 3885 igitur
880 3818 1077 3890 dignas
1111 3835 1305 3890 poenas
1352 3822 1746 3893 persolverint,
1789 3823 2034 3892 justitiat

2176 3814 2337 3885 ἀέρος
2373 3815 2744 3886 λαμϐάνοντες
2779 3816 3063 3872 ἐποιοῦντο
3093 3819 3322 3890 τροφήν.
3352 3817 3506 3879 Δίκας
3530 3815 3609 3885 μὲν
3625 3805 3688 3864 οὖν

497 3902 590 3958 Dei
636 3908 1029 3964 commendant
1071 3930 1085 3966 :
1121 3913 1269 3982 quod
1301 3921 1484 3968 autem
1533 3913 1608 3970 ita
1655 3915 1914 3973 facillime
1939 3932 2036 3971 con

2176 3906 2333 3972 ἀξίας
2356 3907 2403 3941 ⁸⁸
2437 3908 2730 3973 δεδωκότες
2756 3909 2816 3963 τὸ
2843 3909 3052 3964 δίκαιον
3084 3909 3413 3981 κηρύττουσι
3450 3907 3532 3962 τοῦ
3558 3903 3686 3960 Θεοῦ·

491 3997 699 4066 sumpti
744 3997 956 4055 fuerint
985 4017 1016 4056 a
1070 4002 1222 4070 leris,
1276 4003 1374 4061 Dei
1420 4006 1747 4076 sapientiam
1804 4008 2030 4065 indicant

2175 3999 2318 4054 οὕτω
2344 4000 2403 4055 δὲ
2435 4003 2612 4073 ῥᾷστα
2642 4001 3125 4067 καταναλωθέντες
3154 4002 3260 4056 ὑπὸ
3289 4002 3393 4056 τῶν
3418 3999 3594 4073 θηρίων
3620 3994 3688 4066 τὴν

491 4101 800 4160 omnesque
819 4090 1045 4157 docent,
1082 4109 1190 4148 non
1222 4094 1443 4151 leonum
1468 4097 1787 4164 saturitate,
1824 4099 1924 4155 sed
1967 4098 2030 4154 Da

2174 4092 2268 4145 τοῦ
2321 4090 2457 4146 Θεοῦ
2503 4092 2698 4163 σοφίαν
2754 4094 3168 4149 ὑποδεικνύουσι
3196 4136 3212 4160 ,
3271 4096 3365 4150 καὶ
3414 4094 3686 4148 διδάσκουσιν

491 4164 662 4237 ηἰιιιίέ
677 4197 805 4254 erga
840 4181 1006 4238 Deum
1039 4185 1227 4241 studio
1253 4186 1408 4241 illum
1440 4189 1890 4258 praestantiorem
1940 4190 2030 4247 eﬂ't

2174 4180 2420 4248 ἅπαντας
2441 4222 2458 4250 ,
2505 4183 2583 4247 ὡς
2633 4184 2733 4254 ούχ
2795 4185 2823 4238 6
2876 4183 2984 4238 τῶν
3044 4183 3278 4238 λεόντων
3324 4182 3472 4254 κόρος
3496 4221 3508 4241 ,
3543 4177 3632 4232 ἀλλ’
3668 4175 3685 4225 ὁ

489 4282 636 4327 ctum
668 4291 811 4342 esse,
853 4291 1017 4347 quam
1053 4278 1144 4333 cui
1187 4286 1416 4350 possent
1461 4280 1651 4338 leones
1677 4297 1901 4339 nocere.
1944 4282 2028 4340 lla

2173 4271 2302 4342 περὶ
2322 4271 2412 4325 τὸν
2438 4271 2571 4325 Θεὸν
2598 4271 2695 4325 τοῦ
2720 4272 2918 4343 Δανιὴλ
2944 4271 3130 4337 πόθος,
3157 4274 3259 4343 τῆς
3287 4270 3391 4327 τῶν
3415 4270 3605 4323 λεόντων
3623 4262 3686 4316 αὖ·

489 4369 921 4440 εοιιιειιιρῗαιυε,
2172 4362 2261 4416 τὸν
2283 4363 2327 4396 ⁵⁷
2353 4361 2532 4434 λύμης
2574 4364 2820 4435 ἀπέφηνε
2860 4364 3168 4436 κρείττονα.
3194 4364 3378 4418 Ταῦτα
3402 4358 3683 4429 θεασάμενος,

560 4478 726 4536 Vens.
763 4482 852 4538 25.
887 4501 905 4534 ι
940 4481 1138 4540 Darius
1166 4500 1261 4541 rex
1284 4487 1509 4558 scripsit
1534 4488 1803 4545 omnibus
1828 4490 2067 4561 populis,
2098 4495 2099 4501 ‘

2140 4502 2149 4543 ι
2243 4475 2343 4530 κε’.
2376 4495 2396 4528 ι
2427 4478 2651 4549 Δαρεῖος
2683 4477 2711 4529 6
2743 4475 3002 4548 βασιλεὺς
3044 4476 3255 4562 ἔγραψε
3288 4477 3415 4530 πᾶσι
3437 4474 3536 4534 τοῖς
3559 4468 3679 4562 λαᾷςι

488 4569 786 4638 tribubus,
822 4573 1064 4643 linguis,
1105 4574 1480 4635 habitantibus
1524 4578 1580 4633 in
1626 4581 1777 4635 omni
1830 4560 2002 4638 terra.

2176 4569 2369 4638 φυλαῖς
2387 4609 2401 4631 ,
2446 4567 2725 4637 γλώσσαις
2749 4609 2765 4635 ,
2811 4571 2927 4632 τοῖς
2957 4560 3216 4622 οἰκοῦσιν
3236 4569 3294 4622 ἐν
3323 4566 3462 4636 πάσῃ
3492 4564 3545 4631 τῇ
3571 4560 3638 4628 Τῇ·
3663 4573 3676 4605 ’

488 4659 719 4731 lmpium
746 4670 934 4743 ratus,
983 4671 1222 4722 tantum‘
1254 4669 1538 4727 occultare
1598 4672 1954 4737 miraculum,
2013 4689 2027 4727 ι

2189 4661 2426 4715 Ἀνόσιον
2459 4659 2806 4731 ἡγησάμενος
2838 4659 3112 4731 τοσαύτην
3159 4657 3361 4730 κρύψαι
3403 4655 3678 4743 θαυματουρ-

487 4765 600 4807 non
631 4740 827 4810 omnes
855 4754 1109 4812 homines
1158 4759 1341 4815 socios
1388 4767 1445 4816 et
1499 4762 1799 4832 participes
1837 4762 2026 4833 pietati

2174 4755 2302 4825 γίαν
2323 4796 2336 4821 ,
2389 4754 2485 4808 καὶ
2523 4753 2598 4825 μὴ
2626 4753 2836 4818 πάντας
2866 4751 3189 4826 ἀνθρώπους
3217 4749 3492 4812 κοινωνοὺς
3515 4745 3593 4811 τῆς
3613 4740 3676 4792 εὖσ

486 4842 759 4913 accipere.
790 4844 996 4901 Scribit
1028 4849 1214 4920 itaque
1245 4850 1299 4904 in
1333 4851 1475 4906 hanc
1505 4854 1873 4909 sententiam:
1898 4872 1918 4906 ι
1948 4855 2020 4909 Pa

2158 4847 2391 4910 _ca6aia.;
2445 4846 2651 4900 λαϐεῖν.
2713 4845 2921 4916 Γράφει
2977 4843 3159 4898 τοίνυν
3207 4842 3407 4906 οὕτως’
3456 4857 3473 4890 ι
3525 4833 3674 4903 Εἰρήνη

486 4933 643 4989 vobis
681 4937 1105 5007 multiplicetur.
1144 4960 1163 4995 ι
1206 4940 1321 4997 lloc
1353 4949 1459 5007 est,
1515 4944 1680 5001 liceat
1726 4945 1885 5001 vobis
1933 4962 2025 5018 per

2170 4940 2300 5010 ὑμῖν
2333 4937 2696 5010 πληθυνθείηο
2742 4956 2761 4989 ι
2797 4936 3081 5001 τουτέστι,
3114 4936 3324 4989 Γένοιτο
3353 4932 3483 5004 ὑμᾶς
3505 4929 3674 5029 διαπανῖ

484 5028 650 5093 petua
682 5038 819 5093 pace
861 5025 992 5082 frui.
1033 5028 1100 5083 Et
1148 5030 1345 5087 similis
1376 5032 1491 5087 hch
1530 5044 1615 5089 est
1653 5043 1862 5090 nostrae
1916 5036 2023 5090 salt

2169 5031 2264 5095 τὸς
2322 5032 2547 5103 εἰρήνης
2600 5028 2917 5084 ἀπολαύειν.
2970 5030 3160 5085 Ἔοικε
3206 5028 3262 5082 δὲ
3302 5024 3448 5080 τοῦτο
3492 5023 3547 5089 τῇ
3580 5028 3661 5083 παρ

486 5113 704 5181 tationi,
738 5118 983 5188 quicum
1034 5123 1301 5193 epistolas
1345 5125 1513 5180 alicui
1571 5128 1873 5191 mittimus,
1906 5128 2025 5182 initi

2172 5125 2329 5197 ἡμῶν
2358 5124 2690 5197 γινομένῐῑδθ
2731 5125 3112 5196 προσηγορίᾳο
3165 5123 3259 5177 καὶ
3291 5120 3393 5190 γὰρ
3431 5116 3568 5188 ἡμεῖς
3590 5111 3673 5197 ἐπί·

484 5207 735 5266 scribere
758 5213 1150 5271 consuevimus
1184 5234 1198 5271 :
1231 5215 1299 5271 In
1324 5216 1552 5273 Domino
1580 5218 1830 5274 salutem.
1861 5218 2023 5276 Dcind

2175 5196 2489 5281 στέλλοντες
2535 5196 2878 5288 προγράφειν
2933 5214 3207 5288 εἰώθαμεν
3254 5214 3341 5267 τό·
3398 5211 3489 5264 Ἐν
3528 5196 3672 5269 Κυρίῳ

1763 5397 1999 5455 VARUS
2040 5398 2447 5459 LECTIONES.

556 5547 603 5649 :2
633 5547 899 5649 ﬁgi-.3;
919 5550 958 5604 Β
988 5550 1396 5649 imiimi}
1428 5556 2021 5649 ‘i.°ﬁ‘§tf“i“_z”.§£‘
2052 5557 2477 5649 Βλιοεξέναγῖε,
2578 5555 3050 5649 etis-“9M9
3074 5554 3197 5649 ἃ.-
3216 5536 3655 5649 ῗῗὲἒὶξιδίξῖἐὲἓῖ

487 5616 533 5699 gf
547 5618 622 5672 δέ.
637 5600 840 5699 begin
860 5600 952 5699 n.—
982 5600 1050 5699 ξῖ
1064 5600 1700 5699 ῑῑᾷᾇὲέποτξςέιῗηξὲιῖῗ
1713 5600 1837 5683 οἷς.
1869 5600 1942 5683 ίὶἶ
1958 5600 2021 5680 ἐξ
2052 5600 2566 5699 ὐῗᾘὲἔρἑιὸεῖναι
2579 5600 3050 5699 ἒὶἓςᾫὶιῖσῗὲῦζ
3074 5600 3197 5699 Et;
3218 5600 3660 5699 pgéquatlvvﬁtff-

487 5687 536 5773 τε
556 5669 949 5773 λέξιεςξινέξς-ει.
982 5694 1041 5773 ξι.
1069 5669 1108 5677 -
1133 5669 1439 5773 mags
1477 5669 1683 5773 δεῖξε
1714 5669 2103 5773 sagas...
2172 5669 2580 5773 7~'§":€;'ﬁ;
2609 5669 3049 5770 manus}:
3094 5669 3195 5728 ’τε
3213 5669 3362 5759 an
3386 5669 3542 5757 ρηείη.
3572 5669 3659 5731 τε

489 5756 535 5790 ⁸⁷
566 5756 686 5814 αὐτ.
724 5762 779 5816 In
815 5763 853 5815 Β
885 5764 1104 5833 ponitur
1135 5756 1257 5840 post
1298 5756 1499 5838 λύμης.
1578 5769 1621 5802 ⁸³
1655 5783 1758 5834 γιν.
1793 5756 2006 5826 [Μαῖα
2037 5768 2097 5825 Β.
