3898 6208
214 335 239 401 1
252 335 351 399 409

1415 334 1498 395 ΙΝ
1525 331 1891 395 DANIELIS
1922 332 2080 393 CAP.
2127 333 2227 394 VI.

3352 333 3490 398 1-510

208 447 462 515 χαίρειν.
490 440 625 498 Εἶτα
650 442 918 514 διηγεῖται
953 442 1011 497 τὸ
1055 443 1335 513 ὲπωφελὲς
1373 445 1470 498 καὶ
1514 442 1797 515 ὲπικερδὲς

1906 449 2097 495 narrat
2138 440 2216 505 id,
2249 442 2398 511 quod
2448 452 2504 500 et
2549 443 2811 501 utilitatis
2870 452 2927 501 et
2985 443 3128 500 lucri
3183 443 3484 515 plurimum

209 538 370 591 διήγη
381 554 481 591 ita.

423 554 481 591 α.

448 649 467 682 ι
503 631 598 685 Ἐκ
636 634 936 704 προσώπου
976 649 1078 704 μου
1096 632 1141 664 ³⁸
1169 631 1328 704 ἐτέθη
1355 631 1533 703 δόγμα
1556 634 1615 686 ὲν
1645 631 1796 704 πάσῃ

205 721 353 793 ἀρχῇ
384 720 484 790 τῆς
520 719 798 791 βασιλείας
827 740 952 795 μου,
1000 718 1142 777 εἶναι
1171 723 1379 789 πάντας
1398 724 1444 757 ⁹⁰
1489 724 1797 795 τρέμοντας

206 812 306 864 καὶ
360 810 733 882 φοϐουμένους
765 812 875 866 ἀπὸ
903 813 1198 886 προσώπου
1232 814 1326 869 τοῦ
1347 814 1484 868 Θεοῦ
1518 814 1740 887 Δανιὴλ.
1773 833 1792 867 ι

205 902 507 972 Βούλομαι,
539 902 710 973 φησὶ,
749 903 960 969 πάντας
1017 905 1340 978 ἀνθρώπους
1388 908 1515 972 τοὺς
1563 908 1669 963 ὑπὸ
1699 908 1798 981 τὴν

204 992 352 1064 ἐμὴν
386 992 678 1057 τελοῦντας
723 994 977 1060 ἐξουσίαν
1000 997 1079 1062 οι,
1115 996 1206 1050 τὸν
1241 996 1336 1050 τοῦ
1388 997 1589 1069 Δανιὴλ
1624 1015 1797 1070 προσ-

205 1089 395 1140 κυνεῖν
416 1086 570 1152 Θεὸν,
603 1086 700 1141 καὶ
728 1088 803 1160 μὴ
831 1089 1015 1154 ἁπλῶς
1039 1089 1133 1144 καὶ
1151 1091 1228 1156 ὡς
1253 1090 1471 1162 ἔτυχεν,
1497 1091 1636 1147 ἀλλά
1661 1093 1801 1164 μετά

202 1181 365 1244 δέους
392 1182 488 1234 καὶ
510 1181 710 1254 φρίκης
735 1183 1067 1254 προσφέρειν
1098 1183 1247 1255 αὑτῷ
1275 1186 1374 1254 τὴν
1403 1184 1795 1256 προσκύνησιν.

203 1274 320 1327 Καὶ
362 1273 465 1345 τὴν
508 1274 691 1328 αἰτίαν
733 1276 971 1344 ἐπάγει,
1011 1275 1105 1330 καί
1156 1292 1359 1346 φησιν’
1405 1294 1423 1328 ι
1475 1279 1600 1331 Ὅτι
1638 1278 1800 1342 αὐτός

202 1368 325 1419 ἐστι
347 1366 481 1436 Θεὸς
513 1364 642 1434 ζῶν,
673 1366 768 1419 καὶ
797 1366 973 1438 μένων
997 1369 1078 1431 εἰς
1105 1368 1231 1432 τοὺς
1259 1368 1483 1431 αἰῶνας.
1518 1388 1536 1421 ι
1561 1369 1800 1441 Διαρκὴς

201 1460 317 1533 γάρ
352 1463 470 1515 ἐστι
493 1502 509 1528 ,
553 1465 646 1516 καὶ
676 1463 883 1535 τροπὴν
915 1464 1173 1534 οὐδεμίαν
1211 1465 1501 1536 δεχόμενος
1522 1508 1536 1534 ,
1554 1467 1665 1546 ,καὶ
1712 1468 1801 1522 ἀεὶ

201 1554 475 1618 ὡσαύτως
495 1553 626 1625 ἔχει,
654 1557 747 1609 καὶ
773 1556 853 1619 εἰς
878 1556 1006 1620 τοὺς
1051 1557 1252 1621 αἰῶνας
1285 1557 1548 1629 διαμένει.
1579 1559 1802 1624 Τούτοις

202 1647 412 1714 ἐπάγει
435 1663 449 1677 ·
480 1666 500 1699 ι
542 1648 654 1702 Καὶ
692 1651 724 1720 ἡ
765 1648 1014 1720 βασιλεία
1043 1650 1207 1706 αὑτοῦ
1246 1653 1309 1706 ού
1337 1651 1802 1725 διαφθαρήσεται,

202 1739 305 1793 καὶ
333 1741 369 1811 ἡ
416 1740 611 1813 κυρειά
640 1742 803 1795 αὐτοῦ
834 1742 940 1806 ἕως
983 1743 1193 1808 τέλους.
1232 1743 1383 1817 (κζ’.)
1430 1746 1798 1819 Ἀντιλαμόἀ-

203 1848 383 1895 νεται,
425 1832 521 1885 καὶ
558 1834 767 1902 ῥύεται.
796 1852 814 1884 ι
852 1831 1039 1888 Εἱσαεὶ
1076 1834 1152 1901 δὲ,
1197 1836 1354 1908 φησὶ,
1399 1837 1670 1909 διαμένει,
1704 1840 1797 1893 καὶ

205 1923 492 1994 βασιλείαν
540 1924 680 1995 ἔχων
707 1924 1031 1998 ἀνώλεθρον,
1060 1928 1154 1981 καὶ
1181 1928 1501 1984 δεσποτείαν
1551 1932 1704 1996 τέλος
1736 1933 1797 1986 ού

201 2016 534 2087 δεχομένην,
573 2017 844 2090 ρυομένην
892 2018 949 2073 δὲ
981 2021 1075 2073 καὶ
1121 2019 1495 2094 λυτρουμένην
1542 2026 1669 2089 τοὺς
1719 2026 1799 2090 εἰς

201 2107 371 2160 αὐτὸν
402 2108 852 2174 πεπιστευκότας.
887 2129 906 2162 ι
959 2112 1069 2165 Καὶ
1102 2116 1305 2184 σημεῖα
1346 2114 1403 2167 δὲ
1452 2118 1597 2168 ποιεῖ
1633 2119 1689 2171 ὲν
1720 2116 1798 2189 τῷ

201 2200 429 2272 οὐρανῷ
458 2201 503 2234 ⁸³
536 2202 631 2256 καὶ
682 2202 775 2255 ἐπὶ
811 2203 913 2273 τῆς
948 2206 1069 2273 γῆς.
1099 2224 1118 2257 ι
1157 2207 1313 2260 Ἔστι
1373 2207 1429 2262 δὲ
1466 2208 1594 2263 ἰδεῖν
1632 2202 1796 2263 αύτοῦ

201 2292 307 2355 τὰς
334 2290 801 2363 θαυματουργίας,
829 2294 928 2357 τάς
957 2309 1015 2345 τε
1051 2292 1108 2347 ἐν
1137 2293 1217 2365 τῷ
1238 2294 1453 2367 οὐρανῷ
1482 2296 1797 2367 γινομένας,

203 2387 306 2439 καὶ
341 2384 443 2448 τὰς
476 2385 570 2439 ἐπὶ
589 2385 688 2456 τῆς
716 2384 842 2457 γῆς,
874 2387 942 2439 δι’
970 2379 1045 2440 ὧν
1065 2388 1165 2458 τὴν
1212 2389 1409 2442 ἑαυτοῦ
1440 2390 1682 2443 δείκνυσι
1710 2388 1799 2445 δύ⁸

201 2495 401 2549 ναμιν.
426 2477 645 2549 Ταύτην
678 2480 810 2550 ἡμῖν
833 2480 881 2513 ⁸³
922 2479 1016 2534 καὶ
1041 2481 1133 2534 ἐπὶ
1157 2481 1251 2534 τοῦ
1285 2482 1552 2552 παρόντος
1583 2483 1787 2537 ύπέδει·

204 2570 337 2637 ξεν·
375 2590 397 2624 ο
442 2571 711 2639 Ἑξείλατο
743 2573 873 2645 γὰρ,
907 2576 1062 2646 φησὶ,
1083 2576 1177 2629 τὸν
1202 2576 1402 2648 Δανιὴλ
1425 2579 1488 2630 ἐκ
1532 2577 1799 2647 στόματος

199 2661 320 2715 τῶν
341 2661 575 2717 λεόντων
605 2705 619 2729 ,
654 2684 672 2716 ι
703 2664 796 2718 καὶ
832 2665 943 2720 τῶν
965 2665 1109 2738 λιμῷ
1138 2668 1230 2721 καὶ
1257 2667 1415 2740 θυμῷ
1440 2667 1797 2740 τεθηγμένων

202 2754 421 2826 θηρίων
462 2756 709 2827 ἀπέφηνε
765 2759 1072 2830 κρείττονα.
1119 2761 1184 2814 Ἦ
1242 2761 1341 2833 μὲν
1399 2758 1492 2816 οὖν
1539 2761 1798 2833 ἐπιστολὴ

205 2846 387 2902 ταῦτα
419 2848 517 2920 τὴν
542 2851 878 2923 οἰκουμένην
906 2851 1165 2924 δεδίδαχε.
1191 2853 1264 2906 Τὸ
1288 2854 1347 2908 δὲ
1396 2852 1490 2908 τοῦ
1525 2855 1799 2926 διηγήμα-

208 2957 305 3004 τος
347 2942 502 3006 τέλος
536 2944 805 3015 περιέχει,
827 2946 908 2999 ὄτι
952 2946 1258 3018 κατηύθυνε
1286 2946 1484 3019 Δανιὴλ
1511 2948 1568 3000 ὲν
1599 2950 1667 3018 τῇ
1701 2946 1799 3017 βα·

210 3032 390 3105 σιλείᾳ
412 3035 641 3106 Δαρείου
667 3039 759 3090 καὶ
787 3039 847 3091 ἐν
871 3040 937 3109 τῇ
967 3037 1214 3112 βασιλείᾳ
1238 3038 1422 3110 Κύρου
1443 3038 1537 3093 τοῦ
1563 3040 1796 3112 Πέρσουο

240 3126 514 3192 ουτέστιν,
536 3127 594 3181 ὲν
615 3127 854 3199 ἑκατέρᾳ
879 3127 1128 3200 βασιλείᾳ
1159 3129 1481 3201 διαλάμπων
1507 3128 1795 3194 διετέλεσε,
1826 3163 1870 3222 c

209 3217 305 3268 καὶ
333 3215 393 3267 ὲν
414 3217 553 3270 πᾶσι
592 3216 930 3288 διαπρέπων.
982 3218 1160 3291 Ἦμᾶς
1189 3222 1244 3275 δὲ
1273 3223 1545 3295 προσήκει
1581 3224 1681 3297 τῆς
1706 3221 1798 3273 εὑ-

210 3306 433 3373 σεσείας
468 3310 855 3382 μεμαθηκότας
892 3312 990 3386 τὴν
1034 3313 1285 3387 δύναμιν,
1337 3315 1546 3388 ταύτην
1599 3334 1798 3390 προαι-

211 3399 447 3472 ρεῖσθαι,
473 3403 567 3457 καὶ
588 3404 805 3460 πάντων
840 3405 1010 3478 αὐτὴν
1045 3407 1382 3479 προτιθέναι,
1419 3409 1513 3463 καὶ
1557 3411 1801 3484 μηδεμιᾷ

209 3494 537 3564 περιστάσει
559 3500 939 3569 παραχωρεῑνο
964 3498 1099 3553 ἀλλὰ
1128 3500 1232 3555 κᾶν
1252 3500 1492 3565 ἅπαντες
1521 3500 1798 3574 ἅνθρωποι

208 3582 356 3638 κατά
380 3585 578 3640 ταύτὸν
605 3587 728 3640 καθ’
763 3589 918 3660 ήμῶν
952 3590 1042 3645 διὰ
1090 3593 1298 3664 ταύτην
1327 3593 1691 3666 στρατεύωσι,
1714 3594 1800 3649 δέ·

206 3676 404 3747 χεσθαι
426 3678 725 3751 προθύμως
770 3682 870 3753 τὴν
896 3684 1200 3756 προσϐολὴν
1232 3687 1299 3757 τῇ
1336 3685 1540 3758 ταύτης
1568 3687 1798 3759 δυνάμει

208 3768 572 3840 θαρροῦντας.
606 3773 763 3827 Οὕτω
784 3775 891 3846 γὰρ
913 3775 1008 3829 καὶ
1036 3775 1144 3830 τῶν
1173 3778 1463 3849 μακαρίων
1485 3779 1798 3835 ἀποστόλων

206 3863 237 3914 ὁ
272 3862 457 3932 χορὸς,
493 3865 600 3918 ἀπὸ
632 3865 832 3937 πάσης,
857 3866 933 3931 ὡς
961 3866 1091 3932 ἔπος
1120 3869 1320 3936 εἰπεῖν,
1342 3870 1443 3941 τῆς
1470 3872 1800 3943 οἰκουμένης

207 3956 694 4027 πολιορκούμενος,
722 3958 934 4031 ἄμαχος
976 3960 1279 4033 μεμένηκε,
1311 3964 1408 4017 καὶ
1457 3965 1586 4028 τοὺς
1637 3964 1797 4018 πολε-

210 4047 372 4119 μίους
405 4050 681 4121 ὑπηκόους
732 4052 1049 4125 ἐποιήσατο.
1103 4054 1290 4118 Οὕτως
1326 4058 1354 4109 ὁ
1390 4057 1662 4130 μακάριος
1692 4061 1799 4111 Δα-

207 4139 355 4211 νιὴλ,
387 4140 494 4195 ὑπὸ
525 4143 796 4198 τοσούτων
830 4144 1129 4216 σατραπῶν
1158 4146 1253 4200 καὶ
1283 4147 1553 4201 τακτικῶν
1578 4147 1799 4202 ἐπιδούς

204 4230 501 4302 λευόμενος
525 4274 539 4297 ,
584 4234 823 4305 ἀμείνων
875 4235 1165 4307 ἀπεφάνθη
1218 4236 1328 4290 τῶν
1379 4237 1793 4309 πολεμούντωνο

212 4325 306 4378 καὶ
333 4324 499 4394 ἡνίκα
547 4325 603 4378 δὲ
635 4326 681 4357 ⁸⁸
708 4327 758 4380 οἰ
794 4326 1076 4398 δυσμενεῖς
1122 4329 1467 4398 νενικηκέναι
1509 4329 1794 4401 ᾠήθησαν,

204 4417 510 4488 τηνικαῦτα
557 4418 935 4491 πανωλεθρίαν
972 4420 1295 4491 ὑπέμειναν.
1340 4420 1581 4476 Τοιαῦτα
1614 4424 1796 4477 τοίνυν

1901 536 2084 604 possit
2105 534 2321 590 all‘erre.

1972 624 2140 682 Vens.
2175 625 2268 681 26.
2305 645 2325 678 ι
2367 629 2409 683 Α
2441 627 2582 684 faeie
2617 644 2738 686 mea
2784 630 3035 702 positum
3076 637 3163 688 est
3194 630 3484 687 decretum

1901 716 1955 770 in
1990 716 2141 771 omni
2183 717 2421 789 imperio
2450 721 2605 791 regni
2638 722 2769 786 mei,
2828 730 2887 777 ut
2940 723 3074 777 ﬁant
3124 737 3323 779 omnes
3378 731 3489 779 tre-

1901 814 2118 863 mentes
2159 818 2218 863 et
2266 811 2528 867 timentes
2561 828 2590 867 a
2620 812 2764 869 facie
2825 813 2919 869 Dei
2970 812 3236 870 Danielis.
3275 834 3294 867 ι
3325 813 3484 880 Volo,

1899 899 2102 969 inquit,
2130 916 2326 958 omnes
2352 903 2606 965 homines
2637 907 2734 977 qui
2766 907 2871 963 sub
2903 922 3024 962 mea
3068 916 3347 977 potestate
3391 908 3490 964 de-

1899 999 2067 1064 gunt,
2102 990 2277 1050 Deum
2322 995 2567 1054 Dauielis
2624 1000 2882 1066 adorare,
2937 1015 3116 1072 neque
3159 1010 3367 1057 temere
3422 1016 3489 1056 uc

1901 1081 2152 1148 fortuito,
2193 1088 2288 1143 sed
2321 1103 2445 1142 cum
2479 1100 2627 1145 metu
2676 1100 2731 1146 et
2765 1092 2998 1148 horrore
3041 1093 3092 1147 ei
3140 1091 3488 1149 adoratiouis

1900 1179 2113 1234 cultum
2153 1180 2491 1252 impendere.
2542 1183 2895 1255 Causamque
2953 1184 3292 1255 subjicieus,
3347 1187 3423 1241 ait
3471 1204 3485 1241 :

1906 1291 1926 1325 ι
1961 1272 2100 1340 Quia
2132 1274 2251 1344 ipse
2278 1285 2361 1330 est
2383 1275 2524 1331 Deus
2554 1274 2766 1341 vivens,
2789 1287 2846 1331 et
2869 1291 3099 1331 manens
3126 1278 3180 1330 in
3207 1278 3430 1333 saecula.
3462 1296 3482 1330 ι

1903 1363 2192 1435 Ejusmodi
2222 1367 2371 1422 enim
2398 1375 2503 1433 est,
2539 1369 2632 1439 qui
2660 1377 2987 1439 perpetuus,
3021 1384 3087 1423 ac
3124 1369 3260 1423 nulli
3311 1377 3491 1424 muta-

1902 1458 2039 1514 tioni
2067 1457 2366 1524 obnoxius,
2406 1470 2461 1515 et
2491 1475 2710 1531 semper
2744 1462 2938 1516 eodem
2985 1461 3149 1515 modo
3184 1478 3244 1516 se
3285 1462 3488 1525 habet,

1902 1560 1958 1606 et
2000 1552 2055 1605 in
2090 1552 2290 1606 smcula
2316 1562 2623 1624 permanet.
2666 1552 2765 1609 llis
2806 1555 3075 1625 subjicit:
3112 1574 3129 1604 ι
3165 1553 3231 1608 Ει
3257 1571 3489 1626 regnum

1903 1642 2027 1712 ejus
2069 1658 2178 1698 non
2213 1654 2629 1716 corrumpetur,
2677 1646 2891 1716 1187
2928 1657 2983 1701 et
3030 1647 3341 1711 dominatio
3369 1646 3491 1716 ejus

1908 1749 2083 1803 usque
2108 1735 2164 1788 in
2204 1734 2391 1790 linem.
2416 1734 2605 1804 (Vens.
2635 1736 2752 1807 27.)
2795 1736 3072 1803 Defendit,
3103 1747 3159 1792 et
3191 1737 3414 1792 liberat.
3463 1756 3483 1789 ι

1837 1804 1879 1858 Β
1923 1823 1980 1880 In
2012 1835 2337 1897 perpetuum
2364 1868 2379 1894 ,
2415 1828 2622 1899 inquit,
2650 1804 2957 1899 permanet,
2994 1838 3050 1885 et
3082 1844 3312 1900 regnum
3344 1829 3491 1899 ejus-

1910 1920 2057 1973 modi
2094 1919 2330 1987 obtinet,
2381 1922 2530 1991 quod
2573 1923 2857 1992 corrumpi
2910 1923 3142 1992 nequit,
3198 1938 3263 1978 ac
3313 1923 3492 1978 domi-

1905 2010 2058 2065 nium
2090 2012 2197 2067 line
2220 2027 2442 2078 carens,
2473 2012 2619 2084 quod
2652 2013 2879 2084 quidem
2915 2015 3113 2069 liberat
3145 2029 3210 2070 ac
3246 2015 3493 2072 redimit'

1906 2118 2100 2159 omnes
2137 2106 2231 2175 qui
2267 2105 2324 2159 in
2372 2121 2497 2161 eum
2552 2105 2936 2162 crediderunt.
2973 2124 2991 2158 ι
3030 2106 3099 2162 Et
3152 2109 3308 2179 signa
3360 2108 3495 2164 facit

1906 2194 1961 2249 in
1997 2195 2140 2249 coelo
2166 2204 2221 2250 et
2251 2198 2305 2250 in
2332 2205 2505 2250 terra.
2546 2215 2566 2248 ι
2613 2195 2877 2269 Licetque
2917 2201 3287 2270 contemplari
3321 2201 3494 2271 ipsius

1912 2288 2206 2355 miracula,
2239 2296 2293 2344 et
2325 2305 2449 2360 qua:
2483 2289 2536 2344 in
2563 2290 2740 2353 cwlo,
2770 2297 2828 2345 et
2884 2305 3007 2361 qua:
3050 2290 3105 2344 in
3138 2298 3284 2346 terra
3331 2291 3490 2355 (lunt,

1905 2380 2113 2452 quibus
2164 2396 2326 2438 suam
2380 2382 2473 2438 ille
2531 2382 2838 2452 potentiam
2895 2383 3179 2440 ostendit:
3215 2399 3381 2455 quam
3436 2385 3493 2441 in

1907 2476 2164 2546 praesenti
2188 2490 2408 2546 quoque
2436 2476 2596 2531 nobis
2620 2475 2944 2531 declaravit.
2973 2494 2993 2527 ι
3022 2475 3491 2544 Liberavitenim,

1910 2571 2112 2640 inquit,
2148 2568 2424 2623 Danieletu
2454 2584 2519 2623 ex
2549 2584 2646 2624 ore
2696 2568 2941 2625 leonum.
2984 2586 3003 2620 ι
3043 2566 3111 2622 Et
3156 2568 3291 2624 feris
3346 2568 3495 2625 fame

1907 2672 2073 2734 atque
2110 2662 2398 2716 iracundia
2424 2661 2720 2716 concitatis
2745 2676 2871 2716 eum
2903 2662 3248 2730 superiorem
3283 2661 3489 2717 echcit.

1906 2756 2157 2826 Epistula
2219 2755 2392 2824 igitur
2458 2755 2574 2809 haec
2642 2754 2830 2808 orbem
2906 2763 3182 2808 terrarum
3245 2752 3491 2809 edocuit.

1907 2847 2027 2919 [28]
2050 2847 2205 2904 Finis
2233 2855 2417 2903 autem
2452 2845 2799 2901 narrationis
2826 2844 2882 2899 id
2931 2845 3220 2910 continet,
3255 2854 3316 2901 ut
3366 2861 3493 2916 pro-

1907 2956 2069 3012 spere
2117 2939 2492 2996 successerint
2546 2936 2758 2994 Danieli
2802 2953 2893 2994 res
2928 2945 3197 3008 regnante
3245 2936 3408 2992 Dario
3437 2944 3493 2993 et

1906 3033 2052 3104 Cyro
2088 3033 2257 3087 Persa
2282 3073 2296 3097 ,
2333 3032 2436 3086 hoc
2460 3038 2568 3096 est,
2597 3037 2657 3085 ut
2705 3028 2812 3086 sub
2845 3031 3137 3099 utriusque
3173 3043 3347 3100 regno
3386 3026 3489 3082 llo-

1907 3122 2100 3186 ruerit,
2130 3131 2185 3178 et
2217 3120 2481 3177 omnibus
2529 3119 2876 3191 conspicuus
2927 3133 2992 3172 ac
3033 3118 3273 3173 illustris
3325 3116 3494 3173 fuerit

1908 3215 2239 3270 honoribus.
2282 3212 2396 3270 Nos
2417 3220 2601 3269 autem
2642 3215 2822 3275 decet,
2859 3218 3119 3283 percepta
3157 3210 3380 3282 pietatis
3410 3210 3488 3274 vi,

1906 3309 2052 3364 hanc
2079 3307 2306 3379 eligere,
2340 3317 2392 3360 et
2416 3305 2678 3361 omnibus
2705 3305 2876 3360 rebus
2915 3304 3092 3375 ipsam
3124 3313 3488 3374 anteponere,

1906 3415 1972 3457 ac
2001 3400 2171 3456 nullis
2204 3398 2472 3470 periculis
2519 3398 2748 3453 territos
2778 3395 2848 3453 ab
2866 3411 2931 3453 ea
2970 3394 3284 3452 desciscere
3326 3414 3339 3449 :
3381 3396 3493 3451 imo

1905 3494 2121 3550 etiamsi
2147 3507 2340 3549 omnes
2366 3492 2622 3549 homines
2652 3491 2818 3547 simul
2846 3500 3070 3564 propter
3102 3491 3276 3562 ipsam
3289 3500 3493 3546 contra

1906 3600 2010 3639 nos
2044 3594 2312 3655 pugnent,
2349 3583 2615 3639 alacriter
2660 3598 2852 3638 corium
2902 3584 3167 3653 impetum
3208 3582 3490 3653 excipere,

1908 3675 2141 3745 hujusce
2172 3674 2220 3728 vi
2260 3674 2453 3729 fretos.
2493 3675 2571 3728 Ita
2601 3674 2746 3728 enim
2789 3674 3085 3729 beatorum
3110 3688 3331 3743 quoque
3358 3688 3494 3742 apo~

1907 3768 2177 3823 stolorum
2212 3765 2440 3830 chorus,
2466 3773 2582 3820 toto
2619 3763 3021 3834 propemodum
3049 3762 3185 3817 orbe
3217 3771 3492 3818 terrarum

1906 3860 2193 3922 obsessus,
2233 3857 2678 3927 inexpugnabilis
2715 3856 3053 3927 permansit,
3089 3864 3257 3925 atque
3303 3854 3492 3910 hostes

1906 3951 2014 4007 sibi
2051 3950 2207 4006 dicto
2247 3948 2572 4005 obedientes
2624 3946 2777 4004 fecit.
2831 3947 2958 4002 Pari
3009 3947 3225 4002 ratione
3292 3946 3492 4002 beatus

1907 4043 2124 4109 Daniel,
2154 4045 2243 4098 cui
2271 4051 2353 4098 tot
2387 4051 2627 4113 satrapa:
2660 4048 2715 4096 et
2736 4041 3089 4095 ordinatores
3121 4036 3494 4093 moliebantur

1905 4136 2137 4194 insidias
2155 4176 2170 4200 ,
2203 4136 2309 4192 sibi
2336 4136 2697 4192 adversantes
2723 4150 2789 4189 ac
2813 4134 2982 4190 veluti
3005 4132 3150 4188 bello
3181 4138 3491 4202 pugnantes

1904 4230 2080 4286 vicit:
2112 4237 2166 4285 et
2199 4244 2326 4283 cum
2371 4227 2589 4282 inimici
2629 4226 2746 4297 jam
2805 4242 2866 4281 se
2920 4224 3210 4295 victoriam
3260 4222 3493 4291 adeptos

1904 4321 2314 4386 existimarent,
2347 4328 2482 4375 tunc
2508 4319 2763 4373 funditus
2792 4318 3078 4373 interiere.
3109 4312 3266 4367 Talia
3303 4313 3491 4382 itaque

1904 4415 2172 4470 habentes
2200 4413 2475 4482 exempla,
2502 4412 2779 4467 sinceram
2802 4425 2932 4480 erga
2958 4409 3126 4463 Deum
3147 4407 3365 4477 1188
3394 4407 3490 4462 be-

206 4510 427 4582 ἔχοντες
458 4511 899 4584 παραδείγματα,
936 4512 1203 4586 εἰλικρινῆ
1230 4513 1327 4582 τὴν
1358 4514 1488 4585 περὶ
1525 4512 1616 4567 τὸν
1662 4514 1793 4568 Θεὸν

1906 4504 2280 4562 nevolentiam
2309 4516 2735 4568 conservemus,
2769 4511 2827 4556 ut
2857 4502 2981 4572 ejus
3020 4501 3231 4556 auxilio
3271 4515 3490 4569 semper

206 4601 541 4675 φυλάξωμεν
586 4602 821 4671 εὔνοιαν,
867 4603 955 4659 ἴνα
996 4605 1096 4674 τῆς
1143 4606 1272 4675 παρ’
1299 4604 1463 4658 αὐτοῦ
1497 4607 1671 4677 ῥοπῆς
1715 4607 1795 4661 δι-

205 4696 419 4769 ηνεκῶς
431 4695 852 4766 ἀπολαύσωμεν*
876 4690 944 4768 ἧς
967 4697 1179 4765 γένοιτο
1203 4697 1410 4762 πάντας
1431 4699 1580 4770 ἡμᾶς
1607 4701 1789 4754 ἐπιτυο

206 4791 344 4860 χείν,
375 4790 560 4862 χάριτι
591 4788 684 4842 καὶ
708 4787 1092 4858 φιλανθρωπία
1121 4788 1215 4841 τοῦ
1241 4788 1444 4860 Κυρίου
1484 4790 1643 4862 ἡμῶν
1682 4792 1792 4863 ’1η-

206 4880 303 4935 σοῦ
357 4878 622 4949 Χριστοῦ,
677 4879 796 4952 μεθ’
819 4871 882 4932 οὗ
938 4878 1016 4949 τῷ
1064 4879 1237 4951 Πατρὶ
1282 4880 1317 4951 ἡ
1369 4880 1517 4947 δόξα,
1575 4883 1674 4937 σὺν
1716 4882 1795 4955 τῷ

204 4976 349 5049 ἁγίῳ
391 4977 439 5009 ⁵⁸
482 4974 804 5047 Πνεύματι,
856 4975 936 5038 εἰς
981 4972 1107 5038 τοὺς
1156 4974 1359 5040 αἰῶνας
1401 4977 1512 5031 τῶν
1557 4977 1788 5032 αἰώνων.

218 5067 414 5144 ’Δμήν.

1899 4595 2371 4665 fruamurzquod
2417 4594 2625 4648 utinam
2672 4608 2774 4648 nos
2807 4607 3003 4647 omnes
3050 4606 3488 4661 consequamur,

1898 4691 2075 4763 gratia
2099 4697 2154 4744 et
2190 4687 2533 4758 benignitate
2578 4685 2798 4740 Domini
2852 4685 3028 4741 nostri
3079 4682 3209 4738 Jesu
3255 4683 3488 4751 Christi,

1899 4795 2027 4836 cum
2061 4793 2171 4851 quo
2201 4776 2354 4833 Patri
2397 4777 2577 4849 gloria
2619 4791 2744 4831 cum
2776 4785 2970 4834 sancto
3024 4774 3261 4846 Spiritu,
3290 4775 3346 4829 in
3383 4788 3489 4831 sa-

1904 4872 2030 4929 cula
2062 4871 2421 4929 saeculorum.
2452 4872 2651 4927 Amen.

1500 5228 1738 5287 VARI/IS
1775 5229 2185 5288 LECTIONES.

289 5386 337 5418 ”
372 5400 502 5456 μου.
530 5382 663 5456 Des.
701 5383 847 5456 inB.
954 5385 999 5418 ⁸ο
1030 5384 1192 5442 πάντ.
1228 5385 1352 5443 Des.
1386 5387 1440 5441 iu
1477 5388 1543 5441 A.

1651 5388 1693 5420 “
1724 5387 1808 5455 ἐξ.
1862 5386 1905 5441 Β

1934 5386 2232 5460 βασιλείαν.
2339 5389 2383 5421 ⁶²
2413 5389 2457 5444 Α
2489 5387 2583 5443 καὶ
2623 5390 2768 5442 ποιεί
2811 5390 3015 5460 σημεῖα
3055 5387 3153 5441 καὶ
3188 5385 3387 5455 τέρατα
3424 5379 3482 5433 ἐν

204 5454 441 5529 οὐρανῷ.
521 5454 568 5487 ⁸³
600 5457 698 5525 ἠμ.
735 5454 776 5508 Β
803 5469 989 5526 praem.
1022 5456 1112 5527 ἤν.
1191 5459 1237 5490 ⁸⁸
1270 5458 1345 5514 δέ.
1382 5456 1506 5514 Des.
1538 5458 1593 5513 in
1627 5460 1686 5512 Β.
1767 5454 1812 5490 ⁵⁵
1844 5457 1887 5511 Β
1915 5454 2190 5530 παναγίῳ.
