3898 6208
199 317 320 384 1413

197 447 285 502 σορ
331 427 516 482 εἰκόνα
578 425 762 496 βλέπει
792 471 804 490 ,

197 517 526 588 πραγμάτων
569 515 628 570 τδ
688 515 940 588 μάταιον,
989 517 1084 570 καὶ
1133 517 1214 569 ὅτι
1265 518 1521 588 σχήματα
1555 517 1758 586 μᾶλλόν

195 614 322 665 εἰσιν
337 611 404 676 ’⁷,
519 626 680 680 φησιν
707 611 736 662 6
771 609 912 672 θεῖος
962 609 1304 673 ’Δπόστολος,
1333 609 1450 663 ἀλλ’
1481 611 1542 663 οὐ
1575 610 1760 681 πράγο

199 719 332 774 ματα
350 719 364 731 ·
384 701 538 753 οὐδὲν
568 701 675 772 γάρ
697 699 877 754 αὐτῶν
907 701 1152 772 μόνιμον,
1183 701 1304 754 οὐδὲ
1358 700 1600 770 βέϐαιον,
1624 701 1760 754 ἀλλὰ

195 795 361 849 πάντα
405 791 616 865 διαρρεῖ
649 793 744 846 καί
786 791 1070 863 φθείρεται
1116 793 1210 845 καὶ
1253 792 1613 864 μαραίνεται”
1647 797 1675 848 6
1702 793 1760 848 δὲ

199 885 456 956 μακάριος
517 883 714 955 Δανιὴλ
752 883 1026 939 Θάλασσαν
1075 883 1286 954 βλέπει,
1337 883 1432 938 τοῦ
1494 885 1761 956 παρόντος

197 978 299 1048 βίου
339 977 408 1030 τά
459 975 682 1048 κύματα
709 977 1374 1057 διδασκόμενοςηἚπειδὴ
1420 978 1528 1050 γάρ
1558 977 1655 1050 τὴν
1683 977 1761 1044 ξέ·

195 1087 284 1140 νην
331 1070 457 1122 ἰδεῖν
490 1067 539 1100 ⁷⁸
591 1068 933 1138 ἠναγκάζετο
973 1068 1308 1140 δορυάλωτος
1363 1071 1653 1141 γενόμενος
1688 1060 1758 1136 ⁷⁵,

195 1161 495 1230 ἀναγκαίως
525 1155 619 1215 τοῦ
653 1161 768 1232 βίου
807 1161 897 1214 τὸν
927 1160 1172 1215 κλύδωνα
1220 1163 1314 1216 καὶ
1347 1163 1592 1232 χειμῶνα
1622 1164 1762 1218 διδά·
1807 1207 1812 1216 η

199 1269 391 1306 σκεται.
425 1253 536 1305 Καὶ
565 1255 593 1306 6
627 1253 725 1323 μὲν
760 1250 1036 1323 βασιλεὺς,
1069 1253 1146 1316 ὡς
1179 1253 1321 1324 μέγα
1356 1254 1570 1324 φρονῶν
1611 1273 1629 1304 ι
1669 1256 1762 1306 ἐπὶ

195 1343 366 1414 χρυσῴ
405 1343 501 1396 καὶ
545 1343 793 1415 ἀργύρῳ,
829 1345 924 1398 καὶ
969 1344 1177 1415 χαλκῷ,
1207 1345 1304 1398 καὶ
1357 1345 1578 1418 σιδήρῳ,
1614 1367 1633 1398 ι
1673 1346 1762 1400 διὰ

195 1438 384 1492 τούτων
422 1437 692 1508 λαμϐάνει
726 1439 774 1470 ⁸ο
803 1439 874 1492 τὰ
912 1439 1020 1494 τῶν
1051 1439 1340 1510 βασιλειῶν
1365 1439 1408 1471 ⁸⁸
1438 1440 1759 1512 αἰνίγματα,

197 1531 281 1584 καὶ
308 1531 403 1593 τὰς
434 1530 544 1583 τῶν
584 1531 848 1601 βασιλέων
885 1532 1146 1602 μανθάνει
1179 1516 1448 1603 διαδοέὰς,
1481 1531 1577 1586 καὶ
1613 1531 1761 1586 διδά-

200 1639 368 1675 σκεται
401 1620 475 1692 μὴ
505 1622 722 1691 μεγάλα
742 1622 790 1654 ⁸²
821 1625 1040 1694 φρονεῖν
1065 1624 1156 1676 ἐπὶ
1190 1627 1254 1695 τῇ
1309 1623 1556 1696 βασιλείᾳ
1601 1623 1762 1696 ὀξύρο

200 1716 348 1779 ῥοπον
379 1711 582 1784 ἐχούσῃ
641 1713 964 1786 μεταϐολήν.
1015 1716 1076 1768 '0
1119 1715 1176 1768 δὲ
1226 1715 1531 1788 προφήτης,
1563 1716 1657 1769 ἆτε
1697 1714 1760 1784 δὴ

1356 313 1436 380 ΙΝ
1483 317 1840 378 DANIELIS
1873 315 2042 378 CAP-
2085 317 2214 378 VIl.

851 426 1240 496 δ.δα.κόμ.ενος
1297 427 1404 479 τῶν
1473 426 1758 497 παρόντων

1868 430 2001 480 tium
2035 428 2359 492 vanitatem,
2397 435 2452 481 et
2479 424 2578 484 bas
2615 427 2822 499 ﬁguras
2879 427 3064 500 potius
3092 443 3241 494 esse,
3293 433 3437 486 sicut

3303 319 3445 386 14M

1864 518 2068 573 asserit
2101 518 2260 575 divus
2291 520 2610 590 Apostolus,
2641 535 2804 590 quam
2836 535 2946 576 res.
2992 519 3140 576 Nihil
3177 523 3325 578 enim
3383 528 3436 578 in

1863 611 2002 680 ipsis
2031 611 2288 680 estquod
2324 623 2677 682 permaneat,
2717 623 2812 668 aut
2847 615 3044 670 stabile
3086 615 3158 670 sit
3183 656 3200 684 ,
3247 631 3436 672 verum

1863 705 2048 757 omnia
2083 701 2260 757 ﬂuunt
2303 713 2358 759 et
2393 714 2831 776 corrumpuntur
2861 715 2918 761 et
2951 709 3241 762 tabescunt
3267 727 3280 764 :
3311 710 3442 764 bea-

1866 800 1955 848 tus
1977 802 2160 850 autem
2209 795 2396 851 Daniel
2426 813 2573 852 mare
2601 799 2801 865 cernit,
2826 815 2938 869 quo
2980 801 3271 868 prtesentis
3289 840 3297 847 ο
3317 803 3444 857 vitae

1864 883 2067 942 ﬂuctus
2111 887 2396 944 educetur.
2449 889 2588 943 Cum
2639 891 2784 944 enim
2821 892 3036 962 1190
3077 901 3321 949 exteram
3357 912 3445 951 re-

1863 977 2082 1046 gionem
2118 979 2310 1034 videre
2345 989 2638 1052 cogeretur
2666 981 2814 1038 bello
2843 993 3070 1054 captus,
3109 989 3445 1046 convenien—

1865 1077 1948 1123 ter
1985 1071 2152 1126 discit
2197 1073 2326 1126 vitaa
2378 1075 2650 1143 procellas
2681 1089 2746 1128 ac
2804 1085 3186 1146 tempestates.
3225 1081 3291 1135 Et
3345 1097 3444 1137 rex

1863 1162 2107 1230 quidem,
2149 1173 2212 1218 ut
2243 1166 2336 1234 qui
2373 1173 2600 1238 propter
2637 1185 2656 1218 ι
2700 1181 2922 1234 aurum,
2961 1178 3014 1224 et
3043 1181 3354 1242 argentum,
3389 1183 3447 1228 et

1863 1269 1960 1318 aes,
1996 1270 2062 1308 ac
2097 1257 2296 1311 ferrum
2332 1275 2351 1309 ι
2379 1259 2652 1329 superbus
2683 1269 2852 1324 esset,
2888 1276 2985 1331 per
3015 1263 3206 1318 eadem
3245 1266 3446 1336 accipit

1862 1335 2157 1418 regnorum
2187 1349 2500 1420 amigmata,
2532 1354 2620 1406 et'
2655 1366 2840 1422 regum
2887 1354 3270 1412 successiones
3322 1373 3448 1425 pcr-

1863 1439 2019 1509 cipit,
2055 1441 2513 1513 admoneturque,
2556 1460 2625 1500 ne
2673 1453 2899 1515 propter
2927 1461 3156 1516 regnum
3191 1450 3354 1503 celeri
3383 1463 3448 1504 ac
3527 1463 3534 1469 ‘

1864 1531 2062 1586 subitae
2109 1534 2396 1588 mutationi
2449 1535 2749 1591 obnoxium
2805 1538 3122 1594 extollatur.
3177 1538 3448 1611 Propheta

1863 1629 2083 1690 autem,
2135 1634 2324 1695 utpote
2384 1627 2478 1696 qui
2540 1629 2897 1699 multiplicem
2955 1632 3102 1686 illam
3165 1638 3446 1690 materiam

1867 1724 2312 1780 contemneret"
2350 1727 2588 1790 quatuor
2618 1723 2826 1778 bestias
2867 1742 2887 1776 ι
2922 1725 3092 1790 videt,
3141 1742 3206 1782 ex
3247 1729 3446 1797 quibus

198 1804 293 1858 τῶν
337 1804 476 1858 ὑλῶν
511 1805 740 1858 ἐκείνων
774 1805 1154 1877 καταφρονῶν,
1197 1826 1218 1859 σ
1249 1809 1490 1878 τέσσαρα
1531 1807 1696 1878 Θηρία
1733 1827 1754 1860 ι

1869 1805 2124 1877 intelligit
2153 1777 2394 1878 quatuor
2420 1811 2511 1865 illa
2551 1813 2820 1868 terribilia
2868 1830 3058 1887 regna,
3103 1833 3224 1889 quae
3263 1777 3450 1874 nuuti-

201 1895 385 1965 βλέπει,
403 1895 813 1968 διδασκόμενος,
849 1897 926 1961 ὡς
951 1899 1007 1950 ui
1033 1898 1261 1970 φοϐεραὶ
1291 1893 1458 1952 αὗται·
1475 1898 1759 1969 βασιλεῖαι,

199 1988 248 2039 αἱ
271 1988 466 2051 πάντας
499 1988 824 2060 ἀνθρώπους
877 1988 924 2022 ⁸⁸
951 1989 1340 2060 δεδιττόμεναι,
1375 1991 1527 2054 τέλος
1575 1990 1764 2062 λήψον-

197 2095 276 2132 ται
319 2081 410 2134 καὶ
457 2074 644 2146 αὗται,
689 2082 786 2152 μία
816 2081 872 2136 δὲ
907 2082 1044 2152 μόνη
1075 2083 1108 2154 ἠ
1135 2081 1494 2154 ἀτελεύτητος
1535 2084 1686 2154 μένει
1714 2081 1764 2114 ⁸⁸

201 2172 446 2244 βασιλεία,
475 2173 550 2246 ην
597 2177 710 2238 τοῖς
767 2174 944 2243 ἁγίοις
993 2175 1321 2246 ηὐτρέπισεν
1371 2176 1400 2228 ὁ
1431 2173 1540 2227 τῶν
1590 2174 1762 2242 ἁγίων

199 2268 331 2332 Θεός.
367 2268 682 2323 Θάλατταν
727 2269 910 2328 τοίνυν
960 2269 1118 2323 καλεί
1148 2269 1240 2322 τὸν
1277 2268 1412 2340 βίον,
1445 2267 1540 2322 at;
1571 2267 1634 2339 δὴ
1669 2285 1763 2337 μυ-

201 2359 306 2430 ρίας
337 2360 522 2432 ἔχοντα
565 2361 880 2432 τρικυμίας,
929 2361 1164 2432 ἀνέμους
1191 2361 1249 2414 δὲ
1277 2359 1449 2431 ταύτῃ
1497 2359 1765 2432 προσϐάλο

199 2451 386 2517 λοντας,
434 2454 534 2518 τὰς
585 2453 694 2506 τῶν
752 2454 1094 2526 πραγμάτων
1130 2455 1453 2526 μεταϐολάς.
1495 2455 1763 2528 Καθάπερ

198 2544 291 2616 γὰρ
324 2545 470 2599 νότου
502 2546 612 2616 μὲν
657 2547 910 2610 πνέοντος
945 2547 1035 2599 ἐπὶ
1062 2547 1122 2600 τὸ
1160 2543 1409 2618 ἀρκτῷον
1462 2547 1624 2618 μέρος
1655 2548 1766 2601 δια-

197 2638 356 2708 τρέχει
375 2637 439 2692 τά
469 2639 720 2709 κύματα,
741 2638 929 2712 βορέου
957 2639 1013 2691 δὲ
1039 2639 1316 2703 κινοῦντος
1339 2641 1436 2712 τὴν
1455 2639 1760 2707 θάλασσαν,

197 2729 342 2784 πάλιν
365 2731 408 2762 ⁸⁸
438 2731 498 2785 τὸ
539 2733 718 2802 ῥόθιον
753 2733 847 2787 ἐπὶ
877 2733 938 2786 τδ
969 2733 1148 2787 νότιον
1185 2733 1347 2804 μέρος
1391 2732 1648 2786 ὠθεῖται·
1680 2732 1766 2786 οὗ·

197 2841 310 2890 τως,
336 2825 493 2896 ἡνίκα
551 2826 650 2896 μὲν
688 2827 966 2898 Ἀσσύριοι
1000 2829 1252 2898 κατεῖχον
1292 2825 1392 2895 τῆς
1438 2826 1766 2896 οἰκουμένης

196 2915 304 2980 τοὺς
329 2915 550 2982 οἴακας,
581 2915 715 2986 προς
742 2916 967 2981 ἑαυτοὺς
997 2917 1236 2978 ἅπαντας
1265 2909 1446 2967 εἷλκον
1483 2913 1610 2976 τοὺς
1659 2912 1764 2966 ὑπ-

199 3007 400 3076 ηκόους*
423 3007 748 3078 μεταϐάσης
775 3007 944 3078 δὲτῆς
969 3007 1242 3078 βασιλείας
1269 3007 1346 3070 είς
1378 3005 1616 3076 Πέρσας,
1644 3021 1768 3076 μετα

206 3099 292 3171 έῦη
341 3103 657 3172 παραυτίκα
701 3102 796 3155 καὶ
847 3101 956 3154 τῶν
999 3101 1257 3171 ὑπηκόων
1297 3100 1433 3170 πρὸς
1471 3100 1840 3192 ἐκείνουςόῦ

205 3191 398 3262 δρόμος.
434 3193 760 3248 Μακεδόνων
781 3193 838 3247 δὲ
869 3193 1032 3248 πάλιν
1066 3193 1132 3248 τά
1183 3193 1440 3264 σκῆπτρα
1467 3191 1762 3256 λαϐόντων,

209 3282 414 3351 ἀφέντες
443 3285 688 3348 ἅπαντες
709 3285 754 3316 ⁸⁸
785 3285 1029 3348 ἐκείνους
1052 3278 1134 3348 οἷς
1162 3285 1438 3356 ὑπήκουον
1478 3285 1762 3356 πρότερον,

205 3376 390 3442 τούτοις
425 3379 767 3450 προσέφερον
801 3378 892 3431 τὸν
923 3376 1126 3449 συνήθη
1169 3377 1394 3448 δασμόν.
1444 3377 1659 3447 Ἐπειδὴ
1708 3375 1765 3430 δὲ

215 3465 450 3539 Ῥωμαῖοι
487 3471 548 3524 τὸ
587 3471 732 3522 κο.τὰ
782 3473 1003 3524 πάντων
1033 3469 1364 3542 ἀνεδήσαντο
1410 3469 1631 3540 κράτος,
1685 3470 1765 3531 εἰς

203 3563 288 3633 τὴν
313 3559 542 3634 ἑσπέραν
576 3565 971 3636 συντρέχουσιν
1022 3565 1282 3628 ἅπαντες,
1312 3562 1642 3617 Μακεδόνων
1681 3563 1765 3615 οὐ·

202 3654 310 3709 δένα
341 3658 655 3728 ποιούμενοι
685 3657 844 3727 λόγον
863 3671 876 3685 ⁸
903 3660 1018 3720 τοῖς
1045 3655 1155 3728 γὰρ
1193 3657 1452 3727 ὑπηκόοις
1482 3656 1578 3710 καὶ
1610 3655 1763 3708 αὐτοὶ

204 3751 643 3824 συνηρίθμηντοιι.
676 3751 918 3814 Εἰκότως
946 3751 1125 3804 τοίνυν
1155 3751 1250 3814 τὰς
1276 3751 1382 3804 τῶν
1422 3751 1762 3822 πραγμάτων

203 3841 480 3906 μεταϐολὰς
512 3841 742 3912 ἀνέμοις
771 3841 1090 3906 ἀπείκασεν,
1151 3839 1200 3892 οἳ
1235 3839 1330 3892 νῦν
1364 3839 1463 3910 μὲν
1502 3833 1626 3904 ὦδε,
1667 3838 1762 3892 νῦν

198 3932 248 3984 δὲ
281 3935 446 3988 ἐκεῖσε
474 3935 579 4004 τῆς
621 3933 892 4005 θαλάττης
917 3933 1118 3986 ὠθοῦσι
1149 3933 1219 3986 τὰ
1261 3933 1502 4004 κύματα.
1555 3932 1760 3988 Τούτου

199 4025 247 4078 δὲ
291 4027 441 4098 χάριν
494 4029 595 4082 καὶ
628 4026 674 4059 ⁸⁷
711 4028 820 4080 τῶν
853 4026 1134 4096 τεσσάρων
1189 4026 1598 4096 ἐμνημόνευσεν
1643 4025 1764 4080 ἀνέ-

201 4139 322 4189 μων,
349 4123 531 4197 ἐπειδὴ
562 4123 662 4177 καὶ
685 4122 947 4194 τέσσαρες
977 4122 1232 4192 γεγόνασι
1257 4119 1543 4190 βασιλειῶν
1575 4122 1620 4154 ⁸⁸
1651 4123 1762 4178 δια-

199 4213 350 4286 δοχαί.
400 4218 658 4272 Διδάσκει
711 4216 767 4270 δὲ
810 4217 976 4288 ἡμᾶς,
1016 4217 1108 4270 καὶ
1157 4214 1348 4268 ὁποίαν
1381 4214 1516 4284 πρὸς
1555 4213 1760 4286 ἄλληλα

198 4301 298 4377 εἶχε
329 4311 394 4364 τὰ
425 4311 594 4382 θηρία
618 4309 904 4382 διαφοράν.

257 4401 313 4454 δ’.
357 4422 375 4454 ι
415 4405 488 4458 Τὸ
541 4406 760 4475 πρῶτον
804 4404 932 4474 γὰρ,
985 4404 1171 4475 φησὶν,
1207 4403 1342 4456 ὡσεὶ
1397 4402 1625 4466 λέαινα,
1668 4401 1762 4456 καὶ

1865 1898 1968 1954 bus
2002 1899 2318 1958 hominibus
2367 1911 2576 1959 metum
2639 1907 2970 1973 incuterent,
3011 1910 3174 1964 linem
3227 1912 3446 1968 tandem

1865 1990 2119 2047 habitura
2140 2009 2264 2050 esse
2293 2013 2307 2050 :
2337 2012 2507 2050 unum
2537 2010 2720 2054 autem
2753 2001 2930 2056 solum
2952 2002 3069 2058 sine
3093 2003 3199 2060 ﬁne
3219 2019 3447 2076 regnum

1866 2092 2135 2153 perpetuo
2167 2101 2590 2156 permansurum
2627 2105 2772 2158 esse,
2812 2092 2961 2162 quod
2990 2095 3202 2151 sanctis
3233 2097 3450 2166 paravit

1865 2185 2188 2231 sanctorum
2217 2177 2380 2236 Deus.
2405 2180 2560 2236 Mare
2607 2183 2796 2254 itaque
2828 2186 2995 2240 vitam
3041 2197 3219 2257 vocat,
3261 2200 3451 2260 utpote

1865 2283 1989 2336 quae
2028 2269 2279 2327 inﬁnitas
2315 2272 2516 2330 habeat
2569 2290 2775 2346 easque
2822 2279 3094 2337 maximas
3141 2283 3450 2352 procellas;

1867 2371 2044 2415 ventos
2073 2369 2254 2418 autem
2279 2365 2372 2434 qui
2400 2365 2455 2420 in
2477 2366 2672 2438 ipsum
2703 2369 2968 2442 impetum
3003 2371 3234 2438 faciunt,
3265 2391 3448 2429 rerum

1865 2453 2222 2509 mutationes.
2257 2454 2412 2512 Sicut
2444 2459 2592 2514 enim
2633 2469 2828 2516 austro
2861 2461 3027 2519 ﬂante
3067 2465 3134 2519 ad
3187 2467 3450 2521 arcticam

1867 2553 2079 2614 partem
2108 2545 2308 2603 ﬂuctus
2343 2559 2598 2616 currunt,
2629 2561 2681 2607 et
2714 2553 2883 2609 borea
2917 2570 3072 2610 mare
3111 2560 3449 2620 concitante.

1869 2649 2062 2690 rursus
2083 2636 2229 2708 unda
2261 2637 2330 2692 ad
2361 2641 2662 2695 australem
2699 2649 2912 2711 partem
2957 2645 3259 2716 impellitur
3293 2666 3306 2702 :
3341 2649 3413 2701 ita
3434 2688 3449 2710 .

1867 2727 2092 2796 quando
2120 2728 2332 2800 Assyrii
2381 2731 2536 2786 orbis
2565 2741 2838 2788 terrarum
2885 2735 3254 2806 gubernacula
3308 2742 3456 2794 obti-

1872 2821 2094 2885 nebant,
2126 2835 2319 2877 omnes
2359 2823 2637 2892 subjectos
2681 2827 2912 2896 populos
2941 2829 3006 2882 ad
3030 2844 3089 2884 se
3123 2831 3451 2895 trahebant;

1869 2913 2140 2968 translato
2161 2920 2344 2968 autem
2391 2913 2458 2968 ad
2516 2915 2712 2972 Persas
2763 2932 2956 2989 regno,
2995 2906 3304 2978 translatus
3367 2936 3454 2980 est

1869 3003 2033 3058 etiam
2089 3005 2278 3060 statim
2340 3007 2721 3074 subiectorum
2788 3009 2858 3064 ad
2929 3011 3053 3066 illos
3119 3028 3453 3072 concursus.

1871 3095 2121 3164 Gtttuquc
2157 3095 2482 3152 Macedones
2519 3109 2738 3170 sceptra
2798 3117 2994 3160 rursus
3051 3105 3454 3173 obtinuissent,

1872 3201 2086 3250 omnes,
2126 3189 2350 3244 omissis
2379 3189 2491 3246 illis
2534 3191 2738 3260 quibus
2773 3195 2930 3264 prius
2963 3196 3298 3254 obcdiebant
3321 3241 3336 3268 ,
3370 3202 3458 3257 bis

1875 3279 2138 3334 usitatum
2182 3281 2488 3337 aﬂ‘erebant
2519 3285 2807 3340 tributum.
2843 3289 3065 3345 Atvero
3098 3291 3188 3347 ubi
3217 3291 3454 3348 Romani

1872 3374 2121 3427 omnium
2157 3375 2404 3445 gentium
2449 3378 2684 3446 imperio
2719 3380 2876 3450 potiti
2905 3391 3058 3458 psunt,
3095 3383 3161 3440 ad
3197 3387 3457 3442 occiden-

1874 3473 1979 3519 tem
2009 3479 2202 3522 omnes
2231 3468 2382 3522 nulla
2418 3468 2605 3523 habita
2655 3469 3012 3528 Macedonum
3057 3476 3275 3533 ratione
3322 3494 3458 3534 eou-

1872 3565 2144 3625 currunt;
2179 3559 2453 3631 siquidem
2484 3570 2540 3616 ct
2585 3562 2660 3616 illi
2695 3565 2838 3620 inter
2885 3566 3166 3637 subjectos
3219 3571 3456 3640 populos

1876 3645 2086 3718 1191
2125 3658 2503 3708 recensentur.
2543 3651 2734 3707 Merito
2763 3654 2949 3725 itaque
2975 3670 3160 3710 rerum
3191 3659 3458 3713 mutatio-

1873 3751 1970 3791 nes
2003 3738 2184 3795 ventis
2221 3743 2587 3810 comparavit,
2630 3744 2722 3814 qui
2757 3742 2922 3801 modo
2957 3745 3088 3814 huc,
3131 3747 3293 3802 modo
3323 3749 3457 3804 illuc

1810 3837 1814 3840 '
1874 3829 2182 3886 maritimos
2222 3830 2425 3889 ﬂuctus
2489 3837 2822 3906 propellunt.
2885 3837 3262 3905 Quamobrem
3318 3857 3456 3912 qua-

1871 3927 2000 3976 tuor
2020 3923 2183 3977 etiam
2203 3935 2493 3981 ventorum
2520 3927 2856 3984 mentionem
2885 3928 3036 3994 fecit,
3067 3945 3193 3986 cum
3219 3943 3459 4004 quatuor

1869 4013 2034 4068 etiam
2066 4015 2270 4072 fuerint
2302 4034 2596 4090 regnorum
2629 4023 3040 4080 successiones.
3073 4022 3244 4080 Docet
3269 4034 3454 4082 autem

1869 4124 1996 4172 nos,
2021 4123 2132 4180 quo
2163 4111 2486 4168 discrimine
2511 4113 2702 4170 bestiae
2734 4113 2880 4170 inter
2905 4131 2967 4172 se
3001 4115 3308 4173 diﬁ‘errent.

1942 4400 2106 4458 Vens.
2147 4402 2202 4456 4.
2247 4420 2266 4454 ι
2309 4401 2498 4456 Prima
2531 4402 2701 4466 enim,
2735 4403 2938 4472 inquit,
2967 4404 3128 4474 quasi
3171 4405 3363 4466 lemna,
3399 4421 3454 4461 et

199 4493 357 4562 πτερὰ
393 4495 530 4566 αὐτῇ
556 4495 604 4526 ³³
635 4495 766 4548 ὡσεὶ
815 4495 974 4548 ἀετοῦ
997 4513 1010 4526 ο
1058 4493 1327 4564 ἐθεώρουν
1365 4494 1410 4525 ⁹⁰
1452 4494 1556 4555 ἕως
1589 4485 1649 4545 οἶ)
1684 4491 1761 4558 ὲξ-

1871 4495 1972 4548 alae
2020 4493 2124 4563 ipsi
2159 4501 2220 4548 ut
2250 4494 2454 4564 aquilae
2509 4512 2522 4548 :
2561 4497 2990 4565 contemplabar
3023 4497 3202 4552 donec
3250 4501 3454 4554 evulsa:

198 4581 333 4653 ετίλη
358 4584 424 4637 τὰ
457 4585 637 4656 πτερὰ
674 4587 977 4656 urbem,qu
1001 4586 1206 4656 ἐξήρθη
1242 4585 1350 4638 ἀπὸ
1383 4585 1482 4654 τῆς
1513 4584 1635 4656 γῆς,
1665 4583 1762 4638 καὶ

198 4672 282 4728 ἒπὶ
311 4678 480 4732 ποδῶν
502 4679 794 4750 ἀνθρώπου
822 4680 1046 4748 ἐστάθη,
1079 4681 1172 4732 καὶ
1221 4679 1417 4750 καρδία
1467 4676 1759 4750 ἀνθρώπου

199 4765 340 4839 ἒδόθη
389 4773 583 4843 αὐτῇ.»
627 4771 736 4844 Τὴν
773 4773 1072 4840 ’Λσσυρίων
1114 4771 1394 4842 βασιλείαν
1423 4771 1490 4837 θ’,
1537 4771 1636 4825 εἴτ’
1666 4767 1762 4824 οὖν

199 4860 483 4932 Χαλδαίων,
515 4864 654 4936 αὐτὴ
679 4868 724 4902 ⁹²
758 4864 868 4936 γὰρ
921 4863 1112 4934 πρώτη
1143 4863 1234 4916 τοῦ
1270 4863 1520 4918 πλείστου
1545 4865 1644 4935 τῆς
1695 4867 1763 4918 ai-

199 4956 456 5027 κουμένης
493 4957 789 5028 ἐκράτησε,
819 4957 908 5010 διὰ
959 4956 1060 5026 τῆς
1089 4955 1134 4987 9³
1173 4955 1395 5027 λεαίνης
1440 4945 1661 5028 ᾐνίξατο
1687 4955 1756 4988 ⁹³⁶

201 5043 465 5113 βασιλικὸν
491 5051 600 5122 γὰρ
624 5051 684 5104 τὸ
707 5050 866 5114 ζῶον,
891 5050 984 5104 καὶ
1007 5069 1025 5102 t
1047 5050 1116 5102 τὰ
1135 5049 1311 5120 πτερά
1323 5049 1464 5120 ἀετῷ
1486 5051 1753 5104 ἐοικέναι»

202 5138 328 5206 φησί
355 5139 421 5170 “-
458 5139 550 5192 καλ⁴
581 5139 689 5212 γὰρ
735 5138 894 5192 τοῦτο
921 5138 982 5190 τὸ
1009 5137 1146 5202 ζῶον
1174 5139 1282 5190 τῶν
1327 5138 1544 5207 πτηνῶν
1597 5137 1764 5190 άπὰν-

200 5240 298 5281 των
328 5231 538 5298 κρατεῖ.
576 5230 785 5301 Ὥσπερ
831 5227 1009 5282 τοίνυν
1043 5229 1136 5282 καὶ
1169 5229 1268 5298 τῆς
1291 5229 1496 5290 εἰκόνος
1545 5228 1760 5296 ἐκείνης

1865 4595 1998 4643 sunt
2038 4587 2140 4640 alae
2167 4586 2366 4656 ipsius,
2405 4596 2460 4641 et
2490 4587 2710 4641 sublata
2752 4595 2833 4642 est
2873 4587 2940 4642 de
2970 4595 3142 4651 terra,
3178 4597 3234 4642 et
3273 4589 3326 4643 in
3354 4607 3452 4660 pc.-

1865 4679 2028 4736 dibus
2079 4678 2320 4733 hominis
2367 4679 2545 4743 stetit,
2591 4687 2647 4734 et
2693 4694 2792 4734 cor
2846 4679 3084 4734 hominis
3135 4679 3322 4735 datum
3367 4692 3455 4737 est

1864 4771 1934 4828 ei.
1973 4790 1992 4824 ι
2032 4771 2387 4842 Assyriorum
2437 4769 2554 4826 sive
2597 4771 2984 4844 Chaldaeorum
3053 4787 3286 4842 regnum
3329 4773 3454 4843 (hoc

1865 4863 2010 4919 enim
2041 4863 2283 4934 primum
2315 4861 2610 4916 maximam
2641 4863 2888 4918 obtinuit
2917 4871 3128 4932 partem
3169 4864 3321 4920 orbis
3347 4874 3458 4920 ter-

1864 4956 2099 5027 rarum),
2125 4971 2223 5026 per
2254 4955 2477 5010 lea’nam
2518 4955 2853 5027 signiﬁcavit
2883 4975 2896 5012 :
2935 4957 3041 5012 hoc
3077 4957 3223 5012 enim
3249 4959 3457 5013 animal

1865 5049 2074 5120 regium
2112 5056 2218 5104 est.
2255 5047 2323 5102 Et
2363 5066 2382 5099 ι
2420 5049 2536 5104 alas
2581 5049 2782 5118 aquilae
2834 5051 3046 5106 similes
3087 5049 3260 5106 fuisse
3289 5071 3308 5104 ι
3357 5053 3455 5114 ait,

1873 5143 2008 5209 quia
2046 5139 2150 5194 boc
2185 5140 2312 5195 item
2334 5139 2539 5194 animal
2563 5140 2885 5196 volucribus
2913 5143 3176 5199 omnibus
3201 5143 3454 5214 imperat.

1873 5230 2348 5297 Quemadmodum
2413 5233 2600 5302 itaque
2657 5229 3176 5290 Nabuchodonosor
3237 5249 3459 5304 quoque

1497 5363 1732 5420 VARIIE
1788 5365 2192 5423 LECTIONES.

283 5504 324 5535 ⁷⁷
355 5501 394 5554 Β
422 5503 596 5558 ἔστιν.
699 5505 744 5536 ⁷³
803 5505 870 5558 ίδ.
905 5503 943 5558 Β
972 5507 1161 5558 οἰκεῖν.

258 5573 402 5643 ἀνθρ.
435 5573 574 5647 ἰι-Ε
590 5583 710 5647 ρος)
727 5575 920 5647 agam.
955 5578 1192 5645 ponitur.

195 5639 232 5692 li
259 5639 436 5710 prtem.
459 5639 605 5700 τῶνξ
679 5645 724 5678 ⁸⁸
755 5646 796 5698 Β
825 5639 1015 5716 αὐτῆς.
1092 5647 1136 5678 ⁹⁰
1170 5645 1248 5700 ὲθ.
1283 5677 1351 5686 --
1389 5639 1480 5696 πτ.
1516 5646 1608 5697 αὐτ

196 5705 240 5740 κ
268 5713 357 5747 φτ...
411 5713 450 5747 ιι
479 5728 650 5747 ..πε-ην.
701 5715 757 5747 χιι
879 5719 928 5747 οι
969 5715 1087 5747 an”:
1145 5717 1180 5747 τι
1213 5717 1314 5747 ...Μ
1373 5717 1430 5747 ,μλ
1466 5715 1608 5747 0......1

268 5713 381 5782 τῆς.
411 5713 452 5766 Β
479 5728 674 5784 ιιι-ωτι.
701 5715 782 5773 δέ.
879 5719 928 5749 νδ
951 5713 1106 5786 we.
1145 5717 1182 5770 Β
1213 5717 1340 5772 add.
1373 5717 1430 5768 τὸ
1465 5715 1763 5786 βασιλικόν.

1271 5573 1372 5628 “15
1405 5577 1574 5642 μενεῖ.

1645 5521 1681 5564 ς.
1787 5501 1834 5534 ⁸ο
1874 5503 2041 5572 λαμϐ.
2083 5505 2121 5556 Β
2157 5522 2340 5571 pra-tn.
2375 5508 2488 5560 καί.

1653 5571 1698 5602 ⁸⁸
1738 5573 1780 5626 Β
1810 5571 2064 5642 ἔμπαλιν.

3139 5505 3184 5536 θ’
3214 5503 3256 5554 Β
3289 5501 3451 5570 μέγα.

2595 5509 2634 5539 ⁸⁸
2671 5509 2710 5562 Β
2748 5508 3034 5580 βασιλέων.
3139 5508 3184 5536 ⁸³
3214 5508 3256 5554 Β
3289 5508 3428 5570 μέγα

2641 5580 2684 5610 ⁸⁷
2718 5581 2830 5634 καί.
2867 5579 2993 5632 Des.
3030 5577 3080 5629 in
3113 5575 3171 5625 B.
3251 5571 3295 5602 ³⁸
3327 5571 3431 5638 βοισ

2145 5577 2190 5605 ⁸⁸
2226 5575 2262 5626 Β
2299 5579 2562 5640 ἅπαντας.
2641 5580 2684 5610 ⁸⁷
2718 5575 2830 5634 καί.
2867 5579 2993 5632 Des.
3030 5577 3080 5629 in
3113 5575 3171 5625 B.

1092 5647 1136 5678 9°
1170 5645 1248 5700 ὲθ.
1283 5677 1351 5686 ———
1516 5646 1635 5725 αὐτ.
1671 5643 1797 5732 Qes.
1841 5639 1991 5732 illi:
2025 5715 2037 5728 .
2068 5647 2112 5676 ⁹¹
2147 5647 2270 5732 βασ.
2310 5646 2362 5700 In
2396 5649 2432 5732 Ι)
2465 5639 2586 5732 post
2619 5649 2786 5728 ξαλδ.
2826 5647 3067 5718 ponitur.
3145 5645 3190 5674 9*
3223 5640 3261 5692 Β
3288 5639 3450 5710 αὕτη.

1873 5715 1918 5746 ’⁵
1953 5715 1992 5768 Β
2021 5715 2262 5771 ἐοικέναι
2295 5715 2475 5788 φησὶν
2501 5717 2683 5771 ἀετοῦ.
