3898 6208
475 322 610 385 1415

1532 321 2021 384 TIIEODORETI
2048 321 2386 383 EPISCOPI
2408 317 2771 380 CYRENSIS

3571 312 3682 377 1436

468 431 730 505 imaginis
761 431 910 487 illius
941 442 1169 485 aureum
1202 436 1370 500 caput
1408 443 1468 485 se
1494 429 1856 500 conspexisse
1876 428 2029 493 dixit1

2142 429 2170 482 ὁ
2196 426 2665 497 Ναϐουχοδονόσορ
2714 422 2812 495 τὴν
2840 422 3084 496 κεφαλὴν
3138 420 3245 493 ἔφη
3274 421 3560 477 τεθεὲσθαι
3580 441 3689 495 χρο-

468 525 619 597 ψιοά
690 525 1065 593 interpretans
1124 521 1521 578 sanctissimus
1576 520 1772 576 Daniel
1823 520 1963 576 dixit
2021 538 2035 574 :

477 636 496 669 ι
521 618 692 685 Caput
721 628 950 669 aureum
978 620 1035 666 tu
1068 628 1148 676 es,
1189 628 1223 668 ο
1254 629 1388 676 rex;
1431 631 1453 663 ι
1494 614 1571 667 ita
1610 621 1665 669 et
1695 613 1800 668 hoc
1830 613 1885 666 in
1919 613 2039 667 loco

473 707 773 763 bestiarum
827 702 1189 758 fortissimam
1247 702 1303 757 in
1360 703 1541 773 primo
1591 717 1764 772 regno
1815 702 2035 765 locavit,

470 813 580 853 non
619 797 637 817 '
670 795 936 864 majorem
986 794 1066 848 illi
1109 794 1217 848 vim
1257 795 1443 850 inesse
1492 801 1749 857 testatus,
1787 793 1884 848 sed
1916 800 2038 846 tan-

468 903 630 960 quam
679 891 915 955 primam
949 884 1256 955 digniorem
1291 885 1610 942 ostendens.
1644 883 2037 939 Verumtamen

473 1000 492 1031 ι
539 978 685 1032 illius
737 978 854 1030 alas
903 978 1127 1031 evulsas
1169 995 1188 1027 ι
1231 976 1391 1041 vidit,
1454 977 1558 1031 hoc
1592 985 1699 1040 est,
1751 976 1822 1031 ab
1884 975 2036 1029 omni

468 1070 573 1125 sibi
613 1069 860 1137 subjecto
908 1067 1109 1137 populo
1153 1060 1498 1131 destitutam,
1535 1077 1587 1121 et
1621 1066 1853 1138 pristina
1885 1074 2038 1135 pote-

468 1167 611 1215 state
646 1159 935 1228 privatam.
975 1176 992 1208 ι
1018 1158 1085 1211 Ει
1107 1158 1322 1212 sublata
1357 1168 1461 1223 est,
1491 1158 1689 1228 inquit,
1717 1157 1786 1212 de
1815 1163 1981 1219 terra,
2010 1172 2029 1205 ι

466 1254 570 1308 hoc
610 1260 714 1319 est,
772 1265 1005 1321 regnare
1041 1250 1225 1306 desiit.
1271 1268 1290 1300 ι
1332 1248 1397 1302 Ει
1437 1249 1491 1302 in
1529 1249 1780 1319 pedibus,
1833 1247 2032 1317 inquit,

464 1344 704 1398 hominis
735 1343 925 1398 stetit:
968 1359 988 1392 ι
1026 1341 1272 1411 aequalis,
1317 1341 1413 1406 ait,
1464 1341 1569 1396 sibi
1612 1340 1878 1409 subjectis
1905 1354 2034 1394 eva-

462 1437 558 1493 sit.
594 1454 612 1487 ι
652 1434 715 1487 Et
744 1450 841 1489 cor
878 1432 1122 1489 hominis
1148 1433 1336 1487 datum
1371 1441 1455 1488 est
1492 1433 1543 1488 ei
1575 1452 1588 1487 :
1631 1451 1650 1485 ι
1697 1432 2034 1503 experientia

463 1527 657 1582 didicit
688 1525 927 1579 humana
967 1522 1180 1593 1192
1207 1523 1472 1593 cogitare,
1497 1537 1680 1592 neque
1708 1524 1910 1578 mentis
1935 1536 2033 1576 co-

460 1618 725 1688 gitatione
769 1624 982 1670 naturae
1038 1616 1309 1670 terminos
1349 1613 1678 1684 transgredi.
1731 1612 1868 1667 Nam
1903 1611 2032 1683 quia

464 1706 565 1771 illi,
612 1720 737 1759 cum
781 1703 934 1774 regni
963 1702 1338 1774 gubernacula
1373 1708 1644 1765 tenerent,
1679 1701 1949 1773 superbia:
1977 1708 2033 1754 et

2144 522 2274 591 σῆν·
2322 517 2641 590 ἑρμηνεύων
2688 517 2744 571 δὲ
2791 517 2820 569 ὁ
2869 514 3144 578 θειότατος
3188 514 3392 585 Δανιὴλ
3418 522 3552 587 ενρηο
3580 536 3597 568 ι
3630 517 3687 571 Ἦ

2140 611 2349 681 κεφαλὴ
2403 608 2640 681 ήχρυσῆ
2681 608 2746 661 σὺ
2784 604 3113 677 εἶ,.βασιλεῦ
3136 624 3148 636 ·
3197 625 3217 659 ι
3250 606 3395 663 οὕτω
3436 608 3691 667 κάνταῦθα

2137 700 2248 753 τῶν
2297 699 2501 771 θηρίων
2533 698 2593 751 τὸ
2621 698 2911 768 κράτιστον
2956 699 3051 752 ἐπὶ
3094 698 3193 767 τῆς
3230 698 3456 768 πρώτης
3496 701 3688 758 τέθεικε

2140 789 2436 860 βασιλείας,
2465 788 2566 841 οὐκ
2610 788 2763 858 ίσχὺν
2791 788 2927 858 αὐτῇ
2966 786 3193 842 πλείονα
3248 790 3683 861 προσμαρτυρῶν,

2136 881 2252 935 ἀλλ’
2283 879 2359 943 ὼς
2402 879 2625 950 πρώτην
2656 878 2989 949 τιμιωτέραν
3019 878 3362 949 ἀποφαίνων.
3406 879 3685 952 Ἀλλ’ὃμως

2135 966 2396 1034 εἷδενμῦς
2441 988 2460 1020 ι
2496 967 2712 1038 ὲξετίλη
2769 968 2940 1038 αὐτῆς
2989 967 3059 1021 τὰ
3108 971 3322 1040 πτεράο
3383 988 3404 1022 ι
3440 972 3687 1036 τουτέστι,

2136 1061 2317 1132 γυμνὴ
2355 1059 2460 1114 τῶν
2489 1056 3030 1130 ὐπηκόωνάπάντων
3056 1059 3291 1128 ὲγένετο,
3324 1062 3421 1114 καὶ
3451 1062 3551 1133 τῆς
3577 1082 3689 1136 προ-

2135 1152 2298 1222 τέρας
2334 1150 2601 1222 ἐστερήθη
2634 1150 2938 1220 δυνάμεως.
2971 1168 2991 1202 ι
3038 1151 3149 1204 Καὶ
3169 1150 3397 1239 ἐξήρθη,
3419 1154 3567 1222 φησι,
3595 1156 3687 1208 ἀπὸ

2135 1240 2237 1310 τῆς
2286 1240 2410 1309 γῆς·
2449 1258 2469 1291 ι
2501 1240 2623 1292 ἀντὶ
2681 1237 2796 1303 τοῦ,
2851 1238 3155 1308 βασιλεύειν
3190 1237 3490 1295 ἐπαύσατο.
3541 1262 3558 1294 ι
3593 1244 3687 1297 Καὶ

2134 1331 2228 1384 ἐπὶ
2277 1329 2473 1392 ποδῶν,
2535 1331 2699 1401 φησὶν
2737 1329 2806 1395 ⁸⁸,
2852 1328 3141 1399 ἀνθρώπου
3204 1330 3433 1403 ἐστάθη.
3480 1350 3498 1383 i
3563 1334 3683 1405 Ἴση,

2136 1422 2289 1493 φησὶ,
2327 1424 2438 1484 τοῖς
2477 1422 2740 1493 ὑπηκόοις
2768 1421 3005 1489 ἐγένετο.
3045 1441 3065 1473 ι
3109 1423 3221 1477 Kal
3256 1422 3683 1494 καρδίωὼιθρώ-

2134 1533 2238 1568 που
2287 1514 2440 1587 ἐδόθη
2491 1515 2682 1586 αὐτῇ.»
2718 1515 3043 1586 Μεμάθηκε,
3072 1514 3227 1587 φησὶ,
3257 1515 3347 1569 διὰ
3375 1516 3477 1587 τῆς
3513 1519 3682 1589 πείρας

2133 1605 2447 1678 ἀνθρώπινα
2480 1608 2717 1676 φρονεῖν,
2742 1607 2834 1659 καὶ
2862 1604 2937 1676 μὴ
2968 1604 3323 1677 ὑπερϐαίνειν
3344 1608 3412 1676 τῇ
3438 1607 3681 1673 φαντασία

2132 1700 2231 1771 τῆς
2262 1698 2499 1762 διανοίας
2550 1698 2620 1751 τὰ
2647 1697 2839 1769 ,μέτρα
2896 1698 2993 1768 τῆς
3022 1697 3236 1768 φύσεως
3260 1714 3273 1727 ·
3330 1698 3519 1769 ἐπειδὴ
3567 1698 3678 1769 γάρ,

463 1798 743 1852 imtnensze
771 1794 1098 1865 arrogantia:
1124 1792 1315 1848 morbo
1361 1792 1708 1857 laborabant,
1739 1800 1793 1846 et
1823 1790 2029 1846 idcirco

2134 1769 2297 1859 ἡνίκα
2336 1788 2405 1842 τὰ
2446 1789 2546 1858 τῆς
2596 1787 2872 1858 βασιλείας
2927 1792 3174 1859 κατεῖχον
3226 1789 3487 1861 πηδάλια,
3537 1791 3677 1860 τύφου

461 1891 657 1945 beatus
690 1886 897 1943 Isaias:
936 1904 955 1938 ι
990 1884 1240 1951 inducet,
1276 1885 1477 1955 inquit,
1506 1883 1650 1941 Deus
1676 1898 1842 1954 super
1884 1898 2032 1939 men-

465 1992 573 2037 tcm
640 1994 893 2051 magnam
951 1977 1257 2049 principem
1317 1977 1670 2048 Assyriorum
1716 1987 1775 2044 0;
1820 1994 1840 2027 ι
1905 1975 2032 2046 jure

460 2075 626 2130 etiam
660 2070 994 2142 experientia
1028 2069 1249 2140 cngnita
1295 2084 1481 2124 rerum
1529 2070 1830 2125 mutatione
1858 2077 1912 2124 et
1945 2069 2030 2123 lu-

461 2165 614 2220 brica
655 2179 720 2217 ac
765 2161 909 2217 ﬂuxa
946 2160 1223 2226 felicitate,
1275 2160 1518 2215 humana
1546 2161 1814 2232 cogitant,
1848 2167 1903 2215 et
1941 2175 2030 2217 se-

462 2258 612 2326 ipsos
652 2261 1011 2324 agnoscentes
1054 2253 1352 2307 humanum
1404 2267 1502 2308 cor
1534 2252 1720 2323 adepti
1754 2260 1905 2308 sunt.
1940 2251 2032 2309 Sic

463 2348 632 2417 igitur
663 2358 786 2414 quae
815 2342 884 2397 ad
932 2342 1163 2413 primam
1203 2342 1436 2400 bestiam
1471 2345 1772 2415 pertinent,
1805 2358 2032 2400 enarra-

464 2434 557 2490 vit.
602 2430 836 2504 Subjicit
867 2437 1051 2487 autem
1092 2448 1108 2487 :

2134 1881 2350 1934 ὲνόσουν
2377 1880 2474 1933 καὶ
2514 1878 2839 1943 ἀλαζονείας
2872 1878 3171 1949 ἀμετρίανο
3214 1880 3296 1935 διὸ
3337 1881 3435 1933 καὶ
3461 1880 3489 1932 ό
3523 1882 3676 1951 μακά-

2137 1992 2249 2046 ριος
2306 1973 2530 2036 Ἡσαΐας
2590 1973 2783 2043 φησίν
2821 1990 2840 2023 ι
2892 1971 3112 2036 Ἐπάξει
3148 1972 3194 2005 ⁸⁷
3223 1974 3253 2027 ό
3295 1973 3432 2037 Θεὸς
3475 1974 3563 2027 ἐπὶ
3603 1973 3683 2027 τὸν

2133 2064 2256 2120 νοῦν
2311 2063 2402 2118 τὸν
2434 2063 2615 2134 μέγαν
2632 2062 2726 2116 τὸν
2757 2062 2994 2135 ἄρχοντα
3039 2062 3151 2117 τῶν
3193 2065 3525 2135 Ἀσσυρίων·
3564 2082 3582 2114 ι
3617 2068 3684 2117 εἰ·

2133 2158 2304 2221 κότως
2341 2156 2437 2209 καὶ
2464 2155 2562 2226 τὴν
2590 2154 2699 2209 τῶν
2734 2155 3077 2227 πραγμάτων
3109 2155 3415 2227 μεταϐολὴν
3447 2158 3511 2227 τῇ
3537 2158 3686 2227 πείρᾳ

2135 2249 2399 2321 μαθόντες
2437 2248 2529 2302 καὶ
2562 2251 2659 2320 τῆς
2704 2249 3009 2321 εὐημερίας
3054 2247 3113 2302 τὸ
3152 2249 3441 2320 σφαλερὸν,
3492 2248 3687 2319 ἀνθρώ-

2130 2360 2261 2396 πινα
2293 2341 2341 2374 ”
2395 2341 2652 2414 φρονοῦσι
2676 2381 2693 2409 ,
2757 2341 2853 2395 καὶ
2904 2341 3132 2406 ἑαυτοὺς
3180 2341 3511 2410 γινώσκουσι
3540 2381 3555 2405 ,
3602 2343 3685 2395 καὶ

2130 2432 2359 2504 καρδίαν
2423 2432 2777 2506 ἀνθρωπίνην
2846 2433 3167 2505 ἐκτήσαντο.
3239 2433 3399 2488 Οὕτω
3451 2434 3546 2503 μὲν
3602 2429 3683 2487 οὖν

2129 2524 2199 2579 τὰ
2251 2523 2380 2594 περὶ
2422 2522 2516 2576 τοῦ
2550 2522 2767 2594 πρώτου
2817 2522 3116 2593 διηγήσατο
3144 2523 3361 2595 θηρίου.
3407 2523 3681 2591 Ἐπάγεικ

2029 2640 2032 2644 ,
2129 2615 2231 2668 δέ.

526 2700 693 2756 Vens.
733 2700 786 2756 b.
834 2717 854 2753 ι
907 2698 974 2755 Et
1002 2714 1133 2756 ecce
1177 2700 1355 2756 bestia
1392 2701 1499 2758 alia
1534 2702 1734 2760 similis
1765 2718 1919 2773 urso,
1975 2712 2032 2761 et

458 2795 514 2849 in
550 2803 757 2865 partem
784 2808 950 2848 unam
982 2792 1157 2860 stetit,
1185 2802 1237 2850 et
1264 2803 1375 2850 tres
1403 2795 1502 2851 alae
1533 2796 1589 2851 in
1620 2812 1715 2853 ore
1740 2797 1860 2868 ejus
1888 2798 2031 2854 inter

457 2887 655 2941 dentes
685 2885 882 2956 ipsius,
919 2894 972 2941 et
1005 2885 1088 2941 sic
1114 2885 1374 2942 dicebant
1402 2889 1452 2942 ei
1489 2907 1502 2942 :
1561 2887 1756 2961 Surge,
1808 2891 2030 2946 comede

465 2991 651 3031 carnes
699 2977 918 3030 multas.
959 2992 977 3025 ι
1029 2973 1314 3031 Persicum
1377 2976 1467 3032 hic
1527 2979 1708 3032 innuit
1749 2993 1973 3048 regnum
2011 2997 2024 3034 :

2201 2716 2262 2764 ε’.
2307 2728 2326 2762 ι
2383 2709 2491 2762 Καὶ
2532 2708 2639 2762 ἰδοὺ
2688 2706 2878 2778 θηρίον
2915 2707 3102 2779 ἕτερον
3142 2710 3160 2739 ί
3208 2708 3398 2779 ὅμοιον
3452 2706 3689 2777 ᾶρκτῳ¹,,

2130 2801 2224 2855 καὶ⁵
2252 2802 2332 2864 είς
2364 2801 2530 2872 μέρος
2563 2801 2621 2852 ἐν
2653 2797 2881 2872 ἐστάθη,
2906 2799 2999 2852 καὶ
3031 2799 3159 2870 τρία
3191 2799 3370 2868 πτερὰ
3395 2799 3454 2853 ὲν
3479 2797 3556 2868 τῷ
3578 2798 3682 2851 στόο

2132 2909 2263 2962 ματι
2284 2891 2452 2962 αὐτῆς
2480 2890 2753 2960 άναμέσον
2776 2892 2884 2944 τῶν
2908 2890 3135 2944 ὀδόντων
3184 2890 3375 2960 αύτῆς,
3403 2890 3496 2943 καὶ
3524 2888 3681 2950 οὕτως

2131 2981 2314 3050 ἔλεγον
2334 2983 2497 3053 αύτῇ’
2550 2983 2783 3036 ’Δνάστα
2812 2981 2855 3045 ³,
2884 2978 3027 3050 φάγε
3064 2981 3274 3052 σάρκας
3300 2979 3551 3044 πολλάς.»
3582 2980 3681 3049 Τὴν

455 3072 600 3141 quod
633 3088 759 3125 urso
786 3071 968 3127 simile
1004 3070 1177 3128 [uisse
1207 3071 1426 3139 asserit,
1463 3084 1688 3144 propter
1721 3075 2026 3144 supplicio-

2133 3075 2406 3147 Περσικὴν
2459 3074 2695 3129 ἐνταῦθα
2734 3073 3010 3145 βασιλείαν
3066 3073 3395 3128 αἰνίττεται’
3444 3072 3591 3145 ἄρκῳ
3628 3072 3681 3125 δὲ

454 3181 576 3219 rum
608 3165 990 3221 crudelitatem
1021 3165 1548 3236 humanitatemque.
1580 3166 1715 3221 Nam
1750 3166 2025 3224 Barbaro-

452 3273 576 3312 rum
606 3258 852 3311 omnium
893 3257 1259 3313 crudelissimi
1292 3257 1473 3313 Persae
1505 3259 1561 3313 in
1593 3259 1897 3329 puniendo,
1938 3261 2024 3316 vel

452 3349 570 3418 ipsa
604 3348 753 3404 coria
789 3348 1105 3403 hominibus
1157 3348 1534 3415 detrahentes,
1591 3358 1646 3403 et
1679 3349 2022 3421 singulorum

452 3448 669 3494 artuum
698 3441 940 3494 sectione
986 3438 1178 3504 longas
1223 3452 1417 3510 prcnas
1466 3439 1787 3506 machinati,
1823 3443 2018 3498 acerba

449 3547 547 3586 eos
572 3531 669 3600 qui
701 3529 1028 3600 punirentur
1058 3538 1236 3586 morte
1268 3530 1591 3586 multabant.
1621 3528 1834 3587 Idcirco
1871 3534 2022 3590 dice-

448 3625 586 3680 hant
612 3623 741 3694 ipsi,
772 3622 986 3692 inquit:
1021 3639 1041 3672 ι
1071 3619 1269 3693 Surge,
1286 3620 1515 3677 comede
1541 3637 1738 3678 carnes
1762 3625 2016 3692 multas»

450 3729 562 3768 non
595 3720 655 3767 ut
704 3712 758 3768 id
796 3712 1004 3768 faceret
1034 3713 1427 3778 concedentes,
1464 3713 1561 3768 sed
1596 3712 1782 3770 iutura
1818 3717 2021 3787 praedi-

450 3810 663 3863 centes,
702 3810 758 3857 et
801 3801 1188 3858 crudelitatem
1241 3801 1628 3875 feritatcmque
1675 3815 2016 3864 attestantes.

456 3912 477 3947 α
510 3891 645 3948 Tres
678 3903 859 3948 autem
891 3894 1014 3959 alae,
1048 3894 1250 3964 inquit,
1285 3894 1342 3949 in
1377 3911 1472 3951 ore
1513 3897 1654 3967 ejus.
1695 3916 1714 3948 ι
1746 3897 1881 3953 Nam
1923 3900 2023 3954 tri-

451 3984 556 4040 bus
584 3982 738 4061 orbis
780 3990 1048 4039 terrarum
1084 3985 1336 4054 partibus
1382 3986 1694 4056 imperavit,
1725 3989 1982 4045 orientali
2004 4030 2021 4057 ,

2128 3166 2297 3236 αιτὴν
2328 3167 2563 3220 ἐοικέναι
2586 3165 2739 3236 φησι,
2768 3164 2857 3218 διὰ
2893 3164 2967 3218 τὸ
2993 3163 3101 3217 τῶν
3126 3163 3410 3235 τιμωριῶν
3437 3162 3580 3233 ὠμὸν
3601 3163 3681 3215 καὶ

2128 3258 2353 3322 ἀπηνές.
2394 3257 2697 3328 Βαρϐάρων
2724 3258 2832 3328 γὰρ
2864 3256 3120 3311 ἁπάντων
3144 3254 3417 3327 ὠμότεροι
3450 3254 3571 3325 περὶ
3595 3252 3679 3316 τὰς

2123 3351 2393 3422 τιμωρίας
2422 3352 2469 3403 οἱ
2507 3351 2736 3420 Πέρσαι,
2759 3349 3006 3419 ἑκδοραῖς
3027 3346 3324 3418 χρώμενοι,
3360 3346 3453 3399 καὶ
3471 3349 3534 3417 τῇ
3554 3346 3676 3398 κατά

2128 3442 2293 3514 μέρος
2315 3440 2425 3494 τῶν
2454 3439 2661 3511 μορίων
2683 3440 2887 3509 ἐκτομῇ
2923 3438 3139 3509 μακρὰς
3157 3437 3274 3501 ’τὰς
3300 3436 3547 3500 κολάσεις
3584 3452 3677 3505 μη-

2124 3534 2449 3605 χανώμενοι,
2500 3533 2594 3587 καὶ
2633 3530 2830 3602 πικρὸν
2864 3531 3368 3595 κατασκευάζοντες
3385 3532 3497 3593 τοῖς
3531 3528 3672 3582 κολα-

2125 3626 2375 3696 ζομένοις
2401 3625 2491 3679 τὸν
2522 3626 2772 3678 θάνατον.
2795 3622 2896 3676 Διὰ
2930 3621 3111 3687 τοῦτο,
3164 3621 3320 3692 φησὶ,
3372 3621 3466 3676 καὶ
3512 3620 3673 3688 ἔλεγον

2124 3718 2261 3788 αὐτῇ
2286 3733 2300 3747 ο
2334 3735 2351 3768 ι
2398 3716 2650 3780 Ἀνάστα,
2685 3714 2827 3783 φάγε
2862 3714 3072 3785 σάρκας
3112 3713 3348 3777 πολλάς·
3389 3736 3409 3764 ι
3438 3713 3534 3766 οὐκ
3570 3712 3673 3764 ἑπι-

2123 3810 2416 3880 τρέποντες
2452 3806 2611 3861 τοῦτο
2663 3809 2859 3871 ποιεῖν,
2910 3804 3047 3859 ἀλλὰ
3094 3804 3454 3875 προλέγοντες
3484 3804 3547 3858 τά
3577 3803 3668 3856 ἒ.σό-

2126 3918 2283 3972 μενα,
2301 3901 2393 3954 καὶ
2421 3900 2481 3954 τὺ
2509 3900 2660 3971 ὠμὸν
2690 3899 2782 3954 καὶ
2812 3900 3088 3970 ἀνήμερον
3121 3896 3668 3969 προσμαρτυροῦντες.

2129 4012 2148 4046 ι
2182 3993 2319 4065 Τρία
2337 3992 2412 4059 δὲ,
2454 3993 2608 4061 φησὶ,
2639 3991 2816 4061 πτερὰ
2852 3992 2911 4043 ἐν
2940 3990 3018 4061 τῷ
3047 3991 3276 4061 στόματι
3311 3989 3500 4059 αὐτῆς.
3524 4006 3542 4039 ι
3569 3987 3671 4040 Τῶν

449 4073 781 4144 aquilonari,
838 4081 893 4130 et
942 4076 1194 4132 australi.
1253 4078 1430 4149 Cyrus
1458 4078 1627 4143 enim,
1679 4080 1773 4149 qui
1808 4080 2021 4150 primus

2133 4085 2287 4157 τριῶν
2319 4086 2426 4154 γὰρ
2448 4083 2547 4153 τῆς
2580 4082 2905 4153 οἰκουμένης
2931 4081 3237 4153 τμημάτων
3273 4082 3562 4151 ἐκράτησε,
3591 4077 3670 4132 τοῦ

448 4163 738 4222 Persarum
769 4181 998 4237 regnum
1039 4167 1302 4234 obtinuit,
1338 4184 1557 4225 omnem
1608 4169 1888 4226 Orientem
1922 4189 2021 4229 us-

2133 4178 2282 4249 ἑῴου,
2316 4178 2410 4231 καὶ
2438 4175 2532 4231 τοῦ
2557 4177 2796 4248 βορείου,
2839 4175 2933 4227 καὶ
2972 4174 3066 4228 τοῦ
3116 4175 3313 4228 νοτίου.
3376 4171 3554 4244 Κῦρος
3589 4171 3668 4242 μὲν

448 4274 555 4330 que
583 4258 650 4313 ad
683 4257 1094 4329 Hellespontum
1152 4258 1210 4313 in
1258 4275 1415 4316 suam
1460 4260 1723 4317 ditionem
1767 4264 2017 4336 redegit;

2133 4272 2251 4342 γὰρ,
2298 4271 2326 4323 ὁ
2365 4270 2578 4341 πρῶτος
2625 4267 2848 4341 Περσῶν
2879 4265 3221 4337 βασιλεύσας,
3253 4264 3317 4318 τὺ
3357 4262 3524 4334 Ἐᾧον
3547 4262 3670 4316 ἅπαν

448 4348 744 4422 Cambyses
803 4357 1030 4418 autem,
1092 4349 1243 4406 illius
1293 4351 1505 4423 1193
1563 4352 1732 4420 ﬁlius,
1789 4354 2018 4412 subacta

2133 4360 2288 4432 μέχρι
2354 4358 2449 4412 τοῦ
2519 4356 2913 4428 Ἑλλησπόντου
2974 4354 3065 4424 ὑφ’
3100 4351 3291 4405 ἑαυτὸν
3347 4349 3627 4419 ἐποιήσατο
3654 4359 3666 4374 ·

447 4442 703 4514 IEgypto,
751 4441 1042 4512 Ethiopas
1068 4457 1287 4513 quoque
1324 4443 1427 4497 sibi
1478 4442 1755 4513 subjecit:
1823 4443 2018 4502 Darius

2133 4451 2424 4523 Καμϐύσης
2444 4451 2499 4505 δὲ
2529 4451 2557 4503 ό
2585 4449 2777 4503 τούτου
2814 4448 2940 4509 παῖς
2991 4449 3082 4498 καὶ
3114 4443 3214 4515 τὴν
3243 4443 3517 4511 Αἴγυπτον
3550 4440 3670 4507 ἔχει·

450 4548 578 4589 τετυ
609 4532 921 4604 Hystaspis,
965 4534 1298 4605 Scytharum
1335 4533 1640 4590 Nomadum
1667 4536 1896 4607 imperio
1922 4554 2023 4609 po-

2133 4545 2358 4615 ρώσατο,
2393 4542 2486 4597 καὶ
2523 4541 2785 4604 Αἰθίοπας
2831 4538 3105 4608 ὑπηκόους
3143 4535 3426 4605 ἀπέφηνε·
3472 4531 3671 4600 Δαρεῖθς

449 4628 582 4685 titus
616 4634 717 4693 est,
754 4627 956 4696 quibus
986 4626 1052 4681 ad
1092 4626 1442 4682 incolendum
1480 4626 1621 4683 forte
1664 4628 1861 4699 obtigit
1892 4643 2023 4701 pars

2133 4635 2175 4688 se
2198 4636 2225 4688 ὁ
2252 4633 2344 4688 τοῦ
2372 4638 2394 4669 δ
2452 4632 2781 4695 Ὑστάσπου,
2814 4628 3034 4682 Σκυθῶν
3071 4627 3179 4680 τῶν
3226 4624 3494 4695 Νομάδων
3525 4618 3664 4689 ἐκρά-

446 4716 804 4784 aquilonaris.
854 4715 923 4769 Et
955 4715 1168 4772 Xerxes
1219 4716 1364 4772 Darii
1415 4718 1604 4791 (ﬁlius)
1653 4729 1886 4775 conatus
1934 4732 2019 4777 est

2133 4742 2301 4797 ιησεν,
2343 4724 2392 4777 οἳ
2426 4724 2486 4778 τὸ
2525 4723 2733 4794 βόρειον
2765 4721 2956 4791 ἔλαχον
2983 4720 3005 4752 ⁸
3035 4718 3199 4790 μέρος
3238 4717 3338 4787 τῆς
3371 4712 3667 4783 οἰκουμένης

446 4803 720 4875 Europam
748 4821 873 4861 cum
907 4807 1137 4877 imperio
1169 4824 1271 4865 suo
1299 4809 1635 4881 conjungere
1669 4830 1680 4865 :
1713 4813 1805 4867 sed
1837 4813 2017 4867 navali

2133 4820 2308 4873 iixeiv.
2333 4815 2538 4888 Ξέρξης
2581 4815 2638 4868 δὲ
2661 4816 2689 4868 ό
2714 4813 2942 4882 Δαρείου
2971 4810 3296 4881 ἐπεχείρησε
3332 4807 3432 4878 μὲν
3470 4806 3558 4859 καὶ
3587 4802 3665 4869 τὴν

448 4911 632 4965 pugna
662 4899 839 4953 victus
889 4898 956 4954 ab
1006 4900 1455 4966 Atheniensibus,
1505 4902 1740 4974 turpiter
1791 4903 2012 4958 domum

2133 4908 2393 4981 Εὐρώπην
2435 4909 2548 4971 τοῖς
2596 4906 2861 4977 ὑπηκόοις
2899 4900 3161 4971 συνάψαι·
3200 4897 3480 4969 ναυμαχία
3509 4895 3560 4948 δὲ
3587 4896 3663 4963 ητ-

444 4986 629 5050 rediit,
658 4991 938 5060 sensitque
968 4990 1177 5048 cladem
1225 4993 1293 5048 ab
1343 4992 1663 5063 inexplebili
1712 4994 2015 5065 cupiditate

2133 5000 2306 5071 ιηθεὶς
2346 4998 2665 5070 Ἀθηναίων,
2696 4995 2934 5068 αἰσχρῶς
2962 4990 3279 5063 ἀνέστρεψε,
3315 4990 3410 5043 καὶ
3455 4987 3549 5057 τὴν
3578 4982 3663 5038 ἀπὸ

444 5079 768 5150 profectam.
797 5083 1007 5139 Idcirco
1034 5104 1052 5137 ι
1084 5092 1198 5143 tres
1218 5086 1357 5154 alas,
1389 5085 1590 5158 inquit,
1621 5089 1676 5142 in
1704 5102 1796 5142 ore
1819 5088 1939 5158 ejus
1964 5109 2010 5143 ε»

2133 5093 2220 5160 τῆς
2251 5089 2555 5159 ἀπληστίας
2602 5088 2929 5159 τικτομένην
2979 5082 3150 5154 ἔμαθε
3201 5080 3427 5152 βλάϐην.
3487 5076 3659 5131 Τούτου

444 5171 693 5240 quze-Jam
724 5175 741 5196 ‘
774 5184 956 5230 autem
990 5177 1319 5248 exemplaria
1356 5177 1559 5234 habent
1590 5179 1757 5232 latera
1806 5192 1826 5231 :
1876 5179 2010 5232 nihil

2133 5181 2281 5247 χάριν
2305 5178 2471 5249 φησί’
2517 5197 2534 5229 ι
2575 5177 2713 5247 Τρία
2752 5175 2925 5245 πτερὰ
2964 5176 3021 5228 ὲν
3046 5170 3123 5242 τῷ
3160 5172 3387 5244 στόματι
3416 5168 3609 5237 αύτῆς’
3639 5182 3655 5216 ι

522 5336 546 5365 ο
578 5324 683 5382 lsa.
718 5343 769 5396 κ,
799 5328 887 5382 12.

1680 5487 1918 5545 VARIAE
1948 5486 2348 5544 LECTIONES.

446 5668 888 5757 ,Ἤρης-,βεε-
922 5670 1079 5757 ίιιβο.
1134 5671 1768 5757 .⁹⁷.ιπ·,.θυτεςιη·.καές
1870 5669 2548 5757 ’."".‘.’°P-.‘3;P'.“e"}:-’f°f.‘-
2702 5669 2742 5723 Β
2779 5668 3081 5757 έπήῖςιτεν·
3170 5668 3295 5723 “*-
3335 5662 3641 5733 Αδεθτερον-

470 5738 544 5808 ⁸Α
572 5748 623 5794 ct
653 5738 694 5793 Β
723 5738 896 5811 ἄρκῳ.
989 5741 1010 5773 ³
1050 5741 1093 5795 Α
1123 5738 1445 5811 meme-.5
1518 5744 1539 5774 ⁸
1569 5740 1685 5796 τοῦ.
1723 5741 1846 5798 Des.
1878 5741 1934 5795 in
1968 5743 2023 5796 Β.
2051 5738 2061 5742 ⁷
2093 5741 2113 5773 ⁸
2150 5739 2227 5793 ελ.
2260 5739 2317 5792 ln
2351 5739 2388 5791 Β
2408 5748 2528 5801 post
2552 5741 2768 5812 οἰκουμ.
2793 5738 3032 5812 ponitur.
