3898 6208
243 332 378 400 1417

1450 328 1530 392 1N
1562 314 1919 390 DANiELlS
1946 327 2103 387 car.
2139 324 2268 386 v11.

3364 318 3496 384 1418

239 455 354 507 ἔνια
376 452 434 505 δὲ
457 449 563 504 τῶν
588 449 933 523 ἀντιγράφων
962 450 1192 518 πλευρὰ
1229 447 1341 518 ἔχει
1360 465 1374 478 ·
1430 446 1585 501 οὐδὲν
1613 446 1670 498 δὲ
1700 445 1818 499 δια-

1930 458 2051 498 vero
2087 440 2269 495 refert.
2328 438 2454 493 Sive
2500 436 2668 500 enim,
2704 437 2828 499 hoc,
2886 436 3002 493 sive
3044 436 3176 490 illud
3231 444 3495 506 ponatur,

242 546 421 615 φέρει.
466 543 589 596 Εἴτε
619 543 727 614 γάρ
772 542 949 605 τοῦτο,
983 541 1092 594 είτε
1129 541 1305 595 έκεῖνο
1343 538 1546 608 τεθείη,
1575 536 1818 591 διδάσκει

241 636 319 697 ὡς
356 636 422 688 τὰ
446 635 573 705 τρία
597 635 862 705 τμήματα
894 634 993 703 τῆς
1023 631 1349 704 οἰκουμένης
1377 629 1705 702 καρποῦται,
1728 628 1841 682 καὶ]

239 727 332 781 τὸν
363 725 699 796 πανταχόθεν
734 723 1051 795 ὑποδέχεται
1082 722 1266 794 φόρον.
1300 722 1496 785 Καλῶς
1522 721 1580 775 δὲ
1609 721 1704 775 καὶ
1737 720 1818 785 τὸ,

245 837 264 870 ι
290 820 346 870 ἐν
369 817 448 887 τῷ
489 816 715 887 στόματι
759 815 926 885 αὐτῆς
958 833 978 867 ›
1000 813 1405 886 προστέθεικεν,
1433 812 1521 866 ῐνα
1547 811 1696 883 δείξῃ
1723 809 1821 881 τήν

241 909 394 980 παρά
433 908 650 961 πάντων
684 906 1091 979 χορηγουμένην
1144 905 1423 976 εἰσφοράν.
1469 903 1579 957 Καὶ
1633 901 1820 971 ἐπειδὴ

236 1000 302 1053 οὐ
360 999 706 1053 παντάπασιν
753 999 787 1068 ή
841 996 1085 1067 βασιλεία
1142 994 1280 1066 αὕτη
1334 993 1623 1065 κατελύθη,
1683 993 1820 1046 ἀλλὰ

242 1087 443 1160 μοῖράν
507 1104 629 1139 τινα
691 1087 791 1158 τῆς
849 1086 1123 1157 προτέρας
1184 1086 1485 1156 ἡγεμονίας
1551 1084 1820 1154 διέμεινεν

238 1179 458 1250 ἔχουσα,
495 1178 595 1231 οὐκ
618 1177 723 1249 ἔφη
768 1177 865 1247 μὲν
907 1177 1196 1246 ὑπομεῖναι
1235 1175 1405 1248 αὐτὴν
1439 1176 1582 1248 άπερ
1625 1176 1659 1246 ἡ
1713 1173 1821 1245 πρὸ

237 1269 412 1339 αὐτῆς
437 1267 673 1322 πέπονθε
711 1268 821 1321 τῶν
874 1268 1090 1338 πτερῶν
1120 1267 1468 1339 στερηθεῖσα,
1513 1285 1533 1319 ι
1587 1265 1683 1318 καί.
1726 1265 1822 1319 ἐπὶ

238 1361 418 1415 ποδῶν
449 1361 738 1431 ἀνθρώπου
779 1361 1055 1425 σταθεῖσα,
1112 1361 1207 1414 καὶ
1253 1359 1481 1432 καρδίαν
1526 1357 1819 1430 ἀνθρώπου

237 1453 508 1508 λαϐοῦσαν
536 1472 556 1505 ι
594 1447 715 1505 εἷπε
756 1452 811 1505 δὲ
843 1451 1012 1523 αὐτὴν
1032 1448 1114 1515 είς
1136 1450 1195 1505 ἐν
1231 1455 1424 1522 στῆναι
1452 1449 1638 1522 μέρος.
1676 1469 1695 1503 ι
1726 1451 1819 1514 Εἰς

235 1545 301 1599 ἓν
325 1546 406 1610 δὲ,
439 1544 572 1617 φησί
601 1545 655 1609 ','
677 1543 840 1616 μέρος
860 1542 1084 1613 ἐστάθη.
1128 1562 1146 1594 ι
1189 1542 1457 1608 τουτέστι,
1492 1542 1820 1613 κρατήσασα

236 1637 347 1692 τῶν
385 1635 553 1708 τριῶν
589 1638 686 1706 τῆς
717 1635 1047 1706 οἰκουμένης
1091 1634 1418 1707 τμημάτων,
1468 1634 1819 1706 ἀπεστερήθη

242 1728 343 1798 μὲν
404 1726 497 1780 τοῦ
535 1727 812 1793 πλείστου,
873 1726 990 1791 ἐνὸς
1041 1726 1097 1779 δὲ
1145 1728 1345 1796 μέρους
1382 1726 1483 1797 τὴν
1525 1725 1819 1797 ἡγεμονίαν

238 1818 493 1887 κατέσχε.
534 1816 824 1888 Κρατοῦσα
866 1816 974 1887 γάρ
1022 1817 1119 1887 τῆς
1160 1816 1347 1881 Ἀσίας
1383 1816 1551 1869 πάλαι
1579 1816 1818 1887 ἀπάσης,

238 1909 335 1963 καὶ
363 1908 464 1978 τῆς
488 1907 714 1979 Λιϐύης,
750 1907 1099 1980 ἀπεστερήθη
1141 1908 1240 1977 μὲν
1275 1908 1378 1979 τῆς
1419 1907 1696 1976 Αἰγύπτου
1727 1908 1821 1961 καὶ

236 2001 337 2071 τῆς
370 1998 691 2062 Αἱθιοπίας’
733 2000 916 2052 οὐκέτι
952 1999 1011 2053 δὲ
1063 1999 1460 2062 Παλαιστινῶν,
1495 1998 1586 2053 καὶ
1648 1999 1823 2053 Φοινί-

236 2107 373 2156 κων,
403 2090 496 2142 καί¹
518 2089 704 2161 Σύρων
727 2091 950 2161 κρατεῖ·
984 2088 1267 2160 ἀφῄρηται
1291 2089 1348 2143 δὲ
1374 2090 1469 2143 καὶ
1497 2089 1596 2159 τῆς
1637 2089 1821 2153 Ἀσίας

236 2179 338 2251 τὴν
372 2180 691 2251 ἡγεμονίαν,
724 2182 817 2234 καί
844 2182 872 2233 ὁ
901 2178 1153 2245 Εὔξεινος
1194 2181 1251 2234 δὲ
1302 2180 1502 2244 Πόντος
1551 2180 1656 2246 ἔξω
1709 2180 1820 2233 τῶν

239 2273 538 2342 σκήπτρων
564 2272 887 2343 γεγένηται·
915 2275 1108 2343 κρατεῖ
1130 2273 1188 2326 δέ
1215 2272 1387 2344 μόνης
1416 2271 1698 2342 Περσίδος,
1726 2270 1821 2324 καὶ

235 2364 490 2434 Μηδίας,
540 2363 635 2417 καὶ
692 2363 983 2433 ’Δσσυρίας
1028 2364 1071 2430 ⁷,
1119 2364 1213 2418 καὶ
1266 2362 1378 2416 τῶν
1428 2362 1820 2434 πλησιοχώρων

235 2455 436 2520 ὀλίγων
468 2455 658 2510 ἐθνῶν.
690 2455 789 2509 Διά
826 2455 987 2509 τοῦτό
1026 2472 1212 2527 φησιν,
1238 2456 1319 2509 ὅτι
1341 2454 1363 2485 ⁸
1403 2473 1419 2506 ι
1453 2456 1546 2519 Εἰς
1563 2454 1621 2509 ἒν
1652 2447 1821 2527 μέρος

237 2547 499 2619 ἐστάθη.»
535 2546 719 2601 Ταῦτα
739 2548 835 2601 καὶ
862 2546 1103 2622 περὶτοῦ
1127 2547 1381 2617 δευτέρου
1412 2545 1819 2617 διηγησάμενος

237 2638 431 2712 θηρίου
453 2681 468 2705 ,

311 2736 387 2795 ς’.
424 2748 443 2781 ι
469 2731 694 2793 Ὀπίσω,
722 2730 874 2801 φησὶ,
909 2730 1098 2784 τούτου
1130 2727 1418 2799 ἐθεώρουν,
1451 2725 1548 2781 καὶ
1583 2724 1694 2782 ἰδοὺ
1725 2724 1821 2798 Θη-

237 2824 357 2894 ρίον
383 2821 569 2894 ἕτερον
599 2822 730 2876 ὠσεί
756 2823 1043 2896 πάρδαλις,
1072 2824 1166 2875 καὶ
1198 2823 1334 2893 αὐτῇ
1361 2820 1540 2893 πτερά
1576 2818 1821 2890 τέσσαρα

238 2915 492 2969 πετεινοῦ
526 2917 548 2948 ⁵
575 2917 828 2989 ὑπεράνω
889 2917 1083 2986 αὐτῆς,
1139 2917 1233 2970 καί
1282 2915 1548 2986 τέσσαρες
1586 2913 1821 2983 κεφαλαὶ

236 3005 319 3078 τῷ
347 3007 546 3079 θηρίῳ,
574 3009 717 3080 καίή
750 3010 792 3039 ¹⁰
813 3008 1032 3073 ἐξουσία
1053 3007 1206 3079 ἐδόθη
1234 3008 1374 3079 αὐτῇ
1401 3009 1465 3061 “.
1501 3027 1520 3061 ι
1554 3006 1667 3078 Τὴν
1700 3006 1820 3059 Μα-

239 3098 525 3170 κεδονικὴν
551 3099 826 3169 βασιλείαν
852 3099 941 3153 διὰ
962 3098 1168 3153 τούτων
1191 3100 1488 3152 αἰνίττεται
1511 3113 1525 3126 ’
1549 3099 1643 3151 καὶ
1676 3096 1819 3166 μάλα
1849 3131 1893 3188 C

242 3190 573 3261 προσφόρως
588 3190 878 3261 παρδάλει
894 3191 986 3245 τὸν
1032 3190 1379 3262 Ἀλέξανδρον
1411 3191 1701 3253 ἀπείκασε,
1735 3187 1824 3242 διὰ

241 3279 304 3333 τὸ
334 3282 472 3350 ταχὺ
500 3282 593 3334 καὶ
639 3281 732 3346 ὀξὺ
797 3282 891 3336 καὶ
937 3282 1206 3336 ποικίλον.
1228 3300 1248 3335 ι
1289 3282 1543 3353 Τέτταρα
1566 3281 1623 3334 δὲ
1646 3281 1823 3350 πτερά

238 3372 491 3426 πετεινοῦ
513 3392 532 3426 ι
572 3372 676 3445 ἔφη
698 3373 760 3427 τὸ
796 3374 983 3447 θηρίον
1026 3376 1342 3447 ἐσχηκέναι,
1390 3373 1580 3445 ἐπειδὴ
1615 3371 1822 3444 πτηνοῦ

237 3464 401 3536 δίκην
430 3467 458 3519 ὀ
496 3465 842 3538 Ἀλέξανδρος
873 3466 943 3520 τά
966 3466 1212 3538 τέσσαρα
1232 3468 1332 3538 τῆς
1354 3466 1684 3536 οἰκουμένης
1714 3464 1825 3517 διαι

235 3555 469 3629 δραμὼν
496 3558 782 3629 τμήματα,
835 3559 1045 3623 πάντας
1094 3561 1184 3628 ὑφ’
1224 3559 1422 3613 ἐαυτὸν
1484 3558 1822 3629 ἐποιήσατο·

236 3649 330 3730 διὰ
351 3649 412 3702 δέ
447 3669 466 3702 ι
494 3649 600 3706 τῶν
631 3652 914 3722 τεσσάρων
935 3651 1220 3721 κεφαλῶν»
1248 3651 1346 3722 τὴν
1370 3650 1507 3722 μετὰ
1522 3651 1612 3704 τὸν
1652 3648 1827 3713 Ἀλέξ-

236 3741 437 3810 ανδρον
488 3742 788 3814 γενομένην
821 3743 1042 3815 ᾐνίξατο
1073 3745 1171 3814 τῆς
1199 3743 1496 3814 ἡγεμονίας
1529 3743 1822 3813 διαίρεσιν.

239 3835 526 3906 Τέσσαρες
565 3836 663 3907 γάρ
689 3835 806 3890 ἀνθ’
865 3837 984 3901 ἐνὸς
1027 3836 1373 3907 κατέστησαν
1410 3835 1648 3906 βασιλεῖς
1674 3848 1687 3861 ·
1730 3833 1827 3888 καὶ

237 3925 579 3998 Πτολεμαῖος
604 3928 703 3998 μὲν
738 3928 767 3981 ὁ
803 3927 983 3995 Λάγου
1020 3927 1129 3981 τῶν
1158 3929 1279 3981 κατ’
1307 3926 1584 3995 Αἴγυπτον
1617 3927 1826 3996 ἐνεχει-

239 4017 409 4090 ρίσθη
457 4022 586 4082 τοὺς
641 4019 833 4084 οἴακας
857 4036 871 4051 ο
924 4019 1186 4082 Σέλευκος
1229 4018 1286 4072 δὲ
1319 4020 1429 4072 τῶν
1465 4019 1599 4091 πρὸς
1628 4018 1703 4072 ἕω
1724 4019 1826 4089 τὴν

236 4108 540 4177 ἡγεμονίαν
598 4107 795 4163 ἰθύνειν
866 4109 1199 4180 ἐπιστεύθη·
1269 4111 1572 4179 Ἀντίγονος
1615 4109 1673 4162 δὲ
1723 4109 1827 4180 τῆς

252 4200 444 4263 Ἀσίας
473 4200 745 4273 ἐκράτησε
767 4218 781 4233 ·
815 4202 917 4272 τῆς
946 4202 1004 4255 δὲ
1053 4202 1414 4270 Μακεδονίας,
1441 4203 1517 4266 ὡς
1549 4202 1648 4272 μέν
1682 4202 1827 4267 τινές

240 4307 411 4358 φασιν
436 4292 503 4357 ¹⁹,
551 4292 910 4364 Ἀντίπατρος
933 4310 948 4325 ·
977 4293 1053 4357 ὡς
1078 4293 1133 4347 δὲ
1160 4294 1358 4365 ἕτεροι,
1392 4294 1657 4357 Φίλιππος
1681 4294 1710 4346 ὁ
1734 4294 1828 4347 καὶ

254 4378 525 4448 ’Δριδαῖος
572 4380 635 4446 ⁸³,
688 4381 852 4435 αὑτοῦ
902 4382 1254 4454 Ἀλεξάνδρου
1305 4383 1553 4452 ἀδελφός.
1624 4385 1696 4437 Αἰ
1727 4384 1826 4454 μὲν

1923 537 2104 599 docet,
2136 530 2599 605 quemadmodum
2645 545 2711 585 ex
2775 530 2954 586 tribus
3017 529 3172 586 orbis
3222 539 3497 586 terrarum

1924 626 2174 698 partibus
2203 625 2415 679 fruetus
2450 621 2739 693 percipiat,
2773 628 2827 677 et
2864 620 3109 691 undique
3134 621 3372 690 accipiat
3398 622 3502 676 tri-

1923 718 2137 772 butum.
2183 715 2249 769 Et
2286 723 2436 771 recte
2474 712 2753 785 apposuit,
2799 731 2819 765 ι
2859 712 2914 767 ἰη
2953 728 3051 768 ore
3106 712 3324 784 ipsius;
3363 731 3382 765 ι
3439 720 3499 767 ut

1924 808 2244 864 ostenderet
2275 807 2565 871 tributum,
2599 806 2743 876 quod
2780 805 2849 860 ab
2896 806 3155 861 omnibus
3200 807 3249 860 ei
3288 806 3501 876 persol-

1923 901 2168 955 vebatur.
2208 899 2274 952 Et
2305 898 2434 969 quia
2484 913 2598 952 non
2633 896 2858 951 omnino
2889 912 3119 967 regnum
3165 895 3300 951 illud
3349 897 3499 951 dele-

1925 1000 2038 1045 tum
2082 992 2206 1057 fuit,
2257 990 2355 1045 sed
2419 999 2630 1060 partem
2687 989 2982 1059 quamdam
3035 988 3241 1059 prioris
3279 987 3499 1058 imperii

1924 1082 2175 1146 retinuit,
2216 1097 2323 1136 non
2361 1081 2520 1143 dixit,
2554 1096 2618 1136 ea
2668 1080 3009 1137 sustinuisse
3044 1080 3199 1146 illud,
3242 1095 3364 1151 qna:
3408 1095 3500 1134 re-

1924 1189 2091 1244 gnum
2141 1175 2262 1243 ipso
2301 1175 2453 1245 prius
2502 1189 2850 1244 perpessum
2877 1172 3079 1238 fuerat,
3133 1174 3281 1244 quod
3314 1182 3368 1229 et
3397 1173 3502 1228 alis

1923 1265 2197 1335 privatum
2229 1265 2352 1330 fuit,
2387 1284 2407 1316 ι
2440 1245 2588 1319 E't‘in
2630 1264 2797 1335 pedes
2829 1264 3067 1319 hominis
3105 1266 3279 1332 stetit,
3323 1272 3378 1320 et
3404 1279 3502 1319 cur

1924 1355 2222 1411 humanum
2257 1356 2504 1428 accepit;
2542 1374 2562 1408 ι
2606 1356 2702 1412 sed
2753 1356 2809 1411 in
2842 1370 3007 1410 unam
3056 1364 3266 1426 partem
3319 1355 3500 1426 ipsum

1923 1451 2150 1504 stetisse
2196 1446 2353 1505 dixit.
2401 1467 2422 1501 ι
2462 1448 2521 1503 In
2560 1463 2726 1503 unam
2776 1455 2983 1511 autem,
3034 1448 3234 1519 inquit,
3284 1456 3497 1517 partem

1924 1540 2099 1606 stetit,
2130 1558 2149 1592 ›
2177 1539 2283 1595 hoc
2301 1547 2406 1606 est,
2434 1555 2560 1595 cum
2586 1539 2764 1595 tribus
2778 1539 2935 1594 orbis
2955 1547 3223 1594 terrarum
3249 1540 3502 1611 partibus

1923 1630 2156 1700 potitum
2186 1639 2356 1696 esset,
2392 1630 2632 1685 maxima
2662 1641 2815 1700 parte
2839 1630 3134 1700 spoliatum
3175 1639 3279 1696 est,
3309 1631 3502 1686 unius-

1923 1743 2031 1798 que
2060 1734 2273 1782 tantum
2321 1726 2494 1797 partis
2547 1724 2842 1796 imperium
2895 1724 3145 1779 retinuit.
3176 1723 3322 1780 Asia:
3354 1724 3499 1779 enim

1926 1819 2199 1875 universa:
2245 1833 2307 1873 ac
2342 1816 2788 1889 Libym‘pridcm
2844 1815 3148 1887 imperans,
3200 1814 3499 1887 Egyptuni

1925 1911 2114 1964 amisit
2145 1917 2199 1965 et
2250 1909 2627 1979 AitbiOpiam;
2681 1922 2859 1978 neque
2906 1906 3037 1963 item
3090 1906 3400 1964 Palaestinis
3446 1905 3504 1963 et

1924 2001 2303 2067 Plimuicibus,
2367 2001 2633 2071 Syrisque
2686 2000 2930 2069 potitur;
2991 1999 3418 2069 ademptumque
3450 2002 3501 2056 ei
3612 2050 3616 2054 Α

1923 2103 2008 2149 est
2035 2094 2179 2150 Asiae
2209 2093 2522 2163 imperium,
2574 2101 2628 2146 et
2665 2093 2875 2147 Pontus
2930 2091 3181 2147 Euxinus
3233 2091 3303 2146 ab
3350 2092 3502 2147 illius

1927 2194 2145 2256 sceptro
2192 2185 2459 2247 descivit,
2495 2192 2549 2238 et
2585 2184 2760 2238 solam
2814 2179 3119 2247 Persidem,
3166 2197 3232 2238 ac
3268 2183 3499 2237 Mediam

1923 2286 1979 2333 et
2006 2276 2291 2348 Assyriam
2330 2275 2566 2341 obtinet,
2619 2281 2673 2328 et
2707 2288 2916 2345 paucas
2945 2257 3214 2343 quasdam
3246 2272 3504 2328 finitimas

1926 2371 2199 2425 nationes.
2263 2368 2566 2439 Propterea
2630 2386 2648 2419 ι
2683 2366 2737 2421 In
2793 2365 3012 2439 1194
3065 2381 3251 2433 unam,
3302 2366 3503 2438 inquit,

1928 2468 2134 2529 partem
2171 2457 2343 2513 stetit.
2377 2475 2394 2508 ι
2436 2456 2532 2512 llis
2580 2457 2710 2511 item
2741 2456 2812 2513 de
2853 2454 3098 2511 secunda
3132 2456 3307 2511 bestia
3337 2472 3504 2512 enar—

1927 2550 2085 2615 ratis,

1998 2730 2158 2786 Vens.
2203 2731 2256 2785 6.
2304 2750 2323 2783 ι
2366 2730 2499 2787 Post
2550 2732 2744 2802 ipsam,
2789 2731 2986 2803 inquit,
3039 2734 3399 2803 aspiciebam,
3450 2741 3505 2788 et

1924 2839 2055 2879 ecce
2104 2823 2209 2875 alia
2258 2823 2432 2879 bestia
2478 2823 2639 2893 quasi
2686 2823 2948 2894 pardalis,
2991 2833 3045 2879 et
3082 2825 3187 2895 ipsi
3223 2826 3322 2880 alae
3369 2840 3507 2895 qua-

1926 2925 2051 2972 tuor
2078 2917 2319 2972 vol‘ueris
2351 2931 2519 2987 super
2552 2932 2695 2979 eam,
2727 2924 2782 2971 et
2801 2927 3041 2987 quatuor
3075 2919 3257 2990 Capita
3290 2922 3498 2984 bestiae,

1925 3018 1979 3064 et
2020 3018 2259 3080 potestas
2299 3007 2425 3062 data
2473 3016 2558 3063 est
2611 3009 2712 3063 illi.
2752 3026 2771 3059 ι
2815 3009 3230 3067 Macedonicum
3274 3028 3501 3084 regnum

1926 3117 2023 3171 per
2052 3101 2164 3154 haec
2219 3100 2491 3169 designat,
2534 3108 2589 3153 et
2625 3099 2919 3155 admodum
2968 3110 3338 3173 congruenter
3378 3106 3507 3161 Ale—

1927 3194 2192 3246 xandrum
2228 3191 2439 3261 pardali
2471 3192 2834 3261 comparavit,
2878 3201 3106 3263 propter
3143 3195 3504 3261 celeritatem,

1925 3292 1979 3340 et
2024 3285 2390 3351 velocitatem,
2439 3294 2493 3339 et
2547 3285 2892 3340 varietatem.
2931 3304 2951 3338 ι
3014 3285 3267 3353 Quatuor
3317 3298 3502 3345 autem

1927 3375 2043 3430 alas
2075 3375 2317 3430 volucris
2355 3392 2373 3426 ι
2419 3374 2609 3430 bestiae
2656 3373 2828 3431 fuisse
2878 3373 3040 3443 dixit,
3079 3378 3208 3448 quia
3260 3380 3506 3436 volucris

1928 3468 2103 3522 instar
2137 3465 2445 3521 Alexander
2485 3481 2610 3521 cum
2663 3468 3032 3538 percurrisset
3074 3478 3315 3541 quatuor
3352 3475 3505 3530 orbis

1929 3568 2197 3614 terrarum
2234 3569 2436 3629 partes,
2467 3574 2660 3615 omnes
2702 3560 2756 3614 in
2794 3576 2950 3617 suam
2992 3570 3316 3633 potestatem
3352 3567 3508 3622 rede-

1928 3652 2040 3723 git;
2076 3660 2130 3708 et
2169 3668 2266 3723 per
2300 3671 2319 3704 ι
2369 3660 2611 3722 quatuor
2645 3653 2825 3723 capita
2862 3671 2880 3704 ι
2934 3654 3151 3726 imperii
3180 3657 3505 3713 divisionem

1927 3754 2055 3815 post
2074 3745 2445 3799 Alexandrum
2484 3743 2686 3800 factam
2709 3745 3062 3816 signiﬁcavit.
3094 3746 3507 3814 Quatuorenim
3576 3777 3584 3785 -

1928 3856 2029 3912 pro
2058 3855 2167 3895 uno
2197 3840 2482 3895 constituti
2531 3846 2660 3895 sunt
2700 3854 2893 3910 rcges;
2935 3847 2990 3895 et
3034 3838 3332 3897 Ptolemaeo
3377 3840 3512 3913 Lagi

1928 3934 2223 3990 commissa
2286 3941 2417 3990 sunt
2484 3932 2704 4005 Egypti
2771 3933 3206 4004 gubernacula;
3280 3933 3511 3990 Seleuco

1928 4023 2169 4082 Orientis
2226 4026 2515 4096 imperium
2572 4026 3072 4081 administrandum
3129 4027 3510 4082 concreditum

1927 4125 2047 4184 est;
2087 4118 2393 4188 Antigonus
2435 4116 2641 4188 potitus
2687 4123 2772 4172 est
2803 4115 2952 4182 Asia,
3004 4116 3292 4185 Antipater
3331 4115 3514 4171 Mace-

1928 4210 2114 4276 donia,
2145 4217 2204 4264 ut
2233 4209 2455 4280 quidam
2493 4208 2806 4279 perhibent,
2848 4207 3152 4263 secundum
3189 4207 3326 4261 alios
3357 4222 3507 4269 vero,

1928 4301 2239 4372 Philippus,
2284 4301 2377 4372 qui
2413 4308 2468 4355 et
2500 4298 2749 4354 Aridaus
2789 4299 2970 4354 dictus
3021 4306 3127 4365 est,
3177 4299 3354 4368 ipsius
3388 4302 3511 4354 Ale—

1930 4392 2125 4448 xandri
2162 4392 2352 4448 frater.
2405 4393 2650 4457 Quatuor
2686 4390 2853 4458 igitur
2891 4390 3069 4460 capita
3099 4398 3340 4460 quatuor
3386 4401 3513 4462 post

240 4466 340 4524 οὖν
372 4473 667 4543 τέσσαρες
712 4477 969 4546 κεφαλαὶ
1023 4477 1121 4541 τὰς
1160 4476 1296 4548 μετὰ
1344 4478 1434 4531 τὸν
1471 4475 1823 4548 Ἀλέξανδρον

1931 4484 2306 4541 Alexandrum
2346 4484 2582 4538 innuunt
2626 4482 2881 4553 imperia,
2927 4490 2981 4537 et
3008 4490 3239 4554 quatuor
3285 4483 3388 4538 ala:
3433 4485 3513 4555 ip-

242 4561 518 4634 τέσσαρας
534 4567 832 4635 ἡγεμονίας
844 4567 1186 4627 αἰνίττονται,
1200 4568 1267 4621 τά
1279 4567 1334 4620 δὲ
1351 4566 1621 4634 τέσσαρα
1640 4567 1827 4635 πτερὰ

244 4654 421 4725 αὐτὴν
450 4655 545 4708 τοῦ
590 4656 937 4729 Ἀλεξάνδρου
971 4659 1069 4729 τὴν
1089 4658 1403 4712 δυναστείαν
1418 4657 1527 4711 τῶν
1544 4657 1825 4728 τεττάρων

247 4743 347 4813 τῆς
369 4746 689 4816 οἰκουμένης
724 4747 1154 4820 περιγενομένην
1184 4750 1498 4819 τμημάτων·
1534 4747 1829 4811 ἐξουσίαν

244 4836 305 4890 δέ
336 4835 439 4907 ἔφη
484 4836 766 4894 δεδόσθαι
792 4838 874 4904 τῷ
900 4840 1100 4908 θηρίῳ,
1145 4839 1332 4910 ἐπειδὴ
1397 4839 1492 4892 καὶ
1524 4832 1598 4892 ὧν
1624 4840 1676 4892 οἰ
1723 4841 1830 4912 πρὸ

247 4926 413 4981 αὑτοῦ
463 4929 540 4999 μὴ
573 4929 1061 5002 ἐκεκρατήκεισαν,
1109 4924 1265 4996 οὗτος
1314 4931 1527 5002 ἐδείχθη
1584 4933 1826 5004 κρατῶν,

250 5017 366 5070 ἀλλ’
395 5019 545 5089 ὅμως
570 5021 711 5093 καὶὴ
744 5022 961 5078 πάντων
983 5023 1377 5094 περιγενομένη
1399 5023 1644 5094 βασιλεία
1675 5024 1828 5089 τέλος

251 5108 486 5174 ἐδέξατο.

318 5199 383 5262 ζ’.
421 5221 440 5255 ι
482 5203 689 5260 Ὀπίσω
710 5206 821 5275 γάρ
854 5207 1063 5273 τούτου,
1090 5208 1255 5278 φησὶν
1300 5208 1365 5273 ’⁵,
1400 5208 1669 5280 ἐθεώρουν
1699 5212 1754 5262 ὲν
1785 5212 1824 5243 ’⁸

249 5293 485 5365 ὁράματι
504 5297 608 5368 τῆς
636 5301 850 5368 νυκτὸς,
879 5302 972 5356 καὶ
1003 5301 1112 5355 ἰδοὺ
1143 5302 1329 5373 θηρίον
1375 5302 1635 5373 τέταρτον
1667 5303 1829 5373 φοϐε-

1936 4594 2059 4635 sum
2114 4576 2412 4632 Alexandri
2469 4574 2860 4646 principatum,
2920 4574 3012 4644 qui
3072 4583 3312 4645 quatuor
3361 4577 3513 4631 orbis

1934 4681 2207 4730 terrarum
2239 4678 2421 4742 partes
2456 4669 2772 4740 superavit:
2813 4677 3127 4737 potestate»:
3155 4670 3173 4690 '
3213 4675 3395 4723 autem
3426 4668 3513 4723 di-

1938 4764 2017 4818 xit
2051 4764 2237 4817 datam
2267 4763 2437 4833 fuisse
2465 4762 2664 4827 bestia,
2692 4760 2914 4831 quando
2941 4775 3004 4828 ea
3036 4759 3225 4821 etiam,
3263 4775 3385 4829 qua:
3416 4776 3480 4816 su
3501 4790 3513 4801 -

1937 4856 2184 4927 periores
2233 4870 2392 4922 reges
2438 4867 2548 4909 non
2606 4854 2986 4917 obtinuerant,
3056 4851 3293 4907 obtinuit
3345 4853 3510 4924 ipse:

1935 4957 2313 5004 verumtamen
2345 4947 2479 5002 illud
2510 4961 2728 5017 quoque
2768 4961 3017 5016 regnum,
3062 4945 3209 5015 quod
3255 4945 3514 5001 omnibus

1937 5038 2196 5108 superius
2230 5038 2352 5102 fuit,
2382 5036 2541 5091 linem
2572 5032 2778 5089 habuit.
2872 5028 2875 5031 ⁷

2008 5210 2180 5268 Vens.
2237 5213 2292 5267 7.
2340 5233 2358 5263 ι
2407 5212 2535 5268 Post
2575 5212 2713 5266 hanc
2737 5211 2883 5266 enim
2913 5206 3248 5276 aspiciebam
3303 5206 3508 5276 inquit,

1942 5302 1998 5356 in
2040 5303 2256 5357 visione
2310 5304 2510 5367 noctis,
2564 5310 2616 5355 et
2662 5316 2791 5357 ecce
2844 5295 3054 5368 1195
3107 5297 3279 5351 bestia
3318 5304 3512 5365 quarta

1541 5476 1778 5533 vanu;
1829 5475 2238 5532 LECTIONES.
2270 5550 2273 5557 η

329 5633 351 5665 ⁸
373 5634 435 5690 δέ
490 5648 649 5701 φησι.
760 5632 886 5702 γάρ.
997 5635 1016 5664 ⁷
1050 5633 1088 5685 Β
1118 5634 1336 5704 Συρίας.

241 5705 285 5738 ⁸⁸
314 5705 357 5761 Β
393 5704 473 5768 ὥς
504 5719 652 5763 τινες
690 5702 916 5771 ἔφασαν.
1006 5705 1047 5735 ¹³
1080 5704 1117 5755 Β
1158 5702 1412 5774 ’Ᾱρίδεος.

575 5793 844 5852 ΡΑΤιιοι..
896 5796 1011 5853 Gn.
1067 5795 1295 5853 LXXXl
1312 5840 1325 5853 .

1425 5635 1444 5665 “
1474 5637 1572 5688 ὅτι.
1611 5633 1727 5687 Des.
1766 5632 1817 5703 in
1850 5632 1909 5685 Β.
1995 5634 2016 5665 ⁹
2049 5633 2086 5685 Β
2118 5632 2343 5703 πτηνοῦ.
2432 5633 2475 5664 ¹⁰
2515 5635 2547 5703 ἡ
2591 5632 2710 5688 Des.
2761 5635 2813 5688 in
2873 5635 2914 5685 A
2946 5639 2996 5686 et
3047 5633 3100 5685 Β.

1532 5705 1572 5735 "‘
1608 5722 1738 5774 φησ.
1772 5701 1826 5757 In
1862 5703 1899 5755 ll
1930 5714 2051 5773 post
2081 5701 2346 5773 ἐθεώρουν
2378 5701 2620 5775 ponitur.

3207 5631 3242 5662 "
3279 5630 3314 5681 ll
3345 5629 3514 5694 αὐτῷ.

2707 5706 2747 5735 ¹δ
2779 5708 2834 5755 ἐν
2860 5734 2925 5744 --
2958 5702 3169 5764 νυκτός.
3209 5701 3326 5758 nes.
3360 5702 3425 5765 in.
3448 5706 3511 5771 Α,

3077 5789 3155 5851 [ιὸ
