3898 6208
292 343 422 409 1421

1487 351 1568 414 ΙΝ
1603 355 1956 418 DANIELIS
2008 359 2163 418 CAP.
2185 359 2314 418 VII.

3398 364 3535 427 iiii

286 457 409 510 τῶν
429 453 753 525 ὀφθαλμῶν
789 455 833 489 ⁸⁸
883 455 984 528 τὴν
1036 457 1296 530 φρόνησιν
1339 461 1434 512 καὶ
1464 463 1803 532 πανουργίαν
1828 463 1868 495 ⁸³

1974 463 2226 534 decipiet.
2265 464 2575 530 Quinetiam
2635 483 2712 531 os,
2781 471 2978 539 inquit,
3043 469 3257 542 loquens
3316 489 3536 543 magna,

285 547 528 618 ᾐνίξατο,
561 539 904 620 ᾖχρώμενος
929 548 1258 622 ἐξαπατήσει
1282 551 1534 617 πολλούς.
1577 554 1736 608 Ἀλλά
1771 556 1864 610 καὶ

285 640 502 708 στόμα,
534 641 942 710 φησὶ,λαλοῦν
962 643 1219 713 μεγάλα,
1239 646 1538 712 τουτέστιν,
1569 649 1865 713 ἀλαζονικὰ

286 730 386 784 καὶ
445 730 757 802 ὑπέρογκα.
803 732 996 803 Σαφῶς
1042 735 1097 790 δέ
1122 739 1270 808 ἡμᾶς
1303 740 1332 792 6
1366 740 1634 811 μακάριος
1655 741 1865 806 Παῦλος

286 821 446 876 τοῦτο
470 822 734 889 διδάσκει,
758 823 934 892 λέγων
952 841 965 856 ο
1001 844 1020 876 ι
1053 828 1142 898 Μή
1184 846 1268 893 τις
1300 830 1442 900 ὑμᾶς
1467 830 1791 896 ἐξαπατάτω
1820 831 1867 865 ³⁸

287 913 437 967 κατά
474 914 678 986 μηδένα
701 915 922 985 τρόπον,
975 918 1056 971 ὅτι
1091 919 1185 972 ἐὰν
1221 921 1295 991 μὴ
1338 921 1465 994 ἔλθῃ
1496 925 1528 994 ή
1559 924 1866 977 ἀποστασία

288 1001 530 1072 πρῶτον.
565 1005 660 1058 καὶ
683 1006 1041 1080 ἀποκαλυφθῇ
1083 1008 1112 1062 6
1148 1010 1434 1081 ἄνθρωπος
1465 1013 1567 1084 τῆς
1599 1016 1868 1087 ἁμαρτίας

289 1095 320 1147 6
344 1095 458 1160 υίὸς
488 1097 587 1167 τῆς
621 1098 920 1164 ἀπωλείας,
957 1101 986 1151 6
1019 1101 1420 1173 ἀντικείμενος,
1452 1107 1546 1159 καὶ
1575 1107 1870 1178 ὑπεραιρόο

291 1203 454 1256 μενος
490 1187 631 1259 ὑπὲρ
659 1190 704 1222 ⁸⁵
737 1191 915 1244 πάντα
968 1191 1259 1263 λεγόμενον
1295 1194 1450 1260 Θεὸν,
1505 1197 1537 1268 ἢ
1594 1198 1864 1270 σέϐασμα,

287 1275 432 1330 ὥστε
454 1279 548 1331 καὶ
581 1278 627 1312 ³⁸
660 1280 743 1343 είς
769 1280 862 1334 τὸν
889 1282 1014 1334 ναὸν
1039 1282 1133 1335 τοῦ
1162 1283 1298 1338 Θεοῦ
1324 1286 1635 1342 εἰσελθόντα
1662 1289 1704 1320 ³⁷
1736 1290 1867 1344 καθ-

291 1368 425 1435 ίσαι,
454 1370 874 1425 ἀποδεικνύοντα
903 1373 948 1405 ³⁸
970 1373 1183 1438 ἐαυτὸν,
1220 1376 1300 1429 ὅτι
1322 1378 1438 1430 ἐστὶ
1469 1377 1620 1441 Θεός.
1657 1397 1675 1429 ι
1699 1379 1868 1434 Τοῦτο

288 1464 659 1535 αἰνιττόμενος
684 1465 780 1519 καὶ
804 1467 834 1520 6
853 1467 1120 1539 μακάριος
1148 1468 1252 1541 ἔφη
1275 1471 1493 1542 Δανιήλ·
1517 1490 1534 1522 ι
1563 1473 1671 1526 Καὶ
1695 1473 1868 1542 στόμα

287 1553 484 1610 λαλοῦν
508 1558 740 1627 μεγάλα,
757 1558 853 1612 καὶ
883 1560 1055 1614 ἐποίει
1073 1562 1307 1633 πόλεμον
1331 1565 1468 1634 μετά
1496 1564 1606 1618 τῶν
1642 1565 1860 1633 ἁγίων.»

290 1647 476 1700 Πάντα
497 1649 625 1721 γὰρ,
658 1652 791 1722 φησὶ
821 1651 888 1718 ³⁸,
922 1655 1396 1726 πραγματεύεται,
1442 1657 1735 1722 κοινωνοὺς
1770 1660 1868 1728 τῆς

293 1741 557 1810 πονηρίας
591 1744 810 1814 καὶτῆς
870 1746 1139 1817 τιμωρίας
1188 1747 1232 1779 ⁵⁸
1272 1747 1518 1813 ἅπαντας
1547 1747 1867 1821 ἀνθρώπους

288 1831 481 1885 λαῦεῖν
529 1834 836 1906 ἐφιέμενος,
893 1837 1052 1892 Ἀλλά
1095 1837 1267 1893 ταῦτα
1328 1839 1521 1906 ποιῶν,
1574 1841 1760 1911 φησὶν,
1803 1841 1903 1894 οὐκ

291 1939 464 1977 σεται.

1967 555 2070 610 hoc
2102 563 2206 620 cst,
2258 557 2568 626 arrogantia
2615 567 2778 627 atque
2832 561 3088 630 superba.
3144 561 3312 631 idque
3351 572 3538 632 aperte

1965 648 2158 703 beatus
2190 646 2396 704 Paulus
2425 663 2526 704 nos
2554 649 2709 704 docet
2738 689 2753 715 ,
2791 665 2914 705 cum
2955 653 3030 706 ait
3063 671 3076 707 :
3113 670 3130 704 ι
3166 650 3242 706 Ne
3280 654 3405 723 quis
3445 669 3541 709 vos

1972 738 2184 809 1197
2218 741 2444 795 sedncat
2491 739 2603 794 ullo
2648 742 2831 805 modo,
2855 742 3136 812 quoniam,
3173 744 3282 800 nisi
3331 745 3541 800 venerit

1968 830 2234 886 discessio
2265 831 2525 901 primum,
2561 840 2615 888 et
2661 833 2930 891 revelatus
2983 836 3148 890 fuerit
3200 836 3364 890 homo
3410 851 3538 906 pec-

1970 923 2111 987 cati,
2147 922 2291 978 filius
2323 923 2671 994 perditionis,
2709 927 2801 996 qui
2846 927 3194 990 adversatur,
3238 937 3290 983 et
3329 929 3538 983 extolli-

1973 1024 2061 1068 tur
2099 1031 2264 1085 supra
2297 1031 2515 1072 omnem
2550 1018 2642 1088 qui
2673 1018 2873 1074 dicitur
2903 1021 3072 1086 Deus,
3111 1029 3205 1074 aut
3234 1021 3377 1091 quod
3410 1022 3540 1076 coli-

1971 1115 2079 1168 tur,
2117 1107 2271 1160 itaut
2297 1108 2582 1178 ingressus
2621 1110 2675 1164 in
2709 1111 2970 1180 templum
3005 1111 3096 1166 Dei
3122 1112 3326 1178 sedeat,
3357 1119 3541 1166 osten-

1970 1196 2104 1251 dens
2137 1210 2195 1251 se
2224 1203 2485 1268 tanquam
2521 1200 2593 1254 sit
2641 1199 2785 1254 Deus
2821 1200 2865 1254 ί.
2908 1221 2926 1253 ι
2982 1201 3096 1256 Hoc
3129 1203 3366 1258 innuens
3404 1217 3539 1272 quo-

1970 1304 2076 1360 que
2104 1291 2296 1346 beatus
2328 1290 2516 1347 Daniel
2552 1291 2690 1347 dixit
2719 1311 2731 1347 :
2783 1312 2801 1346 ι
2831 1291 2896 1348 Et
2922 1308 2985 1350 os
3019 1295 3250 1365 loquens
3275 1294 3534 1366 ingentia,

1969 1391 2022 1434 ct
2053 1380 2260 1436 sanctis
2289 1379 2557 1435 inferebat
2577 1381 2801 1436 bellum.
2841 1400 2859 1434 ›
2896 1382 3090 1444 Omnia
3125 1385 3269 1440 enim
3294 1383 3535 1449 molitur,

1973 1472 2171 1542 inquit,
2236 1486 2428 1526 omnes
2478 1472 2729 1527 homines
2778 1474 3007 1544 cupiens
3065 1474 3433 1545 improbitatis
3484 1483 3539 1529 ct

1971 1578 2258 1634 poenarum
2293 1561 2472 1618 socios
2507 1571 2560 1617 et
2590 1564 2887 1634 participes
2935 1563 3157 1621 habere.
3191 1563 3395 1621 Verum
3422 1561 3538 1620 huic

1971 1655 2198 1714 faciens,
2266 1653 2466 1722 inquit,
2517 1652 2660 1706 haud
2709 1654 2919 1711 diutius
2983 1655 3380 1726 perseverabit,
3440 1654 3536 1711 sed

1969 1761 2134 1816 quam
2166 1745 2448 1799 celerrime
2475 1744 2813 1800 destruetur.

1971 1838 2061 1892 ἐπὶ
2121 1837 2254 1890 πολὺ
2320 1836 2616 1907 διαρκέσει,
2673 1837 2789 1889 ἀλλ’
2827 1837 2904 1901 ὼς
2954 1837 3184 1909 τάχιστα
3237 1834 3540 1906 καταλυθη-

363 2013 428 2078 θ¹,
468 2022 520 2068 ι’.
565 2033 583 2067 ι
629 2014 926 2090 Ἐθεώρουν
964 2019 1094 2092 γὰρ,
1131 2022 1314 2091 φησὶν,
1349 2023 1456 2087 ἕως
1504 2025 1628 2078 ὅτου
1688 2023 1868 2095 θρόνοι

2042 2013 2204 2071 Vsus.
2231 2014 2286 2080 9,
2323 2013 2404 2067 l0.
2447 2032 2465 2066 ι
2489 2012 2914 2082 Contemplabar
2939 2013 3110 2080 enim,
3133 2016 3333 2086 inquit,
3368 2021 3540 2076 donec

291 2106 576 2178 ἐτέθησαν,
638 2109 736 2162 καὶ
777 2110 1010 2174 Παλαιὸς
1054 2113 1278 2185 ἡμερῶν
1322 2114 1542 2168 ἐκάθισε
1572 2117 1640 2178 ⁸⁸,
1679 2113 1863 2168 καὶτὸ

293 2196 500 2267 ἔνδυμα
527 2198 693 2251 αὑτοῦ
715 2199 846 2252 ὡσεὶ
881 2199 1014 2270 χιὼν
1065 2201 1276 2268 λευκὸν,
1309 2205 1400 2258 καὶ
1427 2205 1460 2275 ἡ
1490 2204 1611 2275 θρὶξ
1637 2203 1736 2275 τῆς
1769 2221 1864 2257 κε-

293 2288 473 2356 φαλῆς
512 2288 676 2342 αὑτοῦ
735 2289 866 2343 ὡσεὶ
924 2291 1069 2363 ἔριον
1099 2291 1338 2363 καθαρόν
1364 2309 1377 2322 ·
1412 2295 1441 2346 6
1479 2293 1665 2366 θρόνος
1697 2291 1862 2346 αὐτοῦ

295 2377 428 2446 φλὸξ
450 2379 640 2449 πυρὸς,
692 2380 742 2433 οἱ
795 2383 977 2452 τροχοὶ
1025 2382 1188 2436 αὐτοῦ
1224 2383 1332 2456 πῦρ
1371 2384 1586 2454 φλέγον.
1616 2383 1866 2457 Ποταμδς

295 2457 524 2539 πύρινος
579 2468 622 2501 ⁸³
655 2463 834 2523 εἷλκεν
882 2471 1308 2543 ἐκπορευόμενος
1357 2473 1404 2505 ⁸³
1435 2473 1744 2544 ἔμπροσθεν
1768 2474 1865 2529 αύ-

293 2557 413 2623 τοῦ,
444 2558 609 2629 χίλιαι
663 2559 898 2630 χιλιάδες
927 2560 1298 2633 ἐλειτούργουν
1319 2562 1488 2634 αὐτῷ,
1523 2565 1619 2618 καὶ
1673 2563 1868 2635 μύριαι

302 2650 559 2722 μυριάδες
624 2651 1081 2721 παρειστήκεισαν
1129 2652 1276 2724 αὐτῷ
1315 2652 1361 2685 ⁸⁸
1400 2655 1686 2727 κριτήριον
1736 2653 1868 2712 ἐκά-

299 2739 441 2804 θισε,
483 2741 577 2794 καὶ
611 2741 782 2812 βίϐλοι
813 2741 1183 2813 ἠνεῴχθησαν.
1216 2763 1235 2796 ι
1255 2745 1472 2800 Ἐκεῖνα
1515 2745 1636 2816 μὲν,
1677 2748 1864 2818 φησὶν,

297 2831 514 2886 ἅπαντα
529 2831 574 2864 ⁸⁸
595 2832 795 2903 ἐτόλμα
819 2833 879 2886 τὸ
896 2835 1060 2904 κέρας
1081 2835 1201 2889 τδ⁸⁶
1222 2835 1416 2892 λαλοῦν
1444 2837 1512 2892 τὰ
1545 2838 1756 2908 μεγάλα
1773 2839 1868 2893 καὶ

299 2921 598 2986 ἀλαζονικὰ
623 2924 716 2977 καὶ
751 2923 1052 2996 ὑπέρογκα,
1091 2927 1184 2979 καὶ
1218 2930 1334 2992 τοῖς
1365 2929 1543 2998 ἁγίοις
1572 2929 1865 3000 πολεμοῦν,

297 3018 405 3080 ἕως
437 3019 656 3072 ἐκάθισε
683 3020 746 3072 τὸ
777 3021 1078 3093 κριτήριον.
1135 3025 1407 3095 Προσήκει
1450 3024 1506 3078 δέ
1543 3024 1765 3091 είδέναι,
1787 3027 1870 3080 ὅτι.

299 3107 588 3180 ἀσώματος
609 3109 686 3164 ὢν
713 3113 742 3164 6
768 3111 916 3175 Θεὸς,
962 3111 1164 3176 ἁπλοῦς
1201 3130 1260 3166 τε
1309 3115 1403 3168 καὶ
1437 3113 1867 3186 ἀσχημάτιστος,

301 3201 648 3272 περιγραφὴν
675 3201 928 3272 οὐδεμίαν
976 3202 1283 3274 δεχόμενος,
1326 3204 1440 3258 ἀλλ’
1490 3205 1871 3278 ἀπερίγραφον

301 3291 446 3361 ἔχων
468 3289 568 3362 τὴν
597 3290 780 3359 φύσιν,
806 3293 1127 3363 σχηματίζει
1162 3295 1420 3358 πολλάκις
1467 3296 1602 3366 πρὸς
1645 3297 1705 3349 τὸ
1737 3297 1872 3368 χρή-

1965 2107 2151 2160 throni
2193 2105 2356 2175 positi
2389 2115 2551 2168 sunt,
2604 2111 2658 2159 et
2694 2105 2970 2175 Antiquus
3002 2106 3216 2162 dierum
3261 2109 3438 2176 sedit,
3481 2121 3538 2164 et

1965 2196 2347 2251 vestimentum
2381 2195 2500 2262 ejus
2539 2193 2723 2248 album
2772 2194 2946 2249 instar
2979 2195 3122 2252 nivis
3153 2236 3166 2262 ,
3203 2207 3260 2251 et
3302 2200 3537 2268 capillus

1964 2286 2159 2357 capitis
2187 2286 2308 2355 ejus
2345 2285 2502 2354 quasi
2535 2284 2661 2338 lana
2697 2285 2936 2341 munda:
2975 2286 3211 2343 thronus
3239 2289 3361 2359 ejus
3387 2289 3538 2344 ﬂam-

1966 2395 2052 2434 ma
2099 2377 2278 2449 ignis,
2324 2384 2459 2432 rotae
2486 2375 2610 2445 ejus
2647 2375 2792 2448 ignis
2826 2379 3048 2433 ardens.
3085 2374 3314 2436 Fiuvius
3345 2382 3535 2452 igneus

1965 2469 2306 2542 proripiebat
2340 2483 2463 2524 sese
2490 2469 2782 2540 egrediens
2815 2478 2941 2524 ante
2964 2483 3089 2524 eum
3125 2486 3143 2526 :
3183 2471 3335 2527 mille
3363 2473 3534 2527 millia

1969 2559 2372 2616 ministrabant
2419 2558 2509 2624 ei,
2565 2566 2620 2613 et
2675 2559 2862 2615 decies
2922 2566 3156 2615 centena
3193 2560 3370 2615 millia
3424 2571 3537 2617 sta-

1967 2650 2100 2705 bant
2134 2665 2307 2722 prope
2347 2665 2515 2718 eum;
2555 2648 2827 2719 judicium
2873 2651 3060 2722 sedit,
3096 2659 3151 2706 et
3197 2653 3322 2708 libri
3361 2657 3535 2724 aperti

1967 2748 2118 2796 sunt.
2152 2757 2170 2792 ι
2223 2737 2361 2804 Illa,
2405 2740 2620 2810 inquit,
2668 2741 2852 2795 omnia
2897 2741 3132 2798 audebat
3171 2758 3342 2800 cornu
3399 2747 3535 2801 illud

1967 2845 2165 2902 magna
2190 2831 2422 2901 loquens
2452 2842 2504 2886 et
2531 2830 2767 2902 superba
2793 2839 2955 2902 atque
2976 2835 3309 2904 arrogantia,
3337 2841 3534 2891 etcum

1968 2922 2179 2977 sanctis
2213 2936 2485 2993 pugnans,
2507 2922 2682 2977 donec
2710 2922 2852 2978 sedit
2871 2922 3165 2993 judicium.
3192 2923 3330 2982 Illud
3357 2934 3538 2983 autem

1970 3027 2073 3067 nos
2102 3013 2245 3068 scire
2277 3027 2376 3082 par
2403 3021 2521 3079 est,
2555 3011 2726 3067 Deum
2758 3014 3015 3084 corporis
3051 3025 3329 3086 expertem
3354 3058 3370 3085 ,
3404 3019 3541 3075 sim.

1970 3103 2274 3174 plicemque
2305 3118 2368 3159 ac
2402 3104 2556 3158 nulla
2596 3102 2771 3160 forma
2803 3106 3090 3176 praeditum
3117 3147 3132 3170 ,
3170 3109 3376 3179 quique
3413 3110 3537 3165 nul-

1971 3196 2077 3250 iam
2098 3195 2339 3250 admittit
2364 3195 2958 3265 circumscriptionem,
2984 3212 3108 3252 cum
3137 3197 3314 3269 ipsius
3335 3208 3538 3257 natura

1970 3301 2034 3341 ea
2066 3286 2172 3349 sit,
2206 3301 2328 3354 quae
2350 3285 2734 3342 circumscribi
2766 3295 3019 3358 nequeat,
3052 3289 3267 3360 1193
3297 3306 3542 3364 persaepe

301 3402 483 3454 σιμον,
504 3383 580 3448 ὡς
607 3384 913 3452 ἐθέλει,τάς
943 3387 1231 3452 ὀπτασίας.
1270 3388 1379 3442 Καὶ
1413 3388 1562 3442 ἐστιν
1593 3389 1720 3442 ίδείν
1750 3389 1868 3442 ἐτέ-

1975 3379 2234 3434 utilitatis
2274 3388 2476 3434 nostrae
2513 3393 2685 3434 causa
2726 3379 2954 3450 perinde
2988 3394 3053 3435 ac
3085 3383 3261 3447 velit,
3294 3382 3540 3440 visiones

301 3490 412 3545 ρως
447 3474 543 3545 μέν
574 3474 736 3527 αὑτὸν
783 3476 1197 3546 ἐπιφαινόμενον
1226 3475 1304 3546 τῷ
1345 3477 1618 3549 Ἀϐραὰμ,
1669 3477 1872 3548 ἑτέρως

296 3563 357 3616 δὲ
391 3563 468 3634 τῷ
498 3565 670 3634 Μωσῇ
695 3565 761 3629 ⁵⁷,
799 3567 892 3618 καὶ
922 3565 1094 3629 ἄλλως
1119 3567 1196 3637 τῷ
1229 3567 1446 3638 Ἡσαΐᾳ,
1475 3568 1566 3620 καὶ
1596 3567 1672 3637 τῷ
1711 3565 1860 3633 Ἰεζεο

297 3654 426 3725 κιὴλ
456 3655 512 3708 δέ
567 3655 824 3719 ὡσαύτως
873 3656 1063 3727 ἑτέραν
1116 3657 1238 3726 ὄψιν
1290 3657 1580 3725 ἐπέδειξενς
1608 3658 1672 3713 ⁴⁸.
1703 3657 1871 3713 Ὅταν

296 3745 477 3799 τοίνυν
505 3745 602 3813 τὴν
621 3746 729 3798 τῶν
771 3747 1164 3815 ἀποκαλύψεων
1194 3747 1308 3819 ἴδῃς
1333 3747 1612 3820 διαφοράν,
1658 3749 1731 3821 μὴ
1771 3765 1871 3801 πο⁹

293 3835 574 3906 λύμορφον
599 3837 873 3908 ύπολάΰῃς
913 3837 971 3890 τὸ
1019 3838 1195 3903 Θεῖον,
1241 3837 1471 3892 ἄκουσον
1503 3839 1558 3892 δὲ
1586 3838 1749 3892 αὑτοῦ
1783 3837 1873 3892 λέ-

295 3943 488 3997 γοντος
535 3928 624 3981 διὰ
684 3929 840 3999 Ὠσηέ
887 3929 980 3982 τοῦ
1043 3931 1319 4002 προφήτου
1361 3948 1412 3982 ἰ
1463 3931 1604 4000 Ἐγὼ
1651 3931 1870 4002 ὁράσεις

297 4019 598 4090 ἐπλήθυνα,
655 4021 748 4074 καὶ
802 4021 860 4072 ἐν
920 4021 1074 4091 χερσὶ
1154 4019 1448 4090 προφητῶν
1499 4019 1806 4090 ώμοιώθην.
1845 4039 1864 4072 ›

308 4111 636 4178 Ὧμοιώθην
675 4107 848 4174 εἶπεν,
904 4113 1002 4164 οῦκ
1054 4111 1262 4180 ὤφθην
1287 4128 1301 4140 ’
1339 4112 1414 4175 ώς
1451 4112 1561 4182 γάρ
1597 4111 1866 4180 βούλεται,

300 4202 627 4270 σχηματίζει
655 4203 753 4264 τάς
773 4201 942 4272 ὄψεις.
977 4203 1188 4272 ’Ὠσπερ
1216 4203 1409 4272 ἀμέλει
1439 4203 1530 4254 ml.
1556 4204 1584 4254 6
1603 4203 1869 4273 μακάριος

309 4293 572 4362 Ἶεζεκιὴλ
593 4294 925 4364 θεασάμενος
958 4295 1018 4358 ἐξ
1039 4295 1301 4366 ἠλέκτρου
1333 4295 1427 4348 καὶ
1456 4296 1625 4365 πυρὸς
1649 4295 1870 4362 συγκεί-

303 4400 465 4452 μενον
491 4384 582 4437 τὸν
619 4385 870 4453 ὀφθέντα,
921 4385 1323 4456 διηγησάμενος
1375 4385 1472 4456 τὴν
1527 4387 1868 4453 ἀποκάλυψιν

299 4476 586 4544 ἐπήγαγε·
653 4494 670 4526 ι
720 4476 890 4531 Τοῦτο
940 4477 1190 4546 ὁμοίωμα
1233 4477 1390 4546 δόξης
1444 4476 1666 4548 Κυρίου.
1708 4495 1727 4529 ι
1761 4477 1871 4530 Καὶ

299 4564 425 4618 οῦτε
465 4566 625 4619 αὑτὸν
651 4566 752 4636 ἔφη
792 4567 1077 4620 τεθεᾶσθαι
1129 4567 1220 4620 τὸν
1277 4565 1500 4636 Κύριον,
1547 4565 1671 4618 οῦτε
1701 4565 1870 4636 αὐτὴν

300 4655 399 4727 τὴν
419 4655 513 4711 τοῦ
545 4659 748 4729 Κυρίου
797 4657 977 4722 δόξαν,
1029 4658 1164 4711 ἀλλά
1223 4657 1282 4710 τὸ
1309 4657 1559 4726 ὁμοίωμα
1581 4656 1681 4726 τῆς
1713 4656 1870 4727 δόξης

301 4745 533 4815 Κυρίου.
561 4747 670 4799 Καὶ
707 4746 936 4799 ἐνταῦθα
984 4747 1161 4799 τοίνυν
1190 4748 1231 4779 ⁴⁹
1258 4747 1286 4799 6
1335 4746 1605 4818 μακάριος
1649 4746 1864 4815 Δανιὴλ,

300 4837 393 4891 διὰ
412 4837 510 4908 μὲν
574 4838 681 4892 τοῦ
722 4837 989 4892 Παλαιοῦ
1032 4838 1150 4892 τῶν
1185 4837 1416 4906 ἡμερῶν
1465 4836 1772 4889 διδάσκεται
1809 4836 1870 4888 τὸ

301 4932 520 4984 αίὼνιον
540 4946 553 4959 ⁸
586 4929 728 4984 οὕτω
756 4931 861 5002 γὰρ
885 4931 977 4985 καί
1003 4947 1145 4993 τινες
1165 4931 1273 4982 τῶν
1312 4926 1658 4998 ἐρμηνευτῶν
1684 4943 1870 4996 νενοη-

379 5109 398 5147 ἲ
436 5108 476 5163 ll
509 5111 705 5166 Thess.
745 5130 801 5176 ιι,
835 5115 882 5172 5,
921 5117 969 5168 4.
1052 5116 1132 5154 ⁸οῆ
1177 5113 1333 5169 Osce.
1377 5130 1430 5178 κ,
1467 5116 1547 5166 ll.

1975 3469 2232 3540 ﬁgurare.
2259 3468 2326 3524 Et
2347 3471 2535 3526 videre
2558 3473 2705 3534 licet.
2743 3471 2900 3526 illum
2941 3471 3048 3527 alia
3086 3473 3263 3530 forma
3293 3475 3540 3532 Abraha-

1975 3577 2065 3615 mo
2085 3577 2144 3616 se
2170 3561 2462 3616 videndum
2490 3562 2785 3626 obtulisse,
2815 3563 2922 3617 alia
2956 3558 3115 3628 Mosi,
3139 3573 3195 3620 et
3223 3565 3331 3620 alia
3361 3565 3540 3630 Isaiae.

1972 3659 2027 3704 et
2081 3652 2353 3706 Ezechieii
2397 3652 2652 3706 similiter
2706 3653 2869 3706 aliam
2912 3655 3224 3709 ostendisse
3279 3657 3538 3724 speciem.

1973 3741 2204 3809 Quando
2236 3742 2421 3812 itaque
2451 3741 2657 3797 videris
2689 3742 3044 3798 revelationis
3068 3744 3388 3801 varietatem
3414 3788 3429 3813 ,
3471 3762 3542 3800 ne

1973 3835 2314 3890 multiforme
2342 3837 2357 3855 ‘
2390 3847 2594 3890 numen
2627 3835 2901 3905 cpineris,
2932 3834 3114 3906 ipsum
3145 3846 3321 3892 autem
3352 3840 3542 3894 audias

1973 3943 2069 3997 per
2111 3926 2308 3981 Oscam
2355 3926 2682 3996 prophetam
2723 3926 3000 3981 dicentem
3034 3945 3047 3982 :
3087 3944 3106 3980 ι
3145 3927 3261 3999 Ego
3300 3929 3542 3985 visiones

1970 4016 2333 4087 multiplicari
2360 4057 2373 4078 ,
2409 4025 2462 4070 et
2509 4016 2561 4069 in
2602 4016 2859 4071 manibus
2895 4015 3283 4086 prepbetarum
3315 4019 3539 4073 assimi‘

1970 4110 2115 4164 latus
2156 4125 2280 4164 sum
2316 4109 2420 4162 6-11.
2464 4128 2483 4160 ι
2517 4107 2864 4163 Assimilatus
2903 4125 3021 4162 sum
3053 4107 3222 4174 dixit,
3255 4122 3363 4162 non
3398 4111 3538 4164 visus

1971 4219 2087 4257 sum
2118 4220 2136 4258 :
2165 4201 2624 4272 quemadmodum
2679 4204 2823 4258 enim
2862 4204 3001 4266 vnit,
3039 4203 3282 4257 visiones
3317 4201 3538 4271 ﬁgurat.

1972 4295 2130 4350 Sicut
2157 4296 2394 4364 denique
2425 4295 2620 4348 beatus
2645 4293 2810 4347 eliam
2844 4290 3092 4350 Ezechiel
3134 4292 3539 4359 contemplatus

1970 4403 2035 4442 ex
2065 4388 2272 4441 electro
2293 4393 2348 4438 et
2381 4385 2505 4453 igne
2528 4385 2890 4454 compositqu
2924 4384 3078 4437 illum
3113 4397 3273 4452 quem
3306 4383 3537 4445 viderat,

1973 4484 2308 4545 uarrataque
2349 4475 2606 4540 visione,
2659 4474 2894 4544 subjecit
2945 4489 2960 4527 :
3011 4495 3028 4527 ι
3066 4474 3191 4530 Haec
3233 4474 3540 4530 similitudo

1972 4567 2157 4638 gloria:
2189 4566 2401 4620 Domini
2431 4567 2472 4606 ίο
2507 4585 2524 4617 ι
2570 4567 2647 4620 Ac
2677 4581 2851 4636 neque
2884 4567 3065 4637 ipsum
3095 4566 3387 4640 Dominum
3421 4581 3451 4620 a
3480 4581 3540 4623 se

1974 4665 2327 4725 consliectum
2364 4655 2540 4719 dixit,
2577 4672 2755 4726 neque
2801 4657 2974 4727 ipsam
3016 4656 3231 4712 Domini
3269 4659 3499 4728 gloriam
3522 4697 3540 4723 ,

1976 4749 2070 4804 sed
2117 4746 2531 4803 similitudinem
2561 4748 2749 4819 gloriae
2779 4747 3017 4803 Domini.
3054 4747 3155 4803 Hic
3186 4749 3313 4803 item
3346 4748 3542 4805 beatus

1979 4841 2168 4894 Daniel
2199 4855 2297 4909 per
2320 4841 2611 4910 Antiquum
2640 4841 2847 4896 dierum
2883 4840 3115 4896 docetur
3139 4848 3402 4896 aeternum
3437 4856 3541 4896 nu-

1979 4945 2102 4983 men
2155 4945 2166 4980 :
2223 4930 2366 4998 quod
2417 4944 2542 4983 cum
2593 4930 2817 4999 quidam
2866 4932 3199 5002 interpretes
3245 4930 3412 4989 etiam
3462 4932 3544 4989 sic

1635 5119 1646 5155 ί
1690 5114 1886 5169 ΕΖοοΙι.
1922 5131 1982 5178 ιι,
2030 5115 2077 5170 i.

1579 5273 1660 5326 VA
1675 5274 1809 5329 RL‘E
1848 5272 2249 5329 LECTIONES.

390 5383 434 5414 δ’
470 5383 592 5457 63,90.
629 5386 666 5457 ιι
697 5384 820 5457 add.
854 5387 1035 5441 αὑτοῦ.
1099 5389 1146 5421 οι
1176 5407 1300 5442 παν.
1337 5389 1374 5440 n
1405 5390 1718 5457 ρτιιιηιπήν.
1781 5388 1825 5418 τι
1853 5385 1998 5441 Loco
2027 5387 2120 5457 cit.
2152 5396 2250 5457 est.
2291 5361 2626 5457 ἐξαπατήσῃ.

2692 5382 2738 5414 ³⁸
2765 5385 2859 5438 ὑπ.
2887 5383 2929 5438 Β
2957 5383 3071 5449 ἐπὶ,
3095 5382 3248 5449 juxta
3271 5395 3382 5436 rec.
3414 5378 3540 5449 lect.

306 5453 346 5527 l._
375 5469 422 5508 ιε.
478 5433 679 5527 ξἐέοίὲ.
698 5433 1083 5527 Eb'eoIaifEst
1111 5433 1300 5513 αὐτόν.¹
1339 5433 1629 5527 ’ίτ-ἓεσέλθῖ
1643 5433 1803 5527 'Loco
1827 5459 1919 5510 cit.
1938 5433 2036 5510 ‘est
2065 5433 2139 5527 ψξ
2169 5433 2347 5527 Θεόνέ
2379 5453 2480 5527 '{B
2509 5433 2915 5527 61f662txv‘6v'rz,
2947 5433 3233 5520 iuxt'a'rec.
3263 5450 3389 5504 lect.
3422 5448 3458 5502 l.
3491 5463 3541 5527 ς.

307 5525 350 5555 ³⁸
382 5524 692 5594 φησάνῦιιε.
726 5526 777 5578 iu
809 5526 867 5580 Β.

970 5528 1013 5558 ⁸⁸
1045 5546 1098 5582 κ.
1127 5547 1177 5582 τ.
1234 5545 1350 5597 τιμ.
1389 5525 1587 5582 Des.in
1629 5528 1687 5580 Β.

309 5609 427 5668 oag.
447 5593 573 5648 9L5
594 5595 826 5668 et_i%97,
857 5597 957 5668 leg.

1795 5526 1838 5558 “
1875 5528 1922 5580 Α
1959 5526 2213 5589 ἐκάθητο.

1050 5598 1096 5630 ⁸³
1133 5600 1257 5651 ἐκπ.
1295 5594 1432 5649 Des.
1501 5612 1686 5665 supra,
1722 5603 1760 5649 t.
1804 5594 1844 5657 l',
1885 5613 2004 5667 pag.
2033 5597 2154 5649 9:25.

2317 5525 2360 5556 δ’
2390 5515 2437 5577 A'
2456 5532 2509 5578 ct
2555 5523 2596 5577 Β
2619 5524 2819 5595 πυρός.
2851 5515 2926 5595 Ita
2950 5515 3180 5595 quoque
3207 5533 3395 5595 supra,
3432 5527 3468 5570 t.
3500 5515 3542 5595 1,

2256 5594 2303 5625 ⁸⁸
2325 5595 2371 5666 ᾼ
2396 5587 2914 5666 ἐμπροσθενάύτοῦ.
2939 5662 2950 5666 _
2983 5587 3176 5666 λζᾶπ.
3211 5587 3290 5666 ⁵Ιιι
3426 5593 3560 5658 post

305 5656 506 5734 ιτόλμα
541 5665 780 5733 ponitur.
816 5656 823 5660 ’
856 5656 999 5720 “th
1025 5672 1082 5722 et’
1113 5667 1306 5722 deinde
1332 5667 1420 5734 τὰ,
1453 5667 1504 5720 in
1545 5656 1585 5718 Β
1616 5656 1729 5721 des.
1807 5656 1849 5696 δ’
1887 5656 1938 5716 ’Β
1957 5656 2195 5736 Μωῦσῇ.
2275 5666 2316 5698 δ’
2345 5665 2383 5717 Β
2420 5656 2718 5729 ἀπέδειξεν.
2794 5663 2838 5694 ⁸³
2869 5662 3002 5715 τοίν.
3056 5659 3176 5713 Des.
3211 5657 3265 5714 in
3307 5656 3366 5712 Β.
