3898 6208
443 364 586 428 1423

1465 360 1948 420 ΤΙΙΕΟΟΟΒΕΤΙ
1984 362 2319 422 EPISCOPI
2352 363 2714 423 CYRENSIS

3521 362 3632 430 1494

439 474 838 528 intellexissent
869 511 880 528 .
924 485 1018 539 pro
1039 469 1270 536 Ἀναξίλεω
1305 467 1530 534 dierum,
1563 457 1864 539 posuerunt
1893 469 2005 522 An-

2126 474 2286 538 ιότες,
2313 475 2432 528 ἀντὶ
2451 473 2555 527 τοῦ
2589 469 2854 526 Humor?»
2873 471 2916 502 ⁵ο
2935 469 3042 526 τῶν
3075 471 3324 540 ἡμερῶν,
3342 475 3371 526 ό
3396 475 3637 531 Παλαιῶν

441 566 651 637 liquam
693 563 821 616 dies.
858 560 1273 630 Contemplatur
1311 559 1440 614 item
1481 560 1701 629 capillos
1733 576 1919 628 puros,
1953 571 2006 614 et

439 659 863 712 vestimentorum
893 653 1219 722 splendorem
1245 691 1260 715 ,
1294 652 1630 722 inculpatam
1671 653 1916 722 undique
1953 660 2008 707 et

439 758 682 802 sanetam
709 786 723 809 ,
755 761 863 799 non
896 747 1076 799 solmn
1113 743 1352 798 divinam
1391 751 1684 806 naturam,
1713 745 1805 798 sed
1836 744 2006 798 etiam

437 855 501 894 ea
535 853 655 908 quze
686 837 753 892 de
792 838 912 906 ipsa
954 836 1187 906 intelligi
1230 843 1498 904 possunt,
1543 834 1804 903 edoctus,
1837 836 2008 906 justi-

439 935 569 986 tiam
614 929 908 992 videlicet,
946 929 1347 998 providentiam
1376 971 1391 994 ,
1433 943 1626 982 curam
1657 969 1672 993 ,
1715 928 2006 997 judicium.

438 1023 596 1090 Quod
622 1022 768 1077 enim
800 1022 936 1076 vidit
970 1040 988 1072 ι
1012 1033 1181 1075 cornu
1215 1022 1466 1090 superbis
1493 1030 1651 1075 utens
1683 1021 1883 1086 verbis,
1908 1040 1926 1073 ι
1959 1029 2013 1075 et

440 1115 532 1169 Dei
562 1112 868 1184 cultoribus
901 1112 1152 1166 inﬁnitas
1186 1113 1419 1166 moliens
1445 1111 1698 1176 insidias,
1734 1127 1830 1182 per
1856 1111 2007 1182 puri-

441 1216 604 1261 tatem
643 1204 885 1274 undique
919 1211 1306 1258 coruscantem
1342 1203 1637 1267 edocetur,
1681 1217 1793 1257 non
1834 1202 2012 1273 negli-

441 1305 599 1367 gente
626 1296 839 1366 1199
867 1294 1006 1355 Deo,
1046 1295 1139 1349 sed
1175 1295 1244 1348 ob
1277 1294 1610 1348 ineﬂabilem
1648 1295 2014 1364 dispensatio-

445 1405 564 1444 nem
605 1387 996 1459 permittente,
1048 1386 1163 1441 haac
1208 1386 1342 1440 illud
1391 1386 1613 1440 audere.
1671 1385 1735 1440 Et
1777 1402 1846 1441 ne
1891 1387 2016 1455 quis

443 1496 639 1534 rursus
699 1486 955 1548 oplnetur
1004 1479 1144 1532 velle
1178 1477 1396 1547 quidem
1442 1476 1646 1540 Deum,
1695 1486 1879 1547 utpote
1914 1478 2014 1531 b0-

445 1588 596 1638 ουκ),
635 1571 848 1626 sanctis
875 1584 1033 1640 opem
1065 1567 1230 1632 ferre,
1266 1583 1378 1623 non
1416 1583 1580 1638 posse
1615 1577 1794 1623 autem
1822 1613 1837 1633 ,
1869 1568 2019 1624 videt

441 1666 607 1717 ctiam
653 1682 670 1713 ι
707 1663 980 1716 .thronum
1027 1675 1090 1714 ex
1142 1660 1268 1730 igne
1315 1668 1733 1724 constructum,
1773 1667 1828 1714 et
1867 1672 2018 1714 rotas

443 1754 632 1810 itidem
678 1754 837 1824 ignea
887 1752 1147 1822 przeditas
1191 1759 1390 1805 natura
1420 1792 1434 1815 ,
1491 1761 1540 1806 et
1594 1751 1822 1806 ﬂuvium
1873 1752 2018 1822 ignis

2111 565 2215 630 τὰς
2246 565 2467 632 ἡμέρας
2501 562 2829 616 τεθείκασιν.
2872 564 3005 633 Ὁρᾷ
3030 563 3070 592 ³⁸
3099 578 3157 615 τε
3213 562 3307 616 καὶ¹
3344 562 3447 631 τῆς
3467 567 3639 634 τριχὸς

2110 654 2225 722 τὴν
2243 656 2641 722 καθαρότητα,
2671 653 2764 706 καί⁵
2790 649 2910 706 τῶν
2929 650 3386 721 ἐνδυμάτων-τὴν
3409 656 3640 722 λαμπρά-

2111 764 2289 814 rura,
2325 745 2385 799 τὸ
2423 747 2651 817 ἄμωμον
2691 743 3024 815 πανταχόθεν
3079 743 3174 797 καὶ
3223 744 3390 812 ἅγιον,
3418 745 3472 796 οὐ
3508 745 3642 814 μόνον

2110 840 2206 910 τῆς
2236 839 2384 902 Θείας
2407 837 2642 908 φύσεως,
2696 838 2831 892 ἀλλὰ
2861 838 2954 891 καὶ
2974 837 3080 889 τῶν
3106 835 3234 906 περὶ
3255 835 3418 905 αὐτὴν
3453 837 3646 907 νοουμέο

2111 951 2217 985 νων
2243 931 2648 1002 διδασκόμενος,
2699 930 2946 984 τουτέστι
3003 927 3367 996 δικαιοσύνης,
3423 929 3646 997 προνοίας

2113 1024 2436 1095 κηδεμονίας
2455 1025 2522 1088 ",
2557 1023 2808 1094 κρίσεως.
2845 1020 3065 1092 Ἐπειδὴ
3087 1019 3196 1091 γάρ
3219 1015 3356 1072 εἶδεν
3393 1038 3409 1068 ι
3427 1018 3483 1070 τὸ
3506 1018 3648 1090 κέρας

2113 1114 2452 1179 ἁλαζονικοῖς
2487 1115 2582 1185 μὲν
2617 1113 2896 1185 χρώμενον
2941 1114 2987 1148 ⁵³
3026 1112 3231 1180 λόγοις,
3272 1128 3290 1162 ι
3346 1112 3452 1172 τοῖς
3488 1125 3542 1161 τε
3571 1110 3649 1162 τοῦ

2114 1208 2248 1261 Θεοῦ
2283 1207 2580 1278 θεράπουσι
2601 1207 2799 1278 μυρίας
2825 1204 3052 1258 καττύον
3088 1201 3398 1266 ἐπιϐουλὰς,
3435 1201 3652 1254 διδάσκε-

2115 1317 2205 1352 ται
2241 1299 2330 1352 διὰ
2361 1299 2459 1368 τῆς
2495 1299 2826 1368 πανταχόθεν
2854 1296 3278 1368 ἁστραπτούσης
3296 1296 3650 1366 καθαρότητος.

2115 1389 2189 1452 ὼς
2219 1389 2279 1441 οὐ
2307 1388 2654 1459 παρορῶντος
2681 1387 2776 1440 τοῦ
2833 1385 2968 1440 Θεοῦ
3014 1385 3187 1438 ταῦτα
3213 1385 3492 1454 τολμᾶται,
3543 1383 3654 1438 ἀλλὰ

2115 1483 2206 1537 διὰ
2234 1481 2333 1552 τὴν
2369 1482 2606 1551 ἇρῤητον
2663 1479 3073 1550 συγχωροῦντος
3111 1479 3157 1509 ⁸⁵
3211 1478 3535 1547 οἰκονομίαν.
3565 1478 3655 1530 Καὶ

2120 1573 2207 1625 ἵνα
2233 1572 2305 1642 μή
2336 1589 2419 1634 τις
2475 1570 2634 1624 πάλιν
2696 1570 2941 1640 ὑπολάϐῃ
2978 1569 3264 1640 βούλεσθαι
3299 1569 3395 1638 μὲν
3422 1568 3652 1630 sever-“av,

2121 1667 2216 1719 ἅτε
2237 1664 2301 1735 δὴ
2328 1663 2533 1732 ἀγαθὸν
2569 1663 2716 1729 ὅντα,
2769 1665 2882 1727 τοῖς
2927 1663 3100 1730 ἁγίοις
3142 1661 3461 1732 ἐπαμύνειν,
3490 1661 3556 1730 μὴ
3582 1660 3654 1712 δύο

2121 1751 2314 1806 νασθαι
2361 1752 2438 1816 δὲ,
2489 1753 2591 1823 ὁρᾷ
2650 1753 2784 1805 καὶ(
2837 1751 2925 1804 τὸν
2981 1751 3172 1823 θρόνον
3228 1753 3291 1804 ἐκ
3337 1751 3522 1819 φλογὸς
3549 1767 3655 1802 κατ-

446 1822 1061 1908 thronumrtrahentem,
1093 1851 1147 1896 et
1177 1843 1322 1897 mille
1351 1842 1520 1896 millia
1555 1844 2014 1908 ministrantium,

2126 1844 2545 1916 εσκευασμένον,
2590 1845 2681 1898 καί⁵
2733 1843 2860 1906 τοὺς
2910 1845 3136 1915 τροχοὺς
3210 1842 3465 1904 ὡσαύτως
3516 1841 3656 1911 πυρὸς

444 1948 498 1992 ρει
527 1937 714 1992 decies
756 1947 991 1990 centena
1031 1934 1200 1987 millia
1255 1935 1575 1988 astanlium.
1610 1956 1627 1987 ι
1676 1935 1742 1988 Ει
1776 1952 1872 2006 per
1903 1937 2016 1990 lucc

435 2029 668 2099 ,qnidem
713 2027 898 2080 divina
943 2033 1192 2094 potestas
1225 2024 1544 2080 declaratur
1580 2065 1594 2088 ,
1636 2041 1731 2096 per
1765 2028 1857 2080 illa
1890 2041 2020 2081 vero

449 2125 766 2188 incorrupta
797 2117 1043 2188 nullique
1069 2117 1481 2187 reprehensioni
1509 2117 1744 2172 obnoxia
1779 2128 1974 2172 natura
2003 2137 2015 2171 :

450 2225 545 2278 per
589 2207 961 2276 antiquitatem
1014 2215 1195 2260 autem
1245 2207 1566 2266 :eternitas.
1614 2207 1919 2276 sapientia,
1967 2213 2021 2260 et

451 2298 839 2354 mansuetudo.
890 2297 986 2352 His
1018 2297 1248 2367 adjicit:
1275 2315 1292 2348 ι
1316 2295 1590 2352 Judicium
1620 2297 1783 2364 sedit,
1813 2307 1869 2354 et
1898 2298 2022 2352 libri

443 2388 622 2455 aperti
654 2396 818 2452 sunt,
853 2405 872 2438 ι
917 2386 1022 2441 hoc
1069 2395 1196 2441 est:
1239 2386 1437 2455 judicii
1485 2387 1756 2457 reliquum
1804 2397 2022 2457 tempus

444 2479 694 2534 decrevit
729 2494 888 2541 esse,
928 2486 982 2531 et
1017 2477 1319 2546 explicavit
1354 2494 1537 2534 rerum
1585 2481 1655 2535 ab
1688 2496 2022 2551 unoquoque

443 2579 727 2642 gestarum
769 2569 1108 2624 memoriam.
1145 2567 1334 2622 Libros
1371 2571 1520 2624 enim
1551 2573 1792 2642 appellat
1824 2573 2024 2626 unius-

440 2665 722 2734 cujusque
749 2663 826 2717 rei
856 2663 1199 2718 memoriam.
1227 2660 1384 2728 Quod
1408 2663 1454 2717 si
1481 2666 1606 2734 quis
1623 2667 1786 2720 etiam
1815 2664 2026 2718 Domini

436 2754 908 2824 .pollicitationem
944 2752 1226 2806 existimat
1257 2753 1343 2807 bis
1375 2753 1606 2809 indicari
1631 2796 1644 2819 ,
1693 2771 1854 2826 quam
1894 2771 2028 2824 apo-

453 2846 610 2902 stolis
651 2843 930 2916 pollicitus
973 2850 1057 2898 est
1091 2861 1102 2896 :
1147 2860 1162 2893 ι
1203 2841 1517 2905 Ponentur,
1554 2847 1844 2915 inquiens,
1893 2847 2030 2900 duo-

453 2937 629 2992 decim
679 2936 839 2991 sedes
870 2974 885 3000 ,
933 2945 990 2989 et
1045 2934 1302 2989 sedentes
1357 2935 1682 3005 judicabitis
1730 2935 2027 2990 duodecim

456 3031 631 3084 tribus
657 3026 918 3085 lsraelisi
951 3069 965 3094 ,
1010 3047 1027 3080 ι
1073 3028 1230 3098 plane
1260 3041 1368 3082 non
1407 3044 1437 3081 a
1482 3031 1698 3082 ratione
1731 3029 2025 3095 abhorret,

2120 1937 2342 2007 ἔχοντας
2364 1936 2545 2005 φύσιν,
2570 1937 2665 1990 καὶ
2714 1937 2959 2006 ποταμὸν
3007 1935 3182 2006 πυρὸς
3237 1935 3327 1988 τὸν
3379 1933 3551 2004 θρόνον
3590 1933 3657 1984 ἓ).-

2119 2045 2302 2091 κοντα,
2336 2029 2430 2081 καὶ
2457 2027 2631 2097 χιλίας
2669 2027 2766 2098 μὲν
2821 2027 3065 2097 χιλιάδας
3113 2026 3542 2098 λειτουργοῦσας,
3573 2044 3653 2096 μυ·

2121 2118 2243 2189 ρίας
2269 2117 2326 2170 δὲ
2353 2117 2620 2187 μυριάδας
2652 2116 3029 2189 παρεστώσας.
3066 2137 3083 2168 ι
3116 2117 3336 2170 Καὶδιά
3363 2117 3549 2168 τούτων
3581 2117 3658 2185 μὲν

2118 2209 2178 2261 τὸ
2209 2207 2429 2262 δυνατὸν
2483 2207 2793 2261 διδάσκεται
2859 2207 2949 2260 τοῦ
3011 2206 3167 2270 Θεοῦ,
3209 2206 3275 2260 δι’
3303 2207 3513 2259 ἐκείνων
3537 2205 3585 2258 δέ
3610 2205 3657 2256 τὸ

2120 2289 2481 2368 ἀκήρατόν’τε
2516 2298 2608 2350 καὶ
2643 2298 2905 2368 ἄμωμον·
2949 2297 3035 2350 διὰ
3067 2297 3121 2349 δὲ
3161 2296 3276 2364 τῆς
3305 2297 3658 2359 παλαιότητος

2120 2389 2181 2442 τὸ
2212 2389 2430 2442 αἰώνιόν
2454 2406 2513 2442 τε
2543 2389 2636 2443 καὶ
2669 2388 2852 2458 σοφὸν,
2881 2390 3221 2458 καὶῆμερον.
3243 2388 3458 2450 Τούτοις
3480 2386 3654 2452 ἐπάγει·

2129 2481 2470 2552 (Κριτήριον
2526 2480 2750 2533 ἐκάθισε
2782 2521 2798 2547 ,
2853 2483 2946 2534 καὶ
3013 2479 3187 2550 βίϐλοι
3257 2478 3653 2549 ἡνεῴχθησαν·ι

2124 2573 2246 2626 ἀντὶ
2271 2572 2394 2635 τοῦ,
2430 2571 2678 2643 Κρίσεως
2702 2571 2886 2625 λοιπὸν
2921 2571 3249 2641 ἐδοκίμασεν
3309 2566 3442 2624 εἶναι
3482 2568 3655 2640 καιρὸν,

2125 2665 2219 2717 καὶ
2236 2663 2499 2727 άνέπτυξε
2529 2664 2635 2716 τῶν
2663 2663 2877 2734 ἑκάστῳ
2892 2663 3302 2734 πεπραγμένων
3327 2663 3423 2734 τὴν
3458 2664 3656 2732 μνήμην.

2128 2758 2384 2822 Βίϐλους
2412 2755 2522 2826 γὰρ
2576 2756 2676 2818 τὰς
2713 2757 2930 2827 μνήμας
2966 2755 3140 2810 καλεῖ.
3197 2756 3261 2809 Εἰ
3288 2755 3346 2808 δέ
3377 2773 3444 2818 εις
3473 2755 3555 2807 καὶ
3584 2754 3659 2821 τὴν

2127 2847 2219 2900 τοῦ
2255 2847 2461 2918 Κυρίου
2502 2848 2795 2918 ὑπόσχεσιν
2852 2850 3068 2918 ἡγεῖται
3123 2847 3300 2901 ταῦτα
3352 2845 3657 2903 αἰνίττεσθαι,

2126 2939 2194 3008 ἢν
2231 2942 2342 3003 τοῖς
2364 2941 2679 3005 ἀποστόλοις
2718 2941 2887 2994 ἔδωκε
2915 2955 2929 2972 ⁶
2977 2959 2995 2992 ι
3043 2939 3377 3010 Τεθήσονται
3409 2939 3471 3003 ⁸⁸,
3501 2937 3658 3004 λέγων,

2131 3028 2263 3082 δέκα
2290 3032 2384 3083 καὶ
2415 3029 2508 3084 δύο
2536 3031 2581 3062 ⁸⁸
2607 3031 2808 3103 θρόνοι,
2835 3030 2929 3085 καὶ
2959 3030 3321 3095 καθεσθέντες
3349 3033 3563 3102 κρινεῖτε
3587 3027 3662 3088 τὰς

456 3121 726 3191 siquidem
776 3120 1050 3176 mendacii
1101 3133 1303 3189 expers
1373 3127 1459 3174 est
1511 3119 1761 3176 veritatis
1808 3120 2024 3188 pollici-

2131 3119 2338 3174 δώδεκα
2395 3121 2568 3192 φυλὰς
2623 3123 2716 3175 τθῦ
2785 3123 3022 3194 Ἰσραὴλ,
3080 3141 3099 3174 ι
3155 3122 3316 3176 οὐδὲν
3369 3120 3572 3183 ἀπεικός
3601 3117 3659 3149 ⁸⁷·

457 3213 622 3268 talio.

534 3303 809 3359 ἤπια-11.
847 3322 865 3353 ι
898 3304 1270 3374 Aspieiebam,
1302 3303 1498 3372 inquit,
1534 3312 1664 3356 tunc
1695 3317 1722 3355 a
1756 3318 1889 3357 voce
1916 3319 2034 3358 ser-

459 3413 680 3452 monum
711 3410 1034 3466 magnorum
1058 3433 1072 3458 ,
1103 3410 1243 3465 quos
1275 3409 1448 3449 cornu
1489 3391 1640 3448 istud
1680 3392 2029 3463 loquebatur,

460 3487 791 3558 aspiciebam
835 3486 1011 3541 donec
1049 3485 1339 3542 interfecta
1380 3489 1396 3506 '
1438 3495 1520 3540 est
1561 3484 1734 3539 bestia
1782 3484 1870 3538 illa
1903 3527 1917 3551 ,
1978 3494 2030 3541 et

463 3577 660 3646 periit,
693 3584 746 3628 et
787 3589 990 3644 corpus
1018 3575 1139 3644 ejus
1170 3575 1356 3628 datum
1388 3580 1475 3628 est
1507 3573 1560 3626 in
1591 3574 2058 3641 combustionem,

463 3667 624 3737 ignis.
661 3683 679 3716 ι
714 3663 848 3718 Nam
890 3673 1112 3734 propter
1138 3681 1312 3720 cornu
1345 3665 1497 3720 illius
1528 3665 1826 3730 insaniam,
1863 3666 2032 3730 facto,

462 3756 684 3824 inquit,
718 3755 959 3824 judicio,
1013 3766 1276 3825 quartum
1317 3757 1482 3810 etiam
1527 3772 1754 3828 regnum
1794 3758 2033 3814 deletum

461 3852 568 3909 est,
609 3863 628 3897 ι
667 3855 720 3900 et
748 3860 950 3915 corpus
978 3847 1165 3901 bestiae
1193 3848 1380 3902 datum
1407 3858 1492 3904 est
1517 3850 1570 3903 in
1599 3852 2035 3906 combustionem

465 3935 628 4003 ignis.
663 3952 682 3986 ι
726 3933 862 3988 Illud
898 3945 1078 3990 autem
1120 3952 1219 3992 nos
1251 3938 1406 3994 decet
1439 3949 1729 4006 annotare,
1769 3959 1876 3997 non
1907 3947 2038 3998 sim-

465 4025 687 4095 pliciter
739 4040 865 4079 eum
918 4026 1152 4092 dixisse,
1192 4027 1412 4083 Tradita
1447 4039 1532 4084 est
1581 4032 1793 4102 1200
1837 4033 2034 4100 bestia,

471 4114 563 4169 sed
592 4132 610 4165 ι
636 4129 837 4183 corpus
851 4114 1043 4170 bestiae
1069 4135 1087 4168 ι
1123 4117 1385 4172 traditum
1405 4118 1610 4190 estigni
1629 4119 1693 4174 ad
1710 4123 2038 4176 comburen-

476 4207 627 4261 dnm.
659 4206 792 4262 Cum
830 4207 976 4262 enim
1017 4223 1112 4277 per
1132 4211 1354 4263 bestiam
1380 4226 1541 4266 omne
1571 4226 1799 4282 regnum
1834 4214 2040 4284 signiﬁ-

468 4307 555 4354 cet
586 4340 602 4365 ,
633 4306 688 4352 et
721 4299 777 4353 in
805 4313 978 4370 regno
1004 4300 1094 4353 alii
1129 4300 1240 4356 sint
1264 4301 1486 4372 pietatis
1518 4302 1724 4358 alumni
1753 4345 1768 4368 ,
1804 4305 1897 4358 alii
1940 4306 2041 4358 im-

466 4388 759 4458 probitatis
791 4390 1050 4450 ministri,
1081 4401 1135 4444 et
1162 4391 1266 4446 bos
1291 4393 1514 4462 quidem
1543 4393 1880 4464 spirituales,
1911 4394 2038 4446 illos

2133 3205 2370 3275 ἀψευδὴς
2405 3209 2569 3281 γὰρή
2600 3210 2697 3279 τῆς
2722 3210 2975 3281 ἀληθείας
3005 3211 3332 3279 ἐπαγγελία.

2205 3295 2292 3351 ια’.
2329 3315 2347 3347 ι
2387 3299 2703 3370 Ἐθεώρουν,
2740 3301 2891 3369 φησὶ,
2924 3300 3043 3352 τότε
3074 3301 3120 3332 ⁸⁸
3143 3301 3257 3354 ἀπὸ
3286 3305 3464 3372 φωνῆς
3481 3299 3574 3352 τῶν
3594 3298 3662 3350 λό-

2133 3403 2244 3456 γων
2271 3388 2378 3442 τῶν
2399 3390 2669 3460 μεγάλων,
2699 3386 2772 3445 ὧν
2802 3393 2859 3445 τὸ
2888 3392 3054 3462 κέρας
3089 3392 3271 3445 ἐκεῖνο
3291 3394 3334 3424 ⁵⁹
3357 3393 3538 3456 ἐλάλει,
3563 3391 3666 3443 0m-

2137 3479 2245 3550 ρῶν
2288 3482 2436 3551 ήμην
2462 3483 2506 3514 ⁶⁰
2547 3483 2650 3545 ἕως
2679 3484 2913 3554 ἀνῃρέθη
2949 3483 3008 3536 τὸ
3059 3483 3270 3553 θηρίον,
3318 3485 3407 3538 καί
3441 3483 3660 3538 ἀπώλετο.

2135 3572 2228 3626 καὶ
2257 3573 2317 3626 τὸ
2348 3573 2507 3642 σῶμα
2534 3573 2700 3627 αὑτοῦ
2723 3574 2879 3645 ἐδόθη
2914 3577 2994 3638 εἰς
3027 3575 3370 3628 κατάκαυσιν
3393 3577 3432 3608 ⁸⁸
3462 3574 3621 3644 πυρός.
3645 3591 3658 3621 ι

2136 3666 2234 3720 Διὰ
2258 3667 2366 3736 γὰρ
2397 3665 2494 3736 τὴν
2525 3666 2619 3718 τοῦ
2655 3666 2883 3736 κέρατος
2913 3667 3121 3719 ἐκείνου
3152 3668 3375 3738 μανίαν,
3396 3666 3484 3719 τοῦ
3511 3681 3663 3735 κριτη·

2142 3757 2278 3828 ρίου,
2332 3759 2486 3826 φησί,
2543 3756 2878 3827 γενομένου,
2921 3757 3190 3827 κατελύθη
3245 3758 3339 3811 καὶ
3395 3759 3426 3828 ἡ
3474 3758 3663 3825 τετάρτη

2140 3849 2404 3920 βασιλεία,
2445 3868 2462 3899 ι
2496 3850 2587 3903 καὶ
2614 3849 2675 3903 τὸ
2706 3849 2864 3920 σῶμα
2897 3849 2989 3902 τοῦ
3018 3848 3214 3920 θηρίου
3257 3850 3409 3920 ἐδόθη
3440 3851 3511 3911 εἰς
3533 3848 3664 3900 κατὰ·

2139 3957 2330 3994 καυσιν
2383 3940 2572 4010 πυρός.
2631 3958 2649 3990 ι
2690 3940 2964 4010 Προσήκει
3020 3939 3077 3992 δὲ
3121 3938 3576 4011 ἐπισημήνασθαι,
3605 3938 3665 3988 ὅτι

2139 4033 2237 4104 οὐχ
2269 4033 2475 4098 ἁπλῶς,
2527 4032 2681 4104 ἐδόθη
2713 4032 2774 4085 τὸ
2801 4032 2986 4103 θηρίον
3015 4034 3094 4094 εἰς
3119 4033 3317 4086 καῦσιν
3344 4031 3522 4102 πυρὸς,
3540 4027 3662 4089 ἀλλὰ,

2147 4143 2164 4176 ι
2201 4125 2262 4178 τὸ
2290 4125 2451 4195 σῶμα
2473 4123 2658 4190 αὑτοῦ,
2686 4143 2703 4174 ι
2726 4119 2875 4176 εἶπεν
2891 4125 2958 4175 ⁸⁸.
2979 4123 3197 4192 Ἐπειδὴ
3235 4123 3345 4193 γὰρ
3363 4122 3445 4175 διὰ
3473 4120 3561 4174 (οῦ
3587 4120 3665 4181 θη-

2133 4216 2275 4285 ρίου
2296 4217 2473 4269 πᾶσαν
2489 4216 2586 4285 τὴν
2605 4214 2884 4285 βασιλείαν
2900 4213 3216 4278 αἰνίττεται,
3242 4215 3300 4266 ἐν
3317 4213 3376 4265 δὲ
3390 4213 3450 4282 τῇ
3469 4206 3665 4280 βασιλείᾳ

2140 4310 2189 4362 οἱ
2224 4311 2322 4380 μὲν
2359 4311 2490 4363 εἰσὶν
2529 4309 2807 4374 εὐσεϐείας
2837 4311 3116 4380 τρόξιμοι,
3149 4312 3196 4362 οἰ
3225 4309 3281 4362 δὲ
3309 4308 3495 4369 κακίας
3535 4303 3665 4374 ἐργάο

2141 4416 2252 4462 ται,
2299 4401 2387 4452 καὶ
2438 4400 2563 4462 τοὺς
2597 4398 2697 4469 μὲν
2727 4399 3150 4468 πνευματικοὺς,
3178 4399 3304 4461 τοὺς
3342 4397 3396 4448 δὲ
3421 4393 3665 4463 σαρκικοὺς

471 4495 601 4534 vero
643 4480 900 4534 carnales
953 4480 1231 4549 appellare
1286 4486 1739 4540 consueverimus
1770 4525 1784 4548 ,
1841 4483 2025 4538 divina

2145 4487 2572 4560 προσαγορεύειν
2587 4487 2876 4557 εἰώθαμεν,
2903 4489 2968 4556 τῇ
3001 4487 3122 4557 θεία
3153 4487 3344 4557 Γραφῇ
3381 4483 3661 4550 πειθόμενοι,

472 4569 773 4640 Scriptura;
803 4587 972 4626 suasu
1021 4570 1281 4639 adducti,
1326 4573 1451 4643 jure
1483 4576 1624 4630 dixit
1658 4592 1767 4631 non
1805 4576 2037 4630 bestiam

473 4665 727 4719 traditam
761 4681 883 4720 esse
933 4664 1044 4733 igni
1085 4663 1153 4718 ad
1193 4667 1666 4733 comburendum,
1709 4668 1805 4724 sed
1861 4667 2039 4722 bestiw

472 4771 659 4823 corpus
689 4793 702 4816 ,
737 4755 837 4808 hoc
865 4762 983 4818 est,
1021 4756 1324 4812 crassiores
1349 4799 1362 4822 ,
1396 4771 1450 4814 et
1486 4761 1740 4816 carnales
1763 4801 1777 4826 ,
1817 4768 1871 4815 et
1904 4761 2041 4816 nihil

475 4842 762 4912 spirituale
787 4842 1114 4912 cogitantes.

542 4931 710 4987 Vens.
749 4932 833 4986 i2.
881 4952 899 4983 ι
939 4933 1004 4987 Et
1037 4936 1373 5007 reliquarum
1409 4939 1708 4994 bestiarum
1738 4941 2042 4996 translatus

474 5032 558 5076 est
611 5022 985 5091 principatus,
1047 5033 1098 5078 et
1153 5027 1430 5082 beatitudo
1473 5029 1596 5084 vitae
1645 5029 1770 5084 data
1821 5042 1906 5086 est
1955 5032 2034 5086 eis

555 5135 568 5186 i
610 5135 935 5196 Matth.xrx.
968 5137 1059 5190 28.

2142 4579 2368 4642 εἰκότως
2390 4579 2489 4631 οὐκ
2518 4574 2639 4632 εἷπε
2660 4579 2722 4632 τὸ
2741 4579 2927 4650 θηρίον
2949 4578 3167 4647 δοθῆναι
3194 4579 3274 4641 εἰς
3304 4576 3486 4630 καῦσιν
3513 4569 3661 4640 πυρὸς.

2144 4670 2282 4724 ἀλλὰ
2309 4671 2414 4724 τοῦ
2464 4670 2670 4738 θηρίου
2695 4671 2763 4723 τὸ
2802 4669 2972 4739 σῶμα
2991 4709 3004 4734 ,
3035 4669 3301 4731 τουτέστι,
3329 4669 3448 4730 τοὺς
3475 4659 3663 4732 παχυτέ-

2143 4781 2289 4836 ρους,
2326 4763 2420 4816 καὶ
2457 4762 2787 4832 σαρκικοὺς,
2826 4762 2921 4815 καὶ
2979 4759 3346 4831 πνευματικὸν
3379 4750 3663 4827 πεφρονηκά·

2135 4871 2235 4916 τας
2253 4854 2298 4885 ⁸³
2335 4853 2508 4905 οὐδέν.

2219 4943 2307 5015 ιβ’.
2349 4963 2366 4994 ι
2407 4946 2514 4998 Καὶ
2563 4943 2672 4996 τῶν
2723 4943 2924 4996 λοιπῶν
2966 4943 3022 4996 δὲ
3047 4943 3090 4974 ⁵⁵
3120 4941 3324 5013 θηρίων
3353 4929 3659 5010 μετεστάθηή

2142 5035 2284 5105 ἀρχὴ
2312 5075 2324 5096 ,
2359 5033 2452 5086 καὶ
2491 5033 2826 5105 μακαριότης
2851 5033 2894 5063 ⁸⁸
2924 5031 3067 5102 ζωῆς
3115 5031 3268 5101 ἐδόθη
3311 5029 3484 5090 αὐτοῖς
3512 5025 3549 5054 ⁸⁸
3584 5022 3660 5077 ἕως

1797 5236 2026 5292 νΑΒΙίΕ
2062 5237 2464 5293 LECTIONES.

544 5322 590 5354 '°
628 5321 818 5400 M_ont_l:.
848 5324 900 5375 in
927 5323 1151 5400 Herapl.
1181 5323 1246 5376 ad
1282 5324 1336 5400 lt.
1368 5324 1405 5377 l.
1439 5325 1600 5400 habet
1631 5328 1875 5400 παλαιός.
1951 5330 1993 5360 ⁸¹
2015 5330 2230 5400 opina
2256 5345 2389 5400 cum
2419 5331 2458 5380 Β
2490 5331 2736 5396 legimus.
2786 5328 2950 5400 Sirm.
2992 5328 3112 5400 ὅρα.
3186 5325 3232 5400 "_
3272 5323 3386 5392 κηδ.
3418 5320 3508 5400 pes
3552 5310 3635 5400 ἰςιῐξ

472 5391 634 5467 ξξχρ.
667 5393 725 5447 In
767 5393 815 5467 ti
835 5404 952 5467 post
989 5393 1432 5467 Evotguponitur.
1493 5395 1556 5467 ff
1595 5414 1750 5467 συγχ.
1807 5399 1846 5450 Β
1881 5391 2300 5466 ιιτςιειηζάὑτοῦ.
2376 5400 2421 5431 ⁵⁸
2461 5391 2682 5467 Τεθήσ..
2727 5417 2780 5452 κ.

471 5459 695 5534 δώδεκα.
720 5529 745 5534 _
771 5460 815 5493 "
1000 5463 1040 5514 B
1077 5459 1225 5516 addit
1265 5463 1652 5534 ὑπολαμϐάνει.
1673 5459 1774 5500 ”’⁸⁸
1801 5459 1941 5523 τότε.
1969 5468 2091 5523 Des.
2121 5469 2176 5521 in
2206 5469 2263 5522 Β.

469 5539 526 5605 t_~_t
564 5532 604 5583 Β
642 5529 858 5605 καῦσιν.
891 5533 965 5605 l_t_a
997 5547 1212 5605 quoque
1236 5541 1356 5601 post
1389 5529 1554 5602 pauca
1592 5537 1693 5605 leg.

1800 5539 1843 5568 ⁸³
1871 5534 1981 5592 εἶπ.
2023 5537 2081 5592 1η
2110 5539 2152 5590 Β
2181 5551 2303 5591 ante
2333 5538 2489 5607 ἐδόθη
2547 5540 2782 5608 ponitur.

2841 5377 3184 5450 ἐΪᾶῘᾸίἰιθν
3221 5394 3256 5446 I.
3311 5377 3357 5444 c'.
3417 5389 3505 5454 leg.
3567 5377 3655 5454 {'I}

2368 5471 2411 5501 ³ο
2447 5449 2684 5522 tibi»;
2727 5449 2887 5521 ibid.’
2934 5467 2979 5498 σο
3019 5449 3498 5535 θ.ῆ⁷μ.1)ρει,ίηᾹ-
3532 5449 3650 5535 ,,“.f‘

2900 5538 2943 5569 ca
2968 5537 3006 5587 Β
3026 5513 3465 5604 'iggc'prp'ovtiicdras
3532 5513 3648 5604 ⁸⁸ἕῖ

474 5599 611 5679 εις,εᾴ
652 5583 862 5679 illum:
897 5583 1554 5679 σεςιῖοείιζᾚὶιὲρέὲιῖἓξῐ
1577 5583 1753 5662 ista».
1785 5610 1824 5662 Α
1867 5583 1992 5662 at;
2023 5583 2781 5679 tisseat'uastatgfj'tﬁ;
2807 5583 3001 5661 cnam:
3034 5583 3234 5661 erat.
3284 5583 3538 5654 lectionem
3565 5583 3649 5640 τῶν

472 5665 636 5725 LXX.
713 5672 757 5704 “
803 5665 1003 5735 αὑτοίςξ
1049 5673 1121 5727 Ex
1147 5672 1188 5724 Δ
1219 5665 1335 5726 είΒ
1366 5675 1542 5740 suppl.
