3898 6208
278 399 415 467 1425

1418 400 1499 464 IN
1526 397 1881 462 DANIELIS
1900 398 2057 458 CAP.
2093 399 2221 460 VII.

3387 372 3519 447 itit)

273 512 469 582 καιροῦ
498 511 588 565 καῖ
639 510 828 582 καιροῦ
865 512 963 566 ⁸⁷.ι
1002 511 1122 565 Τῶν
1152 513 1280 585 γὰρ,
1317 511 1480 582 φησὶν
1501 549 1515 575 ,
1547 510 1720 565 ἄλλων
1753 507 1851 576 θη-

1967 521 2130 577 usque
2161 505 2229 560 ad
2262 519 2479 575 tempus
2511 510 2833 570 et~tempus.
2881 515 2900 549 ι
2949 495 3193 550 Aliarum
3239 491 3384 546 enim
3427 492 3521 544 bo-

278 602 408 674 ρίων
437 601 538 673 ήδη
562 602 838 656 ἐπέπαυτο
866 604 901 673 ἡ
922 603 1086 674 ἀρχὴ,
1106 605 1154 657 εί
1175 605 1266 658 καὶ
1297 602 1509 657 πολλῶν
1536 601 1672 654 ἐτῶν
1697 618 1762 653 πε
1773 599 1854 671 ρία-

273 692 393 745 οδον
426 693 486 745 ἐν
511 691 590 763 τῷ
612 692 658 725 ⁸⁸
687 694 909 765 κρατεῖν
940 693 1438 747 καταναλωσάντων
1455 708 1468 721 ⁸
1490 690 1723 760 φανερὸς
1745 689 1852 756 γὰρ

277 784 494 854 ἑκάστῳ
530 785 611 848 είς
656 784 718 838 τὺ
774 783 1078 855 βασιλεύειν
1111 784 1318 856 ὡρίσθη
1373 782 1584 854 καιρός.
1635 776 1854 834 Τούτων

276 873 354 939 δὲ,
387 874 573 944 φησὶν,
605 873 748 928 οὕτω
773 874 1090 945 γινομένων,
1123 875 1216 928 καὶ
1235 874 1342 928 τῶν
1371 875 1468 945 μέν
1496 872 1671 927 ἄλλων
1702 873 1854 942 βασι-

277 964 439 1018 λειῶν
467 965 568 1037 ἤδη
596 964 856 1036 πρότερον
901 966 1283 1037 παυσαμένων,
1308 965 1415 1019 τῶν
1441 965 1497 1020 δὲ
1531 965 1632 1036 τῆς
1654 965 1853 1036 τετάρ-

278 1071 380 1124 της
411 1053 694 1127 βασιλείας
723 1055 990 1127 τιμωρίας
1022 1055 1187 1121 άξίων
1233 1055 1311 1126 τῷ
1354 1057 1488 1126 πυρὶ⁹
1518 1054 1853 1127 παραδοθέν-

277 1161 409 1200 των.
1352 1156 1356 1161 ’

355 1243 445 1306 ιγ’,
464 1237 543 1291 ιδ’.
576 1256 597 1290 ι
620 1237 936 1309 Ἐθεώρουν,
966 1238 1150 1309 φησὶν,
1167 1240 1224 1292 ἐν
1242 1237 1480 1309 ὁράματι
1504 1238 1603 1310 τῆς
1636 1239 1851 1303 νυκτὸς,

279 1328 378 1381 καὶ
429 1329 537 1384 ἰδοὺ
578 1328 721 1400 μετὰ
770 1328 879 1385 τῶν
908 1329 1149 1399 νεφελῶν
1177 1330 1271 1384 τοῦ
1300 1329 1530 1402 ούρανοῦ
1559 1371 1573 1394 ,
1603 1331 1679 1394 ὡς
1729 1331 1855 1394 Υἱὸς

278 1418 572 1488 ἀνθρώπου
618 1420 910 1492 ἐρχόμενος
949 1416 1039 1491 ἦν,
1066 1422 1160 1476 καὶ
1196 1422 1301 1485 ἕως
1335 1422 1431 1476 τού
1483 1422 1721 1476 Παλαιοῦ
1746 1422 1855 1477 τῶν

280 1511 505 1582 ἡμερῶν
551 1511 770 1579 ἔφθασε,
804 1513 898 1566 καὶ
945 1513 1175 1568 ἐνώπιον
1215 1515 1380 1569 αὐτοῦ
1411 1514 1754 1586 προσηνέχθη
1787 1515 1850 1566 δ’.

284 1602 394 1653 Καὶ
420 1601 567 1673 αύτῷ
595 1602 750 1674 ἐδόθη
795 1606 827 1675 ἡ
856 1604 1011 1677 τιμὴ,
1045 1606 1141 1658 καὶ
1170 1607 1203 1678 η
1253 1607 1397 1679 ἀρχὴ
1421 1608 1468 1639 ⁷⁸
1496 1607 1591 1661 καὶ
1628 1610 1660 1679 ὴ
1700 1608 1857 1677 βασι-

282 1693 404 1746 λεία
426 1709 441 1723 *
488 1696 584 1747 καί¹
637 1697 837 1759 πάντες
867 1699 918 1751 οί
966 1697 1085 1752 λαοὶ
1109 1737 1123 1762 ,
1156 1698 1354 1766 φυλαὶ,
1391 1699 1634 1768 γλῶσσαι
1662 1740 1676 1763 ,
1707 1697 1856 1770 αύτῷ

283 1783 661 1841 δουλεύσουσιν
679 1804 693 1817 ·
722 1788 815 1840 καὶ
834 1789 878 1819 ⁷⁸
902 1790 934 1859 ἡ
959 1787 1175 1853 ἐξουσία
1202 1790 1250 1822 ⁷⁸
1281 1789 1446 1843 αὑτοῦ
1473 1788 1689 1856 ἐξουσία
1723 1790 1854 1843 αἰώ-

282 1890 418 1940 νιος,
446 1875 569 1945 ἥτις
602 1877 662 1930 ού
693 1877 1108 1950 παρελεύσεται,
1140 1881 1234 1933 καὶ
1260 1883 1292 1952 ἡ
1316 1881 1559 1951 βασιλεία
1597 1881 1760 1936 αὑτοῦ
1799 1882 1858 1936 οὐ

285 1964 735 2038 διαφθαρήσεται.
773 1988 792 2021 ι
844 1969 1086 2039 Ἀληθῶς
1119 1972 1200 2036 είς
1245 1972 1438 2042 καιρὸν
1476 1970 1619 2024 εἴποι
1664 1989 1747 2035 τις
1794 1970 1861 2025 ἂν

286 2054 426 2123 πρὸς
470 2054 832 2124 Ἰουδαίους,ἃ
876 2060 1043 2114 πάλαι
1076 2061 1213 2133 πρὸς
1259 2062 1454 2124 αὐτοὺς
1499 2061 1528 2113 ό
1577 2064 1862 2132 προφήτης

285 2139 505 2207 ἔλεγενο
546 2160 566 2193 ι
609 2143 769 2213 Ὄψις
803 2139 1006 2217 πόρνης
1036 2148 1250 2217 ἐγένετό
1282 2167 1384 2212 σοι,
1418 2148 1860 2219 ἀπηναισχύντη-

287 2247 389 2294 σας
425 2232 561 2303 πρὸς
587 2235 829 2299 πάντας.·
856 2256 875 2288 ι
914 2239 979 2291 Τί
1006 2239 1111 2311 γὰρ
1151 2240 1357 2295 τούτων
1396 2240 1729 2313 σαφέστερον
1752 2238 1861 2295 τῶν

284 2318 499 2387 λόγωνς
540 2323 913 2392 εύαγγελικῶς
945 2325 1052 2397 γὰρ
1095 2327 1173 2398 τῷ
1200 2328 1311 2382 ὄντι
1353 2328 1551 2399 μᾶλλον
1588 2329 1683 2381 καὶ
1722 2328 1859 2381 ἀπο-

290 2409 574 2475 στολικῶς,
598 2413 630 2484 ἢ
655 2417 1009 2486 προφητικῶς
1035 2419 1130 2472 καὶ
1157 2420 1598 2489 αἰνιγματωδῶς,
1626 2418 1800 2472 ταῦτα
1815 2418 1862 2450 ⁷³

285 2505 311 2553 ὁ
341 2503 634 2576 Προφήτης
658 2507 943 2580 ἐκήρυξεν.
962 2510 1138 2582 ’Ὅπερ
1168 2512 1278 2582 γάρ
1302 2512 1346 2544 ⁷⁸
1374 2515 1401 2566 ὀ
1432 2512 1635 2583 Κύριος
1654 2513 1713 2566 ἐν
1748 2515 1859 2576 τοῖς

282 2592 640 2665 Εὐαγγελίοις
686 2600 857 2669 λέγει.
910 2620 929 2654 ι
969 2602 1203 2673 Ὄψεσθε
1242 2605 1286 2636 ⁷⁵
1318 2603 1408 2657 τὸν
1441 2604 1571 2657 Υίὸν
1624 2604 1719 2658 τοῦ
1768 2606 1862 2658 άν-

284 2685 505 2756 θρὼπου
552 2690 845 2763 ἐρχόμενον
888 2694 981 2748 ἐπὶ
1022 2694 1131 2748 τῶν
1183 2695 1421 2764 νεφελῶν
1470 2696 1565 2750 τοῦ
1629 2695 1859 2766 ούρανοῦ

288 2779 428 2847 μετὰ
456 2781 564 2834 τῶν
597 2784 844 2854 άγγέλων
865 2787 1051 2840 αύτοῦο
1101 2806 1120 2840 ι
1156 2789 1249 2842 καὶ
1287 2789 1315 2840 ὁ
1355 2789 1685 2860 μακάριοςη
1710 2788 1860 2844 Παῦ-

283 2877 405 2933 λος·
436 2890 457 2923 ι
487 2872 608 2927 Ὅτι
637 2877 665 2928 ὁ
697 2875 899 2948 Κύριος
919 2878 964 2909 ⁷⁷
989 2879 1046 2932 ἐν
1077 2878 1430 2949 κελεύσματι,
1455 2881 1512 2932 ἐν
1535 2881 1683 2951 φωνῇ
1719 2880 1857 2951 (ίιρχ⁴

283 2961 550 3030 αγγέλου,
580 2967 674 3019 καὶ
724 2968 781 3022 ἐν
836 2969 1093 3039 σάλπιγγι
1145 2969 1280 3022 Θεοῦ
1339 2971 1708 3041 καταϐήσεται
1765 2972 1861 3025 ἀπ’

282 3052 536 3124 ούρανοῦ,
571 3057 665 3110 καὶ
686 3059 736 3111 at
764 3061 949 3131 νεκροὶ
968 3061 1017 3092 ⁷⁸
1048 3060 1436 3133 ἐγερθήσονται
1467 3061 1861 3133 ἄφθαρτοι,κα“ι

1954 600 2206 663 stiarum,
2243 599 2443 669 inquit,
2464 596 2577 667 jam
2604 595 2843 651 desierat
2877 590 3240 662 principatus,
3272 583 3520 655 quamvis

1953 693 2253 748 multorum
2289 705 2562 746 annorum
2602 686 2895 742 circuitum
2940 680 3222 752 regnaudo
3265 680 3521 734 consum;

1954 786 2199 856 psissent
2231 801 2244 837 :
2276 791 2489 840 certum
2515 780 2660 837 enim
2695 776 2992 847 unicuique
3017 770 3282 843 regnandi
3308 778 3529 836 tempus

1954 874 2237 931 deﬁnitum
2275 872 2399 932 fuit.
2429 871 2529 927 llis
2567 880 2746 926 autem
2782 868 2857 923 ita
2895 864 3068 938 gestis
3092 904 3107 929 ,
3146 859 3356 930 inquit,
3399 872 3521 911 cum

1954 973 2010 1021 et
2068 966 2175 1021 alia
2242 981 2405 1038 regna
2446 963 2558 1035 jam
2614 960 2767 1033 prius
2815 957 2992 1014 deleta
3038 959 3248 1015 essent,
3268 958 3323 1006 et
3357 948 3394 1003 ii
3428 947 3522 1016 qui

1955 1056 2013 1112 in
2039 1067 2237 1127 quarto
2266 1072 2434 1128 regno
2464 1064 2627 1111 erant
2653 1049 2924 1123 supplicio
2946 1047 3095 1120 digni
3122 1043 3314 1100 traditi
3341 1047 3529 1096 essent

1955 1156 2065 1227 igni
2100 1171 2117 1208 :
3101 1188 3116 1201 .

2024 1248 2194 1304 Vsus.
2234 1247 2302 1302 l5
2324 1285 2339 1309 ,
2374 1243 2464 1299 M.
2516 1259 2535 1293 ι
2563 1237 2938 1311 Aspiciebam,
2971 1233 3148 1304 inquit
3176 1272 3191 1297 ,
3224 1230 3278 1283 in
3318 1226 3529 1281 visione

1956 1342 2170 1407 noctis,
2210 1348 2264 1395 et
2291 1353 2423 1394 ecce
2453 1351 2579 1391 cum
2615 1332 2860 1388 nubibus
2890 1327 3015 1384 coeli
3046 1322 3204 1396 quasi
3219 1320 3392 1375 Filius
3430 1318 3528 1371 ho-

1956 1434 2122 1489 minis
2144 1430 2420 1496 veniebat,
2450 1437 2505 1483 et
2532 1439 2707 1495 usque
2740 1422 2806 1477 ad
2838 1419 3138 1488 Antiquum
3163 1414 3372 1468 dierum
3404 1423 3530 1478 per-

1955 1523 2104 1578 venit
2128 1561 2143 1587 ,
2179 1529 2234 1577 et
2276 1519 2332 1574 in
2375 1522 2733 1586 conspectum
2769 1511 2890 1582 ejus
2927 1508 3133 1562 allatus
3164 1511 3268 1559 est.
3302 1499 3369 1553 Et
3416 1496 3521 1567 ipsi

1956 1614 2120 1670 datus
2167 1620 2252 1667 est
2299 1611 2512 1673 honor,
2563 1613 2618 1662 et
2656 1604 3001 1675 principatus
3028 1636 3042 1661 ,
3089 1604 3399 1663 et'regnum
3424 1630 3440 1655 ,
3471 1594 3527 1643 et

1955 1719 2149 1760 omnes
2182 1702 2406 1772 populi,
2439 1698 2615 1753 tribus
2641 1736 2656 1763 ,
2691 1696 2924 1764 lingua,
2959 1689 3065 1762 ipsi
3099 1685 3349 1743 servient
3376 1694 3527 1772 :rpo—

1961 1803 2136 1852 testas
2181 1770 2301 1864 ejus
2349 1798 2593 1863 potestas
2624 1794 2827 1842 aeterna
2855 1823 2871 1849 ,
2916 1795 3038 1853 qua:
3071 1793 3179 1833 non
3228 1770 3527 1864 transibit:

1961 1897 2015 1943 et
2059 1863 2286 1956 regnum
2338 1884 2459 1950 ejus
2516 1895 2626 1935 non
2672 1880 3082 1944 corrumpetur.
3131 1888 3151 1923 ι
3210 1866 3268 1921 ln
3315 1863 3532 1920 Iudaeos

1961 1979 2186 2034 omnino
2214 1983 2528 2048 opportune
2570 1986 2633 2027 ea
2684 1968 2893 2039 1201
2945 1964 3054 2021 dici
3107 1960 3380 2033 possunt,
3412 1971 3532 2051 quae

1959 2071 2090 2125 olim
2124 2067 2389 2138 prepheta
2425 2066 2479 2119 in
2513 2064 2666 2134 ipsos
2697 2059 2959 2115 dicebat:
3002 2073 3020 2108 ι
3060 2051 3254 2109 Facies
3280 2048 3534 2104 meretrié-

1959 2162 2042 2216 cis
2085 2160 2187 2214 fuit
2234 2157 2330 2213 tibi
2358 2195 2373 2220 ,
2429 2154 2547 2211 sine
2579 2151 2790 2223 pudore
2824 2147 2979 2203 fuisti
3027 2159 3159 2216 erga
3200 2154 3393 2197 omnes
3418 2139 3470 2193 ιι,
3509 2155 3530 2191 ο

1958 2251 2100 2319 Quid
2146 2251 2293 2306 enim
2338 2248 2426 2303 his
2470 2245 2659 2301 verbis
2696 2238 2992 2313 apertius?
3040 2233 3356 2306 evangelice
3388 2229 3535 2286 enim

1959 2358 2149 2400 revera
2196 2341 2380 2412 potius
2429 2345 2479 2394 et
2523 2335 2864 2408 apostolice,
2912 2343 3077 2401 quam
3124 2322 3445 2399 prophetico
3474 2325 3537 2412 et

1959 2409 2324 2507 mnigmatice,
2360 2430 2630 2503 prapheta
2664 2429 2780 2482 haec
2809 2422 2969 2496 quasi
2999 2433 3185 2493 praeco
3210 2409 3535 2507 divgulggavit.

1961 2503 2117 2594 Quod
2151 2526 2297 2581 enim
2331 2525 2386 2579 in
2418 2521 2732 2593 Evangeliis
2767 2516 3035 2574 Dominus
3063 2510 3181 2566 ait:
3220 2527 3238 2561 ι
3270 2503 3538 2562 Videbitis

1961 2617 2160 2672 Filium
2190 2614 2435 2671 hominis
2476 2614 2791 2669 venientem
2838 2609 2895 2663 in
2939 2602 3183 2661 nubibus
3230 2598 3358 2654 caeli
3412 2609 3538 2651 cum

1963 2708 2176 2778 angelis
2207 2707 2327 2762 suis
2354 2704 2373 2747 ι
2402 2723 2418 2772 ;
2456 2723 2475 2756 ι
2512 2712 2565 2758 et
2594 2703 2791 2758 beatus
2822 2696 3028 2752 Paulus
3061 2712 3116 2748 τι
3139 2688 3412 2758 Quoniam
3428 2684 3538 2738 Do-

1964 2803 2149 2856 minus
2182 2814 2308 2854 cum
2340 2796 2681 2854 celeusmate
2707 2832 2722 2857 ,
2762 2806 2886 2847 cum
2929 2802 3065 2844 voce
3100 2778 3457 2851 archangeli,
3487 2784 3543 2832 et

1964 2895 2097 2949 tuba
2126 2892 2222 2949 Dei
2272 2888 2573 2948 descendet
2614 2886 2685 2941 de
2712 2884 2888 2947 caelo,
2924 2889 2978 2936 et
3010 2875 3216 2934 mortui
3247 2877 3544 2942 resurgent

1963 2984 2269 3055 incorrupti
2308 3001 2321 3036 :
2358 2990 2412 3038 et
2446 2997 2547 3036 nos
2575 2978 2667 3050 qui
2698 2975 2961 3037 vivimus,
3010 2970 3103 3042 qui
3135 2964 3501 3036 relinquimur
3525 3001 3541 3026 ,

1963 3078 2244 3147 rapiemur
2275 3076 2331 3130 in
2369 3073 2612 3128 nubibus
2638 3069 2860 3125 obviam
2913 3063 3146 3119 Domino
3191 3060 3248 3114 in
3282 3069 3410 3113 aera
3435 3093 3451 3119 ,
3489 3057 3547 3109 et

286 3146 452 3251 ξιμεῖς
479 3147 529 3251 '0}
563 3146 763 3214 ζῶντες
798 3151 846 3203 οἱ
886 3151 1407 3223 παραλειπόμενοι⁷⁹
1430 3153 1862 3224 ἁρπαγησόμεθα

1969 3146 2050 3229 sic
2080 3184 2295 3241 semper
2321 3183 2445 3223 cum
2493 3165 2724 3221 Domino
2756 3160 2970 3218 erimus
2996 3165 3037 3195 ω
3070 3173 3084 3217 ;
3132 3173 3151 3207 ι
3204 3152 3311 3207 hoc
3359 3154 3546 3251 aperte

284 3233 344 3285 ἐν
367 3234 616 3303 νεφέλαις
645 3240 724 3301 είς
758 3239 1061 3310 ἀπάντησιν
1089 3241 1181 3295 τοῦ
1225 3243 1432 3314 Κυρίου
1465 3245 1544 3307 είς
1582 3244 1739 3312 ἀέρα,
1772 3247 1865 3298 καλ⁸

283 3321 432 3376 οὕτω
477 3324 708 3379 πάντοτε
754 3329 850 3382 σὺν
899 3331 1088 3402 Κυρίῳ
1138 3332 1447 3402 ἐσόμεθα’»
1491 3332 1651 3387 τοῦτο
1681 3335 1866 3403 σαφῶς

284 3418 439 3487 ἡμᾶς
474 3418 713 3483 ἐδίδαξεν
759 3420 790 3472 ὀ
853 3422 1121 3493 μακάριος
1177 3424 1398 3494 Δανιὴλ,
1454 3424 1553 3495 τὴν
1608 3425 1868 3496 δευτέραν

285 3509 542 3581 Σωτῆρος
568 3512 613 3544 ⁸ο
649 3513 973 3581 ἐπιφάνειαν
1014 3514 1419 3585 προθεσπίζων,
1455 3516 1593 3570 Υὶὸν
1633 3516 1731 3588 μὲν
1762 3517 1867 3571 ἀν·

287 3599 526 3668 θρώπου
564 3602 751 3670 σαφῶς
792 3604 1081 3658 ἀποκαλῶν
1107 3647 1123 3672 ,
1161 3606 1230 3659 δι’
1275 3607 1341 3676 ην
1379 3606 1605 3661 ἀνέλαϐε
1659 3607 1820 3675 φύσιν
1850 3623 1864 3637 ·

284 3692 622 3760 ἐρχόμενον
655 3694 713 3746 δὲ
741 3694 839 3748 ἐπὶ
873 3695 990 3749 τῶν
1017 3696 1309 3766 νεφελῶν,
1346 3700 1488 3754 κατά
1516 3699 1614 3772 τὴν
1663 3701 1870 3755 οίκείαν

288 3782 605 3854 ὑπόσχεσιν,
623 3784 708 3841 ἵνα
717 3786 866 3859 δείξῃ
885 3786 981 3858 τὴν
997 3785 1246 3853 ἐξουσίαν
1263 3791 1668 3859 ’λαμϐάνοντα
1686 3792 1742 3846 δὲ
1756 3792 1872 3861 τὴν

287 3877 491 3945 τιμὴν,
507 3879 600 3933 καὶ
615 3878 729 3946 τὴν
737 3880 953 3949 ἀρχὴν,
973 3882 1066 3935 καὶ
1078 3882 1569 3951 τὴνβασιλείανδί
1588 3888 1746 3954 παρὰ
1761 3887 1869 3941 τοῦ

292 3967 564 4022 Παλαιοῦ
594 3967 714 4022 τῶν
738 3969 995 4038 ἡμερῶν,
1023 3970 1099 4035 ὡς
1112 3971 1419 4043 ἄνθρωπον.
1437 3973 1607 4028 Τοῦτο
1627 3974 1734 4046 γὰρ
1773 3977 1870 4029 καὶ

291 4061 354 4110 ἐν
380 4057 459 4128 τῷ
480 4058 717 4132 δευτέρῳ
734 4059 931 4131 ψαλμῷ
959 4062 1022 4115 ἐκ
1053 4062 1342 4133 προσώπου
1369 4063 1532 4117 αὐτοῦ
1553 4065 1646 4118 τοῦ
1662 4066 1869 4137 Κυρίου

291 4149 322 4199 ὁ
349 4149 616 4219 μακάριος
645 4149 789 4219 λέγει
815 4152 997 4205 Δασίδ·
1035 4171 1054 4205 ι
1090 4152 1294 4224 Κύριος
1316 4148 1434 4207 εἷπε
1467 4155 1602 4226 πρός
1633 4153 1723 4225 με’
1745 4156 1872 4220 Υἱός

298 4256 403 4309 μου
442 4235 494 4294 εἷ
520 4241 607 4306 σὺ,
625 4241 737 4310 ἐγὼ
766 4244 1004 4314 σήμερον
1035 4243 1342 4316 γεγέννηκά
1369 4262 1457 4298 σε·
1489 4247 1710 4318 αῖτησαι
1741 4249 1873 4320 παρ’

293 4331 455 4400 ἐμοῦ,
496 4334 591 4386 καὶ
623 4333 780 4388 δώσω
813 4351 897 4388 σοι
938 4333 1066 4405 ἔθνη
1099 4334 1197 4407 τὴν
1233 4335 1599 4406 κληρονομίαν
1636 4355 1754 4400 σου,
1781 4341 1875 4393 καὶ

294 4422 395 4492 τὴν
427 4424 756 4496 κατάσχεσίν
789 4442 883 4479 σου
932 4426 1004 4482 τά
1028 4426 1242 4499 πέρατα
1283 4428 1384 4497 τῆς
1413 4430 1537 4500 γῆς.
1563 4448 1583 4480 ι
1611 4428 1781 4482 Τοῦτο
1817 4430 1874 4484 δὲ

296 4520 394 4575 καὶ
438 4522 466 4574 ὁ
495 4522 763 4593 μακάριος
808 4521 956 4590 λέγει
984 4521 1185 4593 Δανιήλ
1210 4537 1226 4553 ο
1256 4540 1275 4574 ι
1310 4521 1515 4585 Πάντες
1547 4522 1677 4593 γάρ,
1720 4524 1862 4593 φησὶ1

1981 4535 2232 4604 densque
2308 4545 2537 4603 regnum
2599 4530 2706 4583 tlne
2775 4527 3077 4583 cariturum

295 4613 440 4675 λαοὶ,
460 4613 643 4682 φυλαὶ,
667 4612 909 4682 γλῶσσαι
931 4613 1077 4683 αὑτῷ
1105 4612 1471 4670 δουλεύσουσι,
1486 4633 1505 4667 ›
1527 4614 1636 4668 Καὶ
1661 4615 1874 4681 δεικνὺς

296 4705 359 4760 τὸ
407 4705 760 4777 ἀτελεύτητον
786 4709 886 4778 τῆς
920 4706 1217 4777 βασιλείας,
1246 4725 1267 4759 ς
1304 4708 1370 4760 Ἠ
1414 4707 1632 4772 ἐξουσία
1684 4709 1871 4776 αὐτοῦ,

298 4799 487 4868 φησὶν,
515 4797 733 4865 ἐξουσία
759 4797 997 4863 αἰώνιος,
1018 4799 1138 4870 ἥτις
1160 4798 1220 4852 ού
1253 4798 1648 4870 παρελεύσεται
1676 4800 1747 4866 ⁸³,
1776 4801 1873 4855 καὶ

293 4892 332 4959 ἠ
373 4888 620 4960 βασιλεία
670 4889 835 4944 αὐτοῦ
883 4889 943 4943 ού
987 4890 1439 4961 διαφθαρήσεται.
1485 4909 1505 4943 ›
1552 4890 1738 4956 Οὕτως
1781 4887 1874 4948 οὖν

296 4985 518 5057 γράψας
540 4982 587 5016 ⁸³
614 4985 713 5055 τὴν
755 4983 1117 5054 ἀποκάλυψιν,
1142 4985 1421 5054 ἐπήγαγεν
1455 5000 1469 5015 ’

374 5084 455 5129 ιε’.
493 5093 511 5124 ι
552 5073 779 5146 Ἔφριξε
823 5072 882 5126 τὸ
915 5072 1131 5144 πνεῦμά
1177 5087 1313 5144 μουυ
1343 5070 1454 5141 ἐγὼ
1480 5071 1677 5142 Δανιὴλ
1721 5074 1779 5127 ἐν
1807 5075 1873 5146 τῇ

1970 3277 2071 3317 nos
2104 3237 2289 3315 doc—uit
2325 3259 2523 3313 beatus
2557 3252 2743 3309 Daniel
2772 3292 2787 3318 ,
2835 3247 3142 3305 secundum
3192 3237 3498 3297 Salvatoris
3524 3238 3546 3260 ‘

1968 3351 2283 3407 vaticinans
2336 3348 2628 3403 adventum
2692 3362 2705 3398 :
2770 3339 2974 3395 Filium
3030 3334 3254 3408 quidem
3316 3326 3544 3385 hominis

1971 3452 2157 3514 aperte
2183 3454 2387 3494 vocans
2410 3446 2633 3509 pr0pter
2653 3449 2770 3490 eam
2796 3445 2959 3503 quam
2990 3427 3099 3485 sibi
3146 3421 3344 3482 ascivit
3382 3426 3548 3514 natu:-

1972 3511 2134 3591 ram:
2185 3534 2470 3588 venientem
2517 3536 2698 3584 autem
2729 3528 2787 3580 in
2830 3521 3091 3586 nubibus,
3134 3514 3439 3575 secundum
3493 3511 3547 3566 id

1971 3627 2116 3698 quod
2156 3627 2275 3696 ipse
2302 3624 2578 3696 pollicitus
2611 3628 2697 3676 est
2723 3660 2737 3684 ,
2773 3625 2832 3673 ut
2870 3611 3129 3672 ostendat
3154 3602 3490 3683 {potestatem
3527 3621 3545 3698 ι

1974 3695 2317 3784 accipientem
2341 3714 2613 3777 honorem,
2645 3718 2701 3767 et
2721 3708 3078 3781 principatum
3101 3713 3156 3759 et
3189 3714 3406 3773 regnum
3431 3738 3445 3765 ,
3484 3695 3548 3750 ab

1975 3811 2212 3881 Antiqua
2241 3809 2448 3864 dierum
2479 3847 2494 3871 ,
2544 3815 2809 3876 tanquam
2862 3801 3168 3857 hominem.
3230 3794 3348 3850 Hoc
3401 3792 3547 3848 enim

1973 3902 2139 3955 etiam
2165 3900 2221 3953 in
2249 3899 2495 3955 secundo
2521 3897 2737 3969 psalmo
2762 3911 2829 3950 ex
2859 3893 3038 3965 ipsius
3066 3888 3288 3946 Domini
3316 3899 3548 3956 persona

1975 3993 2174 4048 beatus
2207 3988 2375 4045 David
2408 3988 2487 4042 ait
2517 4008 2529 4042 :
2568 4004 2587 4038 ι
2625 3984 2889 4039 Dominus
2921 3980 3065 4036 dixit
3103 3977 3173 4033 ad
3202 3990 3289 4032 me
3321 3989 3334 4026 :
3377 3972 3552 4028 Filius

1976 4098 2135 4138 meus
2160 4097 2221 4137 es
2255 4089 2315 4135 tu
2338 4119 2355 4144 ,
2385 4093 2486 4150 ego
2514 4076 2679 4133 hodie
2703 4073 2866 4146 genui
2902 4080 2956 4128 te
2985 4088 2998 4125 :
3042 4068 3257 4142 postula
3288 4081 3319 4120 a
3350 4078 3467 4130 me,
3500 4072 3555 4116 et

1975 4173 2118 4228 dabo
2156 4169 2260 4225 tibi
2310 4177 2503 4240 gentes
2554 4166 2930 4222 haereditatem
2986 4170 3168 4223 tttam,
3219 4164 3272 4211 et
3328 4166 3553 4224 posses-

1976 4263 2189 4318 sionem
2223 4267 2377 4314 tuam
2410 4258 2677 4313 terminos
2719 4265 2882 4311 terrae
2903 4264 2952 4306 ιι.
2993 4269 3011 4303 ι
3049 4246 3162 4304 Hoc
3192 4249 3323 4302 item
3359 4245 3554 4298 beatus

1980 4330 2193 4421 1202
2245 4347 2437 4402 Daniel
2486 4345 2727 4401 asserit:
2793 4361 2812 4395 ι
2862 4341 3067 4396 Omnes
3120 4335 3265 4391 enim
3317 4330 3550 4403 populi,

1976 4442 2177 4511 inquit,
2227 4440 2438 4503 tribus,
2482 4445 2538 4493 et
2584 4437 2783 4507 lingua:
2827 4432 2932 4504 ipsi
2975 4430 3237 4486 servient.
3279 4446 3297 4480 ι
3355 4424 3552 4481 Osten-

3138 4537 3153 4576 :
3209 4538 3227 4571 ι
3265 4517 3515 4572 Potestas
3532 4555 3548 4579 ,

1980 4628 2184 4699 inquit,
2218 4625 2341 4693 ejus
2366 4666 2381 4689 ,
2414 4630 2659 4693 potestas
2691 4629 2896 4675 aeterna
2922 4657 2938 4682 ,
2968 4630 3090 4687 quae
3121 4628 3229 4668 non
3258 4608 3553 4674 transibit,

1981 4729 2035 4777 et
2082 4732 2312 4788 regnum
2362 4716 2484 4786 ejus
2538 4729 2651 4769 non
2699 4715 3111 4780 corrumpetur.
3150 4725 3167 4757 ι
3234 4703 3328 4759 Sic
3382 4700 3579 4770 igitur,

1983 4813 2189 4881 scripta
2220 4808 2584 4873 revelatione,
2618 4804 2823 4874 adjecit
2850 4818 2863 4855 :

2055 5072 2223 5127 Vens.
2263 5071 2350 5125 l5.
2377 5088 2395 5121 ι
2420 5067 2643 5122 Horruit
2674 5066 2901 5136 spiritus
2932 5082 3116 5130 meus;
3145 5078 3247 5135 ego
3282 5062 3470 5117 Daniel
3503 5062 3557 5115 in

379 5231 409 5273 ι
436 5231 637 5290 Jerem.
678 5250 761 5300 ιιι,
792 5236 847 5291 5.
927 5237 942 5268 ³
977 5235 1169 5290 Matth.
1210 5252 1357 5302 xxw,
1385 5235 1475 5291 '50.
1551 5250 1592 5279 ιιι
1618 5240 1637 5293 l
1662 5238 1860 5295 Thess.

1993 5235 2198 5302 16,17.
2278 5244 2305 5273 ιι
2339 5232 2483 5289 Psal.
2527 5247 2589 5296 ιι,
2621 5230 2673 5295 7,
2715 5228 2768 5283 8.

1602 5350 1838 5407 VARUE
1879 5349 2285 5407 LECTIONES.

380 5441 443 5513 ⁶⁷Α
463 5441 507 5494 Α
533 5441 724 5513 χρόνου
756 5442 850 5513 καὶ
862 5440 1090 5513 καιροῦ.

312 5582 466 5664 iu_A.
542 5581 794 5664 "'Inlra,
827 5582 905 5664 ad
959 5583 1006 5664 ι,
1023 5582 1291 5664 Cor.“va
1333 5581 1423 5646 25,
1467 5582 1570 5664 leg.

312 5651 486 5705 αἰῶνα
514 5651 726 5722 χρόνον.
827 5653 873 5684 ⁷³
911 5652 1102 5707 ταῦτα.
1145 5651 1220 5704 Ex
1252 5651 1293 5704 Β
1329 5667 1388 5703 su

314 5723 359 5751 ’⁷
398 5725 427 5774 ὁ
464 5721 606 5791 Κύρ.
649 5720 796 5776 Loco
818 5721 912 5775 cit.
940 5719 1196 5792 pryceclit
1219 5720 1398 5792 αύτός.

316 5792 361 5822 ’θ
390 5794 527 5846 Σωτ.
560 5790 611 5843 Β
643 5807 828 5862 praem.
850 5790 963 5846 τοῦζ
1041 5792 1081 5825 δ’
1126 5790 1420 5860 βασιλείαν.
1466 5792 1506 5842 Β
1544 5790 1814 5857 ἐξουσίαν.

1192 5441 1326 5522 ⁸⁸.ἐν
1363 5440 1440 5522 ei!
1469 5471 1540 5483 -
1566 5443 1818 5522 φανερόςο
1850 5441 1901 5522 Β
1927 5442 2004 5512 τῷ
2035 5442 2225 5522 sese“
2274 5437 2685 5522 καῑηῖωιεοσσξνο
2742 5433 3010 5522 sevi-=99??-

309 5509 587 5601 gendnm;
609 5512 712 5601 fiuit
733 5511 904 5601 αὐτῷ,
926 5509 1068 5601 qi'iolgl
1105 5511 1159 5565 in
1199 5509 1954 5601 edit.mSir|m.¥sequebatur.

839 5582 905 5636 ad
959 5583 980 5637 ι
1023 5582 1150 5636 Cor.
1198 5596 1287 5638 xv.
1333 5581 1423 5646 25,
1467 5582 1570 5651 leg.
1618 5581 1863 5650 βασιλεία
1895 5582 2060 5636 αὑτοῦ
2089 5581 2155 5651 βα

827 5653 889 5753 If.
911 5649 1545 5753 τξὲτσέλιξέτηβλυννκ.
1582 5654 1628 5684 ⁷³
1650 5653 1778 5753 τάξ·
1808 5653 1849 5704 Β
1888 5652 2014 5753 ad“;
2048 5651 2160 5753 κιξε

1577 5718 1783 5793 νεκροὶ,
1811 5740 1865 5775 κ.
1900 5742 1951 5776 τ.
1988 5723 2036 5774 λ.
2079 5723 2249 5774 Aliter
2301 5720 2405 5780 leg.
2437 5718 2473 5770 l.
2510 5733 2558 5771 c.
2666 5718 2712 5745 ⁷³
2751 5718 2776 5764 Ε

1577 5791 1814 5857 ξουσίαν.
1920 5793 1965 5825 ⁸³
2014 5793 2102 5861 ﬁt.
2141 5792 2200 5845 οὔ
2252 5788 2443 5859 παρελ.
2482 5786 2607 5839 Des.
2642 5787 2693 5838 in
2717 5785 2776 5836 Β.

3115 5433 3160 5462 δ’
3198 5444 3290 5497 πρ.
3339 5425 3557 5497 Expuri-

2058 5493 2186 5591 έϊΑ
2217 5518 2296 5591 .et.
2350 5493 2462 5591 Βῖὴ
2503 5493 2683 5591 dm.
2710 5493 2804 5558 κάκ
2837 5493 3068 5591 irini:
3088 5493 3555 5591 -.ἼᾼδξσξίμΡΞξε

2124 5560 2335 5633 ασιλεία
2354 5560 2608 5639 eteion
2633 5560 2772 5646 Ιἥτις
2802 5560 2870 5627 of;
2897 5560 3330 5646 καταλυθήσεται
3357 5565 3437 5646 ei;
3466 5560 3560 5646 ῖδν

3068 5631 3199 5707 μακ.
3231 5636 3272 5686 Β
3310 5633 3444 5707 δύα..
3476 5631 3554 5684 δέ.

2266 5650 2311 5680 ’⁷⁵
2475 5647 2513 5699 Β
2555 5641 2888 5716 ριίειίιᾈὸτι.
2964 5641 3030 5716 ,⁷⁸

2666 5716 2712 5745 ⁷³
2751 5714 2788 5764 Β
2837 5701 3290 5775 περιλειπόμενοι,
3332 5701 3468 5775 uti.
3504 5718 3555 5753 ιτ.

2889 5771 2934 5811 ⁸⁵
2973 5779 3010 5829 Β
3042 5771 3182 5829 οὕτω
3219 5771 3555 5841 συγγράψας.

2031 5602 2039 5621 1
