3898 6208
425 367 442 429 ι
460 365 554 430 5°27

1369 367 1854 428 THEODORETI
1881 362 2218 424 EPISCOPI
2241 367 2604 428 CYRENSIS

3489 366 3603 435 1423

417 479 605 531 babitu
637 488 758 528 meo
781 515 798 539 ,
842 481 896 528 et
921 473 1161 531 visiones
1186 474 1384 544 capitis
1423 475 1530 529 mei
1574 472 1977 529 conturbabant

2112 469 2188 536 ξει
2241 491 2366 544 μου,
2399 476 2490 528 καὶ
2523 477 2579 528 αί
2613 477 2831 548 ὁράσεις
2871 478 2968 548 τῆς
3021 475 3257 547 κεφαλῆς
3294 493 3388 546 μου
3416 483 3604 536 συνετά.

415 583 521 624 me.
556 583 576 618 ι
631 563 786 622 Visio
817 564 961 620 enim
1000 565 1286 623 horribilis
1319 576 1460 633 erat,
1492 567 1704 638 inquit,
1732 576 1786 623 et
1821 567 1979 636 igno-

416 659 558 714 ratio
585 671 775 713 eorum
805 671 928 726 qua:
955 656 1350 725 innuebautur,
1379 668 1617 716 mentem
1647 673 1822 715 meam
1849 673 1982 714 con-

415 747 652 804 fundens
685 748 1099 817 perturbatione
1136 750 1422 823 implebat.

486 836 652 894 Vens.
691 837 778 894 16.
833 856 856 892 ι
895 839 1123 898 Accessi
1171 842 1360 915 itaque
1401 843 1467 899 ad
1515 859 1687 898 unum
1734 844 1801 900 de
1840 842 1984 899 assi-

415 928 711 994 stentibus,
733 937 788 986 et
819 930 1104 989 veritatem
1131 937 1447 1006 quaerebam
1477 936 1544 991 ab
1573 951 1636 992 co
1659 978 1674 1002 ,
1711 936 1777 991 de
1803 936 1983 991 omni-

415 1020 518 1075 bus
546 1018 653 1075 bis.
685 1038 704 1072 ι
735 1020 1052 1079 Assistentes
1099 1037 1282 1082 autem
1321 1026 1454 1083 dicit
1499 1027 1642 1082 mille
1676 1027 1849 1082 millia
1873 1067 1888 1092 ,
1933 1036 1982 1082 et

413 1108 579 1164 decies
611 1117 827 1164 centena
855 1113 1058 1180 millia,
1107 1130 1203 1186 per
1233 1132 1354 1187 qua:
1394 1132 1499 1173 non
1531 1134 1822 1174 numerum
1858 1119 1984 1175 deli-

415 1199 589 1255 nitum
619 1201 800 1268 dixit,
839 1203 934 1258 sed
972 1204 1230 1276 majorem
1256 1223 1423 1278 quam
1455 1215 1514 1262 ut
1552 1210 1826 1265 numerari
1859 1225 1983 1280 pos-

416 1289 532 1356 sit,
591 1291 1000 1349 multitudinem
1054 1297 1435 1354 ministrorum
1469 1343 1484 1367 ,
1541 1309 1596 1356 et
1651 1316 1840 1356 eorum
1888 1292 1980 1372 qui

417 1389 621 1452 praesto
665 1383 939 1454 aderant,
994 1386 1316 1447 declaravit.
1361 1391 1648 1461 Digniores
1688 1394 1830 1446 enim
1877 1410 1983 1448 non

418 1473 675 1528 astabant
707 1475 910 1543 solum,
949 1477 1043 1532 sed
1075 1479 1388 1535 ministrare
1418 1481 1580 1535 etiam
1608 1481 1980 1549 jubebantur:

418 1561 614 1631 reliqui
640 1577 768 1617 vero
792 1605 807 1628 ,
849 1579 971 1618 cum
999 1582 1108 1620 non
1143 1567 1262 1622 sine
1291 1578 1436 1623 metu
1479 1576 1710 1632 starent,
1748 1567 1986 1623 servitu.

2085 563 2284 633 ρασσόν
2315 583 2402 634 με.
2441 585 2459 619 ι
2490 566 2564 620 ’Ή
2588 584 2648 621 τε
2699 569 2806 640 γὰρ
2867 567 3010 638 ὄψις,
3044 567 3204 637 φησὶ,
3236 568 3489 640 φρικώδης
3531 569 3605 644 ἢν,

2083 655 2176 708 καὶ
2205 656 2238 726 ή
2285 655 2476 726 ἄγνοια
2509 657 2618 711 τῶν
2649 657 2989 730 αἰνιγμάτων
3022 657 3196 712 ἐκύκα
3242 675 3338 730 μου
3386 660 3476 731 τὴν
3515 663 3610 718 διά-

2082 763 2252 811 νοιαν,
2289 749 2382 802 καὶ
2409 747 2652 819 θορύϐων
2679 750 2940 821 ἐπλήρου.

2156 843 2250 902 ις’.
2290 855 2308 889 ι
2350 838 2662 920 Προσῆλθον
2709 840 2884 894 τοίνυν
2935 837 3042 892 τινὶ
3077 837 3124 869 ⁸⁸
3161 837 3267 890 τῶν
3322 837 3610 908 ἑστηκότων,

2083 927 2176 981 καὶ
2197 929 2294 1000 τήν
2323 931 2609 1000 ἀκρίϐειαν
2639 931 2865 1002 ἐζήτουν
2906 933 3038 1002 παρ’
3085 930 3248 986 αὑτοῦ
3283 931 3403 1001 περὶ
3429 932 3616 984 πάντων

2081 1020 2306 1078 τούτων.
2339 1041 2358 1074 ι
2405 1023 2767 1092 Ἐστηκότας
2807 1025 2864 1078 δὲ
2901 1024 3050 1092 λέγει
3102 1023 3202 1086 τὰς
3237 1023 3425 1092 χιλίας
3461 1024 3618 1092 χιλιά-

2083 1113 2212 1179 δας,
2241 1113 2338 1169 καί
2381 1116 2601 1184 μυρίας
2648 1115 2965 1186 μυριάδας,
2987 1115 3052 1168 δι’
3105 1108 3180 1169 ὧν
3207 1115 3252 1146 ⁸⁸
3295 1113 3389 1167 οὐκ
3421 1113 3619 1183 ἀριθμὸν

2085 1201 2206 1259 εἶπε
2273 1208 2471 1277 ῥητὸν,
2504 1207 2638 1261 ἀλλά
2690 1207 2784 1261 τοῦ
2849 1205 3085 1278 ἀριθμοῦ
3126 1208 3368 1279 κρεῖττον
3420 1205 3621 1275 ἐδήλωσε

2086 1299 2290 1368 πλῆθος
2314 1299 2424 1352 τῶν
2471 1316 2532 1353 τε
2565 1299 3042 1370 λειτουργούντων,
3067 1299 3162 1354 καὶ
3194 1297 3300 1352 τῶν
3327 1296 3622 1367 παρεστηκό-

2084 1407 2210 1444 των.
2232 1390 2294 1442 Οί
2328 1391 2429 1460 μὲν
2454 1390 2562 1462 γὰρ
2605 1389 2922 1460 τιμιώτεροι
2961 1391 3060 1460 οὐχ
3095 1389 3433 1459 είστήκεισαν
3472 1387 3622 1457 μόνον,

2086 1480 2222 1535 ἀλλὰ
2255 1483 2350 1534 καὶ
2397 1481 2728 1552 λειτουργεῖν
2772 1479 3086 1535 ἐκελεύοντο
3115 1496 3126 1510 ·
3165 1481 3214 1533 oi.
3261 1479 3316 1532 δὲ
3368 1479 3529 1531 λοιποὶ
3569 1481 3622 1549 τῇ

2091 1573 2228 1643 μετὰ
2246 1574 2398 1638 δέους
2421 1575 2604 1628 στάσει
2625 1575 2724 1645 τὴν
2752 1573 2993 1628 δουλείαν
3015 1573 3269 1644 ἐμήνυον.
3284 1572 3390 1624 Καὶ
3411 1570 3626 1642 καθάπερ

419 1658 528 1706 tein
576 1651 922 1708 indicabant.
964 1653 1026 1708 Et
1072 1656 1218 1711 sicut
1264 1657 1319 1711 in
1361 1657 1616 1713 humanis
1655 1658 1881 1728 judiciis
1918 1674 1986 1713 ex

2103 1666 2180 1718 ιπὶ
2234 1665 2341 1718 τῶν
2402 1665 2759 1736 ἀνθρωπίνων
2787 1664 3184 1735 δικαστηρίων.
3221 1664 3271 1715 οί
3303 1663 3396 1732 μὲν
3423 1662 3520 1714 τῶν
3545 1663 3626 1714 ὑπο

419 1741 684 1811 subjectis
727 1745 947 1815 papulis
992 1746 1083 1800 alii
1121 1755 1305 1802 astant
1354 1749 1680 1805 horribilius
1719 1749 1986 1818 judicium

2103 1754 2270 1824 ηκόων
2321 1755 2531 1808 ἱστᾶσιν
2565 1753 2938 1824 φοϐερώτερον
2993 1751 3303 1813 δεικνύντες
3333 1750 3391 1803 τὸ
3411 1750 3627 1817 δικαστή⁸

421 1847 532 1903 pra:
563 1849 624 1889 se
654 1833 894 1892 ferentes
919 1881 933 1903 ,
965 1837 1056 1891 alii
1084 1839 1440 1909 egrediuntur
1468 1848 1520 1895 ct
1552 1841 1942 1911 ingrediuntur
1974 1882 1989 1906 ,

2103 1817 2247 1926 prtem.
2265 1848 2314 1900 οί
2372 1846 2427 1899 δὲ
2483 1817 2655 1913 ἐξίασί
2692 1817 2750 1900 τε
2782 1817 2877 1900 κοὶι
2933 1845 3134 1926 είσίασι
3194 1842 3273 1913 τῷ
3313 1843 3522 1911 δικαστῇ
3549 1841 3629 1903 τὰς

416 1927 588 1998 judici
623 1945 886 2001 reSponsa
915 1931 1206 1990 alierentes
1237 1952 1249 1987 :
1290 1935 1362 1990 ita
1397 1935 1448 1990 in
1478 1937 1716 1990 maxime
1743 1935 1992 1990 horribili

2103 1925 2412 2009 ἀποκρίσεις
2444 1938 2762 2008 κομίζοντες
2797 1955 2810 1967 ·
2845 1925 3017 2000 οὕτως
3071 1937 3130 1989 ὲν
3181 1933 3262 2005 τῷ
3310 1933 3628 2002 φοϐερωτάτῳ

418 2019 629 2089 judicio
664 2022 800 2077 vidit
855 2022 1044 2078 Daniel
1095 2025 1282 2080 decem
1337 2028 1508 2082 millia
1561 2027 1896 2091 astantium,
1939 2033 1996 2081 et

426 2109 572 2164 mille
591 2111 760 2165 millia
789 2126 1006 2175 eorum,
1030 2113 1236 2182 quibus
1270 2115 1626 2170 ministramli
1655 2129 1853 2168 munus
1879 2119 1996 2168 erat

423 2199 763 2269 impositum.
808 2201 946 2260 Cum
999 2205 1326 2262 accessisset
1377 2206 1592 2275 itaque,
1653 2204 1864 2274 inquit.
1913 2202 1999 2257 in-

425 2300 708 2364 terrogans
733 2335 748 2359 ,
795 2311 1044 2366 quaenam
1091 2305 1238 2353 esset
1281 2297 1628 2353 rcvelationis
1669 2297 1998 2368 interpreta-

425 2385 502 2438 tio
525 2423 546 2450 ,
577 2385 771 2442 didicit
810 2401 840 2442 a
865 2387 1102 2459 quodam
1135 2403 1329 2445 eorum
1354 2389 1446 2460 qui
1475 2389 1730 2444 astabant
1755 2431 1771 2455 ,
1799 2387 2000 2444 verita-

428 2487 558 2530 tem.

501 2564 772 2632 Vens.l7,
808 2569 892 2625 18.
927 2589 945 2623 ι
979 2570 1122 2628 Dixit
1149 2572 1298 2629 enim
1329 2573 1464 2628 milii
1489 2591 1503 2627 :
1531 2571 1624 2628 liae
1653 2573 1846 2628 bestiae
1879 2587 1998 2626 ma-

429 2674 546 2730 gna
568 2667 826 2730 quatuor,
857 2671 1097 2738 quatuor
1126 2680 1294 2740 regna
1323 2674 1548 2738 surgent
1580 2666 1636 2721 in
1667 2675 1836 2731 terra,
1877 2679 2000 2736 quae

429 2749 770 2812 aulerentur.
794 2755 1003 2828 1203
1017 2755 1082 2811 Et
1109 2758 1286 2817 sancti
1305 2758 1574 2830 accipient
1591 2772 1818 2829 regnum
1836 2758 2001 2814 Altis-

430 2843 588 2910 simi,
607 2852 662 2900 et
681 2846 1012 2902 obtinebunt
1027 2848 1160 2904 illud
1179 2865 1352 2920 usque
1374 2849 1428 2904 in
1448 2851 1729 2910 saeculum.
1748 2858 1802 2904 et
1825 2863 2003 2920 usque

430 2935 485 2989 in
512 2937 712 2992 saecula
745 2939 1092 2995 saeculorum.
1124 2959 1142 2994 ι
1177 2941 1729 2998 Animadvertendum
1751 2950 1835 2996 est
1872 2942 2002 2996 dili-

425 3037 623 3096 genter
665 3028 872 3086 dixisse
919 3030 1098 3101 ipsum
1145 3031 1236 3086 hic
1286 3048 1504 3104 quoque
1547 3050 1705 3104 regna
1753 3043 1999 3103 quatuor,

433 3116 577 3172 sicut
611 3119 775 3176 etiam
815 3121 870 3175 in
891 3121 1132 3193 imagine
1152 3132 1384 3192 quatuor
1413 3125 1626 3180 dixerat
1659 3142 1671 3178 :
1708 3140 1774 3180 ne
1807 3124 2002 3180 cxisti-
2028 3162 2072 3222 ϐ

434 3221 684 3277 menius,
734 3209 898 3267 lictile
953 3228 1182 3284 regnum
1220 3217 1236 3233 '
1275 3228 1306 3268 a
1341 3213 1518 3270 ferreo
1551 3215 1828 3275 diversum
1857 3231 2000 3271 esse.

432 3299 650 3358 Etenim
672 3301 746 3358 ibi
785 3321 804 3354 ι
828 3301 986 3360 linem
1015 3304 1168 3380 regni
1193 3305 1355 3364 ferrei
1391 3305 1800 3362 imbecilliorem
1837 3305 1952 3362 fore
1980 3324 2000 3359 ι

436 3392 580 3448 dixit
628 3409 645 3448 :
691 3402 746 3450 et
784 3394 874 3452 bic
920 3395 1176 3454 similiter
1235 3418 1252 3452 ι
1290 3399 1398 3454 tria
1443 3413 1650 3456 cornua
1691 3398 1825 3454 dicit
1859 3398 2008 3453 radi-

317 3499 320 3504 ·
435 3485 582 3540 citus
603 3499 670 3541 ex
697 3487 884 3543 decem
912 3489 1122 3552 evulsa.
1149 3509 1166 3542 ι
1200 3500 1261 3546 ut
1289 3491 1620 3548 imbecillius
1652 3489 1862 3546 all'ecta.
1883 3488 2010 3546 Haec

438 3576 624 3646 itaque
645 3591 834 3648 regna,
863 3577 1062 3650 inquit,
1096 3579 1447 3646 delebuntur,
1482 3589 1536 3637 et
1562 3596 1752 3638 verum
1779 3595 1841 3635 ac
1867 3596 2009 3637 sem-

436 3665 709 3734 piternum
738 3683 970 3739 regnum
1009 3671 1216 3728 sanctis
1245 3672 1511 3732 Altissimi
1571 3672 1838 3730 tradetur.
1871 3670 2009 3728 illud

439 3759 626 3828 itaque
689 3769 999 3830 expetens,
1056 3763 1273 3834 inquit,
1324 3779 1422 3833 pro
1466 3765 1640 3822 nihilo
1694 3764 2010 3834 existimato

438 3849 727 3919 praesentis
771 3852 957 3908 saeculi
1006 3868 1215 3925 regna,
1265 3871 1388 3926 quae
1449 3856 1593 3911 haud
1664 3856 1838 3911 multo
1885 3843 2012 3927 post

441 3939 694 4002 habitura
732 3943 844 3999 sint
873 3945 1056 4002 linem.
1096 3945 1330 4003 Deinde:

518 4214 682 4273 Vens.
745 4217 829 4272 l9.
878 4237 897 4271 ι
951 4217 1296 4284 Quaerebam,
1358 4218 1559 4287 inquit,
1620 4228 1880 4277 accurate
1941 4222 2012 4278 de

440 4315 636 4380 quarta
662 4308 856 4375 bestia,
883 4310 1016 4381 quia
1058 4319 1175 4366 erat
1211 4311 1564 4378 praestantior
1607 4313 1755 4366 omni
1810 4313 2008 4382 bestia,

415 4406 494 4461 get
521 4399 680 4453 valde
713 4400 1018 4456 terribilis:
1067 4400 1262 4457 dentes
1308 4401 1428 4468 ejus
1476 4402 1662 4470 ferrei,
1693 4411 1749 4458 et
1795 4421 2007 4478 ungues

2092 2030 2425 2102 δικαστηρίῳ
2478 2025 2614 2083 εἶδεν
2648 2028 2894 2098 ὀΔανιὴλ
2945 2028 3045 2090 τὰς
3093 2027 3193 2097 μὲν
3227 2025 3482 2097 μυριάδας
3517 2040 3630 2089 παρ-

2094 2125 2356 2184 εστώσας.
2389 2122 2486 2184 τὰς
2514 2122 2572 2174 δὲ
2618 2121 2794 2191 χιλίας
2840 2119 3086 2192 χιλιάδας
3136 2119 3462 2187 λειτουργεῖν
3492 2116 3632 2178 sunt.

2095 2211 2460 2279 πιστευμένας
2479 2210 2546 2262 ⁸⁸.
2577 2208 2894 2280 Προσελθὼν
2933 2208 3132 2270 τοίνυν,
3169 2206 3324 2276 φησὶ,
3357 2203 3446 2257 καὶ
3473 2203 3631 2272 ἐρόμε-

2095 2320 2184 2366 νος
2245 2303 2329 2366 τίς
2386 2303 2486 2372 τῆς
2533 2300 2930 2370 ἀποκαλύψεως
2977 2301 3010 2370 ἡ
3063 2297 3370 2368 ἑρμηνεία,
3401 2293 3576 2362 ἔμαθεν
3597 2289 3630 2320 ⁸⁷

2096 2395 2249 2466 παρά
2277 2410 2422 2457 τινος
2460 2392 2568 2446 τῶν
2600 2390 2850 2446 ἑστώτων
2878 2390 2977 2461 τὴν
3007 2389 3295 2459 ἀλήθειαν.

2170 2571 2258 2634 ιζ’,
2284 2567 2405 2640 ιη’.ι
2429 2569 2574 2638 Ἔφη
2592 2569 2703 2639 γάρ
2734 2581 2848 2638 μοι·
2871 2565 3060 2623 Ta'trra
3087 2564 3159 2620 τά
3179 2562 3349 2636 θηρία
3373 2561 3438 2616 τὰ
3461 2556 3636 2632 μεγάλα

2097 2664 2166 2718 τὰ
2198 2663 2440 2732 τέσσαρα
2461 2702 2476 2728 ,
2503 2661 2769 2732 τέσσαρες
2815 2660 3087 2730 βασιλεῖαι
3132 2658 3521 2729 ἀναστήσονται
3562 2653 3636 2708 ἔτι

2097 2756 2198 2826 τῆς
2227 2753 2352 2824 γῆς,
2381 2755 2439 2808 αἳ
2492 2752 2841 2824 ἀρθήσονται.
2867 2753 2980 2808 Καὶ
3008 2751 3422 2822 παραλήψονται
3447 2747 3535 2818 τὴν
3561 2743 3637 2814 βα·

2102 2844 2308 2899 σιλείαν
2365 2844 2510 2912 ἅγιοι
2550 2841 2827 2911 Ὑψίστου,
2855 2841 2953 2896 καὶ
2996 2839 3321 2906 καθέξουσιν
3359 2836 3515 2906 αὐτὴν
3553 2835 3636 2895 ἕως

2101 2937 2295 3002 αίῶνος
2319 2977 2334 3004 ,
2361 2936 2458 2989 καὶ
2489 2935 2593 2999 ἕως
2626 2934 2823 2998 αἰῶνος
2882 2934 2992 2988 τῶν
3037 2932 3276 2988 αίὼνων.
3321 2949 3339 2983 t
3385 2925 3637 2999 Προσέχειν

2103 3027 2350 3101 ἀκριϐῶς
2394 3026 2495 3092 δεῖ,
2539 3027 2621 3080 ὅτι
2665 3023 2945 3080 κάνταῦθα
2991 3025 3301 3092 τέσσαρας
3341 3016 3454 3075 εἶπε
3487 3018 3636 3082 βασι-

2102 3121 2293 3187 λείας,
2333 3119 2426 3174 καὶ
2455 3118 2548 3172 ἐπὶ
2591 3115 2694 3187 τῆς
2735 3116 2942 3182 είκόνος
2991 3113 3328 3183 τέσσαρας
3359 3110 3451 3166 καὶ
3479 3108 3544 3180 μὴ
3566 3121 3636 3158 νο·

2110 3210 2286 3282 μίζειν
2320 3207 2382 3262 τὸ
2412 3207 2678 3278 ὄστρακον
2726 3205 2920 3277 ἑτέραν
2955 3196 3098 3258 εἶναι
3140 3203 3298 3275 παρά
3329 3201 3418 3255 τὸν
3460 3197 3638 3266 σίδηρον

2109 3300 2387 3373 βασιλείαν
2407 3300 2474 3354 ⁸⁸.
2511 3298 2623 3358 Καὶ
2654 3296 2762 3370 γὰρ
2797 3298 2914 3352 εκεῖ
2948 3313 2968 3348 ι
2999 3295 3061 3350 τὸ
3105 3294 3262 3358 τέλος
3308 3292 3408 3363 τῆς
3455 3287 3639 3359 σιδηρᾶς

2109 3391 2384 3464 βασιλείας
2403 3391 2449 3424 θ’
2469 3389 2857 3460 ἀσθενέστερον
2889 3407 2909 3442 ι
2953 3385 3079 3457 ἔφη.
3115 3386 3214 3440 καὶ
3243 3383 3468 3438 ἐνταῦθα
3491 3377 3638 3432 ὡσαύ-

2105 3502 2216 3548 τως
2267 3503 2288 3537 ι
2323 3483 2452 3554 τρία
2503 3481 2712 3553 κέρατα
2755 3480 2860 3552 ἔφη
2889 3479 2936 3512 ⁸⁸
2986 3477 3357 3550 ὲκριζωθῆναι
3404 3473 3503 3528 ἀπὸ
3551 3468 3639 3523 τῶν

2105 3574 2260 3641 δέκα,
2299 3591 2318 3625 ι
2361 3573 2436 3644 ὡς
2481 3570 2873 3642 ἀσθενέστερον
2907 3569 3151 3641 δηλονότι
3197 3567 3522 3636 διακείμενα.
3562 3554 3641 3613 A5-

2107 3683 2198 3720 ται
2251 3664 2450 3729 τοίνυν,
2476 3663 2662 3735 φησὶν,
2711 3662 2769 3717 αἱ
2815 3662 3086 3733 βασιλεῖαι
3116 3659 3538 3728 διαλυθήσονται,
3567 3650 3640 3705 καὶ

2109 3759 2144 3830 ή
2181 3755 2387 3828 ἀληθὴς
2434 3755 2530 3810 καὶ
2577 3753 2934 3824 ἀτελεύτητος
2973 3751 3227 3821 βασιλεία
3256 3753 3366 3814 τοῖς
3391 3747 3476 3801 τοῦ
3517 3743 3639 3812 Ὑψί-

2111 3850 2296 3904 στου⁹¹
2341 3847 2520 3916 ἀγίοις
2575 3845 2881 3916 δοθήσεται.
2956 3842 3203 3912 Ἐκείνην
3259 3841 3461 3900 τοίνυν,
3503 3833 3638 3904 φησὶν

2108 3940 2312 4006 ποθῶν,
2348 3938 2512 4009 μηδὲν
2543 3937 2680 4010 ἡγοῦ
2727 3935 2822 3990 τοῦ
2874 3935 3138 4006 παρόντος
3167 3933 3363 3997 αἰῶνος
3402 3931 3493 3991 τὰς
3515 3928 3640 3997 βασι-

2109 4031 2258 4096 λείας
2289 4031 2392 4084 ούκ
2423 4029 2502 4094 είς
2551 4027 2765 4101 μακρὸν
2804 4029 2849 4062 ⁹¹
2897 4024 3194 4097 δεξομένας
3232 4025 3295 4080 τδ
3334 4022 3496 4086 τέλος.
3533 4012 3641 4072 Είτά

2111 4139 2277 4193 φησιν
2297 4137 2312 4153 ·

2185 4214 2272 4266 ιθ’.
2314 4232 2332 4266 ι
2384 4211 2640 4282 Ἐζήτουν
2684 4211 2928 4282 ἀκριϐῶς
2969 4209 3098 4281 περὶ
3139 4207 3234 4262 τοῦ
3261 4205 3444 4277 θηρίου
3467 4201 3548 4255 τοῦ
3572 4213 3640 4250 τε·

2110 4306 2333 4378 τάρτου,
2365 4306 2448 4359 ὅτι
2477 4301 2545 4376 ἦν
2573 4303 2830 4373 διαφέρον
2859 4303 2904 4335 ’³
2943 4301 3097 4372 παρὰ
3143 4301 3252 4354 πᾶν
3283 4297 3482 4368 θηρίον,
3509 4287 3640 4347 uel"

2113 4397 2345 4470 φοϐερὸν
2374 4396 2648 4468 περισσῶς
2669 4411 2683 4426 ο
2712 4396 2763 4448 οί
2807 4394 3014 4457 ὀδόντες
3050 4391 3218 4447 αὐτοῦ
3251 4389 3470 4460 σιδηροῖ,
3499 4378 3638 4437 καὶοὶ

443 4488 620 4558 ipsius
649 4491 779 4550 terei
809 4509 823 4548 :
861 4489 1206 4553 comedebat,
1241 4497 1295 4544 et
1319 4491 1754 4560 comminuebat,
1786 4501 1841 4552 et
1873 4470 1998 4549 reli-

2111 4491 2300 4561 ινυχες
2332 4487 2498 4542 αὐτοῦ
2555 4487 2748 4558 χαλκοῖ
2775 4504 2788 4517 ·
2819 4487 3026 4560 ήσθιεν,
3059 4485 3151 4540 καὶ
3187 4483 3466 4536 ὲλέπτυνεν
3481 4477 3540 4540 ³⁸,
3568 4470 3642 4526 καὶ

440 4594 549 4648 qua
598 4579 830 4650 pedibus
889 4581 1004 4636 suis
1054 4581 1439 4636 conculcabat.
1481 4601 1499 4635 ι
1558 4581 1871 4638 Notandum
1930 4598 1998 4644 οε]

2113 4581 2184 4637 τὰ
2233 4580 2451 4635 tome“
2498 4582 2611 4643 τοῖς
2672 4579 2832 4633 ποσὶν
2883 4576 3050 4632 αὑτοῦ
3107 4573 3422 4628 κατεπάτει.
3461 4587 3478 4621 ι
3521 4565 3639 4619 Ἐπι-

441 4669 638 4728 dentes
671 4672 868 4742 ferreos
894 4673 1024 4738 dici,
1069 4684 1123 4730 et
1153 4689 1359 4745 ungues
1415 4692 1598 4730 cereos.
1639 4674 2010 4734 Romanorum

442 4762 587 4815 enim
612 4778 841 4833 regnum
879 4765 946 4818 ab
975 4765 1232 4820 omnibus
1280 4766 1478 4836 accipit
1525 4767 1787 4823 tributum
1820 4785 1832 4824 :
1889 4769 2013 4822 ideo

443 4851 636 4907 dentes
672 4855 810 4908 dixit
853 4855 1070 4923 ferreos.
1110 4856 1174 4912 Et
1221 4860 1348 4928 quia
1385 4859 1548 4913 etiam
1583 4860 1740 4913 multi
1773 4875 1840 4915 ex
1892 4859 2006 4914 Ma-

443 4941 710 4997 cedonico
734 4960 902 5016 regno
934 4947 1165 5016 profecti
1203 4949 1257 5004 in
1288 4950 1539 5004 militiam
1565 4951 2005 5015 ascribebantur,

445 5032 697 5104 idemque
725 5037 871 5107 quod
910 5049 1036 5096 sunt
1088 5056 1302 5111 ungues
1335 5043 1545 5109 bestia,
1581 5043 1695 5114 regi
1732 5051 1859 5098 sunt
1907 5043 2012 5098 mi-

444 5124 590 5186 lites.
614 5126 739 5196 jure
769 5145 979 5200 ungues
1012 5149 1174 5188 cereos
1202 5135 1518 5205 appellavit,
1559 5134 2009 5204 quandoquidem

443 5218 667 5273 tertium
707 5236 927 5293 quoque
957 5239 1185 5296 regnum
1215 5242 1410 5281 meum
1439 5227 1676 5281 vocavit.
1713 5224 2010 5281 Perconta-

444 5307 546 5366 bar
578 5311 746 5376 enim,
782 5314 979 5384 inquit,

2116 4672 2462 4744 σημήνασθαι
2489 4671 2588 4736 δεῖ,
2619 4671 2700 4728 ὅτι
2741 4670 2867 4733 τοὺς
2899 4668 2999 4737 μὲν
3029 4667 3244 4729 ὀδόντας
3291 4657 3556 4728 σιδηροῦς
3575 4652 3638 4706 λέ·

2110 4783 2218 4835 γει,
2251 4765 2375 4828 τοὺς
2405 4763 2460 4818 δὲ
2490 4762 2688 4833 ὄνυχας
2718 4760 3008 4831 χαλκοῦς.
3036 4758 3101 4812 Ἡ
3136 4757 3234 4828 μὲν
3264 4754 3369 4826 γὰρ
3391 4745 3637 4847 Ῥωραίιιιν

2117 4856 2362 4928 βασιλεία
2387 4855 2479 4917 τὸν
2531 4855 2681 4926 παρά
2732 4853 2950 4907 πάντων
2983 4849 3196 4925 δέχεται
3240 4847 3419 4917 φόρον,
3444 4841 3516 4937 διὸ
3540 4841 3638 4937 τους

2114 4947 2330 5009 ὀδόντας
2368 4945 2472 5014 ἔφη
2503 4947 2546 4978 ⁵⁷
2590 4944 2901 5013 σιδηροῦς.
2945 4941 3164 5014 Ἐπειδὴ
3220 4941 3278 4993 δὲ
3331 4937 3420 4993 καὶ
3465 4935 3520 4986 ὲκ
3559 4935 3636 4994 τῆς

2117 5037 2496 5108 Μακεδονικῆς
2552 5035 2829 5106 βασιλείας
2883 5034 3070 5089 πολλοὶ
3115 5034 3194 5094 είς
3248 5030 3346 5096 τὴν
3397 5017 3637 5117 ὁπλιτικὴν

2117 5128 2331 5182 τελοῦσι
2366 5126 2673 5198 στρατείαν,
2701 5128 2835 5196 ὅπερ
2867 5125 2926 5178 δέ
2965 5126 3068 5178 είσι
3098 5123 3270 5194 θηρίῳ
3297 5121 3489 5189 ὄνυχες,
3510 5121 3637 5163 τουτο

2123 5219 2334 5291 βασιλεῖ
2370 5217 2720 5289 στρατιῶται,
2749 5217 2973 5279 εἰκότως
3003 5215 3108 5286 ἔφη
3154 5215 3278 5276 τοὺς
3305 5213 3487 5280 ὄνυχας
3524 5200 3637 5271 10-1—

2121 5309 2290 5376 ποῦς,
2307 5309 2494 5378 ἐπειδὴ
2525 5309 2620 5362 καὶ
2646 5309 2742 5378 τὴν
2757 5308 2947 5380 τρίτην
2966 5306 3240 5376 βασιλείαν
3262 5298 3486 5373 χαλκῆν
3506 5303 3636 5358 προσ·

2123 5400 2442 5472 ηγόρευσεν.
2479 5397 2890 5468 Ἐπυνθανόμην
2921 5396 3029 5467 γὰρ
3048 5397 3115 5462 ⁸⁸,
3145 5393 3297 5465 φησι,

1774 5510 1998 5568 ἾΑΒΙέΕ

2103 5510 2449 5567 canones
2732 5519 2734 5524 ·
3308 5590 3330 5596 _
3523 5585 3533 5596 0

517 5594 570 5671 δέ
592 5599 718 5671 τινί.
737 5603 782 5671 ll
802 5610 856 5657 et
876 5600 919 5653 Β
940 5601 1040 5660 ἑνί.
1114 5602 1160 5634 ⁸⁸
1189 5601 1256 5656 δι’
1283 5595 1378 5656 ὧν.
1411 5602 1454 5657 Β
1474 5603 1575 5658 διό.
1650 5601 1756 5656 ⁸⁶Β
1789 5601 2245 5671 πεπιστευμένας.
2265 5670 2276 5671 7
2318 5599 2426 5671 "AB
2453 5599 2673 5671 ἔμαθον.
2749 5599 2794 5631 ⁸⁸
2824 5599 2943 5671 βασ.
2977 5598 3033 5653 In
3065 5599 3110 5654 Β
3129 5605 3250 5671 ante
3281 5590 3407 5648 εἷναι
3429 5590 3629 5671 pelli“???

445 5659 493 5741 Ἰ
534 5665 577 5718 Β
605 5668 704 5741 τῆς
738 5669 915 5740 βασιλ.
956 5659 1055 5740 τῆς
1094 5671 1194 5726 σιδ.
1305 5673 1352 5704 ’⁸
1390 5671 1516 5741 ἔφη.
1552 5671 1674 5729 Des.
1712 5673 1765 5727 in
1808 5673 1866 5727 Β.

1967 5673 2012 5704 ⁸⁸
2053 5669 2145 5726 Mt.
2186 5669 2407 5725 ΒΘεοῦ.

2511 5648 2942 5742 “ieiunii?
2979 5648 3033 5742 ξῖ
3065 5648 3444 5742 esseom:
3473 5656 3514 5690 ιι
3536 5648 3626 5706 καίο

452 5731 575 5791 Des.
608 5727 758 5792 invii:
835 5742 881 5774 θ’
910 5741 952 5796 Α
993 5727 1170 5797 ἰσθίον
1208 5743 1300 5798 acui.
1322 5727 1722 5798 ).srr':ti"iou.w'°
1756 5746 1801 5798 Α
1831 5753 1883 5798 et
1916 5745 1955 5801 Β
1977 5727 2252 5797 ἐπίλοιπα.
2331 5741 2374 5772 θ’
2415 5739 2538 5811 ἔφη.
2568 5741 2606 5792 Β
2630 5727 2801 5810 φησί’
2857 5740 2904 5772 ’⁸
2941 5727 3246 5810 γάρξΒδὲ.
