3898 6208
265 339 410 408 1429

1481 340 1563 402 IN
1596 341 1742 401 DAN
1756 340 1954 399 LELIS
1982 341 2138 400 CAP.
2171 341 2303 400 VII.

3361 336 3505 403 1430

332 453 431 501 κ’.ι
458 444 566 500 Kal.
596 443 728 518 περὶ
758 444 864 500 τῶν
893 445 1136 516 κεράτων
1167 445 1333 502 αὐτοῦ
1353 449 1398 482 ’⁸
1439 446 1550 502 τῶν
1570 447 1702 501 δέκα
1727 446 1835 500 τῶν
1865 492 1869 506 .

2008 444 2174 503 Vens.
2214 446 2306 503 20.
2360 465 2380 499 ι
2412 445 2476 501 Et
2515 445 2583 502 de
2626 445 2890 501 cornibus
2934 444 3054 515 ejus
3127 445 3337 512 decem,
3376 464 3501 517 qua:

261 541 318 591 ἐν
333 540 400 609 τῇ
421 537 630 608 κεφαλῇ
642 536 828 602 αὑτοῦ,
845 539 937 592 καὶ
947 538 1039 592 τοῦ
1063 538 1418 611 τετάρτου¹ο¹⁸
1429 540 1522 594 τοῦ
1537 539 1834 602 ἀναϐάντος

264 629 358 704 καὶ
384 628 763 695 ἐκτινάξαντος
801 629 908 682 τῶν
936 632 1214 702 προτέρων
1255 631 1403 702 τρία,
1437 631 1530 686 καὶ
1565 632 1624 685 τὸ
1667 631 1834 700 κέρας

264 721 442 773 ἐκεῖνο
458 712 500 787 ᾧ
515 721 562 773 oi
576 719 841 790 ὀφθαλμοὶ
858 720 1019 774 αὑτοῦ
1038 722 1083 753 ⁸9
1103 723 1195 774 καὶ
1213 721 1383 792 στόμα
1393 720 1586 776 λαλοῦν
1603 720 1833 791 μεγάλα,

264 809 361 864 καὶ
395 811 427 881 ἡ
467 811 654 882 ὅρασις
683 810 845 864 αὑτοῦ
881 811 1079 880 μείζων
1105 812 1211 866 τῶν
1235 812 1460 866 λοιπῶν.
1499 832 1518 866 ι
1560 813 1633 866 οὐ
1660 812 1742 865 δεῖ
1780 811 1836 864 δὲ

264 900 587 971 θαυμάζειν,
611 903 660 954 εί
674 902 784 956 ἄνω
803 903 899 972 μὲν
913 903 1166 972 σμικρὸν
1182 903 1288 974 ἔφη
1303 904 1370 958 τὸ
1388 904 1590 972 «κέρας,
1607 901 1838 957 ἐνταῦθα

263 989 320 1042 δὲ
351 990 447 1060 τὴν
478 991 666 1062 ὅρασιν
698 990 862 1044 αὐτοῦ
882 989 1134 1060 μείζονα,
1153 990 1272 1045 τῶν
1290 991 1536 1057 λοιπῶν·
1571 993 1838 1062 προσήκει

269 1082 384 1143 τοῖς
439 1080 748 1151 λεγομένοις
796 1081 1059 1152 ἀκριϐῶς.
1095 1083 1224 1136 Ὅτε
1281 1083 1379 1151 μὲν
1432 1083 1539 1152 γὰρ
1575 1081 1842 1152 φυόμενον

269 1167 380 1224 εἶδε
400 1172 461 1225 τὸ
494 1173 680 1243 κέρας,
701 1174 920 1242 μικρὸν
967 1173 1098 1226 αὐτὸ
1132 1175 1569 1245 προσηγόρευσεν
1593 1216 1607 1239 ,
1642 1174 1716 1237 ὼς
1745 1174 1842 1227 καὶ

268 1262 380 1315 ἀπὸ
423 1263 655 1333 σμικροῦ
692 1262 880 1325 ἔθνους
929 1262 1201 1334 ὁρώμενον
1246 1263 1337 1315 τοῦ
1406 1263 1674 1316 Ἰουδαίων
1700 1300 1716 1324 ,
1748 1261 1843 1314 xal.

269 1355 452 1425 ἀφανῆ
480 1354 616 1417 τέως
650 1355 750 1424 τὴν
775 1353 1051 1424 βασιλείαν
1083 1354 1204 1424 ἕχον
1229 1370 1243 1385 ⁸
1275 1355 1411 1423 μετὰ
1449 1355 1590 1406 δὲτὸ
1622 1352 1845 1424 ἐκριζῶ-

1940 549 2099 595 erant
2129 541 2181 594 in
2215 539 2428 612 1204
2449 540 2626 610 capite
2656 538 2805 593 illius
2835 557 2850 592 :
2879 545 2932 594 et
2981 536 3049 593 de
3082 548 3300 608 quarto,
3356 538 3503 606 quod

1942 632 2270 690 ascenderat
2296 641 2352 688 et
2394 637 2711 687 excusserat
2748 629 2856 683 tria
2889 630 3134 700 priorum
3181 647 3193 684 :
3243 637 3297 685 et
3331 644 3507 685 cornu

1941 724 2096 788 illud,
2134 723 2223 778 cui
2255 731 2412 778 erant
2439 722 2583 777 oculi
2608 732 2660 776 et
2682 736 2743 776 os
2764 721 2998 791 loquens
3023 735 3240 788 magna,
3275 729 3327 776 et
3351 721 3510 791 cujus

1944 821 2204 882 aspectus
2248 813 2425 882 major
2455 811 2702 881 reliquis.
2754 829 2771 862 ι
2811 809 2928 865 Νοη
2973 818 3058 866 est
3097 811 3427 874 mirandum,
3462 813 3520 868 si:

1948 917 2112 971 supra
2140 918 2361 972 parvum
2387 903 2524 956 dixit
2553 919 2734 967 cornu,
2759 901 2849 955 hic
2873 917 3000 957 vero
3029 909 3309 972 aspectum
3340 903 3511 972 ipsius

1948 996 2206 1064 majorem
2237 994 2496 1064 reliquis:
2549 993 2644 1049 sed
2685 1002 2902 1064 oportet
2931 993 3218 1063 diligenter
3252 993 3341 1056 iis,
3391 1009 3514 1064 quas

1947 1085 2232 1150 dicuntur,
2269 1086 2510 1140 animum
2545 1085 2822 1140 adhibere.
2857 1084 3069 1139 Etenim
3104 1087 3233 1154 quia
3281 1099 3528 1142 nascens»

1949 1192 2122 1232 cornu
2180 1178 2335 1244 vidit,
2382 1194 2601 1247 parvum
2660 1176 2793 1230 illud
2859 1176 3185 1247 appellavit,
3246 1182 3435 1244 utpote
3486 1187 3518 1227 a

1951 1282 2122 1339 parva
2151 1266 2316 1320 etiam
2348 1265 2661 1321 Judaaorum
2694 1265 2916 1319 natione
2948 1264 3274 1334 profectum,
3328 1270 3382 1318 et
3432 1263 3520 1317 in-

1953 1357 2111 1411 terim
2145 1355 2440 1410 obscut-um
2476 1357 2727 1409 obtinens
2759 1368 2982 1424 regnum
3014 1371 3026 1406 :
3065 1359 3356 1422 postquam
3392 1364 3522 1404 vero

272 1461 367 1498 σαι
407 1445 531 1516 τρία
554 1445 758 1515 κέρατα
790 1445 898 1497 τῶν
935 1446 1039 1516 πρὸ
1073 1444 1260 1509 αὐτοῦ,
1296 1446 1517 1509 εἰκότως
1542 1446 1636 1515 τὴν
1659 1447 1845 1516 ὅρασιν

1982 1447 2219 1502 adicitus
2287 1446 2490 1503 evulsit
2543 1448 2646 1500 tria
2699 1446 2990 1514 superiora
3043 1458 3272 1508 cornua,
3329 1441 3523 1497 merito

270 1535 437 1589 αὑτοῦ
477 1533 650 1604 μείζω
689 1536 735 1568 ⁹⁰
788 1534 907 1590 τῶν
958 1536 1187 1591 λοιπῶν
1233 1537 1515 1590 ἀποκαλεῖ.
1560 1536 1841 1608 Ἐπιφέρει

270 1626 455 1680 τοίνυν
478 1626 556 1679 ἔτι
590 1625 1014 1698 πυνθανόμενος,

344 1744 449 1792 κα’.
507 1756 525 1789 ι
558 1739 622 1792 Τί
669 1739 866 1808 δήποτε
899 1741 942 1772 ⁹¹
980 1740 1041 1793 τὸ
1079 1740 1244 1812 κέρας
1280 1742 1455 1793 ἐκεῖνο
1483 1738 1654 1792 ἐποίει
1691 1738 1851 1792 πόλε-

279 1846 381 1897 μον
428 1829 564 1898 μετὰ
619 1829 724 1883 τῶν
780 1830 970 1898 ἁγίων,
997 1831 1090 1884 καὶ
1131 1832 1316 1900 ἴσχυσε
1363 1831 1497 1902 πρὸς
1545 1831 1780 1896 αὐτούς
1827 1849 1846 1882 ι

292 1919 436 1972 Ἀντί.
465 1923 508 1953 ⁹¹
535 1920 626 1974 τοῦ
645 1961 660 1987 ,
693 1921 1055 1976 ἐταπείνωσεν
1085 1923 1302 1985 αὐτούς.

348 2029 453 2101 κβ’.
491 2051 510 2084 ι
532 2033 674 2097 Ἕως
692 2026 754 2087 οῦ
775 2028 936 2102 ἦλθεν
963 2037 991 2087 6
1021 2035 1256 2098 Παλαιὸς
1286 2034 1393 2089 τῶν
1416 2037 1660 2107 ἡμερῶν,
1680 2038 1856 2092 καὶτὸ

280 2127 458 2193 κρῖμα
486 2124 682 2178 ἔδωκεν
711 2125 886 2193 ἁγίοις
917 2126 1196 2196 Ὑψίστου,
1233 2129 1323 2180 καὶ
1350 2130 1376 2181 6
1405 2130 1594 2198 καιρὸς
1618 2130 1819 2198 ἔφθασε
1838 2172 1853 2195 ,

280 2215 374 2265 καὶ
429 2213 525 2284 τὴν
561 2214 834 2283 βασιλείαν
872 2219 1136 2286 κατέσχον
1165 2219 1213 2270 οἱ
1245 2219 1411 2285 ἅγιοι.
1448 2237 1466 2269 ›
1519 2219 1795 2274 Ὶκὲτευσα
1811 2222 1857 2255 ⁹³

283 2301 438 2370 φησὶ,
466 2301 808 2370 μαθεῖν,τίνα
840 2302 900 2355 τὸ
934 2304 1100 2374 κέρας
1129 2307 1305 2358 ἐκεῖνο
1352 2307 1668 2369 αἰνίττεται,
1698 2308 1854 2380 τύφῳ

287 2393 387 2460 μὲν
435 2392 750 2461 χρώμενον,
781 2393 1133 2460 άλαζονικοὸς
1158 2397 1218 2449 δὲ
1261 2397 1452 2465 λόγους
1513 2401 1855 2470 προσφέρον,

284 2481 571 2535 ταπεινοῦν
593 2483 650 2536 δὲ
675 2483 774 2555 τὴν
797 2483 907 2538 τῶν
935 2486 1104 2554 ἁγίων
1137 2488 1468 2557 συμμορίαν,
1493 2489 1598 2551 ἕως
1621 2490 1685 2543 ἂν
1707 2492 1734 2543 6
1753 2492 1864 2544 Πα-

283 2571 438 2635 λαιὸς
462 2571 812 2644 τῶνήμερῶν
844 2578 910 2646 τῇ
944 2577 1041 2646 μὲν
1099 2577 1282 2649 δικαίᾳ
1333 2580 1604 2650 χρήσηται
1651 2582 1820 2653 ψήφῳ
1845 2622 1860 2647 ,

285 2661 472 2734 ἁποδῷ
501 2663 558 2717 δὲ
593 2664 818 2728 καὶτοῖς
841 2667 1018 2734 ἁγίοις
1075 2668 1172 2740 τὴν
1220 2669 1497 2738 βασιλείαν
1531 2671 1599 2734 ³⁸,
1654 2673 1749 2725 καὶ
1805 2673 1866 2725 τὸ

287 2755 497 2810 ἐκείνου
532 2757 811 2831 καταλύσῃ
835 2759 1056 2828 κράτος.

364 2876 471 2938 κγ’.
502 2889 521 2922 ι
555 2871 667 2925 Καὶ
697 2867 818 2925 εἶπέ
855 2890 968 2944 μοι,
999 2874 1183 2944 φησὶν,
1230 2874 1402 2939 οὕτως
1426 2894 1440 2908 ο
1470 2876 1544 2929 Τὸ
1585 2875 1772 2948 θηρίον
1809 2875 1871 2930 τὸ

289 2961 554 3033 τέταρτον
610 2963 858 3033 βασιλεία
916 2966 1153 3038 τετάρτη
1186 2965 1338 3020 ἔσται
1393 2969 1451 3021 ἐν
1497 2970 1566 3040 τῇ
1624 2971 1717 3039 γῇ,
1751 2968 1874 3039 ἥτις

294 3054 553 3125 ὑπερέξει
612 3057 793 3122 πάσας
849 3057 948 3122 τὰς
995 3059 1311 3128 βασιλείας,
1345 3061 1440 3114 καὶ
1492 3061 1874 3130 καταφάγεται

295 3147 480 3199 πᾶσαν
516 3147 614 3218 τὴν
661 3148 788 3218 γῆν,
824 3150 919 3202 καὶ¹
977 3152 1323 3222 συμπατήσει
1361 3151 1552 3221 αὐτὴν,
1583 3152 1677 3206 καὶ
1707 3171 1879 3206 κατα-

297 3239 458 3309 κόψαι
485 3239 652 3311 αὐτήν
674 3241 746 3296 ’⁸.
781 3261 799 3294 ι
835 3241 1020 3297 Ταῦτα
1050 3243 1106 3295 δὲ
1133 3245 1182 3296 οί
1221 3243 1318 3313 μὲν
1345 3243 1512 3299 πάλαι
1534 3244 1599 3297 δι’
1622 3245 1880 3316 αἰνιγμά-

296 3347 410 3383 των
462 3332 799 3402 ἐμάνθανον·
836 3335 997 3404 ἡμεῖς
1032 3335 1090 3388 δὲ
1118 3337 1184 3406 τῇ
1214 3331 1382 3407 πείρᾳ
1431 3335 1834 3408 μεμαθήκαμεν
1865 3353 1878 3366 ⁸

298 3419 518 3492 ὁρῶμεν
551 3422 659 3495 γὰρ
710 3424 809 3495 τῆς
857 3427 1218 3498 προρρήσεως
1260 3425 1309 3459 ’⁸
1357 3425 1456 3497 τὴν
1489 3425 1732 3494 ἔκϐασιν,
1774 3427 1884 3480 τῶν

301 3513 578 3585 εἰσφορῶν
627 3515 728 3586 τὴν
755 3516 1062 3588 εἴσπραξιν,
1093 3518 1191 3590 τὴν
1230 3517 1540 3589 κρατοῦσαν
1569 3518 1680 3572 τῶν
1704 3519 1883 3573 πλειό-

303 3623 416 3658 νων
471 3605 682 3673 πενίαν,
716 3608 811 3661 καὶ
858 3608 927 3663 τά
989 3609 1124 3664 ἄλλα
1159 3611 1280 3665 καθ’
1309 3611 1352 3644 ⁹⁷
1390 3611 1628 3682 ἑκάστην
1672 3611 1886 3682 ἡμέραν

306 3694 572 3764 γινόμενα
601 3698 648 3730 ³⁸
675 3699 912 3770 ὁρῶμεν.

383 3807 482 3859 κδ’.
511 3825 530 3858 ι
564 3807 676 3861 Καὶ
696 3804 766 3862 τὰ
796 3809 928 3864 δέκα
962 3811 1171 3882 κέρατα
1203 3812 1391 3878 αὐτοῦ,
1429 3815 1586 3884 φησὶ,
1620 3815 1751 3868 δέκα
1791 3813 1888 3884 βα-

311 3894 483 3960 σιλεῖς
531 3898 944 3970 ἀναστήσονται.
994 3921 1012 3954 ι
1061 3901 1530 3974 Ἐπισημήνασθαι
1557 3905 1613 3959 δὲ
1641 3905 1768 3976 χρὴ,
1806 3907 1889 3958 ὅτι

310 3989 414 4042 οὐκ
443 3986 594 4044 εἶπεν
624 3991 818 4056 αὐτοὺς
843 3994 1243 4064 ἀναστήσεσθαι
1288 3995 1384 4049 ἕνα
1424 3997 1545 4050 καθ’
1583 3997 1679 4051 ἕνα
1727 3997 1891 4067 anq-

312 4081 443 4142 λους
475 4080 903 4152 διαδεχομένους,
927 4083 1061 4137 ἁλλὰ
1082 4085 1226 4140 κατὰ
1249 4087 1442 4141 ταύτὸν
1465 4088 1886 4160 ἁναστήσεσθαι’

315 4170 413 4222 καὶ
451 4169 534 4223 ὅτι
562 4171 715 4224 ταῦθ’
748 4172 922 4238 οὕτως
961 4174 1094 4244 ἔχει,
1129 4174 1197 4228 τὰ
1240 4176 1559 4246 ἐπαγόμενα
1604 4181 1888 4248 μαρτυρεῖ.

322 4277 344 4310 ι
377 4261 485 4314 Καὶ
511 4262 685 4315 ὀπίσω
709 4263 816 4334 γὰρ
846 4265 1044 4331 αὐτῶν,
1077 4267 1243 4336 φησὶν
1262 4267 1331 4332 ⁹⁹,
1357 4267 1718 4337 ἀναστήσεται
1745 4267 1896 4336 βασι-

318 4350 444 4414 λεὺς
465 4351 673 4422 ἕτερος,
699 4353 757 4418 ὃς
783 4354 1060 4427 ὑπεροίσει
1092 4359 1281 4420 κακοῖς
1301 4357 1504 4420 πάντας
1530 4359 1655 4419 τοὺς
1685 4357 1893 4428 ἔμπροο

323 4441 450 4495 σθεν
475 4444 489 4475 ²
513 4483 527 4508 ,
586 4443 678 4496 καὶ
722 4447 873 4516 τρεῖς
923 4447 1159 4516 βασιλεῖς
1190 4446 1535 4501 ταπεινώσει.
1571 4466 1590 4498 ι
1626 4447 1688 4498 Εἰ
1721 4446 1778 4499 δὲ
1819 4446 1894 4517 μὴ

323 4533 466 4588 κατά
494 4536 692 4589 ταύτὸν
725 4535 1053 4604 ἐϐασίλευον,
1085 4537 1220 4592 άλλὰ
1253 4537 1374 4592 καθ’
1415 4537 1512 4590 ἕνα
1551 4536 1780 4599 ἕκαστος
1805 4536 1896 4588 τὸν

326 4630 433 4698 πρὸ
491 4628 658 4682 αὐτοῦ
710 4629 1125 4701 διαδεχόμενος,
1175 4632 1290 4695 πῶς
1334 4622 1530 4692 οῦτος²
1577 4631 1726 4700 τρεῖς
1756 4627 1898 4682 κατὰ

326 4719 522 4772 ταύτὸν
554 4721 664 4772 τῶν
700 4721 804 4792 πρὸ
837 4722 1001 4776 αὐτοῦ
1020 4723 1376 4788 ταπεινώσει;
1415 4721 1623 4776 Οὐκοῦν
1656 4720 1896 4793 εὔδηλον,

328 4811 404 4874 ὡς
445 4814 572 4873 τοὺς
626 4813 757 4866 δέκα
811 4814 948 4886 πρὸς
990 4813 1066 4884 τῷ
1115 4814 1258 4868 τέλει
1301 4815 1439 4868 κατὰ
1500 4814 1694 4868 ταύτὸν
1769 4814 1902 4867 ἀνα-

331 4902 626 4972 στήσεσθαι
678 4903 969 4972 προλέγει·
1019 4904 1242 4975 ἔσχατον
1291 4906 1346 4959 δὲ
1404 4905 1494 4957 τὸν
1535 4905 1903 4976 Ἀντίχριστον

332 4992 713 5060 ἀνιστάμενον,
754 4993 845 5045 καὶ
887 4994 984 5063 τῆς
1031 4993 1306 5062 βασιλείας
1349 4992 1904 5062 ἀντιλαμϐανόμενον,

335 5083 667 5154 πολεμήσειν
711 5085 808 5155 μὲν
838 5085 1019 5146 αὐτοῖς
1051 5102 1201 5155 φησι,
1242 5087 1391 5155 τρεῖς
1423 5084 1479 5137 δὲ
1519 5085 1576 5150 ἐξ
1604 5082 1780 5137 αὐτῶν
1812 5099 1907 5135 κα-

1955 1542 2243 1604 aspectum
2276 1535 2452 1603 ipsius
2480 1535 2694 1604 reliquis
2726 1534 2982 1603 majorem
3003 1540 3184 1587 vocat.
3225 1530 3393 1585 Addit
3424 1531 3524 1586 ita-

1955 1639 2061 1695 que
2093 1625 2272 1680 adhuc
2301 1625 2650 1696 interrogans
2679 1644 2691 1679 :

2027 1735 2194 1792 Vens.
2225 1737 2314 1792 2i.
2342 1756 2360 1789 ι
2395 1737 2505 1792 Cur
2536 1753 2706 1792 cornu
2743 1737 2874 1792 illud
2899 1735 3102 1792 bellum
3134 1733 3368 1788 faciebat
3401 1747 3526 1787 cum

1960 1831 2186 1894 sanctis,
2231 1840 2284 1884 et
2310 1831 2597 1899 praevaluit
2629 1831 2897 1885 adversus
2945 1827 3082 1884 eos?
3126 1845 3144 1878 ι
3181 1825 3236 1881 ld
3284 1834 3391 1891 est,
3436 1825 3529 1879 de-

1960 1922 2163 1990 pressit
2194 1930 2248 1976 et
2275 1922 2510 1976 humiles
2545 1920 2672 1975 fecit
2702 1935 2820 1976 cos.

2029 2033 2195 2090 Vens.
2228 2035 2317 2088 22.
2337 2052 2361 2088 ι
2383 2034 2563 2089 Donec
2581 2034 2726 2088 venit
2743 2033 3017 2105 Antiquus
3049 2029 3286 2093 dierum,
3313 2035 3364 2081 et
3387 2024 3532 2095 judi-

1963 2127 2110 2180 cium
2144 2124 2292 2179 dedit
2319 2126 2525 2180 sanctis
2558 2123 2848 2188 Altissimi,
2884 2132 2937 2177 et
2973 2131 3187 2189 tempus
3216 2115 3454 2181 advenit,
3479 2122 3534 2169 ct

1967 2231 2198 2286 regnum
2230 2214 2587 2270 obtinuerunt
2617 2212 2818 2268 sancti.
2865 2229 2882 2262 ›
2940 2209 3281 2279 Supplicavi,
3334 2205 3532 2275 inquit.

1967 2315 2026 2361 ut
2052 2308 2341 2371 discerem,
2379 2306 2643 2377 quidnam
2677 2301 2949 2374 signiﬁcet
2981 2316 3153 2356 cornu
3202 2298 3337 2353 illud
3395 2298 3536 2350 fastu

1967 2396 2196 2459 elatum,
2230 2403 2283 2450 et
2314 2394 2628 2466 arrogantia
2654 2393 2822 2448 verba
2855 2387 3168 2460 proferens,
3200 2392 3539 2450 sanctorum-

1970 2503 2076 2558 que
2124 2488 2439 2558 deprimens
2487 2493 2729 2548 ccetum,
2786 2481 2962 2536 donec
3005 2479 3284 2547 Antiquus
3329 2475 3538 2529 dierum

1971 2578 2178 2649 justam
2251 2579 2577 2633 sententiam
2642 2574 2850 2639 ferret,
2905 2571 3270 2637 redderetque
3338 2565 3541 2620 sanctis

1975 2682 2228 2738 regnum,
2264 2674 2318 2722 et
2342 2680 2515 2721 cornu
2548 2665 2695 2719 illius
2721 2661 3044 2730 infringeret
3070 2655 3391 2726 potentiam.

2042 2867 2209 2923 Vens.
2235 2863 2433 2922 23.:Et
2455 2861 2758 2927 dixitmibi,
2783 2859 2984 2930 inquit,
3010 2857 3090 2912 sic
3114 2875 3127 2910 :
3149 2854 3332 2910 Bestia
3350 2860 3545 2924 quarta

1975 2973 2204 3030 regnum
2236 2965 2494 3030 quartum
2539 2954 2691 3010 erit‘
2733 2952 2788 3006 in
2842 2959 3011 3012 terra,
3067 2944 3214 3018 quod
3267 2943 3549 3016 superabit

1977 3051 2161 3105 omnia
2184 3063 2374 3118 regna,
2401 3054 2456 3101 et
2488 3041 2772 3100 devorabit
2805 3053 3022 3094 omnem
3070 3044 3292 3099 terram,
3327 3040 3380 3089 et
3413 3045 3549 3087 cono

1979 3141 2239 3204 culcabit,
2276 3145 2330 3194 et
2365 3135 2618 3190 concidet
2653 3147 2791 3188 eam.
2850 3149 2868 3183 ι
2906 3129 3032 3185 Haec
3087 3135 3268 3182 autem
3326 3125 3405 3178 illi
3454 3138 3550 3193 per

1978 3229 2266 3296 aenigmata
2299 3221 2511 3293 1205
2540 3219 2818 3290 quondam
2875 3215 3204 3272 discebant:
3261 3228 3364 3269 nos
3422 3225 3553 3266 vero

1983 3316 2100 3385 ipsa
2129 3312 2466 3384 experientia
2495 3309 2832 3373 didicimus;
2869 3305 3126 3361 videmus
3160 3302 3306 3359 enim
3350 3300 3552 3372 praadi-

1983 3406 2187 3463 ctionis
2217 3413 2493 3468 eventum,
2529 3401 2871 3457 exactionem
2905 3397 3263 3461 tributorum,
3309 3407 3551 3464 pauper-

1984 3509 2154 3555 tatem
2210 3496 2523 3565 complures
2577 3491 3011 3563 opprimentem,
3071 3495 3126 3543 et
3169 3485 3276 3541 alia
3310 3482 3556 3556 quotidie

1988 3591 2107 3648 ﬁeri
2132 3588 2530 3659 conspicimus.

2063 3791 2226 3845 Vens.
2275 3788 2366 3842 24.
2417 3807 2432 3838 ι
2489 3786 2556 3840 Ει
2607 3783 2796 3837 decem
2846 3793 3058 3835 cornua
3104 3775 3298 3845 ipsius,
3355 3770 3565 3840 inquit,

1990 3884 2181 3939 decem
2212 3898 2368 3952 reges
2421 3883 2675 3948 surgent.
2714 3894 2731 3926 ι
2767 3871 3076 3926 Notandum
3103 3875 3193 3922 est
3216 3881 3324 3920 non
3354 3863 3563 3918 dixisse

1991 3991 2116 4033 eum
2149 3973 2266 4028 fore
2311 3981 2371 4026 ut
2416 3967 2616 4040 singuli
2655 3970 2976 4034 exsurgant,
3037 3961 3112 4016 ita
3162 3967 3223 4012 ut
3276 3956 3416 4011 alius
3471 3953 3561 4006 alii

1993 4068 2258 4134 deinceps
2305 4062 2601 4122 succedat,
2669 4057 2764 4113 sed
2819 4055 3010 4109 eodem
3070 4060 3321 4119 tempore
3373 4059 3566 4102 omnes

1998 4161 2421 4215 exsurrecturos
2449 4165 2609 4206 esse:
2643 4158 2805 4217 atque
2836 4147 2952 4199 haec
3001 4144 3076 4197 ita
3120 4157 3178 4197 se
3216 4140 3440 4196 habere,
3476 4150 3564 4188 se-

1999 4248 2228 4321 quentia
2260 4251 2551 4300 testantur.
2604 4259 2622 4291 ι
2663 4239 2792 4293 Post
2829 4252 2925 4291 eos
2955 4235 3097 4289 enitn
3129 4239 3336 4299 surget,
3368 4224 3566 4328 inquit,

1999 4357 2099 4396 rex
2131 4338 2291 4400 alius,
2324 4335 2419 4404 qui
2455 4330 2740 4401 superabit
2789 4327 2954 4381 malis
3000 4337 3190 4378 omnes
3230 4327 3566 4388 superiores.

2001 4440 2054 4488 et
2089 4439 2201 4484 tres
2229 4440 2382 4494 reges
2411 4419 2774 4477 humiliabit.»
2807 4415 2964 4482 Quod
2999 4415 3042 4469 si
3077 4427 3188 4466 non
3220 4409 3409 4464 eodem
3438 4413 3569 4459 tem-

2003 4535 2136 4594 pore
2169 4519 2493 4586 regnarunt,
2541 4524 2734 4564 verum
2775 4505 2974 4576 singuli
3023 4499 3403 4571 superioribus
3443 4509 3571 4594 suc-

2006 4586 2314 4672 cesserunt,
2359 4603 2634 4675 quomodo
2686 4603 2793 4661 iste
2855 4606 2972 4651 tres
3033 4592 3351 4662 superiores
3383 4586 3573 4642 eodem

2007 4716 2251 4774 tempore
2299 4694 2654 4754 ltumiliabit?
2713 4689 3069 4759 Perspicuum
3104 4690 3191 4738 est
3224 4681 3404 4774 igitur
3450 4690 3574 4731 eum

2012 4771 2305 4869 praedicere
2366 4789 2483 4842 fore
2515 4793 2574 4840 ut
2608 4785 2796 4838 decem
2822 4780 2972 4835 circa
2999 4778 3161 4831 tinem
3191 4771 3355 4829 simul
3385 4781 3579 4823 exsur-

2011 4865 2178 4964 gant,
2222 4891 2530 4958 postremus
2583 4885 2766 4932 autem
2821 4871 3197 4927 Anticltristus
3249 4865 3577 4964 exoriatur,

2014 4956 2352 5052 regnumque
2381 4974 2666 5033 obtineat;
2701 4980 2861 5036 quem
2891 4979 3016 5018 cum
3053 4961 3187 5032 ipsis
3216 4956 3578 5052 bellaturum,

2016 5045 2219 5131 ac'tres
2266 5045 2330 5126 ex
2374 5066 2513 5137 ipsis
2550 5075 2874 5119 eversurum
2927 5054 3145 5110 asserit.
3201 5050 3302 5117 Qui
3363 5045 3582 5118 quidem

1599 5281 1832 5336 VARUE
1866 5274 2271 5334 LECTIONES.

417 5442 1150 5512 "mpm-hab.
1225 5441 1319 5512 3-1"
1355 5433 2382 5512 m-Aérép29-__”297-I?es-ine~
2435 5430 2506 5512 3°
2542 5425 2846 5512 Bestiae
2925 5406 3583 5512 ’[,Τὲηίὲῖτῖῗῖὲμξ’.ῗέ-

347 5484 837 5582 litterroga'iio‘nleitt
867 5484 1203 5582 habent
1225 5508 1365 5562 LXX
1395 5519 1448 5582 et
1480 5484 1866 5582 textus‘Cbald.
1910 5502 2412 5582 ’1‘Av'c_‘t—-Aa61q6;.
2435 5498 2558 5552 llaec
2586 5484 2709 5582 in‘B
2743 5484 3584 5582 ad_m'argi3ettllast‘$l3:13;”:-

345 5587 394 5650 ff
431 5586 471 5638 Β
510 5580 756 5640 ἱκετεύω.
831 5582 878 5614 ’⁸
913 5582 952 5632 Β
989 5581 1084 5650 τὴν
1124 5580 1246 5650 βασ.
1275 5583 1384 5640 τοῖς
1417 5580 1607 5647 ἁγίοις.

346 5644 393 5675 θ’
425 5672 533 5724 γιν-
580 5655 636 5710 ιη
687 5654 726 5718 Β
777 5661 896 5724 post
937 5644 1152 5722 ὁρῶμεν
1194 5651 1438 5722 ponitur.

1536 5651 1580 5681 ’9
1613 5665 1742 5717 φησ.
1776 5645 1900 5699 Des.
1940 5645 1991 5698 in
2026 5646 2085 5696 Β.

1686 5545 1886 5628 ritis;
1933 5545 2148 5628 9.1;:
2179 5545 2454 5626 ιῐΐιοῖῑ
2489 5586 2585 5639 πρ.
2621 5567 2738 5639 υςε-
2781 5565 2833 5639 ir!
2867 5545 3197 5639 3-."°'.m.°-
3527 5545 3585 5639 2-

2195 5611 2448 5713 ".éttrrpl.
2779 5611 2959 5685 ἇὺτῖαῢ.
3059 5628 3078 5656 ³
3108 5618 3217 5675 οῦτ.
3255 5611 3377 5672 Des.
3435 5616 3487 5668 in
3527 5611 3570 5666 Β
