3898 6208
454 310 585 374 “'31
1406 319 1897 386 THEODORETI
1929 327 2267 390 EPISCOPI
2302 331 2670 393 CYRENSIS
3519 341 3634 409 14Ἄὲ

453 445 560 483 non
590 439 879 493 contentus
936 446 997 486 ea
1043 432 1295 498 victoria,
1357 452 1521 507 quam
1585 442 1653 496 de
1704 443 2008 501 hominibus

2119 448 2394 503 ταλύσεινο
2434 451 2508 523 μὴ
2534 452 2871 523 ἀρκούμενος
2897 452 2956 507 δὲ
2984 455 3050 524 τῇ
3088 456 3228 509 κατὰ
3256 457 3357 511 τῶν
3381 460 3639 533 ἀνθρώπων

451 523 817 591 reportaverit
846 542 860 577 :

2126 541 2270 615 νίκῃσ

522 631 688 687 Vsus.
724 631 814 686 25.
881 652 900 685 ‹
964 636 1139 690 Etiam
1190 654 1517 710 sermones,
1576 646 1775 716 inquit,
1831 659 2021 709 contra

447 723 795 777 Altissimum
831 724 1107 794 loquetur,
1138 739 1190 784 et
1221 744 1443 790 sanctos
1491 735 1763 793 Altissimi
1810 751 2021 796 vetera-

450 830 602 870 scere
632 814 817 880 faciet,
849 826 923 881 et,
984 838 1001 871 ι
1034 828 1090 874 ιιι
1137 825 1385 891 (μιίειιεηι
1431 827 1633 883 habent
1660 833 2016 902 exemplaria,

452 923 472 957 ι
522 907 876 974 humiliabit,
932 922 986 967 et
1053 915 1321 985 cogitabit
1373 927 1587 975 mutare
1654 930 1904 992 tempora
1965 932 2019 979 et

447 997 641 1068 legem.
691 1016 711 1050 ι
765 998 942 1055 Tanta
1004 1003 1148 1057 enim
1202 1007 1373 1074 rabie,
1429 1010 1651 1081 inquit,
1710 1023 1764 1068 et
1802 1014 2017 1070 insania

444 1087 837 1157 concitabitur,
874 1098 933 1146 ut
963 1095 1201 1165 superba
1236 1099 1402 1153 verba
1424 1107 1477 1155 et
1507 1102 1798 1159 maledicta
1821 1115 2016 1162 contra
2062 1118 2069 1123 '

443 1176 614 1232 Deum
637 1180 968 1237 altissimum
998 1197 1238 1252 evomat,
1263 1203 1537 1261 omneque
1563 1196 1818 1265 supplicii
1844 1213 2015 1266 genus

443 1267 644 1323 inferat
675 1270 764 1335 iis,
804 1273 899 1342 qui
930 1274 1033 1344 ipsi
1065 1276 1223 1350 (Deo)
1256 1290 1409 1350 grato
1438 1292 1492 1338 et
1528 1283 1798 1340 benevolo
1829 1288 2016 1343 animo

442 1358 829 1427 lnservientes,
865 1368 1175 1425 sanctitatis
1202 1373 1499 1444 participes
1534 1376 2017 1450 fuerint:1206

439 1454 865 1525 epinabiturque
917 1474 977 1514 se
1032 1476 1194 1531 posse
1246 1465 1536 1535 pietatem,
1599 1485 1718 1539 quae
1766 1479 1897 1525 tunc
1932 1471 2016 1525 vi-

441 1542 625 1612 gebit,
706 1544 958 1602 fuuditus
1037 1556 1322 1617 evertere,
1390 1554 1765 1626 optimamque
1834 1556 2013 1625 ipsius

442 1631 843 1687 institutionem
905 1648 1274 1694 commutare.
1327 1639 1441 1695 lloc
1489 1644 1635 1696 enim
1679 1645 1883 1709 innuit,
1927 1643 2012 1697 di-

441 1737 571 1777 cens
602 1740 614 1753 -
649 1741 668 1773 ι
712 1724 989 1794 Cogitabit
1017 1736 1236 1784 mutare
1267 1738 1514 1802 tempora
1541 1744 1593 1789 et
1619 1735 1815 1806 legem,
1857 1753 1875 1785 ι
1909 1734 2013 1788 hoc

438 1824 545 1875 est,
585 1831 704 1868 eam
738 1832 860 1884 quae
893 1826 1024 1874 tunc
1073 1821 1287 1876 obtinet
1323 1824 1754 1881 institutionem.
1802 1825 2011 1881 Deinde

440 1906 667 1974 subjiclt
698 1927 711 1962 :
753 1926 772 1959 ‹
807 1907 872 1961 Ει
900 1911 1152 1966 tradetur
1184 1913 1238 1967 in
1278 1930 1499 1969 manum
1532 1916 1672 1986 ejus.
1713 1935 1732 1968 ι
1764 1916 1879 1970 Hoc
1905 1925 2011 1981 est,

442 2002 720 2070 permittet
749 2000 935 2057 divina
959 2005 1308 2074 providentia
1337 2025 1352 2074 ;
1393 2009 1806 2080 ostendensque
1831 2007 2012 2064 defor-

441 2094 644 2149 mitatis
672 2096 939 2151 malorum
972 2097 1193 2153 illorum
1225 2107 1458 2171 tempus,
1497 2119 1515 2153 ι
1539 2100 1727 2173 Neque
1756 2102 1900 2157 enim
1957 2103 2009 2156 in

437 2195 762 2258 perpetuum
804 2189 1067 2246 oblivioni
1121 2191 1341 2248 dabitur
1375 2209 1603 2265 pauper,
1652 2203 1707 2251 et
1746 2196 2009 2266 patientia

440 2293 744 2349 pauperum
805 2296 914 2336 non
953 2282 1157 2351 peribit
1214 2284 1268 2338 in
1324 2295 1649 2355 perpetuum
1679 2293 1742 2353 0;
1802 2305 1820 2338 ι
1882 2301 2008 2340 cum

436 2371 713 2427 dixisset:
752 2388 772 2423 ι
813 2371 1086 2429 Tradetur
1145 2375 1199 2429 in
1255 2391 1480 2429 manum
1516 2375 1660 2447 ejus,
1705 2394 1724 2428 ι
1788 2376 2007 2446 adjecit,

442 2481 460 2511 ί
536 2460 718 2533 Usque
768 2463 836 2518 ad
885 2472 1122 2534 tempus,
1180 2474 1235 2519 et
1294 2474 1565 2536 tempora,
1626 2473 1681 2520 et
1717 2465 2007 2521 dimidium

437 2554 718 2624 temporis.
763 2573 782 2607 ι
814 2554 988 2626 quue
1028 2559 1273 2627 apertius
1300 2557 1357 2611 in
1388 2556 1498 2612 ﬁne
1550 2556 1855 2627 prOphetia:
1904 2572 2007 2611 nos

435 2645 648 2700 docuit.
684 2663 702 2697 ι
733 2647 780 2699 Α
806 2656 1049 2717 tempore
1092 2648 1238 2702 enim
1280 2648 1603 2703 mutationis
1629 2648 1783 2718 jugis
1821 2649 2004 2703 sacri-

435 2737 565 2803 tieii,
594 2736 793 2807 inquit,
823 2746 877 2793 et
914 2747 975 2791 ut
1000 2740 1014 2759 '
1048 2738 1174 2793 data
1219 2738 1385 2794 fuerit
1418 2739 1760 2795 abominatio
1787 2738 2006 2794 desola-

432 2828 627 2894 tionis,
680 2838 843 2885 erunt
906 2813 1029 2886 dies
1083 2831 1234 2886 mille
1287 2832 1509 2887 ducenti
1566 2832 1864 2900 nonaginta
1890 2840 1936 2881 P.
1980 2848 1999 2881 ι

432 2920 675 2990 Tempus
705 2921 892 2992 igitur,
920 2930 976 2978 et
1004 2931 1274 2992 tempora,
1300 2929 1356 2978 et
1391 2922 1680 2977 dimidium
1712 2920 1999 2990 temporis,

431 3025 544 3069 tres
572 3030 746 3069 annos
780 3030 904 3069 cum
943 3016 1173 3070 dimidio
1202 3016 1360 3080 dicit,
1401 3016 1604 3086 quibus
1647 3029 1819 3069 cornu
1867 3002 2001 3067 illud

430 3121 627 3177 magna
658 3106 892 3176 loquens
924 3109 1238 3178 imperabit.
2026 3120 2070 3179 G

503 3215 668 3274 Vsus.
727 3217 819 3273 26.
877 3238 896 3270 ι
967 3212 1071 3275 Sed
1114 3220 1409 3289 judicium,
1461 3220 1657 3289 inquit,
1720 3219 1885 3285 sedit,
1946 3228 1999 3274 et

427 3307 795 3378 principatum
819 3309 940 3376 ejus
967 3309 1441 3374 transmutabunt,
1478 3318 1536 3362 ut
1573 3308 1753 3363 deleat
1780 3317 1834 3364 et
1872 3324 1999 3379 per-

425 3402 520 3453 tfat
555 3415 735 3469 usque
762 3399 817 3454 in
877 3400 1061 3455 linem.
1124 3419 1143 3452 ι
1207 3398 1323 3454 Hoc
1380 3413 1511 3453 vero
1569 3406 1754 3469 aperte
1804 3399 2000 3456 beatus

424 3506 646 3561 quoque
676 3489 882 3548 Paulus
926 3506 1027 3546 nos
1069 3488 1279 3545 docuit.
1314 3488 1453 3544 Cum
1483 3491 1632 3545 enim
1677 3491 1904 3548 dixisset
1936 3508 1999 3547 ea

424 3595 546 3649 qua
601 3582 764 3650 paulo
837 3587 966 3636 ante
1017 3579 1612 3647 commemoravimus,
1666 3582 1781 3638 luet;
1832 3583 1995 3639 etiam

423 3670 703 3740 subjecit:
738 3690 757 3722 ‹
797 3670 1059 3736 Tantum,
1095 3670 1271 3725 donec
1317 3671 1413 3740 qui
1466 3686 1612 3727 nunc
1658 3672 1886 3738 detinet,
1930 3674 1999 3729 de

2114 3705 2124 3739 ι
2159 3687 2338 3742 Μόνον
2368 3690 2396 3742 6
2427 3688 2671 3759 κατέχων
2708 3688 2833 3759 ἄρτι
2863 3688 2972 3752 ἕως
3000 3689 3067 3744 ἐκ
3101 3689 3273 3761 μέσου
3313 3690 3535 3761 γένηται,
3558 3686 3633 3741 καὶ

420 3761 606 3816 medio
660 3761 912 3816 sublatus
969 3759 1139 3815 fuerit
1180 3776 1194 3813 :
1230 3768 1285 3816 et
1339 3769 1473 3816 tunc
1518 3764 1858 3818 revelabitur
1908 3765 1999 3821 ille

2114 3778 2220 3832 τότε
2251 3778 2769 3850 ἀποκαλυφθήσεται
2791 3783 2818 3834 ὁ
2843 3780 3063 3852 ἄνομος,
3093 3759 3154 3835 δν
3173 3783 3203 3835 6
3232 3759 3436 3854 Κύριος.
3463 3776 3632 3850 Ἰησοῦς

423 3853 666 3919 iniquus,
725 3863 887 3920 quem
936 3850 1204 3906 Dominus
1253 3848 1416 3908 Jesus
1466 3851 1760 3910 interliciet
1795 3855 1995 3926 spiritu

2114 3871 2363 3925 ὶναλώσει
2387 3871 2467 3943 τῷ
2482 3872 2750 3942 πνεύματι
2780 3873 2874 3927 τοῦ
2907 3872 3177 3943 στόματος
3206 3873 3390 3939 αὑτοῦ,
3417 3871 3502 3926 καὶ
3524 3885 3630 3924 κατ-

418 3942 533 3995 υι·ἱε
563 3940 672 4007 sui,
704 3948 760 3995 et
784 3940 1057 4008 destruet,
1081 3956 1206 3996 cum
1231 3944 1526 4014 contigerit
1552 3946 1820 4003 adventus
1848 3948 1993 4018 ejus,

2114 3964 2327 4035 ιργήσει
2356 3940 2752 4035 τῇνὲπιφα-νείᾳ
2774 3965 2871 4033 τῆς
2899 3940 3209 4037 παρουσίας
3254 3964 3373 4020 κατ’
3396 3963 3629 4033 ἐνέργειαν

420 4048 546 4085 rum
599 4032 761 4103 cujus
792 4044 878 4089 est
917 4034 1188 4091 adventus
1246 4037 1553 4092 secundum
1611 4042 1992 4111 operationem

2114 4032 2190 4108 τοῦ
2234 4032 2453 4109 ’Σατανᾶ
2489 4056 2547 4109 ἐν
2594 4032 2744 4127 πάσή
2791 4032 3044 4128 δυνάμει,
3097 4058 3193 4112 καὶ
3243 4032 3514 4127 σημείοις,
3556 4048 3629 4104 καὶ

420 4126 663 4191 Satanae,
697 4125 751 4181 in
804 4128 950 4182 omni
984 4129 1209 4192 virtute,
1250 4136 1307 4183 et
1364 4130 1563 4201 signis,
1622 4138 1677 4187 Et
1728 4133 1994 4205 prodigiis

2114 4147 2288 4219 τέρασι
2321 4147 2569 4218 ψεύδους,
2600 4149 2698 4202 καὶ
3020 4149 3206 4222 ἁπάντῃ
3374 4146 3561 4206 ἀδικίας
3581 4143 3627 4193 ὲν

414 4216 801 4285 mendacibus,
837 4218 1049 4290 1207
1076 4230 1133 4277 et
1162 4223 1219 4277 in
1246 4224 1396 4279 omni
1429 4222 1752 4281 seductione
1790 4225 1994 4297 iniqui-

2114 4216 2208 4303 :oi'c;
2228 4216 2642 4311 ἀπολλυμένοις.
2683 4258 2702 4292 ›
2746 4241 2812 4294 Ὃ
2841 4240 2899 4294 δὲ
2931 4216 3079 4311 λέγει
3108 4216 3352 4295 τοιοῦτύν
3377 4241 3485 4292 ὲστι
3503 4253 3517 4269 ’
3555 4234 3629 4286 Δεῖ

418 4309 554 4367 ιιιὶε
587 4310 640 4364 in
673 4311 743 4366 iis
778 4313 873 4381 qui
898 4323 1129 4381 pereunt
1154 4324 1201 4366 ει.
1233 4333 1252 4367 ι
1292 4313 1449 4381 Quod
1479 4326 1665 4372 autem
1694 4317 1852 4383 dicit,
1886 4320 1993 4375 tale

2114 4329 2156 4384 :6
2192 4309 2587 4402 xatéxovvdpct
2637 4333 2701 4385 ὲκ
2753 4330 2918 4401 μέσου
2978 4309 3255 4402 γενέσθαι.
3306 4328 3626 4399 Σὸεσθήσεται

413 4407 499 4454 est
543 4418 558 4456 :
601 4398 832 4471 Oportet
873 4403 925 4458 id
962 4404 1109 4475 quod
1143 4407 1305 4461 modo
1344 4406 1552 4464 detinet
1584 4424 1615 4464 e
1641 4410 1822 4464 medio
1852 4412 1988 4466 tolli.

2114 4420 2206 4493 γὰρ
2253 4422 2286 4493 ή
2321 4398 2628 4492 κατέχουσα
2659 4398 2858 4493 πλάνη,
2892 4398 3002 4476 καὶ*
3026 4421 3182 4494 λήξει
3221 4424 3255 4494 ἡ
3303 4420 3407 4475 τῶν
3430 4398 3625 4473 εἰδώλων

417 4490 819 4565 Εκειίιιειιθιυι·
848 4498 993 4551 enim
1034 4513 1194 4553 error
1218 4501 1317 4569 qui
1343 4500 1575 4565 detinet,
1613 4508 1668 4557 et
1700 4501 1827 4556 linis
1871 4503 1990 4559 ido-

2114 4490 2362 4583 ἐξαπάτη,
2390 4490 2491 4565 καὶὴ
2513 4513 2635 4566 τότε
2661 4490 3184 4585 ἀποκαλυφθήσεται
3208 4490 3465 4585 δ-ἄνομος.
3489 4508 3624 4563 Τοῦτο

417 4584 595 4638 lorum
654 4586 801 4643 dolis
846 4588 1182 4657 imponetur,
1234 4602 1287 4647 et
1331 4599 1465 4648 tunc
1514 4593 1848 4650 revelabitur
1900 4597 1991 4652 ille

2114 4603 2150 4654 ῑὲ
2198 4601 2294 4656 καλ⁸
2340 4603 2369 4656 6
2415 4601 2620 4674 Κύριος
2666 4605 2724 4658 ὲν
2774 4608 2886 4669 τοῖς
2936 4606 3103 4676 ἱεροῖς
3136 4584 3481 4675 Εὐαγγελίοις
3519 4599 3618 4668 ἔφη·

414 4674 657 4745 iniquus.
695 4677 809 4734 Hoc
865 4680 1131 4738 Dominus
1166 4699 1385 4755 quoque
1434 4685 1488 4739 in
1530 4687 1705 4743 sacris
1742 4688 1989 4761 Evange-

2114 4714 2116 4743 τ
2151 4694 2575 4766 Κηρυχθήσεται
2607 4695 2716 4767 γὰρ
2742 4696 2804 4750 τὸ
2842 4674 3175 4768 Εὐαγγέλιον
3201 4698 3247 4731 ¹⁸
3270 4674 3359 4761 είς
3396 4696 3550 4749 πάντα
3569 4689 3621 4742 τὰ

416 4766 507 4821 liis
551 4770 813 4823 asseruit.
860 4789 879 4823 ι
951 4770 1350 4831 Prmdicabitur
1404 4778 1554 4833 enim
1599 4780 1983 4852 Evangelium,

2114 4783 2305 4856 τέρατα
2333 4786 2432 4856 τῆς
2459 4786 2562 4856 γῆς
2590 4788 2673 4851 είς
2701 4766 3016 4860 μαρτύριον
3036 4788 3243 4853 αὐτοῖς,
3270 4789 3361 4842 καὶ
3387 4785 3494 4838 τότε
3524 4779 3618 4850 ἥξει

414 4859 619 4926 inquit,
663 4876 758 4929 per
785 4876 982 4920 οιιιιιοε
1013 4865 1151 4923 lines
1187 4876 1347 4924 terrae
1384 4869 1439 4923 in
1474 4872 1854 4927 testimonium
1888 4888 1988 4944 pro

2114 4876 2152 4929 :6
2183 4875 2354 4940 τέλος.
2386 4894 2405 4927 ι
2453 4877 2692 4932 Ἐκεῖθεν
2715 4877 2877 4932 τοῦτο
2908 4878 3095 4950 μαθὼν
3116 4882 3145 4934 6
3167 4880 3423 4952 μακάριος
3445 4870 3619 4930 Παῦλος

413 4946 575 5014 ipsis,
610 4959 663 5003 et
700 4958 831 5005 tunc
859 4955 1042 5010 veniet
1082 4957 1204 5013 linis
1229 4968 1273 5013 τ.
1312 4977 1331 5010 ι
1394 4958 1510 5017 Hoc
1567 4962 1698 5017 inde
1757 4962 1987 5021 edoctus

2114 4966 2331 5021 ῖιδάσκει
2380 4966 2830 5035 Θεσσαλονικέας,
2871 4946 2966 5024 καὶ
3020 4970 3089 5025 δι’
3138 4946 3358 5025 ἐκείνων
3407 4966 3617 5021 ἃπαντας

416 5036 617 5094 beatus
669 5040 898 5111 Paulus,
951 5047 1480 5109 Thessalonicenscs
1532 5054 1711 5119 docet,
1781 5072 1845 5110 ae
1889 5072 1984 5127 per

2114 5060 2218 5123 τοὺς
2245 5060 2286 5091 ¹³
2316 5060 2414 5130 τῆς
2441 5060 2722 5125 εὐσεϐείας
2749 5063 3007 5132 ἐραστὰς,
3039 5063 3122 5117 ὅτι
3148 5061 3241 5133 Μὴ
3278 5059 3513 5133 νομίσητε
3540 5050 3615 5108 νῦν

2195 657 2292 705 κεν,
2307 671 2325 704 ε
2353 652 2694 721 Καϊ),όγους,
2721 653 2876 724 φησὶ,
2905 653 3038 725 πρὸς
3056 653 3147 708 τὸν
3169 655 3419 725 Ὕψιστον
3434 659 3639 734 λαλήσει,

2121 745 2217 799 καὶ
2247 746 2374 809 τοὺς
2417 745 2604 814 ἁγίους
2642 746 2899 816 Ὑψίστου
2954 745 3248 800 παλαιώσει
3271 749 3314 813 ³,
3361 753 3448 805 καὶ
3470 753 3507 817 ⁸,
3534 774 3549 806 ι
3581 758 3641 822 ὡς

2121 836 2236 890 ἔνια
2272 836 2380 891 τῶν
2418 838 2766 909 ἀντιγράφων
2797 838 2930 909 ἔχει,
2972 856 2991 890 ι
3031 838 3387 895 ταπεινώσει*
3430 847 3514 898 καὶ
3537 848 3649 901 ὐπο-

2121 930 2302 999 νοήσει
2330 929 2424 983 τοῦ
2447 931 2468 961 ⁸
2503 929 2795 983 ἀλλοιῶσαι
2823 928 3043 1002 καιροὺς
3060 929 3158 982 καὶ
3180 930 3358 1001 νόμον.
3386 952 3403 985 ι
3432 935 3642 1010 Τοσαύτη

2120 1020 2250 1092 γὰρ,
2284 1020 2438 1091 φησὶ,
2485 1020 2657 1091 λύσσῃ
2686 1021 2950 1091 χρήσεται
2992 1020 3088 1074 καὶ
3122 1020 3308 1092 μανίᾳ,
3339 1022 3410 1085 ὡς
3437 1024 3645 1091 ἀλαζονι-

2120 1111 2249 1172 κοὺς
2283 1110 2381 1180 μὲν
2406 1110 2499 1163 καὶ
2528 1110 2882 1182 βλασφήμους
2907 1110 3098 1180 λόγους
3124 1096 3400 1166 ἀκοντίσαι
3421 1116 3546 1169 κατὰ
3569 1117 3643 1170 τοῦ

2119 1202 2344 1271 ὑψίστου
2377 1202 2535 1270 Θεοῦ,
2564 1205 2671 1257 πᾶν
2699 1203 2755 1257 δὲ
2788 1199 2927 1268 εἶδος
2946 1203 2968 1235 ⁸
2999 1206 3271 1277 τιμωρίας
3295 1209 3402 1269 τοῖς
3430 1207 3646 1274 εὐνοϊκῶς

2118 1294 2266 1364 αὐτῷ
2299 1294 2610 1348 δουλεύουσι
2645 1296 2738 1350 καὶ
2777 1296 3087 1368 ἁγιωσύνης
3119 1296 3426 1367 μετέχουσιν
3467 1300 3644 1367 ἐπαγα-

2115 1389 2266 1456 γεῖνο
2319 1388 2651 1460 ὑποτοπήσει
2687 1389 2766 1452 δὲ,
2798 1388 2872 1452 ὡς
2902 1389 2997 1442 καὶ
3031 1388 3347 1443 παντάπασι
3391 1390 3645 1446 καταλύσει

2114 1481 2216 1550 τὴν
2269 1479 2576 1552 κρατοῦσαν
2618 1480 2921 1546 εὐσέϐειαν,
2970 1481 3065 1536 καὶ
3096 1480 3195 1553 τὴν
3247 1481 3466 1552 ἀρίστην
3507 1483 3645 1551 αὐτῆς

2116 1572 2393 1625 πολιτείαν
2446 1572 2733 1643 ἀμείψει⁷.
2780 1573 2950 1627 Τοῦτο
2990 1572 3100 1645 γὰρ
3149 1571 3366 1644 ᾐνίξατο
3411 1573 3646 1645 εἰρηκώς*

2120 1682 2139 1714 ι
2194 1663 2515 1735 Ὑπονοήσει
2560 1662 2655 1716 τοῦ
2687 1663 2978 1717 ἀλλοιῶσαι
3006 1665 3234 1735 καιροὺς
3281 1664 3373 1717 καὶ
3419 1664 3595 1735 νόμον·
3623 1685 3640 1716 ι

2114 1754 2380 1818 τουτέστι,
2407 1754 2507 1824 τὴν
2531 1756 2654 1807 κατ’
2680 1754 2887 1807 ἐκεῖνον
2908 1754 2998 1808 τὸν
3027 1755 3218 1831 καιρὸν
3239 1755 3550 1825 κατέχουσαν
3570 1773 3644 1809 πο·

2114 1845 2336 1899 λιτείαν.
2371 1843 2503 1898 Εἶτα
2532 1844 2756 1913 ὲπάγει’
2793 1862 2813 1896 ι
2855 1846 2967 1899 Καὶ
2998 1845 3291 1923 δοθήσεται
3325 1848 3381 1899 ὲν
3412 1847 3542 1916 χειρὶ
3569 1847 3643 1900 αὖε

2113 1935 2228 1991 τοῦ.
2267 1955 2286 1988 ι
2322 1936 2603 2002 Τουτέστι,
2631 1940 2973 2009 συγχωρήσει
3006 1940 3038 2010 ή
3064 1936 3161 1992 τοῦ
3188 1938 3326 1992 Θεοῦ
3355 1941 3640 2011 προμήθεια*

2113 2031 2215 2088 καὶ
2239 2030 2452 2094 δεικνὺς
2474 2029 2574 2100 τῆς
2605 2029 2715 2084 τῶν
2740 2030 2929 2083 κακῶν
2954 2030 3181 2084 ἐκείνων
3210 2029 3415 2101 ἁωρίας
3432 2031 3514 2083 τδν
3539 2032 3641 2100 χρόα

2112 2137 2201 2175 νον
2221 2136 2236 2154 ο
2274 2139 2292 2172 ι
2326 2119 2400 2172 O6
2421 2118 2530 2190 γὰρ
2553 2121 2633 2183 είς
2651 2119 2806 2183 τέλος
2827 2119 3255 2190 ὲπιλησθήσεται
3278 2122 3307 2172 6
3335 2120 3547 2189 πτωχὸς,
3566 2121 3642 2174 καὶ

2111 2217 2145 2286 ὴ
2205 2212 2452 2284 ὑπομονὴ
2508 2211 2615 2265 τῶν
2672 2212 2920 2282 πενήτων
2977 2212 3078 2265 οὐκ
3131 2212 3407 2265 ἀπολεῖται
3460 2213 3530 2275 εἰς
3570 2212 3642 2264 τὸν

2111 2303 2354 2364 αἰῶναε·
2395 2322 2414 2355 ι
2451 2301 2688 2374 εἰρηκώς
2710 2320 2722 2333 ·
2773 2322 2791 2355 ι
2826 2302 3124 2374 Δοθήσεται
3164 2305 3224 2356 ὲν
3263 2302 3405 2373 χειρὶ
3434 2301 3595 2365 αὐτοῦ,
3621 2320 3638 2354 ι

2110 2398 2424 2468 ἐπήγαγεν·
2466 2414 2484 2447 ι
2529 2395 2674 2457 Ἕως
2709 2392 2923 2462 καιροῦ,
2966 2392 3064 2447 καὶ
3112 2393 3346 2464 καιρῶν,
3380 2392 3469 2447 καὶ
3503 2393 3639 2462 ήμισυ

2109 2488 2323 2560 καιροῦ.
2359 2507 2377 2541 ι
2420 2485 2592 2540 Τοῦτο
2614 2486 2672 2540 δὲ
2699 2486 3034 2556 σαφέστερον
3066 2486 3124 2538 ὲν
3153 2484 3235 2555 τῷ
3258 2484 3400 2538 τέλει
3423 2483 3515 2553 τῆς
3538 2500 3638 2554 προ·

2109 2579 2336 2649 φητείας
2365 2579 2514 2648 ἡμᾶς
2556 2576 2815 2642 ἐδίδαξεν.
2872 2594 2891 2627 ι
2936 2575 3070 2630 Ἀπὸ
3119 2576 3317 2646 καιροῦ
3359 2575 3480 2644 γὰρ,
3517 2574 3638 2644 φησὶ.

2108 2667 2498 2739 παραλλάξεως
2526 2667 2618 2720 τοῦ
2648 2664 3050 2737 ὲνδελεχισμοῦ,
3085 2667 3182 2720 καὶ
3209 2663 3462 2735 δοθῆναι*
3493 2662 3633 2733 βδέλυ·

2106 2776 2224 2829 γμα
2268 2757 2639 2829 ἐρημώσεως,
2696 2756 2899 2827 ἡμέραι
2942 2756 3111 2826 χίλιαι
3155 2755 3421 2810 διακόσιαι
3463 2754 3638 2823 ὲννενή·

2107 2867 2291 2903 κοντα.
2342 2868 2361 2900 ι
2404 2846 2611 2918 Καιρὸν
2636 2847 2679 2878 ¹⁰
2723 2840 2854 2910 οῦν,
2910 2847 3007 2901 καὶ
3060 2846 3325 2918 καιροὺς,
3369 2846 3457 2899 καὶ
3502 2845 3636 2914 ἥμισυ

2105 2939 2322 3012 καιροῦ,
2354 2939 2479 3011 τρία
2507 2940 2679 3010 ἥμισυ
2720 2937 2815 3010 ἔτη
2846 2936 3016 3008 λέγει,
3052 2937 3088 2992 ἃ
3131 2937 3195 2992 τὸ
3226 2937 3387 3010 κέρας
3415 2939 3568 2991 έκεῖνο
3591 2934 3637 2988 τὺ

2104 3032 2298 3087 λαλοῦν
2333 3029 2547 3103 μεγάλα
2574 3030 2861 3102 κρατήσει.

2175 3233 2287 3298 σις’.
2327 3251 2346 3284 ι
2389 3230 2550 3285 Ἀλλὰ
2583 3231 2644 3284 τὸ
2678 3230 2981 3303 κριτήριον,
3017 3228 3209 3300 φησιν,
3244 3225 3456 3281 ἐκάθισε
3478 3227 3534 3290 ¹¹,
3562 3221 3637 3277 καὶ

2099 3322 2199 3393 τὴν
2244 3323 2418 3394 ἀρχὴν
2462 3321 2624 3376 αὑτοῦ
2670 3321 3093 3392 μεταστήσουσι,
3141 3318 3237 3373 τοῦ
3282 3317 3525 3388 ἀφανίσαι
3562 3315 3635 3370 καὶ

2099 3413 2194 3468 τοῦ
2220 3415 2262 3445 ⁸⁸
2295 3413 2556 3467 ἀπολέσαι
2587 3411 2693 3476 ἓως
2717 3410 2923 3475 τέλους.
2967 3429 2985 3463 ι
3026 3408 3202 3464 Τοῦτο
3233 3408 3292 3463 δὲ
3319 3410 3409 3463 καὶ
3435 3410 3462 3462 6
3492 3406 3636 3478 μακά-

2102 3520 2219 3575 ριος
2265 3505 2412 3574 ἡμᾶς
2468 3503 2656 3569 σαφῶς
2710 3503 2921 3569 ἐδίδαξε
2966 3503 3204 3568 Παῦλος.
3268 3502 3509 3576 Εἰρηκὼς
3549 3499 3635 3573 γὰρ

2102 3595 2287 3649 ἐκεῖνα
2333 3594 2370 3649 ἃ
2423 3578 2833 3666 προειρήκαμεν
2858 3595 2923 3659 ¹¹,
2958 3595 3278 3668 προσέθηκε
3325 3596 3416 3651 καὶ
3461 3592 3631 3649 ταῦτα·

489 5222 514 5248 ο
540 5215 680 5273 Psal.
712 5235 790 5282 rx,
828 5221 892 5275 l9
991 5233 1018 5273 Ρ
1055 5227 1188 5280 Dan.
1226 5244 1321 5294 xu,
1348 5230 1433 5286 ll.
1513 5243 1539 5282 (1
1580 5233 1621 5287 ll
1655 5232 1846 5290 Thess.
1878 5251 1937 5302 ιι,
1975 5236 2005 5288 7

2114 5276 2127 5293 .
2208 5248 2229 5274 ι’
2268 5237 2456 5295 Matth.
2503 5256 2650 5305 axrv,
2684 5243 2747 5296 H

1720 5387 1953 5446 VARIIE
1980 5390 2387 5449 LECTIONES.

450 5509 1091 5610 "fil-sli-Jlgﬁjiu.”
1112 5515 1292 5610 ἰιξιαί
1318 5515 1359 5571 Β
1380 5519 1465 5610 .71.“
1501 5523 1675 5610 τοῦ.
1710 5522 1786 5579 Ex
1816 5526 1862 5579 A
1891 5536 1957 5610 et
1977 5529 2020 5580 B
2049 5528 2227 5610 suppl.
2298 5525 2453 5610 f_ai6.
2480 5532 2607 5610 lt_i__B
2637 5541 2998 5610 postemwp.
3030 5533 3266 5610 ponitur.
3330 5533 3379 5610 _’
3404 5531 3441 5587 Β
3468 5526 3599 5610 ἀμεί-

404 5573 805 5674 ᾖείαιλαοξ-τον
830 5573 1092 5674 ﬁgitﬁgit
1105 5584 1308 5674 ,τέλοςι
1347 5573 1466 5674 “⁹’Β
1497 5590 1800 5674 δοθήσεται.
1974 5573 2184 5674 -καιρὲξ
2203 5631 2273 5641 —
2629 5573 3266 5668 si‘rratiliangt'an'tui'nfra’;
3282 5601 3347 5659 ad
3373 5618 3418 5658 c.
3442 5573 3594 5674 xui-7.

438 5645 525 5748 ‘MA
560 5649 790 5748 κισεθξῖῇις
843 5652 1227 5748 ..δὀτολῖίχρεξ.
1262 5656 1406 5748 ίξβ.
1518 5642 1672 5748 ¹ξ.ὲ’κ.
1701 5663 1851 5739 amp.
1888 5642 2225 5739 νίιιῖἓιῖιὶὖτι,
2263 5642 2600 5728 οάᾋοὲὲῖἓῗ
2629 5642 2829 5729 ”’ῖῗίὶῖ
2848 5642 3477 5747 ἔιῖοἷὲῗξξὶῗὲῗλῗλῆἱετ
3496 5672 3525 5724 ι.
3551 5681 3590 5720 c.

461 5730 509 5781 3.
590 5719 630 5748 ¹⁸
665 5719 806 5783 τούς.
843 5719 898 5776 In
925 5722 962 5775 Β
995 5734 1117 5794 post
1142 5727 1418 5792 εὐσεΰείας
1442 5733 1678 5800 penitur.

408 5711 424 5765 l

432 5732 439 5745 ι
446 5734 447 5745 l

431 5751 447 5765 ι
