3898 6208
405 329 546 398 1435

1382 332 1873 396 THEODORETI
1911 329 2250 393 EPISCOPI
2282 331 2648 396 CYRENSIS

3481 333 3591 402 1436

479 443 640 501 Vns.
670 445 761 501 27.
791 444 886 501 «ιιι
919 460 1168 518 regnum,
1197 455 1252 502 et
1290 455 1551 516 potestas,
1577 453 1632 504 et
1659 443 1976 515 magnitudo

2149 444 2253 509 κζ’.
2296 461 2316 496 ι
2351 444 2521 516 Καὶή
2569 441 2836 514 βασιλεία,
2877 441 2968 498 καὶ
3001 443 3035 515 ἠ
3077 441 3307 508 ἐξουσία,
3341 445 3428 506 καὶ
3456 447 3486 517 ἡ
3518 467 3596 518 με.

403 555 592 612 regum
626 539 717 611 qui
755 545 884 595 sunt
909 539 1012 597 sub
1043 537 1193 592 omni
1225 538 1387 602 coelo,
1421 538 1549 594 data
1585 546 1715 594 sunt
1759 538 1973 594 sanctis

403 631 688 696 Altissimi,
735 639 790 685 et
837 645 1066 700 regnum
1117 631 1238 700 ejus
1300 645 1524 701 regnum
1573 641 1858 692 aeternum,
1919 636 1975 683 et

406 736 599 776 omnes
631 720 970 790 principatus
1003 721 1105 790 ipsi
1136 719 1372 776 servient
1400 728 1456 776 et
1497 722 1774 776 obedient.
1820 719 1971 775 Huc-

407 828 580 882 usque
633 812 757 866 linis
797 813 968 868 verbi.
995 831 1013 864 ι
1046 812 1158 868 Hoc
1192 823 1298 876 est,
1347 814 1589 868 omnium
1638 828 1819 866 rerum
1873 813 1974 866 Ιιιιο

400 906 559 973 jusee
596 905 718 958 vita:
753 905 840 958 hic
875 914 960 960 est
993 904 1138 970 linis,
1180 913 1240 960 ut
1290 905 1543 961 deliciant
1585 905 1768 959 omnia
1819 913 1977 960 terra;

405 1011 593 1064 regna,
621 995 977 1066 tradaturque
1015 997 1221 1052 sanctis
1259 997 1522 1052 Altissimi
1559 1012 1786 1067 regnum
1817 1007 1974 1050 aeter-

405 1097 560 1144 num,
597 1097 660 1136 ac
691 1095 986 1149 regnantes
1011 1085 1059 1140 ei
1092 1086 1370 1148 obediant,
1400 1095 1453 1140 et
1475 1087 1651 1140 amics
1680 1087 1927 1141 serviant
1954 1105 1967 1140 :

405 1179 486 1226 est
511 1172 656 1227 enim
682 1189 919 1243 perenne
948 1191 1173 1246 regnum
1203 1177 1344 1244 ejus,
1377 1193 1438 1230 ac
1479 1177 1584 1232 line
1609 1193 1822 1232 carens.
1857 1175 1972 1249 [28]

405 1263 502 1318 llis
529 1264 752 1326 auditis,
799 1266 998 1336 inquit,
1029 1283 1128 1336 ego
1157 1267 1345 1324 Daniel
1384 1279 1593 1324 terrore
1622 1270 1793 1325 multo
1825 1285 1976 1325 eom-

405 1356 588 1423 pletus
620 1372 762 1420 sum,
798 1365 856 1411 ut
895 1374 960 1414 ne
987 1360 1353 1428 cogitationes
1388 1361 1604 1430 quidem
1629 1376 1761 1416 meae
1801 1362 1854 1416 in
1892 1377 1978 1418 me

406 1444 774 1512 quiescerent,
840 1447 934 1502 sed
983 1450 1473 1516 confunderentur,
1514 1459 1568 1505 et
1622 1453 1968 1508 cnntinenter

407 1537 884 1601 conturbarentur,
911 1546 964 1592 et
993 1538 1168 1594 forma
1191 1554 1306 1594 mea
1327 1543 1554 1595 multum
1593 1543 1696 1596 hac
1719 1543 1786 1597 de
1803 1558 1974 1598 causa

407 1624 810 1681 immutaretur.
863 1629 1247 1690 Verumtamen
1295 1639 1550 1708 mysteria
1576 1638 1705 1692 mihi
1751 1646 1974 1693 ostensa

411 1714 552 1768 haud
581 1719 782 1786 passim
821 1720 1112 1792 divulgavi,
1141 1727 1234 1781 sed
1263 1729 1280 1750 '
1323 1727 1378 1781 in
1409 1729 1574 1784 corde
1608 1744 1727 1784 meo
1751 1745 1813 1784 ea
1848 1746 1978 1784 con-

409 1807 716 1863 servabam.
751 1809 948 1867 Beatus
973 1815 1137 1884 igitur
1161 1816 1348 1873 Daniel
1376 1820 1490 1874 haec
1510 1836 1610 1875 nos
1636 1821 1840 1876 docuit.
1863 1823 1979 1892 Ego

411 1906 611 1964 autem,
644 1902 695 1954 in
736 1908 989 1971 presenti
1029 1908 1233 1964 omissa
1267 1909 1575 1966 Judzeorum
1609 1915 1976 1978 accusatione,

413 1991 761 2045 vehementer
813 1996 1054 2052 admiror
1105 2001 1367 2069 quosdam
1415 2004 1633 2072 pietatis
1688 2007 1980 2073 magistros

408 2086 656 2144 quartam
709 2082 933 2138 bestiam
976 2102 1203 2143 vocasse
1263 2105 1486 2160 regnum
1541 2091 1975 2148 Macedonicum.

409 2166 662 2237 (lportuit
695 2172 838 2225 enim
877 2175 1027 2244 ipsos
1071 2177 1306 2246 primum
1350 2180 1719 2244 considerare,
1764 2183 1981 2236 tertiam

409 2258 634 2313 bestiam
667 2274 902 2330 quatuor
930 2265 1188 2324 habuisse
1211 2269 1386 2338 capita
1413 2287 1426 2335 ;
1453 2271 1595 2341 quod
1629 2281 1813 2341 aperte
1833 2273 1978 2327 indi-

411 2351 569 2406 rabat
596 2353 808 2425 1210
842 2366 964 2426 post
981 2359 1273 2416 Alexandri
1291 2363 1499 2418 obitum
1522 2365 1978 2434 quadripartitam

409 2441 558 2510 regni
600 2445 947 2502 divisionem.
993 2447 1195 2506 Deinde
1246 2453 1788 2510 animadvertendum
1835 2469 1974 2520 erat,

405 2539 459 2584 et
491 2543 738 2601 quartam
763 2536 990 2592 bestiam
1020 2541 1212 2595 eodem
1244 2549 1488 2612 tempore
1508 2545 1696 2601 decem
1721 2546 1982 2602 habuisse

406 2635 634 2686 cornua,
673 2631 728 2678 et
755 2640 981 2696 parvum
1013 2643 1182 2684 cornu
1219 2632 1319 2684 tria
1354 2633 1534 2701 priora
1575 2651 1781 2690 cornua
1833 2637 1983 2691 radi-

406 2715 548 2769 citus
575 2718 860 2782 evulsisse,
894 2729 949 2775 et
983 2731 1242 2792 quatuor,
1277 2740 1384 2779 non
1423 2726 1610 2782 decem
1659 2744 1815 2798 reges
1853 2730 1982 2785 Ale-

407 2807 601 2862 xandri
633 2824 860 2879 regnum
891 2814 1188 2883 excepisse.
1231 2815 1412 2886 thue
1479 2819 1603 2873 aliis
1647 2821 1865 2876 omissis
1910 2822 1978 2876 ad

409 2896 568 2952 ﬁnem
609 2903 942 2970 perveniam,
987 2904 1124 2959 illud
1171 2907 1334 2961 etiam
1369 2909 1533 2964 simul
1573 2909 1979 2980 inspiciendum

405 2998 545 3056 erat,
573 2991 781 3049 dixisse
815 2995 1160 3066 prophetam,
1193 3007 1318 3068 post
1347 3008 1556 3069 quartae
1589 3000 1777 3056 bestiae
1810 3001 1982 3057 inter-

2073 535 2360 605 γαλωσύνη
2408 537 2518 588 τῶν
2574 535 2840 606 βασιλέων
2870 535 2978 588 τῶν
3011 534 3264 590 ὑποκάτω
3298 537 3479 600 παντὸς
3515 539 3593 592 τοῦ

2073 627 2303 698 οὐρανοῦ
2335 627 2492 697 ἐδόθη
2522 628 2700 696 ἁγίοις
2747 626 3006 697 Ὑψίστου
3028 644 3043 659 ’
3079 628 3175 682 καὶ
3213 629 3247 700 η
3277 627 3498 699 βασιλεία
3519 632 3596 688 αύ-

2072 718 2168 774 τοῦ
2200 719 2446 790 βασιλεία
2471 718 2710 784 αίὼνιος,
2751 721 2846 774 καὶ
2869 721 3039 774 πᾶσαι
3063 719 3117 774 αἱ
3149 721 3312 790 ἀρχαὶ
3342 721 3477 792 αὐτῷ
3503 723 3601 776 δου-

2073 810 2324 864 λεύσουσι
2373 811 2466 864 καὶ
2504 811 2934 866 ὑπακούσονται·
2981 812 3084 876 ἕως
3110 813 3176 843 ³⁸·
3220 803 3320 864 ὧδε
3364 811 3421 864 τὸ
3457 813 3602 885 πέρας

2073 919 2166 956 του
2200 901 2380 968 λόγου.
2418 921 2436 954 ι
2475 903 2755 966 Τουτέστι,
2783 903 3002 958 πάντων
3033 903 3140 956 τῶν
3167 901 3261 955 τοῦ
3293 902 3400 972 βίου
3422 905 3463 937 ⁸⁸
3488 923 3606 974 πρα-

2075 994 2301 1062 γμάτων
2333 993 2492 1048 τοῦτο
2519 995 2580 1048 τὸ
2622 995 2772 1060 τέλος
2795 1011 2808 1026 ο
2841 994 2902 1049 τὸ
2935 995 3250 1049 παύσασθαι
3292 996 3386 1066 μὲν
3419 995 3605 1060 ἁπάσας

2073 1067 2174 1154 τῆς
2199 1083 2302 1154 γῆς
2317 1085 2361 1116 ’⁷
2384 1084 2481 1151 τὰς
2504 1085 2806 1155 βασιλείας,
2824 1085 3040 1156 δοθῆναι
3059 1086 3116 1141 δὲ
3143 1090 3258 1152 τοῖς
3272 1087 3361 1140 τοῦ
3386 1087 3608 1156 Ὑψίστου

2079 1174 2257 1243 ἁγίοις
2337 1174 2436 1246 τὴν
2471 1174 2686 1230 αἰώνιον
2763 1177 3074 1248 βασιλείαν·
3140 1177 3508 1246 βασιλεύοντας
3566 1177 3612 1229 δὲ

2077 1266 2374 1321 ὑπακούειν
2428 1267 2578 1340 αὐτῷ
2619 1270 2712 1322 καὶ
2763 1267 3036 1324 δουλεύειν
3087 1268 3376 1332 εὐνοῖκῶςο
3427 1270 3612 1331 αἰώνιος

2076 1356 2184 1428 γὰρ
2218 1357 2382 1414 αὐτοῦ
2415 1359 2446 1428 ή
2485 1357 2746 1428 βασιλεία,
2785 1359 2879 1413 καὶ
2917 1359 2979 1414 τὸ
2995 1359 3040 1391 ’⁸
3081 1359 3236 1422 τέλος
3264 1360 3322 1412 ού
3361 1359 3612 1430 δεχομένη.

2078 1449 2296 1503 Τούτων
2331 1449 2592 1514 ἀκούσας,
2627 1450 2812 1519 φησιν,
2849 1448 2960 1518 ἐγὼ
3003 1449 3202 1520 Δανιὴλ
3237 1450 3388 1512 δέους
3426 1449 3618 1518 ἐνεπλή-

2080 1539 2214 1610 σθην
2251 1541 2467 1604 πολλοῦ,
2499 1541 2576 1604 ὡς
2609 1542 2744 1613 μήτε
2786 1543 2910 1604 τοὺς
2948 1541 3241 1611 λογισμοὺς
3269 1539 3545 1610 ἡσυχάζειν
3571 1541 3618 1592 ὲν

2081 1633 2226 1701 ἐμοὶ,
2261 1632 2397 1686 ἀλλὰ
2423 1632 2730 1697 κυκᾶσθαι,
2764 1634 2858 1686 καὶ
2878 1633 2923 1664 ²⁹
2967 1632 3234 1702 διηνεκῶς
3266 1630 3616 1702 ταράττεσθαι,

2079 1723 2172 1776 καὶ
2202 1722 2300 1794 τὴν
2332 1724 2549 1794 μορφήν
2589 1741 2688 1793 μου
2716 1723 2919 1793 πολλὴν
2961 1723 3250 1776 ἀλλοίωσιν
3287 1721 3523 1775 ἐντεῦθεν
3549 1721 3620 1774 8s-

2084 1813 2295 1878 ξασθαι.
2354 1813 2491 1868 Ἀλλ’
2533 1813 2682 1884 ὅμως
2730 1813 2830 1866 οὒκ
2878 1813 3127 1866 ἔκπυστα
3159 1813 3206 1844 ³ο
3262 1811 3524 1882 πεποίηκα
3563 1810 3619 1864 τὰ

2082 1905 2462 1976 ύποδειχθέντα
2513 1922 2602 1976 μοι
2623 1905 2665 1935 ³⁸
2716 1906 3022 1975 μυστήρια,
3075 1903 3195 1958 ἀλλ’
3233 1905 3292 1956 ὲν
3339 1905 3402 1972 τῇ
3453 1900 3620 1972 καρδίᾳ

2079 1996 2261 2067 τηρῶν
2296 1997 2435 2050 αὐτὰ
2466 1996 2756 2050 διετέλουν.
2790 1996 2848 2048 '0
2887 1996 2984 2066 μὲν
3024 1992 3118 2050 οὖν
3157 1995 3422 2066 μακάριος
3454 1992 3622 2062 Δανιὴλ

2079 2086 2251 2140 ταῦτα
2300 2087 2449 2156 ἡμᾶς
2515 2085 2770 2149 ἐδίδαξεν.
2837 2085 2976 2153 Ἐγὼ
3026 2085 3084 2138 δὲ
3131 2086 3245 2140 τῶν
3285 2086 3328 2116 ³³
3391 2083 3622 2136 Ἰουδαίων

2083 2177 2420 2247 κατηγορίαν
2444 2177 2538 2229 ἐπὶ
2563 2176 2657 2230 τοῦ
2683 2177 2949 2248 παρόντος
2969 2177 3151 2246 ἀφεὶς,
3175 2173 3438 2245 θαυμάζω
3456 2174 3621 2244 κομιδῇ

2079 2268 2186 2322 τῶν
2217 2268 2316 2338 τῆς
2361 2267 2644 2332 εὐσεϐείας
2690 2268 3024 2322 διδασκάλων
3068 2269 3225 2330 τινὰς
3274 2265 3622 2334 Μακεδονικὴν

2083 2365 2360 2436 βασιλείαν
2406 2363 2466 2422 τὸ
2497 2364 2760 2435 τέταρτον
2807 2362 2994 2433 θηρίον
3031 2361 3503 2422 ἁποκαλέσαντας·
3537 2359 3624 2412 ἔδει

2079 2459 2188 2530 γὰρ
2219 2458 2418 2522 αὐτοὺς
2443 2458 2696 2520 συνιδεῖν,
2743 2455 2961 2527 πρῶτον
2995 2455 3116 2525 μὲν,
3146 2455 3235 2507 ὅτι
3263 2454 3325 2506 τὸ
3352 2452 3523 2523 τρίτον
3547 2450 3624 2518 θηο

2083 2551 2198 2623 ρίον
2226 2549 2501 2620 τέσσαρας
2534 2544 2648 2619 εἶχε
2674 2549 2718 2582 ³³
2765 2547 3030 2617 κεφαλάς,
3059 2546 3086 2599 ὃ
3121 2545 3311 2612 σαφῶς
3344 2543 3517 2614 ἐδήλου
3547 2539 3624 2610 τὴν

2080 2643 2453 2714 γεγενημένην
2501 2642 2640 2713 μετὰ
2669 2641 2768 2712 τὴν
2808 2638 2903 2694 τοῦ
2925 2639 2972 2670 ⁸⁸
3008 2638 3364 2708 Ἀλεξάνδρου
3401 2635 3625 2703 τελευτὴν

2080 2734 2179 2804 τῆς
2211 2733 2488 2804 βασιλείας
2516 2733 2596 2796 είς
2624 2732 2868 2802 τέσσαρα
2901 2731 3042 2802 μέρη
3068 2731 3363 2800 διαίρεσιν·
3387 2728 3562 2783 ἔπειτα
3581 2726 3627 2779 δὲ

2082 2824 2376 2894 προσέχειν
2403 2822 2532 2884 ἔδει,
2569 2823 2652 2876 ὅτι
2668 2821 2714 2854 ³⁸
2758 2819 2857 2876 καὶ
2886 2819 2951 2873 τδ
2983 2819 3249 2891 τέταρτον
3296 2818 3480 2889 θηρίον
3517 2815 3628 2868 δέκα

2081 2913 2225 2968 κατὰ
2249 2913 2443 2968 ταύτδν
2487 2911 2698 2984 κέρατα
2739 2910 2920 2981 ἔσχεν,
2953 2911 3051 2964 καὶ
3070 2911 3115 2943 ³⁸
3147 2910 3212 2964 τὸ
3258 2907 3450 2981 μικρὸν
3486 2906 3627 2977 κέρας

2081 3007 2232 3075 τρεῖς
2275 3003 2571 3075 ὲκριζῶσαι
2617 3002 2726 3058 τῶν
2754 3001 2861 3072 πρὸ
2905 3000 3100 3054 αὐτοῦ*
3132 3001 3403 3070 τέσσαρες
3436 2999 3510 3061 δὲ,
3534 2996 3628 3050 ἀλλ’

410 3084 544 3138 itum
583 3087 792 3143 sanctis
839 3089 1109 3144 Altissimi
1147 3105 1376 3161 regnum
1429 3092 1692 3147 traditum
1731 3093 1819 3147 iri.
1859 3092 1977 3159 Qua

2081 3095 2143 3148 ού
2175 3094 2306 3148 δέκα
2355 3094 2592 3164 βασιλεῖς
2638 3092 2737 3164 τὴν
2785 3090 3136 3162 Ἀλεξάνδρου
3173 3088 3452 3160 βασιλείαν
3491 3083 3631 3141 διεδέ-

407 3175 476 3228 de
501 3189 667 3229 causa
691 3177 856 3232 etiam
879 3177 1149 3248 judicium
1171 3181 1313 3237 sedit
1338 3199 1350 3233 :
1374 3181 1552 3237 sancti
1590 3189 1770 3238 autem
1809 3183 1978 3239 Altis-

409 3265 533 3320 simi
559 3282 664 3321 non
694 3276 814 3336 post
837 3270 1164 3326 Antiochum
1202 3271 1530 3343 Epiphanem
1561 3287 1788 3343 regnum
1813 3288 1980 3330 exce-

413 3365 629 3427 perunt.
669 3358 826 3425 Quod
859 3361 906 3416 si
949 3363 1252 3432 potentiam
1297 3365 1587 3435 quamdam
1633 3365 1816 3435 adepti
1850 3375 1982 3421 sunt

410 3449 554 3503 beati
608 3448 923 3516 Machabmi,
982 3467 1090 3508 non
1144 3463 1323 3510 tamen
1386 3453 1595 3509 diutius
1656 3465 1978 3526 regnarunt.

407 3536 576 3594 Judas
604 3541 747 3594 enim
779 3556 874 3611 per
897 3550 1008 3598 tres
1047 3558 1224 3599 annos
1245 3543 1534 3614 prmlectus
1556 3543 1680 3608 fuit,
1707 3543 1981 3601 Jonatbau

411 3629 766 3700 undeviginti,
802 3631 989 3688 Simon
1020 3641 1144 3688 octo
1176 3651 1192 3701 ;
1224 3635 1314 3688 alii
1337 3649 1488 3699 vero,
1519 3651 1589 3690 ne
1616 3637 1833 3708 singula
1858 3653 1984 3708 per-

411 3737 638 3778 currens
681 3724 962 3794 prolixiori
1022 3734 1148 3781 utar
1203 3727 1469 3792 oratione,
1521 3743 1644 3783 cum
1693 3743 1985 3798 parumper

413 3825 753 3884 regnassent,
779 3817 862 3871 vel
889 3827 1062 3872 morte
1089 3817 1344 3874 exstincti
1383 3825 1532 3884 sunt,
1551 3819 1630 3874 vel
1652 3820 1982 3876 calamitati-

413 3905 514 3959 lius
557 3906 886 3975 quibusdam
936 3908 1140 3975 allecti,
1199 3909 1430 3980 imperio
1483 3913 1731 3966 viventes
1779 3911 1982 3982 privati

414 3993 584 4049 luere.
625 3994 841 4065 Alioqui
869 4010 936 4049 ne
957 4011 1149 4052 omnes
1170 3999 1388 4068 quidem
1416 3998 1505 4054 isti
1540 3999 1760 4054 fuerunt
1780 4001 1980 4067 sancti,

410 4103 538 4140 cum
577 4090 797 4157 quidam
855 4087 908 4142 in
959 4087 1070 4143 illis
1117 4089 1349 4158 improbi
1402 4091 1716 4144 exstiterint
1767 4098 1872 4146 :et
1925 4098 1984 4148 ut

2087 3185 2266 3252 ξαντο.
2293 3186 2404 3240 Καὶ
2433 3186 2520 3240 ἵνα
2539 3183 2608 3238 τὰ
2631 3183 2768 3238 ἄλλα
2787 3180 3101 3237 καταλιπὼν
3123 3180 3221 3234 ἐπὶ
3247 3180 3309 3234 τὸ
3331 3179 3478 3243 τέλος
3497 3176 3630 3238 ἔλθω,

2085 3277 2192 3332 ἔδει
2223 3277 2318 3332 καὶ
2347 3277 2502 3330 τοῦτο
2549 3275 2802 3339 συνιδεῖν,
2836 3275 2920 3328 ὅτι
2951 3273 3090 3344 μετὰ
3135 3271 3234 3325 τοῦ
3273 3271 3522 3341 τετάρτου
3551 3267 3632 3336 θη·

2089 3368 2206 3440 ρίου
2251 3369 2352 3438 τὴν
2381 3369 2661 3438 ἀναίρεσιν
2677 3367 2721 3400 ³⁷
2755 3367 2868 3430 τοῖς
2907 3364 3087 3434 ἁγίοις
3131 3364 3232 3420 τοῦ
3279 3363 3527 3434 Ὑψίστου
3551 3360 3633 3430 τὴν

2090 3458 2366 3532 βασιλείαν
2407 3459 2511 3530 εφη
2552 3457 2875 3529 δοθήσεσθαι
2900 3456 2966 3510 ³⁸.
3001 3455 3093 3510 Διὸ
3139 3455 3238 3510 καὶ
3277 3455 3340 3508 τὸ
3381 3453 3632 3525 κριτήριον

2088 3551 2370 3606 ἐκάθισεν·
2401 3550 2452 3603 οῐ
2479 3549 2538 3604 δὲ
2574 3548 2722 3618 ἅγιοι
2748 3547 2843 3602 τοῦ
2889 3547 3147 3618 Ὑψίστου
3181 3547 3246 3600 οὐ
3282 3544 3420 3615 μετά
3461 3542 3634 3596 Ἄντίο-

2087 3659 2182 3712 χον
2201 3640 2291 3696 τὸν
2333 3640 2602 3710 Ἐπιφανῆ
2637 3639 2737 3710 τὴν
2775 3637 3048 3708 βασιλείαν
3081 3637 3356 3704 ἐδέξαντο.
3390 3636 3452 3689 Ei
3481 3629 3634 3686 δὲκαὶ

2091 3733 2245 3806 ίσχύν
2270 3749 2392 3787 τινα
2423 3731 2614 3786 ἔλαϐον
2642 3731 2691 3785 oi
2726 3730 2987 3802 μακάριοι
3021 3727 3400 3792 Μακκαϐαῖοι,
3430 3722 3634 3778 ἀλλὀὐκ

2089 3826 2181 3879 ἐπὶ
2218 3825 2491 3878 πλεῖστον.
2532 3821 2592 3876 Ὀ
2637 3821 2736 3891 μὲν
2767 3821 2876 3892 γὰρ
2918 3820 3119 3884 Ἰούδας
3162 3819 3292 3886 τρία
3325 3815 3634 3888 ἐστρατήγη-

2089 3933 2181 3972 σεν
2210 3915 2304 3986 ἐτη
2327 3933 2342 3949 ο
2374 3915 2404 3969 ὁ
2436 3914 2492 3969 δὲ
2533 3912 2791 3970 Ἰωνάθαν
2829 3912 2984 3966 ἐννέα
3018 3913 3113 3967 καὶ
3145 3913 3310 3966 δέκα’
3341 3912 3371 3964 ὁ
3397 3910 3452 3964 δὲ
3481 3906 3635 3976 Σίμων

2088 4008 2260 4063 ὀκτώο
2282 4008 2378 4063 καί⁵
2406 4008 2456 4062 oi
2484 4006 2633 4060 ἄλλοι
2664 4006 2742 4070 δὲ,
2778 4005 2868 4060 ἵνα
2901 4005 2977 4076 μὴ
3010 4004 3134 4058 καθ’
3167 4005 3404 4060 ἕκαστον
3431 3996 3634 4064 διεξιὼν,

2093 4100 2264 4171 μῆκος
2295 4099 2620 4170 ὲργάσωμαι
2655 4095 2733 4166 τῷ
2765 4095 2929 4166 λόγῳ,
2965 4095 3144 4164 ὀλίγον
3176 4094 3305 4148 τινὰ
3340 4089 3637 4164 κρατοῦντες

411 4196 600 4236 omnes
639 4183 803 4238 etiam
830 4198 1098 4253 ponamus
1134 4192 1356 4239 sanctos
1389 4182 1579 4248 fuisse,
1607 4182 1692 4236 his
1725 4183 1977 4238 omnibus

2088 4189 2279 4262 Χρόνον
2305 4229 2320 4252 ο
2370 4189 2404 4260 ἢ
2453 4189 2532 4258 τῷ
2565 4187 2784 4258 θανάτῳ
2828 4187 3167 4252 ὲσϐέννυντο,
3217 4185 3253 4255 ἢ
3315 4175 3637 4254 περιστάσεσι

411 4275 627 4338 deletis,
669 4275 912 4332 Herodes
946 4279 1115 4331 totius
1145 4276 1344 4336 Judane
1389 4291 1484 4330 rex
1517 4275 1837 4333 declaratus.
1877 4285 1977 4330 est.

2087 4295 2196 4332 τισι
2245 4276 2445 4343 ζῶντες
2486 4277 2586 4347 τῆς
2636 4275 2932 4347 ἡγεμονίας
2974 4274 3291 4345 ἐστέρηντο.
3342 4271 3542 4333 Ἀλλως
3589 4282 3636 4318 τε

410 4367 694 4433 Quomodo
712 4373 894 4439 itaque
923 4385 1112 4424 verum
1139 4370 1265 4428 erit,
1296 4369 1438 4439 quod
1464 4368 1531 4422 ab
1553 4368 1746 4437 angelo
1775 4367 1977 4422 dictum

2092 4368 2149 4424 δὲ
2170 4369 2214 4401 ³⁸
2265 4368 2389 4422 οὕτε
2441 4368 2643 4432 πάντες
2691 4368 2900 4437 artat“
2948 4361 3125 4420 οὗτοιο
3159 4365 3293 4419 ἔνιοι
3337 4362 3444 4434 γὰρ
3470 4361 3509 4392 ⁸¹
3563 4356 3638 4410 καὶ

412 4470 515 4527 est,
541 4472 663 4532 post
701 4462 936 4518 deletum
981 4477 1151 4517 cornu
1179 4461 1332 4523 illud,
1365 4476 1593 4532 regnum
1643 4471 1712 4514 er
1738 4468 1977 4530 potesta-

2091 4459 2316 4528 πονηροὶ
2347 4461 2404 4513 ὲν
2451 4459 2633 4523 αὐτοῖς
2684 4459 3045 4532 γεγένηνται⁸
3100 4456 3190 4510 ἵνα
3235 4456 3297 4510 δὲ
3365 4454 3456 4508 καὶ
3480 4449 3637 4519 θῶμεν

410 4559 540 4618 tetu,
571 4559 626 4606 et
668 4553 1096 4624 magnitudinem
1138 4569 1347 4623 regum,
1391 4553 1486 4622 qui
1526 4560 1656 4607 sunt
1701 4551 1802 4607 sub
1834 4552 1977 4606 omni

2091 4551 2300 4614 πάντας
2332 4550 2528 4615 αὐτοὺς
2557 4550 2746 4620 ἁγίους
2769 4546 2930 4614 εἶναι,
2961 4549 3183 4611 τούτους
3218 4545 3468 4618 Ἡρώδης
3495 4557 3638 4595 κατα-

411 4644 573 4707 emlo,
606 4644 729 4698 data
759 4659 879 4700 esse
915 4644 1122 4698 sanctis
1162 4643 1451 4707 Altissimi,
1487 4653 1541 4698 et
1592 4659 1821 4713 regnum
1863 4644 1977 4712 ejus

2087 4643 2256 4705 λύσας
2314 4642 2531 4710 ἁπάσης
2590 4641 2844 4711 βασιλεὺς
2891 4639 3176 4710 ἀνεδείχθη
3222 4638 3326 4708 τῆς
3385 4632 3634 4693 Ἰουδαίας.

413 4747 634 4802 regnum
686 4734 1001 4790 αξιοι-ιιυωῖ
1040 4734 1184 4788 Nihil
1221 4735 1365 4790 enim
1416 4734 1613 4788 horum
1661 4733 1977 4790 Maehabzeis

2088 4735 2215 4798 Πῶς
2241 4735 2421 4788 τοίνυν
2456 4733 2654 4804 ἀληθὲς
2686 4734 2745 4786 τὸ
2793 4733 2898 4788 ὑπὸ
2943 4732 3039 4786 τοῦ
3071 4730 3306 4799 ἀγγέλου
3353 4725 3633 4800 είρημένον.

411 4825 688 4877 convenit.
727 4826 913 4896 Neque
958 4826 1105 4880 enim
1143 4827 1250 4880 illis
1282 4841 1508 4897 regnum
1550 4825 1821 4880 creditum
1857 4823 1977 4886 fuit,

2087 4826 2168 4879 ὅτι
2203 4824 2338 4896 μετὰ
2363 4824 2458 4895 τὴν
2486 4823 2579 4876 τοῦ
2603 4824 2832 4893 κέρατος
2861 4821 3069 4875 ἐκείνου
3103 4819 3401 4875 κατάλυσιν
3435 4819 3465 4886 ἡ
3499 4814 3633 4885 βασι-

413 4913 506 4968 scd
521 4929 642 4968 cum
662 4916 915 4972 ductores
938 4919 1212 4973 exercitus
1234 4917 1760 4981 essent,vincebant,
1779 4917 1977 4970 etcele-

2089 4915 2228 4982 λεία,
2257 4916 2348 4972 καὶ
2381 4917 2413 4985 ἡ
2444 4916 2677 4980 ἐξουσία,
2703 4915 2796 4968 καὶ
2822 4915 2855 4985 ἡ
2883 4911 3242 4983 μεγαλωσύνη
3267 4910 3374 4965 τῶν
3397 4905 3632 4978 βασιλέων

415 5019 526 5088 ιςιιι
557 5006 764 5078 1211
789 5008 947 5062 linem
963 5011 1140 5065 sortiti
1163 5019 1310 5066 sunt.
1332 5009 1680 5080 Relinquitur
1696 5009 1902 5077 itaque,
1924 5014 1977 5060 ut

2088 5005 2196 5060 τῶν
2241 5006 2495 5061 ὑποκάτω
2545 5006 2746 5068 παντὸς
2805 5005 2902 5058 τοῦ
2948 5002 3217 5074 ούρανοῦ,
3269 5000 3424 5071 ἐδόθη
3481 4996 3634 5065 ἁγίοις

409 5109 658 5170 quartam
689 5102 917 5158 bestiam
951 5103 1320 5160 Romanorum
1339 5119 1567 5175 regnum
1593 5101 1977 5170 intelligamus.

2103 5097 2379 5166 Ὑψίστου,
2429 5098 2521 5150 καὶ
2557 5098 2587 5165 ἡ
2637 5095 2880 5166 βασιλεία
2912 5094 3076 5152 αὑτοῦ
3113 5093 3361 5164 βασιλεία
3405 5090 3628 5147 αἰώνιος-ς

411 5187 568 5249 Circa
600 5193 762 5250 ﬁnem
811 5195 932 5266 ejus
972 5198 1117 5253 enim
1142 5197 1334 5254 decem
1363 5197 1556 5254 eodem
1583 5203 1828 5264 tempore
1854 5207 1977 5256 con-

2095 5188 2310 5244 Τούτων
2331 5189 2440 5259 γὰρ
2479 5188 2630 5242 οὐδὲν
2653 5188 2913 5258 ἁρμόττει
2948 5191 3059 5253 τοῖς
3093 5183 3484 5247 Μακκαϐαίοις.
3512 5178 3628 5232 Οὔτε

1681 5375 1915 5431 VARUS
1951 5370 2358 5428 LECTIONES.

485 5469 553 5542 '_'°
581 5470 686 5532 ἕως
719 5504 789 5542 έ-
815 5470 997 5542 λόγου.
1030 5471 1154 5529 Haec
1184 5477 1525 5542 constituunt
1555 5475 1770 5528 initium
1799 5469 2040 5542 vers.28
2081 5467 2224 5542 apud
2280 5464 2449 5542 LXX,
2471 5472 2523 5518 et
2554 5465 2605 5542 i_n
2639 5460 3007 5542 textuACliald.
3076 5459 3130 5540 f‘
3233 5455 3373 5542 κατά
3398 5455 3479 5542 τὸν

410 5543 452 5616 ff
489 5540 528 5592 Β
555 5526 785 5616 τῆς-γῆς
816 5526 1627 5616 ἀπ’άᾲήςῖέάοςτᾉ,Πέέξίἧᾲιιξ
1673 5526 1912 5616 Mutet
1937 5526 2134 5616 deinde
2160 5526 2530 5616 3apétt.-tjens.
2568 5536 2636 5616 in‘
2651 5534 2708 5616 ιι..
2771 5532 2815 5564 ³ο
2845 5531 2984 5616 Ξᾱιι.
3002 5529 3158 5616 prior
3175 5529 3337 5616 habet
3351 5526 3614 5616 53:13:37:

413 5558 449 5573 ⁵⁸
489 5558 528 5592 ὕ
555 5558 653 5610 της
759 5561 785 5605 ς
816 5558 1052 5616 απασης.
1127 5558 1173 5577 ’⁵
1202 5558 1282 5597 το.
1309 5558 1431 5600 UCS.
1464 5561 1516 5598 ιη
1555 5558 1610 5605 υ.
1673 5558 1718 5576 ’⁸
1737 5558 1828 5596 και
1856 5558 1908 5595 ει
1941 5558 2134 5593 (18111υο
2160 5558 2382 5606 ταραττ.
2414 5558 2530 5587 "es.
2570 5558 2620 5586 Ill
2652 5558 2708 5586 l).
2771 5558 2812 5564 "
2845 5558 2984 5583 nun.
3010 5558 3158 5615 μιιυι¹
3175 5558 3331 5582 "ducs
3351 5558 3614 5594 τίνειν..ρέ

413 5609 454 5684 '_'
485 5627 592 5684 μοι.
623 5558 778 5668 En}
801 5615 983 5684 suppl.
1087 5615 1130 5654 ³³
1161 5613 1199 5667 Β
1223 5615 1342 5683 τήν.
1451 5615 1495 5645 ⁸⁸
1525 5613 1561 5666 Β
1588 5614 1737 5684 ἔχειη
1797 5612 1852 5684 ³⁵,
1872 5610 1986 5684 τοῦ.
2024 5607 2226 5684 ῼοεᾷἰιι
2259 5605 2317 5659 Β.
2360 5605 2441 5684 -³⁵
2465 5605 2564 5657 ὅτι.
2674 5603 2768 5666 ὼς.
2823 5601 2892 5684 ﬂ"
2921 5597 3222 5684 καίκβκως.
3295 5597 3337 5629 ³¹
3357 5595 3397 5650 Β
3424 5592 3511 5663 τὴν
3536 5605 3614 5640 του

417 5667 602 5749 θηρίου
631 5667 980 5754 ἀναίρεσιῗή
1007 5685 1052 5719 ⁸⁸
1086 5684 1126 5738 Β
1149 5667 1410 5738 δεδόσθαι.
1488 5685 1531 5715 ³⁹
1561 5685 1598 5736 Β
1620 5667 1763 5736 δύδέ.
1843 5681 1886 5712 ⁸⁸
1913 5679 2003 5748 ἆγ.
2038 5680 2096 5732 in
2121 5677 2160 5730 Β
2184 5684 2302 5746 post
2331 5671 2476 5728 οὗτοι
2507 5674 2741 5743 ponitur.
2821 5673 2860 5703 “
2887 5670 3015 5746 γάρ.
3049 5667 3088 5721 Β
3107 5667 3184 5722 δέ.
