3898 6208
307 369 442 435 1437

1501 377 1583 435 IN
1623 377 1976 436 DANIELIS
2029 375 2186 437 CAP.
2219 377 2381 438 VIII.
2458 404 2459 407 η

3406 371 3544 437 1438

304 486 412 556 γὰρ
461 471 739 556 βασίλείαν
783 484 1216 557 ἐπιστεύθησαν,
1266 485 1402 540 ἀλλὰ
1440 487 1871 558 στρατηγοῦντες

1976 493 2199 556 surgent
2248 501 2422 556 reges,
2456 495 2617 555 alque
2659 485 2840 539 omnis
2873 482 3245 554 improbitatis
3275 483 3454 554 Opiter
3497 498 3550 542 et

301 574 516 640 ἐνίκων,
565 574 660 628 καὶ
687 575 824 654 ταχὺ
876 573 1039 638 τέλος·
1077 572 1348 639 ἐδέξαντο.
1395 575 1652 630 Λείπεται
1695 575 1874 629 τοίνυν

303 665 400 736 τὴν
439 663 759 736 Ῥωμαϊκὴν
786 664 1061 735 βασιλείαν
1100 667 1243 720 νοεῖν
1277 665 1340 720 τὸ
1366 666 1625 738 τέταρτον
1665 666 1873 738 θηρίον.

315 758 404 812 Ἐν
433 758 540 829 γὰρ
566 757 646 829 τῷ
675 756 878 823 ταύτης
901 757 1064 817 τέλει,
1095 761 1144 812 οἱ
1179 757 1280 830 μὲν
1300 759 1430 813 δέκα
1462 759 1698 829 βασιλεῖς
1736 759 1878 813 κατὰ

300 847 495 903 ταύτὸν
531 849 946 918 ἀναστήσονται,
970 849 998 900 ό
1031 849 1088 901 δὲ
1115 849 1296 919 πάσης
1324 849 1589 920 πονηρίας
1617 850 1848 920 δημιουρ

300 939 398 1008 γὸς
449 939 543 993 καὶ
587 938 904 1003 διδάσκαλος
955 937 1180 1009 ἔσχατος
1224 941 1650 1012 ἀναφανήσεται,
1690 941 1874 998 ἐκεῖνα

300 1029 474 1083 ποιῶν
503 1046 562 1082 τε
596 1030 688 1082 καὶ
719 1030 962 1100 πάσχων,
1003 1029 1040 1085 ὃ.
1086 1031 1462 1102 ἐδιδάχθημεν.
1505 1033 1660 1085 Μετὰ
1698 1030 1754 1085 δὲ
1783 1032 1878 1102 τὴν

300 1117 514 1172 ἐκείνου
545 1118 865 1182 κατάλυσιν,
901 1121 936 1190 ἡ
989 1120 1083 1173 τοῦ
1117 1119 1251 1172 Θεοῦ
1300 1121 1394 1174 καὶ
1442 1122 1692 1191 Σωτῆρος
1720 1120 1877 1190 ἡμῶν

300 1209 707 1281 ἀναφανήσεται
750 1211 1041 1282 παρουσία,
1073 1212 1164 1265 καὶ
1208 1212 1268 1264 τὸ
1313 1213 1530 1266 πάντων
1573 1212 1877 1282 ἀνθρώπων

300 1301 591 1371 γενήσεται
639 1303 941 1374 κριτήριον,
993 1306 1086 1358 καὶ
1137 1307 1520 1376 άνοιγήσονται
1566 1305 1663 1374 μὲν
1691 1307 1750 1358 al
1777 1305 1877 1370 ,ϐί-

303 1393 455 1454 ϐλοι,
486 1393 596 1448 τῶν
626 1395 842 1466 ἑκάστῳ
872 1397 1220 1468 βεϐιωμένων
1243 1402 1297 1453 αί
1358 1402 1590 1471 μνῆμαι.
1629 1419 1647 1453 ι
1690 1402 1874 1470 Παρα-

297 1485 589 1554 δοθ-ἡσεται
619 1486 676 1539 δὲ
706 1490 837 1558 πυρὶ
877 1489 936 1542 τὸ
961 1489 1055 1543 τοῦ
1091 1492 1280 1562 θηρίου
1312 1492 1490 1562 σῶμα,
1527 1511 1545 1544 ι
1576 1492 1873 1556 τουτέστιν,

300 1577 354 1628 οἱ
399 1575 497 1645 μὲν
525 1577 623 1645 τῆς
659 1577 835 1648 ψυχῆς
865 1580 1187 1650 ἀφελόμενοι
1227 1582 1285 1635 τὸ
1316 1582 1532 1654 κράτος,
1575 1581 1653 1652 τῷ
1681 1583 1736 1635 δὲ
1775 1582 1878 1636 σώ-

303 1685 438 1737 ματι
468 1668 565 1739 τὴν
591 1669 838 1735 ἐξουσίαν
863 1673 1314 1742 προσνείμαντες,
1345 1674 1438 1727 καὶ
1475 1673 1722 1742 σαρκικῷ
1747 1689 1878 1743 φρο-

298 1761 500 1831 νήματι
523 1760 608 1814 διὰ
631 1760 747 1843 βίρυ
770 1761 814 1794 ⁸²
836 1765 1193 1834 χρησάμενοι.
1228 1764 1520 1816 Ἀποδὼσει
1536 1763 1593 1816 δὲ
1620 1763 1648 1816 ὁ
1673 1762 1877 1826 δίκαιος

1976 575 2254 644 magister,
2297 574 2631 630 novissimus
2659 574 2962 644 apparebit,
3013 589 3075 628 ea
3124 571 3332 629 faciens
3359 589 3422 629 ac
3464 589 3550 644 pa-

1975 665 2135 730 tiens,
2167 680 2290 734 qua:
2311 665 2491 721 edocti
2526 681 2736 720 sumus.
2771 663 2903 718 Post
2929 664 3086 734 cujus
3109 665 3414 730 interitum,
3455 665 3549 719 Dei

1975 763 2028 812 et
2059 756 2361 812 Salvatoris
2401 756 2574 811 nostri
2613 757 2890 823 continget
2928 754 3217 818 adventus,
3255 768 3310 810 et
3335 756 3402 810 de
3432 769 3553 810 om-

1975 847 2139 902 nibus
2175 845 2491 901 hominibus
2515 845 2779 914 judicium
2810 845 2920 910 lict,
2949 855 3003 902 et
3034 847 3346 915 aperientur
3368 851 3383 867 '
3407 846 3550 910 libri,

1976 935 2030 990 id
2079 943 2181 1000 est,
2221 949 2411 991 eorum
2478 949 2600 1006 qua
2651 935 2719 989 ab
2765 950 3095 1006 unoquoque
3139 935 3195 989 in
3245 936 3354 988 vita
3399 943 3553 1005 gesta

1976 1027 2196 1091 fuerint,
2263 1026 2691 1084 recordationes.
2745 1046 2762 1079 ι
2805 1026 2866 1081 Ει
2908 1029 3017 1098 igni
3078 1028 3321 1081 tradetur
3354 1028 3542 1083 bestiae

1975 1134 2233 1188 corpus,»
2263 1119 2364 1173 hoc
2385 1125 2490 1182 est,
2511 1118 2586 1171 illi
2613 1118 2727 1188 qui,
2757 1118 3003 1187 adempta
3037 1119 3230 1173 aninue
3261 1128 3552 1188 potestate,

1977 1210 2191 1280 corpori
2218 1209 2496 1264 licentiam
2538 1209 2931 1269 concesserint,
2961 1217 3014 1264 et
3051 1210 3236 1264 carnis
3276 1210 3464 1264 sensui
3497 1209 3551 1264 in

1976 1302 2087 1356 vita
2135 1301 2336 1356 addicti
2385 1301 2608 1356 fuerint.
2657 1299 2863 1355 Reddet
2910 1309 3090 1354 autem
3147 1302 3333 1369 justus
3385 1301 3556 1367 jutlex

1977 1392 2180 1448 sanctis
2203 1407 2451 1462 regnum,
2481 1392 2726 1446 clamans
2762 1408 2775 1444 :
2807 1409 2826 1442 ‹
2852 1389 3064 1454 Venite,
3086 1390 3354 1445 benedicti
3377 1389 3556 1445 Patris

1978 1483 2104 1548 mei,
2133 1484 2404 1552 possidete
2456 1497 2681 1553 regnum
2714 1481 2868 1536 vobis
2908 1489 3156 1552 paratum
3194 1482 3319 1538 inde
3353 1499 3382 1536 a
3422 1497 3556 1536 con-

1977 1573 2262 1628 stitutione
2281 1573 2466 1627 mundi
2488 1582 2510 1610 ι
2537 1589 2583 1638 ;›
2605 1573 2748 1642 quod
2770 1572 2975 1626 utinam
3008 1588 3109 1628 nos
3140 1587 3330 1628 omnes
3359 1585 3556 1627 conse-

1977 1681 2232 1736 quamur,
2270 1666 2441 1735 gratia
2475 1675 2526 1718 et
2567 1663 2902 1732 benignitate
2937 1664 3150 1720 Domini
3184 1665 3365 1721 nostri
3422 1663 3556 1719 Jesu

1977 1758 2206 1821 Christi,
2247 1773 2370 1811 cum
2393 1773 2501 1828 quo
2532 1756 2676 1810 Patri
2709 1757 2882 1826 gloria
2917 1772 3040 1811 cum
3076 1769 3266 1815 sancto
3322 1757 3552 1828 Spiritu,
3615 1817 3618 1822 _

298 1850 492 1922 κριτὴς
517 1854 628 1916 τοῖς
661 1837 837 1920 ἇγίοις
866 1855 966 1924 τὴν
996 1854 1292 1923 βασιλείαν,
1323 1855 1461 1925 βοῶν
1482 1869 1496 1885 ·
1544 1872 1563 1908 ι
1600 1853 1784 1916 Δεῦτε,
1828 1855 1874 1907 οί

1981 1853 2035 1905 in
2061 1850 2259 1905 saecula
2289 1852 2616 1906 saacnlorum
2646 1848 2858 1902 .Amen.

297 1941 650 2013 εὐλογημένοι
684 1943 777 1997 τοῦ
817 1946 1030 2015 Πατρός
1077 1964 1175 2016 μου
1200 1988 1214 2011 ,
1279 1947 1727 2018 κληρονομήσατε
1780 1945 1878 2016 τὴν
1920 1944 2330 2015 ἡτοιμασμένην
2399 1942 2528 2014 ὑμῖν
2564 1942 2840 2012 βασιλείαν
2871 1943 2976 2014 πρὸ
2996 1943 3041 1974 ⁸³
3084 1941 3389 2011 καταϐολῆς
3459 1941 3557 1997 κύ-

300 2050 442 2103 σμου
465 2050 479 2065 ο
516 2053 536 2085 ι
583 2028 652 2106 ἦς
680 2036 890 2104 γένοιτο
925 2038 1132 2102 πάντας
1179 2041 1328 2110 ἡμᾶς
1359 2041 1653 2108 ἐπιτυχεῖν,
1693 2039 1876 2108 χάριτι
1915 2037 2009 2089 καὶ
2045 2034 2424 2106 φιλανθρωπίᾳ
2451 2032 2546 2087 τοῦ
2579 2034 2786 2103 Κυρίου
2843 2033 3000 2102 ἡμῶν
3047 2033 3221 2114 Ἰησοῦ
3294 2033 3554 2103 Χριστοῦ,

307 2124 433 2195 μεθ’
465 2121 527 2181 οὗ
560 2125 638 2198 τῷ
673 2129 846 2199 Πατρὶ
877 2129 1004 2193 δόξα
1026 2128 1094 2195 ⁸³,
1141 2131 1240 2192 σὺν
1279 2130 1357 2202 τῷ
1409 2130 1553 2201 ἁγίῳ
1593 2128 1891 2200 Πνεύματι,
1926 2131 2006 2193 εἰς
2032 2129 2160 2192 τοὺς
2185 2127 2386 2190 αἰῶνας
2413 2124 2521 2178 τῶν
2546 2124 2776 2178 αἰώνων.
2826 2125 3017 2196 Ἀμήν.

395 2295 419 2322 ²
442 2284 634 2340 Matth.
668 2299 797 2351 xxv,
823 2284 913 2340 54.

1561 2429 1800 2486 VARUE
1831 2428 2232 2488 LECTIONES.

375 2533 422 2565 δ’
455 2531 504 2586 δ.
539 2529 677 2601 βίου.
711 2528 768 2584 In
795 2527 836 2583 Β
863 2537 983 2602 post
1010 2524 1345 2600 χρησάμενοι
1378 2526 1625 2596 ponitur.
1700 2523 1744 2556 "
1779 2523 1902 2596 πρό.
1935 2522 2083 2578 Loco
2107 2523 2200 2578 cit.
2230 2530 2313 2579 est
2347 2522 2474 2579 άπὸ.
2542 2523 2590 2558 ⁸⁸
2613 2524 2762 2591 δόξα.
2799 2525 2841 2580 Β
2873 2540 3062 2598 praem.
3093 2526 3150 2596 ἠ.

1682 2879 2068 2968 ΤΟΜΟΣ
2115 2880 2249 2968 H'.

1421 3231 1787 3327 LIBER
1896 3226 2476 3328 OCTAVUS.

853 3578 1250 3635 ΚΕΦΔΛΑΙΟΝ
1279 3578 1364 3633 H'.

385 3680 457 3730 a'.
505 3693 523 3728 ι
575 3674 666 3728 Ἑν
713 3671 823 3728 ἔτει
869 3672 1042 3744 τρίτῳ
1094 3671 1194 3740 τῆς
1252 3669 1528 3740 βασιλείας
1580 3667 1890 3741 Βαλτάσαρ,

310 3767 506 3838 ὅρασις
568 3763 723 3836 ὤφθη
783 3763 920 3834 πρός
988 3777 1094 3833 με’
1138 3760 1248 3828 ἐγὼ
1297 3759 1532 3829 Δανιὴλ.
1597 3759 1735 3830 μετὰ
1796 3760 1897 3830 τὴν

310 3856 572 3927 ὀφθεῖσαν
629 3872 719 3926 μοι
758 3854 857 3926 τὴν
903 3854 1099 3924 ἀρχήν.
1140 3871 1159 3904 ι
1206 3853 1368 3916 Ἔτι,
1427 3849 1594 3920 φησι,
1651 3851 1751 3921 τῆς
1787 3849 1897 3903 τῶν

314 3947 622 4013 Χαλδαίων,
666 3945 766 4000 εἴτ’
820 3940 915 3999 οὖν
958 3943 1261 4014 Ἀσσυρίων
1330 3941 1669 4014 κατεχούσης
1741 3941 1887 4012 βασιο

311 4036 504 4102 λείας,
555 4035 748 4108 ὲτέραν
787 4033 1126 4103 ἀποκάλυψιν
1175 4028 1314 4086 εἶδον
1362 4033 1480 4103 μετ’
1523 4033 1741 4104 ἐκείνην
1796 4032 1899 4105 τὴν

316 4131 598 4204 προτέραν
620 4149 632 4162 ·
681 4130 831 4202 δηλοῖ
867 4130 924 4184 δὲ
962 4130 1056 4184 καὶ
1087 4130 1117 4182 ὁ
1145 4129 1336 4200 χρόνος
1377 4129 1436 4181 τὸ
1464 4128 1668 4200 ταύτης
1705 4125 1900 4182 νεώτε-

319 4237 446 4292 ρονο
503 4220 602 4291 τὴν
643 4219 742 4290 μὲν
778 4220 888 4290 γὰρ
942 4218 1213 4289 προτέραν
1262 4214 1402 4270 εἶδεν
1458 4219 1517 4271 έν
1569 4217 1646 4287 τῷ
1700 4215 1900 4288 πρώτῳ

316 4315 432 4368 ἔτει
469 4314 788 4384 Βαλτάσαρ,
845 4311 1108 4382 βασιλέως
1157 4309 1438 4364 Χαλδαίων
1461 4350 1476 4374 ,
1505 4308 1711 4379 ταύτην
1754 4309 1811 4362 δὲ
1842 4311 1900 4363 ἐν

317 4403 400 4473 τῷ
425 4403 613 4474 τρίτῳ.
648 4401 913 4473 Σημαίνει
953 4399 1010 4453 δὲ
1060 4399 1152 4453 τὸν
1201 4398 1390 4469 χρόνον
1431 4397 1491 4451 ού
1527 4399 1725 4469 μάτην,
1765 4398 1900 4455 ἀλλὰ

316 4496 586 4551 διδάσκων
613 4534 628 4561 ,
670 4494 746 4559 ὡς
799 4493 906 4566 πρὸ
938 4491 1135 4546 πολλοῦ
1168 4490 1363 4562 χρόνου
1409 4489 1504 4542 τοῦ
1537 4488 1790 4558 γενέσθαι
1832 4490 1901 4545 τὰ

320 4586 626 4656 πράγματα
677 4582 776 4653 τὴν
814 4581 1022 4635 τούτων
1067 4580 1375 4652 πρόγνωσιν
1419 4580 1571 4650 παρὰ
1611 4579 1746 4638 Θεοῦ
1791 4578 1901 4635 τῶν

317 4674 458 4729 ὅλων
490 4673 723 4740 ἐδέξατο.

397 4764 463 4836 β’.
503 4782 521 4816 t
575 4764 686 4816 Καὶ
703 4761 747 4794 ⁴⁸
804 4756 1029 4826 εἷδονιθ,
1071 4760 1270 4831 φησὶν,
1330 4760 1390 4814 ὲν
1433 4762 1500 4830 τῇ
1547 4761 1769 4830 ὁράσει,
1807 4759 1902 4814 καὶ

2551 3577 2783 3638 CAPUT
2827 3573 2962 3630 Vlll.

2071 3670 2235 3728 Vens.
2281 3672 2335 3727 1.
2382 3671 2572 3727 «Anno
2630 3670 2792 3725 tertio
2839 3666 2993 3737 regni
3055 3660 3372 3723 Baltasarls,
3429 3660 3571 3717 visio

1996 3763 2180 3819 oblata
2217 3772 2303 3821 est
2332 3763 2462 3819 mihi
2493 3777 2632 3832 :ego
2670 3760 2879 3821 Daniel,
2926 3764 3048 3828 post
3083 3769 3204 3809 eam
3243 3766 3404 3823 quam
3435 3765 3573 3806 con-

1997 3869 2282 3925 spexerant
2303 3870 2332 3909 a
2354 3855 2675 3925 principio.»
2698 3850 2833 3907 Cum
2857 3848 3057 3912 adhuc,
3081 3840 3571 3914 inquit,Chaldmo-

1999 3961 2120 4002 rum
2181 3946 2295 4002 sive
2346 3947 2699 4017 Assyriorum
2754 3941 2962 4013 vigeret
3020 3937 3350 4006 imperium,
3409 3933 3571 3985 aliam

2001 4033 2390 4088 revelationem
2449 4031 2561 4086 vidi
2605 4035 2728 4100 post
2783 4027 2932 4081 illam
2980 4023 3258 4093 priorem:
3317 4025 3372 4071 et
3431 4017 3574 4070 hanc

2005 4122 2216 4192 1212
2242 4121 2599 4176 recentiorem
2619 4117 2790 4173 fuisse
2806 4123 3020 4184 tempus
3043 4112 3304 4166 declarat.
3325 4105 3572 4160 Priorem

2000 4214 2146 4268 enim
2170 4213 2302 4266 vidit
2323 4227 2466 4266 anno
2487 4211 2664 4280 primo
2688 4205 2982 4260 Baltasaris
3002 4201 3143 4270 regis
3155 4197 3531 4251 Chaldaeorum
3553 4203 3568 4240 :

2003 4302 2144 4356 hanc
2165 4316 2316 4363 vero,
2341 4315 2485 4355 anno
2503 4298 2748 4367 ejusdem
2773 4293 2952 4349 tertio.
2985 4288 3170 4357 Neque
3201 4296 3399 4340 temere
3431 4291 3574 4334 tem-

2001 4408 2104 4462 pus
2161 4391 2431 4460 designat,
2487 4389 2581 4445 sed
2618 4388 2844 4447 docens,
2887 4382 3058 4438 multo
3114 4384 3405 4444 antequam
3457 4372 3572 4425 haec

2003 4485 2194 4542 ﬁerent
2213 4491 2454 4551 tempore
2472 4496 2502 4534 a
2526 4493 2707 4535 rerum
2727 4476 2968 4531 omnium
2989 4478 3212 4526 auctore
3237 4467 3344 4521 Deo
3363 4479 3421 4519 se
3439 4478 3571 4518 con-
3652 4505 3656 4509 .

2004 4587 2254 4634 secutum
2299 4589 2420 4631 esse
2442 4580 2502 4628 ut
2528 4586 2592 4628 ea
2624 4570 3116 4642 praecognosceret.

2076 4751 2242 4807 Vens.
2263 4748 2318 4804 2.
2347 4746 2444 4806 «Et
2477 4744 2608 4810 vidi,
2644 4741 2842 4811 inquit,
2876 4740 2931 4796 in
2963 4736 3228 4797 visiones,
3264 4738 3319 4788 et
3368 4736 3571 4783 tactum

323 4826 544 4922 ἐγένετο
592 4855 648 4908 ὲν
691 4852 771 4923 τῷ
805 4853 934 4907 ίδεῖν
970 4869 1037 4922 με
1063 4826 1094 4919 ,’
1132 4826 1227 4905 καὶ
1277 4852 1425 4922 ήμην
1474 4826 1536 4904 έν
1576 4826 1796 4914 Σούσοις
1834 4854 1900 4923 τῇ
1938 4922 1956 4923 7
2004 4854 2110 4913 est,
2165 4858 2289 4899 cum
2342 4841 2582 4897 viderem
2625 4852 2745 4907 ego,
2786 4841 2841 4890 et
2875 4845 3024 4891 eram
3080 4827 3238 4923 Str-sis
3265 4826 3318 4880 in
3367 4829 3573 4923 castro,

325 4912 508 5014 βάρει,
545 4944 580 5015 ἦ
606 4912 811 4998 ἐστιν⁴⁵⁷
854 4945 913 4996 ὲν
957 4912 1111 5013 χώρᾳ
1152 4912 1347 5013 Δίλάμ.
1381 4912 1410 4994 ἰ
1458 4943 1538 4995 Τὰ
1586 4912 1904 5014 Σοῦσιιιήμηζ
1935 4922 1978 4976 D
2007 4937 2153 5008 (ιιιοά
2181 4942 2265 4990 εει
2292 4934 2345 4988 in
2368 4931 2589 5002 regione
2615 4927 2813 4982 [Elam'
2857 4943 2878 4977 ⁵
2907 4923 3062 5019 AS?“
3097 4912 3574 5019 OlimﬂmeirOPOIES

320 5007 580 5105 τρόπολις
609 5033 676 5107 ἦν
715 5036 883 5090 πάλαι
1200 5007 1417 5105 Ἐπειδὴ
1460 5034 1636 5087 τοίνυν
1679 5035 1779 5105 τὴν
1801 5007 1903 5105 ἧς
2009 5007 2127 5084 erat
2151 5026 2464 5081 Persarum.
2500 5019 2557 5074 Si
2588 5019 2771 5108 itaque
2798 5008 3193 5108 perliciregn-i.
3218 5007 3382 5108 dispit
3421 5016 3576 5108 ever-

325 5095 604 5198 Ιίερσικῖγς
632 5095 915 5196 ’βασιλείας
945 5095 1204 5197 μανθάνει
1235 5095 1550 5190 κατάλυσιν,
1586 5095 1901 5194 ἀναγκαίως
2009 5119 2241 5180 sionem,
2279 5111 2666 5168 convenienter
2710 5107 2772 5201 in
2797 5100 3051 5201 illa-urbe
3093 5097 3195 5201 sibi
3217 5095 3574 5201 uidetur—in:

326 5222 388 5272 tv
413 5190 598 5290 εκείνη
637 5190 705 5290 τῇ
735 5218 891 5271 πόλει
937 5190 1086 5272 δοκεί
1126 5217 1342 5287 βλέπειν
1389 5216 1489 5286 τὴν
1536 5190 1897 5284 ἀποκάλυψιν.
2009 5212 2218 5280 spicere
2243 5201 2653 5260 revelationem.
2684 5216 2701 5248 ι
2733 5193 2946 5290 Etvidi,
2987 5191 3186 5290 inquit,
3217 5190 3270 5240 in
3303 5190 3567 5290 visione?
3608 5190 3618 5219 τ

335 5268 722 5376 ξίἐᾶιέῖδοῖζ
1111 5268 1346 5378 δράματι
1374 5321 1388 5336 ο
1485 5306 1604 5359 ἀντὶ
1627 5268 1728 5359 τού
1753 5349 1767 5371 ,
2011 5268 2115 5356 1ι”οε
2143 5304 2246 5362 est,
2274 5309 2384 5349 non
2416 5292 2666 5361 vigilans,
2701 5303 2876 5380 neque
2895 5281 3130 5380 interdiu
3153 5279 3267 5380 inec
3291 5268 3568 5380 οοῐξξξῖξξι

2011 5389 2107 5447 sed
2145 5389 2201 5442 in
2234 5356 2458 5438 somnis
2475 5356 2628 5434 'mihi
2666 5379 2911 5433 omnium
2969 5373 3114 5428 Deus
3166 5369 3269 5424 ista
3305 5356 3569 5418 ostendit.

331 5400 689 5472 ἐγρηγορὼς,
737 5399 858 5454 οὐδὲ
914 5398 1035 5469 μεθ’
1099 5398 1310 5469 ἡμέραν
1353 5395 1525 5450 ταῦτα
1569 5395 1903 5465 ἐθεασάμην,

2014 5499 2033 5532 ι
2063 5479 2132 5534 Ει
2177 5488 2350 5538 eram,
2391 5471 2585 5544 inquit,
2629 5485 2790 5540 super
2843 5465 2997 5523 Ubal.
3035 5481 3053 5515 ι
3105 5457 3266 5514 Juxta
3333 5456 3572 5521 portam,

332 5493 448 5547 ἀλλ’
502 5491 636 5563 ὄναρ
693 5509 783 5562 μοι
829 5491 1004 5545 ταῦτα
1057 5489 1256 5554 ἔδειξεν
1319 5490 1346 5541 ὁ
1399 5486 1506 5539 τῶν
1556 5487 1692 5540 ὅλων
1740 5486 1893 5548 Θεός.

1660 5635 1896 5691 VARI!)
1934 5632 2225 5689 LECTION
2235 5630 2316 5686 ES
2332 5666 2348 5684 .

406 5714 451 5746 u
490 5737 688 5792 Καὶ-
717 5735 841 5789 ἰδεῖν
877 5750 960 5804 με.
997 5732 1115 5788 Des.
1153 5732 1204 5786 iu
1254 5733 1318 5784 Δ.
1399 5730 1442 5761 ⁸⁸
1471 5724 1569 5784 sla.
1607 5729 1642 5781 Β
1674 5727 1802 5781 ἰδού.
1880 5727 1921 5756 “
1950 5725 1982 5794 ἤ
2011 5726 2122 5777 ἐστ.
2160 5722 2280 5777 Des.
2311 5721 2361 5774 in
2396 5717 2456 5772 Β.
