3898 6208
412 346 544 411 14⁴ί9
576 286 580 293 1
1382 337 1868 401 THEODORETI
1902 336 1981 395 EI

2083 335 2242 395 C091.
2268 333 2511 394 CYREN
2518 333 2633 393 $15
3490 328 3608 398 1440

405 463 604 531 inquit,
632 457 760 512 mihi
782 455 1002 512 videbar
1031 462 1181 511 Stare
1209 471 1224 510 :
1250 452 1325 507 ita
1349 451 1492 508 enim
1523 449 1743 521 quidam
1772 462 1971 519 posue-

2083 466 2099 497 ι
2136 446 2244 499 Καὶ
2280 446 2428 517 ἥμην
2451 486 2466 509 ,
2502 443 2697 514 φησὶν,
2732 442 2825 495 ἐπὶ
2860 440 2953 496 τοῦ
2972 441 3017 475 ⁸⁸
3051 440 3256 496 Ούϐάλ.
3292 461 3310 494 ι
3346 442 3493 514 Παρὰ
3526 446 3611 515 τὴν

408 562 536 607 runt
566 554 909 619 lnterpretes.

2083 536 2283 608 πύλην,
2333 536 2536 606 φησὶν,
2581 533 2799 589 ἐδόκουν
2846 534 3070 587 ἑστάναι
3096 550 3111 566 ·
3154 533 3299 587 οὕτω
3343 532 3452 603 γὰρ
3476 533 3613 591 τοῦτό

2069 646 2212 692 τινες
2239 628 2348 681 τῶν
2369 625 3044 699 ἐρμηνευτῶντεθείκασι.

478 724 640 777 Vens.
674 721 727 774 3.
755 718 853 773 «Et
900 717 1096 773 sustuli
1134 716 1325 772 oculos
1372 730 1543 777 meos,
1574 725 1628 769 et
1666 727 1793 769 ecce
1830 711 1972 767 aries

410 831 552 870 unus
606 824 760 867 stans
803 825 968 879 super
1011 808 1169 871 Ubal,
1201 818 1257 861 et
1295 809 1396 876 ipsi
1452 820 1657 862 cornua
1716 804 1969 866 excelsa,

407 921 458 961 et
480 922 645 959 unum
676 903 949 958 excelsius
982 904 1172 965 altero,
1199 910 1253 955 et
1274 901 1548 955 excelsius
1570 897 1970 955 ascendebatin

406 1009 668 1054 extremo.
702 1014 721 1046 ι
761 993 1037 1049 Persicum
1061 1008 1284 1063 regnum
1313 993 1471 1046 arieti
1503 991 1682 1046 simile
1710 990 1972 1055 intuetur,

409 1099 668 1157 tanquam
706 1086 913 1141 divitiis
946 1084 1169 1144 ﬂorens.
1208 1084 1610 1151 multarumque
1650 1081 1971 1135 facultatum

407 1181 661 1234 obtinens
700 1179 1111 1235 abundantiam.
1134 1176 1251 1230 Duo
1292 1191 1499 1266 ‘cornua
1548 1175 1602 1227 in
1650 1174 1820 1229 ariete
1844 1189 1975 1240 con-

409 1275 724 1341 templatur,
754 1275 772 1296 "
813 1272 942 1342 quia
991 1271 1201 1340 primus
1233 1270 1472 1336 ipsorum
1528 1282 1693 1336 regno
1741 1269 1948 1336 potitus

406 1371 492 1417 est
518 1362 717 1433 Cyrus,
745 1372 798 1417 et
823 1376 997 1431 usque
1020 1360 1086 1414 ad
1121 1358 1262 1413 ﬁlios
1293 1365 1504 1411 tantum
1537 1373 1763 1428 regnum
1789 1364 1974 1412 trans-

406 1451 600 1506 misit:
638 1451 907 1522 Cambyse
952 1450 1097 1505 enim
1150 1449 1297 1503 illius
1357 1448 1466 1502 lilio
1530 1447 1638 1500 vita
1691 1446 1972 1512 defuncto,

407 1556 611 1611 paucos
658 1557 871 1597 menses
920 1541 1060 1606 magi
1110 1555 1336 1609 regnum
1384 1540 1780 1593 obtinuerunt:
1829 1539 1977 1609 quod

409 1634 568 1702 paulo
590 1641 711 1703 post
731 1633 939 1703 excepit
960 1632 1153 1688 Darius
1176 1631 1459 1703 Hystaspis
1482 1631 1648 1694 ﬁlius,
1677 1631 1771 1702 qui
1805 1646 1980 1701 usque

408 1721 474 1774 ad
494 1730 716 1791 nepotes
727 1731 778 1776 et
793 1728 1114 1791 pronepotes
1139 1736 1362 1791 regnum
1381 1719 1680 1775 transmisit
1694 1760 1708 1782 ,
1727 1735 1897 1790 usque
1912 1719 1978 1774 ad

2144 727 2215 787 γ’.
2254 739 2273 772 ι
2306 719 2417 773 Καὶ
2438 714 2549 791 ἦρα
2585 719 2712 781 τοὺς
2748 717 3070 788 ὀφθαλμούς
3110 734 3218 786 μου
3238 716 3283 749 δ’
3329 716 3480 769 ml“
3522 717 3618 770 ίδοὺ

2072 811 2228 883 κριὸς
2257 806 2336 875 εἷς
2374 811 2622 882 ἑστηκὼς
2654 810 2809 863 sul"
2856 810 2952 863 τοῦ
2995 809 3177 863 Ούϐἀλ
3196 849 3211 874 ,
3252 806 3345 862 καὶ
3375 806 3515 878 αὕτῷ
3540 810 3622 862 κέο

2076 921 2215 974 ρατα
2231 903 2275 935 ⁸⁸
2303 901 2502 973 ὑψηλὰ,
2531 904 2625 957 καὶ
2654 903 2714 956 τὸ
2742 901 2801 956 ἓν
2830 902 3165 973 ὑψηλότερον
3183 900 3284 953 τοῦ
3312 899 3514 970 ἐτέρου,
3540 900 3623 952 καὶ

2073 994 2133 1046 τὸ
2173 992 2501 1064 ὑψηλότερον
2548 992 2832 1047 ἀνέϐαινεν
2887 994 2974 1046 ἐπ’
3026 993 3261 1061 ἐσχάτου
3282 989 3423 1045 ⁸³³³⁸.
3461 1008 3479 1041 ι
3526 988 3622 1058 Τὴν

2076 1085 2349 1162 Περσικὴν
2405 1085 2684 1155 βασιλείαν
2736 1083 2879 1153 κριῷ
2936 1086 3183 1137 ἐοικυῖαν
3236 1083 3340 1152 ὁρᾷ
3366 1122 3382 1147 ,
3438 1080 3526 1134 ἀτε
3569 1080 3624 1151 δὴ

2075 1177 2293 1248 πλούτῳ
2322 1178 2613 1247 κομῶσαν,
2663 1178 2757 1231 καὶ
2799 1175 3000 1247 πολλὴν
3040 1172 3372 1245 περιουσίας
3420 1171 3625 1242 ἔχουσαν

2075 1268 2355 1340 ἀφθονίαν.
2396 1269 2510 1322 Δύο
2544 1268 2815 1335 κέρατα⁸⁸
2849 1269 2906 1320 ἐν
2930 1266 3008 1336 τῷ
3034 1263 3178 1337 κριῷ
3219 1264 3435 1333 θεωρεῖ,
3463 1262 3628 1332 ἐπειδὴ

2077 1357 2289 1429 πρῶτος
2318 1356 2416 1426 μὲν
2448 1357 2629 1409 αὐτῶν
2659 1355 2975 1409 ἐϐασίλευσε
3001 1354 3218 1425 Κῦρος
3250 1350 3413 1423 μέχρι
3435 1349 3489 1403 δὲ
3516 1348 3627 1402 παί-

2032 1437 2040 1443 ’
2076 1449 2182 1502 δων
2210 1446 2370 1518 μόνον
2392 1445 2439 1479 ⁵⁸
2483 1446 2579 1518 τὴν
2610 1446 2883 1516 βασιλείαν
2928 1442 3266 1516 παρέπεμψε
3297 1460 3310 1473 ·
3352 1441 3627 1511 Καμϐύσου

2077 1537 2187 1610 γὰρ
2221 1537 2314 1593 τοῦ
2361 1539 2522 1603 υίέως
2572 1538 2736 1592 αὑτοῦ
2787 1536 3243 1600 τελευτήσαντος,
3272 1528 3279 1535 ’
3310 1533 3515 1600 ὀλίγους
3546 1532 3627 1602 μὲν

2083 1631 2257 1700 μῆνας
2292 1629 2343 1683 oi
2378 1630 2541 1700 μάγοι
2573 1627 2837 1698 κατέσχον
2877 1627 2975 1698 τὴν
3016 1625 3303 1697 βασιλείαν
3332 1640 3349 1656 ο
3379 1621 3626 1693 παρέλαϐε

2078 1721 2134 1775 δὲ
2172 1719 2340 1792 αὐτὴν
2383 1720 2577 1790 μικρὸν
2618 1718 2845 1788 ὕστερον
2892 1720 3116 1789 Δαρεῖος
3144 1717 3175 1769 ὁ
3216 1713 3520 1768 Ὑστάσπου
3544 1753 3557 1775 ,
3580 1713 3630 1777 ὃς

413 1808 627 1864 Darium
669 1812 941 1874 ultimum,
982 1825 1091 1880 quo
1122 1809 1332 1880 1213
1356 1810 1646 1865 interfecto
1670 1812 1975 1865 Alexander

2083 1811 2275 1882 μέχρις
2315 1809 2557 1878 ἐκγόνων
2600 1809 2694 1862 καὶ
2724 1809 3006 1877 ἀπογόνων
3041 1807 3143 1878 τὴν
3186 1803 3462 1875 βασιλείαν
3503 1820 3626 1874 παρ-

409 1898 629 1953 Macedo
653 1915 818 1971 regno
847 1899 1050 1970 potitus
1067 1907 1171 1955 est.
1198 1902 1312 1953 Duo
1339 1900 1520 1970 itaque
1546 1914 1746 1969 genera
1789 1914 1974 1969 regum

407 2007 504 2061 per
539 1990 643 2046 duo
688 2008 887 2046 cornua
931 1991 1313 2061 signiﬁcantur
1367 2009 1382 2046 :
1437 1999 1494 2046 et
1539 1992 1699 2046 ambo
1754 1990 1975 2062 quidem

408 2085 649 2139 intuetur
675 2084 912 2148 excelsa,
951 2084 1222 2140 excelsius
1257 2090 1438 2138 autem
1477 2083 1646 2154 priori
1680 2081 1973 2152 posterius.

406 2175 565 2230 Sicut
617 2179 760 2232 enim
809 2177 918 2244 jam
971 2187 1096 2230 ante
1148 2174 1409 2240 diximus,
1456 2175 1691 2245 amplius
1734 2172 1897 2228 Dario
1925 2179 1980 2228 et

405 2266 582 2321 Xerxe
619 2274 830 2336 sceptra
870 2264 1182 2321 tenentibus
1209 2280 1438 2335 regnum
1472 2262 1592 2317 fuit.
1632 2261 1766 2316 Nam
1799 2262 1976 2334 Cyrus

407 2355 641 2411 Pontum
688 2356 959 2412 Euxinum
1009 2365 1064 2412 et
1095 2356 1281 2412 Asiam
1340 2356 1445 2411 sibi
1496 2355 1727 2425 subegit,
1780 2353 1976 2409 Darius

407 2447 569 2500 etiam
604 2446 837 2518 Scythas
874 2446 1147 2502 Nomadas
1184 2460 1309 2501 cum
1371 2446 1602 2516 reliquis
1640 2445 1745 2500 sibi
1795 2446 1981 2516 subje-

409 2538 521 2592 ctis
555 2538 856 2607 conjunxit,
878 2537 1087 2593 Xerxes
1111 2537 1342 2609 Europe
1361 2553 1585 2608 quoque
1615 2539 1767 2608 regni
1786 2538 1977 2609 iugum

415 2628 689 2697 imponere
716 2637 944 2685 conatus
975 2635 1077 2684 est.
1104 2626 1314 2684 idcirco
1340 2628 1451 2683 duo
1490 2642 1697 2684 cornua
1724 2625 1779 2684 in
1810 2629 1981 2684 ariete

414 2719 835 2790 contemplatur,
864 2719 959 2776 sed
1014 2719 1249 2774 alterum
1298 2719 1471 2788 prius,
1518 2719 1749 2774 alterum
1793 2726 1979 2790 poste-

410 2808 548 2872 rius,
582 2819 636 2865 et
663 2811 935 2879 posterius
964 2808 1235 2865 excelsius
1267 2809 1457 2879 priori.

2078 1902 2346 1975 ἐπεμψεν,
2397 1902 2502 1973 ἓως
2531 1902 2760 1974 Δαρείου
2794 1901 2888 1955 τοῦ
2919 1898 3265 1961 τελευταίου,
3302 1898 3362 1950 δν
3410 1894 3631 1961 Ἀλέξαν-

2075 1995 2201 2065 δρος
2240 1996 2269 2048 ὁ
2315 1994 2581 2050 Μακεδὼν
2636 1993 2841 2061 ἀνελὼν
2872 1992 2970 2064 τὴν
3024 1989 3313 2062 βασιλείαν
3357 1988 3626 2059 παρέλαϐε.

2076 2086 2158 2140 Τὰ
2179 2086 2224 2118 ⁸⁷
2262 2087 2444 2139 τοίνυν
2485 2086 2578 2139 δύο
2627 2086 2761 2156 γένη
2795 2085 2905 2138 τῶν
2949 2084 3220 2156 βασιλέων
3276 2080 3367 2135 διὰ
3393 2079 3504 2134 τῶν
3539 2079 3631 2134 δύο

2078 2175 2343 2243 κεράτων
2385 2175 2744 2246 σημαίνεται·
2780 2177 2875 2230 καὶ
2902 2176 3068 2246 ἄμφω
3102 2176 3205 2246 μὲν
3236 2172 3418 2244 ὑψηλά
3442 2173 3627 2243 θεωρεῖ,

2079 2266 2407 2339 ὑψηλότερον
2454 2268 2512 2321 δὲ
2556 2267 2651 2322 τοῦ
2694 2266 2964 2338 προτέρου
3005 2268 3065 2321 τὺ
3110 2266 3392 2335 δεύτερον.
3433 2266 3512 2327 Ὠς
3539 2264 3629 2334 γὰρ

2077 2357 2177 2429 ἥδη
2204 2360 2645 2430 προειρήκαμεν,
2681 2358 2881 2411 πλείων
2926 2358 3019 2411 ἐπὶ
3047 2356 3279 2426 Δαρείου
3318 2353 3410 2408 καί⁸
3454 2353 3629 2423 Ξέρξου

2077 2446 2115 2519 ἦ
2163 2447 2408 2519 βασιλεία
2437 2448 2672 2517 ἐγένετο.
2722 2448 2780 2500 '0
2841 2448 2939 2519 μὲν
2981 2449 3091 2516 γὰρ
3123 2446 3311 2517 Κῦρος
3350 2444 3438 2497 τόν
3467 2459 3520 2495 τε
3546 2440 3630 2495 Εὑ-

2080 2542 2249 2609 ξεινον
2279 2542 2479 2596 Πόντον
2511 2542 2603 2595 καὶ
2637 2542 2735 2612 τὴν
2781 2541 2965 2595 Ἀσίαν
3017 2538 3360 2612 ἐχειρώσατο
3384 2552 3398 2568 ⁸
3437 2538 3629 2607 Δαρεῖος

2080 2632 2137 2686 δὲ
2171 2634 2264 2687 καὶ
2288 2632 2500 2697 Σκύθας
2533 2635 2660 2695 τοὺς
2697 2633 2954 2704 Νομάδας
2996 2634 3110 2696 τοῖς
3141 2631 3408 2700 ὑπηκόοις
3437 2627 3629 2681 συνέτα-

2079 2724 2205 2790 ξεν*
2252 2727 2280 2779 ὁ
2309 2725 2366 2779 δέ
2405 2725 2614 2796 Ξέρξης
2664 2725 2762 2779 καὶ
2801 2728 2869 2797 τῇ
2916 2722 3159 2796 Εὐρώπῃ
3220 2724 3325 2793 τῆς
3379 2720 3626 2792 βασιλείας

2077 2817 2341 2887 ἐπειράθη
2393 2816 2484 2871 τὸν
2533 2817 2698 2885 ζυγὸν
2752 2816 3040 2870 ἐπιθεῖναι.
3101 2815 3314 2870 Τούτου
3359 2814 3509 2886 χάριν
3554 2810 3629 2866 δύο

411 2906 617 2975 κέρατα
658 2905 716 2957 ἐν
746 2901 824 2974 τῷ
864 2902 1005 2975 κριῷ
1034 2902 1248 2974 θεωρεῖ,
1287 2901 1426 2956 ἀλλά
1458 2901 1520 2955 τὸ
1562 2902 1662 2971 μὲν
1689 2900 1974 2973 πρότερον,
2010 2905 2070 2959 τὸ
2098 2908 2155 2961 δὲ
2183 2909 2453 2980 δεύτερον,
2484 2912 2579 2967 καὶ
2612 2911 2673 2965 τὸ
2692 2910 2942 2982 δεύτερον
2993 2911 3329 2984 ὑψηλότερον
3383 2908 3473 2965 τοῦ
3518 2923 3627 2979 προ-

412 2996 470 3049 τέ
478 3012 570 3068 ρου
581 2995 646 3050 ⁸⁸.

489 3062 651 3142 Vens.
681 3088 734 3143 4.
775 3106 795 3140 ι
837 3088 901 3143 Et
929 3088 1077 3153 vidi,
1120 3088 1322 3159 inquit,
1381 3088 1606 3145 arietem
1661 3104 1836 3145 cornu
1903 3092 1981 3148 l'e-

2155 3094 2218 3150 δ’.
2254 3114 2274 3148 ι
2306 3095 2416 3150 Καὶ
2448 3091 2609 3162 εἶδον,
2646 3096 2801 3168 φησὶ,
2829 3096 2923 3151 τὸν
2949 3095 3102 3167 κριὸν
3136 3096 3488 3169 κερατίζοντα
3516 3095 3630 3150 κατὰ

413 3176 644 3231 rientem
675 3192 870 3235 versus
894 3192 1045 3234 mare
1065 3218 1080 3245 ,
1111 3187 1165 3233 et
1189 3179 1527 3250 aquilonem,
1568 3189 1624 3235 et
1654 3190 1926 3236 austrum.
1958 3200 1977 3234 ι

416 3265 613 3321 Omnia
646 3268 828 3332 enim,
855 3275 910 3323 et
934 3267 1003 3322 ad
1043 3269 1357 3340 aquilonem
1411 3278 1466 3324 et
1495 3269 1562 3324 ad
1590 3277 1839 3325 austrum
1878 3272 1983 3326 sila

416 3360 519 3416 sibi
550 3360 798 3430 subjecta
824 3362 1061 3418 habebat
1082 3402 1096 3425 ,
1125 3377 1226 3417 nec
1250 3376 1359 3417 non
1390 3376 1454 3417 ea
1482 3377 1603 3434 quae
1631 3362 1697 3416 ad
1728 3362 1986 3418 occiden-

418 3458 530 3505 tem
583 3459 737 3506 erant
776 3467 953 3521 usque
997 3452 1064 3506 ad
1115 3467 1306 3515 mare;
1347 3460 1403 3507 et
1450 3452 1716 3521 plurimas
1769 3469 1988 3524 quoque

418 3541 630 3596 insulas
665 3543 719 3596 in
768 3543 1096 3598 servitutem
1131 3541 1363 3611 redegit.
1413 3541 1592 3597 Simul
1636 3542 1817 3613 itaque
1861 3558 1986 3598 cum

417 3638 599 3694 Xerxe
636 3639 839 3695 bellum
873 3637 1095 3695 Graeciae
1125 3637 1416 3702 inferente,
1446 3647 1501 3693 et
1529 3635 1740 3708 Cyprii,
1765 3645 1820 3693 et
1843 3636 1990 3692 Rho-

419 3730 518 3793 dii,
554 3729 747 3795 Samii,
789 3737 845 3785 et
867 3728 1077 3795 Lesbii,
1107 3738 1163 3785 et
1199 3728 1357 3792 Chii,
1407 3736 1464 3783 et
1497 3728 1764 3801 Cyclades
1796 3743 1989 3784 omnes

420 3823 554 3876 inita
593 3823 860 3878 societate
913 3823 1254 3893 pugnabant.
1308 3823 1425 3877 Hac
1470 3822 1538 3877 de
1565 3837 1737 3878 causa
1790 3840 1810 3874 ι
1839 3820 1990 3877 Vidit

420 3912 647 3967 arietem
690 3929 862 3969 cornu
893 3914 1181 3971 ferientem
1230 3930 1429 3972 versus
1470 3928 1640 3979 mare,
1676 3923 1732 3969 et
1772 3914 1989 3984 aquilo-

420 4019 569 4068 nem,
596 4011 651 4058 et
678 4012 954 4061 austrum.
1012 4006 1081 4061 Et
1131 4021 1344 4070 omnes,
1390 4006 1592 4076 inquit,
1632 4005 1825 4061 bestiae
1878 4020 1988 4060 non

421 4095 645 4152 stabunt
674 4096 728 4151 in
770 4104 1072 4168 conspectu
1123 4096 1268 4166 ejus.
1298 4105 1355 4152 et
1390 4111 1500 4151 non
1536 4102 1656 4152 erat
1689 4096 1933 4151 liberans
1960 4109 1992 4150 e

420 4201 585 4242 manu
628 4187 773 4257 eius,
814 4196 871 4245 et
905 4188 1034 4244 fecit
1067 4187 1372 4245 secundum
1426 4188 1764 4243 voluntatem
1808 4202 1990 4254 suam,

421 4286 476 4335 et
510 4280 898 4352 magniﬁcatus
948 4288 1055 4337 est.
1092 4298 1112 4332 ι
1139 4279 1351 4335 Bestius
1399 4286 1582 4335 autem
1639 4293 1856 4334 rursus-
1885 4278 1992 4333 alia

420 4387 587 4442 regna
622 4373 926 4444 singularia
958 4383 1155 4438 vocat,
1212 4371 1475 4444 Syrorum
1506 4412 1521 4436 ,
1552 4371 1785 4427 Cilicum
1806 4411 1822 4435 ,
1856 4373 1993 4426 Ara-

2087 3185 2381 3252 θάλασσαν,
2407 3188 2502 3241 καί
2524 3187 2747 3259 βορρᾶν,
2768 3187 2862 3242 καὶ
2882 3188 3053 3243 νότον.
3082 3206 3102 3240 ι
3134 3189 3220 3243 Τά
3242 3206 3301 3242 τε
3325 3189 3430 3259 γάρ
3452 3188 3627 3259 βόρεια,

2084 3279 2155 3333 τά
2179 3296 2238 3333 τε
2252 3279 2298 3313 ⁸⁸
2344 3280 2527 3348 νότια,
2570 3281 2785 3353 ὑπήκοα
2835 3276 2981 3351 εἶχεν
3010 3281 3268 3349 ἅπαντα,
3322 3280 3562 3343 ὡσαύτως
3584 3281 3629 3334 δὲ

2086 3371 2179 3425 καὶ
2211 3371 2279 3426 τὰ
2329 3372 2562 3445 ἑσπέρια
2606 3371 2799 3444 μέχρις
2840 3372 3011 3443 αὑτῆς
3074 3374 3167 3443 τῆς
3214 3373 3510 3443 θαλάσσης·
3553 3370 3630 3425 καὶ

2084 3462 2194 3515 τῶν
2237 3464 2417 3535 νήσων
2450 3464 2508 3518 δὲ
2550 3464 2649 3528 τὰς
2697 3464 2957 3529 πλείστας
3005 3463 3285 3518 δουλεύειν
3335 3462 3625 3534 ἠνάγκασεν.

2086 3553 2293 3608 Αὐτίκα
2322 3555 2501 3610 τοίνυν
2526 3554 2605 3624 τῷ
2637 3551 2813 3627 Ξέρξῃ
2861 3556 2956 3610 καὶ
2998 3553 3278 3621 Κύπριοι,
3316 3554 3405 3607 καὶ
3449 3552 3626 3613 Ῥόδιοι,

2087 3645 2280 3714 Σάμιοι
2316 3662 2377 3698 τε
2416 3646 2511 3699 καί⁸
2544 3645 2796 3710 Λέσϐιοι,
2839 3647 2937 3700 καὶ
2960 3647 3082 3700 Χῖοι
3105 3685 3121 3708 ,
3164 3645 3262 3700 καὶ
3303 3646 3357 3699 αί
3388 3641 3629 3704 Κυκλάδες

2089 3734 2299 3789 ἅπασαι
2343 3736 2680 3806 συνεμάχουν
2729 3735 2827 3807 τὴν
2872 3736 3017 3789 κατά
3066 3736 3171 3806 τῆς
3222 3736 3463 3799 Ἑλλάδος
3494 3750 3625 3805 στρα·

2088 3827 2241 3880 τείαν
2278 3826 2606 3898 ποιουμένῳ.
2656 3826 2859 3881 Τούτου
2912 3827 3097 3881 ἕνεκεν
3130 3847 3151 3880 ι
3193 3824 3348 3882 Εἷδεν
3383 3828 3469 3882 τὸν
3503 3825 3627 3897 κριὸν

2091 3918 2440 3989 κερατίζοντα
2477 3919 2621 3973 κατά
2647 3919 2944 3983 θάλασσαν,
2985 3920 3080 3973 καὶ
3105 3920 3332 3993 βορρᾶν,
3366 3921 3454 3974 καὶ
3482 3920 3623 3971 νότον.

2090 4009 2200 4062 Καὶ
2228 4008 2407 4063 πάντα
2429 4050 2445 4075 ,
2488 4009 2623 4080 φησὶ
2646 4049 2661 4074 ,
2691 4008 2762 4061 τὰ
2789 4007 2955 4079 θηρία
2983 4008 3042 4061 οὐ
3092 4009 3410 4079 erigas-rat“
3435 4003 3625 4059 ἐνώπιον

2092 4098 2295 4165 αὑτοῦ,
2353 4100 2447 4153 καὶ
2477 4100 2577 4153 οὐκ
2607 4094 2677 4170 ἦν
2708 4102 2736 4152 ὁ
2784 4098 3177 4168 ἐξαιρούμενος
3220 4099 3286 4150 ἐκ
3337 4097 3429 4167 τῆς
3474 4091 3624 4163 xum

2093 4191 2280 4255 αὑτοῦ,
2321 4190 2417 4245 καί⁵
2445 4189 2668 4260 ἐποίησε
2695 4187 2835 4243 κατά
2864 4188 2926 4242 το
2950 4188 3165 4258 θέλημα
3196 4185 3382 4249 αὑτοῦ,
3410 4183 3497 4237 καὶ
3523 4182 3625 4252 spe-

2092 4280 2356 4353 γαλύνθη.
2401 4300 2421 4334 ι
2462 4282 2646 4348 Θηρία
2687 4280 2745 4334 δὲ
2801 4280 2965 4334 πάλιν
3016 4281 3117 4344 τὰς
3172 4280 3336 4344 ἄλλας
3386 4273 3624 4350 βασιλείας

2095 4372 2254 4427 καλεῖ
2297 4372 2396 4436 τὰς
2425 4371 2685 4443 μερικάς,
2721 4370 2820 4442 τὴν
2860 4370 3050 4443 Σύρων
3075 4414 3089 4436 ,
3122 4370 3225 4439 τὴν
3254 4370 3482 4424 Κιλίκων
3503 4407 3516 4432 ,
3544 4364 3623 4432 τὴν

330 4503 335 4509 .
422 4463 573 4527 bum,
622 4462 1006 4533 Egyptiorum
1038 4484 1053 4519 :
1090 4474 1145 4520 et
1178 4463 1371 4518 bestias
1431 4465 1550 4533 ipsa
1605 4464 1863 4534 appellat,
1924 4478 1981 4518 eo

2108 4463 2383 4537 Ἀράϐων,
2413 4462 2512 4533 τὴν
2546 4462 2863 4532 Αίγυπτίων
2888 4477 2905 4494 θ
2958 4463 3134 4530 θηρία
3169 4461 3227 4515 δὲ
3259 4460 3422 4523 αὐτὰς
3453 4454 3619 4525 ὀνομά-

422 4552 567 4622 quod
611 4554 878 4621 subjectis
923 4555 1144 4624 populis
1197 4555 1466 4609 terribilia
1511 4553 1707 4608 forent.
1766 4552 1987 4609 Nullum

424 4645 608 4710 itaque
641 4659 892 4712 regnum,
926 4645 1128 4715 inquit,
1154 4646 1417 4701 resistere
1448 4653 1661 4714 poterat
1689 4660 1857 4715 regno
1883 4645 1985 4708 illi,

422 4732 569 4802 quod
628 4748 804 4788 cornu
850 4733 1280 4804 petebatversus
1332 4733 1546 4805 1214
1597 4742 1879 4798 austrum,
1936 4739 1992 4786 et

424 4822 761 4890 aquilonem,
803 4831 860 4878 et
905 4839 1100 4881 mare:
1134 4835 1190 4882 et
1226 4841 1386 4882 nemo
1443 4826 1726 4880 hominum
1774 4831 1994 4895 poterat

425 4914 614 4970 abillo
649 4915 877 4985 imperio
928 4917 1158 4973 liberum
1210 4918 1525 4989 quempiam
1574 4917 1990 4979 demonstrare,

425 5007 519 5061 sed
551 5007 920 5079 quodcunque
950 5010 999 5065 ei
1026 5010 1336 5076 videbatur,
1361 5010 1494 5065 illud
1527 5009 1593 5064 ad
1624 5010 1829 5064 exitum
1858 5024 1987 5079 per-

424 5098 675 5153 ducebat.

498 5192 661 5249 Vsns.
708 5193 763 5249 5.
807 5212 826 5246 ι
863 5193 925 5247 Et
945 5208 1067 5265 ego.
1098 5194 1311 5265 inquit,
1341 5193 1765 5265 intelligebam.»
1839 5191 1992 5256 Haec,

2091 4555 2198 4620 ζει,
2226 4554 2316 4607 διὰ
2343 4553 2403 4607 τὸ
2439 4552 2680 4624 φοϐερὰς
2711 4548 2852 4607 εῖναι
2898 4555 3012 4616 τοῖς
3048 4552 3389 4623 ἀρχομένοις.
3417 4542 3619 4614 Οὐδεμία

2090 4644 2292 4708 τοίνυν,
2324 4643 2460 4715 φησὶ
2477 4645 2544 4707 ⁶¹,
2588 4642 2833 4714 βασιλεία
2858 4644 3174 4712 ἀντιστῆναι
3207 4640 3429 4711 ἠδύνατο
3468 4632 3619 4703 ἐκείνῃ

2091 4739 2159 4807 τῇ
2196 4735 2442 4808 βασιλείᾳ
2480 4733 2847 4806 κερατιζούσῃ
2893 4732 3037 4787 κατὰ
3076 4732 3228 4786 νότον
3250 4774 3265 4797 ,
3304 4731 3393 4784 καὶ
3432 4724 3616 4797 βορρᾶν.

2093 4830 2188 4883 καὶ
2215 4829 2511 4890 θάλασσαν,
2536 4827 2660 4881 οὔτε
2682 4824 2792 4890 οἷός
2820 4843 2880 4879 τε
2905 4821 2972 4896 ἦν
3001 4842 3083 4886 τις
3124 4823 3418 4893 ἀνθρώπων
3439 4814 3617 4881 ἐκείνης

2097 4921 2195 4989 τῆς
2220 4917 2535 4980 δυναστείας
2572 4915 2856 4988 ἐλεύθερον
2893 4913 3172 4984 ἀποφῆναί
3194 4927 3330 4976 τινα,
3364 4906 3466 4961 ἀλλ’
3499 4903 3617 4957 ἅπαν

2098 5009 2159 5062 τδ
2189 5008 2375 5063 δοκοῦν
2401 5010 2482 5072 είς
2508 5007 2681 5079 πέρας
2701 5003 2824 5079 ἦγε.

2110 5228 2115 5233 -
2171 5197 2233 5246 ε’.
2289 5209 2308 5240 ι
2344 5188 2454 5242 Καὶ
2492 5186 2639 5255 ἐγὼ,
2695 5184 2889 5257 φησὶν,
2936 5185 3084 5254 ήμην
3136 5179 3342 5234 συνιών.
3391 5194 3408 5226 ι
3443 5166 3609 5257 Ταῦτα,

425 5284 625 5357 inquit,
669 5253 1046 5358 contemplans
1080 5253 1291 5342 mecum
1332 5287 1450 5356 ipse
1489 5253 1833 5356 reputabam,
1874 5301 1981 5356 qua

2102 5283 2257 5354 φησὶ,
2293 5278 2509 5351 θεωρῶν
2533 5253 2862 5348 ἐλογιζόμην
2901 5253 3301 5346 παρ’νὲμαυτῷ,
3334 5265 3396 5319 τὰ
3418 5261 3494 5315 διὰ
3514 5253 3610 5310 τού·-

1720 5457 1957 5514 VARIAE
1996 5454 2294 5513 LECTION
2304 5453 2407 5510 ES.

504 5576 550 5613 “
580 5577 625 5632 Β
652 5580 708 5632 ἐν
728 5575 824 5648 τῷ.

437 5719 479 5774 Β
525 5713 637 5773 καί.
716 5718 762 5750 ⁶⁶
795 5718 839 5770 Α
894 5713 1194 5791 στήσονται.
1273 5715 1314 5749 ⁸⁸
1349 5713 1660 5786 φησίξῡρεζ
1701 5716 1750 5767 in
1789 5713 1846 5767 Β.

901 5575 945 5610 ⁸⁸
974 5592 1096 5645 μου.
1129 5576 1206 5646 Ex
1233 5575 1279 5629 Α
1306 5573 1435 5646 etB
1459 5574 1637 5646 suppl.
1705 5575 1750 5607 ⁸ο
1780 5573 1967 5646 καίηΛ
1998 5588 2183 5646 prtem.
2215 5572 2311 5646 καὶ
2342 5569 2477 5646 ίδον.
2511 5637 2549 5646 “
2580 5569 2623 5600 ⁵¹
2646 5569 2670 5646 ἒ

431 5651 503 5725 τὰ
529 5629 760 5725 κέρατα.
777 5629 790 5648 ⁸
810 5629 1014 5725 βυδδῇ
1042 5629 1312 5725 ἐσχάτων..
1373 5645 1419 5677 ⁸⁵
1432 5629 1617 5725 asp-1:8
1644 5659 1828 5725 praem“.
1857 5643 1937 5697 δέ.
1999 5629 2061 5677 ’⁵⁸
2089 5642 2129 5697 Β
2162 5642 2355 5714 μόνων.
2443 5640 2483 5671 ⁵⁷
2511 5637 2553 5692 Β
2572 5636 2763 5691 ταῦτα.
2841 5635 2886 5666 ⁸³
2917 5629 3015 5702 πρ.
3050 5630 3091 5686 Β
3118 5629 3315 5700 ἐτέρου.

2580 5568 2623 5600 ⁸¹
2654 5564 2766 5618 ἐπί.
2796 5566 2840 5617 Λ
2897 5562 3023 5631 πρό.
3056 5630 3065 5631 7
3115 5561 3161 5593 ⁸⁸
3186 5558 3301 5631 κέρ.
3329 5546 3505 5631 Αειιιῆ
3526 5536 3599 5631 ’ξτξὶ
