3898 6208
450 327 586 391 1443

1395 319 1876 380 THEODORETI
1911 314 2247 375 EPISCOPI
2279 315 2645 378 CYRENSIS
3524 322 3636 385 ιιιι

451 440 547 496 sed
579 439 682 493 iste
705 449 925 508 quoque
957 447 1083 488 cum
1113 431 1282 486 breve
1313 437 1531 500 tempus
1569 429 1785 500 1216
1818 442 2009 496 super-

2128 425 2336 497 ξανδρος
2361 427 2646 493 ἀνεδέξατο
2660 428 2704 458 τ’
2730 427 2927 500 κράτος
2944 443 2958 458 ·
2983 425 3114 480 ἀλλά
3143 426 3236 480 καὶ
3261 416 3404 492 οὗτος
3423 431 3465 462 ⁷³
3488 431 3640 503 ὀλίγον

453 529 702 591 vixisset,
726 527 956 582 sortitus
982 529 1066 577 est
1114 522 1240 576 vitae
1277 520 1460 574 tinem.
1497 519 1609 574 lloc
1666 520 1827 574 etiam
1879 519 2015 571 vidit

452 619 643 676 beatus
669 615 874 670 Daniel.
907 611 1118 668 Idcirco
1154 612 1234 665 ait
1265 631 1277 665 :
1317 629 1336 662 ι
1381 609 1446 665 Ει
1475 625 1600 664 cum
1655 610 2016 664 invalesceret

451 710 587 779 ipse,
625 705 926 763 contritum
968 711 1055 758 est
1105 717 1276 755 cornu
1337 700 1468 754 illud
1511 715 1791 770 magnum.
1835 718 1852 751 ›
1888 698 2018 753 Post

451 796 734 853 victoriam
798 794 944 847 illam
1009 792 1332 852 maximam.
1406 790 1603 858 inquit,
1668 803 2016 843 communem

453 888 732 942 hominum
763 881 1070 938 Alexander
1105 883 1334 954 sortitus
1357 889 1440 934 est
1458 881 1639 933 linem.
1673 899 1691 930 ι
1723 878 1786 930 Ει
1828 893 2019 932 ascen-

453 982 671 1040 derunt,
721 977 920 1044 inquit,
973 983 1213 1042 quatuor
1267 987 1478 1027 cornua
1531 971 1721 1025 subter
1777 970 1907 1024 illud
1952 970 2017 1024 ad

453 1077 688 1138 quatuor
745 1075 940 1119 ventos
989 1065 1135 1117 ctcli.
1202 1081 1222 1114 ι
1283 1064 1525 1126 Quatuor
1589 1069 1769 1114 autem
1820 1076 2019 1113 cornua

454 1167 691 1228 quatuor
729 1157 854 1210 illos
880 1169 1036 1225 reges
1084 1154 1340 1218 innuunt,
1386 1154 1477 1224 qui
1526 1153 1713 1206 eodem
1776 1161 2020 1220 tempore

454 1247 617 1303 simul
685 1243 1000 1298 Alexandro
1054 1257 1396 1297 successere.
1467 1239 1794 1295 Ptoleuiams
1871 1241 2018 1293 enim

456 1339 585 1407 Lagi
613 1334 832 1406 Egypti
879 1332 1089 1402 accepit
1145 1333 1458 1402 imperium,
1521 1332 1785 1386 Seleucus
1839 1341 2018 1384 autem

456 1429 692 1485 Nicanor
723 1427 1051 1496 Babylonem
1103 1424 1382 1489 obtinuit,
1436 1432 1491 1478 et
1550 1423 1792 1491 reliquas
1837 1429 2020 1490 partes

458 1535 631 1591 usque
671 1517 739 1572 ad
787 1516 1001 1588 Syriam
1057 1516 1467 1586 pertingentes;
1527 1513 1835 1584 Antigonus
1891 1512 2021 1565 Asia

457 1613 664 1684 potitus
693 1619 807 1674 est,
844 1618 897 1662 et
932 1606 1253 1662 Macedonia
1283 1606 1595 1674 Antipater,
1629 1614 1764 1671 aut,
1799 1613 1857 1657 ut
1891 1604 2021 1672 qui-

2117 513 2420 580 ὲπιϐιὼσας
2471 517 2661 587 χρόνον
2683 560 2697 583 ,
2743 518 2838 571 τοῦ
2870 515 2984 588 βίου
3025 517 3085 570 τὸ
3126 516 3278 581 τέλος
3306 517 3522 583 ἐδέξατο.
3550 524 3642 576 Καὶ

2116 607 2272 661 τοῦτο
2297 609 2356 662 δὲ
2388 604 2530 663 εἶδεν
2563 611 2592 663 0
2632 610 2900 681 μακάριος
2930 609 3148 680 Δανιήλ.
3180 609 3271 662 Διό
3311 626 3469 681 φησι·
3504 631 3520 665 ι
3552 615 3644 670 Καὶ

2117 699 2173 750 ὲν
2206 699 2281 769 τῷ
2315 698 2529 769 ἰσχῦσαι
2563 699 2722 752 αὑτὸν
2752 699 3038 770 συνετρίϐη
3082 701 3144 753 τὸ
3172 699 3336 771 κέρας
3368 702 3425 753 τὺ
3453 702 3594 771 μέγα.
3626 725 3641 756 i

2116 790 2271 843 Μετὰ
2317 791 2414 861 τὴν
2465 789 2621 860 νίκην
2657 789 2871 859 ἐκείνην
2918 789 3012 858 τὴν
3068 789 3370 860 μεγίστην,
3423 793 3568 863 φησὶ,
3598 795 3648 848 τὸ

2117 881 2296 933 κοινὸν
2340 881 2448 934 τῶν
2491 879 2843 951 ἀνθρώπωνό
2879 880 3228 950 Ἀλέξανδρος
3274 881 3482 944 ἐδέξατο
3503 885 3645 950 τέλος.

2123 990 2142 1024 ι
2179 973 2289 1025 Καὶ
2317 972 2482 1044 ἀνέϐη
2510 1012 2525 1031 ,
2574 973 2708 1043 φησὶ
2733 1013 2748 1037 ,
2798 971 3039 1042 τέσσαρα
3087 972 3296 1043 κέρατα
3339 973 3647 1031 ὑποκάτωθεν

2120 1062 2284 1117 αὐτοῦ
2334 1065 2412 1126 είς
2459 1064 2585 1126 τοὺς
2628 1064 2903 1135 τέσσαρας
2951 1063 3187 1133 ἀνέμους
3225 1064 3318 1117 τοῦ
3357 1066 3584 1135 ούρανοῦ.
3629 1090 3645 1122 ι

2125 1153 2402 1222 Τέσσαρα
2430 1155 2486 1206 δὲ
2517 1153 2734 1223 κέρατα
2755 1196 2771 1217 ,
2802 1156 2925 1217 τοὺς
2957 1153 3227 1224 τέσσαρας
3269 1154 3526 1225 βασιλέας,
3549 1160 3653 1224 τοὺς

2121 1246 2262 1298 κατὰ
2308 1245 2503 1298 ταύτὸν
2540 1245 2632 1297 τὸν
2677 1243 3026 1314 Ἀλέξανδρον
3058 1244 3474 1315 διαδεξαμένους
3509 1251 3651 1303 alvi:-

2120 1354 2292 1389 τεται.
2327 1337 2664 1406 Πτολεμαῖος
2709 1337 2814 1410 γὰρ
2865 1339 2893 1390 0
2925 1337 3106 1406 Λάγου
3143 1339 3242 1406 τῆς
3287 1339 3550 1406 Αἰγύπτου
3576 1342 3653 1414 τὴν

2120 1425 2418 1495 ἠγεμονίαν
2464 1425 2775 1496 παρέλαϐε⁶
2827 1424 3087 1489 Σέλευκος
3130 1426 3188 1479 δὲ
3222 1427 3250 1479 0
3299 1427 3539 1500 Νικάνωρ
3575 1433 3653 1502 τὴν

2123 1513 2424 1568 Βαϐυλῶνα
2477 1518 2718 1585 κατεῖχε,
2777 1515 2871 1568 καὶ
2911 1515 2979 1568 τὰ
3008 1515 3141 1569 ἀλλα
3187 1517 3328 1588 μέρη
3349 1519 3394 1549 ⁷⁸
3420 1519 3484 1570 τά
3523 1520 3654 1592 μέχρι

2123 1606 2322 1676 Συρίας
2347 1605 2603 1676 διήκοντα
2629 1623 2643 1638 ο
2679 1607 2986 1676 Ἀντίγονος
3015 1607 3071 1661 δὲ
3097 1607 3199 1677 τῆς
3247 1607 3427 1673 Ἀσίας
3453 1612 3652 1683 ἐκράτει,

459 1703 688 1759 busdam
727 1699 1094 1768 scriptoribus
1116 1697 1354 1759 videtur,
1390 1695 1697 1764 Philippus,
1729 1696 1820 1764 qui
1851 1695 2018 1749 etiam

2128 1699 2220 1768 τῆς
2267 1697 2322 1750 δὲ
2355 1697 2693 1761 Μακεδονίας
2757 1699 3156 1766 Ἀντίπατροςσ
3190 1702 3265 1764 ως
3321 1699 3377 1752 δέ
3428 1717 3528 1754 τισι
3571 1705 3654 1756 τῶν

455 1795 704 1850 Aridazus
730 1793 909 1846 dictus
955 1797 1059 1855 est,
1110 1787 1406 1843 Alexandri
1455 1785 1646 1842 frater.
1701 1785 1875 1841 Porro
1926 1801 2024 1840 no-

456 1885 682 1940 tandum
737 1891 820 1937 est
869 1880 1231 1950 conspexisse
1289 1878 1614 1950 prophetam
1670 1880 1890 1933 tertiam
1933 1878 2027 1934 be-

457 1977 619 2032 stiam
653 1981 895 2044 quatuor
933 1969 1226 2026 habentem
1285 1968 1488 2036 capita,
1542 1975 1595 2022 et
1645 1965 1860 2022 hircum
1901 1975 2025 2038 post

459 2082 626 2123 unum
654 2079 827 2119 cornu
846 2061 1144 2117 contritum
1169 2070 1407 2130 quatuor
1428 2072 1632 2113 cornua
1655 2059 2021 2129 produxisse:

459 2167 520 2214 ut
544 2158 894 2228 perspicuum
955 2154 1046 2218 sit,
1108 2153 1298 2207 cadent
1329 2159 1384 2207 et
1429 2165 1526 2222 per
1554 2149 1761 2203 hircum
1785 2188 1800 2216 ,
1835 2157 1890 2205 et
1927 2165 2025 2221 per

458 2251 672 2306 tertiam
695 2250 914 2302 bestiam
937 2245 1260 2318 signiﬁcari.

530 2427 698 2482 Vens.
726 2423 780 2479 9.
818 2442 836 2476 ι
873 2424 1023 2478 ωσι
1045 2436 1175 2488 uno,
1203 2421 1402 2492 inquit,
1444 2435 1712 2476 cornuum
1744 2433 2025 2489 egressum

459 2525 546 2574 est
593 2531 766 2572 cornu
830 2529 999 2568 unum
1060 2512 1370 2567 robustum.
1420 2530 1439 2562 ι
1491 2509 1819 2565 Antiochum
1887 2509 2028 2562 dicit

460 2606 817 2680 Epiphanem,
843 2604 1097 2660 Antiochi
1125 2603 1298 2665 illius,
1327 2603 1421 2673 qui
1447 2603 1682 2674 Magnus
1703 2602 2023 2664 vocabatur,

459 2701 652 2755 ﬁlium.
683 2717 703 2752 ‹
749 2693 812 2753 Ει
832 2697 1122 2752 admodum
1154 2696 1538 2766 magniﬁcatus
1570 2702 1655 2750 est
1675 2738 1689 2762 ,
1714 2695 1925 2766 inquit,
1957 2693 2027 2747 ad

460 2800 732 2856 austrum,
763 2798 817 2846 et
851 2787 919 2844 ad
981 2775 1270 2852 orientem,
1305 2795 1361 2843 et
1410 2789 1478 2843 ad
1534 2785 1822 2858 Libycum,
1873 2793 1928 2841 et
1959 2783 2027 2838 ad

459 2884 753 2942 virtutem.
800 2900 818 2935 ι
889 2879 1113 2946 Potens,
1183 2879 1392 2951 inquit,
1455 2879 1683 2935 eﬂ‘ectus
1747 2877 2030 2948 superavit

459 2972 684 3047 .‘Egypti
725 2987 932 3043 regem,
962 2979 1019 3026 et
1047 2970 1303 3027 nationes
1348 2970 1414 3024 ad
1451 2971 1725 3026 orientem
1778 2971 1916 3025 sitas
1972 2968 2027 3022 in

460 3080 616 3120 suam
645 3062 858 3133 redegit
875 3068 1222 3130 potestatem,
1245 3071 1296 3116 et
1322 3058 1528 3117 Iudaeis
1550 3074 1791 3131 quoque,
1825 3059 2026 3129 inquit,

2132 1791 2488 1859 συγγραφέων
2529 1789 2694 1852 δοκεῖ,
2724 1789 3010 1854 Φίλιππος,
3039 1790 3098 1854 ὃς
3143 1791 3238 1843 καὶ
3283 1791 3606 1862 ’Δριδαῖος’¹¹,
3635 1798 3656 1849 ὁ

2126 1879 2220 1933 καὶ
2263 1877 2611 1952 Ἀλεξάνδρου
2662 1879 2908 1948 ἀδελφός.
2971 1881 3450 1952 Ἐπισημήνασθαι
3491 1883 3541 1936 δὲ
3577 1884 3654 1944 δεῖ,

2125 1968 2208 2022 ὅτι
2249 1970 2342 2023 καὶ
2399 1970 2460 2023 τὸ
2504 1969 2689 2041 τρίτον
2734 1971 2922 2042 θηρίον
2967 1971 3245 2041 τέσσαρας
3296 1971 3525 2041 κεφαλὰς
3562 1972 3656 2043 ἔχον

2126 2059 2411 2127 ἐθεάσατο,
2445 2062 2541 2114 καὶ
2569 2061 2660 2115 τὸν
2692 2062 2893 2134 τράγον
2927 2062 3064 2133 μετά
3108 2063 3213 2134 τὴν
3264 2062 3358 2116 τοῦ
3391 2064 3499 2126 ἑνὸς
3523 2065 3656 2134 κέρα-

2125 2166 2215 2213 τος
2279 2151 2568 2224 συντριϐὴν
2613 2153 2856 2224 τέσσαρα
2885 2152 3133 2221 φύσαντα
3167 2153 3374 2224 κέρατα
3397 2167 3413 2184 ’
3453 2152 3521 2216 ὡς
3549 2150 3656 2209 εἶναι

2125 2241 2283 2312 δῆλον
2311 2245 2438 2298 τά⁷⁶
2474 2245 2616 2299 αύτά
2668 2245 2762 2299 καὶ
2800 2246 2888 2299 διὰ
2922 2246 3026 2300 τοῦ
3050 2246 3298 2316 τράγου,
3345 2247 3436 2301 καὶ
3470 2247 3550 2302 διὰ
3584 2248 3656 2302 τοῦ

2130 2334 2333 2400 τρίτου
2359 2335 2568 2403 θηρίου
2600 2336 3038 2406 σημαίνεσθαιττ.

2200 2425 2264 2478 θ’.
2305 2443 2324 2476 ι
2366 2425 2477 2478 Καὶ
2505 2427 2570 2478 ὲκ
2612 2425 2705 2478 τοῦ
2735 2427 2888 2492 ένδς,
2922 2425 3059 2498 φησὶ
3082 2465 3098 2491 ,
3129 2426 3241 2480 τῶν
3273 2427 3558 2497 κεράτωνη
3590 2427 3656 2492 ἑξ-

2127 2516 2256 2589 ἦλθε
2279 2515 2446 2586 κέρας
2475 2515 2532 2568 ἓν
2547 2517 2592 2550 ⁷⁸
2625 2517 2865 2589 ἰσχυρόν.
2897 2536 2915 2570 ι
2960 2518 3235 2589 Ἀντίοχον
3257 2519 3401 2589 λέγει
3423 2521 3507 2574 τὸν
3541 2521 3658 2575 Ἐπι-

2130 2606 2302 2676 φανῆ,
2339 2605 2397 2668 ὃς
2446 2605 2718 2677 Ἀντιόχου
2762 2605 2857 2660 τοῦ
2903 2607 3338 2678 ἐπικαλουμένου
3354 2609 3399 2642 ⁸⁸
3449 2609 3656 2678 Μεγάλαι

2131 2697 2243 2760 υίὸς
2275 2696 2604 2766 ὲγεγόνει⁸¹.
2639 2717 2659 2749 ι
2690 2698 2798 2750 Καὶ
2839 2699 3208 2770 ὲμεγαλύνθη,
3248 2700 3401 2772 φησὶ,
3431 2700 3656 2773 περισσῶς

2132 2788 2267 2860 πρὸς
2296 2787 2480 2854 νότον,
2525 2788 2620 2842 καὶ
2651 2789 2786 2860 πρὸς
2820 2789 3116 2861 ἀνατολὴν,
3163 2791 3261 2846 καὶ
3278 2793 3323 2825 ’³
3363 2793 3489 2864 πρὸς
3526 2794 3651 2856 Λίϐα,

2130 2877 2224 2930 καὶ
2266 2875 2401 2949 πρὸς
2444 2877 2544 2948 τὴν
2569 2876 2820 2948 δύναμιν.
2859 2897 2878 2930 ι
2916 2881 3177 2946 Δυνατὺς,
3230 2883 3382 2952 φησὶ,
3417 2882 3657 2952 γενόμενος

2132 2968 2479 3039 περιεγένετο
2533 2967 2632 3038 μὲν
2669 2969 2763 3022 τοῦ
2815 2967 2914 3040 τῆς
2949 2969 3231 3039 Αἰγύπτου
3266 2971 3547 3042 βασιλέως,
3587 2972 3655 3042 ὑφ’

2131 3059 2319 3114 ἑαυτὸν
2347 3057 2402 3113 δὲ
2431 3061 2524 3113 καὶ
2549 3059 2616 3112 τὰ
2644 3059 2780 3132 πρὸς
2805 3061 2881 3114 ἔω
2911 3061 3144 3133 κείμενα
3165 3063 3212 3095 ⁸³
3233 3065 3512 3136 ἐποιήσατο
3531 3065 3652 3135 ἔθνη·

460 3156 662 3212 bellum
726 3123 938 3224 1'21'7
997 3123 1218 3218 intulit,
1274 3159 1328 3207 et
1395 3123 1641 3208 sanctam
1679 3123 2025 3220 metropolin

2129 3149 2526 3219 ἐπεστράτευσε
2564 3150 2642 3218 δὲ,
2679 3123 2834 3223 φησὶ,
2873 3153 2969 3206 καὶ
2999 3123 3114 3218 τοῖς
3156 3123 3446 3221 Ἰουδαίοις,
3479 3159 3558 3212 καὶ
3582 3123 3656 3227 την

460 3245 694 3318 subegit.
739 3243 996 3299 Virtutem
1052 3245 1196 3298 enim
1237 3243 1412 3312 ipsam
1447 3241 1764 3313 appellavit,
1804 3249 2030 3312 propter

459 3337 701 3392 divinam
741 3336 1012 3407 gratiam,
1041 3347 1164 3403 quae
1199 3347 1265 3387 eo
1300 3342 1548 3402 tempore
1581 3331 1637 3385 in
1679 3331 1883 3400 templo
1927 3328 2030 3385 ﬂo-

459 3428 638 3485 rebat.
673 3425 841 3498 quue
867 3424 1086 3512 planius
1115 3422 1326 3478 faciens
1347 3421 1592 3492 subjecit
1620 3439 1634 3476 :

527 3600 698 3657 Vens.
739 3602 825 3656 10.
871 3619 890 3653 ι
927 3598 993 3653 Ει
1025 3597 1435 3671 magniﬁcatum
1471 3605 1556 3653 est
1587 3595 1766 3668 usque
1817 3598 1883 3654 ad
1913 3599 2029 3654 vir-

461 3699 631 3748 tutem
659 3690 807 3756 coeli,
835 3697 890 3746 et
939 3691 1139 3747 cecidit
1184 3690 1239 3744 in
1272 3696 1475 3743 terram
1510 3689 1578 3743 de
1615 3689 1842 3752 virtute,
1879 3699 1934 3744 et
1963 3691 2031 3746 de

462 3781 659 3845 stellis,
717 3787 770 3835 et
819 3779 1168 3834 conculcavit
1229 3793 1343 3833 cas.
1396 3796 1414 3829 ›
1449 3775 1575 3832 Haec
1632 3792 1732 3832 nos
1785 3780 2030 3850 apertius

461 3871 666 3926 docent
693 3870 904 3941 primus
950 3877 1005 3924 et
1042 3867 1325 3923 secundus
1386 3865 1825 3922 Machabacorum
1880 3868 2028 3934 libri,

461 3971 516 4019 et
543 3962 820 4034 Josepbus
867 3960 1351 4030 historiographus
1407 3959 1523 4014 haec
1578 3969 1837 4015 accurate
1897 3976 2032 4015 con-

463 4055 716 4126 scripsit,
741 4060 795 4108 et
821 4067 925 4107 nos
971 4052 1099 4105 item
1153 4050 1414 4115 breviter,
1447 4065 1567 4121 quae
1623 4065 1689 4106 eo
1731 4051 2028 4121 pertinent,

462 4143 865 4201 enarrabimus.
894 4141 1029 4196 Cum
1084 4137 1258 4194 Judaei
1316 4140 1414 4206 illi,
1473 4141 1567 4211 qui
1629 4156 1696 4196 ex
1751 4140 2032 4212 pontificio

463 4244 624 4292 erant
681 4248 913 4304 genere,
975 4240 1166 4285 contra
1233 4231 1534 4302 principem
1585 4231 1709 4302 ejus
1767 4233 2032 4303 temporis

463 4325 809 4383 sacerdotum
869 4322 1208 4378 seditionem
1273 4324 1672 4388 concitassent,
1727 4326 1821 4396 qui
1885 4325 2031 4380 hunc

463 4418 831 4488 principatum
880 4413 1253 4483 appetebant,‘
1281 4414 1347 4468 ad
1389 4416 1722 4471 Antiochum
1774 4417 2029 4486 profecti,

459 4509 509 4563 ei
537 4505 890 4577 persuadent,
928 4503 1326 4561 utJudaaorum
1368 4507 1692 4577 religionem
1728 4509 1795 4564 ad
1844 4508 2032 4565 Graeca

459 4595 765 4650 transferat
811 4596 1088 4661 instituta,
1118 4604 1173 4652 et
1225 4598 1571 4668 gymnasium
1603 4601 1660 4654 in
1693 4601 1828 4655 urbe
1862 4601 2032 4656 aedili-

459 4686 694 4741 candum
729 4697 899 4744 curet.
932 4688 1144 4755 Quibus
1189 4691 1356 4747 rebus
1384 4693 1579 4763 gestis,
1636 4693 1711 4764 pii
1772 4695 2027 4750 homines

459 4778 788 4843 maerebant,
823 4777 970 4849 quod
1007 4787 1251 4850 apertam
1303 4789 1594 4838 cernerent
1642 4783 1824 4853 legum
1858 4785 2032 4838 viola-

458 4867 662 4922 tionem
694 4887 709 4923 :
745 4878 802 4923 at
856 4870 1068 4941 reliqua
1107 4871 1270 4927 turba
1299 4872 1473 4929 libere
1501 4872 1712 4946 absque
1736 4875 1848 4929 ullo
1879 4883 2029 4932 metu

457 4957 702 5013 divinam
728 4958 904 5030 legem
939 4961 1333 5026 conculcabat,
1373 4971 1428 5017 et
1474 4963 1530 5018 in
1585 4964 2030 5023 circumcisionis

459 5058 793 5120 praceptum
823 5053 1230 5108 contumeliose
1264 5053 1582 5110 invehebat.
1618 5053 2029 5113 Vehementiori

460 5147 643 5196 autem
677 5139 912 5196 conﬂata
949 5143 1242 5214 seditione,
1274 5159 1398 5200 cum
1433 5160 1500 5202 eo
1533 5147 1883 5218 pervenisset
1918 5151 2028 5204 An-

2127 3243 2288 3312 ἀγίαν
2308 3244 2355 3276 ⁸⁵
2398 3243 2730 3316 μητρόπολιν
2759 3246 3173 3317 κατεστρέψατο
3196 3263 3212 3279 ⁸
3249 3247 3495 3317 δύναμιν
3517 3249 3605 3321 γὰρ
3621 3248 3655 3279 ⁸³

2129 3333 2299 3404 αὐτὴν
2346 3333 2792 3404 προσηγόρευσε,
2834 3331 2926 3387 διὰ
2968 3334 3066 3405 τὴν
3099 3335 3436 3391 ἐπανθοῦσαν
3478 3337 3544 3407 τῷ
3570 3334 3656 3405 ναῷ

2127 3423 2428 3494 τηνικαῦτα
2482 3425 2714 3496 χάριν⁸⁶
2747 3423 2919 3482 θείαν.
2975 3426 3088 3480 Καὶ
3144 3427 3308 3482 τοῦτο
3339 3427 3654 3500 ,σαφέστερον

2128 3513 2296 3568 ποιῶν
2319 3516 2566 3586 ἐπήγαγε
2592 3531 2605 3544 ·

2203 3610 2255 3659 ι’.
2292 3623 2311 3657 ι
2347 3605 2458 3658 Καὶ
2488 3605 2835 3676 ὲμεγαλύνθη
2881 3606 2985 3672 ἕως
3017 3608 3117 3680 τῆς
3149 3609 3425 3681 δυνάμεως
3468 3607 3548 3661 τοῦ
3590 3608 3655 3660 ού-

2133 3698 2317 3768 ρανοῦ,
2344 3698 2441 3751 καὶ
2473 3697 2670 3751 ἔπεσεν
2701 3699 2794 3752 ἐπὶ
2815 3699 2914 3769 τὴν
2937 3701 3040 3770 γῆν
3067 3700 3178 3754 ἀπὸ
3208 3702 3309 3772 τῆς
3335 3699 3585 3769 δυνάμεως
3602 3697 3650 3758 ".

2130 3790 2226 3842 mi.
2247 3789 2351 3842 ἀπὸ
2377 3788 2486 3842 τῶν
2509 3789 2753 3861 ἀστέρων
2774 3789 2839 3855 ⁸³,
2862 3795 2955 3844 καὶ¹
2981 3793 3352 3861 συνεπάτησεν
3379 3788 3648 3850 αύτούς⁸¹.ι

2131 3879 2315 3933 Ταῦτα
2346 3879 2677 3948 σαφέστερον
2711 3883 2859 3952 ἡμᾶς
2893 3884 2927 3953 ἡ
2969 3883 3077 3934 τῶν
3122 3882 3486 3938 Μακκαϐαίων
3509 3879 3652 3950 βίϐλος

2131 3972 2166 4043 ἦ
2197 3988 2256 4024 τε
2285 3970 2477 4040 πρώτη
2511 3973 2608 4024 καὶ
2634 3974 2666 4042 ὴ
2694 3971 2922 4044 δευτέρα
2967 3972 3232 4041 διδάσκει,
3267 3974 3361 4027 καὶ
3400 3973 3653 4042 Ἰώσηππος

2131 4063 2186 4116 δὲ
2219 4066 2247 4117 0
2284 4065 2694 4135 ἱστοριογράφος
2737 4064 2984 4136 ἀκριϐῶς
3028 4066 3204 4119 ταῦτα
3242 4065 3555 4136 συνέγραψε,
3583 4063 3652 4115 καὶ

2131 4155 2293 4222 ἡμεῖς
2321 4152 2376 4206 δὲ
2409 4153 2688 4222 συντόμως
2717 4153 2785 4206 τά
2820 4155 2940 4207 κατ’
2971 4144 3132 4207 αὐτὸν
3161 4153 3530 4227 διηγησόμεθα.
3561 4150 3649 4202 Τῶν

2133 4243 2197 4297 ὲκ
2239 4244 2425 4311 γένους
2460 4242 2846 4314 ἀρχιερατικοῦ
2881 4243 3015 4315 πρὸς
3053 4245 3146 4298 τὸν
3187 4245 3474 4317 τηνικαῦτα
3508 4244 3652 4314 ἀρχιε·

2136 4335 2233 4405 ρέα
2280 4334 2389 4387 τῶν
2450 4333 2720 4388 Ἰουδαίων
2777 4339 3228 4402 στασιασάντων,
3266 4339 3314 4390 οἱ
3365 4337 3547 4404 ταύτης
3577 4332 3650 4398 τῆς

2136 4423 2307 4496 ἀρχῆς
2338 4424 2632 4495 ἐφιέμενοιν
2667 4425 2802 4495 πρὸς
2829 4426 2921 4480 τὸν
2953 4427 3225 4498 Ἀντίοχον
3255 4426 3646 4499 παραγενόμενοι,

2138 4516 2412 4570 πείθουσιν
2443 4517 2603 4568 αὐτὸν
2631 4516 2730 4587 τὴν
2773 4516 3072 4590 Ἰουδαῖκὴν
3104 4520 3373 4572 πολιτείαν
3395 4520 3466 4580 είς
3500 4513 3648 4582 Ἐλλη-

2137 4607 2291 4680 νικὴν
2346 4607 2702 4678 μεταϐάλλειν
2725 4609 2794 4677 ⁸ο,
2849 4609 2944 4662 καλ.
2989 4611 3290 4681 γυμνάσιον
3336 4613 3390 4666 ὲν
3425 4610 3482 4680 τῇ
3530 4604 3647 4659 πόλει

2135 4697 2507 4767 οἰκοδομῆσαι.
2553 4695 2770 4752 Τούτων
2803 4699 3111 4770 γενομένων
3134 4701 3202 4764 ⁸⁸,
3247 4701 3296 4754 oi
3328 4699 3422 4771 μὲν
3449 4694 3646 4754 εὐσεϐεῖς

2137 4789 2194 4840 ὲν
2219 4787 2434 4858 θρήνοις
2473 4783 2649 4858 ἦσαν,
2689 4787 2788 4860 τὴν
2817 4793 3067 4862 προφανῆ
3103 4791 3211 4845 τῶν
3263 4791 3432 4861 νόμων
3457 4786 3644 4861 ὁρῶντες

2137 4877 2483 4949 παράϐασιν,
2537 4879 2566 4932 0
2612 4879 2669 4933 δὲ
2718 4879 2904 4944 λοιπὸς
2947 4881 3135 4953 ὅμιλος
3187 4881 3354 4945 ἀδεῶς
3405 4880 3486 4933 τὸν
3535 4875 3648 4928 θεῖον

2136 4968 2326 5023 ἐπάτει
2369 4969 2551 5040 νόμον,
2597 4971 2695 5026 καὶ
2727 4974 2805 5036 εἰς
2827 4971 2926 5044 τὴν
2962 4971 3065 5044 τῆς
3097 4972 3388 5046 περιτομῆς
3417 4962 3646 5036 ἐξύϐριζον

2136 5061 2376 5132 ἐντολήν.
2431 5062 2802 5135 Σφοδροτέρας
2847 5064 2904 5118 δὲ
2951 5065 3252 5138 γενομένης
3294 5062 3387 5134 τῆς
3425 5059 3638 5117 στάσεως.

2137 5152 2468 5223 ἀφικόμενος
2517 5152 2545 5206 0
2586 5152 2857 5226 Ἀντίοχος
2904 5153 3190 5219 πλείστους
3237 5154 3336 5226 μὲν
3368 5147 3522 5208 ἀνεῖλε
3557 5141 3640 5197 τῶν

1799 5321 2038 5379 ΥΑΒΙιλΕ
2080 5324 2484 5387 LECTIONES.

530 5409 577 5441 '"
597 5407 786 5465 ﬁlea
827 5424 953 5465 cum
982 5409 1026 5464 B
1053 5409 1158 5481 leg.
1193 5410 1359 5467 Sirm.
1391 5413 1704 5484 ἀνεδήσατο.
1799 5415 1848 5447 ’³
1884 5408 1998 5472 οὗτ.
2064 5416 2104 5472 Β
2152 5420 2334 5483 αύτὸς.
2438 5419 2487 5453 ⁷⁸
2531 5421 2690 5494 μέρη.
2727 5421 2770 5476 Β
2809 5423 2958 5495 ἔθνη.

530 5477 618 5532 τά.
657 5477 699 5531 Β
749 5495 938 5546 prtem.
979 5482 1082 5535 ὅτι.
1157 5482 1203 5513 "’
1233 5480 1274 5532 Β
1322 5483 1665 5546 σημαίνεται.
1735 5483 1782 5517 ⁷⁸
1806 5502 1857 5539 τ.
1893 5503 2012 5546 κερ.
2039 5489 2084 5542 Α
2124 5490 2322 5544 αὐτῶν.
2400 5492 2442 5523 ⁷⁸
2469 5492 2544 5545 ἓν.
2597 5495 2716 5546 Des.
2762 5494 2816 5546 in
2853 5493 2912 5546 Β.

454 5479 502 5510 ’⁸
528 5477 618 5532 τά.
657 5477 699 5531 Β

3064 5425 3110 5456 ⁷³
3142 5425 3183 5476 Β
3225 5425 3254 5478 0
3295 5423 3382 5475 καὶ
3418 5412 3627 5486 Ἀρίδεοξε

749 5495 938 5562 mem:
979 5476 1132 5562 61%;:
1157 5482 1203 5513 "
1233 5480 1274 5532 Β
1322 5476 1665 5562 σῃμαίνέται.
1735 5483 1867 5562 ’ξ’-τὲ
1893 5503 2012 5562 κερ.
2039 5489 2086 5562 Α
2124 5476 2329 5562 αὐτῶν,
2400 5492 2442 5562 τμο
2469 5476 2563 5562 ἓνῖγ
2597 5476 2716 5547 hes.
2762 5476 2825 5548 in,
2853 5476 2957 5547 lt."
2983 5493 3031 5526 "°
3084 5493 3123 5547 Β
3149 5476 3507 5562 καλουμένουζ,
3535 5476 3630 5562 ’ξΒ

453 5546 732 5636 EI‘1'39-..
751 5546 813 5636 '1',
830 5548 1308 5636 ,καλέ-’.ξύναμιὶξο
1328 5546 1489 5636 ἐδέεο.
1516 5553 1680 5636 “ne
1754 5555 1800 5634 1'
1830 5553 1871 5636 Β
1899 5546 2270 5636 “exilitate.
2311 5560 2359 5590 ”
2402 5560 2502 5636 an
2548 5546 2732 5618 Βηδδο
2764 5546 2961 5636 emim-
3021 5546 3241 5636 -"idés
3268 5546 3403 5636 δ’δέ·
3467 5547 3626 5636 fxit-

547 5614 588 5670 B
613 5625 737 5694 po_st
759 5617 910 5673 θείαν
938 5619 1176 5694 ponitur.
1198 5614 1212 5622 ⁷
1252 5623 1295 5654 ⁸⁷
1324 5621 1437 5678 δυν.
1463 5624 1503 5677 A
1531 5620 1658 5678 add.
1689 5623 1782 5678 τοῦ
1811 5624 2062 5694 ούρανοῦ.

458 5686 502 5716 ’⁸
529 5686 642 5754 γτν.
671 5686 711 5740 Β
739 5686 1030 5758 ρηιῐιίδέ.

2165 5628 2211 5659 ⁸⁸
2243 5627 2287 5681 Α
2319 5641 2370 5684 et
2402 5619 2702 5702 Β’ἀστρων.
2781 5635 2825 5665 ⁸⁹
2880 5636 2922 5688 Α
2973 5619 3136 5690 αύτάξ
3158 5619 3249 5666 1”
3281 5633 3322 5685 Α
3344 5619 3623 5702 μεταϐαλεῖνο
