3898 6208
326 365 460 429 liii)

1516 363 1595 422 IN
1629 357 1983 422 DANIELIS
2019 356 2176 416 CAP.
2199 357 2364 416 VIII.

3429 355 3563 422 1446

323 475 600 538 εὐσεϐῶν,
667 473 965 544 τετόλμηκε
1028 473 1082 525 δὲ
1127 474 1218 526 καὶ
1263 476 1370 526 τῶν
1437 473 1527 526 τοῦ
1595 471 1724 526 ναοῦ
1773 469 1895 524 ἀδύ-

2011 466 2242 523 tioclius.
2287 466 2557 535 plurimos
2588 463 2708 536 pios
2755 464 3007 522 homines
3037 465 3264 532 Occidit,
3291 477 3344 522 ct
3393 484 3566 525 ausus

322 567 494 620 των⁹⁸
543 564 823 634 ἐπιϐῆναι.
874 565 985 617 Καὶ
1042 565 1236 628 ἐπιϐὰς
1291 565 1468 618 πάντα
1519 563 1747 632 ἐσύλησε
1801 563 1894 616 τὸν

323 655 496 718 νεὼν,
539 653 667 716 τούς
709 669 768 705 τε
807 651 1115 724 θησαυροὺς
1149 655 1644 724 σφετερισάμενος,
1679 655 1775 708 καὶ
1828 651 1899 706 τά

327 745 657 816 ἀναθήματα
697 745 935 807 ἃπαντα,
985 743 1292 815 ἐκπώματά
1319 762 1378 798 τε
1416 745 1509 799 καὶ
1540 746 1735 814 φιάλας
1759 786 1772 812 ,
1805 746 1899 799 καὶ

327 840 642 910 κρατῆρας,
675 837 768 890 καὶ
807 839 904 906 τὴν
945 840 1154 908 χρυσῆν
1184 837 1464 911 τράπεζαν
1489 880 1504 904 ,
1540 839 1633 892 καὶ
1665 839 1725 892 τὸ
1764 855 1898 909 χρυ-

329 929 456 983 σοῦν
483 929 839 999 θυμιατήριον
855 929 923 994 ’³,
949 931 1039 982 καὶ
1065 931 1164 993 τὰς
1197 933 1260 984 ἐκ
1305 931 1526 1000 χρυσίου
1577 947 1902 984 κατεσκευα-

331 1019 534 1088 σμένας
583 1018 802 1088 λυχνίας
829 1058 843 1077 .
888 1019 984 1071 καὶ
1017 1021 1192 1073 πάντα
1225 1021 1559 1086 ἁπαξαπλῶς
1607 1023 1703 1092 τῆς
1751 1023 1901 1085 θείας

337 1109 643 1182 ἱερουργίας
681 1109 748 1161 τὰ
798 1109 1026 1179 ὄργανα.
1077 1111 1220 1181 Πρὸς
1251 1112 1308 1164 δὲ
1350 1112 1561 1177 τούτοις
1595 1112 1686 1165 καὶ
1717 1111 1900 1182 βωμὸν

330 1201 389 1250 ἐν
432 1197 507 1268 τῷ
533 1197 628 1252 τοῦ
660 1198 795 1252 Θεοῦ
839 1200 942 1270 νεῷ
983 1202 1296 1272 ᾠκοδόμησε
1337 1203 1414 1272 τῷ
1444 1203 1526 1256 Διῒ
1551 1242 1565 1268 ,
1601 1205 1694 1256 καὶ
1725 1207 1902 1258 πᾶσαν

327 1286 386 1339 δέ
432 1286 531 1356 τὴν
584 1288 738 1340 πόλιν
769 1289 1004 1343 εἰδώλων
1043 1291 1310 1362 ἐνέπλησε
1335 1334 1348 1357 ,
1384 1293 1479 1346 καὶ
1513 1293 1719 1357 πάντας
1753 1293 1901 1348 θύειν

329 1379 669 1449 ἠνάγκαζεν·
707 1383 870 1444 αὐτὸς
900 1382 954 1435 δὲ
1001 1384 1093 1435 καὶ
1121 1386 1301 1454 χοῖρον
1340 1385 1530 1439 ἔθυσεν
1559 1387 1618 1439 ἐν
1657 1385 1732 1456 τῷ
1775 1387 1902 1458 θείῳ

333 1468 584 1540 βωμῷ⁹⁵,
609 1472 702 1524 καὶ
729 1472 848 1535 Διὸς
881 1473 1176 1543 Ὀλυμπίου
1199 1475 1291 1528 τὸν
1317 1475 1450 1528 νεὼν
1467 1477 1900 1548 προσηγόρευσε.

331 1559 516 1614 Ταῦτα
553 1562 766 1616 ᾶπαντα
799 1564 828 1615 ό
881 1566 1150 1634 μακάριος
1199 1567 1547 1636 προδιδάσκει
1569 1569 1614 1601 ⁸⁸
1664 1570 1862 1640 Δανιὴλ
1885 1587 1898 1600 ·

329 1654 436 1725 ὁρᾷ
464 1655 572 1724 γὰρ
602 1655 691 1708 διὰ
716 1655 818 1708 τοῦ
854 1656 1103 1723 κέρατος
1154 1657 1315 1710 αὑτὸν
1343 1659 1432 1712 τὸν
1473 1659 1765 1730 Ἀντίοχον,
1821 1661 1903 1714 ὅτι

335 1764 356 1797 ι
397 1747 736 1818 ἐμεγαλύνθη
761 1747 866 1812 ἕως
899 1748 998 1819 τῆς
1026 1749 1306 1820 δυνάμεως
1328 1751 1422 1804 τοῦ
1445 1750 1695 1822 ούρανοῦ,
1728 1770 1746 1802 ι
1783 1751 1904 1805 ἀντὶ

1995 568 2084 614 est
2115 560 2278 613 etiam
2312 559 2365 613 in
2404 558 2548 614 sacri
2582 557 2770 627 templi
2821 557 2984 629 adyta
3039 559 3266 630 ingredi.
3303 561 3423 627 Quo
3483 564 3566 617 in-

1996 665 2225 720 gressus
2257 651 2442 704 omnia
2492 665 2616 720 quae
2645 650 2837 720 templi
2899 660 3060 705 erant
3124 653 3396 720 praedatus
3457 663 3564 718 est,

1999 740 2276 796 thesauris
2327 741 2434 796 sibi
2497 741 2820 805 vindicatis,
2871 750 2926 797 et
2972 745 3254 812 usurpatis
3309 746 3566 801 munibus

1997 830 2268 900 donariis,
2300 834 2615 902 poculis,et
2651 836 2870 904 phialis,
2904 843 2959 888 et
2982 839 3325 899 eratet-ibus,
3363 853 3565 892 aurea-

2000 941 2108 994 que
2133 941 2346 989 mensa,
2371 937 2425 981 et
2457 938 2631 981 aureo
2672 927 2979 990 litlﬂ‘IbltIO,
3025 937 3081 982 et
3114 929 3460 984 candelabris
3501 945 3564 984 ex

2001 1032 2138 1072 auro
2167 1017 2462 1082 confectis,
2487 1027 2542 1074 et
2573 1019 2829 1074 omnibus
2857 1021 3083 1075 omnino
3112 1021 3285 1075 divini
3319 1022 3568 1075 ministe-

2001 1110 2067 1164 rii
2108 1111 2272 1166 vasis.
2336 1111 2501 1164 Aram
2569 1111 2798 1181 insuper
2853 1113 3068 1182 1218
3125 1113 3181 1166 in
3217 1113 3308 1166 Dei
3365 1114 3570 1182 templo

1997 1198 2121 1254 Jovi
2158 1201 2492 1268 construxit,
2530 1218 2863 1273 omnemque
2897 1203 3086 1258 urbem
3125 1203 3286 1258 idolis
3327 1205 3568 1274 comple-

1999 1295 2098 1362 vit,
2134 1303 2188 1350 et
2227 1309 2420 1350 omnes
2461 1297 2774 1352 sacriﬁcare
2827 1297 3059 1366 cogebat
3092 1315 3106 1352 :
3141 1306 3194 1351 et
3233 1297 3352 1367 ipse
3401 1298 3566 1351 etiam

2001 1401 2156 1441 suem
2199 1385 2254 1440 in
2302 1386 2486 1440 divina
2547 1402 2641 1441 ara
2699 1389 2981 1454 mactavit,
3037 1404 3100 1443 ac
3127 1387 3281 1444 Iovis
3334 1387 3569 1458 Olympii
3644 1403 3647 1405 ·

2000 1477 2262 1547 templum
2297 1478 2659 1548 nuncupavit.
2720 1477 2847 1534 Hec
2889 1481 3074 1534 omnia
3123 1480 3318 1534 beatus
3380 1477 3570 1532 Daniel

2001 1568 2177 1623 multo
2211 1575 2339 1624 ante
2384 1568 2567 1628 docet.
2625 1567 2787 1624 Videt
2845 1569 2992 1625 enim
3048 1583 3144 1639 per
3181 1581 3343 1622 cornu
3389 1567 3568 1637 ipsum

2001 1657 2356 1723 Antiochum,
2396 1659 2490 1730 qui
2555 1679 2574 1712 ι
2619 1674 2850 1731 magnus
2896 1659 3080 1716 factus
3141 1667 3230 1716 est
3277 1673 3451 1729 usque
3501 1657 3570 1712 ad

2003 1751 2259 1806 virtutem
2292 1753 2442 1816 caeli,
2478 1769 2497 1803 ι
2538 1751 2589 1805 id
2619 1757 2722 1818 est,
2755 1753 2970 1806 insania
3004 1761 3196 1807 contra
3253 1751 3433 1822 ipsum
3481 1763 3570 1804 re-

337 1837 449 1903 τοῦ,
477 1841 544 1909 τῇ
588 1839 752 1909 μανίᾳ
781 1838 903 1892 κατ’
927 1840 1094 1894 αὐτοῦ
1123 1840 1218 1893 τοῦ
1263 1841 1398 1896 Θεοῦ
1433 1841 1540 1895 τῶν
1579 1842 1714 1896 ὅλων
1739 1844 1901 1913 ἐχρή-

2011 1857 2126 1896 runt
2163 1843 2409 1898 omnium
2445 1851 2728 1898 auctorem
2755 1843 2926 1898 Deum
2959 1843 3274 1899 concitatus
3319 1851 3426 1905 est,
3476 1840 3570 1896 cui

333 1943 508 1989 σατο,
557 1921 602 1995 ᾧ
655 1929 748 1980 καὶ
795 1931 823 1980 ὁ
867 1927 1005 1991 λεὼς
1054 1929 1196 1981 καὶὸ
1232 1928 1367 1992 νεὼς
1411 1930 1672 1985 ἀνέκειτο.
1727 1949 1746 1983 ι
1796 1932 1905 1985 Καὶ

330 2016 526 2071 ἔπεσεν
553 2017 646 2071 ἐπὶ
668 2018 765 2090 τὴν
799 2019 902 2090 γῆν
943 2019 1052 2072 ἀπο
1075 2019 1177 2090 τῆς
1213 2019 1496 2090 δυνάμεως
1531 2023 1623 2075 καὶ
1655 2021 1764 2076 άπὸ
1795 2022 1904 2074 τῶν

328 2108 609 2179 ἀστέρων,
655 2111 750 2164 καὶ
787 2112 1163 2182 συνεπάτησεν
1192 2112 1404 2177 αὐτούς.
1454 2133 1474 2166 ι
1515 2114 1764 2167 Πλεῖστοι
1797 2115 1905 2186 γὰρ

332 2200 400 2251 ἐκ
423 2199 516 2252 τοῦ
546 2199 697 2265 λαοῦ,
726 2202 816 2255 τὸν
839 2200 932 2256 τοῦ
963 2203 1097 2257 Θεοῦ
1137 2204 1480 2275 παραϐάντες
1500 2207 1546 2238 ⁸⁸
1579 2205 1771 2274 νόμον,
1803 2205 1905 2273 τῆς

331 2288 444 2342 τῶν
491 2291 756 2361 οὐρανίων
789 2293 1042 2360 ἐξέπεσον
1084 2293 1291 2358 τάξεως
1312 2297 1378 2361 ⁸⁷,
1408 2297 1500 2348 καὶ
1529 2296 1632 2348 ὑπὸ
1660 2295 1759 2364 τῆς
1785 2295 1908 2349 τού-

332 2395 431 2432 του
459 2382 922 2455 κατεπατήθησαν
958 2387 1290 2456 τυραννίδος,
1333 2388 1472 2456 σςρᾶς
1509 2387 1706 2451 αὐτοὺς
1731 2405 1905 2441 κατα-

331 2461 616 2536 λύσαντες.
654 2474 935 2543 Ἀστέρας
964 2477 1020 2529 δὲ
1048 2477 1245 2539 αὐτοὺς
1268 2477 1518 2547 ὠνόμασε
1542 2477 1630 2531 διὰ
1660 2477 1720 2530 τὸ
1751 2494 1908 2548 περι-

333 2563 505 2632 φανὲς
533 2565 628 2618 καὶ
658 2565 910 2638 λαμπρὸν
939 2567 1038 2636 τῆς
1058 2567 1360 2632 εὐσεϐείας.
1391 2568 1695 2622 Αίνίττεται
1727 2569 1784 2622 δέ
1813 2568 1907 2622 καὶ

332 2652 436 2725 τὴν
475 2653 610 2725 πρὸς
646 2655 737 2708 τὸν
781 2655 1030 2725 Ἀϐραὰμ
1067 2656 1400 2726 ὑπόσχεσιν·
1439 2675 1458 2707 ι
1513 2657 1731 2726 Ποιήσω
1773 2655 1904 2727 γὰρ,

333 2744 494 2813 φησι,
511 2744 570 2796 τὸ
592 2744 809 2816 σπέρμα
836 2763 952 2812 σου,
977 2745 1052 2809 ὼς
1079 2745 1204 2809 τοὺς
1228 2746 1463 2817 ἀστέρας
1482 2746 1574 2799 τοῦ
1603 2745 1854 2817 ούρανοῦ.
1881 2766 1900 2798 ι

337 2837 457 2889 Οὐκ
497 2836 730 2908 ηρκέσθη
755 2838 956 2910 γὰρ⁹⁸,
995 2839 1153 2908 φησι,
1179 2839 1258 2909 τῷ
1293 2838 1649 2909 συμωτῆσαι
1681 2839 1907 2904 πολλοὺς

335 2928 449 2983 τῶν
477 2929 824 3001 καλουμένων
854 2931 1141 2998 ἀστέρων,
1171 2929 1306 2983 ἀλλὰ
1332 2931 1427 2982 καὶ

415 3051 504 3098 ια’.
548 3063 565 3095 ι
602 3044 746 3107 Ἕως
763 3045 808 3076 ⁹⁹
855 3043 1112 3114 ἄρχοντος
1138 3042 1236 3112 τῆς
1277 3041 1555 3112 δυνάμεως
1587 3041 1845 3114 ἠδρύνθη.
1885 3061 1904 3096 ι

2003 1942 2057 1989 et
2085 1935 2319 2004 populus
2345 1943 2399 1990 et
2439 1935 2700 2005 templum
2737 1935 3046 1991 dedicatum
3069 1943 3204 1991 erat.
3229 1951 3249 1988 ι
3281 1935 3346 1990 Et
3373 1933 3572 1990 cecidit

2005 2027 2060 2081 in
2090 2036 2292 2082 terram
2324 2026 2395 2082 de
2421 2026 2624 2083 virtute
2651 2035 2705 2082 et
2745 2025 2817 2082 de
2872 2026 3068 2091 stellis,
3122 2035 3179 2082 et
3226 2025 3574 2082 conculcavit

2003 2132 2119 2174 eas.
2159 2137 2179 2171 ι
2221 2117 2449 2173 Plurimi
2481 2118 2632 2174 enim
2663 2134 2727 2172 ex
2778 2119 3018 2188 populo,
3052 2119 3255 2174 violata
3300 2118 3392 2173 Dei
3429 2118 3567 2187 lege.

2003 2226 2070 2266 ex
2099 2210 2292 2282 ordine
2332 2211 2642 2266 caelestium
2693 2210 3052 2271 exciderunt.
3081 2219 3134 2266 et
3165 2213 3234 2267 ab
3274 2212 3437 2266 istius
3487 2219 3574 2280 ty-

2005 2299 2238 2354 rannide
2265 2300 2574 2355 conculcati
2609 2307 2760 2366 sunt,
2796 2299 2890 2369 qui
2924 2300 3139 2370 seipsos
3185 2300 3567 2370 perdiderunt.

2005 2391 2082 2446 Ac
2114 2392 2298 2447 stellas
2325 2391 2476 2463 ipsos
2499 2401 2724 2463 propter
2755 2393 3096 2448 nobilitatem
3122 2392 3577 2460 splendoremque

2004 2480 2227 2550 pietatis
2251 2481 2574 2552 appellavit,
2633 2481 2926 2550 innuitque
2975 2480 3122 2550 quod
3157 2479 3288 2534 olim
3340 2478 3578 2534 Abralm

2007 2570 2344 2640 promissum
2391 2569 2514 2624 fuit.
2551 2587 2570 2620 ι
2610 2567 2830 2623 Faciam
2883 2569 3028 2624 enim
3060 2583 3245 2624 semen
3281 2574 3459 2631 tuum,
3486 2568 3576 2621 in-

2005 2661 2150 2728 quit,
2181 2661 2329 2715 sicut
2354 2661 2543 2714 stellas
2573 2660 2766 2714 cmlis.
2804 2677 2824 2711 ι
2865 2658 3055 2729 Neque
3098 2660 3243 2716 enim
3275 2668 3574 2716 contentus

2007 2751 2133 2812 fuit.
2168 2751 2364 2822 inquit,
2401 2750 2766 2805 conculcasse
2797 2751 2983 2821 plures
3006 2765 3197 2806 eorum
3218 2790 3234 2816 ,
3264 2750 3359 2821 qui
3397 2733 3592 2806 διειιέ

2008 2843 2374 2907 vocabantur,
2405 2840 2501 2897 sed
2533 2841 2700 2897 etiam

2081 3046 2250 3101 Vens.
2283 3045 2372 3100 ll.
2412 3063 2431 3096 ι
2466 3041 2652 3114 Usque
2691 3045 2758 3098 ad
2787 3043 3090 3114 principem
3119 3043 3341 3099 virtutis
3367 3043 3578 3114 magni-

338 3137 421 3206 Τῇ
453 3137 562 3208 γὰρ
605 3135 770 3207 λύττῃ
804 3137 896 3189 καὶ
931 3137 1098 3207 μανίᾳ
1130 3135 1251 3188 κατ’
1290 3133 1454 3188 αὑτοῦ
1498 3134 1593 3188 τοῦ
1633 3134 1766 3188 Θεοῦ
1811 3135 1908 3189 καὶ

2017 3137 2210 3192 licatus
2243 3143 2345 3192 est.
2381 3154 2401 3188 ι
2441 3135 2613 3192 Rabie
2641 3137 2788 3191 enim
2833 3143 2886 3191 et
2907 3136 3125 3191 insania
3166 3143 3362 3191 contra
3394 3135 3576 3206 ipsum

339 3229 604 3300 βασιλέως
634 3228 862 3300 ταυτησὶ
887 3228 987 3296 τῆς
1017 3229 1316 3297 δυνάμεως,
1340 3229 1607 3293 τουτέστι,
1635 3227 1727 3281 τοῦ
1754 3229 1914 3294 ἁγίου

340 3319 495 3382 λαοῦ,
535 3321 837 3392 ἐχρήσατο·
878 3319 970 3372 καὶ
1039 3317 1211 3372 ταῦτα
1254 3317 1442 3384 ποιῶν,
1480 3318 1633 3387 φησι,
1668 3317 1908 3386 διετέλει,

347 3430 368 3462 ι
408 3411 552 3474 Ἕως
578 3404 638 3463 οῦ
669 3412 697 3464 ό
725 3411 1164 3481 ἀρχιστράτηγος
1195 3409 1424 3480 ῥύσηται
1445 3410 1463 3441 ¹
1495 3409 1594 3479 τὴν
1634 3408 1911 3479 αἰχμαλω-

343 3504 502 3556 σίανο
535 3521 553 3554 ›
583 3502 704 3556 ἀντὶ
747 3501 840 3555 τοῦ
869 3541 883 3566 ,
939 3501 1130 3572 μέχρις
1175 3501 1241 3554 ἂν
1280 3501 1378 3570 τῆς
1427 3500 1634 3555 ἄνωθεν
1664 3501 1913 3571 τύχωμεν

346 3595 554 3664 ῥοπῆς,
600 3595 695 3648 καὶ
735 3593 822 3646 διὰ
857 3591 950 3645 τοῦ
981 3592 1407 3661 ἐπιτεταγμένου
1435 3591 1780 3660 ἀρχαγγέλου
1816 3592 1914 3660 τὴν

343 3686 620 3756 ἡμετέραν
673 3684 1050 3754 προστασίαν,
1105 3683 1361 3752 τύχωμεν
1432 3681 1724 3752 σωτηρίας.
1785 3679 1916 3735 Εἶτα

348 3779 679 3850 σαφέστερον
725 3777 791 3830 τὰ
825 3776 930 3830 ὑπὸ
977 3773 1071 3829 τοῦ
1137 3775 1412 3844 Ἀντιόχου
1461 3773 1915 3844 τολμηθησόμενα

345 3871 781 3941 προδιδάσκεται.
817 3887 834 3920 ι
873 3870 982 3922 Καὶ
1009 3867 1076 3922 δι’
1118 3866 1299 3932 αὑτὸν,
1342 3867 1495 3937 φησὶ,
1528 3865 1688 3918 θυσία
1720 3864 1917 3936 ἐταρά-

345 3962 484 4031 χθη¹
518 3959 973 4031 παραπτώματι³.
1005 3978 1024 4011 ι
1055 3959 1129 4012 Ού
1157 3957 1451 4029 συνεχώρει
1475 3956 1621 4028 γάρδ
1652 3956 1749 4020 τὰς
1774 3956 1916 4010 κατὰ

346 4053 512 4122 νόμον
557 4052 750 4114 θυσίας
806 4050 1248 4121 προσφέρεσθαι,
1303 4048 1439 4102 ἀλλὰ
1487 4047 1564 4119 τῷ
1621 4047 1918 4119 Ἐλληνικῷ

345 4145 537 4215 τρόπῳ
608 4143 812 4206 ταύτας
859 4140 1222 4195 ἐπιτελεῖσθαι
1270 4138 1599 4210 ὴνάγκαζεν.
1652 4136 1789 4194 Εἶτα
1822 4141 1918 4192 ἐπ-

349 4238 474 4304 άγει
501 4253 514 4264 ·
553 4255 570 4286 ι
607 4237 726 4288 Ὀτι
762 4235 854 4287 καὶ
893 4233 1146 4302 ἐγενήθη,
1180 4235 1273 4286 καὶ
1317 4233 1654 4302 κατευοδὼθη
1683 4231 1847 4301 αὐτῷ.
1893 4251 1912 4282 ›

347 4327 500 4387 Τέως
541 4325 650 4396 γὰρ
689 4327 841 4378 οὐδὲν
891 4325 1204 4395 ἐμπόδισμα
1260 4324 1451 4398 γέγονε
1495 4323 1704 4377 κωλύον
1753 4322 1917 4376 αὑτοῦ

345 4421 449 4489 τὴν
477 4417 693 4471 λύτταν.

2014 3227 2181 3284 Deum
2209 3236 2264 3284 et
2282 3243 2463 3299 regem
2489 3227 2656 3298 hujus
2679 3229 2924 3293 virtutis,
2947 3228 3002 3282 id
3033 3236 3139 3296 est,
3165 3227 3351 3300 populi
3374 3229 3576 3295 sancti,

2013 3322 2258 3387 exarsit;
2335 3331 2388 3377 et
2455 3321 2571 3376 haec
2634 3320 2836 3386 facere,
2900 3323 3101 3391 inquit,
3165 3321 3576 3391 perseverabat,

2019 3433 2038 3466 ι
2077 3414 2260 3468 Donec
2298 3414 2558 3484 princeps
2591 3415 2868 3468 exercitus
2925 3413 3181 3468 liberaret
3237 3414 3509 3483 captivos,
3554 3432 3574 3466 ι

2014 3507 2067 3561 id
2101 3515 2205 3567 est,
2247 3508 2419 3560 donec
2467 3521 2624 3575 opem
2687 3506 2928 3560 divinam
2983 3520 3475 3574 consequeremur,
3525 3513 3581 3559 et

2013 3611 2115 3650 nos
2148 3611 2243 3665 per
2275 3596 2668 3666 archangelum
2703 3594 2879 3660 illum,
2910 3594 2997 3647 cui
3029 3609 3232 3648 munus
3267 3594 3369 3647 hoc
3404 3593 3573 3662 impo-

2015 3688 2183 3744 situm
2221 3696 2326 3752 est,
2363 3695 2420 3739 ut
2457 3695 2646 3741 noster
2688 3685 2761 3738 sit
2790 3699 2998 3754 praeses
3047 3691 3102 3738 et
3144 3692 3350 3748 custos,
3405 3682 3582 3752 adipi-

2016 3794 2297 3834 sceremur
2326 3778 2580 3833 salutem.
2618 3776 2826 3832 Deinde
2865 3775 3144 3844 apertius'
3177 3790 3299 3844 quae
3341 3789 3581 3829 ausurus

2015 3868 2157 3924 foret
2208 3869 2537 3932 Antiochus,
2595 3867 2992 3937 praedicuntur.
3032 3883 3052 3918 ι
3087 3865 3149 3920 Et
3213 3865 3429 3936 1219
3487 3881 3584 3936 per

2016 3961 2216 4030 ipsum,
2249 3959 2450 4030 inquit,
2477 3960 2810 4014 sacriﬁcium
2837 3959 3119 4012 turbatum
3153 3965 3237 4013 est
3277 3968 3521 4028 peccato.
3560 3977 3578 4010 ι

2016 4051 2206 4120 Neque
2236 4053 2380 4106 enim
2414 4049 2767 4118 permittebat
2812 4047 3116 4103 secundum
3169 4046 3345 4116 legem
3399 4045 3582 4102 oficn'i

2018 4142 2310 4206 sacrificia,
2332 4141 2426 4197 sed
2461 4139 2652 4196 Graeco
2676 4141 2783 4194 ritu
2815 4155 2877 4194 ea
2930 4140 3117 4209 perﬁci
3157 4139 3401 4208 cogebat.
3442 4137 3580 4191 Tum

2019 4235 2277 4304 subjicit:
2320 4251 2338 4284 ι
2376 4233 2513 4297 Quia
2538 4235 2704 4286 ctiam
2745 4231 2948 4285 factum
2978 4238 3096 4293 est,
3123 4236 3177 4282 et
3225 4243 3486 4296 prospere
3535 4229 3580 4279 ei

2019 4321 2307 4377 successit.
2336 4343 2353 4372 ι
2388 4320 2542 4374 Tunc
2563 4321 2708 4373 enim
2743 4319 3194 4388 impedimentum
3221 4316 3431 4369 nullum
3459 4315 3581 4380 fuit,

2021 4413 2167 4485 quod
2206 4413 2325 4480 ejus
2356 4412 2564 4465 rabiem
2597 4418 2890 4464 coerceret.

423 4531 512 4600 ιβ’.
551 4531 700 4585 (Καὶ
736 4531 798 4583 τὸ
845 4530 1019 4597 ἅγιον,
1078 4527 1262 4598 φησὶν,
1312 4524 1766 4597 ἐρημωθήσεται,
1823 4525 1908 4578 καὶ

2090 4521 2256 4577 Vens.
2296 4521 2382 4575 l2.
2415 4539 2433 4572 ι
2470 4519 2536 4572 Ει
2565 4529 2840 4583 sanctum,
2893 4515 3092 4586 inquit,
3126 4515 3483 4571 desolabitur.
3521 4513 3587 4568 Et

347 4621 530 4691 ἐδόθη,
569 4621 754 4693 φησὶν,
785 4621 877 4672 ἐπὶ
906 4619 1007 4690 τὴν
1036 4619 1226 4671 θυσίαν
1270 4617 1535 4688 ἁμαρτία,
1584 4615 1678 4669 καὶ
1713 4615 1914 4686 ἐρρίφη

349 4713 527 4783 χαμαὶ
581 4714 615 4782 ὴ
659 4711 991 4782 δικαιοσύνη,
1046 4711 1139 4764 καὶ
1185 4710 1428 4779 ἐποίησε,
1459 4709 1553 4762 καὶ
1597 4706 1852 4778 εὐοδώθη.
1895 4725 1915 4759 ι

349 4804 538 4875 Μανίᾳ
550 4803 658 4875 γὰρ
680 4803 774 4856 καὶ
789 4800 1061 4874 τυραννίδι
1079 4801 1378 4872 χρώμενος,
1405 4800 1590 4870 μιᾶναι
1623 4798 1722 4868 μὲν
1738 4797 1920 4851 τετόλ-

353 4910 502 4964 μηκε
535 4893 595 4946 τὸ
621 4893 1002 4964 θυσιαστήριον
1024 4892 1321 4963 παρανόμῳ
1353 4889 1514 4960 θυσίᾳ
1554 4888 1919 4960 χρησάμενος,

351 4986 560 5056 ἔρημον
606 4985 662 5038 δὲ
715 4984 812 5038 τοῦ
841 4984 1046 5053 κόσμου
1087 4983 1178 5036 τὸν
1229 4981 1371 5034 θεῖον
1415 4980 1716 5051 κατέστησε
1765 4979 1919 5044 νεὼν,

352 5077 600 5130 ἐπάτησε
626 5075 682 5130 δέ
713 5076 812 5147 τῆς
837 5075 1181 5145 δικαιοσύνης
1205 5075 1334 5138 τοὺς
1376 5073 1596 5143 νόμους,
1625 5070 1717 5124 τὸν
1735 5070 1921 5124 ἄδικον

429 5269 456 5297 ι
491 5254 626 5311 Gen.
667 5268 802 5320 uti,
831 5253 917 5308 l7.

2020 4614 2209 4669 datum
2237 4619 2345 4674 est,
2379 4611 2578 4680 inquit,
2612 4624 2776 4677 super
2806 4607 3144 4664 sacriﬁcium
3177 4615 3464 4678 peccatum
3488 4649 3501 4674 ,
3533 4617 3586 4661 et

2022 4705 2262 4775 projecta
2294 4710 2380 4757 est
2403 4701 2458 4755 in
2491 4708 2694 4755 terram
2719 4699 2958 4765 iustitia,
2987 4706 3041 4754 et
3063 4698 3211 4764 fecit,
3235 4707 3288 4754 et
3324 4715 3588 4770 prospere

2023 4793 2308 4851 successit.
2352 4810 2370 4843 ι
2427 4790 2637 4846 Furore
2692 4791 2838 4846 enim
2901 4791 3144 4860 percitus
3197 4799 3252 4845 et
3297 4791 3587 4862 tyrannide

2026 4894 2208 4947 utens,
2245 4883 2492 4954 polluere
2533 4896 2704 4938 ausus
2736 4891 2820 4937 est
2850 4883 3045 4947 altare,
3086 4890 3311 4953 peracto
3369 4899 3474 4937 non
3511 4883 3588 4938 le-

2029 4978 2222 5052 gitimo
2251 4975 2566 5040 sacrificio;
2595 4989 2830 5028 vacuum
2866 4975 3048 5028 autem
3094 4973 3162 5030 ab
3189 4983 3384 5029 ornatu
3448 4973 3586 5026 divi-

2031 5087 2159 5128 nqu
2189 5068 2452 5139 templum
2491 5066 2640 5126 fecit.
2664 5065 3006 5138 justitiaque
3031 5067 3177 5138 leges
3223 5065 3591 5127 conculcavit,

1633 5400 1868 5457 VARIE
1903 5397 2310 5457 LECTIONES.

437 5590 483 5620 ’¹
506 5588 588 5641 ἀδ.
642 5583 684 5636 Β
732 5582 929 5636 α’ἷδλῶν.
1005 5581 1050 5613 ⁸³
1074 5578 1116 5632 Β
1142 5577 1546 5644 θυσιαστήριον.
1619 5574 1666 5607 ⁸⁸
1693 5573 1880 5647 βωμῷ,
1914 5575 1954 5628 Β
1983 5577 2106 5649 νεῷ,
2182 5577 2227 5610 η
2258 5576 2297 5631 Β
2326 5576 2650 5632 διδάσκεται.
2731 5577 2776 5609 u
2808 5573 2850 5628 Β
2876 5591 2950 5626 πα

437 5659 692 5714 στάσεως.
769 5654 813 5686 ⁸⁸
839 5655 966 5714 γάρ.
1005 5650 1125 5705 Des.
1161 5650 1214 5702 in
1235 5647 1294 5703 Β.
1395 5647 1439 5677 9°
1471 5645 1670 5705 ἐως-
1703 5644 1818 5714 ήδρ.
1880 5644 1998 5701 Des.
2054 5652 2106 5703 in
2161 5650 2224 5704 Α.
2319 5648 2334 5679 ί
2365 5645 2406 5700 Β
2458 5647 2699 5714 ῥύσεται,
2801 5647 2924 5699 in,

1550 5661 1670 5705 ς--
1703 5661 1818 5705 ηορ.
1881 5661 1998 5701 υεε.
2054 5666 2106 5703 lll
2161 5661 2224 5704 Α.

362 5657 406 5710 Β
433 5659 692 5718 στάσεως.
769 5654 813 5686 ⁸⁸
839 5655 966 5721 γάρ.
1005 5650 1125 5705 Des.
1161 5647 1294 5721 inB_.

360 5725 584 5798 ἐτάχθη.
655 5715 680 5756 ’⁸
708 5715 998 5795 παρίίὶὶιε.
1035 5721 1087 5774 in
1119 5721 1181 5774 Α.
1259 5718 1281 5748 ⁵
1311 5716 1442 5786 γάρ.
1469 5716 1510 5765 Β
1540 5715 1661 5768 add.
1712 5715 1863 5784 φησί.

3391 5563 3435 5597 ’⁷
3466 5563 3589 5627 τάξ.

2326 5576 2650 5632 διδάσκεται.
2731 5577 2776 5609 ’⁸
2808 5573 2850 5628 Β
2876 5571 3318 5693 παὲαόαίνοντεθς.
3391 5571 3434 5597 ’⁷
3466 5571 3589 5646 τάξ.

2319 5648 2334 5679 ⁸
2365 5645 2406 5700 Β
2458 5647 2699 5718 ῥύσεται.
2801 5647 2821 5674 ³
2846 5647 2924 5699 ἐτ.
3022 5656 3074 5694 tn
3110 5650 3348 5706 margine
3373 5647 3591 5704 appontt
