3898 6208
414 326 547 397 1447

1402 327 1889 389 THEODORETI
1925 327 2261 389 EPISCOPI
2285 329 2649 389 CYRENSIS

3512 327 3628 394 1448

410 443 619 513 iniusta
649 439 758 512 piis
781 437 1098 495 hominibus
1129 437 1280 490 illata
1315 451 1449 490 nece
1475 455 1485 488 :
1522 444 1577 490 et
1608 437 1826 490 interim
1854 451 1978 489 cum

2100 437 2240 504 ρόνον
2271 440 2380 498 τοῖς
2403 436 2682 489 εὐσεϐέσιν
2752 434 3072 503 ἐπαγαγὼν,
3127 437 3225 488 καὶ
3274 437 3429 502 τέως,
3461 445 3628 510 φησὶν,

411 535 529 590 haec
572 534 798 596 faceret,
857 529 1056 599 inquit,
1100 547 1117 578 ι
1157 542 1420 596 prospere
1473 528 1523 580 ei
1582 527 1933 582 succedebat.
1962 545 1980 578 ι

413 626 645 688 Deinde,

483 718 644 772 Vens.
675 716 756 769 l5.
786 733 804 765 ι
834 711 1030 766 Audivi
1061 709 1352 781 quemdam
1374 710 1986 780 sanctumloquentem,

411 811 627 868 etdixit
675 815 902 862 sanctus
957 806 1180 874 quidam
1223 804 1301 857 illi
1356 804 1600 873 loquenti
1638 822 1650 858 :
1687 803 1990 874 Usquequo

412 898 557 951 visio
589 897 776 957 stabit,
808 903 860 948 et
904 892 1242 947 sacrificium
1287 892 1556 957 ablatmn,
1615 902 1667 947 et
1702 902 1988 962 peceatum

411 987 768 1042 desolationis
795 987 1008 1048 datum,
1048 993 1102 1038 et
1129 993 1408 1046 sanctum,
1451 991 1505 1037 et
1552 983 1822 1038 fortitudo
1857 999 1991 1038 con-

411 1077 762 1135 culeabitur?
815 1095 834 1128 ι
886 1075 1166 1129 ΡΙιεΙηιιιηὶ
1228 1075 1417 1129 Graeca
1469 1075 1796 1128 translatum
1861 1088 1992 1128 voce

411 1168 687 1240 quemdam
720 1167 1010 1238 signiﬁcat,
1045 1167 1207 1235 idque
1234 1173 1470 1220 testatur
1504 1164 1772 1235 Syrorum
1803 1166 1991 1234 lingua

415 1258 653 1312 llebrzraa
681 1256 880 1311 amnis.
912 1257 1001 1308 Ait
1030 1257 1217 1325 itaque
1240 1256 1438 1309 beatus
1470 1255 1658 1309 Daniel
1691 1273 1703 1308 :
1735 1274 1751 1306 ι
1787 1254 1991 1309 Audivi

413 1351 703 1419 quemdam
758 1358 1010 1402 sanctum
1047 1363 1114 1401 ex
1150 1348 1260 1401 alio
1316 1354 1514 1401 sancto
1569 1355 1926 1416 querentem.
1968 1365 1988 1398 ι

417 1439 480 1493 Et
518 1440 864 1510 perspicuum
919 1447 1006 1494 est
1053 1439 1208 1492 illum
1245 1439 1450 1495 vidisse
1496 1442 1723 1511 angelos
1765 1440 1910 1494 inter
1935 1453 1996 1494 se

415 1533 812 1596 colloquentes.
855 1539 924 1584 ae
949 1530 1166 1585 discere
1187 1533 1472 1600 cupientes
1493 1571 1510 1596 ,
1541 1539 1810 1602 quantum
1840 1530 1994 1586 futu-

416 1640 537 1679 rum
591 1625 663 1678 sit
723 1622 1028 1677 temeraria:
1086 1622 1387 1692 impietatis
1451 1625 1891 1694 iniquitatisque.
1941 1633 1995 1679 et

416 1715 782 1770 desolationis
820 1714 1026 1783 templi,
1052 1722 1105 1768 et
1154 1714 1378 1769 minime
1427 1717 1655 1786 legitimi
1685 1716 1992 1772 detestabi-

2097 548 2114 580 ι
2155 528 2421 581 εὐωδοῦτο
2460 546 2480 580 ι
2521 526 2692 580 ταῦτα
2724 526 2914 580 ποιῶν.
2953 519 3108 590 Εἶτα,

2164 699 2252 770 ιγ’.
2291 719 2310 752 ι
2345 701 2592 756 Ἤκουσά
2612 720 2756 766 τινος
2777 704 2797 736 ⁸
2828 703 2986 772 ἁγίου
3019 705 3040 735 ⁸
3064 703 3371 769 λαλοῦντος.
3397 709 3485 760 καὶ
3506 706 3637 764 εἶπεν

2091 789 2173 858 εἷς
2199 794 2354 864 ἅγιος
2409 794 2487 865 τῷ
2543 795 2805 865 φελμουνὶ
2853 795 2932 865 τῷ
2983 795 3272 850 λαλοῦντιο
3305 799 3442 862 Ἕως
3468 801 3637 874 πότεή

2091 885 2280 954 ὅρασις
2319 883 2599 954 στήσεται,
2657 884 2751 937 καὶ
2815 885 2847 954 ἡ
2909 884 3066 937 θυσία
3109 886 3143 954 ἡ
3205 884 3452 956 ἀρθεῖσα,
3485 889 3571 940 καὶ
3611 891 3639 958 ἡ

2097 975 2340 1046 ἁμαρτία
2372 977 2471 1046 τῆς
2537 974 2873 1047 ἐρημώσεως
2928 976 2960 1046 ἡ
2999 975 3237 1040 δοθεῖσα,
3263 977 3357 1028 καὶ
3406 976 3464 1029 16
3489 977 3638 1046 ἅγιον,

2093 1070 2190 1122 καὶ
2218 1071 2251 1139 ἡ
2278 1069 2507 1138 δύναμις
2587 1069 3120 1139 συμπατηθήσεται;
3171 1087 3192 1121 ι
3264 1070 3337 1122 Τὸ
3379 1075 3641 1139 φελμουνί

2091 1159 2183 1213 τὸν
2231 1162 2366 1213 τινὰ
2437 1161 2693 1229 σημαίνει
2714 1164 2778 1232 τῇ
2821 1160 3032 1214 Ἐλλάδι
3091 1165 3280 1233 φωνῇ’
3326 1167 3574 1234 μαρτυρεί
3597 1165 3643 1217 δὲ

2092 1251 2302 1315 τούτοις
2322 1253 2416 1304 καὶ
2443 1254 2476 1321 ἡ
2502 1251 2687 1322 Σύρων
2705 1253 2854 1324 φωνὴ
2870 1253 3252 1320 γειτνιάζουσα
3283 1258 3348 1325 τῇ
3383 1255 3638 1326 Ἐϐραίᾳτ.

2093 1345 2228 1413 Φησὶ
2259 1343 2438 1396 τοίνυν
2467 1345 2494 1396 6
2532 1344 2800 1415 μακάριος
2835 1345 3054 1414 Δανιὴλ,
3088 1348 3170 1399 ὅτι
3209 1363 3227 1396 ι
3257 1347 3497 1400 Ἤκουσα
3521 1365 3643 1412 τινος

2094 1435 2252 1505 ἁγίου
2283 1436 2470 1506 ἕτερον
2509 1436 2662 1505 ἆγιον
2689 1437 3022 1509 ἐρωτῶντος.
3063 1457 3080 1490 ι
3109 1439 3283 1508 Δῆλον
3309 1439 3365 1492 δὲ
3395 1442 3471 1492 ὅτι
3506 1443 3643 1508 ἀγγέ-

2093 1527 2218 1591 λους
2259 1527 2678 1598 διαλεγομένους
2738 1530 2883 1601 ὁρᾷ⁸
2931 1534 3026 1584 καὶ
3073 1530 3429 1600 βουλομένους
3459 1533 3639 1600 μαθεῖν,

2095 1622 2261 1684 πόσος
2289 1622 2310 1652 ³
2343 1623 2490 1674 ἐστὶν
2524 1624 2553 1674 .6
2574 1622 2764 1692 χρόνος
2799 1623 2901 1691 τῆς
2945 1622 3309 1694 τολμωμένης
3343 1625 3574 1688 ἀσεϐείας
3592 1644 3640 1679 τε

2099 1713 2191 1764 καὶ
2228 1712 2594 1783 παρανομίας,
2632 1715 2730 1782 τῆς
2757 1729 2811 1765 τε
2863 1713 2954 1766 τοῦ
2983 1714 3108 1766 ναοῦ
3157 1715 3415 1785 ἐρημίας,
3448 1716 3533 1768 καὶ
3563 1718 3642 1787 τῆς

419 1809 592 1878 lisque
616 1808 876 1863 sacrilicii
939 1817 1176 1878 tempus,
1209 1823 1273 1862 ac
1317 1809 1632 1880 tyrannidis
1660 1809 1834 1875 illius,
1885 1825 1991 1879 qua

2100 1804 2334 1874 ἀθέσμου
2359 1805 2450 1857 καὶ
2466 1803 2726 1874 βδελυροῖς
2742 1803 2954 1869 θυσίας,
2983 1805 3198 1875 καὶτῆς
3225 1807 3320 1859 τοῦ
3353 1806 3476 1860 λαοῦ
3503 1826 3640 1860 κατα-

419 1901 657 1970 populus
690 1900 1061 1970 opprimetur;

493 1989 659 2046 Vens.
694 1991 780 2044 14.
821 2009 838 2041 ι
879 1991 1101 2046 Etdixit
1128 1992 1200 2056 ei,
1227 1992 1407 2062 inquit
1437 2007 1448 2043 :
1485 1991 1673 2061 Usque
1708 1993 1772 2046 ad
1799 2006 1992 2060 vespe-

2096 1894 2434 1958 δυναστείας.

2173 1986 2230 2038 ιδ’
2240 2027 2252 2040 .
2283 2006 2301 2039 ι
2338 1988 2448 2040 Kal.
2477 1983 2630 2041 εἶπεν
2661 1986 2828 2058 αὐτῷ,
2885 1989 3082 2060 φησίν⁸
3123 1989 3270 2053 Ἕως
3307 1988 3532 2060 ἑσπέρας
3565 1989 3638 2042 καὶ

417 2100 533 2138 ram
564 2093 617 2138 et
645 2099 822 2144 mane,
855 2084 972 2138 dies
1001 2083 1112 2138 duo
1139 2085 1290 2139 mille
1316 2092 1370 2139 et
1404 2085 1620 2153 1220
1655 2085 1912 2146 trecenti,
1939 2091 1991 2139 et

2100 2078 2262 2149 πρωῒ,
2284 2079 2489 2149 ἡμέραι
2512 2080 2768 2151 δισχίλιαι
2801 2081 2897 2134 καὶ
2937 2082 3259 2152 τριακόσιαι
3295 2083 3359 2148 ¹⁰,
3385 2082 3474 2134 καὶ
3501 2081 3640 2133 καθα·

420 2173 747 2244 purgabitur
787 2183 1059 2230 sanctum.
1098 2192 1116 2225 )
1170 2173 1449 2243 Vesperam
1495 2176 1710 2230 vocavit
1757 2175 1991 2230 calami-

421 2273 592 2320 tatum
629 2265 866 2327 initium,
898 2276 952 2319 et
989 2281 1143 2318 mane
1192 2266 1574 2320 calamitatum
1629 2265 1814 2328 tinem,
1861 2267 1991 2335 quia

419 2371 540 2427 qua:
571 2356 814 2410 dolorem
850 2357 1102 2422 all‘erunt;
1151 2372 1214 2410 ea
1257 2358 1404 2412 nocti
1457 2372 1521 2411 ac
1559 2357 1801 2412 tenebris
1835 2373 1988 2412 eom-

337 2442 350 2454 '
421 2455 707 2516 parantur.
743 2446 782 2498 A
815 2446 1088 2516 praisenti,
1136 2446 1339 2515 inquit,
1394 2446 1552 2499 initio
1587 2447 1985 2511 calamitatum,

423 2553 597 2608 usque
623 2537 688 2592 ad
741 2536 902 2592 ﬁnem
939 2539 1233 2603 malorum,
1280 2545 1496 2592 tantum
1521 2539 1787 2609 temporis
1821 2541 1992 2593 inter-

419 2631 586 2686 cedit.
624 2630 690 2684 Et
721 2632 1020 2701 computati
1051 2631 1172 2686 dies
1202 2631 1256 2685 hi
1289 2631 1596 2687 secundum
1635 2631 1990 2686 Hebraeorum

423 2720 714 2784 rationem,
739 2736 834 2776 εει
867 2736 1132 2776 annorum
1167 2729 1221 2777 οι
1251 2738 1348 2777 sex
1383 2724 1654 2778 mensium
1701 2737 1990 2777 numerum

426 2813 717 2882 perﬁciunt
749 2831 762 2869 :
799 2822 908 2868 tam
955 2815 1048 2869 diu
1089 2815 1235 2869 enim
1273 2823 1524 2885 grassata
1555 2823 1639 2871 est
1673 2814 1991 2870 Judaeorum

422 2905 727 2960 calamitas.

492 2996 659 3052 Vens.
694 2999 778 3054 15.
813 3019 832 3051 ι
865 2999 931 3054 Ει
957 2998 1163 3055 factum
1189 3008 1296 3064 est,
1332 3000 1532 3070 inquit,
1567 3014 1692 3055 cttm
1741 2997 1990 3054 viderem

2097 2172 2411 2243 ρισθήσεται
2441 2172 2503 2226 τὸ
2525 2173 2698 2241 ἅγιον.
2727 2194 2746 2227 ι
2778 2175 3081 2243 Ἑσπέραν
3106 2176 3166 2228 δὲ
3195 2174 3420 2229 ἐκάλεσε
3447 2175 3535 2244 τὴν
3558 2175 3638 2244 ἀρ-

2093 2263 2194 2335 χὴν
2220 2265 2329 2318 τῶν
2353 2266 2670 2338 συμφορῶν,
2703 2269 2857 2336 πρωϊ
2872 2267 2929 2321 δὲ
2956 2267 3017 2320 τὸ
3033 2268 3189 2330 τέλος
3219 2267 3331 2321 τῶν
3361 2265 3636 2336 συμφορῶν·

2094 2355 2282 2427 ἐπειδὴ
2315 2357 2468 2409 νυκτὶ⁵
2489 2358 2582 2410 καὶ
2625 2358 2804 2428 σκότῳ
2829 2359 2990 2428 ἐῴκει
3017 2358 3086 2412 τὰ
3122 2358 3369 2429 λυπηρά.
3417 2357 3536 2410 Ἀπὸ
3563 2356 3636 2410 τοῦ

2096 2444 2190 2499 νῦν
2227 2446 2292 2510 “,
2342 2448 2494 2516 φησὶ.
2529 2449 2628 2518 τῆς
2681 2449 2859 2519 ἀρχῆς
2904 2449 3012 2503 τῶν
3061 2450 3275 2515 κακῶν,
3341 2449 3441 2512 ἕως
3481 2449 3637 2512 τέλους

2092 2539 2249 2602 τόσος
2278 2539 2337 2591 τέ
2369 2541 2484 2592 ἐστι
2513 2542 2724 2611 χρόνος.
2749 2541 3129 2612 Ψηφιζὸμεναι
3173 2542 3230 2595 δὲ
3261 2541 3318 2594 αἱ
3344 2540 3530 2611 ἡμέραι
3559 2535 3636 2594 αὖ·

2092 2647 2181 2684 ται
2215 2630 2455 2684 ποιοῦσιν
2486 2631 2545 2696 ἓξ
2593 2632 2729 2686 ἐτῶν
2775 2633 3031 2704 ἀριθμὸν,
3068 2634 3168 2688 καὶ
3211 2634 3270 2701 ἓξ
3300 2635 3496 2706 μηνῶν,
3521 2634 3636 2688 κατὰ

2092 2724 2192 2794 τὴν
2241 2723 2506 2795 Ἐϐραίων
2530 2724 2710 2794 ψῆφον
2734 2740 2748 2754 ⁸
2803 2726 3054 2780 τοσοῦτον
3094 2727 3205 2800 γὰρ
3255 2727 3511 2799 ἐκράτησε
3534 2726 3634 2798 χρό·

2093 2832 2183 2870 νον
2202 2814 2310 2872 τῶν
2349 2816 2618 2872 Ἰουδαίων
2639 2819 2665 2888 ὴ
2696 2812 2969 2890 συμφορά.

2169 2996 2251 3043 ιε’.
2281 3008 2299 3042 ι
2332 2992 2441 3043 Kal.
2487 2991 2724 3059 ἐγένετο,
2784 2993 2972 3064 φησὶν,
3023 2996 3082 3047 ὲν
3133 2995 3214 3065 τῷ
3265 2995 3388 3048 ἰδεῖν
3435 3011 3514 3064 με,
3548 2992 3634 3060 ἐγὼ

422 3105 525 3160 ego
555 3089 743 3146 Daniel
781 3091 1068 3156 visionem,
1125 3092 1434 3161 quaerebam
1479 3090 1929 3160 intelligentiam.
1969 3109 1986 3138 ›

2100 3079 2313 3151 Δανιὴλ,
2339 3081 2439 3150 τὴν
2463 3082 2672 3152 ὅρασιν,
2698 3085 2922 3154 ἐζήτουν
2953 3085 3189 3141 σύνεσιν,
3229 3105 3248 3138 ι
3278 3085 3476 3148 Ταῦτα,
3507 3086 3631 3156 φησὶ,

2100 3169 2432 3195 n-__.'..--_.--
2497 3177 2726 3195 -___.-9._“_
2762 3193 2789 3195 η
2830 3177 2844 3195 \
2960 3177 2985 3195 Λ
3019 3181 3042 3194 ς
3097 3180 3109 3195 ο
3227 3179 3291 3195 p-
3379 3179 3432 3195 ορ
3492 3179 3541 3195 \o
3597 3194 3600 3195 ,

426 3178 545 3246 llis,
603 3181 801 3250 inquit,
861 3183 1207 3252 conspectis,
1265 3181 1570 3252 intelligere
1631 3189 1684 3234 et
1738 3187 1991 3232 accurate

2100 3169 2454 3241 θεασάμενος,
2493 3177 2729 3229 συνεῖναι
2759 3177 2853 3230 καὶ
2880 3177 3070 3248 μαθεῖν
3086 3179 3333 3249 ἀκριϐῶς
3375 3179 3633 3247 ἐϐουλόμην

423 3274 716 3343 percipere
751 3274 1065 3344 cupiebam,
1097 3288 1218 3344 quae
1263 3290 1356 3343 per
1387 3273 1503 3326 haec
1544 3270 1995 3342 signiﬁcarentur

423 3367 733 3436 aenigmata.
777 3383 794 3416 ι
830 3365 896 3418 Et
925 3380 1053 3421 ecce
1087 3366 1240 3421 stetit
1275 3365 1329 3418 in
1366 3371 1668 3432 conspectu
1695 3379 1814 3418 meo
1833 3362 1992 3432 quasi

426 3456 566 3510 visio
592 3455 714 3509 viri.
759 3475 776 3508 ι
821 3453 1081 3520 Videbar,
1133 3455 1332 3524 inquit,
1384 3454 1515 3507 mihi
1565 3453 1752 3508 videre
1791 3455 1987 3506 virum.

500 3545 661 3599 Vens.
686 3542 796 3598 l6.‘
834 3562 853 3596 ι
891 3544 955 3598 Et
985 3545 1167 3599 audivi
1195 3558 1386 3598 vocem
1414 3543 1516 3596 viri
1543 3542 1596 3596 in
1624 3544 1804 3598 medio
1833 3543 1991 3610 Ubal,

2099 3262 2170 3314 τὰ
2197 3262 2285 3318 διὰ
2312 3263 2517 3318 τούτων
2557 3269 2928 3339 σημαινόμενα
2979 3271 3086 3324 τῶν
3135 3273 3483 3344 αἰνιγμάτων.
3511 3289 3527 3322 ι
3547 3270 3634 3323 Kal.

2104 3351 2213 3405 ἰδοὺ
2274 3352 2404 3426 ἔστη
2443 3356 2674 3412 ἐνώπιόν
2726 3377 2826 3430 μου
2877 3361 2953 3425 ὡς
2999 3364 3190 3433 ὅρασις
3254 3365 3458 3436 ἀνδρὸς.
3497 3383 3514 3415 ›
3547 3362 3632 3414 Καὶ

2099 3443 2339 3510 ἐδόκουν,
2373 3447 2558 3518 φησὶν,
2593 3449 2771 3520 ἄνδρα
2798 3453 3041 3523 θεωρεῖν.

2171 3543 2264 3599 ις’.
2303 3553 2320 3587 ι
2363 3538 2471 3590 Καὶ
2510 3540 2720 3608 ἤκουσα
2775 3545 2960 3616 φωνὴν
3011 3547 3206 3618 ἀνδρὸς
3263 3547 3520 3618 ἀναμέσον
3557 3544 3630 3597 τοῦ

424 3645 477 3690 et
503 3637 718 3690 vocavit
746 3651 808 3690 ac
848 3636 1026 3701 dixit,
1062 3635 1326 3690 Gabriel!
1361 3632 1447 3688 fac
1490 3633 1645 3687 illum
1689 3634 1991 3702 intelligere

2100 3630 2298 3693 Οὑόὰλ,
2340 3632 2434 3684 καὶ
2473 3633 2720 3694 ἐκάλεσε.
2774 3637 2868 3690 καὶ
2924 3635 3076 3692 εἷπε·
3106 3641 3367 3711 Γαϐριὴλ,
3393 3642 3630 3693 συνέτισον

428 3729 714 3783 visionem.
756 3747 773 3779 ι
806 3728 1003 3782 Audivi
1033 3729 1198 3782 etiam
1238 3727 1405 3779 alium
1435 3726 1725 3796 quemdam
1756 3727 1994 3779 humana

427 3833 557 3873 voce
596 3824 858 3884 utentem,
909 3827 965 3873 et
1017 3819 1372 3888 imperantem
1435 3817 1484 3873 ei
1549 3818 1640 3887 qui
1706 3817 1998 3873 assistebat

427 3906 581 3970 mihi,
613 3921 771 3975 quem
824 3907 1134 3962 Gabrielem
1182 3923 1406 3978 quoque
1450 3908 1780 3976 nominavit,
1818 3915 1876 3963 ut
1908 3907 1994 3961 in-

427 4007 818 4066 terpretaretur
867 3998 998 4052 mihi
1040 3998 1397 4055 revelationis
1443 4001 1757 4069 anigmata.
1793 4000 1869 4054 Ex
1924 4000 1996 4057 iis

425 4088 590 4142 etiam
624 4103 744 4158 qua:
775 4089 919 4142 dicta
951 4099 1080 4144 sunt
1115 4090 1315 4161 conjici
1367 4097 1570 4161 potest,
1606 4105 1732 4146 eum
1765 4091 1854 4159 qui
1903 4091 1993 4160 ju-

426 4179 606 4244 bebat,
642 4178 930 4234 Dominum
967 4181 1157 4237 fuisse.

501 4269 659 4326 VERS.
690 4271 773 4323 17.
813 4289 830 4322 ι
877 4269 942 4324 Et
995 4272 1180 4338 venit,
1239 4272 1453 4342 inquit,
1511 4279 1566 4326 et
1633 4272 1787 4326 stetit
1833 4270 1992 4340 juxta

426 4363 717 4416 stationem
748 4378 942 4417 meam.
982 4381 1000 4414 ι
1035 4361 1257 4426 Statim,
1288 4363 1490 4433 inquit,
1519 4365 1713 4433 jussus
1740 4365 1907 4431 venit,
1939 4373 1995 4418 et

2093 3720 2300 3774 ἐκεῖνον
2329 3720 2426 3792 τὴν
2463 3724 2674 3793 ὅρασιν.
2709 3745 2728 3778 ι
2759 3729 3004 3784 Ἤκουσα
3026 3730 3082 3783 δὲ
3110 3732 3208 3785 καὶ
3252 3733 3432 3802 ἑτέρου
3453 3734 3575 3792 τινὸς
3598 3730 3629 3759 ¹¹

2093 3811 2192 3864 ἀνθ
2201 3811 2412 3882 ρωπείᾳ
2428 3814 2710 3884 χρωμένου
2731 3818 2772 3848 ¹³
2789 3823 2960 3890 φωνῇ,
3001 3823 3096 3874 καὶ
3121 3823 3468 3886 κελεύσαντος
3486 3823 3564 3874 τὸν
3596 3821 3628 3850 ¹δ

2096 3903 2423 3973 παρεστῶτά
2457 3923 2566 3976 μοι,
2597 3907 2655 3960 ὃν
2670 3909 2764 3961 καὶ
2790 3911 2829 3962 Γ
2832 3910 3028 3983 αόριὴλ
3062 3913 3364 3984 ὠνόμασεν,
3399 3911 3627 3984 ἑρμηνεῦο

2099 3991 2190 4045 σαί
2222 4010 2311 4062 μοι
2343 3995 2443 4064 τῆς
2499 3998 2896 4071 ἀποκαλύψεως
2948 4004 3017 4057 τὰ
3063 4006 3382 4078 αἰνίγματα.
3420 4008 3558 4058 Ἔστι
3583 4003 3627 4055 δὲ

2093 4085 2184 4136 καὶ
2208 4083 2250 4114 ¹⁵
2267 4085 2332 4138 ὲκ
2360 4086 2468 4138 τῶν
2485 4091 2791 4160 εἰρημένων
2816 4097 3219 4166 τεκμήρασθαι,
3249 4100 3331 4153 ὅτι
3359 4101 3385 4152 6
3403 4098 3626 4158 κελεύσας

2091 4176 2120 4227 6
2147 4177 2425 4249 Δεσπότης
2452 4181 2590 4234 ἐστί.

2165 4268 2247 4332 ιζ’.
2283 4289 2302 4322 ι
2338 4271 2447 4325 Καὶ
2476 4267 2628 4343 ἦλθε,
2685 4276 2840 4347 φησὶ,
2883 4280 2975 4332 καὶ
3013 4280 3142 4354 ἔστη
3165 4285 3210 4317 ⁸⁸
3241 4285 3468 4355 ἐχόμενα
3493 4283 3526 4313 ¹⁷
3546 4279 3623 4348 τῆς

2094 4360 2334 4424 στάσεώς
2387 4380 2512 4432 μου.
2565 4383 2584 4416 ι
2621 4366 2943 4438 Παραυτίκα
3002 4375 3065 4440 ³⁸,
3113 4378 3266 4447 φησὶ,
3305 4373 3623 4447 προσταχθεὶς

426 4468 596 4523 prepe
629 4470 712 4507 me
744 4456 947 4512 stetit.t
979 4453 1190 4508 Etcum
1219 4456 1431 4509 veniret
1457 4456 1592 4525 ipse,
1626 4456 1904 4524 obstupui,
1937 4463 1991 4510 et

2100 4451 2342 4518 ἀφίκετο,
2379 4454 2472 4506 καὶ
2505 4455 2730 4528 πλησίον
2764 4477 2864 4532 μου
2924 4464 3075 4538 ἔστη.
3110 4486 3128 4519 ι
3168 4470 3274 4522 Καὶ
3303 4471 3359 4522 ἐν
3377 4469 3447 4539 τῷ
3476 4468 3620 4520 ἐλθεῖν

426 4544 653 4611 procido
681 4545 733 4598 in
766 4546 959 4598 faciem
990 4559 1186 4600 meam.
1227 4564 1246 4597 ι
1287 4545 1576 4600 Suﬂiciunt
1604 4545 1717 4600 ha3c
1747 4545 1816 4600 ad
1865 4560 1996 4600 con-

425 4634 751 4688 vincendum
789 4634 1042 4689 Eunomii
1080 4634 1300 4700 fastum,
1330 4637 1421 4704 qui
1456 4637 1627 4706 ipsam
1667 4636 1759 4690 Dei
1802 4652 1993 4692 essen-

425 4724 555 4778 tiam
588 4742 648 4781 sc
679 4741 1010 4797 cognoscere
1058 4737 1388 4798 arroganter
1433 4728 1671 4797 jactitat.
1739 4727 1796 4782 Si
1846 4730 1991 4784 enim

426 4817 742 4885 angelorum
811 4816 1364 4887 contemplationem,
1430 4819 1791 4889 eamdemque
1861 4835 1993 4875 con-

427 4907 740 4976 templantis
766 4909 976 4963 viribus
999 4911 1489 4973 accommodatam,
1519 4917 1704 4964 tantus
1725 4911 1990 4981 propheta

428 5013 534 5051 non
563 4998 706 5065 tulit,
737 5000 944 5068 1221
971 5001 1107 5070 quid
1149 5001 1323 5070 magis
1357 5001 1587 5068 impium
1623 5008 1719 5053 aut
1745 5001 1988 5056 detesta-

425 5088 588 5144 bilius
620 5089 685 5144 iis
721 5093 816 5161 qtti
861 5092 1170 5162 gloriantur
1223 5093 1465 5147 divinam
1506 5107 1566 5147 se
1605 5094 1823 5148 novisse
1855 5094 1987 5149 sub-

424 5182 725 5238 stantiam?
767 5182 873 5237 Sed
901 5183 965 5236 ad
1020 5184 1362 5254 propositum
1429 5194 1791 5239 revertamur.
1839 5201 1858 5236 ι
1923 5183 1988 5240 Ει

2096 4541 2256 4594 αὐτὸν
2287 4541 2627 4615 ἐθαμϐήθην,
2671 4551 2765 4603 καὶ
2794 4554 2982 4609 πίπτω
3023 4557 3116 4610 ἐπὶ
3151 4559 3433 4630 πρόσωπόν
3462 4575 3567 4628 μου.
3598 4573 3612 4604 ι

2103 4631 2286 4685 Ἱκανὰ
2316 4630 2487 4714 ταῦτα
2513 4634 2606 4688 τὸν
2639 4638 2910 4714 Εὐνομίου
2944 4643 3113 4714 τῦφον
3142 4647 3372 4718 ἐλέγξαι,
3404 4649 3458 4711 ὃς
3477 4645 3616 4714 αὐτὴν

2093 4723 2290 4775 εἰδέναι
2346 4721 2440 4776 τοῦ
2489 4724 2623 4780 Θεοῦ
2672 4730 2770 4802 τὴν
2796 4735 2986 4790 οὐσίαν
3018 4738 3411 4805 ἀλαζονεύεται.
3441 4740 3496 4791 Εἰ
3527 4737 3614 4804 γὰρ

2093 4815 2337 4882 ἀγγέλων
2363 4814 2405 4850 ¹⁹
2436 4816 2534 4885 τὴν
2584 4819 2836 4895 θεωρίαν,
2888 4829 2981 4882 καὶ
3039 4831 3242 4901 ταύτην
3287 4828 3611 4902 μετρουμένην

2095 4910 2162 4980 τῇ
2187 4906 2279 4960 τοῦ
2307 4907 2640 4977 θεωροῦντος
2663 4913 2911 4989 δυνάμει,
2936 4922 3232 4986 ὁτοσοῦτος
3258 4923 3515 4990 προφήτης
3531 4919 3609 4970 οὐκ

2096 5006 2314 5076 ἤνεγκε,
2367 5002 2419 5054 τί
2467 5003 2954 5084 δυσσεϐέστερονῆ
2996 5014 3392 5084 βδελυττότερον
3442 5014 3481 5044 ¹⁰
3519 5011 3605 5063 τῶν

2094 5095 2261 5165 αὐτὴν
2291 5091 2490 5146 εἰδέναι
2522 5095 2614 5148 τοῦ
2647 5098 2780 5153 Θεοῦ
2826 5105 2924 5174 τὴν
2975 5105 3162 5160 οὐσίαν
3209 5103 3600 5176 σεμνυνομένωνς

2093 5186 2207 5240 ἀλλ’
2237 5187 2330 5240 ἐπὶ
2365 5191 2426 5244 τὸ
2477 5189 2834 5260 προκείμενον
2880 5195 3283 5268 ἐπανέλθωμεν.
3318 5213 3338 5247 ι
3369 5194 3465 5249 Καὶ
3501 5185 3598 5243 εἷπε

1721 5369 1953 5426 VARUS
1995 5371 2403 5434 LECTIONES.

493 5492 513 5521 ⁵
547 5493 706 5554 τινός.
742 5494 784 5545 Δ
809 5493 944 5566 ἑνός.
1048 5495 1188 5566 ⁶νὰγ.
1218 5497 1260 5550 Β
1283 5499 1532 5566 ἀγγέλου.

1633 5506 1654 5537 ⁷
1689 5507 1731 5582 B_
1769 5505 2026 5582 Ἐϐραΐδι.
2104 5509 2124 5540 ⁸
2159 5511 2199 5561 Β
2250 5512 2412 5582 ἑώρα,
2490 5515 2510 5546 ⁸
2542 5515 2582 5566 Β
2611 5515 2781 5576 ποῖος,
2819 5515 3055 5582 ascripta
3089 5522 3261 5570 tamen
3299 5507 3592 5582 lectione

422 5577 563 5647 στος)
589 5564 921 5647 ιντολποετδςς
959 5572 1014 5616 υῑ
1044 5565 1276 5647 videtur.
1428 5574 1468 5624 Β
1500 5564 1879 5647 τετρακόσιαι.’
1907 5578 1998 5629 sed
2044 5589 2232 5633 contra
2265 5564 2427 5636 nénr'.
2507 5564 3404 5641 "—7106
3423 5583 3456 5634 Β
3482 5575 3581 5631 add-

422 5631 604 5697 φησίν.

422 5698 462 5747 Β
490 5715 674 5768 praem.
706 5702 814 5754 καί.
851 5698 1002 5753 ’⁷³9⁷3
1031 5698 1278 5774 ἆγγέλου.
1354 5713 1397 5741 ²⁰
1431 5714 1468 5763 Β
1500 5698 1905 5786 βδελυρώτερος.

686 5634 728 5664 ¹³
773 5634 814 5718 1}
851 5636 1212 5726 χξῃῇαμένςίν-
1294 5640 1407 5726 "f3
1432 5634 1791 5726 ,ξαζέᾴαντρς-
1877 5647 1916 5678 ι·
1957 5649 2068 5706 καί.
2115 5649 2234 5705 Des.
2277 5634 2331 5705 in
2367 5634 2426 5705 Β.
2507 5654 2549 5684 ιε
2581 5634 2862 5724 Βέστάιὶη.
2921 5634 3579 5726 ίιτλὲχάμεψάέζππηαρ.
