3898 6208
219 306 348 373 1419

1362 319 1441 378 IN
1473 320 1828 380 DANIELIS
1860 319 2016 379 CAP.
2060 320 2222 380 νηί.

3318 313 3455 382 1450

213 425 347 494 πρός
383 439 482 494 με·
515 423 701 489 Σύνες,
729 425 812 479 υἱὲ
852 425 1136 496 ἀνθρώπου
1160 445 1174 459 ο
1219 429 1298 482 ἔτι
1337 433 1444 501 γὰρ
1476 435 1554 496 είς
1593 433 1767 504 καιροὶ

1889 432 2024 487 dixit
2057 432 2124 486 ad
2166 447 2290 486 me:
2320 431 2585 502 lntellige,
2622 429 2696 485 ﬁli
2735 428 2990 492 hominis,
3017 426 3200 483 adhuc
3215 428 3360 482 enim
3398 431 3450 482 in

211 517 387 586 πέρας
416 515 512 570 καὶ
539 518 583 548 ³⁸
615 518 822 588 ὅρασις.
861 536 878 568 ι
913 519 1004 588 Μὴ
1043 523 1290 594 νομίσῃς,
1339 527 1524 593 φησὶν.
1573 527 1663 578 ἐπὶ
1686 527 1780 580 τοῦ

209 608 480 678 παρόντος
506 607 676 662 ταῦτα
722 609 894 678 πέρας
941 607 1234 679 λαμϐάνειν
1258 630 1270 642 ·
1307 613 1444 682 μετὰ
1478 615 1644 668 πολὺν
1672 615 1780 684 γὰρ

207 699 348 751 ἐτῶν
379 698 611 770 ἀριθμὸν
668 699 838 753 ταῦτα
901 700 1210 770 γενήσεται.
1248 704 1628 774 Πληρουμένου
1673 707 1780 776 γὰρ

206 791 303 843 τοῦ
328 791 638 861 ὡρισμένου
695 788 909 861 καιροῦ,
962 791 1082 844 τότε
1117 794 1288 866 πέρας
1313 795 1520 848 τούτων
1549 796 1779 850 ἕκαστον

208 879 458 949 λήψεται.

283 975 376 1037 ιη’,
409 970 494 1022 ιϐ’.
526 987 543 1020 ι
571 968 680 1024 Καὶ
702 971 759 1022 ὲν
779 969 856 1040 τῷ
875 971 1057 1027 λαλεῖν
1084 971 1246 1025 αὐτὸν
1279 971 1396 1040 μετ’
1429 971 1563 1042 ἐμοῦ
1595 975 1778 1025 πίπτω

208 1060 302 1111 ἐπὶ
330 1060 618 1129 πρόσωπόν
655 1078 756 1131 μου
787 1062 882 1115 ἐπὶ
903 1064 1000 1133 τὴν
1025 1063 1151 1131 γῆν,
1187 1063 1282 1115 καὶ
1314 1062 1488 1133 ἣψατό
1522 1079 1646 1132 μου,
1683 1064 1778 1115 καὶ

207 1149 409 1220 ἐστησέ
437 1168 503 1220 με
539 1153 629 1203 ἐπὶ
653 1153 776 1215 τοὺς
809 1154 854 1183 ²²
899 1154 1066 1216 πόδας
1099 1172 1220 1224 μου.
1274 1155 1380 1208 Καὶ
1405 1150 1557 1206 εἶπεν
1578 1170 1590 1182 ·
1641 1153 1774 1206 Ἰδοὺ

205 1241 318 1310 ἐγὼ
339 1241 589 1315 γνωρίζω
613 1259 694 1294 σοι
722 1243 789 1295 τὰ
823 1244 1056 1314 ἐσόμενα
1095 1247 1181 1297 ἐπ’
1207 1245 1451 1315 ἐσχάτων
1480 1245 1577 1315 τῆς
1604 1244 1776 1315 ὀργῆς

205 1337 318 1396 τοῖς
342 1309 538 1397 "uici;
557 1333 648 1387 τοῦ
691 1334 820 1388 λαοῦ
863 1353 954 1391 σου
976 1354 990 1368 ·
1023 1336 1102 1389 ἔτι
1131 1338 1240 1408 γὰρ
1272 1339 1352 1400 είς
1384 1336 1577 1409 καιροῦ
1603 1337 1776 1407 πέρας

209 1426 364 1494 μένει
389 1428 454 1480 ³³.
499 1445 516 1478 ι
555 1427 896 1498 Θεασάμενός
952 1446 1042 1498 με,
1097 1430 1284 1500 φησὶν,
1347 1429 1452 1483 ὑπὸ
1486 1430 1578 1483 τοῦ
1622 1430 1775 1492 δέους

206 1518 584 1571 καταπεσόντα
625 1518 842 1589 πρῶτον
875 1519 920 1550 ³⁸
954 1519 1243 1589 ἀνώρθωσέ
1279 1537 1367 1591 με,
1407 1521 1596 1574 ἔπειτα
1625 1519 1767 1590 ψυχ-

203 1612 413 1676 αγωγεῖ
459 1610 734 1679 γνωρίζων
787 1612 851 1672 ’⁸,
923 1611 998 1673 ib;
1052 1611 1241 1664 τούτου
1289 1613 1448 1682 χάριν
1501 1613 1770 1683 ἀφίκετο,

207 1701 294 1754 ἵνα
323 1719 412 1771 μοι
440 1701 508 1755 τὰ
550 1702 780 1772 ἐσόμενα
824 1705 1150 1776 προμηνύσῃ
1180 1705 1454 1771 ποθοῦντι,
1491 1709 1585 1760 καὶ
1612 1710 1771 1762 ὁποῖα

1889 522 2153 592 temporis
2181 520 2342 576 ﬁnem
2363 522 2528 577 etiam
2565 521 2725 577 visio.
2759 539 2780 574 ι
2811 519 2890 574 Ne
2920 518 3225 586 existimes,
3250 519 3451 588 inquit,

1886 613 1939 666 in
1969 614 2224 683 praesenti
2254 613 2340 669 bis
2362 614 2528 668 rebus
2558 612 2718 678 ﬁnem
2764 612 3083 683 impositum
3119 612 3186 667 iri
3227 630 3240 665 :
3277 613 3452 682 siqui-

1886 703 2006 757 dem
2033 713 2154 774 post
2182 705 2381 760 multos
2405 718 2577 760 annos
2613 704 2761 759 ﬁent.
2787 703 3015 774 Expleto
3049 704 3194 758 enim
3225 704 3453 759 deﬁnito

1887 804 2151 865 tempore,
2213 797 2411 853 horum
2467 796 2898 867 unumquodque
2964 796 3030 849 ad
3061 797 3269 852 exitum
3327 812 3454 866 per:

1884 887 2134 942 ducetur.

1954 976 2118 1034 Vens.
2162 978 2248 1042 18,
2299 977 2387 1032 19.
2438 995 2457 1029 ι
2519 977 2585 1033 Et
2623 994 2746 1034 cum
2798 980 3117 1048 loqueretur
3169 980 3285 1049 ipse
3338 993 3454 1035 me~

1883 1086 2006 1125 cum
2032 1111 2047 1133 ,
2082 1071 2218 1126 cado
2253 1072 2305 1125 in
2339 1071 2528 1126 faciem
2563 1087 2738 1126 meam
2766 1087 2929 1141 super
2962 1080 3164 1127 terram
3200 1092 3214 1128 :
3245 1081 3298 1128 et
3323 1074 3450 1129 teti-

1881 1163 1957 1231 git
1999 1179 2102 1225 me,
2133 1173 2186 1218 et
2219 1163 2411 1219 statuit
2437 1180 2524 1219 me
2561 1180 2724 1234 super
2764 1164 2928 1234 pedes
2959 1181 3133 1221 meos.
3164 1165 3230 1220 Et
3260 1166 3398 1221 dirit
3432 1185 3445 1220 :

1883 1253 2023 1308 Ecce
2053 1269 2154 1324 ego
2193 1254 2377 1310 indico
2407 1255 2506 1310 tibi
2542 1271 2663 1326 qua:
2691 1265 2954 1311 eventura
2992 1258 3122 1323 sint,
3162 1259 3265 1315 sub
3287 1261 3448 1316 ﬁnem

1882 1345 1997 1407 irae,
2034 1344 2160 1400 ﬁliis
2213 1346 2394 1414 populi
2450 1347 2530 1400 tui
2580 1365 2594 1402 :
2637 1347 2816 1403 adhuc
2865 1349 3010 1403 enim
3068 1351 3122 1403 in
3188 1355 3450 1422 temporis

1884 1436 2042 1488 linem
2097 1444 2342 1491 manent.
2391 1455 2411 1488 ι
2467 1438 2603 1491 Cum
2637 1429 2872 1494 vidisset
2930 1455 3039 1504 me,
3092 1442 3292 1511 inquit,
3342 1457 3454 1512 prae

1882 1535 2028 1580 metu
2055 1527 2381 1597 collapsum,
2416 1529 2653 1598 primum
2680 1533 2857 1586 erexit
2886 1548 2988 1597 me,
3021 1533 3221 1590 deinde
3251 1551 3452 1592 conso-

1882 1616 2051 1678 latur,
2085 1617 2337 1674 indicans
2368 1618 2489 1688 ejus
2521 1634 2686 1676 causa
2718 1637 2778 1678 se
2819 1624 3058 1691 venisse,
3088 1633 3150 1678 ut
3182 1626 3314 1680 mihi
3365 1626 3452 1680 fu-

1880 1716 2003 1762 tura
2036 1711 2274 1778 cupienti
2306 1719 2775 1780 praemonstraret,
2800 1722 2854 1768 et
2883 1714 3064 1784 qualia
3104 1724 3328 1786 propter
3364 1717 3450 1772 di-

202 1793 292 1846 διὰ
349 1793 449 1864 τὴν
507 1793 594 1846 τοῦ
657 1794 790 1847 Θεοῦ
839 1796 1000 1847 πάλιν
1058 1796 1220 1866 ὀργὴν
1258 1798 1634 1871 καταλήψεταί
1669 1819 1767 1870 μου

1880 1803 2057 1857 vinam
2087 1803 2222 1856 iram
2249 1819 2442 1860 rursus
2465 1814 2652 1859 essent
2681 1807 2936 1862 invasura
2958 1810 3218 1878 populum
3241 1825 3444 1867 meum.

200 1885 292 1937 τὸν
327 1885 473 1938 λαόν.
501 1887 732 1939 Ἔπειτα
755 1886 814 1939 τὸ
831 1887 1174 1957 ἐπικείμενόν
1218 1906 1307 1958 μοι
1335 1891 1450 1954 δέος
1479 1891 1773 1958 ἀφελέσθαι

202 1976 548 2047 βουλόμενος.
576 1980 846 2050 ἐμήνυσεν
871 1981 953 2032 ὅτι
975 1979 1112 2049 μετὰ
1135 1981 1325 2051 χρόνον
1349 1983 1392 2014 ³⁷
1415 1982 1588 2038 ταῦτα
1608 1984 1771 2055 γενή-

202 2083 394 2119 σεται·
423 2070 732 2138 ἡρμήνευσε
762 2068 819 2122 δέ
851 2087 940 2140 μοι
969 2071 1062 2123 καὶ
1109 2067 1184 2124 ὧν
1225 2074 1270 2104 ³⁸
1294 2073 1610 2148 ἐθεασάμην
1641 2078 1774 2132 ἕκα-

202 2175 351 2219 στον,
388 2160 624 2230 εἰρηκώς
639 2181 654 2198 ο

274 2253 345 2302 κ’.
387 2270 404 2300 ι
437 2246 659 2315 Οὗτοςη
682 2255 710 2307 6
731 2255 903 2324 κριὸς,
936 2255 996 2310 ὃν
1021 2251 1180 2322 εἶδες,
1213 2258 1241 2310 6
1271 2258 1406 2329 ἔχων
1450 2260 1517 2313 τὰ
1543 2243 1768 2334 κέρατα,

201 2337 457 2406 βασιλεὺς
487 2341 684 2410 Μήδων
745 2344 836 2396 καὶ
893 2347 1135 2416 Περσῶν.
1166 2366 1185 2399 ι
1229 2349 1448 2422 Ἐπειδὴ
1480 2351 1588 2423 γάρ
1610 2353 1771 2417 εὐθὺς

197 2426 298 2497 τὴν
330 2429 661 2501 Χαλδαῖκὴν,
703 2433 802 2486 εἴτ’
837 2431 930 2488 οὖν
972 2437 1292 2508 Ἀσσυρίων,
1337 2441 1614 2511 βασιλείαν
1663 2445 1769 2497 Δα-

199 2521 349 2588 ρεῖος
377 2523 405 2572 6
436 2522 616 2590 Μῆδος
662 2525 957 2597 παρέλαϐε,
1004 2528 1100 2581 καὶ
1129 2530 1250 2582 τότε
1287 2531 1466 2600 Κῦρος
1493 2534 1522 2586 6
1553 2534 1768 2605 Πέρσης

201 2611 584 2678 μετατέθεικεν
634 2618 714 2679 εἰς
767 2619 981 2689 Πέρσας
1047 2619 1147 2690 τὴν
1206 2621 1504 2692 βασιλείαν,
1566 2625 1626 2689 ὃς
1673 2629 1770 2680 καὶ

195 2703 383 2772 Μῆδος
407 2700 473 2774 ἦν
507 2708 596 2758 καὶ
625 2707 838 2779 Πέρσης
867 2709 954 2762 διὰ
976 2710 1076 2782 τὴν
1103 2713 1212 2766 τῶν
1245 2715 1418 2782 γενῶν
1447 2715 1728 2786 ἐπιμιξίαν
1749 2731 1764 2748 ⁸

194 2791 514 2858 ἀναγκαίως
544 2796 768 2866 Περσῶν
794 2797 839 2828 ³⁸
870 2797 995 2861 τοὺς
1047 2801 1263 2870 Μήδους
1317 2803 1671 2874 προτέθεικεν
1697 2807 1763 2873 ³⁸,

195 2881 294 2934 καί
326 2898 507 2950 φησιν,
535 2885 617 2938 ὃτι
649 2905 667 2937 ι
701 2889 728 2940 6
754 2888 906 2958 κριὸς
965 2889 1220 2959 βασιλεύς
1269 2893 1384 2947 ἐστι
1427 2895 1627 2966 Μήδων
1673 2899 1767 2950 καὶ

193 2971 448 3041 Περσῶν.
484 2994 503 3025 ι
541 2976 740 3047 ’Ἄμφω
798 2979 906 3050 γὰρ
964 2982 1058 3035 καὶ
1087 2984 1117 3034 6
1151 2983 1456 3044 τελευταῖος
1488 2991 1710 3057 Δαρεῖος
1737 2990 1766 3041 6

207 3062 484 3134 ’Δρσάμου
506 3071 1061 3142 προσαγορευόμενος.
1084 3073 1144 3127 ὃν
1167 3077 1195 3128 ὁ
1216 3074 1481 3129 Μακεδὼν
1521 3077 1603 3130 Ἀ)
1613 3078 1764 3142 ἐξαν-

189 3155 320 3225 δρος
351 3157 633 3223 κατέλυσε,
657 3160 826 3214 διεῖπε
851 3163 949 3226 τάς
979 3164 1274 3234 βασιλείας.

265 3252 374 3298 καν.
408 3266 425 3297 σ
462 3249 569 3301 Καὶ
617 3251 646 3302 6
695 3253 915 3322 τράγος,
972 3256 1127 3323 φησὶ,
1185 3256 1292 3311 τῶν
1315 3257 1487 3325 αἰγῶν
1517 3258 1767 3329 βασιλεὺς

201 3334 512 3406 Ἑλλήνων⁸
551 3342 646 3394 καὶ
700 3341 759 3394 τὸ
805 3343 970 3413 κέρας
999 3345 1061 3397 τὸ
1114 3347 1284 3416 μέγα,
1325 3347 1354 3400 ὃ
1381 3344 1449 3419 ἦν
1494 3350 1767 3421 ἁναμέσον

187 3431 299 3481 τῶν
323 3430 613 3502 ὀφθαλμῶν
645 3435 828 3500 αὑτοῦ,
851 3438 1012 3501 αὑτός
1041 3441 1186 3493 ἐστιν
1209 3442 1238 3493 6
1265 3440 1515 3510 βασιλεὺς
1555 3445 1584 3497 6
1612 3445 1765 3514 πρῶ-

188 3537 305 3580 τος.
351 3540 371 3571 ι
411 3524 645 3592 Λέγειδὲ
673 3527 762 3579 τὸν
804 3527 1172 3598 Ἀλέξανδρον.

264 3615 371 3682 κβ’.
413 3633 432 3666 ι
462 3617 568 3668 Καὶ
598 3619 679 3670 ὅτι
707 3619 750 3651 ³³
782 3621 1092 3692 συνετρίϐη,
1118 3623 1212 3676 καὶ
1240 3623 1367 3695 ἔστη
1403 3625 1646 3698 τέσσαρα
1667 3629 1762 3681 κέ-

191 3723 335 3775 ρατα
367 3705 715 3764 ὑποκάτωθεν
757 3711 800 3742 ³³
831 3713 1027 3776 αὐτοῦ,
1066 3716 1330 3785 τέσσαρες
1371 3716 1610 3786 βασιλεῖς
1633 3721 1764 3773 ἁνα-

191 3799 485 3867 στήσονται
537 3802 580 3832 ³⁸
623 3803 732 3855 ἀπὸ
776 3804 817 3835 ³⁸
845 3804 940 3857 τοῦ
993 3806 1179 3870 ἔθνους
1212 3809 1398 3875 αὑτοῦ,
1432 3813 1524 3863 καὶ
1556 3812 1655 3864 οὐκ
1705 3814 1762 3865 ἐν

187 3894 258 3960 τῇ
279 3893 426 3962 ίσχύῖ
456 3893 643 3948 αὐτοῦ.
680 3915 699 3946 ι
729 3897 883 3950 Μετὰ
926 3898 1058 3968 γάρ,
1125 3902 1281 3969 φησὶ,
1308 3901 1407 3972 τὴν
1435 3904 1647 3958 ἐκείνου
1674 3923 1762 3958 τε·

187 3976 403 4048 λευτὴν,
430 3981 461 4047 ἠ
487 3981 695 4035 ἐκείνου
754 3982 997 4052 βασιλεία
1047 3988 1128 4050 είς
1178 3987 1448 4058 τέσσαρας
1474 3991 1758 4066 διαιρεθή-

189 4086 346 4122 σεται
373 4069 649 4141 βασιλείας
669 4090 682 4102 ·
732 4075 866 4129 ἀλλὰ
917 4078 1011 4130 καὶ
1045 4079 1303 4151 τέτταρες
1342 4083 1496 4147 ὄντες
1527 4087 1575 4138 οἱ
1605 4086 1758 4156 βασι-

185 4159 436 4225 λεύοντες
483 4165 545 4217 οὐ
598 4165 911 4237 δυνήσονται
978 4169 1022 4202 ³⁵
1074 4173 1395 4244 κατορθοῦν,
1441 4176 1476 4229 ἃ
1548 4180 1756 4243 ἐκεῖνος

187 4249 492 4322 κατώρθου,
529 4254 784 4322 ἐλάττους
829 4259 884 4314 δὲ
920 4261 1098 4332 πολλῷ
1153 4263 1254 4333 τῆς
1313 4267 1522 4320 ἐκείνου
1566 4269 1758 4340 ῥώμης

185 4341 534 4411 ὀφθήσονται.

255 4440 364 4500 κγ’.
394 4453 412 4484 ι
455 4437 564 4490 Καὶ
593 4439 678 4491 ἐπ’
709 4440 936 4512 ἐσχάτου
963 4445 1004 4474 ³⁷
1040 4443 1118 4507 δὲ,
1154 4446 1312 4515 φησὶ,
1340 4447 1437 4514 τῆς
1477 4447 1753 4516 βασιλείας
1786 4477 1828 4530 D

182 4519 388 4587 αὐτῶν,
417 4523 804 4597 πληρουμένων
830 4531 934 4584 τῶν
953 4532 1238 4603 ἁμαρτιῶν
1267 4534 1465 4588 αὐτῶν.
1511 4556 1528 4586 ι
1562 4537 1750 4604 Ὅταν,

185 4613 374 4682 φησὶν,
411 4616 488 4678 είς
522 4616 689 4688 ἄκρον
745 4620 1000 4684 ἀσεϐείας
1064 4622 1327 4686 ἐλάσωσι,
1366 4625 1460 4678 καὶ
1487 4627 1630 4697 πέρα
1649 4627 1756 4682 τῶν

186 4703 402 4772 μέτρων
423 4707 521 4779 τῆς
550 4709 689 4778 ἐμῆς
722 4712 1106 4783 μακροθυμίας
1137 4717 1620 4788 παρανομήσωσιν.

262 4813 278 4844 ι
307 4797 691 4868 Ἀναστήσεται
727 4801 979 4870 βασιλεὺς
1016 4803 1238 4874 ἀναιδὴς
1306 4807 1599 4877 προσώπῳ,
1661 4810 1753 4863 καὶ

184 4886 381 4939 συνιών
439 4889 813 4960 προϐλήματα.
867 4889 1008 4962 (κδ’.)
1048 4893 1154 4945 Καὶ
1186 4895 1422 4963 κραταιὰ
1463 4898 1495 4965 ἡ
1530 4897 1574 4932 ³⁸
1601 4899 1754 4967 ἰσχὺς

182 4980 370 5043 αὑτοῦ,
400 4983 492 5032 καὶ
520 4981 562 5013 ³³
585 4983 684 5034 οὐκ
733 4984 790 5034 ἐν
815 4985 880 5052 τῇ
917 4983 1061 5052 ἰσχύϊ
1091 4984 1278 5037 αὑτοῦ.
1314 5006 1330 5036 ι
1355 4988 1465 5056 Τὴν
1518 5006 1748 5060 πανουρ-

179 5071 306 5137 γίαν
335 5070 428 5124 τοῦ
467 5072 734 5144 Ἀντιόχου
788 5073 877 5127 διὰ
904 5073 1108 5127 τούτων
1157 5076 1464 5142 αἰνίττεται,
1490 5080 1584 5132 καὶ
1618 5082 1753 5151 πρὸς

176 5165 246 5233 τῇ
279 5165 603 5236 πανουργίᾳ,
632 5167 697 5236 ἢν
729 5167 991 5237 ἐκέκτητο
1011 5166 1256 5236 δύναμιν.
1300 5165 1432 5224 Εἶτα
1488 5171 1752 5227 διδάσκων

1879 1893 2083 1950 Deinde
2133 1902 2360 1960 metum,
2421 1911 2530 1965 quo
2587 1896 2885 1963 alliciebat,
2943 1900 3076 1954 mihi
3132 1901 3446 1972 ademptum

1876 1986 2123 2055 cupiens,
2159 1985 2272 2040 haec
2305 1988 2466 2057 longo
2500 1997 2621 2058 post
2657 1997 2898 2057 tempore
2936 1988 3120 2045 futura
3160 1991 3446 2057 indicavit,

1873 2085 1928 2131 ct
1958 2093 2078 2146 qum
2117 2078 2380 2146 videram,
2414 2095 2476 2135 ea
2501 2080 2630 2134 mihi
2668 2081 2883 2152 singula
2913 2083 3309 2154 interpretatus
3337 2093 3446 2152 est,

1873 2165 1947 2220 ita
1981 2168 2199 2222 locutus
2225 2186 2238 2223 :
2461 2231 2470 2243 λ

1943 2255 2112 2312 Vsus.
2146 2257 2236 2312 20.
2287 2279 2305 2311 ‹
2363 2258 2468 2314 Iste
2523 2259 2688 2323 aries.
2751 2278 2912 2332 quem
2972 2265 3178 2331 vidisti,
3237 2267 3447 2325 habens

1873 2362 2103 2412 cornua,
2150 2364 2243 2403 rex
2298 2349 2578 2406 Medorum
2633 2361 2717 2407 est
2777 2363 2831 2408 et
2885 2354 3199 2412 Persarum.
3245 2375 3264 2410 ›
3308 2352 3442 2414 Nam

1872 2439 2001 2509 quia
2057 2439 2221 2494 simul
2283 2449 2444 2512 atque
2507 2443 2905 2512 Chaldaicum,
2956 2449 3074 2504 sive
3130 2451 3440 2523 Assyrium,

1871 2529 2068 2586 Darius
2101 2532 2291 2588 Medus
2317 2535 2538 2604 excepit
2577 2551 2828 2606 regnum,
2860 2540 3025 2595 ctiam
3059 2541 3237 2612 Cyrus
3275 2543 3442 2600 Persa

1871 2627 2003 2677 tunc
2033 2624 2100 2678 ad
2132 2623 2327 2679 Persas
2359 2628 2643 2682 transwlit
2673 2629 2985 2697 imperium,
3027 2633 3120 2700 qui
3161 2642 3216 2688 et
3251 2635 3444 2692 Medus

1869 2722 1988 2769 erat
2018 2723 2073 2769 et
2101 2715 2266 2770 Persa
2297 2727 2520 2788 propter
2552 2722 2768 2788 generis
2803 2722 3269 2793 conjunctionem,
3307 2743 3442 2783 con-

1871 2805 2150 2860 venienter
2200 2805 2384 2862 Persis
2429 2808 2617 2864 Medos
2656 2814 2992 2880 praeposuit,
3037 2824 3090 2870 et
3128 2819 3204 2870 ait
3243 2835 3262 2869 ι
3298 2821 3443 2874 arie—

1868 2903 1978 2950 tem
2021 2912 2143 2952 esse
2171 2913 2355 2968 regem
2388 2898 2670 2955 Medorum
2723 2912 2777 2957 et
2811 2903 3128 2960 Persarum.
3163 2926 3182 2960 ι
3225 2909 3440 2982 1222

1867 2983 2000 3038 Nam
2026 2994 2080 3040 et
2119 2997 2430 3056 postremus
2455 3005 2674 3060 quoque
2700 2991 2918 3057 Darius,
2955 2997 3046 3066 qui
3091 2999 3304 3055 Arsami
3347 3021 3444 3072 ap-

1869 3077 2102 3146 pellatus
2140 3078 2265 3147 fuit,
2301 3097 2462 3151 quem
2493 3083 2803 3140 Alexander
2829 3090 2846 3106 '
2873 3086 3092 3145 Macedo
3123 3091 3434 3162 debellavit,

1871 3177 2104 3237 utraque
2139 3185 2304 3241 regna
2346 3171 2765 3231 administravit.

1941 3257 2104 3316 Vens.
2144 3261 2233 3316 21.
2287 3282 2306 3316 ι
2369 3263 2432 3319 Et
2489 3266 2701 3332 hircus,
2755 3269 2958 3340 inquit,
3014 3288 3305 3344 caprarum
3341 3293 3438 3335 rex

1869 3346 2207 3416 Graecorum,
2242 3359 2296 3406 et
2321 3369 2492 3410 cornu
2525 3357 2658 3412 illud
2695 3373 2979 3429 magnum,
3025 3365 3169 3432 quod
3203 3376 3321 3421 erat
3355 3369 3439 3423 in-

1868 3447 1950 3494 ter
1981 3442 2170 3499 oculos
2195 3443 2334 3513 ejus,
2374 3447 2490 3516 ipse
2523 3457 2609 3504 est
2641 3464 2734 3504 rex
2768 3450 3002 3520 primus.
3040 3472 3060 3506 ι
3095 3455 3168 3512 De
3199 3458 3441 3514 Alexan-

1867 3530 1966 3585 dro
1997 3541 2176 3587 autem
2205 3535 2465 3603 loquitur.

1936 3620 2103 3680 Vsus.
2143 3625 2233 3680 22.
2277 3644 2297 3678 ι
2341 3627 2406 3681 Ει
2437 3628 2583 3698 quod
2610 3633 2910 3688 contritum
2942 3645 3048 3702 est,
3078 3647 3132 3692 et
3165 3647 3437 3696 steterunt

1867 3725 2102 3782 quatuor
2143 3731 2351 3771 cornua
2400 3721 2590 3775 subter
2622 3720 2779 3786 illud,
2831 3734 3070 3793 quatuor
3102 3744 3260 3798 reges
3309 3746 3436 3785 sur-

1864 3814 1993 3876 gent
2022 3808 2088 3862 de
2111 3818 2270 3878 gente
2308 3809 2449 3880 ejus,
2477 3821 2532 3865 et
2563 3828 2674 3868 non
2710 3814 2763 3868 in
2798 3817 2997 3873 robore
3022 3820 3191 3876 illius.
3231 3842 3251 3874 ι
3298 3821 3432 3879 Nam

1864 3908 1987 3968 post
2011 3900 2396 3972 illius,inquit,
2419 3903 2648 3970 obitum,
2682 3921 2910 3976 regnum
2939 3910 3087 3968 illius
3115 3913 3168 3967 in
3196 3921 3436 3984 quatuor

1862 4003 2025 4066 regna
2050 3988 2340 4047 dividetur.
2366 3993 2656 4061 Caeterum,
2689 3999 2790 4054 etsi
2821 4013 3059 4069 quatuor
3102 4003 3308 4061 fuerint
3337 4011 3432 4079 qui

1863 4090 2113 4152 regnent,
2147 4101 2254 4140 non
2283 4096 2538 4157 poterunt
2564 4099 2745 4146 tamen
2773 4097 2989 4165 egregia
3034 4097 3125 4152 illa
3165 4099 3428 4168 facinora,

1859 4187 1981 4241 qua:
2004 4174 2094 4229 ille
2131 4174 2384 4243 faciebat,
2417 4179 2678 4248 perﬁcere
2712 4201 2725 4236 :
2765 4199 2952 4240 verum
2987 4201 3047 4242 se
3081 4190 3253 4244 multo
3287 4191 3431 4246 infe-

1860 4264 2035 4320 riores
2067 4266 2185 4335 ejus
2212 4268 2415 4324 virtute
2456 4273 2811 4340 praestabunt.

1928 4439 2092 4494 Vens.
2132 4441 2220 4495 23.
2266 4461 2285 4494 ‹
2325 4443 2388 4497 Et
2436 4444 2490 4498 in
2519 4451 2788 4512 extremo,
2819 4447 3031 4517 inquit,
3091 4453 3244 4522 regni
3277 4452 3428 4524 ipso-

1862 4546 2004 4596 rum,
2032 4533 2316 4603 completis
2345 4535 2586 4604 peccatis
2615 4551 2826 4592 eorum.
2864 4557 2883 4591 ι
2927 4539 3181 4607 Quando,
3227 4545 3426 4614 inquit,

1859 4622 1926 4676 ad
1955 4637 2226 4678 summam
2254 4626 2591 4696 impietatem
2625 4630 2994 4697 pervenerint,
3035 4641 3086 4688 et
3116 4636 3261 4690 ultra
3294 4653 3429 4692 uicae

1858 4714 2082 4771 diutinae
2120 4716 2361 4773 lenitatis
2392 4722 2660 4774 terminos
2695 4719 3045 4791 deliquerint.

1935 4829 1954 4861 ι
2000 4810 2304 4882 Consurget
2351 4828 2444 4866 rex
2478 4812 2764 4881 impudens
2811 4813 2970 4879 facie,
3019 4823 3074 4871 et
3118 4817 3428 4890 intelligens

1854 4903 2272 4972 pr0positiones.
2321 4903 2508 4970 (Vens.
2544 4905 2660 4974 24.)
2709 4904 2774 4958 Et
2810 4905 2950 4962 forte
2983 4909 3154 4964 robur
3185 4910 3325 4980 ejus,
3373 4925 3429 4969 et

1855 5008 1962 5046 non
2007 5009 2103 5062 per
2147 4995 2316 5050 robur
2356 5012 2535 5050 suum.
2595 5016 2614 5048 ι
2661 4997 2913 5052 Antiochi
2950 5007 3230 5054 versutam
3269 5005 3428 5058 mali-

1854 5084 1983 5139 tiam
2033 5101 2129 5155 per
2162 5087 2275 5142 haec
2303 5088 2502 5152 innuit,
2549 5096 2626 5153 et,
2676 5097 2876 5158 praeter
2914 5091 3200 5159 malitiam,
3236 5107 3426 5164 poten-

1856 5177 2010 5241 tiam,
2047 5192 2212 5246 quant
2245 5179 2334 5234 ille
2361 5179 2467 5234 sibi
2508 5188 2948 5248 comparaverat.
2984 5181 3190 5238 Deinde
3219 5183 3426 5244 docens

1488 5360 1720 5416 V'AltlE
1760 5361 2167 5419 LECTIONES.

250 5444 310 5518 “A
329 5445 441 5518 καί.
462 5445 518 5518 7A
570 5454 623 5500 et
650 5447 692 5500 B
725 5449 778 5518 ἡ.

177 5515 229 5586 Α.
249 5515 373 5570 add.
407 5517 523 5586 μέν.
600 5519 644 5549 ³⁸
679 5515 763 5585 γνζ
800 5517 923 5573 Des.
980 5520 1031 5571 in
1079 5519 1137 5571 B.

857 5449 900 5480 "
923 5449 1047 5509 τοὺς
1092 5460 1144 5502 et

1180 5451 1450 5522 μουηῡοε.
1480 5454 1530 5508 in
1571 5458 1634 5509 A.
1712 5459 1755 5488 ⁸³
1790 5463 1900 5522 τοῖς
1937 5489 1995 5498 --
2029 5476 2140 5513 σου.
2179 5459 2300 5514 Des.
2326 5461 2378 5514 in
2405 5462 2469 5512 Α.
2547 5459 2591 5491 ’δ

1234 5521 1277 5549 ’⁷
1306 5521 1345 5571 ,Β
1379 5524 1587 5590 χρόνον.
1667 5527 1712 5557 ’⁸
1749 5529 1790 5580 Β
1821 5521 1916 5591 ὡς.

2624 5459 2794 5530 μένει.
2832 5455 2955 5530 Des.
3013 5456 3065 5509 in
3253 5454 3297 5484 "
3325 5469 3418 5520 πρ.

2013 5531 2054 5562 ²⁹
2088 5525 2198 5583 οὗτ.
2233 5529 2353 5584 Des.
2385 5531 2437 5584 in
2467 5529 2530 5583 A.
2624 5521 2680 5561 ’³ο
2704 5529 2744 5580 Β
2777 5529 3057 5598 Πέρσαις.-
3110 5521 3421 5598 ³¹.Βπροσ-

177 5584 416 5653 έθηκεν(
474 5587 517 5619 ³⁸
545 5587 628 5639 ὅτι
665 5584 762 5666 -ὲ-
775 5587 934 5666 ἔστη..
957 5589 1018 5666 _A
1059 5588 1159 5666 τοῦ
1211 5584 1580 5666 συντριδέντος
1608 5591 1669 5649 οὗ
1699 5584 1949 5666 ἔστησαν.
2027 5600 2072 5629 ³³
2092 5601 2425 5653 Αὑποκάτω.
2501 5602 2546 5632 ⁸⁵
2565 5602 2608 5654 Α
2642 5602 2706 5653 ἐκ
2732 5599 2825 5651 τοῦ
2851 5584 2960 5666 έθν.
3001 5595 3130 5666 αὐτ..
3153 5591 3414 5666 άνμσξήσ.

175 5655 222 5727 an
244 5657 366 5727 ἀπό,
406 5657 448 5708 Β
484 5659 568 5710 ἐκ.
646 5658 688 5688 ³⁸
724 5657 764 5708 Β
789 5658 886 5710 οὐκ
915 5657 1274 5727 ἠδυνήθησαν.

175 5726 230 5782 in
264 5725 308 5781 Α
333 5727 479 5782 etB.

503 5821 772 5882 ΡΑτιιοι.
819 5822 934 5881 Gn.
979 5822 1234 5882 LXXXI.

1385 5663 1425 5693 ³⁷
1460 5667 1500 5716 Α
1533 5677 1586 5720 et
1625 5668 1662 5717 Β
1721 5663 1980 5737 ἐσχάτων.

2091 5671 2133 5700 ³⁸
2168 5671 2220 5739 ἡ.
2255 5671 2296 5721 Β
2345 5687 2530 5740 prazm.
2570 5672 2682 5723 καί.
2786 5668 2829 5698 ³⁸
2861 5664 3047 5719 καὶ-
3073 5657 3258 5712 αὑτοῦ.
3291 5657 3419 5715 Des.

2989 5817 3060 5878 (ιϐ
