3898 6208
516 306 649 375 1451

1414 304 1901 365 THEODORETI
1939 304 2275 364 EPISCOPI
2314 300 2679 362 CYRENSIS

3574 305 3684 370 “52

504 436 630 477 eum
663 420 777 475 lucc
830 417 1131 479 facturum,
1163 412 1274 469 Deo
1305 414 1559 469 videlicet
1584 415 1948 483 permittente,
1982 427 2071 482 ap-

2185 411 2260 475 ὠς
2292 410 2466 465 ταῦτα
2495 412 2732 483 ποιήσει,
2767 409 2862 463 τοῦ
2891 407 3027 471 Θεοῦ
3047 408 3283 480 δηλονότι
3314 423 3685 487 συγχωροῦντος,

505 513 682 583 posite
721 507 1001 579 subjecit:
1052 523 1072 557 ι
1120 504 1185 559 Et
1239 520 1347 560 non
1382 520 1479 575 per
1526 506 1694 560 robur
1730 520 1910 560 suum.
1956 522 1974 555 ι
2011 504 2075 558 Et

505 599 730 671 Assyrio
772 598 847 652 ait
885 596 1027 652 Deus
1076 611 1172 666 per
1228 594 1423 651 Isaiam
1477 596 1837 667 prophetam:
1877 615 1895 647 ι
1932 592 2072 649 Num

502 691 827 763 gloriabitur
886 689 1101 745 securis
1152 689 1272 743 sine
1325 688 1569 743 ardente
1632 704 1759 743 cum
1822 702 1920 754 ea,
1980 697 2074 741 aut

501 782 831 840 exaltabitur
858 796 1013 838 serra
1062 782 1180 838 sine
1215 781 1465 836 trahente
1493 795 1614 835 eam
1640 780 1704 833 b2
1737 797 1756 831 ι
1785 779 1864 833 lta
1902 784 1956 833 et
1985 777 2074 832 hic

500 875 723 932 audebit
765 873 976 945 1223
1018 874 1154 934 ha-c,
1193 873 1392 942 inquit,
1422 872 1723 928 Antiochus
1748 885 1858 926 non
1887 877 1946 924 ut
1973 883 2071 938 po-

503 977 626 1025 tens
650 1007 665 1032 ,
697 967 794 1024 sed
823 965 933 1023 Deo
962 965 1328 1036 permittente.

573 1171 594 1206 ι
625 1153 692 1207 Et
722 1150 1012 1214 mirabilia,
1050 1148 1248 1219 inquit,
1307 1153 1637 1216 corrumpet,
1689 1153 1741 1200 et
1766 1143 1979 1215 diriget,
2016 1153 2072 1197 et

497 1245 681 1310 faciet,
730 1251 785 1299 et
816 1240 1107 1296 interficiat
1139 1239 1331 1304 fortes,
1383 1246 1437 1294 et
1484 1237 1744 1308 populum
1794 1243 2068 1290 sanctum.

499 1336 691 1409 (Vna.
722 1334 842 1406 25.)
872 1332 937 1388 Et
960 1333 1152 1404 jugum
1197 1329 1398 1384 vinculi
1425 1330 1546 1399 ejus
1575 1329 1792 1398 diriget.
1821 1346 1840 1377 ι
1878 1327 1935 1380 ld
1963 1333 2067 1389 est,

498 1426 633 1482 nihil
692 1425 796 1496 ipsi
853 1425 959 1479 erit
1016 1421 1442 1493 impedimento,
1494 1420 1627 1490 quin
1681 1417 1864 1472 omnia
1907 1416 2071 1471 faciat

497 1531 838 1591 quacunque
866 1504 1121 1570 voluerh.
1162 1514 1234 1567 De
1268 1511 1469 1565 talibus
1503 1511 1695 1566 beatus
1727 1508 1894 1562 David
1928 1523 2069 1578 pra»

495 1608 650 1679 cipit,
690 1622 814 1662 cum
846 1609 961 1660 ait:
1001 1622 1022 1656 ι
1059 1602 1180 1657 Νοιί
1218 1601 1471 1657 aemulari
1507 1601 1561 1656 in
1595 1614 1683 1663 eo,
1715 1598 1812 1669 qui
1844 1612 2071 1669 prospe-

496 1705 649 1751 ratur
677 1696 733 1750 in
762 1697 846 1750 via
880 1709 999 1754 sua.
1027 1693 1083 1747 in
1112 1692 1334 1747 homine
1361 1691 1597 1748 faciente
1618 1688 1951 1759 iujustitiam
1978 1698 2061 1740 α.»

2176 501 2487 571 ἀναγκαίως
2508 502 2756 573 ἐπήγαγε
2780 518 2793 533 ·
2834 519 2853 552 ι
2897 501 3004 554 Καὶ
3031 500 3133 555 οὐκ
3162 501 3218 555 tv
3243 504 3309 572 τῇ
3344 503 3478 573 ἰσχύϊ
3500 508 3684 563 αὐτοῦ.»

2176 596 2283 648 Καὶ
2313 594 2390 665 τῷ
2422 594 2690 665 Ἀσσυρίῳ
2737 593 2797 647 δέ
2850 609 3015 662 φησιν
3039 594 3068 645 6
3089 591 3223 656 Θεὸς
3266 591 3351 647 διὰ
3390 594 3587 650 Ἦσαῐου
3614 603 3691 657 τοῦ

2176 687 2456 757 προφήτου
2479 702 2494 716 ·
2531 705 2551 737 ι
2591 685 2682 755 Μὴ
2734 683 3125 754 δοξασθήσεται
3162 682 3319 753 ἀξίνη
3349 684 3470 738 ἄνευ
3512 689 3595 741 τοῦ
3616 693 3692 744 16-

2175 794 2404 840 πτοντος
2456 778 2517 829 tv
2572 777 2748 847 αὐτῇς
2799 776 2833 846 ἢ
2888 773 3231 843 ὑψωθήσεται
3276 776 3442 846 πρίων
3477 777 3589 831 ἄνευ
3617 780 3692 833 τοῦ

2173 867 2421 930 ἕλκοντος
2449 868 2642 930 αὐτόνς
2683 885 2702 919 ι
2741 866 2899 919 Οὕτω
2932 865 2989 918 δὲ
3037 863 3084 895 ⁸⁸
3117 864 3210 918 καὶ
3257 865 3498 928 ἐνταῦθα.
3540 871 3691 941 φησιν,

2173 960 2255 1011 ὃτι
2319 956 2493 1011 ταῦτα
2544 958 2805 1029 τολμήσει
2830 959 2859 1009 6
2896 957 3185 1027 Ἄντίοχος,
3245 955 3342 1025 οὐχ
3387 956 3456 1018 ὡς
3490 956 3693 1027 δυνατὸς,

2172 1048 2306 1102 ἀλλὰ
2336 1049 2429 1101 τοῦ
2461 1048 2596 1102 Θεοῦ
2621 1047 3049 1120 συγχωροῦντος.

2257 1159 2275 1191 ι
2312 1140 2751 1209 Καὶθαυμαστὰ,
2797 1138 2950 1209 φησὶ,
3002 1136 3303 1207 διαφθερεῖ,
3349 1137 3438 1191 καὶ
3474 1138 3694 1192 κατευθυ-

2172 1234 2274 1298 νεῖ,
2306 1233 2398 1285 καὶ
2425 1233 2662 1303 ποιήσει,
2690 1232 2786 1284 καὶ
2842 1230 3128 1301 διαφθερεῖ
3174 1228 3440 1300 ἰσχυροὺς,
3489 1229 3571 1282 καὶ
3597 1229 3695 1284 λαὸν

2166 1324 2350 1392 ἅγιον.
2377 1322 2521 1392 (κε’.)
2545 1325 2653 1376 Καὶ
2684 1326 2710 1376 6
2745 1322 2908 1391 ζυγὸς
2936 1321 3028 1374 τοῦ
3057 1319 3241 1374 κλοιοῦ
3284 1318 3443 1373 αὐτοῦ
3474 1320 3696 1373 κατευθυο

2170 1418 2268 1468 νεῖ.
2303 1435 2321 1467 ι
2370 1416 2516 1468 ’Δντὶ
2537 1414 2653 1479 τοῦ,
2672 1415 2821 1468 οὐδὲν
2853 1413 3000 1484 αὐτῷ
3045 1409 3295 1483 ἐμποδὼν
3315 1410 3475 1469 ἔσται,
3507 1410 3695 1466 ἀλλ’ὃσα

2169 1508 2238 1563 ἂν
2286 1509 2486 1579 θελήσῃ
2535 1507 2709 1562 ταῦτα
2732 1508 2773 1540 ⁸⁸
2806 1508 3045 1577 ποιήσει.
3104 1504 3241 1575 Περὶ
3289 1504 3396 1557 τῶν
3440 1503 3696 1557 τοιούτωνὸ

2174 1599 2443 1669 μακάριος
2479 1600 2737 1668 παραινεῖ
2761 1598 2808 1629 ⁸⁸
2853 1597 3037 1658 Δαὸὶδ,
3073 1596 3284 1663 λέγων·
3326 1614 3343 1645 ι
3376 1595 3463 1664 Μὴ
3493 1597 3694 1665 παραζῄ

2170 1691 2265 1744 λου
2311 1693 2369 1745 tv
2417 1690 2497 1761 τῷ
2540 1688 2986 1761 κατευοδουμένῳ
3020 1689 3081 1740 tv
3100 1690 3168 1757 τῇ
3198 1686 3303 1756 ὁδῷ
3357 1686 3532 1747 αὑτοῦ,
3554 1689 3603 1739 tv
3627 1688 3695 1739 ἀν-

494 1785 744 1855 Ροτεαψο
775 1786 921 1840 enim
954 1783 1156 1838 accidit
1186 1791 1267 1849 ut,
1299 1780 1561 1853 impietati
1589 1789 1643 1837 et
1673 1780 1946 1851 iniquitati
1977 1778 2071 1833 ad-

2177 1783 2381 1855 θρώπῳ
2414 1781 2653 1837 ποιοῦντι
2679 1781 3048 1853 παρανομίαν.
3087 1797 3107 1831 ι
3140 1778 3437 1849 Συμσαίνει
3476 1777 3573 1848 γὰρ
3599 1778 3695 1831 πολ-

494 1877 659 1933 dictis
695 1875 1029 1938 hominibus,
1061 1874 1264 1944 quique
1308 1874 1547 1927 audeant
1592 1870 1884 1928 admodum
1920 1869 2071 1939 inju-

495 1976 708 2032 sta,res
734 1980 990 2037 prospere
1020 1965 1339 2021 succedant.
1375 1981 1395 2015 ι
1432 1962 1628 2036 Iugum
1652 1965 1841 2034 igitur,
1867 1964 2066 2032 inquit,

493 2053 700 2110 vinculi
746 2052 867 2122 ejus
901 2052 1119 2123 diriget,
1162 2069 1182 2103 ι
1219 2052 1323 2107 hoc
1362 2061 1467 2119 est,
1501 2067 1846 2123 quacunque
1879 2051 2068 2119 subje-

496 2146 602 2201 ctis
647 2144 865 2215 populis
917 2143 1230 2214 imperabit,
1292 2159 1357 2200 ea
1404 2152 1562 2213 coget
1610 2144 1736 2200 illos
1782 2143 2067 2221 perficere.

497 2236 701 2293 Deinde
740 2243 1015 2292 versatam
1064 2234 1214 2290 illius
1282 2234 1544 2289 malitiam
1593 2234 1948 2304 dolosamque
1995 2234 2071 2287 si~

495 2329 850 2384 mulationem
885 2326 1227 2397 pradicens:
1265 2344 1285 2378 ι
1337 2324 1524 2390 Dolus,
1568 2325 1767 2395 inquit,
1816 2326 1871 2379 in
1906 2340 2070 2378 manu

497 2421 639 2490 ejus,
664 2428 719 2473 et
747 2420 801 2473 in
832 2418 996 2473 corde
1025 2430 1128 2473 suo
1158 2415 1620 2487 magnificabitur,
1657 2424 1711 2469 et
1744 2414 1871 2469 dolo
1906 2415 2071 2470 inter-

498 2511 643 2567 ficiat
691 2511 913 2565 multos.
958 2527 978 2561 ι
1022 2509 1067 2561 Δ
1109 2508 1380 2579 principio
1417 2508 1565 2564 enim
1619 2509 1964 2578 gymnasium
2015 2509 2070 2562 in

498 2601 894 2672 Hierosolymis
923 2600 1181 2655 aediﬁcari
1216 2600 1509 2670 praecepit:
1537 2600 1735 2655 deinde
1767 2601 1946 2656 suillis
1976 2616 2072 2655 ve-

496 2696 577 2751 sci
634 2695 897 2749 carnibus
951 2712 964 2747 :
1022 2699 1139 2747 tum
1190 2692 1357 2747 etiam
1402 2693 1585 2763 coegit
1634 2693 1967 2758 sacriﬁcare,
2008 2708 2073 2748 ac

494 2787 679 2844 verbis
715 2784 1001 2840 fallacibus
1049 2789 1067 2807 ·
1112 2799 1247 2841 usus
1280 2784 1401 2856 pios
1431 2784 1683 2840 homines
1725 2786 1781 2839 in
1824 2784 2070 2839 fraudem

502 2880 781 2952 impellere
822 2877 1149 2941 conabatur,
1199 2890 1264 2929 ac
1306 2876 1459 2945 regia
1516 2890 1746 2930 munera
1793 2874 2072 2946 pollicitus

494 2988 688 3030 omnes
741 2972 797 3026 in
848 2972 1019 3041 legem
1069 2969 1454 3038 delinquentes
1510 2981 1740 3023 cernere
1790 2967 2068 3037 cupiebat.

494 3062 707 3119 Idcirco
745 3080 765 3113 ι
814 3061 997 3124 dolus,
1032 3060 1230 3132 inquit,
1264 3060 1319 3113 in
1356 3073 1522 3114 manu
1560 3058 1701 3128 ejus,
1733 3064 1790 3113 et
1822 3056 1877 3111 in
1907 3056 2073 3113 corde

495 3171 599 3212 suo
648 3153 1113 3225 magniﬁcabitur.
1173 3170 1192 3205 ι
1229 3149 1558 3205 Maximum
1626 3149 1775 3204 enim
1828 3120 2148 3204 omniumc

498 3249 780 3305 hominum
836 3261 958 3303 sesc
1024 3243 1384 3309 existimavit,
1436 3261 1456 3294 ι
1509 3251 1564 3297 et
1606 3240 1736 3297 dolo
1784 3242 2080 3311 interficiat

496 3342 720 3406 multos,
758 3358 781 3392 ι
813 3352 1178 3410 quoscunque
1211 3334 1423 3390 scilicet
1446 3335 1501 3389 in
1529 3332 1783 3389 fraudem
1812 3335 2078 3391 inducere

497 3432 760 3502 potuerit.
814 3449 835 3483 ι
893 3429 961 3484 Et
998 3430 1055 3483 in
1122 3425 1432 3497 perditione
1483 3426 1804 3487 multorum,
1876 3426 2075 3498 inquit,

496 3530 685 3587 stabit.
731 3545 751 3579 ι
792 3524 908 3581 Hoc
935 3535 1039 3590 est,
1096 3521 1405 3594 quaestione
1457 3519 1724 3585 adhibita,
1781 3521 2076 3592 exquisitis

497 3620 787 3677 tormentis
827 3625 1037 3680 utetur,
1080 3616 1259 3670 donec
1307 3613 1494 3683 plures
1539 3612 1733 3668 viderit
1794 3615 2075 3685 propriam

498 3714 731 3770 salutem
764 3709 1036 3766 amisisse.
1074 3706 1261 3774 Neque
1292 3710 1586 3759 contentus
1633 3719 1698 3759 ea
1739 3714 1932 3760 contra
1974 3706 2076 3761 ho-

497 3804 675 3858 mines
714 3800 928 3855 insania
964 3816 977 3851 :
1017 3816 1035 3849 ι
1074 3795 1250 3849 Etiam
1291 3802 1486 3849 contra
1516 3792 1847 3864 Principem,
1872 3797 2072 3867 inquit,

496 3891 807 3965 principum
844 3884 1059 3958 1224.
1089 3885 1273 3941 stabit.
1306 3902 1328 3937 ι
1364 3883 1478 3940 Hoc
1511 3892 1616 3952 est,
1655 3894 1850 3940 contra
1884 3888 2066 3957 ipsum

496 3983 700 4053 Regem
743 3994 957 4049 regum,
987 3977 1083 4051 qui
1119 3975 1530 4031 dominantibus
1560 3978 1891 4045 dominatur,
1925 3980 2075 4034 insa-

496 4077 633 4141 niet,
660 4070 972 4127 dedicatum
992 4069 1070 4123 illi
1101 4069 1363 4137 templum
1394 4067 1636 4138 polluere
1662 4084 1975 4140 aggressus.
2007 4071 2074 4126 Et

496 4165 822 4238 permissam
845 4160 954 4218 sibi
973 4166 1163 4215 contra
1191 4156 1410 4213 Iudaeos
1444 4159 1720 4214 licentiam
1751 4163 2071 4228 ostendens,

502 4280 522 4313 ι
560 4260 627 4315 Et
657 4257 813 4330 quasi
845 4270 967 4321 ova,
1002 4252 1200 4321 inquit,
1242 4264 1406 4305 manu
1445 4250 1595 4321 ipsos
1629 4263 1900 4308 conteret.
1941 4272 1960 4306 ι
1993 4253 2070 4308 Ita

499 4352 757 4408 facillime
784 4347 969 4403 omnia
995 4345 1133 4410 hac,
1163 4342 1361 4411 inquit,
1394 4343 1660 4413 perficiet,
1684 4346 1907 4415 perinde
1936 4362 1999 4402 ac
2023 4348 2072 4401 si

2178 1878 2335 1940 λάκις
2368 1876 2463 1929 καὶ
2493 1874 2620 1939 τοὺς
2670 1872 2960 1943 δυσσεϐείᾳ
3000 1872 3095 1925 καὶ
3130 1870 3447 1941 παρανομίᾳ
3473 1869 3694 1934 συζῶντας

2178 1967 2492 2023 εὐοδοῦσθαι
2526 1966 2646 2018 λίαν
2698 1965 2992 2036 παράνομα
3037 1962 3381 2033 τολμῶντας.
3412 1979 3431 2012 ι
3478 1963 3530 2015 '0
3570 1959 3728 2029 ζυγὸς⁸

2177 2056 2291 2124 οῦν,
2329 2059 2482 2128 φησι,
2510 2056 2602 2110 τοῦ
2638 2053 2820 2109 κλοιοῦ
2847 2053 3011 2108 αὐτοῦ
3034 2052 3379 2114 κατευθυνεῇ
3425 2070 3443 2103 ι
3479 2052 3582 2105 ἀντὶ
3609 2051 3694 2115 τοῦ,

2177 2149 2354 2203 πάντα
2367 2149 2402 2203 ἀ
2424 2149 2488 2203 ἂν
2520 2145 2799 2219 προστάξῃ
2814 2149 2922 2210 τοῖς
2936 2146 3224 2215 ὑπηκόοις,
3260 2144 3543 2213 ἀναγκάσει
3565 2143 3697 2196 ταῦτα

2178 2239 2440 2314 πληροῦν.
2467 2236 2601 2294 Εἶτα
2622 2238 2683 2293 τὸ
2713 2238 3022 2309 πανοῦργον
3053 2237 3222 2291 αὐτοῦ
3259 2238 3352 2290 καὶ
3372 2236 3581 2289 ὓπουλον
3600 2252 3697 2302 προ·

2176 2334 2384 2402 λέγων’
2423 2350 2443 2383 ι
2478 2332 2662 2394 Δόλος,
2709 2332 2894 2400 φησὶν,
2947 2332 3006 2383 tv
3053 2332 3118 2399 τῇ
3171 2329 3317 2399 χειρὶ
3352 2327 3526 2388 αὐτοῦ,
3558 2327 3637 2379 καὶ
3655 2327 3696 2377 tv

2178 2427 2373 2498 καρδίᾳ
2402 2424 2569 2479 αὐτοῦ
2607 2423 3099 2495 μεγαλυνθήσεται,
3128 2423 3225 2475 καὶ
3251 2422 3388 2492 δόλῳ
3412 2419 3695 2488 matellam!"

2178 2516 2426 2579 πολλούς.
2453 2534 2472 2567 ι
2515 2515 2604 2580 Ἐξ
2664 2516 2838 2585 ἀρχῆς
2867 2514 2977 2586 γὰρ
3031 2515 3341 2585 γυμνάσιον
3372 2516 3427 2567 tv
3457 2511 3693 2582 Ἱεροσολύ-

2180 2622 2302 2677 μοις
2331 2604 2757 2675 οἰκοδομηθῆναι
2785 2604 3140 2675 προσέταξεν,
3164 2601 3284 2656 εἷτα
3306 2603 3539 2674 χοιρείων
3569 2618 3693 2670 μεταο

2177 2694 2474 2765 λαμϐάνειν
2501 2694 2681 2765 κρεῶν
2704 2711 2717 2724 ·
2755 2692 2984 2765 ὕστερον
3011 2693 3071 2747 δὲ
3111 2694 3212 2747 καὶ
3241 2693 3391 2746 θύειν
3410 2690 3691 2763 ἠνάγκαζεν

2178 2789 2443 2860 ἐκέχρητο
2470 2789 2527 2842 δὲ
2550 2789 2644 2842 καὶ
2701 2787 2952 2851 κωτίλοις
2982 2787 3187 2855 λόγοις,
3238 2789 3366 2850 τούς
3395 2786 3609 2847 εὐσεϐεῖς
3634 2782 3694 2849 ἐξ·

2176 2884 2463 2952 απατῆσαι
2516 2879 2877 2951 πειρώμενος,
2926 2881 3021 2936 καὶ
3078 2878 3364 2951 βασιλικὰς
3408 2878 3592 2949 δωρεὰς
3618 2877 3693 2929 ὐπ-

2181 2975 2434 3044 ισχνεῖτο,
2492 2972 2947 3045 παρανομοῦντας
3000 2972 3250 3036 ἅπαντας
3294 2972 3417 3026 ίδεῖν
3442 2970 3689 3040 ἐφιέμενος.

2177 3067 2276 3120 Διά
2302 3065 2460 3120 τοῦτό
2503 3083 2637 3137 φησι
2673 3083 2686 3096 ’
2726 3084 2744 3117 ι
2781 3065 2940 3127 Δόλος
2968 3067 3025 3118 ὲν
3076 3068 3142 3136 τῇ
3178 3065 3325 3136 χειρὶ
3355 3062 3528 3125 αὐτοῦ,
3559 3062 3632 3114 καὶ
3653 3060 3693 3111 ὲν

2180 3158 2379 3232 καρδίᾳ
2407 3157 2572 3214 αὐτοῦ
2620 3158 3112 3229 μεγαλυνθήσεται.
3149 3175 3168 3208 ι
3199 3156 3467 3225 Μέγιστον
3494 3153 3587 3222 γὰρ
3603 3152 3694 3204 tat'v

2179 3248 2271 3302 τὸν
2302 3250 2520 3304 πάντων
2552 3248 2856 3319 ἀνθρώπων
2881 3248 3148 3317 ἡγήσατο,
3193 3263 3213 3297 ι
3253 3246 3347 3299 καὶ
3377 3245 3504 3314 δόλῳ
3525 3241 3693 3309 6:190:-

2181 3343 2268 3413 ρετ
2296 3342 2547 3406 πολλοὺς,
2585 3360 2603 3393 ι
2634 3340 2727 3403 οὓς
2749 3340 2817 3394 ἂν
2862 3337 3204 3409 ἐξαπατῆσαι
3236 3338 3449 3408 ἰσχύσῃ.
3484 3355 3502 3387 ι
3531 3328 3693 3386 licita!

2178 3433 2423 3505 ἀπωλείᾳ.
2473 3432 2519 3465 ⁸⁸
2565 3430 2797 3495 πολλῶν,
2854 3430 3013 3499 (mai,-
3068 3428 3397 3499 σταθήσεται
3429 3427 3491 3479 ⁸³.
3529 3445 3545 3477 ο
3588 3419 3693 3473 Ἀντί

2177 3523 2293 3591 τοῦ,
2324 3524 2572 3577 ὲνστάσει
2627 3523 2913 3593 χρήσεται,
2950 3524 3054 3585 ἕως
3085 3521 3150 3575 ἂν
3176 3521 3263 3593 ἴδῃ
3297 3519 3514 3581 πολλοὺς
3539 3515 3620 3580 τὴν
3643 3512 3694 3563 οξ-

2176 3618 2329 3671 κείαν
2350 3616 2687 3680 ἀπολλύντας
2740 3616 3037 3684 σωτηρίαν.
3093 3614 3186 3683 Μὴ
3243 3610 3560 3683 ἀρκούμενος
3584 3604 3691 3671 δὲτῇ

2176 3707 2317 3762 κατά
2344 3707 2448 3760 τῶν
2476 3707 2778 3777 ἀνθρώπων
2807 3707 2992 3776 μανίᾳ,
3030 3722 3050 3756 ι
3086 3705 3198 3758 Καὶ
3243 3706 3334 3757 ἐπὶ
3359 3704 3590 3774 ἄρχοντα,
3614 3712 3687 3765 φη·

2177 3800 2280 3865 σὶν,
2310 3799 2584 3871 ἀρχόντων
2614 3800 2890 3869 στήσεται.
2932 3816 2950 3847 ι
2991 3796 3274 3857 Τουτέστι,
3315 3793 3429 3847 κατ’
3458 3788 3598 3845 αὐτοῦ
3622 3783 3690 3836 τοῦ

2174 3892 2446 3956 Βασιλέως
2500 3892 2608 3947 τῶν
2671 3891 2937 3961 βασιλέων
2988 3890 3055 3953 ⁸⁸,
3112 3889 3207 3943 καὶ
3269 3884 3589 3959 κυριεύοντος
3611 3877 3690 3929 τῶν

2174 3982 2558 4055 κυριευόντων,
2586 3986 2652 4055 τῇ
2679 3982 2848 4056 λύττῃ
2876 3983 3161 4053 χρήσεται,
3197 3980 3427 4052 μιαίνειν
3453 3970 3690 4043 ἐπιχειρῶν

2171 4075 2263 4129 τὸν
2287 4075 2645 4146 ἀνακείμενον
2666 4074 2814 4145 αὐτῷ
2830 4074 2985 4128 νεών.
3020 4075 3130 4127 Καὶ⁸
3154 4072 3370 4135 δεικνὺς
3386 4069 3477 4141 τὴν
3496 4066 3689 4121 δοθεῖσαν

2173 4167 2320 4237 αὐτῷ
2353 4169 2494 4221 κατά
2518 4167 2626 4223 τῶν
2665 4167 2932 4221 Ἰουδαίων
2959 4164 3331 4237 συγχώρησιν,
3361 4183 3379 4214 ι
3412 4162 3511 4215 Καὶ
3531 4159 3593 4221 ὡς
3609 4153 3686 4213 citi.

2174 4259 2358 4327 φησὶν,
2391 4259 2448 4310 ὲν
2470 4259 2615 4329 χειρὶ
2670 4256 2949 4329 συντρίψει
3009 4256 3208 4320 αὐτούς
3232 4256 3299 4310 ⁵⁷.
3342 4273 3362 4308 ι
3389 4252 3549 4311 Οὕτω,
3570 4243 3684 4317 φησὶ.

2176 4349 2312 4419 μετά
2341 4348 2543 4419 πολλῆς
2576 4347 2826 4410 εὐκολίας
2857 4345 3030 4402 ταῦτα
3057 4348 3239 4401 πάντα
3260 4344 3306 4380 ⁸⁸
3335 4345 3613 4413 ἐργάσεται,
3633 4333 3685 4393 ὡς

496 4446 626 4517 quis
673 4456 776 4498 ova
814 4453 981 4494 manu
1029 4436 1193 4490 vellet
1233 4443 1541 4491 conterere.
1579 4436 1758 4507 Atque
1796 4437 1885 4492 hic
1922 4438 2069 4508 ipso-

2176 4440 2327 4501 εἴτις
2352 4439 2435 4493 ὠὰ
2458 4442 2522 4509 τῇ
2549 4441 2694 4510 χειρὶ
2724 4439 3017 4510 συντρίψαι
3040 4438 3316 4508 θελήσειεν
3340 4436 3403 4487 ⁸⁵.
3442 4430 3685 4485 “vitam:

498 4549 621 4590 rum
640 4530 953 4587 Iudaeorum
977 4525 1261 4595 segnitiem
1284 4530 1458 4589 notat,
1490 4524 1608 4594 qui,
1627 4525 1887 4595 neglectis
1905 4527 2072 4582 rebus

498 4624 719 4688 divinis,
743 4620 812 4675 ab
844 4619 965 4689 ipso
1017 4614 1126 4669 Deo
1164 4613 1369 4669 deserti
1403 4623 1458 4669 et
1494 4630 1732 4685 superna
1768 4614 2067 4671 Providen-

499 4719 575 4771 tia
604 4712 848 4774 destituti
888 4710 1060 4764 fuere.
1097 4706 1191 4761 His
1226 4707 1426 4776 adjecit
1459 4725 1472 4761 :

571 4892 737 4949 Yaas.
774 4889 866 4944 26.
927 4907 946 4940 ι
994 4885 1064 4940 Ει
1120 4884 1256 4941 visio
1305 4886 1616 4955 vespertina
1666 4897 1720 4943 et
1776 4889 2067 4957 matutina,

496 5001 621 5059 quae
646 4985 795 5041 dicta
824 4988 926 5047 est,
955 4995 1079 5035 vera
1105 4986 1210 5039 est.
1250 4996 1269 5030 ι
1314 4977 1426 5032 Hoc
1453 4990 1557 5045 est,
1594 4989 1645 5034 et
1680 4989 1895 5051 tempus
1920 4982 2069 5036 cala-

499 5077 791 5136 mitatibus
836 5071 1121 5129 definitum
1173 5069 1295 5125 sine
1336 5069 1443 5122 ulla
1483 5070 1827 5126 dubitatione
1877 5087 2066 5126 verum

500 5182 606 5229 est.
642 5169 783 5237 Quia
817 5180 949 5221 vero
978 5163 1210 5216 multum
1244 5161 1507 5231 temporis
1559 5162 1844 5218 intercedit
1876 5183 1890 5216 :
1945 5183 1965 5215 ι
2007 5164 2071 5217 Et

573 5330 731 5386 1tisa.
768 5346 823 5391 ι,
852 5328 937 5381 15.
1015 5340 1037 5367 ε
1068 5327 1211 5383 Psul.
1251 5344 1436 5393 xxx",
1466 5328 1515 5380 7.

2178 4531 2234 4584 δὲ
2262 4529 2492 4583 ἐνταῦθα
2522 4531 2615 4583 καὶ
2643 4531 2744 4603 τὴν
2770 4533 2950 4585 αὐτῶν
2998 4529 3106 4584 τῶν
3143 4525 3406 4581 Ἰουδαίων
3445 4518 3683 4593 ῥᾳθυμίαν,

2180 4622 2272 4675 καὶ
2304 4622 2385 4674 ὅτι
2415 4622 2567 4675 αὐτοὶ
2598 4622 2705 4675 τῶν
2722 4622 2882 4675 θείων
2908 4621 3288 4691 ἀμελήσαντες
3317 4609 3683 4678 κατελείφθησαν

2178 4712 2283 4765 ὐπὸ
2307 4713 2401 4765 τοῦ
2436 4713 2595 4778 Θεοῦ,
2626 4714 2721 4767 καὶ
2754 4713 2954 4784 γυμνοὶ
2978 4713 3076 4781 τῆς
3107 4709 3312 4766 ἄνωθεν
3341 4704 3572 4776 προνοίας
3593 4698 3682 4763 ἐγέ-

2178 4817 2348 4855 νοντο.
2383 4801 2607 4866 Τούτοις
2634 4803 2884 4875 ἐπιφέρει
2909 4820 2923 4834 ·

2244 4898 2354 4956 κς’.
2394 4911 2413 4943 ι
2450 4893 2561 4945 Καὶ
2592 4895 2625 4962 ή
2651 4893 2838 4963 ὅρασις
2866 4892 2967 4961 τῆς
3015 4890 3249 4961 ἑσπέρας
3279 4888 3370 4942 καὶ
3396 4886 3485 4955 τῆς
3519 4878 3681 4950 πρωῒπς

2170 4982 2268 5050 τῆς
2311 4979 2568 5052 ρηθείσης
2594 4980 2805 5051 ἀληθής
2836 4982 3003 5034 ἐστιν.
3041 4996 3060 5030 ι
3113 4977 3257 5030 ’Δντὶ
3286 4972 3397 5038 τοῦ,
3430 4970 3514 5025 καὶ
3536 4969 3560 5018 ὁ
3584 4964 3681 5031 ὥρι’

2174 5073 2372 5143 σμένος
2425 5073 2617 5143 χρόνος
2668 5076 2785 5134 ταῖς
2836 5071 3142 5141 συμφοραῖς
3172 5062 3531 5137 ἀναμφιὸόλως
3568 5054 3681 5107 ἐστὶν

2172 5164 2401 5235 ἀληθής.
2447 5163 2666 5233 Ἐπειδὴ
2703 5163 2757 5216 δὲ
2788 5160 2955 5224 πολύς
2984 5163 3133 5214 ἔστιν
3162 5161 3220 5211 tv
3254 5156 3334 5223 τῷ
3360 5154 3493 5225 μέσῳ
3513 5146 3681 5217 χρόνος,

1768 5479 2000 5535 VARUF.
2043 5478 2447 5534 LECTIONES.

597 5644 644 5677 ⁸⁸
674 5643 718 5694 Β
745 5641 831 5710 δή.
907 5640 946 5669 δ’
976 5637 1163 5691 ταῦτα.
1198 5636 1238 5687 Β
1264 5636 1399 5710 ειμι.
1433 5635 1633 5710 πάντα.

500 5712 715 5775 ωλῑίας.
798 5704 842 5741 ⁸⁸
878 5711 921 5761 Α
956 5710 1228 5778 στήσεται.
1307 5706 1406 5759 “B
1429 5704 1838 5776 βασιλευόντων.

1748 5638 1789 5666 δ’
1829 5653 1955 5702 παρ.
2001 5634 2057 5688 lu
2098 5636 2139 5686 Β
2190 5643 2313 5702 post
2372 5634 2532 5686 Δαϐῐδ
2588 5636 2823 5701 ponitur.

1915 5694 1957 5735 ‘7
1986 5706 2109 5759 αὐτ.
2136 5694 2259 5759 Des.
2297 5706 2349 5758 in
2381 5705 2446 5756 Α.
2523 5704 2564 5735 λ’
2590 5694 2794 5758 πάντα.
2831 5704 2955 5761 Des.
2986 5705 3040 5761 in
3073 5705 3132 5763 Β.
3170 5694 3179 5705 ’
3223 5694 3347 5757 ⁸⁸’Β
3386 5694 3589 5765 θελήσειε

2926 5635 2972 5667 ⁸⁸
2994 5634 3034 5689 Α
3067 5634 3407 5705 διαφθείρει.Δ
3441 5627 3508 5705 ,ξδ
3533 5621 3566 5672 Β
3586 5620 3665 5672 ἀτ-
