3898 6208
500 268 636 334 1455

1415 267 1901 328 THEODORETI
1975 270 2312 333 EPISCOPI
2354 271 2717 332 CYRENSIS

3563 283 3674 350 1456

498 381 668 440 fuisse
714 381 859 438 Darii
898 378 1147 445 Assueri,
1196 379 1345 434 aliud
1399 381 1527 452 Cyri
1565 379 1741 436 Persa:
1791 396 2020 452 regnum

2179 385 2290 439 Kal
2352 384 2600 438 ἐντεῦθεν
2641 385 2818 455 δῆλον,
2863 385 2937 450 ὡς
2990 385 3149 457 ἑτέρα
3206 387 3298 458 μὲν
3327 391 3358 460 ὴ
3385 391 3577 462 Δαρείου
3597 401 3673 453 τοῦ

496 481 550 526 οι
582 488 704 528 cum
739 473 829 537 iis,
865 486 986 542 quae
1015 471 1175 542 paulo
1214 479 1341 526 ante
1371 470 1516 525 dicta
1555 479 1704 537 sunt,
1737 471 1899 526 modo
1928 473 2069 528 reci-

496 572 610 622 tata
647 563 1018 619 consentiunt.
1053 560 1241 632 Neque
1283 561 1429 616 enim
1470 561 1692 617 Darium
1743 563 2070 634 simpliciter

497 657 708 712 Medum
740 653 1072 724 appellavit,»
1088 653 1182 709 sed
1217 653 1433 724 1226
1471 672 1489 706 ‹
1525 653 1593 709 de
1637 655 1847 710 semine
1885 654 2066 712 Medo-

496 764 647 814 rum;
705 765 724 799 ›
776 755 833 801 ttt
867 746 1090 816 planum
1125 747 1313 811 ﬂeret,
1361 761 1470 800 non
1517 746 1798 817 utrinque,
1837 758 2067 818 paterno

495 837 706 892 scilicet
737 842 790 890 et
834 843 1080 890 materno
1129 850 1350 906 genere,
1387 834 1603 890 Medum
1641 834 1799 890 illum
1857 834 2066 902 fuisse,

493 942 751 999 regnasse
776 933 954 982 tamen
989 943 1155 998 super
1186 942 1416 996 regnum
1447 926 1849 993 Chaldaeorum,
1882 928 2067 983 Balta-

492 1037 614 1077 sat'e
641 1027 760 1091 post
787 1021 1117 1090 impietatem
1152 1020 1338 1076 divina
1372 1021 1531 1092 plaga
1555 1028 1720 1077 nocte
1749 1021 2062 1078 interfecto.

491 1111 558 1165 Et
587 1127 682 1183 per
704 1111 869 1166 breve
899 1110 1194 1165 admodum
1223 1119 1441 1181 tempus
1471 1111 1791 1168 Dariusiste
1806 1129 2066 1184 regnasse

489 1204 620 1260 mihi
654 1205 884 1259 videtur.
920 1202 1119 1258 Beatus
1160 1203 1306 1256 enim
1341 1202 1549 1267 Daniel,
1583 1219 1708 1258 cum
1748 1203 1861 1274 jam
1911 1204 2067 1260 dein-

489 1312 619 1368 ceps
647 1296 924 1366 expletum
958 1295 1172 1349 videret
1205 1294 1544 1365 captivitatis
1577 1296 1898 1360 terminum,
1932 1298 2066 1354 sub-

489 1390 650 1444 ducta
677 1387 890 1440 ratione
927 1387 1140 1441 numeri
1179 1389 1528 1458 septuaginta
1573 1404 1864 1456 annorum,
1903 1406 2063 1460 quem

486 1495 582 1550 per
618 1478 938 1550 prophetam
977 1475 1272 1532 Jeremiam
1309 1479 1561 1548 praedixit
1596 1482 1843 1535 omnium
1879 1497 2063 1536 rerum

486 1573 652 1636 Deus,
688 1586 784 1640 pro
813 1570 1023 1641 populo
1051 1571 1222 1642 erepit
1261 1569 1492 1626 Domino
1523 1571 1856 1642 supplicare.
1902 1573 2063 1628 Tem—

483 1682 589 1736 pus
617 1673 795 1720 autem
825 1665 1099 1734 expletum
1145 1671 1228 1718 est
1271 1671 1538 1735 regnante
1586 1664 1730 1736 Cyro
1773 1665 2061 1721 Persarum

2185 474 2517 545 ’Δσσουήρου
2552 473 2818 544 βασιλεία,
2838 475 2999 548 ἑτέρα
3032 474 3087 528 δὲ
3111 477 3142 546 ή
3169 476 3344 548 Κύρου
3365 480 3448 532 τοῦ
3465 482 3642 555 Πέρσου
3665 507 3676 520 ·

2175 569 2456 638 συμφωνεῖ
2485 566 2542 619 δὲ
2604 567 2697 620 ml
2738 570 2849 630 τοῖς
2898 566 3087 638 πρώην
3132 569 3427 640 εἰρημένοις
3449 573 3489 604 "
3518 575 3576 628 τὰ
3601 579 3676 631 νῦν

2171 658 2612 726 ἀναγνωσθέντα.
2673 659 2785 728 Οὐχ
2833 657 3018 721 ἁπλῶς
3057 657 3163 728 γὰρ
3189 659 3364 730 Μῆδον
3392 665 3474 716 τὸν
3497 666 3678 736 Δαρεῖον

2171 749 2635 824 προσηγόρευσεν,
2670 749 2784 802 ἀλλ’
2815 769 2832 801 ι
2858 749 2966 804 ἀπὸ
2990 749 3083 802 τοῦ
3119 751 3418 822 σπέρματος
3462 756 3554 808 τῶν
3586 761 3680 831 Μή.

2167 843 2304 898 δων’
2346 863 2365 896 ι
2399 843 2474 907 ώς
2495 839 2888 914 εῖναιδῆλονδθ,
2920 843 3000 895 ὃτι
3031 842 3129 912 οὐχ
3150 843 3489 913 ἑκατέρωθεν,
3517 854 3681 922 πατρο-

2171 934 2262 988 θεν
2295 935 2440 1006 φημὶ
2457 934 2552 989 καὶ
2582 934 2872 1006 μητρόθεν,
2905 933 3089 1003 Μῆδος
3117 929 3267 997 οὗτος
3287 930 3353 1005 ἦν
3375 952 3387 967 ·
3419 937 3683 996 ἐϐασίλευσε

2168 1027 2213 1080 δ’
2242 1029 2390 1097 ὅμως
2421 1028 2512 1080 ἐπὶ
2541 1028 2638 1097 τὴν
2658 1025 2932 1096 βασιλείαν
2958 1025 3064 1078 τῶν
3090 1025 3384 1090 Χαλδαίων,
3411 1027 3520 1100 θεία
3539 1032 3685 1105 πληγῇ

2167 1118 2262 1172 τοῦ
2284 1119 2570 1190 Βαλτάσαρ
2597 1118 2734 1188 μετά
2760 1117 2856 1187 τὴν
2895 1116 3154 1170 ἀσέϐειαν
3191 1117 3234 1147 ⁵³
3258 1115 3462 1188 νύκτωρ
3509 1120 3686 1192 ἀναιρε-

2170 1210 2373 1274 θέντος.
2429 1213 2588 1263 Δοκεῖ
2633 1210 2689 1263 δέ
2733 1227 2823 1280 μοι
2874 1208 2993 1262 λίαν
3048 1207 3254 1279 βραχὺν
3301 1208 3684 1279 βεϐασιλευκέναι

2168 1302 2359 1373 χρόνον
2383 1295 2534 1364 οὗτος
2553 1303 2580 1355 ὁ
2605 1303 2849 1373 Δαρεῖος.
2891 1301 2948 1354 Ὀ
2979 1300 3088 1372 γὰρ
3125 1300 3392 1371 μακάριος
3427 1303 3684 1373 Δανιὴλ,ὡς

2167 1393 2268 1464 ἤδη
2299 1392 2483 1446 λοιπὸν
2509 1393 2863 1464 πληρωθέντα
2900 1393 2993 1446 τὸν
3055 1394 3157 1463 τῆς
3208 1393 3561 1464 αἰχμαλωσίας
3593 1397 3687 1467 ὅρον

2169 1481 2314 1550 ίδὼν,
2346 1483 2559 1537 καὶτὸν
2604 1484 2713 1537 τῶν
2751 1484 3122 1556 ἑϐδομήκοντα
3177 1485 3314 1537 ἐτῶν
3360 1485 3686 1557 συλλογισάμε-

2166 1590 2256 1637 νος
2284 1573 2536 1644 ἀριθμὸν,
2565 1572 2624 1626 ὃν
2652 1573 2741 1627 διὰ
2768 1573 2861 1626 τοῦ
2922 1575 3206 1645 προφήτου
3252 1577 3506 1646 Ἰερεμίου
3544 1581 3684 1648 προεῖ-

2167 1683 2268 1720 πεν
2297 1667 2325 1719 ὁ
2354 1665 2464 1719 τῶν
2488 1667 2624 1719 ὅλων
2667 1665 2820 1734 Θεὸς,
2855 1666 2955 1738 τὴν
3007 1667 3148 1738 ὑπὲρ
3185 1668 3278 1721 τοῦ
3309 1668 3433 1722 λαοῦ
3459 1671 3685 1739 ἱκετηρίαν

483 1775 628 1829 rege,
682 1767 740 1812 ut
799 1757 1224 1813 beatusEsdras
1257 1757 1352 1821 ait,
1410 1756 1504 1827 qui
1553 1755 1736 1812 statim
1785 1758 1854 1812 ab
1909 1759 2051 1813 initit.

2169 1758 2499 1830 προσφέρειν
2539 1758 2765 1830 ἄρχεται
2815 1757 2892 1829 τῷ
2941 1759 3213 1830 Δεσπότῃ.
3264 1759 3566 1832 Ἐπληρώθη
3601 1762 3686 1815 δὲὸ

481 1853 565 1904 sui
596 1849 914 1914 voluminis,
946 1859 1066 1918 post
1116 1849 1401 1920 procemia,
1431 1848 1578 1903 facta
1621 1849 1863 1906 breviter
1907 1866 2059 1905 men-

480 1943 630 1993 tione
655 1938 724 1993 de
765 1937 1267 2008 Hierosolymorum
1307 1939 1739 2008 expugnatione,
1770 1947 1825 1994 et
1850 1938 1917 1995 de
1943 1955 2059 1995 ser-

2169 1853 2357 1923 χρόνος
2380 1853 2470 1905 ὲπὶ
2497 1851 2680 1923 Κύρου
2708 1850 2803 1905 τοῦ
2851 1851 3080 1923 Περσῶν
3132 1851 3416 1920 βασιλέως,
3450 1853 3519 1914 ὡς
3558 1855 3581 1905 ὁ
3609 1871 3684 1920 μα·
3754 1874 3757 1876 ·

2166 1943 2358 2014 κάριος
2387 1941 2622 2013 Ἔσδρας
2688 1943 2884 2014 φησίν·
2935 1942 3095 2006 εὐθὺς
3151 1943 3264 2013 γὰρ
3309 1945 3364 1996 ὲν
3396 1945 3526 2015 ἀρχῇ
3555 1944 3592 1976 θ’
3618 1943 3683 1998 τοῦ

484 2031 670 2093 vitute,
699 2031 760 2084 in
791 2045 955 2100 quam
980 2029 1166 2099 patria
1214 2029 1435 2085 redacta
1468 2029 1594 2094 fuit,
1637 2040 1693 2087 et
1719 2032 1788 2088 de
1820 2032 2051 2102 captivis

2167 2032 2619 2104 συγγράμματος,
2679 2033 2817 2104 μετά
2872 2032 2942 2087 τὰ
2974 2035 3262 2104 προοίμια,
3290 2035 3346 2086 ὲν
3376 2035 3597 2106 συντόμῳ
3613 2039 3685 2104 τῆς

479 2125 536 2178 in
582 2122 914 2192 Babylonem
971 2121 1249 2188 abductis,
1303 2122 1585 2192 subjecit:
1633 2143 1652 2176 ‹
1717 2124 1784 2177 Et
1831 2123 2051 2179 fuerunt

2163 2121 2418 2187 ἁλώσεως
2445 2123 2552 2177 τῶν
2594 2123 2984 2194 Ἰεροσολύμων
3048 2123 3452 2194 μνημονεύσας,
3486 2127 3566 2177 καὶ
3613 2125 3683 2177 τοῦ

478 2216 630 2285 pueri
657 2215 743 2278 ei,
776 2217 793 2236 ‘
823 2221 877 2268 et
911 2213 1039 2268 ﬁliis
1077 2214 1221 2282 ejus,
1278 2213 1462 2284 quoad
1511 2223 1804 2286 regnarent
1851 2216 2051 2284 Persae,

2161 2216 2262 2287 τῆς
2291 2215 2546 2287 πατρίδος
2567 2215 3032 2287 ἀνδραποδισμοῦ,
3075 2218 3172 2270 καὶ
3203 2217 3303 2286 τῆς
3327 2219 3406 2279 εἰς
3443 2217 3684 2270 Βαϐυλῶνα

479 2319 538 2364 ιιι
563 2309 874 2382 expleretur
907 2323 1088 2363 sermo
1118 2306 1338 2363 Domini
1361 2325 1475 2379 ,per
1513 2326 1576 2366 os
1601 2309 1870 2377 Ieremia},
1911 2327 2051 2382 quo-

2160 2307 2268 2361 τῶν
2305 2304 2664 2378 αἰχμαλώτων
2728 2308 3028 2377 μετοικίας,
3063 2307 3315 2377 ἐπήγαγε
3341 2322 3354 2334 ·
3389 2326 3406 2357 ι
3442 2307 3537 2358 Καὶ
3578 2301 3684 2376 ἦσαν

477 2415 651 2471 usque
705 2400 1008 2469 susciperet
1042 2406 1191 2454 terra
1263 2398 1503 2456 Sabbata
1556 2417 1679 2468 sua,
1726 2419 1835 2474 .per
1885 2419 2051 2460 omne

2161 2398 2348 2462 παῖδες
2374 2397 2523 2469 αύτῷ
2548 2399 2643 2452 ml
2672 2401 2784 2463 τοῖς
2831 2400 2967 2462 υἱοῖς
3017 2397 3211 2462 αὐτοῦ,
3263 2399 3420 2470 μέχρι
3459 2397 3541 2450 τοῦ
3570 2397 3684 2466 βασι-

475 2501 692 2562 tempus
751 2490 1110 2547 desolationis
1159 2507 1274 2548 suae
1329 2492 1573 2549 Sabbata
1618 2495 1937 2561 celebrabit,
1992 2503 2053 2552 ut

473 2585 794 2656 eXpleantur
824 2585 954 2640 anni
985 2586 1356 2656 septuaginta,
1389 2597 1654 2658 regnante
1685 2587 1831 2659 Cyro
1854 2587 2050 2644 Persa-

458 2693 596 2732 »rum
627 2691 754 2748 rege
796 2692 940 2731 anno
978 2678 1180 2748 primo,
1221 2687 1279 2732 ut
1309 2678 1630 2747 perﬁciatur
1671 2680 1899 2736 verbum
1943 2679 2052 2735 Do-

473 2771 604 2824 mini
635 2785 727 2838 per
759 2784 823 2825 os
841 2766 1100 2826 Jeremia:
1137 2771 1181 2825 ί.
1217 2789 1236 2822 ι
1272 2769 1339 2824 Ει
1365 2771 1753 2828 sanctissimus
1785 2771 2049 2830 Jeremias

473 2861 546 2916 ita
575 2863 651 2916 ait
681 2880 694 2918 :
728 2879 749 2915 ι
773 2862 926 2918 .Ecce
951 2878 1052 2932 ego
1086 2863 1264 2930 mitto,
1297 2869 1353 2918 et
1383 2879 1595 2919 sumam
1627 2872 1843 2935 gentem
1877 2864 2050 2934 Aqui-

471 2953 636 3018 lonis,
687 2952 1284 3010 Nabuchodonosorem
1322 2971 1504 3026 regem
1553 2956 1879 3026 Babylonis,
1927 2970 2048 3010 ser-

470 3061 597 3101 vum
617 3061 848 3101 meum:
886 3047 1238 3102 etv—adducam
1277 3063 1403 3102 eum
1448 3063 1615 3117 super
1648 3059 1847 3101 terram
1874 3047 2042 3112 hanc,

469 3145 524 3193 et
557 3153 721 3209 super
755 3138 1057 3194 incolentes
1108 3139 1320 3208 1227
1366 3153 1510 3204 eam,
1563 3148 1618 3192 et
1661 3152 1826 3208 super
1856 3153 2049 3194 omnes
2077 3137 2122 3199 C
2151 3153 2256 3200 τως
2289 3154 2304 3168 ·

469 3232 722 3287 nationes
751 3247 871 3302 quae
896 3239 1028 3287 sunt
1057 3231 1111 3286 in
1145 3231 1379 3285 circuitu
1411 3230 1679 3299 ipsorum,
1712 3238 1764 3284 et
1789 3231 2048 3286 desolabo

468 3338 588 3388 eos,
619 3332 675 3380 et
703 3324 843 3379 dabo
877 3339 972 3380 eos
995 3323 1073 3377 'in
1123 3321 1544 3386 desolationem,
1583 3329 1653 3376 et
1687 3322 1742 3375 in
1797 3322 2042 3387 sibilum,

468 3423 526 3472 et
559 3416 615 3469 in
651 3417 1005 3486 opprobrium
1059 3414 1456 3485 sempiternum
1514 3433 1528 3468 :
1584 3422 1638 3468 et
1696 3415 1941 3470 auferam
1979 3419 2048 3474 ab

473 3509 607 3578 ipsis
657 3521 845 3561 vocem
911 3504 1118 3577 gaudii,
1166 3513 1221 3559 et
1268 3518 1456 3558 vocem
1488 3503 1709 3567 laetitiae,
1748 3513 1819 3560 ~et
1862 3521 2046 3562 vocem

472 3601 683 3672 sponsi,
709 3607 764 3655 et
796 3615 984 3655 vocem
1022 3613 1262 3668 sponsa}.
1300 3595 1523 3652 odorem
1555 3599 1839 3668 unguenti,
1869 3608 1923 3654 et
1963 3600 2047 3654 lu-

473 3709 594 3747 men
625 3692 881 3756 lucernaz,
926 3699 980 3745 et
1006 3692 1112 3746 erit
1142 3689 1530 3759 omnis'ipsius
1571 3699 1717 3743 terra
1750 3691 1805 3744 in
1831 3691 2048 3746 desola—

471 3787 719 3841 tionem:
755 3794 808 3840 et
842 3785 1082 3840 servient
1139 3782 1194 3836 in
1247 3782 1503 3852 gentibus
1559 3797 1656 3852 per
1703 3784 2045 3854 septuaginta

470 3894 666 3933 annos.
708 3875 771 3931 Et
837 3884 1126 3946 postquam
1174 3873 1378 3944 expleti
1435 3872 1639 3927 fuerint
1699 3875 2045 3944 septuaginta

469 3969 621 4034 anni,
667 3967 960 4022 vindicabo
1002 3979 1169 4034 super
1207 3978 1389 4034 regem
1439 3962 1758 4036 Babylonis,
1791 3975 1844 4021 et
1880 3980 2046 4036 super

469 4070 683 4132 gentem
717 4059 884 4124 illam,
925 4057 1060 4112 dicit
1103 4054 1386 4120 Dominus,
1422 4055 1742 4125 iniquitates
1775 4055 2042 4126 ipsorum,

469 4164 523 4210 et
568 4167 733 4223 super
786 4159 984 4205 terram
1017 4145 1422 4210 Chaldaeorum,
1478 4157 1533 4202 et
1579 4160 1777 4216 ponam
1833 4161 1927 4202 eos
1989 4148 2042 4204 in

470 4244 863 4302 desolationem
891 4239 1281 4310 sempiternam
1309 4248 1361 4293 -1.
1407 4257 1425 4290 ι
1463 4236 1662 4293 Beatus
1697 4238 1862 4308 igitur
1889 4237 2043 4294 Jere-

471 4339 608 4393 mias
639 4345 773 4391 tunc
799 4334 1074 4404 expletum
1121 4331 1190 4385 iri
1220 4330 1556 4402 captivitatis
1585 4338 1808 4401 tempus
1840 4332 2041 4397 innuit,

468 4445 593 4486 cum
614 4426 972 4482 Chaldaicum
989 4438 1225 4494 regnum
1244 4430 1590 4478 everteretur
1611 4439 1626 4489 ;
1649 4421 1796 4494 quod
1813 4422 2038 4490 Esdras,

2157 2490 2346 2546 λεῦσαι
2379 2492 2616 2565 Πέρσας,
2641 2494 2722 2555 είς
2780 2492 3060 2564 πλήρωσιν
3101 2492 3202 2545 τοῦ
3241 2493 3477 2562 ῥήματος
3501 2490 3575 2543 τοῦ
3601 2493 3683 2543 Κυ-

2159 2585 2357 2658 ρίουςὲν
2390 2585 2620 2656 στόματι
2663 2585 2952 2658 Ἰερεμίου,
3002 2585 3106 2649 ἕως
3156 2583 3254 2638 τοῦ
3312 2584 3576 2654 εὐδοκῆσαι
3608 2584 3682 2653 τὴν

2157 2676 2262 2747 γῆν
2289 2675 2359 2730 τὰ
2414 2676 2669 2731 Σάϐϐατα
2719 2677 2912 2747 αὐτῆς,
2953 2676 3132 2730 πάντα
3152 2677 3350 2748 χρόνον
3380 2677 3472 2745 τῆς
3510 2673 3681 2744 ὲρημώ·

2159 2785 2295 2832 σεως
2318 2769 2485 2840 αὐτῆς
2517 2768 2802 2823 σαϐϐατιεῖ
2838 2770 2919 2832 είς
2981 2767 3382 2839 συμπλήρωσιν
3423 2768 3544 2821 ἑτῶν
3565 2765 3680 2819 ἐϐδο-

2159 2861 2405 2933 μήκοντα
2433 2861 2808 2932 βασιλεύοντος
2837 2861 2879 2892 “
2909 2860 3092 2932 Κύρου
3139 2859 3372 2931 Περσῶν
3399 2859 3539 2924 ἔτους
3563 2857 3680 2929 πρὼο

2153 2970 2270 3020 του,
2313 2956 2395 3019 είς
2460 2954 2768 3010 συντέλειαν
2820 2955 3067 3027 ῥήματος
3116 2956 3334 3026 Κυρίου
3384 2955 3439 3006 ἐν
3497 2953 3679 3023 στόματι

2166 3045 2445 3117 Ἰερεμίου.
2490 3066 2507 3098 ι
2539 3045 2701 3115 Λέγει
2730 3045 2788 3098 δὲ
2834 3047 2929 3100 ml
2966 3047 2994 3099 ὁ
3024 3046 3309 3111 θειότατος
3353 3047 3593 3120 Ἱερεμίας
3614 3045 3680 3100 ού-

2347 3157 2365 3190 (
2409 3137 2540 3192 Ἰδοὺ
2571 3137 2681 3207 ἐγὼ
2709 3138 3050 3201 ἀποστέλλω,
3097 3141 3199 3192 καὶ
3243 3140 3471 3212 λήψομαι
3501 3140 3584 3210 τὴν
3604 3156 3680 3191 πα-

2148 3231 2306 3301 τριὰν
2339 3229 2435 3283 τοῦ
2461 3229 2653 3302 βορρᾶ,
2706 3229 2798 3282 τὸν
2841 3230 3322 3302 Ναϐουχοδονόσορ
3369 3231 3572 3302 βασιλέα
3594 3230 3675 3282 Βα-

2149 3322 2386 3387 ϐυλῶνος
2436 3323 2529 3376 τὸν
2579 3323 2766 3376 δοῦλόν
2804 3340 2928 3393 μου,
2957 3325 3049 3376 ml
3073 3323 3191 3389 ἄξω
3237 3326 3399 3379 αὑτὸν
3433 3326 3472 3357 ⁸⁸
3498 3325 3577 3377 ἐπὶ
3602 3323 3676 3391 τὴν

2148 3417 2251 3486 γῆν
2285 3415 2508 3486 ταύτην,
2541 3415 2636 3469 καὶ
2669 3417 2763 3468 ἐπὶ
2789 3417 2834 3448 ⁸³
2860 3417 2985 3479 τοὺς
3009 3417 3397 3481 κατοικοῦντας
3421 3418 3588 3487 αὐτὴν,
3607 3414 3675 3469 καὶ

2150 3505 2244 3558 ἐπὶ
2269 3505 2446 3558 πάντα
2476 3505 2544 3558 τὰ
2579 3503 2706 3576 ἔθνη
2738 3504 2782 3536 ⁸³
2815 3504 2884 3557 τὰ
2922 3503 3106 3574 κύκλῳ
3163 3506 3365 3569 αὐτῶν,
3396 3508 3485 3561 ml
3528 3505 3676 3575 ὲξερη·

2151 3595 2319 3667 μώσω
2349 3596 2546 3659 αὐτοὺς
2580 3596 2659 3659 εἰς
2718 3595 3048 3666 ἀφανισμὸν,
3074 3596 3172 3649 ml
3204 3597 3286 3660 είς
3321 3597 3580 3668 συριγμὸν.
3605 3595 3675 3648 καὶ

2148 3689 2227 3750 είς
2286 3685 2590 3757 ὀνειδισμὸν
2649 3685 2889 3751 αἰώνιον,
2943 3687 3040 3741 καλ
3089 3688 3282 3758 ἀφελῶ
3313 3690 3357 3722 ⁸⁵
3395 3688 3482 3742 ἀπ’
3535 3686 3674 3742 αὐτῶν

2148 3779 2330 3851 φωνὴν
2357 3781 2553 3850 χαρᾶς,
2587 3779 2683 3834 ml
2716 3779 2899 3850 φωνὴν
2957 3781 3322 3852 εὐφροσύνης,
3358 3781 3446 3835 ml
3465 3783 3504 3813 “
3533 3781 3674 3848 φωνὴν

2146 3873 2406 3944 νυμφίου,
2438 3873 2534 3927 ml
2565 3872 2750 3945 φωνὴν
2779 3872 3020 3944 νύμφης,
3070 3874 3249 3946 ὀσμὴν
3282 3875 3469 3946 μύρου,
3489 3876 3572 3928 καὶ
3589 3873 3674 3940 φῶς

2146 3960 2364 4032 λύχνου,
2416 3961 2510 4015 ml
2547 3961 2703 4015 ἔσται
2737 3963 2866 4033 ήγῆ
2890 3963 3060 4034 αὐτῆς
3102 3965 3257 4017 trioa
3283 3967 3362 4027 είς
3393 3961 3670 4032 ἀφανισμὸν,

2148 4054 2240 4107 καὶ
2271 4053 2649 4107 δουλεύσουσιν
2677 4056 2735 4108 έν
2784 4058 2897 4118 τοῖς
2937 4054 3148 4108 ἔθνεσιν
3200 4056 3553 4127 ἑϐδομήκοντα
3582 4054 3671 4123 ἔτη.

2146 4142 2256 4198 καὶ
2287 4147 2344 4198 ὲν
2369 4143 2446 4215 τῷ
2475 4145 2832 4216 πληρωθῆναι
2891 4146 2961 4199 τὰ
3013 4146 3384 4219 ἑϐδομήκοντα
3431 4147 3534 4216 ἔτη,
3560 4144 3673 4197 ὲκδι-

2145 4236 2301 4306 κήσω
2333 4237 2427 4290 ἐπὶ
2454 4235 2544 4290 τὸν
2580 4235 2804 4306 βασιλέα
2847 4236 3190 4304 Βαϐυλῶνος,
3221 4239 3315 4292 καὶ
3353 4240 3442 4292 ἐπὶ
3476 4238 3530 4291 τὸ
3557 4235 3672 4294 ἔθνος

2147 4330 2342 4394 έκεῖνο,
2393 4329 2525 4400 φησὶ
2580 4328 2806 4399 Κύριος,
2861 4328 2957 4394 τὰς
3007 4328 3240 4400 ἀνομίας
3285 4331 3474 4394 αὐτῶν,
3501 4331 3582 4383 καὶ
3604 4328 3672 4378 ἐπὶ

2144 4421 2247 4491 γῆν
2279 4420 2583 4486 Χαλδαίων,
2637 4421 2732 4475 καὶ
2788 4419 3024 4492 θήσομαι
3061 4423 3261 4486 αὐτοὺς
3309 4423 3388 4486 είς
3415 4419 3671 4489 ἀφανισμὸν

464 4521 610 4576 facta
637 4518 761 4589 Cyri
796 4516 1102 4580 mentione,
1129 4515 1374 4584 apertius
1394 4514 1722 4570 declaravit.
1753 4514 2042 4588 Comperi-

2156 4511 2384 4567 αἰώνιον.
2423 4532 2442 4566 ι
2487 4513 2547 4568 '0
2589 4513 2688 4584 μὲν
2739 4509 2834 4568 οὖν
2890 4514 3161 4586 μακάριος
3205 4515 3465 4586 Ἱερεμίας
3494 4513 3669 4584 ᾐνίξατο

468 4627 592 4666 mus
649 4610 810 4663 etiam
873 4605 1256 4660 beatissimum
1324 4601 1649 4658 Zachariam
1727 4606 1886 4660 aliter
1939 4605 2046 4659 hoc

461 4711 686 4770 tempus
718 4712 1061 4752 numerasse.
1088 4695 1216 4749 Nam
1241 4705 1365 4765 post
1401 4695 1612 4750 obitum
1637 4696 1766 4766 Cyri
1800 4704 1853 4750 et
1869 4696 2043 4751 Cam-

467 4791 620 4863 bysis
669 4788 789 4856 ejus
828 4788 945 4852 lilii,
1003 4786 1169 4840 Dario
1220 4785 1513 4858 llystaspis
1579 4786 1690 4840 ﬁlio
1745 4787 2040 4842 Persarum

464 4883 758 4954 imperium
790 4880 1011 4950 adepto,
1057 4887 1272 4948 tempus
1307 4893 1753 4934 commemorans
1801 4880 2042 4950 prophe-

467 4988 522 5033 ta
553 4995 567 5031 :
601 4995 621 5028 ι
656 4975 889 5040 Quarto,
927 4973 1132 5044 inquit,
1190 4979 1244 5024 et
1287 4972 1552 5025 vicesimo
1585 4970 1718 5042 (die)
1755 4973 2035 5026 undecimi

465 5071 697 5135 mensis,
745 5069 835 5123 hic
864 5077 947 5123 est
979 5068 1190 5122 mensis
1227 5065 1417 5126 Sabat,
1464 5079 1609 5117 annc
1659 5064 1901 5118 secundo
1954 5080 2039 5120 re-

469 5170 671 5234 gnante
715 5161 897 5227 Dario,
936 5159 1150 5214 factum
1188 5165 1274 5213 est
1309 5158 1532 5212 verbum
1571 5154 1790 5210 Domini
1819 5156 1889 5210 ad
1936 5157 2039 5210 Za-

547 5325 566 5365 ι
601 5320 808 5376 I~Esdr.
841 5337 892 5386 Δι,
920 5318 1019 5384 58;
1045 5335 1103 5384 ιι,
1137 5318 1189 5373 1.
1263 5315 1283 5366 -i
1323 5316 1525 5373 Jerem.
1580 5335 1708 5383 xxv,
1740 5319 1893 5375 ο-η-

2144 4604 2595 4677 συμπληροῦσθαι
2647 4606 2746 4675 τῆς
2801 4606 3182 4676 αἰχμαλωσίας
3205 4607 3297 4661 τὸν
3339 4607 3515 4678 χρόνον
3547 4607 3595 4656 ἐν
3618 4603 3667 4672 τῇ

2143 4699 2438 4753 καταλύσει
2468 4700 2567 4769 τῆς
2619 4698 2930 4769 Χαλδαῖκῆς
2976 4699 3254 4770 βασιλείας
3285 4718 3299 4732 ο
3337 4701 3364 4752 ὁ
3395 4701 3446 4753 δὲ
3477 4698 3669 4765 Ἔσδρας

2144 4789 2240 4843 ml
2265 4790 2596 4862 σαφέστερον
2627 4789 2785 4844 τοῦτο
2840 4791 3128 4862 πεποίηκε,
3161 4791 3254 4844 τοῦ
3280 4790 3455 4862 Κύρου
3476 4785 3667 4858 ποιησαι

2147 4899 2306 4952 μενος
2339 4883 2580 4953 μνήμην.
2619 4881 2981 4954 ,Εὑρίσκομεν
3019 4883 3078 4936 δὲ
3134 4886 3226 4936 καὶ
3248 4885 3292 4916 ⁸⁷
3323 4883 3412 4936 τὸν
3439 4881 3666 4933 θειότατον

2143 4973 2420 5045 Ζαχαρίαν
2464 4973 2665 5044 ἑτέρως
2713 4974 2906 5028 τοῦτον
2958 4975 3296 5046 ἀριθμοῦντα
3355 4973 3442 5028 τὸν
3491 4970 3663 5042 χρόνον.

2145 5065 2302 5119 Μετά
2324 5064 2431 5134 γὰρ
2475 5063 2574 5135 τὴν
2621 5063 2714 5117 τοῦ
2742 5065 2926 5136 Κύρου
2966 5067 3241 5138 τελευτὴν,
3274 5068 3364 5121 καὶ
3412 5061 3664 5133 Καμϐύσου

2143 5156 2238 5210 τοῦ
2290 5156 2450 5219 υίέως
2493 5158 2677 5223 αὑτοῦ,
2736 5159 2830 5213 τοῦ
2877 5159 3105 5227 Δαρείου
3153 5159 3246 5213 τοῦ
3298 5156 3578 5212 Ὑστάσπου
3617 5149 3664 5202 τὸ

1771 5430 2006 5486 νΑΒΙᾹΞ
2050 5426 2224 5482 LECT
2233 5425 2344 5482 ION
2352 5426 2454 5482 ES.

543 5530 590 5563 "
612 5528 654 5582 Β
687 5526 1123 5599 προειρημέϊρις·

736 5665 818 5724 es;
849 5667 900 5722 in
931 5667 993 5722 Β.
1071 5665 1111 5698 ⁸⁷
1149 5665 1261 5718 καί.
1301 5665 1421 5722 Des.
1453 5665 1585 5722 ibid.

1201 5523 1246 5596 7"
1267 5521 1364 5596 εῖν.
1401 5525 1514 5595 δῆλ.
1539 5526 1581 5576 Β
1619 5525 1692 5594 μὴ
1722 5523 1859 5579 εἶναι
1893 5524 2074 5596 Μῆδον
2105 5523 2328 5596 κυρίως.
2400 5524 2451 5596 759
2484 5540 2520 5596 μ

470 5603 530 5654 ὲν
554 5592 861 5720 ἀρχῇογάρς
904 5592 972 5628 ’“⁶¹
1006 5596 1047 5647 Β
1072 5592 1522 5677 βασιλεύσαντος..
1586 5592 1629 5627 ⁸⁷⁵
1653 5592 1691 5647 Β
1713 5597 1928 5660 αὐτούς.
1973 5592 2048 5626 ’⁸³
2071 5595 2181 5648 ἐπί.
2209 5592 2332 5647 Des.
2396 5595 2450 5646 in
2488 5592 2569 5646 Β.
2650 5595 2694 5626 ηδ
2716 5594 2782 5647 τὰ
2810 5592 2958 5666 ἔθνη.
2991 5594 3110 5651 Des.
3148 5595 3198 5650 in

471 5671 517 5702 ⁸⁸
541 5671 654 5720 καί.
736 5682 816 5720 es.
849 5683 900 5720 In
931 5667 993 5720 Β.
1071 5665 1111 5698 ⁸⁷
1149 5665 1261 5718 καί.
1301 5665 1421 5720 Des.
1453 5665 1585 5720 Ibid.

2529 5565 2540 5576 .
2575 5542 2623 5578 τ.
2653 5524 2741 5578 ἁσ.
2778 5523 2832 5576 In
2862 5524 2902 5576 B
2933 5531 3054 5594 post
3092 5525 3263 5645 ἀναιὶ
3280 5518 3506 5598 ponitur.
3564 5508 3659 5594 “ili

2529 5595 2569 5645 3.
2650 5595 2694 5626 εδ
2716 5594 2782 5645 τὰ
2810 5594 2958 5645 ἔθνη.
2991 5594 3110 5645 Des.
3148 5595 3198 5645 in
3269 5631 3280 5645 .
3354 5590 3395 5622 ⁸³
3423 5587 3459 5639 Β
3486 5595 3656 5638 atrum.
