3898 6208
227 356 361 423 ιιδτ
535 433 541 437 ε
1462 353 1544 414 IN
1586 351 1811 414 DANIE

1913 352 1944 410 5
1981 350 2140 410 CAP.
2172 347 2277 410 IX.
3339 335 3478 404 1458

224 469 453 541 Περσῶν
511 466 918 540 ἀναδησαμένου
971 466 1189 537 κράτος,
1223 464 1317 520 τοῦ
1355 466 1548 538 χρόνου
1585 485 1794 539 μνημο-

1913 462 2147 522 :hariam
2173 462 2344 516 ﬁlium
2379 457 2681 524 Barachite,
2704 455 2795 512 ﬁlii
2825 455 3004 521 Addo,
3033 451 3356 526 praphetarn
3390 457 3470 511 ι.»

223 560 424 623 νεύσας
452 559 480 612 6
531 561 847 630 προφήτης·
875 576 894 610 ι
938 558 1018 629 Τῇ
1078 555 1295 626 τετράδι
1347 556 1476 628 γὰρ,
1522 558 1676 629 φησὶ,
1708 557 1801 612 καὶ

1913 556 1970 610 Et
2016 553 2178 625 paulo
2227 561 2351 624 post
2401 549 2652 620 adjecit:
2714 569 2732 602 ι
2790 547 2857 602 Et
2911 545 3196 618 respondit
3246 545 3476 616 angelus

223 651 404 706 εἰκάδι
453 650 548 704 τοῦ
594 650 880 704 ἑνδεκάτου
918 649 1109 720 μηνὸς,
1141 644 1290 713 οὗτός
1321 651 1470 703 ἐστιν
1509 649 1536 702 ὁ
1563 651 1669 722 μὴν
1695 651 1801 705 Σα-

1913 643 2141 710 Domini,
2185 649 2239 699 et
2280 639 2422 697 dixit
2448 659 2461 696 :
2488 639 2718 695 Domine
2761 637 3132 708 omnipotens,
3183 647 3476 705 usquequo

224 742 349 808 ϐἀτ,
387 742 444 794 ὲν
473 739 551 811 τῷ
575 739 810 812 δευτέρῳ
845 739 952 794 ἔτει
981 740 1073 795 ἐπὶ
1121 741 1370 811 Δαρείου,
1401 739 1618 810 ἐγένετο
1645 742 1802 810 λόγος

1913 754 2012 793 non
2067 734 2420 792 misereberis
2481 731 2899 804 llierosolymae,
2948 737 3002 786 et
3046 728 3268 782 urbium
3321 725 3477 781 ludat

225 833 430 904 Κυρίου
480 835 617 905 πρὸς
664 834 942 906 Ζαχαρίαν
981 834 1071 887 τὸν
1119 834 1411 906 Βαραχίου,
1459 833 1575 887 υἱοῦ
1615 833 1799 895 Ἀδδὼ,

1913 845 2041 900 quas
2074 829 2373 901 sprevisti?
2402 828 2506 884 iste
2540 824 2988 898 septuagesimus
3023 831 3108 878 est
3149 837 3330 876 annus
3379 819 3423 874 ι.
3453 841 3470 874 ι

223 926 318 979 τὸν
348 927 655 997 προφήτην.
702 947 719 977 ι
751 926 858 978 Καὶ
904 927 1150 996 ἐπήγαγε
1183 927 1322 996 μετὰ
1359 925 1566 998 βραχέα
1591 943 1604 956 ο
1644 945 1662 978 ι
1691 926 1804 980 Καὶ

1913 924 1971 979 Et
2002 923 2252 979 nonnulli
2285 922 2507 992 quidem
2539 937 2606 976 ex
2633 920 2702 974 iis
2733 918 2826 989 qui
2859 914 3262 971 incredulitatis
3283 914 3477 969 morbo

153 1022 162 1034 '
225 1017 502 1088 ἀπεκρίθη
533 1019 562 1070 6
593 1016 822 1085 ἄγγελος
869 1015 1096 1087 Κυρίου,
1141 1018 1236 1071 καὶ
1273 1013 1428 1071 εἷπε·
1473 1018 1643 1089 Κύριε
1669 1035 1804 1072 παν-

1913 1018 2175 1081 laborant,
2214 1015 2431 1086 1228
2459 1021 2685 1070 sanctos
2735 1012 2879 1067 inter
2914 1025 2974 1066 se
3015 1009 3312 1080 prophetas
3357 1007 3476 1063 dis-

225 1106 536 1178 τοκράτωρ,
563 1106 668 1170 ἓως
690 1106 834 1170 τίνος
848 1107 908 1158 ού
933 1106 1008 1178 μὴ
1025 1106 1254 1178 ἐλεήσῃς
1285 1108 1383 1178 τὴν
1425 1107 1801 1179 Ἰερουσαλὴμ,

1913 1108 2110 1166 sentire
2144 1110 2444 1179 opinantur
2476 1125 2490 1161 :
2527 1106 2620 1177 qui
2657 1120 2788 1160 vero
2817 1103 2992 1160 sacris
3036 1102 3092 1156 in
3125 1100 3478 1157 sermonibus

227 1199 323 1250 καὶ
352 1197 450 1261 τὰς
485 1196 668 1261 πόλεις
711 1196 881 1252 Ἰούδα
915 1197 982 1262 ἃς
1011 1199 1316 1270 περιεῖδες;
1355 1199 1524 1253 Τοῦτο
1569 1200 1803 1273 ἑϐδομη-

1913 1200 2122 1256 educati
2168 1207 2320 1264 sunt,
2357 1199 2544 1254 divina
2595 1197 2771 1268 gratia
2822 1195 3104 1259 illustrati,
3157 1200 3475 1250 sanctorum

227 1288 421 1342 κοστὸν
443 1288 580 1353 ἔτος.
618 1308 639 1341 ι
673 1289 782 1344 Καί
812 1307 958 1353 τινες
1005 1292 1103 1362 μὲν
1135 1291 1245 1344 τῶν
1306 1291 1564 1346 ἀπιστίαν
1588 1291 1804 1347 νοσούντ-

1913 1293 2304 1363 prophetarum
2351 1291 2643 1346 inveniunt
2683 1303 3043 1345 consensum.
3097 1286 3212 1358 Age
3266 1285 3474 1355 itaque.

225 1397 335 1432 των
369 1382 657 1449 διαφωνεῖν
691 1385 818 1448 τοὺς
854 1385 1042 1453 ἁγίους
1077 1383 1359 1455 νομίζουσι
1389 1387 1672 1458 προφήτας
1705 1404 1718 1417 °
1752 1387 1802 1441 οἱ

1913 1383 1999 1437 illo
2029 1382 2324 1453 splendore
2355 1382 2613 1454 precibus
2645 1386 2902 1445 exorato,
2939 1377 3153 1450 ignaris
3189 1393 3314 1433 eum
3352 1392 3478 1446 per-

228 1472 286 1526 δὲ
317 1476 424 1536 τοῖς
450 1443 612 1545 ἱεροῖς
649 1443 827 1544 λόγοις
884 1443 1334 1548 έντεθραμῖμένοι,
1393 1443 1620 1549 ὑπὸυτῆς
1653 1443 1806 1544 θείας

1913 1477 2158 1548 spicuum
2201 1443 2491 1532 faciamus.
2523 1474 2672 1530 Idem
2703 1474 2870 1546 igitur
2900 1471 3233 1542 captivitatis
3262 1443 3530 1557 tempusé

229 1565 591 1635 φωτιζόμενοι
619 1567 862 1639 χάριτος,
917 1569 1016 1639 τὴν
1050 1569 1159 1624 τῶν
1185 1571 1356 1640 ἁγίων
1385 1572 1680 1642 προφητῶν
1711 1573 1805 1626 εύ-

1913 1585 2100 1626 omnes
2130 1570 2292 1640 plane
2326 1585 2434 1625 non
2463 1568 2844 1640 discrepantes
2877 1581 3131 1638 posuere,
3164 1576 3218 1621 et
3251 1566 3484 1620 divinus

231 1655 482 1722 ρίσκουσι
540 1660 880 1732 συμφωνίαν.
925 1663 1063 1734 Φέρε
1107 1663 1310 1730 τοίνυν,
1355 1664 1571 1735 ἐκείνης
1612 1665 1657 1698 ⁸⁸
1706 1665 1805 1736 τῆς

1913 1659 2196 1728 Ieremias,
2231 1672 2286 1718 et
2313 1663 2535 1719 divinus
2572 1655 2898 1727 Zacharias,
2938 1669 2990 1717 et
3019 1659 3214 1715 beatus
3248 1657 3476 1721 Esdras,

229 1747 426 1820 αἴγλης
445 1754 626 1822 τυχεῖν
649 1753 1044 1818 ἱκετεύσαντες,
1081 1755 1248 1826 δήλην
1290 1755 1460 1827 αὐτὴν
1497 1759 1610 1820 τοῖς
1648 1759 1806 1826 ἀγνο-

1913 1753 1962 1808 in
1989 1755 2391 1825 septuagesimo
2421 1758 2439 1778 ‘
2475 1769 2708 1812 numero
2738 1769 2930 1810 omnes
2965 1767 3302 1808 consensere
3331 1771 3344 1806 :
3383 1753 3475 1806 scd

227 1840 353 1894 οῦσι
381 1844 718 1914 ποιήσωμεν.
750 1845 853 1899 Τὸν
900 1847 998 1916 μὲν
1049 1823 1143 1900 οῦν
1170 1823 1362 1917 χρόνον
1396 1823 1496 1918 τῆς
1523 1823 1805 1919 αἰχμαλω-

1913 1860 2020 1899 non
2055 1846 2125 1902 ab
2155 1845 2352 1902 iisdem
2393 1848 2736 1918 temporibus
2759 1861 2951 1902 omnes
2979 1859 3272 1901 numerare
3293 1844 3479 1899 exorsi

231 1933 354 1996 σίας
387 1934 690 2005 συμφώνως
719 1936 1031 1992 τεθείκασιν
1086 1939 1346 2005 ἅπαντες,
1368 1941 1395 1994 ὅ
1432 1957 1490 1994 τε
1527 1939 1667 2005 θεῖος
1708 1941 1807 1994 Ἰε-

1913 1937 2014 1992 hoc
2043 1945 2281 2009 tempus,
2313 1939 2404 1993 alii
2431 1939 2484 1994 in
2515 1937 2682 2012 Cyro,
2717 1939 2807 1994 alii
2846 1939 2902 1994 in
2920 1937 3087 1992 Dario
3118 1937 3266 1991 hunc
3297 1937 3476 2007 ipsum

229 2023 450 2094 ρεμίας,
479 2027 507 2079 ὅ
557 2045 614 2082 τε
661 2027 945 2092 θεσπέσιος
987 2031 1282 2102 Ζαχαρίας,
1341 2033 1433 2087 καλ⁵
1475 2037 1502 2088 6
1539 2033 1808 2105 μακάριος

1913 2045 2201 2085 numerum
2250 2030 2506 2087 desinere
2559 2029 2842 2085 dixerunt.
2894 2029 3093 2085 Beatus
3137 2028 3282 2084 enim
3331 2027 3479 2082 lere--

232 2115 506 2187 Ἔσδρας·
553 2119 645 2172 τὸν
695 2120 1197 2194 ἑϐδομηκοντούτην
1223 2124 1332 2195 γάρ
1376 2123 1606 2196 ἀριθμὸν
1631 2126 1808 2180 τεθεί-

226 2222 391 2259 κασιν
445 2208 714 2273 ἀπαντες’
776 2212 876 2266 οὐκ
935 2213 1041 2268 ἀπὸ
1095 2215 1206 2268 τῶν
1255 2216 1434 2271 αὐτῶν
1487 2217 1544 2271 δὲ
1600 2219 1808 2290 καιρῶν

224 2296 482 2366 ἀριθμεῖν
515 2301 560 2332 θ’
584 2301 877 2373 ἀρχόμενοι
934 2303 1121 2358 τοῦτον
1165 2305 1257 2360 τὸν
1284 2307 1494 2378 χρόνον,
1522 2309 1570 2360 oi
1599 2307 1698 2378 μὲν
1729 2309 1809 2372 είς

226 2387 434 2460 Κῦρον,
465 2391 511 2442 oi
545 2391 601 2444 δὲ
629 2395 708 2460 είς
751 2396 994 2464 Δαρεῖον,
1025 2395 1214 2450 τοῦτον
1241 2398 1572 2470 καταλήγειν
1601 2399 1808 2468 ἔφασαν

223 2478 318 2531 τὸν
349 2479 600 2550 ἀριθμόν.
620 2483 683 2535 Ol
715 2483 814 2552 μὲν
835 2486 942 2555 γὰρ
982 2487 1113 2557 περὶ
1129 2486 1220 2540 τὸν
1244 2487 1510 2558 μακάριον
1541 2488 1808 2560 Ἰερεμίαν

224 2571 322 2623 καὶ
355 2568 627 2642 Ἕσδραν,⁸
645 2575 752 2628 ἀπὸ
778 2577 876 2647 τῆς
897 2578 1072 2650 ἀρχῆς
1094 2580 1192 2648 τῆς
1211 2578 1432 2650 πρώτης
1453 2578 1499 2611 ⁷⁸
1527 2580 1810 2650 αίχμαλω-

226 2661 352 2723 σίας
378 2661 750 2734 ἀριθμοῦντες,
780 2667 1004 2729 εἰκότως
1030 2667 1191 2738 μέχρι
1226 2667 1434 2739 Κύρου,
1462 2667 1556 2721 τοῦ
1581 2669 1808 2735 Περσῶν

227 2751 517 2822 βασιλέως,
549 2755 617 2809 τά
668 2757 1034 2829 ἑϐδομήκοντα
1069 2759 1475 2830 περιορίζουσιν
1509 2760 1629 2833 έτη,
1669 2762 1728 2816 Ὀ
1750 2763 1809 2818 δὲ

226 2842 506 2908 θειότατος
537 2847 812 2918 Ζαχαρίας
860 2851 966 2902 ἀπὸ
990 2851 1087 2919 τῆς
1116 2850 1432 2916 τελευταίας
1466 2853 1806 2926 πολιορκίας,

225 2936 289 2987 ἑν
366 2936 466 3007 τὴν
489 2939 731 2992 πανωλεθ
742 2941 860 3012 ρίαν
907 2942 1226 3013 ὑπέμειναν,
1279 2945 1550 3016 ἀριθμῶν,
1591 2947 1682 3000 ἐπὶ
1708 2949 1812 3001 Δα-

228 3027 382 3097 ρείου
407 3029 502 3082 τοῦ
535 3030 759 3102 Περσῶν
802 3031 1086 3102 βασιλέως,
1150 3035 1239 3089 τδν
1285 3036 1393 3088 τῶν
1436 3037 1808 3110 ἐῦδομήκοντα

227 3119 369 3224 ἐτών
402 3121 631 3224 ἀριθμὸν
679 3125 1132 3196 συμπληροῦσθαί
1179 3145 1346 3199 φησιο
1417 3129 1514 3182 καὶ
1555 3128 1662 3198 γὰρ
1715 3129 1882 3224 έπὶε

225 3212 422 3266 τούτου
455 3215 532 3286 τῷ
555 3215 667 3269 δντι
700 3219 728 3271 6
775 3217 914 3282 θεῖος
955 3220 1345 3293 ἀνῳκοδομήθη
1383 3221 1538 3286 νεώς.
1587 3224 1807 3296 Ἐπειδὴ

226 3305 341 3375 γὰρ
373 3306 494 3376 τρὶς
517 3310 544 3361 6
569 3308 698 3373 λαὸς
727 3310 1072 3380 αἰχμάλωτος
1103 3313 1316 3381 γέγονε.
1344 3313 1562 3385 πρῶτον
1595 3315 1692 3386 μὲν
1715 3316 1808 3369 ἐπὶ

241 3397 527 3469 Ἰωακεὶμ,
585 3401 680 3456 τοῦ
741 3402 857 3454 υίοῦ
898 3403 1102 3457 Ἰωσίου
1144 3404 1405 3474 βασιλέως
1449 3407 1639 3473 Ἰούδα,
1671 3409 1810 3462 τὸδὲ

226 3487 484 3558 δεύτερον
515 3491 607 3545 ἐπὶ
651 3491 918 3562 Ἰεχονίου,
942 3492 1036 3546 τοῦ
1070 3495 1185 3547 υἱοῦ
1231 3497 1503 3566 Ἰωακεὶμ,
1532 3497 1592 3550 τὸ
1611 3497 1668 3550 δὲ
1691 3497 1808 3568 τρί-

227 3596 324 3632 τον
357 3579 447 3633 ὲπὶ
478 3582 751 3648 Σεδεκίου,
801 3583 894 3638 τοῦ
946 3586 1177 3650 ἀδελφοῦ
1230 3587 1328 3658 μὲν
1375 3588 1468 3641 τοῦ
1525 3588 1805 3659 Ἰωακεὶμ,

227 3671 381 3723 θείου
417 3671 472 3725 δὲ
495 3673 588 3726 τοῦ
626 3673 894 3745 Ἰεχονίου,
935 3678 1245 3746 ἀναγκαίως
1266 3678 1387 3749 τρὶς
1409 3679 1618 3750 καὶτῆς
1643 3682 1811 3732 ἐπαν-

229 3759 352 3812 όδου
396 3763 744 3831 τυγχάνουσι.
807 3766 1032 3837 Πρῶτον
1075 3767 1173 3838 μὲν
1205 3768 1310 3839 γὰρ
1351 3769 1574 3838 ἀφίησιν
1619 3771 1815 3835 αὐτοὺς

229 3852 420 3924 Κῦρος
447 3857 476 3907 6
498 3857 734 3928 Πέρσης,
759 3852 874 3911 εἶτα
923 3862 1145 3932 Δαρεῖος
1180 3863 1208 3914 6
1237 3861 1355 3924 υίὸς
1394 3863 1436 3892 ⁷¹
1482 3861 1812 3928 Ὑστάσπου,

231 3947 430 4000 ἔπειτα
469 3950 831 4023 ’Δρταξέρξης
875 3955 904 4006 6
958 3954 1181 4024 Ξέρξου,
1217 3957 1379 4025 ήνίκα
1413 3955 1676 4026 πρότερον
1717 3957 1816 4027 μὲν

230 4036 327 4088 τὸν
351 4037 606 4108 Ἔσδραν,
641 4041 757 4110 μετ’
791 4043 996 4095 ἐκεῖνον
1025 4043 1081 4097 δὲ
1099 4043 1186 4096 τὸν
1209 4043 1450 4114 Νεεμίαν
1471 4043 1810 4110 ἀπέστειλεν,

232 4127 380 4181 ὥστε
417 4131 485 4184 τὰ
533 4133 633 4202 τῆς
678 4133 1030 4206 Ἰερουσαλὴμ
1092 4137 1510 4207 ἀνοικοδομῆσαι
1547 4139 1592 4169 ⁷⁸
1636 4137 1814 4208 τείχη.

1908 2123 2080 2190 mias,
2113 2128 2169 2178 et
2215 2122 2443 2186 Esdras,
2489 2137 2520 2176 a
2554 2122 2746 2193 primae
2780 2121 3119 2192 captivitatis
3170 2122 3326 2176 initio
3379 2135 3477 2173 nu-

1909 2219 2211 2277 merantes,
2240 2211 2366 2282 jure
2401 2227 2576 2282 usque
2612 2211 2680 2267 ad
2717 2210 2918 2284 Cyrum
2967 2210 3260 2266 Persarum
3297 2223 3480 2278 regem

1909 2305 2262 2377 septuaginta
2326 2304 2599 2360 deﬁniunt
2655 2320 2850 2360 annos.
2923 2303 3030 2358 Sed
3091 2301 3482 2358 sanctissimus

1910 2397 2208 2453 Zacharias
2239 2411 2270 2450 a
2321 2397 2626 2452 novissima
2679 2396 2988 2462 obsidione,
3063 2408 3172 2465 qua
3233 2391 3483 2447 funditus

1909 2489 2190 2556 interiere,
2229 2504 2555 2553 numerans,
2609 2487 2958 2559 septuaginta
2992 2501 3260 2541 annorum
3290 2499 3485 2540 nume-

1908 2597 2031 2637 rum
2075 2587 2340 2651 regnante
2386 2579 2550 2634 Dario
2584 2579 2876 2635 Persarum
2911 2592 3038 2649 rege
3070 2577 3277 2646 expleri
3332 2590 3484 2630 asse-

1908 2674 2054 2728 ruit:
2089 2688 2279 2728 revera
2324 2671 2492 2738 enim,
2531 2672 2652 2741 ipso
2681 2678 2963 2741 regnante,
2997 2678 3248 2724 sanetum
3287 2681 3483 2721 rursus

1907 2764 2235 2820 aediﬁcatum
2288 2771 2375 2818 est
2428 2763 2715 2833 templum.
2760 2761 2894 2816 Nam
2954 2762 3082 2830 quia
3113 2767 3194 2814 ter
3247 2758 3483 2828 populus

1909 2857 2163 2927 captivus
2195 2855 2375 2911 factus
2403 2864 2510 2922 est,
2547 2855 2784 2925 primum
2827 2861 3074 2923 tempore
3113 2849 3345 2906 Joacimi
3385 2849 3480 2902 ﬁlii

1907 2946 2072 3004 Josiaa
2107 2947 2255 3017 regis
2303 2946 2478 3014 Judae,
2511 2946 2709 3002 deinde
2751 2945 3031 3001 Jeclionla:
3081 2943 3177 2998 ﬁlii
3226 2941 3480 3004 Joacimi,

1911 3057 2076 3113 porro
2105 3039 2350 3096 Sedecia:
2395 3039 2586 3094 fratris
2631 3037 2888 3101 Joacimi,
2941 3035 3125 3108 patrui
3171 3033 3482 3096 Jecltoniae,

1909 3130 2067 3186 valde
2096 3129 2340 3200 apposite
2386 3138 2469 3185 ter
2499 3130 2667 3184 etiam
2711 3130 2767 3184 in
2807 3128 3040 3197 patriam
3078 3127 3311 3180 reditum
3349 3139 3486 3178 con-

1912 3233 2239 3294 sequuntur.
2279 3222 2464 3278 Primo
2498 3223 2642 3278 enim
2670 3222 2878 3277 dimisit
2913 3223 3062 3292 ipsos
3091 3219 3269 3292 Cyrus
3295 3216 3483 3279 Persa,

1912 3318 2113 3373 deinde
2173 3318 2370 3374 Darius
2422 3314 2710 3387 Hystaspis
2757 3315 2922 3376 ﬁlius,
2978 3321 3093 3368 tum
3150 3313 3491 3367 Artaxerxes

1912 3409 2110 3464 Xerxis
2144 3411 2310 3474 ﬁlius,
2351 3423 2462 3478 quo
2509 3416 2753 3476 tempore
2783 3407 2960 3477 primo
2998 3405 3257 3465 Esdram,
3293 3411 3487 3473 postea

1919 3500 2134 3570 1229
2160 3499 2478 3555 Nehemiam
2527 3499 2701 3563 misit,
2754 3509 2812 3552 ut
2859 3512 3047 3553 muros
3096 3495 3488 3566 Hierosolyma:

1914 3591 2114 3645 iterum
2150 3589 2556 3646 construendos
2595 3596 2876 3645 curarent.
2921 3587 3124 3642 Eorum
3167 3587 3354 3656 igitur,
3391 3585 3487 3654 qui

1913 3684 2090 3753 primo
2124 3683 2270 3752 capti
2305 3681 2478 3744 fuere.
2516 3682 2867 3752 septuaginta
2915 3694 3183 3735 annorum
3223 3691 3487 3734 numerus

1911 3772 2056 3840 Cyro
2086 3771 2250 3827 Persa
2295 3781 2562 3842 regnante
2591 3771 2877 3842 eripietur:
2931 3769 3122 3839 templi
3165 3777 3350 3824 autem
3391 3766 3487 3820 dc-

1915 3863 2203 3919 solationis
2233 3862 2342 3918 hoc
2385 3863 2530 3918 idem
2567 3871 2781 3932 tempus
2833 3860 3024 3915 ﬁnitur
3053 3873 3199 3914 anno
3246 3855 3494 3912 secundo

1916 3955 2065 4010 Darii
2115 3954 2401 4027 Hystaspis
2436 3975 2448 4010 :
2479 3957 2554 4010 ita
2599 3962 2656 4009 ut
2709 3962 2944 4024 utraque
2973 3952 3280 4023 prophetia.
3319 3960 3374 4005 et
3409 3947 3494 4004 Je-

1917 4048 2107 4104 remize
2157 4057 2210 4102 et
2250 4047 2552 4113 Zacharias,
2607 4055 2660 4102 et
2711 4046 2897 4100 itidem
2952 4043 3143 4100 Esdra:
3191 4043 3491 4111 scriptura,

1920 4139 2209 4195 mendacio
2243 4147 2451 4204 careat,
2482 4147 2537 4194 et
2563 4153 2688 4192 vera
2723 4139 2814 4192 sit.
2855 4135 2994 4198 Hoc,
3035 4132 3238 4202 inquit,
3278 4140 3492 4198 tempus

233 4219 360 4273 Τῶν
392 4223 490 4291 μὲν
530 4219 623 4276 οῦν
670 4226 900 4296 πρώτων
947 4226 1307 4297 αἰχμαλώτων
1370 4231 1756 4298 γεγενημένων
1785 4230 1811 4281 6

1919 4229 2115 4284 beatus
2144 4228 2330 4283 Daniel
2370 4228 2704 4296 intelligens,
2746 4242 2870 4281 cum
2904 4229 3274 4287 numerasset,
3302 4229 3354 4274 et
3379 4218 3492 4287 jam

235 4311 740 4384 ὲὸδομηκονταέτης
783 4316 1084 4388 πληροῦται
1124 4317 1315 4388 χρόνος
1349 4318 1441 4370 ἐπὶ
1502 4318 1689 4387 Κύρου
1718 4317 1811 4371 τοῦ

1921 4319 2369 4388 appropinquare
2414 4319 2821 4388 comperisset:

234 4403 450 4470 Πέρσου
477 4423 490 4436 ο
526 4407 626 4475 τῆς
669 4407 726 4461 δὲ
764 4407 857 4461 τοῦ
891 4409 1019 4462 ναοῦ
1045 4409 1280 4481 ἐρημίας
1315 4411 1342 4463 6
1371 4408 1533 4472 αὐτὸς
1563 4401 1717 4471 οὗτος
1778 4409 1970 4478 χρόνος
2001 4407 2270 4478 λαμῆἀνει
2299 4408 2452 4470 τέλος
2489 4409 2536 4440 ⁷³
2571 4411 2627 4462 ὲν
2656 4407 2733 4478 τῷ
2753 4407 2988 4479 δευτέρῳ
3016 4406 3124 4459 ἔτει
3146 4402 3370 4476 Δαρείου
3398 4397 3493 4453 τοῦ

244 4495 580 4562 Ὑστάσπου,
641 4498 717 4562 ὡς
778 4496 914 4554 εῖναι
967 4501 1303 4572 προφητείαν
1361 4501 1660 4571 ἑκατέραν,
1728 4499 1826 4569 τὴν
1867 4501 2127 4572 Ἰερεμίου
2178 4517 2234 4553 τε
2269 4501 2365 4554 καὶ
2402 4499 2704 4570 Ζαχαρίου,
2754 4498 3016 4562 ὡσαύτως
3049 4499 3105 4551 δὲ
3139 4497 3231 4550 καὶ
3264 4494 3362 4566 τὴν
3400 4494 3492 4548 τοῦ

238 4591 448 4662 Ἐσδρα
476 4594 818 4663 συγγραφὴν,
867 4594 1074 4664 ἀψευδῆ
1105 4613 1164 4648 τε
1216 4596 1310 4648 καὶ
1351 4595 1547 4666 ἀληθῆ.
1583 4593 1804 4661 Τοῦτον,
1843 4598 1996 4667 φησὶ,
2036 4595 2128 4649 τὸν
2181 4595 2372 4667 χρόνον
2419 4596 2448 4648 6
2523 4593 2791 4665 μακάριος
2846 4591 3044 4663 Δανιὴλ
3097 4589 3319 4652 συνιεὶς,
3402 4589 3497 4642 καὶ

238 4683 578 4754 ἀριθμήσας,
619 4685 711 4737 καὶ
745 4685 920 4755 εὑρὼν
942 4685 1310 4756 πλησιάζοντα
1340 4703 1355 4718 ·
2337 4679 2346 4690 -~

309 4781 380 4844 γ.
428 4794 446 4824 ‹
477 4775 694 4828 Ἔδωκα
716 4776 776 4829 τὸ
805 4777 1096 4847 πρόσωπόν
1123 4795 1247 4847 μου,
1271 4778 1426 4847 φησι,
1459 4778 1596 4848 πρὸς
1615 4779 1811 4850 Κύριον

1992 4771 2159 4827 Vens.
2193 4773 2247 4826 3.
2280 4789 2299 4822 ι
2350 4769 2506 4835 Dedi,
2561 4770 2759 4840 inquit,
2811 4768 3007 4823 faciem
3059 4784 3236 4822 meam
3278 4768 3347 4823 ad
3391 4768 3496 4821 Do-

232 4865 330 4918 τὸν
381 4865 532 4929 Θεὸν,
577 4866 670 4918 τοῦ
723 4867 1021 4938 ὲκξητῆσαι
1071 4871 1378 4944 προσευχὴν
1414 4870 1507 4923 καὶ
1541 4870 1726 4940 δέησιν
1766 4872 1811 4924 ex

1923 4864 2132 4917 minum
2171 4862 2364 4927 Deum,
2395 4873 2453 4916 ut
2482 4877 2788 4932 quaererem
2821 4861 3130 4914 orationem
3161 4869 3212 4914 et
3237 4857 3498 4929 depreca-

233 4958 538 5025 νηστείαις,
594 4960 686 5012 καὶ
714 4961 902 5029 σάκκῳ
951 4963 1044 5014 καὶ
1077 4961 1274 5032 σποδῷ.
1310 4982 1328 5014 ι
1361 4964 1435 5015 Ού
1467 4963 1596 5032 γὰρ,
1634 4964 1819 5034 φησὶν,

237 5050 430 5112 ἀπλῶς
468 5051 732 5121 ἀνέμενον
779 5053 877 5124 τὴν
922 5053 1023 5122 τῆς
1051 5055 1433 5124 αἰχμαλωσίας
1473 5055 1818 5126 ἀπαλλαγὴν,

236 5142 357 5195 ἀλλ’
395 5141 630 5194 ίκετείαν
671 5142 748 5212 τῷ
793 5145 1038 5215 Δεσπὸτῃ
1077 5146 1439 5215 προσέφερον,
1482 5145 1577 5215 τὴν
1613 5147 1823 5199 ἐλευθε-

241 5233 366 5301 ρῗαν
401 5234 514 5295 τοῖς
549 5233 841 5302 ὁμοφύλοις
874 5234 1060 5288 αἰτῶν.
1100 5235 1218 5288 Κάν
1252 5235 1359 5306 γὰρ
1393 5238 1654 5307 μυριάκις
1685 5237 1818 5289 ὑπό-

316 5393 340 5431 κ
367 5391 533 5446 Zach.
570 5412 606 5456 I,
633 5395 683 5447 7.
769 5395 786 5434 ι
817 5395 947 5450 ibid.
970 5395 1052 5448 12.

1921 4958 2152 5021 tionem,
2210 4955 2266 5010 in
2327 4956 2573 5025 jejuniis,
2614 4963 2669 5009 et
2716 4967 2900 5017 sacco,
2955 4959 3008 5006 et
3042 4953 3253 5007 cinere.
3317 4969 3336 5004 ι
3377 4952 3497 5006 Non

1921 5051 2089 5113 enim,
2121 5049 2320 5118 inquit,
2351 5049 2676 5120 simpliciter
2710 5047 3099 5116 exspectabam
3153 5055 3212 5099 ut
3258 5062 3287 5099 a
3325 5047 3500 5102 servi-

1923 5152 2041 5198 tute
2099 5143 2556 5204 vindicaremur,
2622 5137 2732 5198 sed,
2776 5136 3010 5192 Domino
3065 5139 3445 5208 supplicabam
3481 5176 3497 5201 ,

1924 5243 2290 5309 cognatorum
2321 5249 2568 5291 meorum
2608 5231 2920 5288 libertatem
2955 5238 3168 5300 petens.
3212 5230 3345 5285 Nam
3395 5225 3498 5281 etsi

1561 5510 1796 5566 VARIAS
1838 5511 2224 5569 LECTIONES
2241 5547 2257 5566 .

313 5662 358 5694 ⁸⁸
379 5665 464 5718 ὲκ.
491 5666 549 5720 ln
581 5668 618 5718 Β
651 5673 770 5734 post
793 5665 982 5735 αἴγλης
1015 5666 1252 5734 ponitur.

240 5734 495 5806 δομῆσαι.
579 5738 623 5768 ⁷³
645 5735 754 5790 τέλ.
786 5737 824 5786 Β
860 5734 1043 5806 prtem.
1076 5737 1152 5789 τό.

1332 5668 1374 5698 ⁸⁵⁸
1409 5669 1447 5720 Β
1481 5669 1568 5722 τὸν
1603 5669 1852 5740 ἀριθμόν.
1932 5672 1977 5702 ⁷⁸
2012 5691 2102 5742 πρ,
2139 5671 2176 5725 Β
2200 5671 2476 5744 δευτέρας.

2556 5673 2595 5704 ⁷¹
2627 5671 2754 5734 υἱός.
2797 5667 2919 5722 Des.
2963 5665 3014 5717 in
3061 5665 3133 5717 Β.
3199 5662 3244 5694 τ’
3276 5659 3314 5713 Β
3356 5661 3496 5712 οἰκο-
