3898 6208
262 335 397 402 1461

1459 344 1542 404 ΙΝ
1592 342 1948 404 DANIELIS
1994 343 2153 404 CAP.
2199 342 2299 408 IX.

3374 334 3509 400 1462

258 448 354 503 τοῦ
383 445 702 519 προσώπου,
733 445 808 509 ὡς
841 445 873 516 ἡ
900 446 1085 518 ἡμέρα
1115 446 1277 521 αὕτη,
1324 449 1477 523 ἀνδρὶ
1518 453 1709 519 Ἰούδα,
1742 458 1835 509 καὶ

1959 455 2023 509 sio
2054 453 2236 517 faciei,
2268 454 2418 508 sicut
2447 449 2565 506 dies
2599 448 2693 504 hic
2724 445 2843 503 viro
2887 444 3060 514 Iudae,
3116 453 3170 503 et
3206 445 3509 505 habitanti-

258 540 375 602 τοῖς
402 536 747 592 κατοικοῦσιν
770 535 817 569 ⁸⁸
857 536 1230 612 Ἰερουσαλὴμ,
1266 543 1362 597 καὶ
1393 546 1555 598 παντὶ
1595 546 1833 618 Ἰσραὴλ,

1937 544 2041 599 bus
2072 542 2487 614 Hierosolyma,
2517 546 2572 595 et
2599 537 2750 594 omni
2782 536 2991 601 lsraeli,
3015 536 3084 592 iis
3119 536 3213 607 qui
3243 549 3431 607 prope,
3453 546 3509 593 et

258 631 375 693 τοῖς
421 628 587 697 ἐγγὺς
637 628 733 681 καὶ
776 629 889 692 τοῖς
935 631 1173 701 μακρὰν,
1222 633 1279 688 ὲν
1324 634 1474 707 πάσῃ
1519 639 1588 706 τῇ
1637 641 1733 708 γῇ,
1774 629 1835 690 οῦ

1962 636 2010 691 is
2037 636 2133 705 qui
2157 635 2336 703 longe,
2368 634 2424 687 in
2452 632 2603 689 omni
2638 639 2814 696 terra,
2841 630 2935 687 ubi
2988 628 3359 686 disseminasti
3413 643 3510 683 cos

256 719 574 791 διέσπειρας
599 721 791 784 αὐτοὺς
810 721 924 773 ἐκεῖ
943 721 1003 773 ὲν
1023 722 1278 795 ἀθετήσει
1300 728 1500 793 αὐτῶν,
1519 723 1617 804 "ﬁ
1640 728 1835 800 ἠθέτη-

258 813 364 866 σάν
399 829 480 876 σε,
515 813 708 883 Κύριε.
744 833 767 866 ι
823 814 903 868 Τὰ
947 816 1044 886 μὲν
1077 816 1206 889 γὰρ,
1248 821 1432 891 φησὶν,
1479 821 1585 875 ὑπὸ
1616 822 1709 875 σοῦ
1746 838 1837 890 γε·

258 904 576 974 γενημένα,
624 906 962 973 Δέσποταθθ,
1019 912 1118 980 τὴν
1171 912 1271 982 σὴν
1321 913 1580 982 κηρύττει
1636 914 1838 968 δικαιο-

259 996 460 1067 σύνην*
508 998 670 1068 ἡμεῖς
694 998 750 1052 δὲ
795 999 885 1053 διὰ
916 1000 1015 1071 τὴν
1056 1002 1254 1074 πολλὴν
1297 1006 1454 1075 ἡμῶν
1489 1008 1839 1079 παρανομίαν

256 1092 320 1142 ἐν
341 1088 575 1162 αἰσχύνῃ
600 1092 904 1162 γενόμενοι,
930 1097 1026 1166 τῆς
1050 1096 1185 1161 ίδίας
1203 1098 1247 1129 ⁸⁸
1273 1098 1668 1171 ἀγνωμοσύνης
1717 1117 1841 1154 κατ-

257 1179 593 1250 ηγοροῦμεν.
642 1181 732 1233 Σοὶ
768 1182 884 1252 μὲν
914 1184 1023 1254 γὰρ
1051 1185 1113 1239 ἐκ
1143 1186 1239 1255 τῆς
1273 1187 1544 1258 ἡμετέρας
1589 1188 1842 1254 ἀσεϐείας

252 1270 492 1340 οὐδεμία
521 1272 880 1340 προσεγένετο
910 1274 1079 1347 βλάϐη
1110 1294 1125 1307 ν
1177 1280 1337 1348 ἡμεῖς
1360 1278 1419 1330 δὲ
1446 1279 1556 1333 τῶν
1589 1280 1841 1351 σπερμά-

1940 727 1996 781 in
2026 725 2485 797 praevaricatione
2509 736 2723 789 eorum,
2757 736 2867 793 qua
2897 720 3240 793 prmvaricati
3271 726 3402 774 sunt
3452 720 3509 773 in

1940 827 2014 885 te,
2045 819 2325 875 Domine.»
2357 817 2431 871 Ea
2461 817 2632 882 enim,
2655 830 2776 886 quae
2802 828 2832 869 a
2864 822 2918 871 te
2948 813 3092 868 facta
3126 818 3277 879 sunt,
3311 812 3509 881 inquit,

1944 911 2190 979 Domine,
2218 918 2364 965 tuam
2404 909 2563 980 quasi
2611 905 2888 979 prcconio
2930 903 3319 961 commendant
3347 901 3512 972 justi-

1943 1002 2119 1057 tiam:
2179 1016 2284 1056 nos
2320 1012 2454 1056 vero
2489 1004 2710 1070 propter
2770 996 3012 1068 ingentia
3052 1001 3243 1051 nostra
3303 992 3511 1049 scelera

1942 1094 2155 1165 pudore
2184 1091 2417 1163 perfusi,
2448 1091 2651 1160 ingrati
2693 1089 2859 1144 animi
2901 1086 3079 1144 nostri
3108 1086 3318 1141 crimen
3347 1096 3512 1139 accu-

1943 1199 2155 1242 samus.
2187 1182 2310 1239 Tibi
2343 1181 2490 1248 enim
2521 1194 2588 1237 ex
2627 1188 2817 1236 nostra
2856 1177 3138 1249 impietate
3164 1175 3300 1231 nihil
3325 1172 3511 1230 damni

1945 1277 2179 1333 accidit:
2215 1292 2319 1332 nos
2368 1284 2550 1332 autem
2585 1275 2859 1332 seminum
2901 1272 3114 1328 fructus
3169 1270 3424 1334 tulimus,
3458 1276 3512 1323 et

256 1377 373 1415 των
420 1361 718 1432 ἐδεξάμεθα
734 1367 781 1404 θ’
825 1366 951 1429 τοὺς
981 1369 1263 1440 καρποὺς,
1317 1369 1411 1423 καὶ
1455 1370 1723 1436 ἐλεεινῶς,
1759 1372 1843 1426 ὅτι

1959 1368 2361 1432 miserabiliter,
2396 1368 2526 1438 quia
2571 1368 2866 1438 cognatos‘
2923 1377 3214 1426 accusans,
3265 1361 3508 1451 seipsum

254 1451 372 1504 τῶν
404 1453 693 1523 ὁμοφύλων
734 1457 1086 1527 κατηγορῶν,
1136 1460 1229 1512 καὶ
1260 1460 1454 1513 ἑαυτὸν
1497 1464 1611 1525 τοῖς
1663 1480 1844 1535 παρα-

264 1544 462 1607 ϐάταις
494 1545 778 1599 συνάπτει.

332 1640 406 1703 η’.
436 1652 455 1685 ι
478 1635 907 1710 Ἠμίν,φησὶν,ἡ
938 1636 1164 1712 αἰσχῦνη
1184 1640 1276 1695 τοῦ
1297 1642 1608 1713 προσώπου,
1626 1645 1718 1697 καὶ
1734 1648 1846 1708 τοῖς

260 1727 575 1798 βασιλεῦσιν
600 1730 776 1802 ἡμῶν,
797 1732 1014 1796 καὶτοῖς
1038 1734 1293 1804 ἄρχουσιν
1309 1735 1487 1805 ἡμῶν,
1506 1735 1603 1789 καὶ
1627 1738 1738 1800 τοῖς
1752 1754 1846 1792 πα-

1945 1474 2163 1532 quoque
2194 1475 2320 1515 cum
2351 1460 2420 1516 iis
2445 1461 2538 1532 qui
2570 1460 2740 1531 legem
2780 1457 3069 1523 violarent,
3097 1454 3402 1528 conjunxit.
3532 1462 3555 1565 ί

2038 1640 2205 1697 Vsus.
2242 1641 2295 1696 8.
2342 1659 2361 1692 ι
2425 1639 2618 1705 Nobis,
2675 1639 2875 1711 inquit,
2912 1638 3167 1695 conlusio
3227 1636 3407 1696 faciei.
3459 1645 3516 1693 et

1948 1734 2167 1805 regibus
2200 1734 2432 1799 nostris,
2473 1741 2529 1790 et
2560 1733 2902 1805 principibus
2927 1732 3156 1797 nostris,
3184 1738 3239 1786 et
3265 1728 3515 1800 patribus

261 1795 458 1889 τράσιν
484 1795 661 1891 ἡμῶν,
682 1823 876 1888 οἵτινες
895 1795 1212 1895 ἡμάρτομέν
1241 1795 1388 1880 σοιῗ»
1438 1795 1640 1883 Ἱκανὸν
1654 1795 1847 1883 6:an-

1959 1826 2178 1892 nostris,
2208 1827 2303 1898 qui
2350 1827 2700 1896 peccavimus
2739 1833 2929 1881 contra
2970 1831 3043 1880 te.
3092 1841 3112 1876 ι
3157 1819 3531 1891 Unumquod-'

260 1929 374 1967 των
406 1912 635 1967 ἕκαστον
676 1916 753 1977 εἰς
794 1915 939 1969 ἔλεον
975 1915 1283 1987 ἐπικάμψαι
1306 1918 1401 1972 καὶ
1431 1917 1522 1972 τὸν
1549 1918 1848 1989 ὠμότατον,

266 2005 473 2075 μήτιγε
502 2004 591 2058 τὸν
606 2005 653 2038 ⁸³
683 2004 1030 2078 ἡμερώτατον
1053 2008 1146 2062 καὶ
1164 2008 1700 2081 φιλανθρωπότατον.
1731 2010 1849 2064 Δεί-

263 2111 367 2147 κνυ
376 2111 427 2147 σι
454 2094 563 2165 γὰρ
579 2095 667 2149 διὰ
687 2095 794 2150 τῶν
806 2096 980 2164 λόγων
995 2098 1054 2151 οὐ
1072 2099 1197 2162 τοὺς
1223 2099 1458 2165 εὐτελεῖς
1474 2100 1567 2155 τοῦ
1593 2101 1725 2155 λαοῦ
1756 2102 1851 2157 καὶ

262 2187 495 2253 ἀφανεῖς
521 2187 716 2255 μόνους
740 2186 1000 2258 αἰσχύνης
1022 2188 1485 2261 ἀναπλησθέντας,
1501 2191 1633 2245 ἀλλὰ
1647 2193 1741 2246 καὶ
1755 2192 1852 2246 αὐ-

263 2275 393 2339 τοὺς
408 2276 534 2339 τοὺς
553 2275 825 2346 βασιλέας,
842 2278 935 2331 καί⁵
950 2278 1071 2341 τοὺς
1090 2277 1372 2348 ἄρχοντας,
1394 2282 1624 2344 καὶτοὺς
1647 2281 1847 2352 ἱερέαςο

261 2365 490 2430 τούτους
537 2368 644 2439 γὰρ
692 2369 935 2441 πατέρας
988 2370 1259 2441 ὠνόμασε.
1316 2373 1427 2427 Καὶ
1490 2372 1703 2437 δεικνὺς
1752 2373 1850 2443 τῆς

263 2456 541 2528 τιμωρίας
573 2459 632 2512 τὸ
657 2458 886 2523 δίκαιον,
918 2462 1303 2530 προστέθεικεν
1326 2479 1341 2491 ⁶
1390 2482 1409 2515 ι
1430 2463 1639 2527 Οἴτινες
1668 2464 1850 2534 ἡμάρ-

261 2549 435 2618 τομεν
464 2565 565 2603 σοι.
595 2567 614 2601 ι
661 2549 800 2603 Ἀλλ’
823 2552 983 2621 ἡμεῖς
1012 2551 1107 2621 μὲν
1137 2550 1320 2617 ἀξίους
1345 2554 1724 2625 ὲκομισάμεθα
1750 2554 1851 2625 τῆς

264 2639 619 2711 παρανομίας
646 2643 774 2704 τοὺς
806 2642 1054 2710 καρπούς
1073 2658 1088 2673 ⁹

346 2731 414 2787 θ’.
463 2749 483 2783 ι
511 2731 617 2785 Τοῦ
644 2732 848 2803 Κυρίου
876 2732 933 2786 δὲ
965 2733 1100 2787 Θεοῦ
1127 2736 1159 2805 ἡ
1170 2734 1285 2805 μῶν
1299 2735 1347 2767 ⁵⁵
1376 2736 1423 2788 oi
1454 2738 1731 2808 οἰκτιρμοὶ
1756 2738 1851 2789 καὶ
1871 2726 1883 2735 ”

266 2821 570 2893 ἱλασμοίπ.
605 2842 625 2877 ι
670 2824 878 2895 Πρέπει
909 2825 1018 2896 γάρ
1044 2841 1149 2890 σοι,
1181 2825 1370 2897 ἡμέρῳ
1402 2826 1514 2879 δντι
1544 2828 1636 2881 καὶ
1665 2826 1852 2896 φιλαν-

236 2924 239 2927 ’
266 2913 499 2986 θρώπῳ,
543 2915 675 2985 ἐλέῳ
700 2918 794 2971 καὶ
820 2918 986 2989 οἴκτῳ
1016 2918 1143 2989 περὶ
1172 2919 1318 2989 ἡμᾶς
1361 2916 1689 2988 χρήσασθαι.
1740 2919 1851 2972 Καὶ

265 3008 548 3078 ἐπιμένων
591 3012 656 3080 τῇ
704 3010 805 3080 τῆς
854 3013 1201 3083 παρανομίας
1250 3011 1552 3083 κατηγορίᾳ
1629 3011 1850 3083 (ἤκουσε

1949 1932 2054 1986 que
2087 1918 2283 1974 borum
2320 1919 2454 1975 satis
2485 1927 2592 1985 est,
2615 1918 2700 1974 vel
2731 1917 3171 1973 crudelissimum
3197 1914 3266 1970 ad
3298 1912 3516 1969 miseri-

1947 2011 2187 2066 cordiam
2216 2010 2457 2076 ﬂectere,
2488 2010 2690 2065 nedum
2727 2009 3086 2065 mitissimum
3129 2013 3185 2062 et
3234 2005 3517 2060 humanis-

1949 2104 2168 2157 simum.
2218 2102 2318 2158 His
2374 2102 2517 2158 enim
2573 2102 2758 2157 verbis
2821 2100 3081 2165 ostendit,
3143 2113 3253 2155 non
3323 2105 3517 2154 tenues

1948 2195 2199 2249 homines
2226 2208 2256 2250 e
2290 2194 2464 2264 plebe,
2496 2204 2673 2263 neque
2701 2192 2966 2263 ignobiles
2997 2199 3211 2246 tantum
3233 2229 3247 2254 ,
3286 2189 3518 2261 ignomi-

1949 2287 2041 2340 nia
2068 2285 2312 2352 allectos,
2344 2285 2439 2341 sed
2467 2285 2635 2339 etiam
2668 2299 2824 2355 reges
2852 2283 3001 2353 ipsos
3028 2291 3083 2338 et
3113 2283 3419 2351 principes,
3463 2288 3519 2335 et

1948 2392 2087 2448 quos
2113 2385 2290 2446 patres
2317 2377 2676 2446 nuncupavit,
2707 2375 3044 2447 sacerdotes.
3070 2372 3283 2444 1232
3302 2371 3519 2428 Justas-

1949 2481 2056 2536 que
2089 2481 2211 2522 esse
2237 2480 2429 2535 pinnas
2459 2462 2779 2528 ostendens,
2819 2460 3029 2517 addidit
3061 2479 3074 2515 :
3111 2477 3129 2510 ι
3187 2458 3289 2525 Qui
3322 2471 3519 2528 pecca-

1948 2557 2131 2613 vimus
2185 2563 2378 2612 contra
2421 2564 2493 2611 te.
2537 2574 2559 2607 ι
2623 2553 2826 2609 Verum
2887 2567 2993 2609 nos
3046 2549 3269 2622 quidem
3324 2550 3519 2620 dignos

1951 2647 2238 2717 iniquitate
2268 2655 2457 2703 nostra
2488 2645 2701 2702 fructus
2734 2645 3001 2701 tulimus:

2020 2739 2187 2796 Vsus.
2217 2739 2269 2795 9.
2314 2759 2333 2792 ι
2370 2736 2582 2794 Domini
2605 2745 2787 2792 autem
2817 2734 2912 2790 Dei
2940 2733 3117 2789 nostri
3154 2729 3330 2801 (sunt)
3355 2731 3521 2785 mise-

1950 2831 2195 2888 rationes
2225 2838 2279 2886 et
2301 2829 2740 2901 propitiationes.
2786 2847 2805 2880 ι
2833 2826 2995 2882 Decet
3026 2822 3174 2880 enim
3228 2831 3284 2879 te
3331 2823 3517 2877 mitem

1950 2930 2005 2978 et
2028 2924 2353 2977 clementem
2384 2919 2764 2977 misericordia
2794 2926 2849 2973 et
2874 2915 3229 2972 miseratione
3250 2929 3380 2985 erga
3421 2927 3520 2968 nos

1952 3012 2308 3069 commoveri.
2341 3010 2408 3065 Et
2439 3024 2787 3066 commorans
2811 3008 2866 3062 in
2911 3006 3237 3062 accusandis
3272 3003 3512 3074 peccatis

268 3099 386 3169 γὰρ
413 3097 508 3152 τοῦ
540 3099 671 3153 Θεοῦ
705 3100 772 3153 δι’
801 3101 986 3174 ἐτέρου
1016 3103 1296 3174 προφήτου
1324 3101 1573 3171 λέγοντος
1601 3119 1616 3133 ο
1665 3119 1683 3152 ι
1708 3101 1850 3171 Λέγε

1959 3106 1980 3178 (
2000 3105 2209 3160 audivit
2237 3103 2440 3174 quippe
2462 3102 2632 3157 Deum
2664 3117 2761 3171 per
2785 3100 2953 3154 alium
2983 3098 3304 3170 prophetam
3333 3095 3522 3149 dicen-

269 3189 344 3242 σὺ
386 3189 485 3252 τὰς
528 3190 752 3261 ἀνομίας
798 3208 890 3244 σου
950 3191 1260 3261 πρῶτονθθ,
1312 3192 1402 3246 ἵνα
1447 3192 1740 3263 δικαιωθῇς
1782 3191 1849 3263 ›),

266 3280 574 3335 οἰκειοῦται
606 3281 703 3351 τὴν
733 3281 831 3335 τοῦ
877 3281 1006 3335 λαοῦ
1047 3282 1413 3354 παρανομίαν,
1465 3285 1559 3337 καὶ
1601 3282 1697 3355 τὴν
1729 3284 1855 3338 ταύ-

269 3389 381 3442 της
433 3374 664 3426 ποιεῖται
718 3372 1087 3445 κατηγορίαν,
1145 3374 1236 3428 τὸν
1291 3374 1432 3428 θεῖον
1489 3374 1636 3429 ἔλεον
1686 3377 1855 3444 ἐπαγ-

274 3462 510 3531 γέλλων.

357 3561 408 3607 ι’.
473 3555 639 3609 «Ὅτι
691 3555 1026 3627 ἀπέστημεν,
1063 3558 1217 3628 φησὶ,
1261 3559 1357 3611 καὶ
1399 3559 1498 3612 οὐκ
1534 3558 1857 3629 εἰσηκούσα-

280 3662 387 3716 μεν
410 3645 512 3715 τῆς
542 3650 724 3717 φωνῆς
773 3648 976 3719 Κυρίου
1018 3649 1113 3702 τοῦ
1141 3647 1274 3702 Θεοῦ
1314 3648 1494 3721 ήμῶν,
1534 3650 1857 3721 πορεύεσθαι

279 3741 345 3791 ἐν
368 3740 481 3801 τοῖς
498 3738 683 3807 νόμοις
713 3739 903 3805 αὐτοῦ,
930 3736 1009 3804 οἷς
1037 3740 1203 3795 ἔδωκε
1226 3742 1369 3796 κατὰ
1392 3743 1681 3814 πρόσωπον
1704 3744 1735 3813 ἡ
1745 3741 1858 3813 μῶν

279 3829 345 3879 ἐν
376 3827 518 3897 χειρὶ
546 3826 653 3880 τῶν
681 3827 881 3881 δούλων
911 3828 1073 3883 αὐτοῦ
1102 3830 1210 3883 τῶν
1232 3833 1548 3903 προφητῶν.
1583 3851 1601 3885 ι
1635 3833 1862 3898 Φωτιζό-

284 3934 439 3987 μενοι
466 3919 598 3989 γὰρ,
626 3921 809 3990 φησιν,
843 3921 946 3974 ὑπὸ
983 3921 1091 3975 τῶν
1129 3923 1446 3995 προφητῶν,
1478 3924 1572 3978 καὶ
1600 3923 1864 3995 ποδηγού-

285 4025 442 4079 μενοι
484 4010 619 4080 πρὸς
658 4011 719 4063 τὸ
748 4011 887 4076 δέον,
940 4012 1313 4082 ἀντιλέγοντες
1346 4014 1525 4070 πάντα
1554 4015 1647 4070 τὸν
1674 4017 1862 4086 χρόνον

279 4099 688 4171 διετελέσαμεν.

362 4199 451 4244 ια’.
496 4210 515 4243 ι
542 4192 654 4246 Καὶ
682 4194 789 4257 πᾶς
837 4193 1052 4265 Ἰσραὴλ
1082 4196 1399 4267 παρέϐησαν
1429 4197 1521 4251 τὸν
1548 4198 1711 4268 νόμον
1744 4216 1861 4262 σου,

1956 3206 2101 3254 tem:
2146 3215 2168 3248 ι
2196 3195 2314 3261 Dic,
2347 3201 2432 3261 tu,
2456 3194 2776 3263 iniquitates
2805 3198 2929 3245 tuas
2962 3190 3222 3261 primum,
3259 3194 3319 3241 ut
3354 3184 3520 3255 justi-

1957 3286 2133 3343 ﬁceris
2163 3307 2182 3340 ι
2210 3288 2254 3358 ),
2281 3286 2562 3342 asciscens
2595 3284 2699 3339 sibi
2724 3283 2906 3353 papuli
2935 3281 3164 3345 scelera,
3187 3295 3250 3333 ea
3276 3284 3521 3341 accusat,

1955 3379 2196 3434 divinam
2236 3376 2542 3449 praedicans
2578 3372 3028 3430 misericordiam.

2031 3553 2196 3611 Vens.
2237 3551 2323 3607 ιο.
2356 3569 2376 3603 ι
2416 3548 2557 3616 Quia
2610 3544 2962 3610 recessimus,
3026 3542 3220 3614 inquit.
3287 3537 3358 3594 Et
3412 3555 3526 3598 non

1959 3644 2273 3701 audivimus
2300 3654 2492 3697 vocem
2526 3637 2744 3694 Domini
2782 3635 2875 3692 Dei
2909 3634 3108 3700 nostri,
3164 3642 3228 3689 ut
3274 3633 3525 3689 ambula-

1959 3749 2146 3792 remus
2179 3735 2236 3789 in
2264 3733 2476 3805 legibus
2504 3731 2649 3801 ejus,
2682 3743 2819 3799 quas
2850 3726 3004 3782 dedit
3033 3735 3162 3781 ante
3192 3724 3390 3781 l’aciem
3426 3740 3529 3780 no-

1961 3839 2153 3890 stram,
2185 3826 2241 3881 in
2271 3838 2434 3879 manu
2471 3835 2754 3878 servorum
2786 3833 3010 3875 suorum
3047 3815 3457 3888 prophetarum.
3502 3833 3520 3865 ο

1961 3916 2260 3975 Illuminati
2292 3916 2438 3971 enim
2468 3929 2498 3968 a
2530 3911 2836 3983 prophetis,
2861 3909 3061 3979 inquit,
3096 3916 3153 3963 et
3182 3906 3333 3962 ducti
3374 3904 3441 3961 ad
3466 3919 3530 3960 ea

1961 4026 2085 4082 quae
2129 4008 2380 4064 facienda
2408 4013 2589 4071 erant,
2632 4003 2911 4060 adversari
2958 4014 3173 4070 semper
3205 4012 3529 4069 persevera-

1963 4118 2159 4159 v1mus.

2036 4193 2199 4250 Vsus.
2230 4193 2317 4248 ll.
2351 4211 2370 4244 ι
2407 4190 2474 4245 Et
2495 4204 2685 4245 omnes
2719 4188 2787 4241 de
2818 4186 3018 4241 lsraele
3053 4186 3329 4240 violarunt
3358 4184 3530 4252 legem

283 4284 384 4336 καὶ
410 4282 688 4350 ἐξέκλιναν
714 4284 810 4338 τοῦ
857 4286 931 4356 μὴ
970 4286 1199 4341 ἀκοῦσαι
1242 4289 1343 4358 τῆς
1368 4290 1551 4359 φωνῆς
1582 4306 1695 4343 σου.
1730 4308 1749 4339 ι
1802 4291 1841 4343 Ε

1966 4296 2137 4347 tuam,
2168 4293 2222 4339 et
2253 4284 2665 4338 declinaverunt
2694 4294 2762 4332 ne
2792 4277 3045 4331 audirent
3080 4292 3268 4330 vocem
3301 4283 3470 4329 tuam.
3506 4291 3524 4322 ι

282 4373 398 4445 γὰρ
428 4377 475 4429 οί
511 4376 608 4445 μὲν
638 4376 978 4447 παρέϐησαν,
1016 4380 1064 4431 oi
1109 4380 1165 4431 δὲ
1197 4379 1435 4448 φύλακες
1475 4380 1720 4449 ἀκριϐεῖς
1758 4378 1850 4431 τῶι

1969 4379 2027 4433 Si
2060 4378 2203 4432 enim
2244 4375 2335 4429 alii
2379 4374 2604 4442 quidem
2642 4370 2962 4435 violassent,
2998 4369 3091 4422 alii
3135 4366 3363 4437 perfecti
3393 4366 3532 4419 fuis-

288 4467 401 4518 σῶν
427 4465 604 4535 νόμων
638 4467 905 4534 ἐγένοντο,
952 4471 1052 4522 οὐκ
1097 4470 1161 4523 ἂν
1189 4470 1291 4538 τὴν
1325 4471 1610 4541 συμφορὰν
1636 4470 1850 4540 ὑπέμει-

1968 4476 2090 4524 sent
2112 4467 2295 4535 legum
2328 4473 2543 4517 tuarum
2576 4461 2978 4522 observatores,
3006 4457 3202 4526 utique
3232 4469 3342 4509 non
3371 4455 3538 4509 susti-

286 4570 389 4606 ναν
406 4554 450 4586 θ’
481 4553 684 4616 ταύτην
707 4572 719 4585 ·
756 4556 943 4627 ἐπειδὴ
965 4557 1020 4610 δὲ
1045 4558 1194 4629 κοινὴ
1219 4558 1370 4628 παρὰ
1396 4559 1610 4612 πάντων
1633 4560 1664 4629 ἡ
1694 4576 1850 4630 παρα

1969 4556 2222 4612 nuissent
2254 4555 2397 4607 hanc
2436 4549 2800 4604 calamitatem
2831 4566 2844 4601 :
2879 4560 3004 4599 cum
3047 4559 3178 4599 vero
3229 4543 3536 4599 communis

286 4645 456 4715 νομία
480 4645 830 4717 τετόλμηται,
881 4650 1104 4714 εἰκότως
1150 4651 1314 4722 φησίν
1344 4666 1358 4682 ο
1418 4669 1438 4703 ι
1480 4651 1748 4722 Ἐπῆλοεν
1778 4653 1844 4720 ἐφ

1970 4647 2216 4702 omnium
2244 4642 2503 4712 iniquitas
2549 4640 2665 4694 haec
2708 4651 2842 4691 ausa
2872 4636 3059 4699 fuerit,
3091 4635 3288 4690 merito
3318 4634 3531 4704 inquit:

287 4736 443 4805 ἡμᾶς
471 4737 504 4805 ἡ
542 4738 775 4808 κατάρα,
806 4739 901 4792 καὶ
932 4741 960 4793 ὁ
987 4741 1147 4811 ὅρκος
1186 4744 1214 4795 ὁ
1263 4744 1649 4816 γεγραμμένος
1689 4744 1747 4797 ἐν
1787 4743 1850 4816 τᾷ

1975 4759 1994 4792 ι
2061 4738 2224 4793 Venit
2278 4749 2445 4804 super
2496 4747 2595 4787 nos
2655 4728 2971 4785 maledictio
3030 4736 3083 4781 et
3147 4726 3536 4796 jusjurandum

291 4827 446 4895 νόμῳ
466 4827 637 4896 Μωσῆ
648 4828 694 4859 ’⁸
714 4827 900 4882 δούλου
924 4830 1016 4883 τοῦ
1034 4832 1188 4896 Θεοῦ,
1212 4834 1293 4887 ὄτι
1317 4836 1349 4904 ἡ
1361 4814 1811 4905 μαρτομεναὺτῷ.

1973 4831 2238 4899 scriptum
2275 4827 2329 4880 in
2366 4826 2481 4895 lege
2521 4819 2688 4875 Mosis
2715 4818 2856 4873 servi
2889 4815 3005 4881 Dei,
3037 4815 3165 4885 quia
3191 4814 3541 4885 peccavimus

294 4920 524 4986 Ὅρκον
563 4918 618 4971 δὲ
661 4919 817 4973 καλεῖ
860 4921 951 4976 τὸν
996 4925 1054 4975 ὲν
1089 4924 1165 4994 τῷ
1197 4927 1598 4996 Δευτερονομίῳ
1631 4925 1733 4979 ὑπὸ
1772 4927 1850 4978 τοί

1973 4926 2166 4975 contra
2221 4932 2368 4971 eum.
2435 4932 2454 4966 ›
2507 4906 2900 4977 Jusjurandum
2958 4914 3140 4961 autem
3175 4913 3356 4968 vocat,
3393 4905 3541 4975 quod

292 5008 432 5063 Θεοῦ
458 5010 817 5080 γεγενημένον
836 5028 851 5043 ·
885 5032 903 5063 ι
939 5014 1082 5085 Ἀρῶ
1113 5016 1242 5086 γὰρ,
1272 5017 1456 5087 φησιν,
1488 5018 1565 5078 εἰς
1596 5016 1685 5069 τὸν
1712 5018 1845 5086 οὖρα

1976 5013 2120 5067 Deus
2148 5009 2357 5079 iuravit
2383 5008 2437 5060 in
2467 5000 2890 5058 Deuteronomio
2922 4999 3185 5069 scriptum
3213 5017 3228 5054 :
3265 5017 3285 5051 ι
3326 4996 3544 5053 Levabo

294 5101 388 5155 νὺν
415 5100 511 5171 τὴν
536 5102 695 5172 χεῖρά
729 5119 853 5173 μου,
899 5106 993 5159 καὶ
1027 5107 1263 5177 ὀμοῦμαι
1295 5111 1359 5180 τῇ
1405 5109 1555 5179 δεξιᾷ
1604 5126 1725 5178 μου,
1772 5111 1850 5160 κα¹

1977 5105 2120 5159 enim
2149 5102 2203 5155 in
2242 5099 2463 5160 malum,
2497 5093 2671 5164 inquit
2690 5101 2741 5154 μ,
2778 5105 2999 5144 manum
3043 5106 3242 5168 meam,
3269 5098 3321 5146 et
3347 5088 3545 5160 iurabo

371 5288 399 5317 ¹¹
428 5290 585 5345 Deut.
619 5307 788 5359 xuii,
817 5291 1001 5347 ατο-ιε.

1602 5451 1828 5506 VARIIE
1856 5447 2247 5504 LECTIONES.

397 5576 445 5611 ⁸⁸
469 5581 512 5630 Δ
535 5578 850 5633 ἐνοικοῦσιν.

206 5611 217 5623 ’
303 5650 345 5682 ιι
391 5648 456 5701 ιδ.
469 5611 778 5713 ’ᾗιοίἶέίέἒῖ

304 5719 347 5773 Λ
375 5727 426 5771 et
448 5717 488 5769 Β
519 5732 704 5788 primu.
738 5723 804 5773 οἱ.

1948 5586 1994 5617 ⁸ο
2040 5583 2206 5636 Δέσπ.
2244 5582 2285 5634 Β
2322 5598 2504 5647 praem.
2555 5575 2809 5651 φησὶνῶ,
2838 5577 3043 5651 omisso
3073 5565 3545 5651 gqoiv_anlc_t:l7fé.

957 5584 1000 5615 δ’
1038 5586 1235 5639 αὐτῶν.
1272 5586 1343 5639 Ex
1399 5586 1439 5639 Α
1485 5596 1539 5640 et
1600 5588 1638 5638 Β
1670 5587 1849 5655 suppl.
1948 5586 1994 5617 °°
2040 5584 2206 5636 Δέσπ.
2244 5584 2285 5634 Β
2322 5598 2504 5647 praem.
2555 5584 2717 5651 φησιν
2741 5584 2806 5644 ὼ,
2838 5584 3043 5633 omisso
3073 5584 3233 5647 qnam
3264 5584 3389 5622 ante
3418 5584 3545 5619 οπο.

958 5652 995 5705 Β
1027 5672 1114 5708 σπ.
1163 5656 1318 5720 ἡμῶν
1350 5657 1681 5720 δρεπόμεθα.
1786 5657 1831 5686 ⁸³
1854 5656 1959 5709 τόν.
2002 5656 2043 5706 Β
2094 5668 2278 5720 praem.
2312 5652 2398 5720 δή.
2497 5653 2541 5684 ³⁸
2572 5652 2613 5705 Α
2649 5649 2737 5720 Τῷ
2779 5648 2964 5719 Κυρίῳ
2991 5645 3108 5713 Θεῷ
3136 5637 3312 5713 ήμῶν.
3403 5635 3446 5666 ’³
3476 5635 3548 5689 ιλ.

1027 5672 1114 5708 σπ.
1163 5656 1318 5724 ἡμῶν
1350 5657 1681 5726 δρεπόμεθα.
1741 5652 1753 5655 ’
1780 5652 1831 5686 ⁷⁸³
1854 5656 1959 5709 τόν.
2002 5656 2043 5706 Β
2070 5668 2278 5726 praem.
2302 5652 2398 5726 of}.

901 5723 944 5752 ’⁵
978 5723 1014 5775 Β
1046 5723 1276 5795 πρῶτος.
1379 5723 1419 5757 ‘7
1453 5729 1490 5777 Β
1525 5723 1914 5797 ὖττεμεξναμεν.
1990 5726 2033 5756 ’⁸
2065 5723 2349 5792 ΒΜωῦτῆ.
