3912 6206
459 299 598 362 14153

1476 304 1959 367 THEODORETI
1989 307 2326 368 EPISCOPI
2355 305 2718 370 CYRENSIS

3553 304 3673 371 IISI

457 411 682 465 dextera
719 423 859 473 mea,
885 415 938 462 et
964 408 1143 464 dicam
1172 427 1186 465 :
1212 408 1351 466 Vivo
1380 425 1482 481 ego
1514 413 1568 467 in
1590 423 1876 478 aternum,
1905 417 2028 486 quia

2138 417 2246 488 ἐρῶ
2273 435 2284 444 '
2317 416 2401 470 Ζῶ
2429 415 2538 484 ἐγὼ
2565 417 2643 479 εἰς
2667 415 2756 468 τὸν
2783 396 2972 477 αἰῶνα,
2995 413 3074 467 ὅτι
3103 410 3388 482 παροξυνῶ
3410 412 3479 479 ὡς
3499 415 3675 492 ἀστρα-

457 520 644 560 aruam
691 513 749 556 ut
789 500 975 572 fulgur
1015 501 1257 571 gladium
1306 519 1508 568 meum,
1538 513 1591 558 et
1627 506 1854 576 arripiet
1881 506 2035 577 judi-

457 592 606 648 dium
637 607 833 647 manus
864 605 1003 657 mea,
1041 592 1252 662 1233
1290 600 1344 648 et
1379 594 1691 661 vindicabo,
1718 606 1774 652 et
1809 599 2032 654 reddam

459 685 720 738 ultionem
781 683 1033 740 hostibus
1069 686 1226 748 meis,
1259 693 1314 740 et
1367 685 1685 743 odientibus
1729 703 1816 745 me
1872 689 2035 744 retri—

456 778 616 830 buam
647 792 660 828 :
690 773 975 830 inebriabo
1017 776 1252 847 sagittas
1287 793 1438 833 meas
1491 779 1791 848 sanguine,
1824 787 1879 835 et
1921 781 2034 850 gla-

456 866 580 920 dius
619 879 775 920 meus
806 865 1091 922 devorabit
1124 882 1342 933 carnes,
1387 869 1798 943 (inebriabitur)
1835 887 2034 928 cruore

453 959 870 1014 vulneratorum
898 969 954 1015 et
991 961 1362 1031 captivorum,
1397 961 1526 1019 inde
1551 978 1582 1017 a
1607 964 1790 1034 capite
1823 965 2029 1034 princi—

455 1065 584 1120 pum
607 1051 852 1122 gentium
881 1091 896 1106 .
927 1070 946 1103 ι
986 1051 1052 1106 Et
1076 1052 1240 1123 paulo
1280 1061 1408 1109 ante
1433 1053 1549 1109 hac
1584 1056 1748 1111 verba
1769 1095 1784 1122 ,
1808 1058 1888 1111 sic
1910 1057 1983 1112 ait
2017 1076 2028 1112 :

439 1132 481 1193 ’‹
517 1141 677 1197 Dixi:
713 1144 1023 1213 Dispergam
1084 1159 1202 1209 eos,
1244 1159 1466 1201 cessare
1531 1145 1725 1202 faciam
1756 1163 1823 1202 ex
1853 1148 2032 1203 homi-

455 1231 620 1287 nibus
651 1233 974 1288 memoriam
1010 1249 1200 1290 eorum
1225 1244 1272 1290 ο.
1302 1238 1319 1256 ¹
1364 1255 1384 1288 ι
1423 1236 1856 1294 Maledictionetn
1905 1254 2034 1294 vero

455 1339 574 1378 eam
608 1325 762 1390 dicit,
793 1341 914 1396 quae
962 1342 995 1380 a
1033 1333 1129 1383 sex
1177 1329 1434 1384 tribubus
1466 1329 1610 1384 facta
1639 1338 1725 1385 est
1759 1330 1816 1384 in
1848 1340 2035 1387 monte

456 1415 649 1471 Gebal.
686 1415 821 1471 Illud
865 1417 1050 1488 itaque
1085 1418 1503 1490 jusjurandum,
1541 1421 1742 1491 inquit,
1773 1429 1830 1476 et
1868 1423 2036 1478 male-

455 1507 648 1575 dictio,
683 1524 804 1580 quaa
834 1509 980 1566 facta
1011 1519 1095 1567 est
1129 1511 1188 1572 in
1241 1512 1358 1583 lege
1391 1511 1578 1576 lllosis,
1633 1512 1690 1566 in
1725 1511 1884 1567 nobis
1934 1527 2034 1568 ex-

457 1604 594 1657 itum
633 1603 832 1658 sortita
856 1611 960 1660 est.

535 1693 702 1751 Vens.
734 1696 820 1752 12.
867 1715 886 1748 ι
917 1695 984 1749 Et
1018 1696 1215 1750 statuit
1250 1711 1536 1752 sermones
1583 1711 1736 1762 suos,
1779 1711 1917 1766 quos
1949 1696 2035 1750 lo-

2137 509 2244 580 πὴν
2279 509 2376 577 τὴν
2421 506 2694 578 μάχαιράν
2731 523 2856 576 μου,
2903 505 2997 559 καὶ
3050 505 3330 570 ἀνθέξεται
3376 510 3676 586 κρίματοςή

2135 601 2258 672 χείρ
2295 617 2415 671 μου,
2443 601 2537 653 καὶ
2565 599 2858 669 ἐκδικήσω,
2905 598 2997 651 κα¹ι
3024 597 3388 651 ἀνταποδώσω
3419 599 3562 670 δίκην
3586 609 3680 669 τοῖς

2134 691 2351 763 ἐχθροῖς
2403 708 2535 762 μου,
2585 690 2680 743 καὶ
2737 692 2849 752 τοῖς
2911 688 3127 760 μισοῦσί
3181 707 3251 759 με
3307 690 3681 748 ἀνταποδώσω⁸

2139 784 2357 855 μεθύσω
2395 785 2461 837 τὰ
2494 783 2622 854 βέλη
2675 801 2774 854 μου
2822 784 2914 851 ἀφ’
2949 781 3199 852 αἵματος,
3246 781 3342 836 καὶ
3387 785 3420 854 ὴ
3468 784 3686 856 μάχαιρά

2138 894 2239 947 μου
2294 877 2526 946 φάγεται
2579 875 2714 946 κρέα
2767 875 2859 944 ἀφ’
2907 875 3138 944 αἵματος
3181 876 3562 944 τραυματιῶν,
3607 879 3686 930 καὶ

2135 969 2535 1040 αἰχμαλωσίας,
2585 968 2694 1022 ἀπὸ
2720 967 2965 1037 κεφαλῆς
2998 965 3278 1036 ἀρχόντων
3307 967 3493 1022 ἐθνῶν.
3527 987 3545 1019 ι
3592 970 3686 1022 Καὶ

2139 1059 2332 1130 μικρὸν
2389 1057 2494 1130 πρὸ
2543 1061 2746 1113 τούτων
2801 1058 3064 1130 φησίν⁹⁹’
3120 1076 3138 1108 ι
3170 1053 3380 1110 Εἶπον·
3431 1061 3686 1130 Διασπερῶ

2135 1149 2354 1212 αὐτοὺς,
2390 1147 2582 1202 παύσω
2609 1149 2665 1203 δὲ
2685 1150 2700 1179 ¹
2738 1149 2799 1214 ἐξ
2827 1146 3130 1217 ἀνθρώπων
3152 1147 3214 1200 τὸ
3247 1149 3581 1218 μνημόσυνον
3606 1149 3687 1202 αὑ-

2134 1238 2264 1293 τῶν.
2303 1259 2321 1291 ι
2363 1239 2473 1310 Τὴν
2504 1240 2561 1294 δὲ
2588 1239 2855 1311 κατάραν,
2891 1240 2990 1312 τὴν
3023 1240 3127 1294 ὑπὸ
3154 1240 3265 1293 τῶν
3295 1239 3356 1304 ἒξ
3389 1241 3578 1310 φυλῶν,
3606 1241 3687 1312 τὴν

2135 1331 2194 1383 ὲν
2240 1330 2318 1402 τῷ
2364 1331 2476 1403 ὄρει
2509 1331 2586 1402 τῷ
2634 1331 2803 1385 Γεϐὰλ
2853 1335 3227 1404 γεγενημένην
3271 1334 3438 1401 λέγει.
3485 1335 3688 1399 Ἐκεῖνος

2137 1424 2333 1488 τοίνυν,
2364 1424 2548 1493 φησὶν,
2587 1424 2616 1476 6
2644 1426 2826 1494 ὅρκος,
2866 1427 2959 1478 καὶ
2987 1427 3018 1493 ἠ
3052 1425 3271 1494 κατάρα
3305 1427 3338 1494 ἡ
3374 1427 3430 1478 ὲν
3465 1426 3539 1496 τῷ
3562 1427 3687 1498 νόμῳ

2134 1514 2381 1577 Μωσέως
2410 1515 2774 1586 γεγενημένη,
2807 1516 2982 1587 πέρας
3015 1515 3212 1570 ἔλαϐεν
3239 1518 3326 1584 ἐφ’
3364 1516 3537 1586 ἡμῶν.

2212 1689 2298 1760 ιβ’.
2344 1709 2363 1741 ι
2392 1690 2503 1744 Καὶ
2529 1688 2728 1758 ἔστησε.
2748 1692 2872 1754 τοὺς
2899 1689 3092 1759 λόγους
3125 1688 3318 1752 αὑτοῦ,
3349 1687 3441 1752 οὓς
3464 1689 3687 1761 ἐλάλησεν

458 1794 620 1843 cutus
655 1796 742 1842 est
769 1803 936 1858 super
967 1803 1091 1852 nos,
1119 1798 1172 1843 et
1219 1803 1386 1858 super
1427 1788 1645 1858 judices
1693 1798 1939 1855 nostros,
1981 1796 2028 1844 et

2139 1782 2261 1848 ὲφ’¹
2313 1781 2480 1851 ἡμᾶς,
2530 1780 2624 1832 καὶ
2663 1779 2756 1832 ἐπὶ
2794 1781 2919 1844 τοὺς
2962 1781 3156 1852 κριτὰς
3202 1779 3384 1850 ἡμῶν.
3429 1781 3514 1834 καὶ
3557 1781 3687 1834 ὃσοι³

457 1878 777 1948 quicunque
800 1878 1124 1948 judicarunt
1153 1894 1275 1945 nos,
1309 1885 1369 1933 ut
1401 1879 1698 1935 adduceret
1734 1896 1903 1951 super
1931 1895 2033 1936 nos

458 1970 602 2024 mala
632 1985 848 2040 magna.
890 1989 910 2021 ι
948 1972 1014 2025 Ει
1043 1971 1314 2025 malorum
1357 1972 1659 2028 ostendens
1697 1987 2035 2042 exsuperan-

461 2060 623 2128 tiam,
652 2080 672 2114 ι
713 2061 928 2129 Qualia,
961 2063 1161 2132 inquit,
1195 2077 1306 2117 non
1352 2061 1507 2118 fuere
1540 2063 1646 2118 sub
1683 2063 1834 2117 omni
1867 2065 2032 2131 cmlo,

458 2155 765 2211 secundum
797 2170 859 2212 ea
901 2172 1023 2227 qua:
1082 2155 1230 2210 facta
1273 2164 1402 2210 sunt
1451 2156 1505 2210 in
1553 2156 1949 2229 Hierosolyma.
2008 2177 2029 2212 ι

455 2245 646 2316 Neque
677 2248 824 2303 enim
881 2248 1126 2313 invenio,
1158 2249 1356 2319 inquit,
1391 2255 1708 2303 nostrorum
1763 2255 2032 2304 malorum

457 2341 789 2410 exemplum.
853 2339 1060 2396 Deinde
1117 2341 1323 2397 docens
1373 2339 1573 2396 divinae
1652 2340 2033 2408 praedictionis

458 2433 748 2490 veritatem
777 2452 790 2489 :

532 2521 702 2579 Vens.
736 2524 822 2578 15.
853 2523 1075 2589 μείονι
1106 2525 1373 2596 scriptum
1409 2536 1526 2594 est,
1578 2529 1778 2599 inquit,
1814 2528 1868 2582 in
1917 2527 2035 2596 lege

459 2612 648 2670 Mosis.
682 2634 700 2667 ι
731 2615 792 2669 Ει
814 2616 1080 2686 supplicia
1103 2617 1254 2687 justa
1277 2633 1401 2674 esse
1422 2620 1742 2675 declarans:
1771 2640 1789 2673 ι
1814 2619 2032 2680 Omnia,

459 2708 662 2777 inquit,
704 2709 848 2762 mala
895 2717 1166 2764 venerunt
1221 2726 1388 2780 super
1420 2727 1552 2776 nos,
1607 2728 1706 2768 nec
1755 2709 2032 2781 deprecati

457 2814 651 2855 sumus
700 2797 895 2854 faciem
928 2800 1144 2855 Domini
1176 2801 1271 2856 Dei
1306 2805 1505 2866 nostri.
1541 2813 1601 2857 ut
1651 2805 2032 2859 recederemus

457 2891 526 2946 ab
558 2891 941 2960 iniquitatibus
969 2895 1198 2959 nostris,
1237 2902 1291 2949 et
1329 2895 1764 2965 intelligeremus
1796 2895 1850 2947 in
1881 2892 2031 2946 omni

455 2982 688 3038 veritate
724 2993 840 3051 tua,
873 2984 1117 3039 Domine.
1159 3003 1183 3036 ι
1218 2984 1403 3054 Neque
1432 2987 1577 3041 enim
1607 2995 1683 3041 tot
1729 3001 1793 3040 ac
1827 2985 2030 3038 talibus

460 3075 622 3130 nobis
657 3076 824 3132 illatis
857 3077 1263 3134 calamitatibus
1292 3079 1618 3150 resipiscere
1647 3077 1942 3138 voluimus,
1976 3082 2030 3130 et

457 3184 486 3223 a
520 3171 751 3240 pristina
786 3171 1077 3239 iniquitate
1113 3171 1450 3238 desciscere,
1500 3172 1792 3242 legumque
1837 3169 2029 3226 obser-

456 3267 678 3321 vatione
709 3264 815 3320 tibi.
837 3266 1045 3320 cultum
1075 3265 1354 3320 exhibere.
1387 3264 1640 3319 Idcirco:

525 3438 689 3494 Vens.
739 3441 819 3494 l4.
867 3459 884 3491 ι
951 3438 1241 3510 Vigilavit,
1302 3439 1502 3510 inquit,
1563 3436 1826 3492 Dominus
1883 3435 2029 3494 Deus

460 3528 674 3601 1234
708 3539 1091 3600 noster-super
1128 3529 1393 3583 malitiam
1432 3538 1699 3592 nostram,
1727 3534 1781 3582 et
1804 3527 2028 3583 adduxit

453 3636 574 3674 eam
629 3636 796 3690 super
832 3637 954 3676 nos.
1022 3639 1040 3672 ι
1099 3619 1266 3686 Quasi
1305 3619 1450 3673 enim
1503 3633 1738 3673 excusso
1793 3618 2026 3688 quodam

455 3726 570 3766 suae
615 3713 843 3767 diutina:
891 3713 1131 3768 lenitatis
1165 3726 1378 3775 somno,
1423 3725 1614 3780 poenas
1661 3711 1728 3766 iis
1776 3726 1898 3781 qua:
1931 3710 2026 3764 ad-

454 3801 891 3864 ministravimus
915 3802 1110 3871 dignas
1133 3803 1292 3856 nobis
1321 3800 1532 3854 inﬂixit.
1575 3801 1711 3867 Quia
1739 3797 1757 3852 ε
1781 3811 2026 3865 sanctus,

455 3890 656 3960 inquit,
685 3891 955 3948 Dominus
986 3895 1130 3949 Deus
1184 3901 1409 3958 noster,
1443 3893 1497 3947 in
1543 3893 1690 3946 omni
1726 3893 1820 3947 illo
1880 3893 2026 3962 quod

454 3978 602 4043 fecit,
639 3984 770 4050 quia
805 3997 912 4035 non
945 3983 1257 4037 audivimus
1286 3997 1474 4038 vocem
1507 3982 1645 4051 ejus.
1691 3999 1710 4033 ι
1743 3981 1862 4051 Ipse
1882 3983 2026 4035 cnim

452 4072 721 4129 innocens
747 4085 851 4139 est,
895 4075 1097 4145 inquit,
1132 4083 1188 4129 et
1235 4075 1386 4128 nulla
1417 4075 1489 4128 ob
1517 4089 1578 4128 ea
1609 4089 1732 4144 quae
1763 4072 1892 4128 fecit
1941 4089 2024 4127 rev

453 4161 823 4231 prehensione
873 4163 1114 4234 dignus:
1170 4179 1269 4218 nos
1301 4173 1483 4217 autem
1524 4163 1788 4232 impietati
1816 4172 1870 4218 et
1922 4164 2025 4216 im-

451 4252 715 4320 probitati
745 4253 950 4309 addicti
984 4253 1313 4324 supplicium
1347 4253 1401 4305 in
1436 4267 1536 4305 nos
1564 4253 1916 4305 attraximus.
1948 4249 2023 4302 Ita

452 4353 674 4413 peracta
704 4346 971 4402 scelerum
1005 4344 1382 4406 accusatione,
1415 4344 1488 4398 de
1516 4344 1727 4413 reliquo
1755 4343 2027 4412 supplicat

447 4442 504 4489 et
545 4435 888 4490 clementiam
931 4435 1206 4504 implorat.

525 4525 684 4582 Vens.
720 4530 808 4591 15,
839 4527 924 4581 16.
960 4547 978 4578 ‹
1027 4527 1090 4579 Et
1140 4542 1308 4592 nunc,
1347 4526 1575 4582 Domine
1614 4525 1755 4580 Deus
1787 4534 1976 4579 noster
2005 4566 2020 4591 ,

445 4618 539 4691 qui
595 4620 834 4674 eduxisti
889 4621 1148 4689 populum
1201 4628 1355 4674 tuum
1396 4635 1427 4673 e
1487 4629 1632 4674 terra
1689 4616 1913 4689 IEgypti
1964 4619 2020 4672 in

449 4725 612 4763 manu
664 4709 813 4774 forti,
848 4718 902 4764 et
937 4710 1114 4765 lecisti
1167 4711 1266 4766 tibi
1314 4711 1418 4781 ipsi
1469 4725 1689 4774 nomen,
1754 4711 1903 4764 sicut
1937 4718 2023 4764 est

447 4802 566 4855 dies
597 4802 705 4864 hic,
737 4801 1108 4870 peccavimus,
1142 4803 1342 4872 inique'
1362 4802 1572 4868 egimus
1601 4821 1612 4856 :
1647 4801 1904 4867 Domine;
1921 4816 2022 4872 pro

447 4892 597 4944 omni
659 4892 1037 4947 misericordia
1079 4904 1174 4948 tua
1235 4902 1535 4960 avertatur,
1587 4909 1795 4963 quaeso,
1863 4893 2020 4948 furor

449 4993 574 5037 tuus
599 4999 628 5036 a
651 4984 875 5038 civitate
901 4995 992 5040 tua
1018 4985 1416 5057 Hierosolyma.
1443 4995 1630 5042 monte
1652 4997 1843 5040 sanelo
1865 4995 1979 5042 tuo.
1995 5006 2012 5038 ι

448 5077 688 5133 Pristiua
739 5088 1136 5134 commemorat
1184 5079 1470 5144 beneﬁcia,
1524 5090 1582 5133 ut
1644 5079 1794 5149 grati
1847 5077 2016 5133 animi

520 5271 545 5299 ο
575 5258 729 5316 Deut.
767 5273 936 5323 xxxii,
957 5256 1049 5315 9.6.

2138 1874 2359 1944 ἔκριναν
2386 1873 2554 1943 ἡμᾶς,
2588 1872 2921 1942 ὲπαγαγεῖνδ
2949 1873 3033 1943 ἐφ’
3071 1875 3222 1943 ἡμᾶς
3258 1872 3406 1926 κακὰ
3441 1871 3683 1942 μεγάλα.»

2136 1967 2247 2021 Kal
2267 1965 2478 2028 δεικνῢς
2500 1965 2598 2035 τὴν
2617 1963 2725 2016 τῶν
2749 1964 2934 2018 κακῶν
2953 1963 3285 2036 ὑπερϐολὴν,
3329 1983 3349 2016 ι
3389 1958 3504 2029 Οἷα,
3532 1963 3684 2032 φησὶν,

2134 2058 2195 2113 οὑ
2242 2057 2463 2128 γέγονεν
2512 2056 2770 2109 ὑποκάτω
2818 2058 3018 2120 παντὸς
3063 2055 3159 2109 τοῦ
3207 2055 3441 2127 ούρανοῦ
3472 2053 3598 2107 κατὰ
3633 2054 3687 2106 τὰ

2134 2151 2400 2220 γενόμενα
2429 2151 2485 2202 ὲν
2531 2149 2908 2220 Ἰερουσαλήμ.
2949 2167 2966 2198 ι
3019 2149 3093 2202 Οὐ
3122 2147 3237 2218 γὰρ
3268 2147 3522 2217 εὑρίσκω,
3558 2145 3684 2216 φησὶ,

2135 2241 2488 2311 παράδειγμα
2535 2241 2642 2293 τῶν
2691 2241 2977 2311 ἡμετέρων
3023 2240 3235 2291 κακῶν.
3282 2234 3416 2292 Εἶτα
3455 2237 3687 2291 διδάσκων

2134 2332 2232 2402 τῆς
2272 2331 2420 2395 θείας
2455 2332 2815 2402 προρρήσεως
2846 2329 2906 2382 τὸ
2939 2329 3205 2398 ἀψευδές·

2205 2510 2296 2576 ιγ’.
2343 2525 2360 2559 ι
2400 2505 2620 2571 Καθὼς,
2662 2505 2816 2575 φησὶ,
2853 2505 3166 2573 γέγραπται
3205 2506 3264 2557 ἐν
3307 2503 3385 2573 τῷ
3417 2503 3561 2574 νόμῳ
3583 2503 3686 2555 Μω-

2136 2595 2292 2658 σέως.
2335 2613 2354 2645 ι
2410 2594 2517 2647 Καὶ
2561 2595 2660 2664 τῆς
2705 2593 2981 2664 τιμωρίας
3035 2593 3324 2662 ἐμφαίνων
3371 2591 3432 2644 τὸ
3473 2592 3682 2652 δίκαιον,

2140 2707 2158 2739 ι
2191 2687 2394 2749 Πάντα,
2446 2686 2601 2754 φησὶ,
2635 2685 2704 2738 τὰ
2749 2685 2895 2738 κακὰ
2936 2679 3099 2754 ἦλθεν
3144 2685 3234 2752 ἐφ’
3275 2684 3441 2753 ἡμᾶς,
3490 2683 3573 2734 καὶ
3603 2680 3684 2731 οὐκ

2134 2780 2431 2850 ἐδεήθημεν
2470 2777 2565 2830 τοῦ
2614 2775 2908 2846 προσώπου
2972 2775 3181 2846 Κυρίου
3236 2774 3332 2828 τοῦ
3366 2773 3494 2826 Θεοῦ
3532 2769 3681 2842 ἡμῶν,

2134 2867 2471 2938 ἀποστρέψαι
2495 2867 2603 2920 ἀπὸ
2638 2865 2745 2919 τῶν
2767 2865 2990 2920 ἀδικιῶν
3025 2867 3056 2935 ἡ
3067 2865 3207 2935 μῶν,
3243 2865 3337 2916 καὶ
3361 2863 3452 2916 τοῦ
3482 2861 3684 2915 συνιέναι

2133 2962 2190 3013 ὲν
2223 2962 2370 3030 πάσῃ
2401 2959 2626 3029 ἀληθείᾳ
2659 2975 2775 3021 σου,
2812 2957 3004 3028 Κύριε.
3044 2977 3062 3007 ι
3105 2957 3243 3010 osse
3275 2959 3384 3026 γὰρ
3414 2954 3514 3008 τῶν
3536 2951 3684 3006 τοσού-

2132 3068 2239 3105 των
2269 3053 2399 3122 ἡμῖν
2433 3051 2528 3104 καὶ
2566 3049 2903 3116 τηλικούτων
2949 3047 3354 3116 ἐπενεχθεισῶν
3403 3045 3682 3116 συμφορῶν,

2057 3137 2099 3194 C
2136 3142 2467 3214 μεταμελείᾳ
2498 3141 2804 3212 χρήσασθαι
2830 3139 3241 3212 ἠϐουλήθημεν,
3285 3141 3380 3194 καὶ
3411 3136 3683 3192 παύσασθαι

2136 3235 2233 3304 μὲν
2262 3234 2361 3303 τῆς
2397 3235 2667 3306 προτέρας
2696 3233 3065 3304 παρανομίας,
3101 3232 3444 3304 θεραπεῦσαι
3471 3231 3524 3284 δέ
3552 3247 3602 3281 σε
3628 3229 3680 3298 τῇ

2133 3326 2347 3398 φυλακῇ
2375 3327 2483 3378 τῶν
2510 3326 2711 3396 νόμων.
2757 3325 2848 3378 Διὸ
2878 3342 3041 3396 φησιν
3062 3340 3076 3354 °

2206 3417 2287 3471 t6'.
2336 3435 2355 3468 ι
2397 3416 2774 3488 Ἐγρηγόρησε
2808 3417 3013 3484 Κύριος
3064 3416 3092 3468 6
3127 3414 3266 3479 Θεὸς
3312 3413 3468 3485 ἡμῶν
3495 3412 3575 3466 ἐπὶ
3604 3410 3683 3479 τὴν

2130 3509 2328 3563 κακίαν
2356 3509 2532 3579 ἡμῶν,
2561 3509 2655 3562 καὶ
2676 3509 2883 3578 ἤγαγεν
2907 3507 3111 3579 αὐτὶ-ινδ
3137 3508 3226 3577 ἐφ’
3259 3509 3425 3578 ἡμᾶς.
3456 3527 3474 3560 ›
3505 3507 3682 3572 Ὥσπερ

2128 3603 2238 3674 γάρ
2263 3620 2386 3656 τινα
2412 3601 2580 3655 ὕπνον
2604 3601 2702 3672 τὴν
2733 3600 3116 3672 μακροθυμίαν
3135 3602 3580 3670 ἀποσεισάμενος,
3603 3597 3682 3664 τὴν

2129 3692 2285 3758 ἀξίαν
2313 3693 2420 3746 τῶν
2455 3691 2933 3761 πεπολιτευμένων
2962 3693 3095 3762 ἡμῖν
3129 3692 3380 3762 ἐπήγαγε
3410 3686 3678 3758 τιμωρίαν’

2129 3783 2211 3837 ὅτι
2242 3785 2431 3853 ’Ἀγιος
2449 3785 2490 3846 ⁸,
2539 3784 2694 3855 φησὶ,
2745 3784 2950 3854 Κύριος
2983 3784 3010 3835 ὁ
3040 3781 3173 3845 Θεὸς
3223 3783 3381 3852 ήμῶν
3411 3780 3498 3833 ἐπὶ
3530 3778 3680 3830 πᾶσαν

2127 3873 2225 3944 τὴν
2260 3876 2478 3945 ποίησιν
2527 3873 2690 3928 αὑτοῦ
2722 3875 2787 3944 ἣν
2820 3873 3066 3945 ἐποίησε,
3109 3873 3248 3927 διότι
3276 3874 3296 3903 ⁷
3330 3873 3430 3924 οὑκ
3457 3864 3679 3938 εἰσηκού-

2131 3985 2304 4037 σαμεν
2333 3971 2432 4035 τῆς
2478 3967 2664 4036 φωνῆς
2709 3963 2898 4021 αὑτοῦ.
2946 3985 2964 4018 ι
3013 3966 3190 4029 Αὐτὸς
3222 3965 3322 4037 μὲν
3355 3964 3481 4035 γὰρ,
3522 3959 3676 4030 φησὶν,

2127 4065 2301 4128 άθῶός
2340 4065 2480 4128 ἐστι,
2526 4064 2617 4117 καὶ
2645 4062 2910 4131 οὐδεμιᾶς
2941 4061 3205 4132 μέμψεως
3232 4060 3318 4129 ἐφ’
3343 4054 3420 4122 οἷς
3457 4055 3677 4123 ἐποίησεν

2129 4158 2274 4225 ἄξιος
2293 4176 2308 4190 ο
2347 4161 2505 4230 ἡμεῖς
2531 4158 2588 4212 δὲ
2617 4157 2910 4228 δυσσεϐείᾳ
2946 4157 3040 4210 καὶ
3070 4154 3346 4225 πονηρίᾳ¹¹
3380 4149 3676 4219 συζήσαντες

2125 4250 2225 4320 τὴν
2245 4251 2511 4321 τιμωρίαν
2542 4246 2997 4319 ἐπεσπασάμεθα.
3031 4245 3187 4299 Οὕτω
3225 4245 3332 4314 τῆς
3361 4237 3670 4313 παρανομίας

2127 4341 2223 4413 τὴν
2246 4342 2576 4414 κατηγορίαν
2602 4341 2990 4411 ποιησάμενος,
3023 4337 3256 4392 ἱκετεύει
3287 4335 3468 4389 λοιπὸν
3489 4331 3574 4386 καὶ
3592 4329 3672 4392 τὴν

2054 4475 2096 4530 D
2129 4434 2542 4505 φιλανθρωπίαν
2587 4435 2751 4487 αἰτεῖ.

2202 4531 2281 4588 ιε’,
2307 4524 2401 4589 ις’.
2452 4543 2470 4576 ι
2501 4525 2609 4578 Καὶ
2636 4523 2750 4585 νῦν,
2776 4522 2948 4594 Κύριε
2980 4523 3008 4574 6
3043 4521 3172 4583 Θεὸς
3205 4519 3382 4591 ἡμῶν,
3419 4517 3474 4578 ὃς
3501 4513 3668 4582 ἐξήγα-

2127 4633 2222 4684 γες
2243 4616 2336 4669 τὸν
2361 4615 2488 4668 λαόν
2534 4633 2628 4668 σου
2683 4617 2747 4668 ἐκ
2785 4615 2925 4684 γῆς⁹
2974 4612 3250 4681 Αἰγύπτου
3286 4613 3344 4662 ἐν
3381 4607 3517 4678 χειρὶ
3554 4619 3668 4673 κρα-

2127 4707 2274 4776 ταιᾷ,
2301 4705 2391 4759 καὶ
2410 4705 2671 4775 ἐποίησας
2703 4703 2911 4773 σεαυτῷ
2940 4703 3133 4771 δνομα,
3165 4703 3239 4765 ὡς
3270 4703 3303 4771 ἡ
3337 4701 3508 4770 ἡμέρα
3529 4693 3664 4760 αὕτη»

2127 4800 2465 4870 ἡμάρτομεν,
2495 4799 2846 4867 ὴνομήσαμεν
2867 4797 2909 4827 ¹⁰
2930 4812 2942 4826 ⁸
2988 4795 3183 4864 Κύριε,
3219 4795 3275 4845 ὲν
3302 4793 3446 4860 πάσῃ
3471 4789 3666 4856 ἐλεημο-

2129 4891 2259 4962 σύνῃ
2305 4907 2398 4944 σου
2432 4889 2837 4958 ἁποστραφήτω
2871 4886 2932 4958 δὴ
2967 4890 2995 4940 6
3035 4887 3202 4956 θυμός
3238 4902 3329 4938 σου
3363 4884 3400 4914 ¹¹
3444 4879 3544 4936 ἀπὸ
3580 4875 3662 4943 τῆς

2129 4980 2336 5044 πόλεώς
2369 4997 2460 5033 σου
2496 4979 2870 5050 Ἰερουσαλὴμ,
2899 4979 3059 5048 ὅρους
3093 4977 3244 5045 ἁγίου
3273 4992 3383 5027 σου.
3419 4992 3436 5024 ι
3472 4972 3663 5035 Ἀναμι-

2131 5077 2363 5147 μνήσκει
2389 5073 2496 5126 τῶν
2522 5074 2802 5146 προτέρων
2834 5073 3184 5144 εὐεργεσιῶν,
3217 5074 3279 5142 τῇ
3307 5063 3660 5137 εὐγνωμοσύνῃ

1752 5408 1981 5466 VARle
2018 5409 2417 5467 LECTIONES.

520 5582 567 5618 θ’
592 5577 633 5632 Β
661 5575 808 5644 clm,
841 5579 993 5648 φησί.
1075 5581 1094 5613 ε
1124 5579 1271 5649 Βδή.

450 5650 607 5706 αὑτά.
685 5650 831 5716 ⁸·ἆγ.
863 5647 911 5704 Α
931 5650 1157 5712 δίκαιος,
1185 5647 1336 5718 juxta
1361 5647 1526 5703 Hebr.

447 5721 571 5796 τλῆς.

1370 5578 1390 5608 ³
1425 5575 1528 5642 ἐφ’.
1559 5575 1601 5629 Β
1627 5577 1784 5642 πρός.

1746 5593 1784 5638 ς.
1899 5576 1920 5608 ³
1949 5577 2030 5629 ὅσ.
2055 5577 2098 5629 Α
2131 5574 2200 5627 οἵ.

1617 5646 1637 5677 ⁷
1665 5645 1817 5699 διότι.
1853 5646 1896 5700 Α
1933 5645 2044 5699 καί.

667 5720 708 5754 '°
733 5715 818 5794 ην.
847 5723 890 5774 Δ
919 5719 1042 5775 add.
1072 5715 1425 5792 ἠδικήσαμεν.
1506 5717 1545 5748 ¹¹
1578 5731 1688 5770 σου.
1713 5716 1758 5767 Α
1784 5715 1907 5770 add.
1936 5716 2028 5769 καὶ
2059 5716 2090 5785 ἡ
2119 5715 2254 5785 ὀργὴ
2286 5730 2396 5766 σου.

2302 5572 2324 5604 ⁸
2356 5574 2399 5626 Α
2428 5573 2671 5641 ἐπάγειν.
2703 5574 2743 5625 Β
2774 5574 2865 5624 καὶ
2891 5571 3187 5642 ἐπήγαγεν.
3209 5639 3244 5642 _
3264 5569 3312 5642 __'
3343 5565 3385 5619 Δ
3403 5561 3649 5642 ὲπήγέτξν

2147 5644 2169 5676 ⁸
2203 5644 2246 5696 Β
2272 5643 2504 5714 πονηρίᾳ
2528 5627 2618 5696 καὶ
2647 5643 2890 5712 ἀσεϐείᾳ.
2984 5627 3021 5670 ’θ’
3045 5627 3168 5710 γῆς.
3208 5638 3340 5693 Edit.
3375 5627 3510 5706 prior
3535 5627 3651 5681 hab.
