3912 6206
250 337 380 406 1465

1496 342 1581 403 ΙΝ
1615 342 1978 404 DANIELIS
2012 345 2172 407 CAP.
2213 346 2318 408 IX.

3363 340 3503 405 1466

247 449 339 516 τῆς
392 446 618 520 μνήμης
669 445 762 500 τὸν
824 445 973 499 ἔλεον
1023 444 1445 517 ἐπισπώμενος.
1502 448 1596 501 καί
1646 466 1815 519 φησιπ

1935 452 2358 519 significatione,
2384 452 2513 508 dum
2548 466 2611 508 ea
2643 466 2704 508 se
2726 448 2985 508 memoria
3021 455 3206 505 tenere
3239 448 3498 512 ostendit,

258 539 464 612 Ῥᾴδιόν
512 555 618 602 σοι,
668 537 936 602 Δέσποτα,
981 537 1080 607 τὴν
1134 537 1448 609 ἐλευθερίαν
1488 539 1620 609 ἡμῖν
1664 540 1820 611 χαρί-

247 630 441 685 σασθαι
461 646 476 661 ο
525 630 622 683 καὶ
648 630 758 700 γὰρ
787 628 890 698 ήδη
934 627 1400 700 θαυματουργίαις
1431 628 1678 700 μυρίαις,
1726 631 1821 685 καὶ

243 720 535 792 τιμωρίαις
582 721 726 774 κατά
776 718 885 772 τῶν
927 720 1243 786 Αἰγυπτίων
1288 721 1671 791 χρησάμενος,
1718 721 1821 792 τῆς

244 815 449 886 πικρᾶς
474 812 725 877 δουλείας
748 812 967 883 ἐκείνης
1004 811 1096 865 τὸν
1127 811 1219 865 σὺν
1254 811 1384 866 λαδν
1413 812 1817 885 ἠλευθέρωσας,

241 906 316 970 ὡς
347 907 428 970 είς
454 906 704 967 ἅπαντας
725 902 1044 975 ἀνθρώπους
1063 902 1172 956 τῶν
1193 906 1575 975 γεγενημένων
1602 902 1818 974 θαυμά-

239 1014 348 1050 των
373 995 475 1067 τὴν
503 996 691 1066 φήμην
723 993 971 1066 δραμεῖν,
1002 994 1097 1047 καὶ
1127 992 1224 1064 τὴν
1261 993 1362 1065 σὴν
1389 992 1620 1066 δύναμιν
1645 995 1819 1049 ἆπασι

240 1085 496 1155 γενέσθαι
538 1085 726 1156 δήλην.
782 1085 893 1138 Καὶ
937 1085 1123 1155 ἐπειδὴ
1157 1086 1317 1156 ήμεῖς
1344 1086 1685 1158 ἡμάρτομεν,
1724 1085 1821 1139 καὶ

237 1181 339 1250 τῆς
401 1179 501 1247 σῆς
559 1178 970 1248 φιλανθρωπίας
1037 1177 1287 1244 ἀναξίους
1338 1181 1486 1248 ἡμᾶς
1552 1178 1748 1242 αὐτοὺς
1776 1179 1818 1209 ¹²

237 1273 623 1342 ἀπεφήναμεν,
677 1271 776 1340 τὴν
829 1271 929 1340 σὴν
968 1272 1123 1325 πόλιν
1189 1270 1506 1342 ἱκετεύομεν
1554 1272 1653 1340 τῆς
1718 1271 1819 1342 σῆς

236 1364 540 1435 ἀξιωθῆναι
568 1363 804 1434 φειδοῦς,
835 1364 1008 1418 καὶτὸ
1038 1364 1162 1434 ὅρος
1196 1366 1388 1430 ἐκεῖνο,
1421 1363 1449 1416 ὃ
1481 1363 1567 1418 διὰ
1588 1364 1689 1432 τῆς
1716 1361 1819 1433 σῆς

237 1459 567 1527 ἐπιφανείας
604 1457 777 1526 ἄτιον
804 1457 1111 1526 ἀπέφηνας.
1143 1456 1250 1511 Καὶ
1272 1458 1546 1527 ἐπιμένων
1570 1458 1636 1526 τῇ
1678 1455 1819 1526 ὑπὲρ

236 1550 340 1620 τῆς
397 1548 607 1613 πόλεως
656 1547 897 1619 ἱκετείᾳ,
964 1566 982 1599 ι
1021 1549 1143 1601 Ὅτι
1166 1548 1211 1579 ¹⁸
1263 1550 1320 1601 ὲν
1365 1550 1484 1611 ταῖς
1524 1547 1820 1617 ἁμαρτίαις

236 1639 419 1712 ἡμῶν,
456 1641 611 1711 φησὶ,
645 1641 737 1694 καὶ
763 1642 884 1704 ταῖς
912 1640 955 1672 ³⁵
986 1640 1220 1703 ἀδικίαις
1250 1640 1429 1709 ήμῶν,
1461 1639 1556 1692 καὶ
1581 1637 1689 1691 τῶν
1716 1655 1819 1691 πα-

236 1730 413 1801 τέρων
458 1729 640 1800 ήμῶν,
684 1730 1035 1801 Ἰερουσαλὴμ
1073 1730 1167 1784 καὶ
1210 1732 1238 1783 ὁ
1282 1729 1411 1792 λαός
1444 1746 1535 1782 σου
1572 1732 1650 1792 είς
1679 1730 1818 1782 ὀνει-

1925 544 2356 599 tnisericordiam
2385 544 2489 600 sibi
2527 541 2806 608 conciliet,
2839 548 2894 597 et
2927 539 3001 593 ait
3026 556 3042 595 ε
3067 537 3246 594 Facile
3266 545 3349 595 est
3377 538 3500 603 tibi,

1923 632 2167 701 Domine,
2207 635 2513 691 libertatem
2551 635 2712 690 nobis
2736 629 3075 704 gratiﬁcari;
3106 628 3335 684 inﬁnitis
3355 629 3501 684 enim

1917 725 2030 796 jam
2059 727 2219 782 editis
2249 726 2555 792 miraculis,
2592 733 2648 781 et
2675 724 2856 796 pmnis
2884 720 3159 794 (Egyptiis
3194 720 3396 787 illatis,
3432 720 3502 774 ab

1922 830 2107 870 amara
2137 816 2231 871 illa
2291 816 2557 872 servitute
2591 816 2647 871 in
2680 814 2991 870 libertatem
3041 811 3303 882 populum
3344 818 3499 864 tuum

1904 906 2254 963 «indicasti:
2292 906 2368 961 ita
2397 915 2457 962 ut
2492 906 2560 961 ad
2604 921 2796 962 omnes
2838 905 3089 959 homines
3112 904 3133 924 '
3164 917 3355 959 eorum
3394 902 3500 956 mi-

1923 996 2183 1052 rabilium
2214 1012 2338 1067 quae
2370 996 2551 1051 fecisti
2584 995 2731 1050 fama
2765 993 3103 1059 cucurrerit,
3152 999 3206 1047 et
3256 989 3501 1062 potentia

1923 1097 2013 1142 tua
2044 1089 2301 1145 omnibus
2343 1088 2620 1144 declarata
2672 1088 2763 1143 sit.
2817 1085 2883 1140 Et
2936 1084 3064 1155 quia
3115 1098 3218 1138 nos
3255 1081 3504 1152 peccavi-

1920 1195 2068 1245 mus,
2112 1188 2279 1250 atque
2324 1195 2427 1235 nos
2459 1188 2553 1234 tua
2585 1178 2879 1234 clementia
2934 1175 3190 1248 indignos
3243 1172 3503 1244 prmstiti-

1921 1289 2066 1341 mus,
2104 1272 2386 1343 supplices
2430 1271 2673 1342 petimus
2730 1276 2790 1324 ut
2822 1268 3097 1323 civitatem
3133 1274 3282 1320 tuam
3339 1264 3498 1319 venia

1921 1372 2014 1418 tua
2065 1362 2288 1433 dignam
2345 1375 2606 1425 censeas,
2668 1374 2733 1414 ac
2782 1366 3023 1412 montem
3079 1354 3273 1421 illum,
3336 1367 3499 1423 quem

1924 1454 2136 1525 1235
2158 1463 2419 1520 sanctum,
2443 1467 2510 1509 eo
2534 1451 2678 1521 quod
2702 1451 2777 1505 ibi
2806 1447 3155 1520 apparueris,
3183 1446 3495 1503 ostendisti.

1921 1544 1988 1600 Et
2043 1559 2395 1601 commorans
2462 1544 2519 1597 in
2580 1543 2837 1613 precibus
2893 1555 2991 1610 pro
3050 1540 3171 1609 ipsa
3235 1538 3495 1592 civitate:

1926 1657 1947 1690 ι
1978 1637 2119 1704 Quia
2149 1637 2206 1690 in
2242 1636 2483 1707 peccatis
2518 1634 2751 1699 nostris,
2799 1633 3001 1703 inquit,
3034 1639 3088 1686 et
3115 1627 3499 1700 iniquitatibus

1921 1729 2151 1791 nostris,
2180 1736 2237 1784 et
2276 1736 2494 1798 patrum
2530 1737 2871 1793 nostrorum,
2905 1723 3285 1793 Hierosolyma
3317 1727 3370 1774 et
3399 1734 3500 1789 po.

237 1791 429 1894 δισμὸν
455 1791 770 1892 ἐγένοντοίί
810 1826 868 1878 ὲν
915 1791 1048 1878 πάσι
1091 1827 1200 1887 τοῖς
1237 1823 1550 1894 περικύκλῳ
1579 1822 1756 1895 ήμῶν.
1793 1841 1811 1875 ι

1922 1817 2085 1890 pulus
2107 1825 2236 1873 tuus
2262 1791 2561 1886 opprobrio
2591 1813 2724 1869 facti
2756 1791 2888 1869 sunt
2932 1791 3214 1871 omnibus.
3242 1809 3335 1879 qui
3370 1814 3499 1863 sunt

239 1911 342 1964 Διά
369 1912 478 1983 γάρ
513 1912 611 1976 τάς
637 1912 912 1985 ἡμετέρας
938 1913 1310 1984 παρανομίας,
1360 1912 1456 1965 xal
1486 1912 1819 1983 ἀμαρτίας¹⁶

238 2004 349 2058 τῶν
376 2005 627 2075 πατέρων
654 2006 829 2077 ήμῶν,
865 2009 1022 2078 ἡμεῖς
1051 2024 1110 2059 τε
1144 2009 1256 2070 τοῖς
1283 2005 1502 2077 ὁμόροις
1533 2006 1819 2078 ἐπίχαρτοι

237 2098 665 2169 γεγενήμεθα¹’,
716 2102 810 2153 καὶ
862 2102 894 2171 ή
953 2100 1391 2172 πολυθρύλλητος
1436 2100 1532 2155 καὶ
1577 2101 1821 2173 ἀοίδιμος

239 2190 396 2251 πόλις
419 2191 462 2222 ⁸³
491 2191 592 2263 τὴν
614 2195 711 2263 ὲρη
722 2192 848 2263 μίαν
873 2193 1185 2263 ὑπέμεινεν.

312 2282 404 2346 ιζ’.
445 2301 464 2334 ι
495 2284 608 2338 Καὶ
630 2284 724 2338 νῦν
747 2284 1274 2355 είσάκουσον,Κύριε
1309 2286 1337 2340 ὁ
1365 2285 1496 2348 Θεὸς
1526 2283 1705 2356 ἡμῶν,
1720 2285 1820 2356 τῆς

242 2376 553 2445 προσευχῆς
577 2374 670 2428 τοῦ
724 2375 912 2429 δούλου
944 2393 1061 2439 σου,
1096 2377 1191 2429 καὶ
1228 2376 1337 2431 τῶν
1364 2377 1601 2448 δεήσεων
1628 2377 1816 2445 αὑτοῦ,

237 2468 332 2519 καὶ
365 2466 630 2536 ἐπίφανον
661 2466 723 2520 τὸ
773 2468 1067 2539 πρόσωπόν
1102 2484 1195 2521 σου
1235 2468 1328 2522 ἐπὶ
1357 2468 1418 2522 τὸ
1449 2467 1697 2539 ἀγίασμά
1723 2484 1816 2521 σου

236 2555 297 2610 τὸ
326 2555 585 2626 ἔρημον.»
621 2556 801 2623 Δέξαι,
834 2559 989 2629 φησὶ,
1014 2557 1108 2611 τοῦ
1144 2559 1333 2612 δούλου
1369 2576 1461 2613 σου
1486 2561 1583 2630 τὴν
1609 2559 1812 2629 δέησιν,

240 2646 507 2713 Δέσποτα,
553 2649 649 2701 καὶ
703 2648 865 2719 βλέπε
905 2649 1002 2719 τὴν
1029 2651 1311 2721 ἐρήμωσιν
1336 2648 1429 2702 τοῦ
1465 2650 1818 2718 ἀγιασθέντος

242 2736 348 2789 ὑπὸ
382 2736 475 2789 σοῦ
507 2736 695 2799 τόπου,
713 2739 810 2791 καὶ
836 2739 935 2808 τῆς
959 2742 1058 2810 σῆς
1081 2740 1243 2792 αὐτὸν
1277 2736 1431 2803 αὖθις
1460 2740 1748 2812 πλήρωσον
1770 2741 1813 2773 ¹⁹

236 2827 477 2897 χάριτος.
497 2828 608 2881 Καὶ
626 2828 813 2899 ἐπειδὴ
839 2828 1055 2894 ἀνάξιος
1086 2825 1153 2901 ἦν
1176 2831 1204 2883 ὁ
1232 2829 1356 2892 λαὸς
1378 2828 1584 2883 τούτων
1603 2832 1811 2900 τυχεῖν,

239 2915 444 2985 σφόδρα
480 2915 751 2985 ἁρμοδίως
784 2918 1064 2987 ἐπήγαγεν
1084 2934 1096 2947 ·
1132 2937 1151 2969 ι
1183 2918 1409 2971 Ἕνεκεν
1438 2935 1554 2981 σου,
1581 2918 1807 2991 Κύριε.»

236 3003 319 3056 Ti
350 3003 535 3073 σαυτῷ
559 3044 573 3067 ,
603 3006 759 3074 φησὶ,
806 3007 1083 3078 πρέποντα
1127 3009 1373 3080 ποίησον,
1415 3009 1680 3077 Δέσποτα,
1716 3011 1811 3066 καὶ

1922 1910 1978 1964 in
2007 1908 2241 1963 circuitu
2281 1912 2497 1962 nostro.
2538 1925 2558 1958 ι
2598 1903 2736 1959 Nam
2769 1912 2993 1976 propter
3033 1902 3247 1958 scelera
3284 1907 3495 1963 nostra,

1918 2009 1972 2057 et
2001 2009 2225 2072 peccata
2258 2005 2550 2071 parentum
2585 2006 2925 2061 nostrorum,
2961 2001 3019 2051 et
3048 2010 3149 2049 nos
3183 1993 3320 2048 tales
3370 2005 3500 2045 eva-

1919 2094 2116 2157 simus,
2153 2091 2358 2162 quibus
2404 2089 2652 2145 ﬁnitimae
2703 2094 2896 2159 gentes
2943 2084 3198 2150 illudant,
3249 2090 3304 2137 et
3353 2082 3498 2138 cele-

1919 2183 2161 2240 berrima
2189 2190 2356 2253 atque
2383 2180 2623 2236 illustris
2656 2180 2854 2234 civitas
2880 2175 3023 2231 facta
3052 2182 3137 2230 est
3165 2173 3403 2229 deserta.
3477 2191 3480 2195 ’

1989 2274 2153 2330 Vens.
2181 2272 2270 2327 l7.
2301 2290 2320 2325 ι
2357 2271 2423 2326 Et
2447 2285 2594 2325 nunc
2610 2265 2836 2333 exaudi,
2856 2265 3082 2321 Domine
3107 2263 3254 2319 Deus
3281 2268 3495 2323 noster.

1918 2364 2371 2436 deprecationem
2395 2361 2543 2418 servi
2572 2359 2675 2425 tui,
2705 2366 2759 2415 et
2789 2372 2982 2429 preces
3014 2356 3155 2427 ejus,
3185 2363 3241 2411 et
3269 2353 3499 2409 ostende

1918 2456 2116 2512 faciem
2147 2464 2300 2511 tuam
2331 2470 2499 2525 super
2532 2450 2915 2510 sanctuarium
2947 2458 3098 2504 tuum
3130 2447 3433 2504 desertum.
3472 2462 3494 2497 ι

1915 2548 2358 2619 Accipe,iuquit,
2389 2547 2532 2604 servi
2553 2548 2631 2601 tui
2670 2558 2889 2614 preces,
2917 2556 2951 2598 ο
2983 2540 3238 2606 Domine,
3266 2546 3322 2594 et
3350 2537 3497 2605 vide,

1916 2657 2081 2713 quam
2123 2640 2380 2697 desertus
2423 2639 2496 2694 sit
2539 2639 2695 2692 locus
2743 2637 2836 2691 ille
2863 2674 2879 2699 ,
2930 2649 3097 2705 quem
3138 2643 3195 2687 tu
3237 2638 3497 2687 sanctum

1916 2735 2118 2801 fecisti,
2136 2735 2432 2805 ipsumque
2458 2746 2661 2786 rursus
2690 2737 2785 2783 tua
2809 2728 2986 2799 gratia
3016 2727 3251 2797 comple.
3276 2724 3341 2777 Et
3366 2723 3498 2793 quia

1915 2828 2175 2898 indignus
2217 2832 2339 2882 erat
2376 2823 2648 2894 papulus.
2689 2821 2784 2892 qui
2828 2820 2947 2875 haec
2995 2820 3301 2880 obtineret,
3337 2814 3499 2870 valde

1913 2922 2223 2987 opportune
2278 2912 2515 2982 subjecit
2557 2928 2574 2966 :
2649 2928 2669 2963 ι
2703 2908 2936 2981 Propter
2963 2917 3039 2973 te,
3082 2922 3116 2963 ο
3173 2906 3423 2962 Domine.
3468 2921 3492 2957 ι

1912 2986 2150 3076 anute
2194 3013 2247 3060 te
2296 3003 2498 3058 decent
2547 2986 2667 3068 fac,
2712 2998 2947 3069 inquit,
2997 2995 3266 3061 Domine,
3323 3001 3377 3049 et
3422 3006 3495 3048 ne

241 3095 314 3166 μὴ
342 3094 443 3159 τὰς
471 3096 749 3168 ήμετέρας
780 3099 971 3172 λογίσῃ
1005 3100 1372 3170 παρανομίας,
1397 3101 1531 3155 ἀλλά
1564 3102 1663 3166 τὰς
1686 3103 1811 3157 ἀεν-

1919 3100 2128 3155 scelera
2179 3105 2375 3152 nostra
2424 3103 2606 3150 tecum
2650 3092 3030 3164 reputaveris,
3073 3089 3169 3146 sed
3221 3100 3496 3159 perennes

236 3188 400 3251 νάους
445 3188 544 3257 τῆς
575 3188 670 3258 σῆς
702 3190 1111 3263 φιλανθρωπίας
1156 3193 1359 3263 πηγάς.
1404 3194 1515 3248 Kal
1542 3195 1815 3267 ἐπιμένων

235 3282 302 3350 τῇ
349 3283 629 3352 προσευχῇ
670 3297 683 3311 ·

310 3378 400 3441 ιη’.
437 3390 457 3422 ι
499 3372 714 3435 Κλῑνον,
746 3374 931 3443 φησὶν,
964 3375 992 3427 ὁ
1016 3374 1147 3438 Θεὸς
1195 3393 1320 3446 μου,
1355 3376 1415 3429 τὸ
1439 3372 1532 3441 οὖς
1565 3396 1678 3444 σου,
1720 3379 1817 3434 καὶ

237 3460 508 3514 ἀκουσον·
539 3461 748 3527 ἄνοιξον
793 3465 919 3526 τοὺς
948 3465 1261 3536 ὀφθαλμούς
1318 3483 1433 3531 σου,
1467 3469 1562 3521 καὶ
1602 3468 1677 3522 ίδε
1724 3471 1815 3524 τὸν

236 3552 547 3624 ἀφανισμὸν
592 3554 782 3625 ήμῶν,
810 3556 1040 3626 καὶτῆς
1086 3557 1294 3621 πόλεώς
1341 3576 1456 3613 σου.
1506 3577 1525 3610 ι
1573 3560 1682 3613 Καὶ
1735 3561 1815 3614 ἔτι

238 3643 420 3697 πλεῖον
451 3647 498 3676 ³⁸³
529 3647 888 3717 προσοικειῶν
936 3648 1086 3720 αὐτῷ
1141 3650 1238 3721 τὴν
1270 3650 1426 3705 πόλιν
1457 3651 1560 3722 ἔφη
1588 3670 1602 3683 ο
1638 3672 1656 3705 ι
1700 3653 1815 3723 Ἐφ’

236 3729 271 3808 ᾖ
304 3736 668 3805 ἐπικέκληταί
703 3758 795 3792 σου
830 3741 890 3793 τὸ
938 3742 1113 3813 ὄνομα
1154 3744 1212 3795 ὲν
1266 3744 1404 3815 αὐτῇ
1430 3746 1496 3799 ’⁸.
1549 3764 1568 3797 ι
1605 3745 1679 3798 Τὸ
1717 3745 1811 3812 δὲ,

240 3845 260 3878 ι
286 3826 484 3881 Κλῖνον
500 3828 563 3882 τὸ
582 3824 674 3893 οὖς
696 3847 813 3894 σου,
838 3834 932 3885 καὶ
956 3833 1164 3898 ἄνοιξον
1180 3835 1305 3898 τοὺς
1327 3835 1637 3907 ὀφθαλμούς
1661 3854 1805 3900 seu,»

236 3917 358 3972 ἀντὶ
418 3919 512 3973 τοῦ
538 3959 553 3982 ,
594 3921 685 3993 Μὴ
739 3924 1098 3996 ἀποστραφῇς
1135 3943 1236 3996 μου
1294 3928 1394 3999 τὴν
1428 3928 1637 3999 δέησιν,
1677 3928 1816 3984 ἀλλὰ

241 4011 360 4078 μετ’
386 4010 673 4079 εὐμενείας
695 4013 923 4067 ἄκουσόν
956 4033 1058 4086 μου
1086 4019 1183 4087 τῆς
1208 4019 1537 4089 προσευχῆς.
1563 4018 1684 4073 Οἵδε
1705 4019 1814 4093 γὰρ

236 4102 328 4153 καὶ
357 4101 539 4166 αὐτὸς,
563 4103 638 4165 ὡς
665 4105 724 4158 τὸ
765 4104 919 4158 Θεῖον
950 4106 1256 4177 ἀσώματον,
1289 4110 1492 4179 ἑτέρως
1520 4110 1574 4162 δὲ
1599 4109 1810 4180 ἄνθρω-

239 4208 338 4255 πος
362 4191 439 4246 ὢν
464 4195 565 4247 οὐκ
609 4191 717 4248 οἶδε
748 4196 1095 4269 διαλεχθῆναι
1124 4199 1261 4270 Θεῷ.
1306 4199 1445 4252 Ἀλλ’
1480 4201 1668 4268 ἐπειδὴ
1702 4200 1811 4253 τῶν

237 4282 544 4354 ἀνθρώπων
585 4287 816 4349 ἕκαστος
848 4287 934 4341 διὰ
978 4289 1075 4358 μὲν
1105 4288 1212 4343 τῶν
1249 4289 1543 4358 ὀφθαλμῶν
1569 4292 1690 4361 ὁρᾷ,
1722 4290 1811 4344 διὰ

236 4368 290 4423 δὲ
332 4371 443 4423 τῶν
489 4371 642 4426 ὢτων
681 4373 906 4442 ἀκούει,
943 4377 1155 4430 τέθεικε
1215 4376 1383 4431 ταῦτα
1428 4378 1522 4430 καὶ
1576 4379 1668 4430 ἐπὶ
1714 4377 1808 4432 τοῦ

1918 3200 2029 3247 tuae
2067 3188 2377 3245 clementia:
2416 3188 2619 3242 fontes.
2678 3184 2747 3239 Et
2786 3184 2844 3238 in
2890 3181 3282 3253 deprecatione
3318 3179 3497 3249 persi-

1920 3288 2155 3424 διῗιιέ.
2198 3366 2285 3422 18.
2346 3383 2367 3418 ι
2408 3364 2623 3420 Inclina
2648 3403 2663 3431 ,
2706 3363 2885 3434 inquit
2912 3401 2927 3427 ν
2972 3362 3117 3418 Deus
3158 3361 3266 3425 mi’
3307 3374 3496 3415 aurem

1918 3471 2065 3517 tuam
2092 3503 2107 3529 ,
2144 3468 2198 3516 et
2230 3458 2400 3527 audi;
2452 3458 2603 3529 aperi
2641 3458 2834 3513 oculos
2874 3464 3001 3512 tuos
3028 3496 3043 3522 ,
3093 3461 3148 3510 et
3178 3454 3305 3510 vide
3334 3453 3496 3509 deso-

1917 3552 2177 3607 lationem
2202 3558 2486 3615 nostram,
2522 3555 2579 3604 et
2611 3547 2857 3602 civitatis
2909 3554 3039 3601 tuae.
3095 3564 3115 3598 ι
3154 3543 3217 3598 Et
3254 3544 3496 3614 amplius

1915 3645 2098 3714 ipsum
2147 3641 2334 3697 adhuc
2371 3640 2584 3695 civitati
2616 3637 2928 3695 concilians
2962 3653 2976 3691 :
3033 3654 3053 3688 ι
3092 3636 3150 3690 in
3193 3650 3303 3706 qua
3338 3636 3498 3691 invo-

1915 3743 2102 3791 catum
2150 3740 2237 3789 est
2284 3747 2485 3789 nomen
2540 3738 2737 3795 tuum,
2776 3746 2796 3781 ι
2854 3728 3051 3799 inquit.
3094 3726 3230 3782 Illud
3274 3734 3493 3793 autem,

1920 3847 1940 3879 ι
1977 3827 2182 3881 inclina
2209 3840 2397 3881 aurem
2422 3832 2591 3887 tuam,
2618 3830 2674 3878 et
2705 3821 2855 3892 aperi
2891 3821 3084 3876 oculos
3120 3830 3266 3884 tuos,
3294 3838 3313 3870 ι
3349 3819 3493 3873 idem

1913 3927 1998 3975 est
2034 3933 2100 3974 ac
2145 3918 2193 3973 si
2223 3916 2435 3972 diceret
2464 3932 2478 3969 :
2519 3913 2607 3970 Ne
2633 3912 2912 3993 averseris
2937 3927 3133 3982 preces
3161 3926 3315 3967 meas
3336 3951 3351 3975 ,
3395 3909 3495 3965 sed

1914 4011 2093 4065 amice
2126 4018 2180 4066 et
2205 4007 2464 4064 benevole
2498 4006 2628 4061 audi
2661 4004 3109 4076 deprecationem
3142 4016 3346 4057 meam.
3383 3998 3498 4053 No-

1914 4101 1991 4155 vit
2041 4101 2188 4157 enim
2236 4099 2354 4170 ipse
2408 4112 2630 4168 quoque
2686 4094 2902 4151 Numen
2968 4094 3184 4164 1236
3244 4090 3495 4161 corporis

1911 4210 2110 4265 expers
2143 4207 2302 4248 esse:
2338 4191 2500 4246 aliter
2534 4197 2738 4251 tamen.
2780 4204 2905 4244 cum
2946 4187 3110 4240 homo
3150 4192 3296 4239 esset
3320 4223 3334 4246 ,
3367 4196 3493 4236 cum

1911 4285 2024 4340 Deo
2053 4282 2292 4352 colloqui
2325 4280 2581 4337 nescivit.
2614 4279 2721 4333 Sed
2755 4278 2886 4348 quia
2916 4276 3144 4346 quilibet
3175 4274 3338 4327 homo
3361 4286 3496 4324 ocu-

1910 4378 1979 4431 lis
2000 4374 2181 4437 videt,
2215 4371 2441 4425 auribus
2464 4368 2637 4433 audit,
2668 4368 2784 4422 haec
2810 4366 2999 4422 eadem
3030 4378 3263 4434 corpore
3281 4359 3492 4417 carenti

237 4461 534 4533 ἀσωμάτου
566 4465 722 4530 Θεοῦ,
754 4468 852 4530 τὰς
880 4468 1159 4540 ἐνεργείας
1190 4469 1332 4522 οὕτω
1361 4469 1554 4524 καλῶν.
1584 4470 1808 4533 Τούτοις

1919 4467 2027 4522 Deo
2058 4463 2342 4525 attribuit,
2394 4461 2470 4514 ita
2497 4475 2561 4516 ea
2595 4473 2800 4514 vocans
2844 4471 2967 4528 quae
3017 4457 3084 4511 ab
3110 4457 3205 4510 illo
3242 4454 3493 4519 eﬂiciun-

237 4552 466 4621 ἀπάγειν
507 4574 527 4607 ι
568 4557 691 4610 Ὀτι
735 4559 837 4612 οὐκ
889 4561 945 4612 ἐν
971 4563 1015 4592 ³³
1059 4563 1178 4624 ταῖς
1231 4561 1599 4626 δικαιοσύναις
1656 4561 1814 4633 ήμῶν

237 4644 399 4713 ἡμεῖς
433 4647 752 4718 ρίπτομεν’³
785 4642 876 4704 τὸν
918 4652 1200 4723 οίκτιρμδν
1234 4652 1389 4722 ήμῶν
1421 4653 1651 4706 ἐνώπιόν
1695 4670 1812 4718 σου,

240 4735 352 4789 ἀλλ’
382 4738 478 4791 ἐπὶ
508 4740 634 4802 τοὺς
671 4741 991 4815 οἱκτιρμούς
1020 4761 1112 4796 σου
1150 4745 1275 4807 τοὺς
1307 4744 1551 4806 πολλοὺς,
1584 4744 1811 4815 Κύριε.»

240 4828 314 4880 Οὐ
343 4828 455 4898 γὰρ
504 4832 626 4893 ταῖς
657 4832 1024 4898 δικαιοσύναις
1052 4835 1228 4904 ἡμῶν,
1272 4837 1456 4907 φησὶν,
1490 4835 1819 4907 θαρροῦντες

238 4919 336 4990 τὴν
396 4919 495 4990 σὴν
547 4922 807 4993 αἰτοῦμεν
863 4925 1297 4997 φιλανθρωπίαν,
1325 4926 1458 4981 ἀλλά
1497 4927 1572 4998 τῷ
1605 4926 1683 4997 σῷ
1718 4944 1817 4980 πε-

242 5009 488 5075 ποιθότες
522 5013 656 5085 ἐλέῳ
700 5015 991 5086 τολμῶμεν
1017 5018 1119 5089 τὴν
1156 5018 1360 5088 δέησιν.

310 5101 395 5155 ιθν.
436 5122 454 5153 ι
509 5104 843 5160 Είσάκουσον
871 5105 984 5168 οὖν,
1020 5109 1213 5179 Κύριε,
1252 5108 1516 5179 ίλάσθητι,
1555 5107 1726 5179 Κύριε
1743 5109 1810 5172 ’⁸,

242 5192 499 5264 πρόσχες,
521 5196 692 5266 Κύριε
710 5197 776 5230 ²⁸¹
805 5198 880 5270 μὴ
898 5200 1150 5272 χρονίσῃς
1166 5203 1210 5232 ’τί
1224 5200 1407 5253 ἕνεκέν
1428 5216 1544 5264 σου,
1569 5201 1596 5253 ὁ
1620 5199 1749 5262 Θεός
1765 5201 1808 5231 ³⁷

1884 4568 2024 4610 ‘tur.
2062 4552 2161 4607 His
2196 4551 2418 4620 Sllltleil
2450 4567 2463 4604 :
2503 4548 2644 4614 Quia
2672 4562 2782 4603 non
2805 4546 3112 4617 injustitiis
3153 4545 3362 4600 nostris
3388 4557 3494 4598 nos

1917 4645 2248 4719 projicimus
2299 4641 2717 4697 miserationem
2778 4648 3025 4696 nostram
3081 4639 3136 4692 in
3187 4643 3492 4706 conspectu

1919 4749 2015 4793 tuo
2037 4780 2052 4803 ,
2087 4736 2184 4792 sed
2224 4736 2278 4789 in
2321 4732 2776 4788 miserationibus
2803 4731 2914 4786 tuis
2942 4729 3155 4794 multis,
3189 4727 3437 4782 Domine.
3466 4745 3486 4777 ι

1918 4830 2106 4897 Neque
2138 4828 2283 4882 enim
2320 4840 2424 4880 nos
2458 4825 2525 4880 iis
2556 4823 2714 4888 freti,
2746 4838 2869 4893 quae
2891 4821 3039 4891 juste
3062 4822 3371 4891 egerimus,
3403 4818 3490 4872 in-

1917 4920 2065 4990 quit.
2116 4927 2268 4973 tuam
2311 4917 2675 4987 imploramus
2736 4915 3174 4985 benignitatem,
3227 4911 3322 4967 sed
3397 4923 3494 4967 tua

1916 5009 2308 5066 misericordia
2342 5007 2536 5062 confisi
2569 5006 2836 5061 audemus
2866 5006 2963 5061 tibi
2992 5006 3332 5077 supplicare.

1983 5101 2151 5157 Vens.
2192 5100 2279 5156 l9.
2325 5118 2344 5152 ι
2372 5098 2581 5153 Exaudi
2638 5098 2828 5168 igitur,
2868 5096 3133 5162 Domine,
3172 5094 3494 5167 propitius‘

1911 5202 2053 5260 esto,
2080 5193 2341 5259 Domine;
2376 5190 2620 5259 attende,
2650 5191 2903 5261 Domine,
2923 5207 2995 5248 ne
3014 5191 3245 5248 moreris
3270 5196 3492 5262 propter

1541 5377 1775 5433 VARle
1815 5373 2227 5431 LECTIONES.

314 5532 359 5566 ¹²
376 5533 476 5604 ἡμς
507 5530 631 5586 αὐτ.
658 5530 702 5583 Β
735 5527 978 5604 ἑαυτούςἶ

1057 5530 1098 5602 ξ’
1129 5529 1294 5602 (“itaet
1322 5532 1438 5593 ταῖς
1471 5532 1571 5602 ἀμ.
1615 5534 1647 5602 ή

250 5600 293 5674 ἶῗ
315 5598 481 5674 ἀμϊΒ
507 5615 702 5674 ρεπεν·
738 5598 853 5660 τάς·
875 5668 888 5674 -
927 5668 948 5674 _
968 5599 1008 5629 "
1033 5598 1075 5652 Β
1104 5601 1426 5674 γετίναμεμνο

1528 5550 1571 5585 ιο
1615 5534 1713 5602 ήμ.
1744 5530 1863 5587 Des.
1888 5531 1940 5586 iu
1962 5535 2024 5587 A.
2105 5535 2148 5567 ¹⁸
2182 5536 2322 5597 ταῖς.
2360 5535 2403 5586 Α
2433 5540 2487 5588 et
2514 5531 2552 5585 Β
2592 5547 2777 5604 pmm.
2815 5533 2892 5584 ἐν.
2969 5531 3010 5561 ”
3036 5529 3081 5581 Α
3102 5536 3155 5580 et
3176 5527 3216 5576 Β
3244 5522 3480 5589 ἐγένετο.

1528 5602 1570 5634 ³⁸
1598 5601 1715 5656 πόλ.
1755 5600 1797 5653 Β
1832 5603 2204 5656 Ἰερουσαλήμ.
2312 5604 2354 5637 ¹⁹
2393 5602 2434 5656 Β
2475 5603 2761 5656 πλήρωσον
2787 5601 2878 5654 καὶ
2902 5594 3075 5656 αὖθις.
3148 5597 3192 5627 ²⁰
3226 5593 3266 5644 Β
3297 5590 3479 5645 πλέον.

250 5604 293 5632 ’⁸
315 5604 411 5674 ἀμ.
441 5604 481 5655 Β
515 5615 702 5669 prtem.
738 5604 853 5660 τάς.
968 5604 1007 5629 ¹⁷
1033 5604 1075 5652 Β
1104 5604 1426 5669 γεγόναμεν.
1528 5604 1570 5634 ³⁸
1598 5604 1715 5656 πόλ.
1755 5604 1797 5653 Β
1832 5604 2204 5674 Ἰερουσαλήμ.

249 5671 289 5701 ³¹
322 5674 385 5743 Δ,
405 5671 519 5743 Ἐφ’
547 5665 616 5743 ᾖς
643 5671 791 5721 ὲπικ.
822 5668 1000 5743 ’τὸ-δν.
1034 5686 1126 5722 σου
1154 5670 1239 5721 ἐπ’
1260 5670 1448 5743 αῷᾉτῆςᾲ.
1500 5673 1562 5743 Α²¹
1587 5674 1662 5726 ἐν.
1685 5673 1728 5724 Α
1754 5671 1864 5722 ἐπε.
1945 5674 1989 5703 ’³
2027 5673 2068 5727 Α
2121 5677 2204 5743 pm

2312 5604 2354 5637 ¹⁹
2393 5602 2434 5657 Β
2475 5590 2761 5673 πλήρωσον
2778 5594 3075 5673 οιαὶ-αὖθις.
3107 5597 3192 5673 ﬁ”
3226 5590 3479 5673 Ε’πλέον.

1945 5674 1989 5746 ²Α³
2027 5673 2068 5727 Α
2121 5659 2436 5746 ῥιπτοῦμεν.
2538 5659 2679 5725 ἰ’ῑλο
2710 5670 2846 5739 Κύρ-
2878 5667 3006 5722 θθδ-
3029 5665 3086 5719 ίη
3107 5663 3167 5717 Β·
3269 5660 3312 5692 ’⁸
3336 5659 3477 5731 κύρ*

254 5744 296 5794 Δ
325 5741 447 5798 add.
478 5737 723 5812 ποιῆσον.
820 5739 864 5769 ³⁵
890 5737 931 5790 Β
954 5743 1201 5808 χρονιείς.
1291 5741 1333 5771 ³⁷
1357 5737 1561 5804 ὁίθεός.
1598 5742 1639 5794 Α
1671 5757 1854 5812 prtem.
1892 5742 2084 5814 Κύριε.
