3912 6206
206 323 235 389 1
256 324 345 390 369

1405 329 1486 391 IN
1516 328 1868 390 DANIELIS
1911 330 2068 390 CAP.
2125 332 2226 391 1X.

3238 368 3248 379 κ
3335 327 3471 396 1470

205 433 631 506 αἰνιγματωδῶς
657 434 850 490 ταῦτα
877 434 1227 507 λεχθήσεται,
1261 438 1355 491 καὶ
1389 438 1469 492 δεῖ
1499 455 1581 490 σοι
1610 454 1780 491 κατα-

1905 437 1956 490 ll)
2001 438 2216 490 homine
2259 439 2469 508 percipi
2522 443 2748 508 queant.
2791 432 2905 491 lloc
2952 433 3098 491 cnim
3144 434 3422 506 signiﬁcat
3450 478 3465 502 ,

207 529 455 597 νοήσεως
494 527 755 599 ἀκριϐοῦς
793 529 872 593 εἰς
890 528 934 560 ⁸⁸
955 529 1015 582 τὸ
1071 529 1261 599 νοῆσαι
1290 529 1481 583 ταῦτα.
1517 532 1785 600 Αίνιγμα-

206 618 403 683 meo;
443 619 503 673 δέ
532 622 679 674 ἐστιν
710 620 799 673 ὅτε
847 620 916 674 τὰ
963 620 1084 675 θεῖα
1116 621 1339 689 λέγεται
1368 622 1463 673 καὶ
1491 621 1784 691 γράφεται,

206 712 299 766 ῖνα
336 711 416 783 μὴ
456 712 622 766 πᾶσιν
739 711 877 782 δῆλα
926 713 995 765 τὰ
1044 713 1157 776 τοῖς
1201 713 1374 781 ἁγίοις
1411 712 1790 766 ἀποκαλυπτό-

210 822 358 876 μενα
379 821 394 837 ’
421 803 571 859 οὕτω
592 804 701 876 γὰρ
723 804 795 859 ἂν
821 804 1274 876 εὐκαταφρόνητα
1309 805 1550 872 ἐγεγόνει
1588 804 1790 875 ὁμοίως

210 898 323 950 ὑπὸ
376 896 601 951 πάντων
653 895 1054 967 γνωριζόμενα.
1089 896 1313 964 Ἄνδρα
1344 896 1400 948 δὲ
1449 896 1611 949 αὐτὸν
1660 896 1822 949 ἐπι-ν

209 986 447 1056 θυμιῶν
484 987 657 1049 καλεῖ,
707 987 741 1057 ἢ
786 987 862 1050 ὡς
906 987 1130 1058 νηστεία
1164 988 1257 1041 καὶ
1308 986 1574 1058 κακουχίᾳ
1601 985 1792 1039 ἑαυτὸν

207 1078 557 1133 ἐκδεδωκότα
579 1121 594 1145 ,
629 1079 725 1131 καὶ
756 1076 1016 1149 ἀνδρείως
1053 1078 1193 1132 κατά
1231 1078 1341 1130 τῶν
1391 1074 1484 1131 τοῦ
1539 1077 1790 1146 σώματος

206 1168 526 1239 ἐπιθυμιῶν
551 1168 970 1240 ἀγωνιζόμενον,
1002 1169 1035 1240 ἢ
1066 1171 1141 1234 ὡς
1171 1168 1539 1238 ἐπιθυμοῦντα
1566 1168 1789 1237 γνῶναι,

209 1259 311 1312 καὶ
353 1260 549 1331 μαθεῖν
601 1261 888 1331 ἐφιέμενον
938 1261 1007 1316 τὰ
1038 1262 1115 1333 τῷ
1152 1261 1266 1331 λαῷ
1305 1260 1716 1331 συμϐησόμενα,
1755 1258 1789 1329 ἢ

206 1344 296 1397 ὅτι
336 1347 602 1418 ὲράσμιός
633 1350 748 1401 ἔστι
775 1349 870 1403 καὶ
894 1349 1016 1404 λίαν
1059 1350 1377 1421 ἐπέραστος,
1402 1351 1500 1414 τὰς
1528 1351 1629 1420 τῆς
1657 1352 1791 1421 ἀρε-

206 1434 315 1504 τῆς
348 1438 722 1510 μαρμαρυγὰς
744 1440 947 1510 ἀφιείς.
977 1438 1136 1494 Οὕτω
1159 1442 1433 1512 διεγείρας
1463 1441 1552 1495 τὸν
1582 1443 1793 1513 προφήο

206 1540 317 1595 την
369 1529 399 1580 ό
433 1526 576 1592 θεῖος
620 1529 956 1600 ἀρχάγγελος
1008 1532 1087 1594 είς
1119 1533 1218 1600 τὴν
1260 1532 1369 1586 τῶν
1404 1532 1791 1602 ῥηθησομένων

209 1619 572 1689 κατανόησιν,
595 1620 693 1692 τὴν
737 1621 1083 1677 διδασκαλίαν
1114 1624 1431 1695 προσφέρει.

1895 530 2124 599 iutethge
2157 533 2428 590 visionem.
2458 531 2512 584 id
2541 538 2646 596 est,
2675 545 2776 599 per
2809 529 3099 598 aenigmata
3134 527 3247 583 haec
3275 528 3472 583 dicen-

1895 628 2004 685 tur,
2039 628 2093 673 et
2119 630 2375 674 accurata
2400 619 2497 674 tibi
2531 634 2673 689 opus
2701 626 2785 674 est
2813 617 3177 688 intelligentia
3203 655 3217 681 ,
3254 624 3315 671 ut
3356 617 3471 672 haec

1893 706 2013 777 ipsa
2044 708 2501 779 comprehendas.
2550 707 2655 763 Per
2693 707 2987 777 aenigmata
3028 720 3164 760 vero
3192 705 3471 761 interdum

1893 796 2076 853 divina
2106 807 2162 853 et
2189 799 2450 853 dicuntur
2472 806 2528 853 et
2552 798 2877 854 scribuntur
2902 839 2916 862 ,
2958 812 3028 851 ne
3061 796 3320 851 omnibus
3349 811 3470 866 per-

1894 888 2084 956 Spicua
2113 889 2242 942 tiant
2265 904 2387 959 quae
2412 890 2623 944 sanctis
2651 889 2991 944 revelantur.
3016 887 3109 943 Sic
3131 888 3279 942 enim
3309 886 3475 941 facile

1892 983 2229 1051 contemptui
2255 982 2612 1045 haberentur,
2637 981 2685 1036 si
2715 995 2870 1050 aeque
2893 982 2962 1035 ab
2987 980 3245 1035 omnibus
3264 993 3475 1049 cogno-

1894 1079 2199 1126 scerentur.
2235 1072 2418 1125 Virum
2447 1077 2629 1125 autem
2660 1069 3047 1125 desideriorum
3076 1073 3255 1137 ipsum
3290 1076 3471 1127 vocat.

1893 1160 1980 1213 vel
2012 1167 2071 1213 ut
2097 1173 2243 1226 cum,
2277 1158 2371 1229 qui
2393 1158 2612 1228 jejunio
2641 1168 2695 1214 et
2724 1158 3004 1212 atllictioni
3041 1158 3265 1213 deditus
3285 1166 3475 1211 contra

1893 1251 2145 1321 corporis
2173 1248 2503 1320 cupiditates
2536 1248 2774 1305 viriliter
2807 1247 3134 1313 decertaret,
3166 1248 3251 1301 vel
3294 1254 3354 1300 ut
3382 1262 3477 1301 ex-

1893 1351 2168 1414 petentem
2194 1356 2532 1412 cognoscere
2568 1348 2624 1396 et
2662 1355 2784 1411 quae
2818 1341 3022 1410 templo
3062 1342 3176 1393 sint
3213 1347 3477 1394 eventura

1892 1436 2176 1506 percipere
2226 1433 2586 1503 cupientem:
2640 1433 2725 1487 vel
2774 1432 2905 1502 quia
2945 1431 3228 1500 jucundus
3272 1437 3385 1495 est,
3423 1437 3480 1483 et

1894 1524 2192 1581 admodum
2217 1523 2497 1586 amabilis,
2532 1523 2668 1579 tales
2699 1521 2929 1577 virtutis
2959 1519 3281 1591 splendores
3318 1520 3482 1573 emit-

1894 1623 2035 1670 tens.
2065 1614 2205 1670 Cum
2248 1617 2321 1669 ita
2364 1623 2602 1670 sanctus
2641 1613 3013 1684 archangelus
3053 1613 3118 1667 ad
3162 1627 3226 1667 ea
3272 1612 3479 1685 intelli:

1893 1704 2070 1775 genda
2097 1745 2112 1771 ,
2141 1718 2265 1773 qua!
2294 1703 2528 1759 dicenda
2558 1709 2737 1768 erant,
2774 1702 3099 1773 prophetam
3132 1702 3430 1757 excitasset
3455 1723 3476 1752 ο

1745 1838 1750 1843 .
1834 1784 1876 1839 Β
1902 1794 2210 1850 doctrinam
2250 1794 2427 1850 all‘ert.

286 1878 387 1932 κδ’.
435 1896 454 1929 ι
503 1878 908 1951 Ἐϐδομήκοντα
934 1880 1225 1952 ἐϐδομὰδες
1268 1885 1801 1956 συνετμήθησανὲπὶ

210 1968 309 2023 τὸν
349 1968 480 2022 λαόν
511 1985 628 2033 σου,
655 1972 749 2023 καὶ
794 1971 889 2024 ἐπὶ
915 1970 1009 2043 τήν
1056 1972 1211 2026 πόλιν
1252 1975 1351 2044 τὴν
1405 1975 1567 2044 ἁγίαν
1599 1994 1690 2030 σου
1731 1978 1800 2046 δι,

212 2061 327 2125 ἕως
345 2060 392 2094 ⁸³
439 2061 540 2115 τοῦ
593 2062 967 2132 παλαιωθῆναι
1023 2064 1085 2116 τὸ
1136 2066 1528 2137 παράπτωμα,
1555 2071 1651 2124 καὶ
1706 2071 1801 2124 τοῦ

211 2151 544 2223 τελεσθῆναι
567 2152 614 2183 ⁸⁸
656 2152 930 2224 ἁμαρτίαν
953 2195 967 2219 ,
1005 2154 1100 2207 καὶ
1135 2155 1231 2208 τοῦ
1289 2162 1589 2228 σφραγίσαι
1624 2160 1804 2230 ἁμαρ-

211 2242 339 2296 τίαν
359 2240 431 2306 δδ,
460 2241 554 2294 καὶ
587 2240 885 2309 ἀπαλεῖψαι
920 2241 1018 2306 τὰς
1042 2243 1289 2314 ἀνομίας,
1309 2246 1402 2299 καὶ
1430 2247 1474 2279 ³⁵⁵
1498 2247 1591 2300 τοῦ
1621 2246 1801 2313 ἐξιλά-

215 2333 425 2388 σασθαι
448 2334 660 2388 ἀδικίαν
681 2335 750 2398 ⁵⁸,
779 2336 872 2387 καὶ
898 2335 990 2388 τοῦ
1035 2337 1267 2407 ἀγαγεῖν
1297 2338 1646 2412 δικαιοσύνην
1671 2343 1803 2396 αἰῶ.

214 2444 356 2494 νιον,
384 2428 481 2482 καὶ
524 2427 619 2482 τοῦ
666 2428 965 2498 σφραγίσαι
1011 2429 1201 2500 ὅρασιν
1236 2433 1331 2486 καὶ
1364 2437 1674 2505 προφήτην,
1707 2438 1804 2489 καὶ

213 2519 316 2573 τοῦ
337 2522 525 2592 χρῖσαι
545 2518 730 2587 ’Δγιον
762 2520 952 2588 ἁγίων.
991 2540 1009 2573 ι
1053 2522 1165 2593 Πρὸ
1193 2522 1302 2575 τῶν
1343 2523 1519 2578 ἄλλων
1546 2527 1802 2581 ἀπάντων

218 2612 675 2683 ἐπισημήνασθαι
719 2611 821 2677 δεῖ,
853 2611 936 2665 ὅτι
973 2612 1068 2665 τοῦ
1104 2614 1384 2684 προφήτου
1429 2617 1487 2667 ὲν
1526 2619 1594 2686 τῇ
1629 2634 1800 2685 προσ-

217 2706 359 2775 ευχῇ
404 2702 484 2775 τῷ
520 2702 640 2774 Θεῷ
690 2702 941 2771 λέγοντος
990 2704 1118 2774 περί
1152 2721 1211 2758 τε
1245 2704 1339 2758 τοῦ
1368 2705 1496 2759 λαοῦ
1515 2706 1558 2737 ⁸⁷
1584 2707 1675 2761 καὶ
1703 2709 1803 2778 τῆς

232 2794 599 2866 Ἰερουσαλήμ
619 2811 634 2825 ·
664 2813 682 2847 ι
712 2796 772 2847 '0
793 2795 921 2859 λαός
953 2812 1071 2860 σου,
1098 2795 1191 2849 καὶ
1227 2797 1259 2866 ἡ
1288 2797 1440 2860 πόλις
1466 2814 1581 2862 σου,
1613 2799 1708 2852 καὶ
1740 2799 1810 2855 τὸ,

218 2884 383 2956 ἅγιόν
409 2903 523 2940 σου.
554 2905 573 2938 ι
615 2882 1011 2957 Ἀντιστρέφων
1042 2886 1070 2937 ὁ
1105 2885 1238 2949 Θεὸς
1267 2887 1414 2955 λέγει
1448 2886 1525 2957 τῷ
1564 2890 1765 2959 Δανιήλ
1785 2906 1799 2919 ·

227 2996 250 3032 ο
298 2977 704 3049 Ἐϐδομήκοντα
750 2976 1040 3047 ὲδδομάδες
1100 2977 1514 3048 συνετμήθησαν
1559 2978 1653 3033 ἐπὶ
1710 2978 1802 3035 τὸν

222 3069 356 3124 λαόν
390 3087 505 3133 σου,
536 3069 631 3123 καὶ
658 3068 752 3121 ἐπὶ
778 3069 876 3140 τὴν
902 3068 1054 3122 πόλιν
1091 3068 1189 3139 τήν
1209 3068 1369 3138 ἀγίαν
1401 3086 1495 3125 σου
1517 3087 1528 3098 ·
1556 3091 1574 3121 ι
1611 3071 1762 3125 ὥσπε

226 3162 328 3216 οὐκ
356 3161 523 3225 ἀξιῶν
546 3161 651 3214 τὸν
678 3160 835 3214 λαόν
866 3160 1085 3214 ἑαυτοῦ
1116 3160 1300 3213 καλεῖν
1323 3160 1413 3214 τὸν
1442 3161 1611 3216 πάλαι
1640 3162 1803 3216 αὑτοῦ

227 3249 618 3320 ὠνομασμένον
647 3249 795 3314 λαὸν,
829 3248 953 3303 οὔτε
987 3250 1093 3321 μὴν
1123 3251 1222 3321 τὴν
1256 3250 1408 3303 πόλιν
1430 3252 1529 3323 τὴν
1550 3252 1808 3316 ὡσαύτως

229 3339 396 3396 αὐτοῦ
436 3340 603 3394 πάλαι
655 3339 1226 3413 προσαγορευομένην.
1279 3342 1450 3395 Τοῦτο
1481 3342 1537 3395 δὲ
1590 3344 1682 3395 καὶ
1717 3345 1808 3397 ἐπὶ

229 3431 329 3487 τοῦ
368 3432 605 3503 μεγάλου
645 3432 912 3502 πεποίηκε
933 3431 1197 3495 Μωσέως.
1234 3434 1428 3487 Ἢνίκα
1459 3436 1568 3505 γὰρ
1590 3435 1681 3487 τὸν
1711 3435 1808 3505 μό-

236 3539 365 3595 σχον
386 3523 778 3595 τεκτηνόιμενοι
798 3523 858 3577 τὸ
882 3522 1025 3577 θεῖον
1044 3523 1191 3594 αὐτῷ
1213 3528 1592 3596 προσήνεγκαν
1622 3526 1806 3591 σέϐας,

232 3614 341 3685 ἔφη
398 3614 532 3683 πρὸς
560 3616 650 3668 τὸν
683 3617 965 3686 προφήτην
1001 3618 1029 3669 ό
1074 3615 1206 3680 Θεὸς
1229 3633 1240 3644 ·
1285 3638 1301 3668 ι
1332 3616 1599 3680 Σπεῦσον,
1639 3617 1811 3671 κατά-

234 3704 366 3777 ϐηθι
416 3705 478 3760 τὸ
533 3706 696 3777 τάχος
730 3705 979 3759 ἐντεῦθεν
1007 3722 1020 3734 ’
1048 3707 1295 3778 ήνόμησε
1326 3707 1434 3779 γὰρ
1460 3708 1487 3760 ό
1529 3708 1655 3771 λαός
1695 3725 1809 3773 σου,

236 3801 333 3866 οὓς
364 3801 630 3873 ἐξήγαγες
655 3800 715 3865 ἐξ
737 3801 1033 3869 Αἰγύπτου.
1067 3820 1084 3854 ι
1118 3801 1253 3871 Φησὶ
1287 3802 1465 3855 τοίνυν
1497 3803 1524 3854 ό
1547 3802 1679 3864 Θεὸς
1713 3802 1812 3854 αὐ-

235 3894 330 3947 τὸν
360 3892 452 3945 διὰ
471 3891 564 3946 τοῦ
585 3892 947 3963 ἀρχαγγέλου,
979 3893 1059 3945 ὅτι
1090 3892 1187 3963 τὴν
1219 3892 1401 3964 δέησίν
1445 3910 1538 3946 σου
1582 3891 1814 3964 δεξάμειο

237 3999 353 4048 νος,
376 3984 472 4038 καὶ
494 3981 913 4054 οἰκοδομηθῆναι
936 3983 1032 4055 τὴν
1069 3983 1424 4054 Ἰερουσαλὴμ
1454 3986 1813 4056 συγχωρήσω,

238 4076 338 4129 καὶ
385 4074 478 4127 τὸν
524 4073 651 4127 λαόν
693 4090 787 4126 σου
836 4076 935 4144 τῆς
991 4074 1263 4128 ἐπανόδου
1310 4077 1492 4145 τυχεῖν
1551 4074 1810 4130 κελεύσω.

238 4165 398 4221 Μετὰ
429 4165 486 4219 δὲ
532 4165 636 4236 τὴν
686 4165 785 4235 τῆς
828 4165 1188 4237 Ἰερουσαλὴμ
1236 4167 1565 4237 οἰκοδομίαν,
1598 4166 1815 4236 διαρκέ-

244 4270 432 4308 σουσιν
474 4254 566 4307 ἐπὶ
619 4257 949 4326 τετρακόσια
988 4256 1082 4308 καὶ
1118 4257 1474 4325 ἐννενήκοντα
1524 4255 1617 4326 ἔτη
1677 4259 1818 4311 κατὰ

241 4346 409 4417 νόμον
448 4345 894 4416 πολιτευόμενοι·
938 4347 1193 4401 τοσοῦτον
1224 4346 1333 4417 γὰρ
1366 4349 1419 4399 αἱ
1447 4346 1818 4416 ἐϐδομήκοντα

1768 3090 1876 3175 8's

1972 1886 2138 1942 Vens.
2166 1887 2257 1941 24.
2299 1905 2319 1939 ‹
2350 1886 2703 1958 Septuaginta
2747 1886 3121 1942 hebdomades
3148 1885 3481 1941 determina-

1898 1983 1971 2032 ιω
1995 1985 2124 2033 sunt
2147 1992 2316 2047 super
2345 1977 2609 2047 populum
2642 1984 2822 2044 tuum,
2853 1985 2908 2031 et
2934 1991 3105 2047 super
3126 1976 3319 2057 urbem
3350 1991 3479 2032 san-

1901 2078 2046 2124 ctam
2086 2076 2261 2134 tuam,
2283 2068 2458 2123 donec
2491 2070 2810 2138 antiquetur
2841 2067 3223 2138 praevaricatio
3252 2076 3309 2123 et
3345 2082 3479 2123 can-

1902 2168 2209 2216 summetur
2238 2168 2528 2230 peccatum
2553 2202 2570 2227 ,
2604 2169 2660 2215 et
2693 2160 2762 2215 ad
2797 2160 3129 2232 signandum
3160 2166 3477 2231 peccatum,

1901 2262 1958 2308 et
2003 2250 2074 2307 ad
2124 2251 2425 2308 delendum
2472 2251 2840 2321 iniquitates,
2890 2262 2947 2306 et
3000 2250 3069 2305 ad
3113 2251 3481 2321 expiationem

1902 2353 2132 2417 propter
2157 2344 2513 2413 injustitiam,
2536 2352 2592 2398 et
2613 2342 3001 2398 adducendum
3030 2341 3304 2412 justitiam
3325 2350 3485 2397 atter-

1902 2451 2050 2502 narn,
2081 2442 2136 2490 et
2167 2436 2234 2490 ad
2261 2435 2591 2506 signandum
2635 2435 2909 2490 visionem
2948 2442 3004 2490 et
3035 2434 3355 2504 prophetam
3380 2471 3396 2496 ,
3431 2442 3485 2487 et

1905 2527 2215 2597 ungendum
2249 2525 2510 2581 Sanctum
2548 2536 2889 2582 sanctorum.
2918 2544 2937 2577 ι
2971 2527 3114 2580 Ante
3144 2525 3253 2579 alia
3295 2524 3482 2579 omnia

1902 2617 2037 2672 illud
2059 2627 2144 2673 est
2170 2617 2649 2672 animadversione
2692 2615 2917 2687 dignum
2945 2657 2962 2682 ,
3000 2615 3148 2685 quod
3185 2629 3312 2669 cum
3359 2629 3487 2684 pro:

1901 2707 2064 2776 pheta
2086 2706 2140 2763 in
2160 2706 2545 2775 deprecatione
2573 2721 2672 2762 sua
2700 2722 2825 2761 cum
2850 2707 2962 2762 Deo
2992 2706 3207 2776 1339
3234 2707 3484 2774 loquens.

1903 2797 1971 2853 de
2012 2798 2216 2869 pepulo
2261 2805 2319 2852 et
2357 2796 2427 2852 de
2474 2797 2857 2875 Hierosolyma
2902 2799 3153 2852 diceret:
3195 2815 3214 2849 ι
3243 2796 3487 2867 Populus

1904 2896 2033 2944 tuus
2057 2930 2074 2954 ,
2108 2898 2158 2944 et
2189 2889 2386 2945 civitas
2420 2897 2512 2945 tua
2538 2931 2553 2955 ,
2593 2897 2649 2944 et
2680 2900 2931 2944 sanctum
2963 2897 3120 2942 tuum
3148 2930 3164 2955 ,
3197 2906 3214 2940 ι
3255 2902 3488 2957 respon-

1904 2978 2041 3037 dens
2073 2978 2213 3033 Deus
2240 2978 2386 3033 dicat
2416 2977 2630 3037 Danieli
2660 2997 2672 3033 :
2711 2997 2730 3031 ι
2767 2977 3134 3049 Septuaginta
3186 2977 3488 3033 hebdoma-

1905 3068 2004 3133 des
2031 3068 2411 3125 determinata:
2443 3076 2573 3125 sunt
2607 3083 2774 3139 super
2801 3068 3064 3138 populum
3092 3078 3248 3122 tuum
3273 3109 3287 3133 ,
3317 3076 3371 3122 et
3397 3082 3492 3122 su-

1910 3177 2007 3231 per
2043 3161 2327 3216 civitatem
2367 3168 2614 3216 sanctam
2656 3168 2855 3219 tuam:
2897 3177 2917 3210 ι
2953 3158 3115 3228 quasi
3154 3173 3264 3212 non
3296 3156 3490 3227 digne-

1908 3262 1999 3311 tur
2032 3251 2285 3320 populum
2314 3267 2470 3305 suum
2505 3265 2711 3306 vocare
2736 3266 2859 3309 eum
2894 3251 2989 3319 qui
3024 3249 3335 3319 antiquitus
3367 3248 3491 3317 ejus

1910 3343 2147 3413 populus
2193 3348 2550 3411 nuncupatus
2588 3339 2692 3395 fuit
2720 3380 2741 3406 ,
2795 3355 2974 3410 neque
3023 3340 3155 3395 item
3203 3340 3488 3394 civitatem

1911 3449 2033 3503 quae
2065 3433 2241 3503 ipsius
2267 3432 2398 3487 olim
2441 3433 2717 3503 appellata
2755 3442 2861 3488 est.
2896 3430 3011 3487 Hoc
3055 3447 3185 3502 erga
3224 3446 3488 3501 maguum

1911 3523 2092 3581 Mosen
2127 3538 2349 3593 quoque
2379 3522 2524 3579 iecit.
2562 3522 2794 3590 Quando
2827 3523 2997 3588 cnim,
3029 3523 3269 3579 conﬂato
3296 3523 3490 3585 vitulo,

1910 3618 2100 3672 divino
2128 3617 2285 3670 illum
2311 3615 2466 3671 cultu
2496 3616 2738 3672 venerati
2771 3623 2936 3682 sunt,
2972 3614 3114 3669 dixit
3148 3615 3214 3668 ad
3258 3614 3493 3683 prophe—

1911 3720 2024 3769 tam
2065 3707 2209 3765 Deus
2252 3727 2265 3763 :
2326 3725 2345 3759 ι
2392 3706 2655 3772 Festina,
2690 3710 2948 3764 celeriter
3003 3707 3133 3763 hinc
3180 3704 3489 3761 descende:

1915 3799 2163 3868 peccavit
2207 3798 2359 3854 enim
2406 3799 2643 3870 populus
2692 3807 2866 3867 tuus,
2927 3813 3071 3869 quos
3128 3797 3372 3853 eduxisti
3426 3810 3496 3849 ex

1914 3891 2149 3963 ASgypto
2181 3899 2227 3945 τ.
2264 3909 2282 3942 ι
2322 3890 2413 3945 Ait
2458 3889 2648 3960 itaque
2700 3894 2717 3913 ⁶
2753 3889 2898 3945 Deus
2931 3889 2999 3945 ad
3052 3890 3233 3959 ipsum
3280 3902 3374 3957 per
3408 3901 3499 3940 ar-

1917 3984 2246 4054 changelum
2279 3999 2295 4038 :
2347 3981 2466 4037 Tua
2502 3983 2746 4039 admissa
2777 3982 3167 4053 deprecatione
3198 3979 3499 4035 concedam

1919 4084 1978 4133 ut
2002 4074 2379 4145 Hierosolyma
2400 4072 2727 4140 aediﬁcetur,
2752 4083 2806 4130 et
2828 4076 3086 4145 populum
3116 4082 3268 4128 tuum
3293 4070 3505 4141 jubebo

1919 4168 2154 4222 reditum
2187 4166 2244 4220 in
2281 4167 2519 4236 patriam
2552 4167 2842 4237 consequi.
2871 4166 2978 4221 Sed
3012 4173 3134 4236 post
3167 4164 3344 4234 ipsius
3376 4159 3501 4214 llie-

1919 4259 2213 4328 rosolymae
2247 4256 2690 4324 aediﬁcationem,
2734 4275 2831 4328 per
2856 4260 3296 4329 quadringentos
3318 4268 3493 4309 nonac

1921 4349 2071 4418 ginta
2110 4361 2284 4401 annos
2326 4347 2633 4401 secundum
2687 4348 2860 4419 legem
2909 4350 3157 4402 viventes
3209 4358 3500 4415 permane-

243 4436 539 4507 ὲῦδομάδες
561 4438 772 4491 ποιοῦσι
805 4439 1241 4510 χρόνον,ήμέρας
1264 4440 1502 4508 ἑκάστης
1534 4441 1611 4501 είς
1642 4440 1801 4493 ἐνιαυ‹

1925 4440 2080 4493 bunt.
2104 4439 2345 4491 Tantum
2368 4441 2512 4492 enim
2538 4443 2804 4509 temporis
2829 4440 3131 4495 coniiciunt
3156 4438 3500 4508 septuaginta

243 4529 337 4582 τὸν
387 4529 454 4582 λα
463 4531 633 4600 μόανο
640 4529 825 4601 μένης.

246 4621 424 4692 χρόνῳ
453 4622 551 4692 τήν
584 4621 960 4691 αἰχμαλωσίαν
991 4622 1168 4675 αὐτῶν
1202 4620 1551 4693 περιὼρισεν,
1594 4621 1823 4684 ἑπτάκις

902 4529 1121 4600 Ἐπειδὴ
1173 4530 1281 4601 γὰρ
1339 4529 1796 4601 ἑϐδομηκονταέτε

1920 4525 2325 4593 hebdomades,
2375 4527 2423 4582 si
2478 4530 2680 4598 singuli
2722 4531 2842 4585 dies
2893 4547 2990 4601 pro
3057 4529 3289 4601 singulis
3339 4528 3503 4582 annis

1918 4626 2327 4689 computentur.
2371 4620 2437 4673 Et
2467 4621 2596 4688 quia
2630 4623 3055 4692 septuagenario
3090 4636 3359 4675 annorqu
3397 4634 3501 4672 nu-

245 4713 326 4774 είς
349 4711 541 4766 ἑαυτὸν
564 4712 752 4766 τοῦτον
784 4714 1031 4779 ἀνελίξεις
1049 4714 1137 4767 τόν
1170 4714 1359 4786 χρόνον
1379 4715 1477 4784 τὴν
1505 4713 1643 4766 κατὰ
1664 4715 1801 4781 νόμοι

1919 4728 2070 4767 mero
2113 4711 2488 4780 captivitatem
2520 4729 2712 4767 eorum
2749 4715 3000 4769 deﬁnivit
3025 4757 3040 4782 ,
3095 4713 3303 4784 septies
3349 4712 3404 4765 in
3443 4726 3504 4765 se

247 4802 526 4858 πολιτείαν
593 4806 914 4877 περιορίζει.
981 4826 999 4858 ι
1068 4806 1475 4878 Ἐϐδομήκοντα
1533 4804 1801 4874 ἑϐδομάδε

1926 4807 2030 4859 hoc
2062 4812 2309 4873 tempore
2351 4805 2718 4874 multiplicato
2767 4807 3246 4863 conversationem
3297 4820 3505 4860 secun-

249 4894 667 4966 συνετμήθησαν
690 4896 755 4960 ⁸⁸,
792 4917 809 4950 ι
839 4899 960 4953 ἀντὶ
1025 4898 1118 4951 τοῦ
1140 4939 1154 4961 ,
1214 4896 1667 4967 ἐδοκιμάσθησαν,
1738 4913 1801 4950 κα

1923 4896 2051 4950 dum
2082 4895 2250 4961 legem
2286 4893 2493 4950 definit.
2533 4914 2551 4947 ι
2597 4896 2961 4969 Septuaginta
2996 4894 3376 4953 hebdomades
3408 4893 3518 4950 σε..

251 4985 579 5057 ἐκρίθησαν³
628 4988 771 5043 οὕτω
833 4991 940 5062 γάρ
994 5008 1135 5053 τινες
1190 4990 1298 5042 τῶν
1340 4986 1691 5059 ὲρμηνευτῶν
1732 4988 1796 5040 ὲκ

1929 4987 2232 5042 terminata:
2260 4994 2419 5052 sunt,
2449 5006 2467 5038 ι
2507 4987 2608 5042 hoc
2634 4998 2738 5056 est,
2775 4991 3015 5061 probata:
3041 4998 3191 5058 sunt,
3226 5001 3279 5046 et
3313 4989 3518 5044 decre‘

251 5075 584 5135 δεδώκασινθ
623 5101 640 5134 ι
672 5083 764 5137 ἐπὶ
810 5084 899 5137 τὸν
935 5084 1060 5137 λαόν
1105 5101 1219 5144 σου,
1268 5081 1360 5134 καὶ
1400 5081 1494 5133 ἐπὶ
1539 5079 1636 5151 τὴν
1678 5079 1799 5132 πόλι

1942 5086 2008 5132 tae
2039 5085 2203 5143 sunt,
2252 5077 2328 5131 ita
2374 5078 2521 5133 enim
2564 5083 2787 5150 quidam
2830 5084 3156 5154 interpretes
3177 5083 3515 5151 ediderunt.

331 5242 355 5272 τ
388 5241 558 5297 Exod.
582 5259 753 5307 xxxii,
791 5245 840 5297 7.

1543 5406 1776 5462 νΑιιιΑε
1818 5406 2197 5466 LECTIONES
2213 5446 2227 5463 .

355 5512 399 5543 ’⁵⁸
430 5514 510 5575 εἰς
540 5540 605 5550 -
629 5511 816 5567 ταῦτα.
850 5513 971 5568 Des.
1005 5516 1055 5567 in
1092 5514 1148 5567 Β.
1254 5516 1292 5549 ⁸¹
1328 5536 1420 5571 σου
1445 5549 1514 5559 -α-
1547 5523 1790 5592 παράπτ.
1821 5522 1931 5575 καί.
1964 5521 2086 5577 Des.
2119 5523 2171 5577 in
2201 5523 2265 5576 Α.
2342 5523 2384 5556 δ’
2408 5523 2510 5584 ἕως
2536 5551 2607 5561 --
2637 5520 2846 5575 τελεσθ.
2891 5520 3093 5618 ἀμαρτ.
3140 5513 3367 5570 Gemina
3415 5512 3509 5565 irt-s

355 5585 575 5618 ηιωιοιςη
676 5583 720 5614 ιι
757 5586 783 5618 Δ
817 5583 1225 5618 mum-neniis“...
1325 5588 1370 5618 tt
1402 5590 1425 5618 Α
1469 5591 1737 5618 1...---r_-
1835 5591 1879 5618 ιιι
1909 5593 2194 5618 2.--\-:.r...
2227 5612 2254 5618 _
2314 5594 2374 5618 λ..
2425 5591 2515 5618 ...Α
2573 5591 2643 5618 υ..
2690 5593 2711 5618 Α
2755 5590 2904 5618 ...ηηη
3032 5588 3051 5617 σ
3088 5586 3113 5618 Δ
3160 5583 3367 5618 $2.90.,-
3421 5579 3509 5618 In.

255 5585 594 5651 wrpretatio.
624 5660 627 5661 ν
676 5583 720 5614 ⁸³
748 5586 788 5635 Α
817 5583 1248 5661 συντελεσθῆναι.
1325 5588 1370 5619 ⁸⁸
1393 5590 1434 5643 Α
1466 5579 1755 5661 ἀμαρτίας.
1835 5591 1879 5623 ⁸⁵
1906 5593 2197 5660 ἀπαλεῖψαι
2226 5612 2274 5647 τ.
2310 5594 2393 5647 ἀν.
2425 5579 2535 5645 καί.
2572 5591 2645 5645 Ex
2679 5593 2721 5646 A
2754 5579 2943 5661 suppl:
3007 5579 3051 5661 ξδ
3079 5586 3126 5661 ΑΔ
3159 5579 3511 5661 ἀδικίας.ηιιια

260 5647 636 5777 ιῆυῗὲμοῃρυῧι
674 5668 898 5778 patina.I
939 5654 983 5778 :7
1023 5647 1173 5779 λριοῦ.
1208 5657 1282 5712 ita
1316 5674 1437 5715 cum
1475 5647 1518 5713 B'
1544 5647 1643 5733 leg.
1681 5647 1844 5718 Sirm.
1874 5662 2025 5718 Θεοῦ.
2104 5647 2146 5694 ί⁸
2178 5680 2397 5733 συνετμ.
2434 5662 2513 5717 Ad
2543 5647 2984 5717 ThcoJot.'l'tattc
3008 5655 3290 5709 lectionem
3329 5649 3507 5707 refert

314 5736 347 5777 ο
437 5764 449 5775 .
484 5738 542 5777 ιη
622 5739 798 5779 exzto.
836 5740 884 5779 at
967 5744 999 5779 l.
1075 5765 1087 5778 .

437 5764 449 5775 .
484 5738 542 5777 ιη
576 5738 798 5794 uexapt.
836 5738 898 5779 au
951 5738 999 5779 n.
1055 5738 1087 5779 ι.
