3912 6206
461 291 592 357 1471

1436 284 1920 345 THEODORETI
1954 283 2294 343 EPISCOPI
2323 282 2680 344 CYRENSIS

3546 283 3673 348 14ἳὲ

465 431 484 462 ι
523 420 688 477 super
734 402 989 474 populum
1021 407 1197 464 tuum,
1231 413 1285 453 et
1331 413 1498 466 super
1551 399 1742 452 urbem
1781 405 2029 451 sanctam

2152 413 2227 448 mu
2259 397 2357 466 τὴν
2386 397 2564 464 ἁγίαν,
2583 396 2688 458 ἕως
2708 393 2801 446 τοῦ
2839 392 3214 464 παλαιωθῆναι
3239 392 3301 447 τὸ
3334 395 3673 468 παράπτωμα,

460 513 652 564 tuam,
702 497 874 551 donec
911 494 1232 560 antiquetur
1270 490 1646 558 prmrariratio
1683 496 1737 542 et
1771 502 2030 541 consum-

462 599 642 644 metnr
686 590 992 654 peceatum,
1027 599 1044 631 ι
1074 580 1128 634 id
1185 588 1318 644 est,
1382 578 1560 632 donec
1603 589 1867 648 augeatur
1925 577 2032 630 im-

457 681 586 749 pius
635 678 880 743 ipsorum
934 681 1168 726 conatus
1197 712 1212 736 ,
1265 677 1318 724 et
1361 678 1648 739 peceatum
1708 669 1775 722 ad
1822 667 2030 721 exitum

465 765 674 836 1240
698 763 1048 832 perducatur.
1075 759 1354 814 Peccatum
1377 767 1558 812 autem
1582 766 2030 822 consummatum,

460 866 514 911 et
545 853 1030 922 prwvaricationem
1061 853 1418 920 antiquatam,
1455 850 1573 904 sive
1606 859 1847 909 auctam,
1879 857 1931 902 et
1965 846 2032 900 ad

461 961 738 1001 summum
771 944 1091 1014 perductam
1119 983 1132 1007 ,
1178 957 1404 996 crucem
1438 947 1638 1002 vocat,
1691 954 1857 1009 quam
1913 940 2035 994 ausi

463 1039 541 1091 illi
582 1044 712 1092 sunt
747 1043 942 1089 contra
982 1033 1275 1088 Dominum
1326 1047 1546 1101 parare.
1584 1029 1719 1084 Nam
1764 1038 1891 1085 ante
1935 1031 2038 1085 hoc

461 1139 684 1198 tempus
712 1128 919 1182 infinita
956 1127 1076 1180 ausi
1118 1125 1366 1178 facinora
1402 1139 1602 1194 poenas
1636 1122 1944 1188 dederunt,
1984 1129 2038 1177 et

463 1221 686 1274 luerunt
717 1218 992 1288 supplicia
1019 1231 1118 1286 pro
1143 1217 1212 1270 iis
1235 1230 1356 1284 quae
1381 1224 1689 1284 patrarant,
1721 1215 1814 1268 sed
1845 1228 2038 1269 rursus

466 1311 756 1380 impetrata
789 1310 944 1364 venia
979 1307 1272 1362 clementia
1308 1307 1458 1376 digni
1499 1307 1672 1360 habiti
1710 1317 1881 1362 sunt:
1918 1313 2042 1377 post

463 1401 735 1456 insaniam
781 1415 954 1464 vero,
1005 1414 1112 1468 qua
1171 1407 1364 1453 contra
1430 1397 1720 1452 Dominum
1777 1397 2041 1452 concitati

463 1492 651 1548 crucis
685 1491 901 1546 facinus
931 1491 1050 1546 ausi
1085 1489 1238 1544 fuere
1263 1530 1276 1551 ,
1312 1505 1596 1559 nunquam
1640 1489 1875 1544 assecuti
1915 1497 2043 1543 sunt

465 1593 528 1637 ut
563 1583 616 1636 in
649 1582 940 1651 pristinum
984 1589 1188 1634 statum
1220 1580 1650 1634 restituerentur
1677 1619 1690 1643 ,
1742 1580 1886 1634 sicut
1913 1579 2044 1648 ipsa:

465 1688 556 1728 res
610 1675 869 1725 clamant.
926 1671 1126 1725 Verum
1177 1687 1300 1724 cum
1363 1671 1596 1738 amplius
1650 1669 2042 1738 quadringenti

465 1762 835 1832 quadraginta
876 1761 1187 1816 efﬂuxerint
1232 1762 1360 1815 anni
1390 1805 1404 1824 ,
1446 1761 1680 1828 dispersi
1724 1777 1822 1830 per
1851 1763 2042 1815 orbem

467 1866 737 1912 terrarum
760 1897 774 1919 ,
799 1871 863 1908 ex
897 1856 1021 1909 aliis
1049 1860 1101 1907 in
1129 1855 1234 1906 alia
1269 1855 1390 1906 loca
1423 1854 1724 1922 migrantes
1759 1862 2042 1919 vagantur.

465 1947 681 2002 Idcirco
735 1954 965 2000 sanctus
1017 1945 1388 2014 archangelus
1441 1945 1604 1999 beato
1668 1943 1873 1998 Danieli
1928 1945 2042 1997 ait:

471 2056 491 2090 ι
527 2035 884 2108 Septuaginta
909 2035 1286 2091 hebdomades
1310 2036 1694 2090 determinataa
1727 2045 1856 2091 sunt
1882 2051 2047 2104 super

465 2133 726 2198 popudum
763 2136 954 2192 tuum,
1000 2134 1054 2180 et
1099 2141 1265 2194 super
1307 2127 1496 2179 urbem
1554 2136 1797 2180 sanetam
1848 2135 1997 2179 tuam
2029 2164 2042 2188 ,

466 2221 644 2274 donec
708 2220 1030 2287 antiquetur
1093 2219 1480 2286 praevaricatio
1537 2226 1592 2273 et
1630 2225 2048 2272 consummetur

465 2318 775 2380 peccatum.
827 2326 848 2358 ι
884 2307 953 2361 Et
978 2307 1107 2376 quia
1139 2306 1404 2360 Dominus
1429 2307 1687 2362 Christus
1724 2307 1778 2360 in
1828 2321 1888 2361 se
1927 2321 2048 2360 cre-

2135 489 2229 540 καὶ
2251 487 2342 540 τοῦ
2370 489 2687 558 τελεσθῆναι
2713 487 2987 557 ἁμαρτίαν
3007 503 3020 516 ·
3035 507 3051 537 ι
3090 487 3215 540 ἀντὶ
3233 485 3328 539 τοῦ
3350 528 3364 551 ,
3387 489 3487 551 ἓως
3512 491 3570 543 ἂν
3590 494 3674 545 αὺ-

2136 577 2268 649 ξηθῇ
2305 579 2482 631 αὐτῶν
2511 579 2571 630 τὸ
2615 579 2871 647 δυσσεϐὲς
2905 578 3183 649 τόλμημα,
3238 581 3332 633 καὶ
3375 582 3518 646 τέλος
3559 586 3678 662 λάϐῃ

2135 669 2168 738 ἡ
2203 669 2465 738 ἁμαρτία.
2496 669 2658 736 Λέγει
2715 667 2770 719 δὲ
2803 667 3091 736 ἁμαρτίαν
3133 671 3581 736 τελειουμένην,
3602 679 3678 728 καὶ

2137 756 2502 825 παράπτωμα
2535 756 2984 824 παλαιούμενον
3005 797 3019 820 ,
3053 756 3152 809 εἴτ’
3199 752 3296 810 οὖν
3327 758 3676 830 αὐξανόμενον,

2137 850 2225 902 καὶ
2262 852 2340 910 είς
2383 848 2609 918 ἔσχατον
2643 849 3059 918 ἀφικνούμενον,
3090 847 3187 900 τὸν
3220 849 3364 901 κατά
3385 850 3476 902 τοῦ
3503 853 3678 922 Κυρίου

2135 939 2474 1010 τολμηθέντα
2509 941 2758 1011 σταυρόν.
2797 939 2911 1010 Πρὸ
2941 939 3040 1008 μὲν
3074 938 3189 1010 γὰρ
3217 938 3409 992 τούτου
3444 943 3598 1012 μυρία
3619 962 3682 997 τε.

2136 1030 2470 1101 τολμηκότες
2497 1031 2643 1083 κακὰ
2672 1030 2859 1084 ἔδοσαν
2895 1031 2992 1100 μὲν
3018 1029 3198 1092 δίκας,
3218 1031 3314 1082 καὶ
3347 1028 3522 1083 ἔτισαν
3540 1050 3682 1104 τιμω-

2143 1121 2262 1191 ρίας
2292 1120 2428 1190 ὑπὲρ
2460 1112 2534 1172 ὧν
2561 1119 3013 1190 ἐπλημμέλησαν,
3035 1119 3174 1172 ἀλλά
3199 1120 3364 1174 πάλιν
3393 1122 3682 1193 συγγνώμης

2139 1211 2543 1274 ἀπολαύσαντες
2593 1210 3001 1280 φιλανθρωπίας
3053 1211 3377 1280 ἠξιώθησαν
3415 1228 3429 1242 ο
3472 1214 3595 1282 μετά
3639 1217 3682 1268 δὲ

2139 1305 2239 1375 τὴν
2273 1304 2414 1357 κατά
2455 1304 2547 1358 τοῦ
2581 1303 2853 1357 Δεσπότου
2896 1303 3117 1374 μανίαν,
3145 1303 3357 1357 καὶτὸν
3387 1304 3681 1375 τολμηθέντα

2145 1396 2379 1468 σταυρὸν
2404 1436 2418 1459 ,
2445 1397 2704 1467 οὐδεμιᾶς
2762 1397 2949 1468 ἔτυχον
2976 1397 3020 1430 ⁸³
3050 1399 3411 1469 ἀνακλήσεως
3432 1438 3446 1462 ,
3475 1399 3542 1461 ὡς
3573 1401 3682 1454 αὕτά

2147 1490 2246 1561 βοᾷ
2270 1490 2340 1542 τὰ
2388 1491 2693 1560 πράγματα
2716 1507 2729 1519 ·
2764 1489 2902 1542 ἀλλὰ
2952 1489 3225 1543 πλειόνων
3259 1491 3681 1561 ἦτεσσαράκοντα

2146 1583 2239 1635 καὶ
2302 1583 2668 1650 τετρακοσίων
2733 1581 3140 1652 διαδραμόντων
3197 1584 3335 1635 ὲτῶν
3363 1584 3409 1615 ³⁸
3457 1585 3682 1655 σποράδες

2153 1691 2215 1743 με
2227 1673 2515 1742 μενήκασι,
2549 1673 2760 1740 καὶτῆς
2787 1672 3110 1742 οἰκουμένης
3146 1673 3412 1743 μέτοικοι.
3443 1675 3534 1727 Διά
3558 1675 3682 1729 τοῦτό

2152 1782 2283 1834 φησι
2336 1763 2413 1833 τῷ
2467 1763 2717 1833 μακαρίῳ
2774 1763 2971 1832 Δανιὴλ
3027 1765 3054 1814 6
3109 1763 3272 1832 ἅγιος
3334 1765 3676 1834 ἀρχάγγελος.

2153 1875 2172 1906 ‹
2225 1855 2622 1925 Ἐσδομήκοντα
2679 1854 2971 1925 ὲόδομάδες
3025 1857 3450 1926 συνετμήθησαν
3485 1857 3567 1909 ἐπὶ
3612 1857 3682 1910 τόν

2147 1947 2274 2000 λαόν
2300 1963 2412 2008 σου,
2445 1947 2539 2000 καὶ
2582 1946 2672 1998 ἐπὶ
2718 1945 2815 2015 τὴν
2848 1946 3002 1998 πόλιν
3033 1947 3134 2018 τὴν
3161 1947 3326 2015 ἁγίαν
3354 1965 3464 2012 σου,
3498 1947 3588 2006 ἕως
3607 1947 3678 2000 τοῦ

2148 2036 2522 2108 παλαιωθῆναι
2571 2037 2632 2089 τὸ
2688 2038 3063 2108 παράπτωμα,
3115 2041 3212 2092 καὶ
3263 2037 3358 2091 τοῦ
3409 2038 3679 2108 τελεσθῆναι

2147 2127 2476 2199 ἁμαρτίαν.»
2510 2129 2621 2180 Καὶ
2644 2128 2829 2198 ἐπειδὴ
2858 2127 3082 2199 ἔμελλεν
3111 2133 3140 2181 6
3185 2130 3464 2200 Δεσπότης
3491 2132 3678 2201 Χριστὸς

2144 2225 2258 2284 τοῖς
2281 2224 2359 2284 είς
2391 2220 2554 2274 αὐτὸν
2581 2219 2896 2272 πιστεύουσι
2940 2219 3049 2272 τῶν
3079 2223 3497 2292 ἁμαρτημάτων
3531 2222 3680 2291 δωρεῖ-

2149 2311 2272 2364 σθαι
2308 2311 2406 2380 τὴν
2431 2310 2646 2377 ἄφεσιν,
2673 2311 2748 2374 ὡς
2793 2311 2887 2363 καὶ
2925 2313 2953 2363 6
2990 2312 3265 2382 μακάριος
3295 2313 3535 2383 Ἰωάννης
3560 2314 3675 2377 ἐϐόα,

466 2400 727 2455 dentibus
774 2408 999 2468 peccata
1047 2399 1384 2454 remissurus
1416 2406 1582 2468 atque
1625 2399 2045 2453 condonaturus

2152 2401 2318 2469 λέγων
2341 2419 2352 2432 ·
2374 2420 2393 2452 ι
2420 2400 2525 2454 Ἴδε
2557 2403 2585 2454 6
2612 2401 2781 2470 ἀμνὸς
2804 2400 2897 2453 τοῦ
2917 2401 3050 2454 Θεοῦ
3078 2405 3106 2456 6
3135 2403 3308 2473 αἴρων
3334 2403 3431 2474 τὴν
3453 2405 3678 2475 ἁμαρτίαν

465 2497 585 2545 erat
615 2528 629 2549 ,
665 2497 724 2542 ut
765 2490 931 2544 etiam
981 2491 1175 2545 beatus
1206 2488 1448 2545 Joannes
1489 2490 1880 2554 exclamabat,
1922 2503 2046 2543 cum

2152 2493 2238 2547 τοῦ
2269 2493 2497 2562 κόσμου,
2535 2511 2554 2544 ι
2587 2493 2811 2555 εἰκότως
2845 2493 3091 2564 ἐπήγαγε
3121 2509 3135 2522 ⁶
3174 2512 3193 2544 ι
3229 2494 3342 2547 Καὶ
3374 2495 3463 2548 τοῦ
3492 2497 3676 2566 σφραγί-

466 2582 676 2636 diceret
708 2599 721 2633 :
760 2600 779 2633 ‹
819 2580 960 2636 Ecce
985 2596 1163 2652 agnus
1194 2582 1288 2635 Dei
1321 2583 1415 2651 qui
1450 2582 1596 2634 tollit
1625 2590 1851 2650 peccata
1879 2595 2043 2635 mun-

2152 2602 2241 2638 σαι
2270 2584 2564 2656 ἁμαρτίας,
2611 2586 2704 2638 καὶ
2736 2583 2830 2637 τοῦ
2869 2584 3175 2654 ἀπαλεῖψαι
3210 2585 3458 2655 ἀνομίας.
3492 2587 3572 2639 καὶ
3606 2586 3676 2638 τοῦ

466 2674 526 2730 di
557 2684 580 2712 ⁸
610 2713 624 2739 ,
661 2693 681 2728 ι
725 2676 923 2730 merito
965 2675 1203 2743 subjecit
1233 2693 1248 2729 :
1294 2695 1311 2726 ι
1345 2675 1413 2728 Ει
1458 2674 1523 2728 ad
1555 2674 1886 2744 signandum
1920 2687 2048 2742 pec-

2152 2676 2500 2742 ὲξιλὰσασθαι
2527 2676 2764 2741 ἀδικίας.
2809 2695 2827 2727 ι
2871 2677 3166 2750 Ἀπήλειψε
3217 2677 3320 2748 μὲν
3347 2678 3450 2748 γὰρ
3479 2679 3565 2740 τὰς
3581 2679 3675 2732 ἀνο-

467 2775 615 2832 cata,
645 2777 696 2821 et
719 2764 787 2819 ad
815 2767 1109 2822 delendum
1133 2767 1486 2836 iniquitates,
1512 2775 1567 2821 et
1593 2766 1660 2820 ad
1687 2765 2048 2835 expiationem

2155 2772 2284 2842 μίας
2317 2771 2424 2824 τῶν
2479 2771 2559 2834 είς
2616 2770 2781 2824 αὑτὸν
2814 2771 3266 2823 πεπιστευκότων
3292 2811 3306 2834 ,
3340 2770 3600 2838 ἐξαλείψας
3634 2769 3678 2820 τὸ

467 2866 696 2928 propter
742 2859 1073 2927 injustitias.
1113 2879 1131 2912 ι
1175 2858 1388 2914 Delevit
1409 2860 1554 2914 enim
1592 2858 1920 2926 iniquitates
1960 2869 2048 2909 eo-

2152 2865 2275 2917 καθ’
2303 2862 2459 2934 ἡμῶν
2488 2855 2926 2934 χειρόγραφον,ᾖ
2955 2880 3120 2932 φησιν
3146 2863 3175 2914 6
3208 2862 3473 2933 μακάριος
3493 2861 3673 2921 Παῦλος.

469 2963 594 3004 rum
621 2948 712 3017 qui
737 2949 1092 3005 crediderunt
1119 2951 1175 3004 in
1205 2951 1384 3020 ipsum
1410 2989 1424 3014 ,
1467 2949 1648 3003 deleto
1678 2945 1826 3016 quod
1855 2952 2048 2999 contra

2166 2953 2498 3023 Ἐσφράγισε
2536 2954 2592 3007 δὲ
2621 2954 2720 3017 τὰς
2752 2955 3046 3025 ἁμαρτίας,
3085 2953 3305 3017 παύσας
3333 2954 3428 3023 μὲν
3457 2953 3544 3024 τὴν
3569 2953 3678 3005 κατὰ

471 3053 576 3094 nos
595 3048 715 3094 erat
734 3040 1127 3112 chirographo,
1149 3041 1315 3096 sicuti
1343 3041 1538 3094 beatus
1559 3037 1765 3092 Paulus
1788 3037 1987 3092 asserit
2007 3036 2048 3089 ι.

2155 3047 2320 3117 νόμον
2358 3047 2657 3108 πολιτείαν,
2681 3046 2779 3118 τὴν
2798 3047 2853 3100 δὲ
2883 3046 2974 3100 τοῦ
3005 3047 3327 3117 Πνεύματος
3347 3045 3676 3116 δωρησάμενος

470 3131 798 3204 Obsignavit
829 3142 1010 3189 autem
1051 3141 1304 3202 peccata,
1340 3131 1470 3186 dum
1493 3131 1618 3184 vita:
1643 3129 1944 3185 secundum
1977 3127 2048 3182 le-

2155 3137 2336 3209 χάριν,
2367 3139 2459 3206 ὑφ’
2500 3133 2568 3207 ἦς
2609 3136 2965 3208 βοηθούμενοι
2999 3138 3374 3208 περιγίνονται
3405 3137 3502 3188 τῶν
3531 3134 3677 3189 παθῶν

472 3239 592 3294 gem
611 3226 928 3296 composita:
957 3226 1118 3280 linem
1142 3227 1159 3245 ‘
1179 3222 1539 3294 imposuit.et
1565 3221 1798 3291 spiritus
1818 3219 2048 3290 gratiam

2156 3231 2206 3283 οἱ
2264 3227 2650 3300 πνευματικῶς
2696 3227 3122 3298 πολιτευόμενοι.
3189 3223 3286 3292 Οἷς
3341 3226 3676 3300 προστέθεικε-

473 3318 702 3389 largitus
727 3330 954 3390 est,qua
979 3318 1152 3388 adjuti
1172 3319 1267 3387 qui
1293 3315 1653 3386 spiritualiter
1675 3313 1868 3366 vivunt
1893 3328 2059 3382 supe-

472 3419 598 3463 rant
618 3409 955 3465 affectiones.
975 3410 1055 3464 Ad
1081 3411 1192 3462 haac
1209 3407 1422 3462 addidit
1445 3424 1490 3460 ει
1512 3405 1655 3459 Etad
1673 3403 2057 3459 adducendum

471 3501 751 3571 justitiam
779 3503 1194 3573 sempiternam.
1221 3519 1239 3552 ι
1266 3497 1488 3553 Justitia
1513 3506 1691 3552 autem
1723 3497 2061 3566 sempiterna

481 3593 943 3665 1241pr0prie
998 3595 1118 3664 ipse
1173 3592 1440 3646 Dominus
1499 3589 1757 3645 Christus
1813 3597 1916 3644 est.
1983 3587 2060 3644 De

477 3684 572 3737 illo
589 3686 733 3738 enim
774 3686 970 3740 beatus
1005 3685 1208 3739 Paulus
1235 3685 1312 3736 ait
1346 3701 1359 3736 :
1398 3700 1416 3733 ι
1461 3679 1636 3736 Datus
1684 3692 1768 3736 est
1805 3679 1965 3734 nobis
1999 3686 2060 3733 ut

479 3785 625 3829 esset
653 3777 923 3844 sapientia
955 3791 985 3830 a
1010 3775 1144 3840 Deo,
1179 3783 1235 3830 et
1272 3773 1508 3842 justitia,
1539 3779 1594 3827 et
1623 3771 1978 3836 santilicatio,
2008 3777 2062 3825 et

479 3865 784 3935 redemptio
800 3875 883 3920 ιι.»
928 3867 994 3922 Ει
1022 3866 1090 3922 de
1115 3867 1408 3937 Evangelio
1432 3865 1693 3920 Romanis
1731 3865 1782 3918 in
1818 3863 2062 3935 Epistola

479 3956 730 4012 scribens
760 3957 898 4013 dixit
934 3978 948 4014 :
990 3979 1008 4011 ι
1043 3958 1268 4016 Justitia
1318 3958 1413 4015 Dei
1455 3959 1510 4014 in
1551 3974 1617 4014 eo
1666 3957 2007 4014 revelatur'.
2037 3976 2055 4009 ι

483 4047 767 4119 Siquidem
794 4051 1124 4108 liberalitate
1149 4068 1284 4107 usus
1306 4093 1320 4115 ,
1377 4062 1596 4106 aeterna:
1646 4050 1773 4104 vitae
1801 4049 2064 4105 concilia-

481 4144 674 4197 tricem
699 4143 972 4214 justitiam
1017 4146 1083 4200 iis
1113 4146 1204 4216 qui
1241 4146 1296 4199 in
1324 4145 1482 4199 illum
1523 4143 1880 4219 crediderunt
1936 4158 2062 4214 gra-

481 4233 724 4290 tilicatus
772 4244 856 4290 est
896 4252 1100 4307 :quam
1169 4237 1335 4290 etiam
1404 4241 1464 4288 ut
1522 4241 1772 4304 peterent
1842 4230 2061 4289 orantes

480 4326 734 4382 hortatus
759 4327 976 4383 fuerat:
1018 4348 1036 4380 ι
1073 4328 1270 4392 Petite,
1337 4327 1615 4397 inquiens,
1661 4342 1886 4397 regnum
1941 4327 2056 4390 Dei.

481 4427 538 4474 et
564 4419 841 4489 justitiam
870 4422 992 4490 ejus
1010 4430 1057 4476 ι.
1094 4442 1111 4473 ι
1147 4420 1362 4474 Idcirco
1381 4428 1613 4474 sanctus
1633 4418 1852 4474 Gabriel
1887 4434 2057 4490 appo-

482 4511 589 4565 site
617 4512 759 4566 dixit
799 4531 812 4567 :
844 4531 863 4564 ι
905 4512 969 4566 Et
1001 4513 1066 4567 ad
1109 4511 1495 4567 adducendum
1528 4511 1800 4580 justitiam
1855 4513 2058 4580 sempio

481 4611 716 4656 lernam.
774 4621 792 4654 ι
858 4601 1075 4671 Adjecit
1131 4610 1365 4657 autem:
1428 4620 1446 4653 ‹
1514 4601 1582 4654 Et
1641 4598 1708 4653 ad
1733 4597 2056 4669 signandum

481 4692 750 4749 visionem
777 4702 833 4749 et
862 4695 1208 4763 pr0phetam,
1242 4711 1260 4744 ι
1301 4694 1404 4747 hoc
1424 4700 1529 4757 est,
1570 4692 1637 4746 ad
1663 4690 2055 4760 imponendum

483 4784 648 4841 ﬁnem
719 4789 980 4843 omnibus
1033 4789 1314 4843 vaticiniis
1358 4806 1371 4843 :
1420 4808 1437 4840 ι
1487 4787 1642 4844 Finis
1705 4788 1852 4842 enim
1918 4789 2056 4859 legis

483 4873 764 4940 Christus,
798 4878 864 4931 ad
889 4878 1163 4946 justitiam
1209 4879 1356 4932 omni
1396 4878 1642 4934 credenti
1665 4887 1751 4940 γρ
1780 4884 1835 4933 et
1860 4878 1927 4932 ad
1952 4879 2056 4933 hoc

481 4961 840 5032 eﬂlciendum,
879 4977 940 5022 ut
981 4984 1010 5023 a
1056 4968 1368 5026 Iudaeorum
1419 4971 1644 5024 natione
1680 4971 1735 5023 in
1783 4970 2056 5039 reliquum

482 5061 705 5124 tempus
751 5059 1128 5127 propheticum
1184 5077 1386 5118 munus
1444 5061 1684 5118 deficiat.
1737 5059 1857 5114 Nisi
1911 5061 2057 5115 enim

2165 3341 2184 3375 ι
2217 3322 2325 3375 Καὶ
2371 3321 2463 3374 τοῦ
2516 3322 2746 3389 ἀγαγεῖν
2809 3320 3160 3387 δικαιοσύνην
3201 3319 3478 3374 αἰώνιον.»
3511 3321 3678 3370 Δικαιο-

2161 3415 2293 3486 σύνη
2334 3415 2387 3467 δὲ
2452 3413 2669 3476 αἰώνιος
2703 3413 2908 3482 κυρίως
2932 3413 2976 3443 ⁵¹
3004 3413 3156 3464 ἐστὶν
3203 3411 3362 3473 αὐτὸς
3395 3413 3422 3464 6
3453 3408 3678 3478 Δεσπότης

2159 3507 2412 3578 Χριστός.
2448 3507 2584 3576 Περὶ
2604 3505 2712 3576 γὰρ
2740 3503 2905 3558 αὑτοῦ
2948 3521 3114 3574 φησιν
3148 3507 3176 3558 6
3203 3503 3460 3574 μακάριος
3485 3498 3674 3559 Παῦλος·

2166 3617 2185 3651 ι
2235 3598 2420 3668 Ἐδόθη
2447 3598 2492 3629 ⁸³
2521 3599 2652 3668 ἡμῖν
2681 3596 2843 3660 σοφία
2870 3595 2977 3648 ἀπὸ
3014 3595 3176 3658 Θεοῦ,
3208 3595 3506 3661 δικαιοσύνη
3537 3609 3586 3643 τε
3610 3588 3677 3642 καὶ

2162 3688 2448 3756 ἁγιασμὸς,
2475 3687 2568 3740 καὶ
2597 3685 2994 3755 ἀπολύτρωσις.
3022 3704 3040 3736 ι
3077 3687 3192 3739 Καὶ
3223 3684 3349 3755 περὶ
3375 3682 3461 3736 τοῦ
3486 3683 3672 3748 Εὖαγγε-

2161 3781 2276 3834 λίου
2307 3780 2365 3832 δὲ
2408 3779 2698 3847 Ῥωμαίοις
2733 3777 3063 3831 ἐπιστέλλων
3099 3779 3227 3848 ἔφη,
3257 3779 3336 3830 ὅτι
3359 3796 3378 3828 ‹
3410 3769 3674 3837 Δικαιοσύνη

2161 3873 2294 3927 Θεοῦ
2323 3873 2378 3923 ἐν
2401 3871 2548 3941 αὐτῷ
2578 3868 3044 3924 ἀποκαλύπτεται.
3077 3888 3095 3921 ι
3117 3867 3338 3939 Ἐπειδὴ
3365 3867 3418 3920 δὲ
3450 3858 3677 3934 φιλοτιμίᾳ

2161 3962 2528 4033 χρησάμενος,
2561 3959 2654 4012 καὶ
2683 3957 2782 4029 τὴν
2837 3957 3096 4028 πρόξενον
3129 3959 3230 4027 τῆς
3281 3955 3486 4009 αἰωνίου
3512 3946 3676 4018 ζωῆς⁸³

2161 4051 2504 4118 δικαιοσύνην
2542 4050 2652 4111 τοῖς
2686 4049 2765 4110 εἰς
2797 4047 2959 4100 αὐτὸν
3014 4045 3431 4099 πεπιστευκόσιν
3462 4043 3503 4073 ⁸⁸
3531 4035 3675 4108 ἐχαρί-

2165 4161 2313 4208 σατο,
2343 4143 2410 4213 ἣν
2433 4141 2527 4194 καὶ
2558 4142 2729 4193 αἰτεῖν
2752 4140 3215 4210 προσευχομένοις
3262 4131 3672 4208 παρεκελεύσατο·

2168 4254 2186 4287 ι
2216 4237 2424 4288 Αἰτεῖτε
2446 4234 2513 4298 ⁸³,
2543 4231 2741 4300 λέγων,
2764 4230 2862 4301 τὴν
2889 4230 3167 4301 βασιλείαν
3204 4229 3296 4282 τοῦ
3326 4226 3469 4286 Θεοῦ,
3501 4222 3579 4277 καὶ
3601 4218 3672 4286 τὴν

2161 4325 2503 4393 δικαιοσύνην
2536 4321 2732 4376 αὑτοῦ·
2769 4343 2788 4372 ι
2833 4322 3146 4390 ἀναγκαίως
3190 4317 3342 4375 εἷπεν
3381 4320 3405 4370 6
3437 4315 3569 4383 ἅγιος
3595 4311 3672 4362 Γα-

2163 4418 2322 4490 ϐριὴλ
2339 4434 2380 4468 ἰ
2406 4416 2517 4470 Καὶ
2529 4413 2621 4468 τοῦ
2645 4415 2872 4482 ἀγαγεῖν
2895 4411 3242 4482 δικαιοσύνην
3268 4411 3512 4463 αἰώνιον.)
3538 4404 3670 4472 Προε-

2161 4511 2371 4566 τέθεικε
2399 4508 2482 4561 δέ·
2514 4526 2531 4558 ι
2557 4506 2666 4558 Καὶ
2698 4505 2791 4558 τοῦ
2826 4505 3123 4575 σφραγίσαι
3151 4505 3337 4573 ὅρασιν
3365 4499 3451 4550 καὶ
3496 4491 3666 4564 προφὴ-

2161 4618 2289 4672 την·
2329 4619 2347 4652 ι
2391 4597 2660 4659 τουτέστι,
2689 4592 2783 4647 τοῦ
2819 4593 3001 4646 δοῦναι
3038 4592 3136 4663 μὲν
3167 4591 3315 4652 τέλος
3346 4586 3557 4644 ἀπάσαις
3578 4578 3666 4636 ταῖς

2163 4690 2521 4763 προφητείαις
2539 4703 2552 4716 ⁸
2586 4705 2604 4738 ⁸
2629 4685 2797 4748 Τέλος
2836 4685 2945 4754 γὰρ
2976 4684 3142 4754 νόμου
3167 4681 3391 4754 Χριστὸς
3417 4677 3488 4738 ei;
3509 4674 3666 4763 δικαιο-

2163 4782 2328 4852 σύνην
2379 4777 2546 4833 ’ττοιντλ⁸
2571 4775 2649 4847 τῷ
2677 4777 3020 4829 πιστεύοντι·
3053 4794 3070 4826 ι
3104 4772 3305 4827 παῦσαι
3335 4769 3386 4822 δὲ
3415 4763 3570 4818 λοιπὸν
3591 4755 3664 4825 τὴν

2163 4848 2510 4946 προφητικὴν
2537 4869 2696 4939 χάριν
2723 4867 2830 4920 ἀπὸ
2869 4866 2964 4920 τοῦ
3003 4867 3266 4920 Ἰουδαίων
3287 4863 3472 4920 ἔθνους.
3494 4855 3558 4946 ,Εἰ
3581 4848 3663 4946 τάξ)

2169 4937 2242 5036 μὴ
2285 4937 2624 5030 ἐπιφανεὶςό
2655 4958 2932 5025 Δεσπότης
2979 4957 3212 5027 Χριστὸς
3257 4945 3499 5018 πεποίηκέ
3585 4937 3660 5036 fuit

2169 5027 2457 5118 πέπονθεν,
2487 5050 2631 5120 ἅπερ
2669 5050 2717 5101 οἱ
2752 5048 3026 5120 προφῆται
3049 5050 3332 5118 -προείπον,
3362 5042 3450 5094 οὐκ
3476 5036 3530 5090 ἂν
3558 5027 3662 5083 ἐδεί-

557 5223 579 5253 ³
608 5211 765 5268 Joan.
805 5231 842 5278 ι,
877 5215 966 5271 29.
1051 5216 1299 5273 tColoss.
1345 5234 1407 5281 ιι,
1445 5217 1528 5271 14.
1607 5226 1634 5254 ιι
1659 5220 1676 5270 1
1701 5217 1827 5272 Cor.
1864 5219 2016 5282 1,50.

2152 5216 2306 5270 Rom.
2334 5229 2372 5278 ι,
2400 5211 2483 5265 l7.
2560 5218 2586 5246 ι
2617 5207 2810 5263 Matth.
2838 5208 3024 5271 v1.55.
3100 5216 3129 5257 1
3159 5209 3372 5264 Βοιωτ,
3404 5195 3450 5250 ό.

1786 5378 2020 5435 νΑιιιΕ
2059 5372 2463 5432 LECTIONES.

526 5508 569 5540 δ’
599 5506 640 5561 Β
675 5505 878 5584 ἔτυχεν..
921 5508 966 5584 το
990 5509 1068 5562 ὲτ.
1100 5508 1138 5561 Β
1159 5511 1436 5584 ἐνιαυτῶν.
1478 5512 1670 5584 ⁵¹νκυρ.
1696 5513 1741 5584 Β
1769 5513 1893 5566 add.
1923 5511 2038 5580 μέν.
2081 5514 2228 5584 δίίέδ.
2259 5515 2336 5568 Ita
2371 5526 2587 5584 quoque
2618 5521 2804 5584 supra,
2829 5505 2895 5560 ad
2924 5503 3062 5584 p_s_al_.
3092 5516 3240 5564 xcm,
3263 5497 3325 5583 μδ
3347 5477 3641 5584 {Da-{fma

486 5577 593 5653 leg.
622 5577 713 5653 sed
747 5567 962 5653 tl'lll,_l.
1000 5587 1134 5653 (urget
1162 5581 1287 5634 alibi
1319 5589 1498 5636 exstat
1524 5567 1776 5652 ἐγενήθη.
1805 5567 1963 5653 juxta
1997 5597 2106 5636 rec.
2132 5567 2276 5639 lect;
2327 5567 2442 5636 ⁵³’Β
2463 5567 2608 5651 ζωῆς
2632 5567 2872 5634 αἰωνίου.
2925 5567 2992 5609 ’⁸⁸
3022 5574 3064 5628 Β
3097 5568 3429 5627 πιστεύουσιν.

489 5647 634 5704 Loco
668 5648 761 5701 cit.
794 5656 876 5701 est
908 5649 1126 5718 Ζητεῖτε

3492 5555 3530 5587 ιι
3550 5549 3642 5604 Ait.
