3912 6206
231 330 359 396 1473

1421 327 1500 388 ΙΝ
1547 322 1901 386 DANIELIS
1958 319 2117 382 CAP.
2150 319 2252 381 IX.

3327 313 3462 379 1474

224 448 322 519 χθη
349 445 460 500 τῶν
491 445 784 518 προφητῶν
819 447 851 517 ἡ
892 444 1138 516 ἀλήθεια.
1204 443 1408 517 Πληροί
1464 445 1665 507 τοίνυν,
1701 441 1792 493 καὶ

1897 438 2246 507 apparuisset
2281 433 2545 491 Dominus
2585 432 2862 494 Christus.
2909 440 2962 488 et
2997 447 3059 488 ea
3117 431 3343 489 fecisset
3400 449 3465 488 ac

221 539 384 591 οἱονεὶ
425 539 714 610 σφραγίζει
746 539 842 592 καί⁹
883 537 1087 608 βεϐαἷοι
1111 537 1178 591 τὰ
1215 536 1319 590 ὑπὸ
1363 538 1471 591 τῶν
1500 535 1795 608 προφητῶν

222 631 628 703 προρρηθέντα,
688 631 858 684 ποιῶν
916 632 1130 686 ἅπαντα
1168 632 1264 684 καὶ
1313 631 1536 701 πάσχων
1582 629 1650 683 τὰ
1702 631 1792 682 ὑπ’

221 725 447 777 ἐκείνων
475 724 961 796 χρησμῳδηθέντα.
981 723 1201 786 Τούτοις
1232 724 1392 777 πάλιν
1416 721 1790 792 προστέθεικε-

227 827 246 860 ι
279 811 387 862 Καὶ
414 811 504 863 τοῦ
534 811 924 882 χρίσαιἊγιον
949 813 1138 880 ἁγίων.
1171 832 1189 865 ›
1218 811 1313 874 Τίς
1330 813 1386 864 δὲ
1402 805 1558 875 οὗτός
1580 813 1726 864 ἐστιν
1745 811 1793 842 ⁵⁸

221 901 250 952 6
282 898 392 951 τῶν
411 900 581 967 ἁγίων
635 900 824 967 ’Ἄγιος
869 917 883 966 ;
919 901 1227 954 εἰπάτωσαν
1267 902 1506 956 Ἰουδαῖοι
1520 901 1562 932 ⁵⁷
1607 917 1623 933 ο
1660 900 1707 952 εί
1736 897 1794 951 δὲ

218 991 494 1059 ἀγνοοῦσι,
524 993 654 1063 παρ’
683 993 837 1062 ἡμῶν
895 991 1233 1062 μαθέτωσαν,
1259 993 1334 1056 ὼς
1381 992 1541 1053 αὑτός
1587 993 1735 1045 ἐστιν
1765 994 1794 1044 6

219 1084 501 1152 Δεσπότης
554 1083 808 1152 Χριστὸς,
861 1083 948 1138 διὰ
1020 1085 1118 1154 μὲν
1183 1085 1404 1138 Ἡσαΐου
1459 1083 1736 1154 προλέγων
1776 1100 1789 1113 ·

225 1189 244 1221 ι
302 1172 526 1241 Πνεῦμα
573 1173 778 1242 Κυρίου
818 1173 902 1225 ἐπ’
938 1175 1038 1243 ἐμὲ
1069 1217 1082 1237 ,
1122 1170 1184 1228 οὗ
1233 1175 1441 1228 εἵνεκεν
1497 1174 1679 1246 ἔχρισέ
1726 1193 1792 1246 με

219 1263 424 1333 Κύριος
440 1264 508 1318 ⁵⁸.
563 1281 582 1314 ›
639 1264 776 1316 Ὑπὸ
804 1264 860 1316 δὲ
895 1264 987 1317 τοῦ
1025 1265 1190 1319 Δαϐὶδ
1227 1267 1692 1338 μαρτυρούμενος,
1711 1268 1792 1321 ὅτι

225 1374 243 1405 ι
297 1355 649 1424 Ἢγάπησεδθ
695 1355 1061 1424 δικαιοσύνην,
1116 1358 1209 1410 καὶ
1251 1359 1512 1428 ἐμίσησεν
1541 1359 1790 1428 ἀνομίαν,

218 1447 315 1500 καὶ
336 1446 424 1499 διά
453 1446 611 1499 τοῦτο
641 1446 864 1518 ὲχρίσθη
896 1447 1062 1516 έλαίῳ
1093 1447 1465 1516 ἀγαλλιάσεως
1495 1449 1641 1519 παρά
1669 1451 1794 1514 τοὺς

221 1538 488 1606 μετόχους
536 1537 721 1590 αὐτοῦ.
757 1557 775 1588 ι
807 1538 1088 1606 Μαρτυρεῖ
1113 1538 1168 1590 δὲ
1209 1538 1302 1592 καὶ
1330 1540 1358 1591 6
1390 1540 1657 1608 μακάριος
1687 1540 1792 1593 Πέ-

217 1643 367 1695 τρος,
400 1626 510 1678 τῶν
563 1627 874 1680 ἀποστόλων
901 1629 945 1658 ⁶⁰
969 1631 996 1680 6
1031 1631 1346 1699 κορυφαῖος,
1384 1630 1587 1698 λέγων’
1626 1649 1644 1681 ι
1689 1633 1792 1701 ’1η-

218 1717 347 1770 σοῦν
389 1718 480 1771 τὸν
519 1718 627 1770 ἀπὸ
683 1719 963 1789 Ναζαρὲτ,
1007 1719 1081 1782 ὡς
1133 1720 1347 1792 ἔχρισεν
1397 1722 1559 1776 αὑτὸν
1589 1725 1616 1775 6
1661 1723 1792 1785 Θεὸς

217 1806 501 1874 Πνεύματι
527 1807 665 1874 ἁγίῳ
700 1807 792 1858 καὶ
841 1807 1090 1875 δυνάμει,
1120 1806 1177 1869 ὃς
1205 1808 1415 1877 διῆλθεν
1462 1809 1786 1878 εὐεργετῶν.

217 1899 312 1950 καὶ
347 1897 576 1966 ἰώμενος
606 1897 810 1960 πάντας
847 1897 975 1958 τοὺς
1009 1899 1642 1966 καταδυναστευομένους
1687 1900 1792 1952 ὑπὸ

216 1987 311 2039 τοῦ
349 1987 617 2050 διαϐόλου,
641 1988 721 2039 ὅτι
748 1988 777 2039 6
801 1986 929 2049 Θεὸς
970 1983 1036 2058 ἦν
1063 1990 1180 2058 μετ’
1209 1989 1388 2043 αὐτοῦ.
1417 2009 1435 2040 ι
1473 1989 1792 2043 Διδάσκεται

213 2075 399 2128 τοίνυν
428 2078 456 2127 6
485 2077 753 2146 μακάριος
789 2076 984 2147 Δανιὴλ
1012 2079 1040 2130 6
1081 2081 1385 2150 προφήτης,
1419 2081 1500 2133 ὅτι
1533 2097 1791 2152 τετρακο-

217 2166 353 2219 σίων
381 2169 475 2220 καὶ
500 2169 853 2236 ἐννενήκοντα
877 2168 1014 2222 ἐτῶν
1041 2169 1230 2240 χρόνον
1261 2170 1405 2237 ἔδοξε
1442 2171 1789 2241 παρασχεθῆ-

215 2275 306 2310 ναι
339 2261 407 2328 τῇ
452 2259 804 2330 Ἰερουσαλὴμ
829 2263 906 2324 εἰς
942 2260 1002 2313 τὸ
1040 2261 1146 2313 τῶν
1195 2261 1354 2314 θείων
1417 2262 1661 2332 συνήθως
1689 2262 1790 2314 δω-

221 2349 362 2420 ρεῶν
409 2349 723 2415 ἀπολαύειν,
764 2353 866 2412 ἕως
905 2352 970 2405 ἂν
1009 2355 1186 2406 ἐκεῖνο
1212 2354 1272 2405 τὸ
1294 2353 1506 2406 ἀνόσιον
1534 2355 1628 2407 καὶ
1669 2372 1792 2424 φρι-

214 2441 392 2504 κῶδες
437 2442 680 2512 τολμήσῃ
740 2443 1014 2513 τόλμημα,
1065 2444 1154 2499 τὸν
1206 2446 1350 2499 κατὰ
1405 2447 1498 2498 τοῦ
1543 2447 1792 2518 Σωτῆρος

214 2549 362 2602 φημι
381 2533 422 2563 ⁶¹
454 2533 706 2602 σταυρὺν,
732 2533 790 2596 ὃς
822 2535 1015 2602 ’Ἄγιος
1042 2536 1212 2605 ἁγίων
1251 2537 1667 2608 ὀνομαζόμενος,
1696 2539 1790 2592 άτε

215 2624 282 2695 δὴ
307 2624 615 2694 ἁγιωσύνης
665 2626 922 2696 ὑπάρχων
963 2627 1146 2698 πηγὴ,
1179 2629 1388 2700 χρίεται
1437 2631 1534 2700 μὲν
1565 2632 1706 2684 κατὰ
1733 2635 1792 2684 :6

214 2716 558 2786 ἀνθρώπειον
589 2720 631 2749 ⁸⁸
662 2718 739 2788 τῷ
775 2720 914 2790 ἁγίῳ
954 2720 1250 2790 Πνεύματι,
1288 2723 1575 2792 σφραγίζει
1609 2724 1664 2776 δὲ
1695 2725 1791 2776 καὶ

218 2806 435 2876 βεϐαιοῖ
469 2807 565 2870 τὰς
609 2809 843 2873 παλαιάς
903 2812 1262 2882 προφητείας,
1314 2813 1535 2883 πληρῶν
1572 2813 1792 2866 ἅπαντα

217 2898 288 2951 τὰ
328 2899 420 2950 ὑπ’
449 2900 671 2952 ἐκείνων
726 2904 1181 2972 προηγορευμένα
1199 2904 1486 2972 ⁸³,άφεσιν
1525 2905 1581 2958 δὲ
1612 2908 1791 2977 ἁμαρ-

215 2991 484 3059 τημάτων
536 2994 648 3054 τοῖς
702 2993 780 3054 εἰς
828 2994 990 3056 αὑτὸν
1045 2996 1428 3050 πεπιστευκόσι
1484 2999 1786 3070 χαρίζεται.

1895 545 2092 600 passus
2147 536 2316 593 esset,
2377 541 2498 596 qum
2573 526 2852 596 pr0phetae
2909 525 3300 595 praedixerunt,
3356 540 3464 580 non

1893 629 2115 675 ostensa
2147 617 2343 672 fuisset
2372 618 2578 672 veritas
2633 617 3050 686 prophetarum.
3087 615 3310 671 Perﬁcit
3362 616 3466 669 ita-

1893 731 2019 785 que.
2054 721 2111 768 et
2149 713 2307 784 quasi
2360 712 2614 781 obsignat
2673 726 2736 766 ac
2795 712 3088 766 confirmat
3120 727 3148 764 a
3182 710 3464 780 prophetis

1892 802 2175 872 praedicta,
2233 805 2419 858 omnia
2461 804 2668 857 faciens
2700 817 2761 858 ac
2809 804 3024 872 patiens
3061 817 3180 872 quae
3215 801 3294 855 illi
3324 802 3464 855 vati-

1893 893 2062 947 cinati
2093 894 2330 949 fuerant.
2365 894 2463 948 His
2489 909 2682 949 rursus
2722 893 2922 964 adjecit
2949 911 2962 947 :
3001 911 3019 944 ι
3060 891 3127 947 Et
3156 894 3221 947 ad
3254 908 3466 962 ungen-

1893 983 2023 1038 dum
2056 984 2314 1040 Sanctum
2359 993 2702 1040 sanctorum.
2737 1002 2758 1035 ι
2790 984 2925 1050 Quis
2981 993 3162 1038 autem
3225 993 3308 1039 est
3364 985 3466 1038 iste

1896 1073 2132 1131 Sanetus
2165 1078 2520 1131 sanctorum?
2548 1077 2736 1132 dicant
2769 1075 2939 1132 Judaei
2969 1096 2983 1132 :
3017 1076 3163 1148 quod
3209 1077 3256 1133 si
3311 1077 3467 1145 igno-

1893 1174 2042 1232 rant,
2078 1167 2298 1224 discant
2327 1185 2357 1222 a
2390 1171 2574 1234 nobis,
2609 1171 2786 1240 ipsum
2829 1185 2950 1224 esse
2983 1169 3271 1222 Dominum
3307 1169 3467 1224 Chri-

1895 1268 2066 1324 stum,
2106 1276 2201 1330 per
2224 1260 2419 1316 lsaiam
2456 1261 2882 1331 prmdicentem:
2920 1281 2938 1313 ι
2975 1259 3218 1331 Spiritus
3251 1260 3465 1314 Domini

1895 1366 2063 1419 super
2119 1367 2224 1414 me,
2264 1361 2552 1422 propterea
2601 1353 2758 1405 unxit
2811 1368 2898 1406 me
2943 1352 3206 1406 Dominus
3226 1362 3270 1406 ³.
3309 1371 3328 1404 ι
3365 1352 3465 1406 Cui

1901 1439 2112 1510 1242
2138 1440 2301 1494 etiam
2334 1439 2502 1494 David
2532 1441 2905 1495 testimonium
2932 1441 3202 1510 perhibet,
3237 1443 3461 1496 dicens:

1898 1550 1917 1582 ‹
1945 1531 2140 1584 Dilexit
2167 1532 2462 1600 justitiam,
2492 1540 2546 1585 et
2568 1532 2687 1586 odit
2731 1532 3100 1600 iniquitatem,
3125 1542 3178 1587 et
3214 1542 3466 1601 propter-

1893 1640 1957 1678 ea
1998 1633 2203 1679 unctus
2263 1633 2347 1679 est
2387 1625 2512 1679 oleo
2564 1625 2765 1678 laetitiae
2821 1640 2932 1694 prae
2994 1626 3160 1679 sociis
3214 1627 3330 1680 suis
3355 1638 3401 1678 ιι.
3441 1645 3458 1678 ι

1899 1716 2097 1770 Beatus
2125 1731 2344 1786 quoque
2370 1715 2973 1786 Petrus,apostolorum
3004 1717 3289 1784 princeps,
3311 1717 3464 1771 testis

1895 1815 1999 1871 est,
2072 1822 2199 1862 cum
2245 1808 2399 1861 'dicit
2437 1824 2450 1860 :
2485 1825 2504 1857 ι
2538 1805 2724 1861 Jesum
2762 1823 2792 1863 e
2818 1806 3128 1872 Nazareth,
3189 1808 3466 1876 quomodo

1894 1897 2050 1951 unxit
2083 1912 2207 1950 eum
2269 1895 2412 1952 Deus
2466 1897 2676 1967 Spiritu
2733 1909 2924 1951 sancto
2976 1909 3026 1952 et
3084 1899 3332 1953 virtute:
3369 1898 3463 1968 qui

1892 1987 2109 2041 transiit
2136 1987 2516 2052 benefaciens,
2551 1996 2604 2042 et
2637 2004 2843 2043 sanans
2873 2003 3064 2043 omnes
3109 2005 3406 2058 oppressos
3433 2007 3461 2042 τι

1891 2079 2133 2141 diabolo,
2183 2080 2440 2147 quoniam
2497 2077 2643 2132 Deus
2672 2086 2941 2132 eratcum
2984 2079 3134 2134 illob.
3175 2097 3193 2131 ι
3226 2079 3466 2134 Docetur

1890 2171 2075 2240 itaque
2102 2171 2297 2224 beatus
2350 2169 2538 2222 Daniel
2600 2170 2886 2239 propheta,
2935 2171 3115 2225 visum
3170 2185 3296 2226 esse
3353 2171 3464 2226 Deo

1889 2273 2110 2332 tempus
2159 2261 2691 2331 quadringentorum
2744 2268 2798 2315 et
2845 2263 3146 2332 nonaginta
3196 2278 3464 2317 annorum

1889 2351 2284 2422 Hierosolyma:
2311 2350 2750 2414 concedendum,
2797 2365 2907 2420 quo
2936 2353 3025 2404 illa
3075 2351 3276 2404 usitato
3312 2368 3468 2404 more

1890 2443 2101 2497 divinis
2135 2443 2379 2512 potiatur
2406 2442 2753 2504 muneribus,
2788 2442 2961 2495 donec
2998 2441 3269 2496 nefarium
3327 2443 3465 2496 illud

1888 2548 1945 2595 et
2004 2538 2238 2592 maxime
2275 2536 2540 2590 horribile
2594 2536 2809 2591 facinus
2867 2550 3002 2590 ausa
3059 2537 3151 2595 sit.
3220 2551 3464 2600 erucem,

1890 2631 2135 2700 inquam,
2155 2636 2350 2682 contra
2373 2627 2740 2691 Salvatorent,
2757 2629 2847 2696 qui
2874 2625 3104 2680 Sanctus
3127 2639 3428 2684 sanctorum
3446 2632 3466 2650 '

1889 2728 2265 2790 nuncupatus.
2299 2729 2488 2789 utpote
2528 2718 2846 2774 sanctitatis
2891 2718 3033 2781 fons,
3075 2721 3303 2787 ungitur
3330 2720 3461 2788 qui-

1889 2813 2012 2868 dem
2057 2812 2360 2868 secundum
2411 2811 2807 2865 humanitatem
2844 2807 3050 2878 Spiritu
3093 2819 3304 2873 sancto,
3367 2812 3467 2864 oh-

1890 2904 2073 2974 signat
2134 2909 2315 2956 autem
2355 2909 2409 2957 et
2464 2900 2752 2955 confirmat
2815 2901 3073 2970 antiquas
3124 2903 3464 2970 prophetias,

1890 2996 2072 3050 omnia
2099 3011 2221 3065 quae
2258 3009 2355 3063 per
2383 2993 2509 3046 illos
2538 2990 2796 3062 praedicta
2827 2998 2958 3046 sunt
3011 2993 3321 3060 perficiens,
3377 3009 3468 3048 re—

218 3077 354 3134 Εἶτα
399 3081 692 3136 διδάσκειὸ
726 3084 866 3146 θεῖος
911 3085 1248 3155 ἀρχάγγελος
1272 3128 1285 3147 ,
1316 3088 1476 3142 πόθεν
1522 3091 1788 3161 ἄρξασθαι

1896 3087 2327 3154 missionemque
2358 3091 2709 3154 peccatorum
2739 3082 2807 3136 iis
2840 3083 2933 3152 qui
2987 3083 3041 3137 in
3093 3099 3216 3139 eum
3277 3084 3463 3140 credi-

214 3175 296 3228 δεῖ
319 3173 413 3227 τοῦ
446 3176 490 3207 ⁸⁵
514 3176 620 3228 τῶν
645 3177 1015 3248 ἐϐδομήκοντα
1043 3179 1352 3250 ἑϐδομάδων
1386 3181 1644 3254 ἀριθμοῦ.

289 3447 389 3496 κε’.
430 3459 450 3492 ι
479 3442 588 3495 Καὶ
614 3441 816 3514 γνώσῃ,
847 3447 998 3512 φησί,
1033 3445 1123 3498 καὶ
1165 3448 1434 3517 συνήσεις,
1463 3448 1570 3501 ἀπὸ
1612 3451 1791 3515 ἐξόδου

216 3533 395 3601 λόγων
413 3534 456 3566 ⁶³
509 3534 602 3586 τοῦ
640 3536 1022 3607 ἀποκριθῆναι,
1073 3539 1164 3590 καὶ
1191 3538 1284 3590 τοῦ
1315 3540 1794 3611 οἰκοδομηθῆναι⁶⁸

228 3626 608 3694 Ἰερουσαλὴμ,
634 3627 735 3689 ἕως
754 3628 988 3697 Χριστοῦ
1009 3631 1331 3697 ἡγουμένου,
1348 3631 1638 3700 ἐϐδομάδες
1655 3634 1796 3687 ἑπτὰ

220 3717 316 3769 καὶ
347 3716 636 3786 ὲϐδομάδες
665 3718 924 3788 ἐξήκοντα
955 3721 1099 3775 δύο.»
1119 3722 1272 3785 Τινὲς
1307 3722 1404 3792 μὲν
1433 3720 1525 3776 οῦν
1555 3725 1798 3796 ὑπολαμ-

220 3808 445 3861 ϐάνουσι
486 3811 582 3880 τὴν
641 3812 734 3862 ἐπὶ
779 3811 958 3882 Κύρου
996 3815 1295 3884 γενομένην
1329 3816 1427 3883 τῆς
1477 3817 1790 3886 οἰκοδομίας

219 3898 420 3970 ἀρχὴν,
451 3901 625 3971 ἀρχὴν
652 3897 791 3955 εἶναι
824 3903 915 3955 τοῦ
950 3904 1058 3957 τῶν
1091 3905 1398 3975 ἑϐδομάδων
1426 3908 1683 3978 ἀριθμοῦ,
1711 3927 1796 3962 τι-

220 3989 312 4050 νὲς
340 3989 395 4041 δὲ
441 3990 550 4044 ἀπὸ
596 3992 758 4044 ἕκτου
805 3993 956 4056 ἔτους
981 3993 1079 4062 τῆς
1131 3994 1404 4064 βασιλείας
1449 3999 1674 4067 Δαρείου
1701 3998 1794 4052 τοῦ

233 4076 543 4130 Ὑστάσπου
566 4077 658 4132 τοῦ
678 4080 912 4151 ἀριθμοῦ
943 4083 1196 4152 ἄρχονται
1219 4101 1231 4113 ·
1253 4086 1552 4156 τηνικαῦτα
1575 4088 1683 4160 γὰρ
1702 4088 1795 4142 τοῦ

221 4167 355 4222 ναοῦ
388 4171 422 4240 ἠ
470 4172 726 4242 οἰκοδομὴ
749 4173 791 4204 ⁸⁷
823 4174 975 4238 τέλος
1019 4175 1178 4228 ἔλαϐε
1221 4175 1280 4229 τὸ
1333 4179 1629 4248 προσῆκον,
1686 4179 1796 4233 τῶν

222 4263 516 4334 περιοίκων
566 4263 654 4315 διὰ
687 4263 782 4334 τὴν
819 4263 955 4335 πρὸς
995 4265 1280 4330 Ἰουδαίους
1317 4267 1640 4338 δυσμένειαν
1692 4272 1795 4340 ἑμ-

224 4352 403 4407 ποδὼν
427 4357 491 4426 τῇ
519 4357 796 4428 οἰκοδομίᾳ.
824 4359 880 4409 ὲν
907 4357 982 4428 τῷ
1015 4359 1162 4427 μέσῳ
1187 4360 1362 4428 χρόνῳ
1389 4361 1794 4430 γεγενημένων,

1893 3180 2023 3234 dere
2076 3176 2420 3246 impertiens.
2460 3173 2666 3228 Deinde
2699 3173 2858 3228 docet
2897 3173 3119 3229 divinus
3167 3175 3468 3245 archangec

1894 3269 1997 3331 lus,
2034 3265 2182 3322 unde
2215 3265 2461 3320 exordiri
2495 3270 2748 3334 oporteat
2771 3263 3122 3334 septuaginta
3158 3262 3463 3320 hebdoma-

1893 3361 2020 3415 dum
2050 3373 2359 3412 numerum.

1963 3449 2131 3504 Vsus.
2163 3449 2254 3503 25.
2288 3467 2306 3497 ι
2347 3446 2413 3500 Ει
2466 3460 2784 3514 cOgnosces,
2828 3446 3026 3516 inquit,
3077 3453 3131 3503 et
3166 3447 3462 3518 intelliges.

1895 3544 1964 3598 ab
1997 3543 2150 3598 exitu
2184 3539 2478 3604 sermonis,
2513 3547 2574 3593 ut
2601 3539 3024 3608 respondeatur,
3077 3549 3130 3595 et
3164 3542 3465 3596 aedificetur

1895 3633 2294 3702 Hierosolyma,
2328 3645 2504 3698 usque
2530 3629 2594 3682 ad
2630 3630 2908 3685 Christum
2947 3630 3140 3684 ducem
3175 3631 3466 3685 hebdoma-

1895 3725 1992 3779 des
2060 3735 2265 3793 septem
2332 3731 2384 3776 et
2447 3721 2818 3776 hebdomades
2885 3722 3167 3792 sexaginta
3238 3723 3378 3777 dum.
3440 3743 3460 3776 ι

1895 3819 2126 3885 Quidam
2187 3817 2483 3888 opinantur
2552 3815 2768 3868 initium
2837 3815 3256 3882 mdificatiouis,
3318 3819 3463 3888 quod

1895 3911 2095 3967 factum
2127 3918 2236 3973 est,
2266 3915 2532 3978 regnante
2553 3907 3072 3978 Cyro,principium
3106 3925 3228 3964 esse
3253 3913 3464 3966 numeri

1898 3999 2576 4066 hebdomadum;quidam
2614 4006 2797 4052 autem
2835 4011 2864 4050 a
2909 4007 3067 4053 sexto
3121 4014 3268 4053 anno
3314 4001 3464 4070 regni

1897 4094 2041 4148 Darii
2136 4090 2426 4162 Hystaspis
2529 4105 2822 4144 numerare
2897 4090 3164 4160 incipiunt
3239 4111 3254 4146 :
3337 4101 3467 4145 tunc

1900 4184 2110 4256 1243
2135 4183 2278 4238 enim
2308 4180 2604 4236 aedificatio
2638 4181 2823 4249 templi
2882 4181 3127 4250 legitimo
3173 4182 3336 4235 modo
3371 4182 3466 4236 ab-

1896 4277 2076 4331 soluta
2115 4279 2220 4338 est,
2266 4269 2355 4325 cui
2397 4267 2640 4332 ﬁnitimi,
2698 4276 2921 4336 propter
2976 4267 3165 4322 odium
3213 4282 3340 4337 erga
3373 4267 3467 4322 Ju-

1895 4365 2060 4428 dteos,
2086 4370 2333 4430 tempore
2350 4357 2492 4428 quod
2521 4356 2835 4410 intercessit
2870 4355 3262 4425 impedimento
3293 4357 3463 4420 fuere.

221 4443 320 4496 καὶ
346 4444 648 4514 Καμϐύσου
679 4446 735 4499 δὲ
768 4445 862 4500 τοῦ
896 4447 1078 4517 Κύρου
1109 4449 1266 4510 υἰέως
1313 4449 1416 4500 ὑπὸ
1466 4449 1669 4505 τούτων
1709 4450 1792 4515 ἐξ·

1897 4467 1950 4511 et
1978 4453 2276 4522 Cambyses
2301 4450 2428 4519 Cyri
2454 4449 2596 4501 filius
2622 4447 2693 4500 ab
2739 4445 2877 4515 ipsis
2921 4447 3182 4517 deceptus
3211 4449 3465 4502 aedificari

225 4533 601 4604 απατηθέντος
642 4537 738 4589 καὶ
773 4537 869 4608 τὴν
915 4539 1226 4608 οἰκοδομίαν
1251 4538 1609 4603 κωλύσαντος.
1656 4541 1794 4594 Ἀλλ’

221 4625 375 4678 οὐδὲν
403 4626 604 4680 τούτων
634 4628 744 4698 ἔχει
767 4631 826 4680 το
851 4628 1070 4697 ἀληθές.
1103 4630 1323 4699 Πρῶτον
1346 4631 1442 4700 μὲν
1473 4632 1580 4702 γάρ
1609 4631 1794 4687 πλειό-

222 4736 331 4771 νων
399 4721 533 4774 ὲτῶν
584 4722 834 4791 ἀριθμὸς,
885 4724 1035 4786 εἴτις
1088 4724 1334 4776 ἐντεῦθεν
1377 4726 1676 4796 ἀριθμῆσαι
1705 4727 1794 4779 θε-

222 4809 458 4878 λήσειεν,
488 4814 874 4884 εὑρεθήσεται·
907 4815 1098 4869 ἔπειτα
1148 4817 1246 4869 οὐκ
1293 4816 1441 4869 ἔστιν
1480 4819 1658 4888 εὑρεῖν
1705 4821 1793 4872 ἐπ’

223 4902 386 4955 ἄλλου
439 4905 709 4974 ἐξάλειψιν
765 4907 1172 4978 ἁμαρτημάτων
1235 4909 1641 4980 γεγενημένην,
1701 4912 1794 4964 καὶ

223 4994 421 5063 ἄφεσιν
449 4998 820 5068 ἀδικημάτων,
867 5000 961 5052 καὶ
991 5000 1334 5071 δικαιοσύνης
1381 5002 1596 5055 αἰωνίου
1626 5003 1792 5066 δόσιν,

224 5087 321 5140 καὶ
368 5088 648 5158 πλήρωσιν
695 5091 805 5142 τῶν
840 5091 1192 5160 προφητικῶν
1239 5091 1647 5164 θεσπισμάτων,
1701 5095 1795 5148 καὶ

234 5178 424 5245 Ἀγίου
451 5180 620 5248 ἁγίων
654 5180 908 5252 χρίσιν,ἣ
940 5182 1031 5234 ἐπὶ
1060 5183 1220 5252 μόνου
1251 5182 1341 5235 τοῦ
1369 5185 1637 5236 Δεσπότου
1664 5186 1707 5237 Χ
1719 5203 1800 5256 ρι-

1897 4542 2204 4617 prohibuit.
2250 4539 2357 4595 Sed
2407 4539 2546 4592 nihil
2591 4537 2786 4590 horum
2830 4552 3017 4592 verum
3062 4547 3166 4593 est.
3222 4538 3464 4593 Primum

1897 4639 2041 4694 enim
2069 4634 2306 4705 plurium
2341 4645 2608 4684 annorum
2640 4645 2926 4693 numerus,
2960 4629 3004 4684 si
3032 4630 3156 4697 quis
3187 4631 3313 4684 hinc
3363 4647 3467 4684 mt-

1898 4743 2111 4784 Inerare
2145 4726 2291 4790 velit,
2345 4725 2671 4792 reperietur.
2728 4719 2932 4776 Deinde
2981 4736 3088 4774 non
3148 4721 3272 4774 licet
3307 4723 3466 4778 nobis

1897 4821 2145 4876 invenire
2198 4817 2266 4871 ab
2295 4816 2406 4870 alio
2446 4822 2672 4884 peccata
2706 4812 2906 4878 deleta,
2939 4813 3174 4867 remissa
3233 4815 3463 4879 scelera,

1901 4914 2157 4969 donatam
2201 4907 2473 4979 justitiam
2521 4906 2931 4975 sempiternam,
2970 4905 3188 4976 impleta
3231 4910 3465 4980 prophe-

1901 5017 2082 5061 tarum
2150 4999 2395 5063 oracula,
2457 5011 2634 5066 neque
2692 5004 2917 5050 unctum
2980 4998 3149 5053 fuisse
3205 4998 3464 5054 Sanctum

1904 5101 2243 5155 sanctorum,
2280 5089 2388 5145 nisi
2416 5089 2484 5142 de
2518 5088 2637 5142 solo
2667 5087 2886 5142 Christo
2917 5089 3034 5143 ham
3065 5089 3462 5162 intelligantur.

1909 5182 2063 5250 Quod
2093 5181 2138 5236 si
2163 5181 2276 5233 haec
2309 5179 2383 5232 ita
2409 5192 2468 5232 se
2507 5175 2730 5242 habent,
2782 5184 2835 5232 et
2880 5181 3232 5235 consentiunt
3271 5183 3361 5252 qui
3387 5181 3463 5235 ita

303 5346 325 5373 ι
361 5336 462 5392 Isa.
487 5352 598 5402 ut,
631 5338 651 5391 1
683 5355 698 5403 ;
732 5336 861 5393 Luc.
902 5355 972 5405 Iv,
1017 5339 1104 5393 i8.
1183 5353 1206 5379 ει
1234 5339 1379 5394 Psal.
1413 5357 1555 5404 κων,
1589 5341 1640 5394 8.
1722 5341 1748 5381 b
1783 5360 1792 5394 Α

1896 5355 1982 5401 .x,
2015 5338 2104 5394 58.

1486 5474 1718 5529 VARIIE
1759 5471 2166 5529 LECTIONES.

300 5562 542 5637 “ﬁsa-iv.
577 5562 698 5618 Des.
736 5566 788 5619 iu
826 5566 882 5618 Β.
958 5567 1001 5598 ⁸⁷
1041 5567 1189 5621 Ἰουδ.
1223 5566 1264 5619 Β
1289 5581 1470 5637 ιιι-πω.
1507 5568 1575 5618 οἱ.
1653 5566 1697 5597 ⁸⁸
1725 5564 1864 5637 Ιςύρ.
1892 5563 2025 5637 Des.
2061 5563 2141 5637 _itl_
2163 5561 2220 5637 Βτ
2299 5564 2342 5600 ³⁰
2374 5563 2596 5637 lli-af:

1419 5636 1452 5689 ί.
1490 5637 1614 5690 Des.
1662 5637 1714 5688 in
1749 5625 1827 5687 BI
1888 5633 1930 5664 "
1967 5633 2007 5684 Β
2051 5625 2433 5703 ἀνθρώπινονΪ
2487 5634 2530 5664 ⁸³
2563 5633 2602 5684 Β
2653 5628 3138 5702 προαγορευθέντα.
3215 5627 3258 5654 ³⁸
3293 5625 3463 5690 Βτόν,

1839 5705 1881 5736 ⁶⁷
1915 5704 1954 5754 Β
1985 5704 2018 5773 ἡ
2046 5701 2300 5754 τοῦήναοῦ
2334 5704 2630 5774 οἰκοδομία.
2698 5701 2703 5702 ⁷
3115 5715 3123 5724 ‘

229 5632 341 5706 ιίιπ.Δ
361 5632 416 5706 In
448 5633 490 5684 Β
519 5642 864 5706 ροει-κορυφ.
894 5637 1134 5706 ponitur.
1214 5639 1257 5670 “
1290 5632 1411 5705 ἱρημ

229 5711 282 5755 et
311 5701 506 5759 deinde
522 5701 786 5775 69:65:69.
822 5701 831 5703 -
864 5701 912 5738 σε
941 5709 982 5759 Α
1008 5706 1188 5777 λόγου.
1266 5701 1314 5740 δέ
1333 5701 1761 5776 Βόίκοδομῆσαι.

2651 5580 2699 5613 τ.
2735 5560 2783 5613 λ.
2815 5560 2985 5613 Aliter
3017 5559 3048 5610 Ι.
3077 5573 3122 5608 (ι.
3154 5556 3252 5622 leg.
3332 5555 3377 5584 “
3410 5573 3458 5612 τ.
