3912 6206
233 335 377 419 im

1435 354 1512 412 IN
1558 356 1912 416 DANIELIS
1950 358 2106 420 CAP.
2150 363 2253 422 IX.

3339 369 3474 439 1478

246 444 339 513 τῆς
370 438 599 510 πόλεως,
632 443 735 509 ἕως
764 446 987 518 Δαρείου
1022 450 1115 505 τοῦ
1145 453 1441 525 ’Ᾱρσάμου,
1473 459 1531 513 ὃν
1570 462 1804 530 Ἀλέξαν-

1916 464 1981 517 ad
2011 464 2203 521 Caium
2229 466 2432 524 Iulium
2464 469 2757 537 Caesarem,
2808 473 3044 543 primum
3089 476 3475 548 imperatorem

243 535 369 602 δρος
390 535 420 587 6
454 534 723 590 Μακεδὼν
754 537 958 593 ἀνελὼν
988 541 1088 612 τὴν
1129 544 1236 598 τῶν
1280 548 1508 620 Περσῶν
1550 554 1811 609 κατέλυσε

247 624 539 695 βασιλείαν,
569 624 666 696 ἔτη
698 627 813 680 ἐστὶ
837 630 1070 703 τέτταρα
1100 635 1192 688 καὶ
1222 636 1354 693 δέκα
1380 643 1515 712 πρὸς
1543 647 1652 708 τοῖς
1685 646 1811 699 ἐκα-

241 716 361 770 τόνο
395 717 504 770 ἀπὸ
537 716 594 770 δὲ
626 718 786 772 ἕκτου
818 719 971 785 ἔτους
1010 724 1379 800 Ἀλεξάνδρου,
1425 735 1483 786 ἐν
1515 729 1558 803 ᾧ
1591 740 1812 808 Δαρεῖος

243 805 507 876 ἀνῃρέθη,
534 806 639 869 ἕως
668 807 826 861 Γαΐου
844 810 1058 865 Ἰουλίου
1085 815 1383 889 Καίσαρος,
1412 805 1811 897 αὐτοκράτορος

246 895 460 966 πρώτου
496 897 817 967 Ῥωμαίων,
867 901 960 973 ἐτη
1006 904 1076 957 τὰ
1122 908 1295 962 πάντα
1346 913 1444 982 τῆς
1489 917 1812 973 Μακεδόνων

246 984 521 1054 βασιλείας
543 988 789 1042 διακόσια
818 990 1143 1065 ὀγδοήκοντα
1174 998 1266 1052 δύο
1291 1016 1304 1031 ⁸
1336 1002 1445 1056 ἀπὸ
1488 1005 1545 1058 δὲ
1576 1008 1678 1077 τῆς
1713 1011 1811 1081 ἀρ-

244 1076 349 1147 χῆς
403 1077 619 1132 Ἰουλίου
664 1082 940 1154 Καίσαρος
969 1085 1076 1152 ἕως
1123 1094 1606 1150 πεντεκαιδεκάτου
1659 1099 1812 1162 ἔτους

244 1167 496 1239 Τιόερίου
540 1169 841 1244 Καίσαρος,
902 1177 1065 1245 ἡνίκα
1117 1180 1372 1255 Ἰωάννης
1413 1186 1451 1255 ίὸ
1499 1188 1808 1262 Βαπτιστὴς

240 1255 370 1329 ἦλθε
397 1261 544 1331 παρὰ
569 1263 659 1315 τὸν
695 1264 964 1337 Ἰορδάνην
1001 1270 1289 1339 κηρύσσων
1326 1274 1607 1350 βάπτισμα
1641 1255 1809 1351 μεταέ

242 1352 529 1414 νοίας,καὶ
576 1352 743 1423 βοῶν’
780 1376 798 1409 ι
825 1357 926 1411 Ἴδε
971 1359 1001 1412 6
1046 1362 1217 1439 dpyb;
1257 1365 1350 1419 τοῦ
1380 1368 1533 1437 Θεοῦ,
1559 1372 1586 1424 6
1641 1373 1810 1443 αἴρων

240 1442 340 1512 τὴν
383 1444 657 1516 ἁμαρτίαν
679 1447 773 1501 τοῦ
822 1449 1049 1521 κόσμου,
1075 1472 1094 1505 ι
1125 1454 1218 1524 ἐτη
1253 1459 1369 1512 ἐστὶ
1442 1442 1809 1533 ἐϐδομήκοντα

240 1534 383 1604 τρία.
416 1534 603 1590 Ταῦτα
668 1538 802 1609 ὁμοῦ
824 1541 871 1572 ⁸⁸
911 1546 1256 1616 συναγόμενα
1310 1555 1453 1605 ποιεῖ
1511 1556 1647 1609 ἐτῶν
1689 1558 1809 1628 ἀρι-

240 1623 374 1694 θμὸν
423 1631 787 1699 τετρακοσίων
839 1633 1100 1705 ἐξήκοντα
1148 1641 1240 1693 καὶ
1295 1642 1454 1697 ἐννέα
1480 1661 1492 1673 ·
1525 1646 1696 1701 ταῦτα
1731 1623 1808 1703 -δὲ

248 1716 516 1788 Ἑϐραϊκὰ
544 1718 637 1792 ἔτη
666 1725 810 1776 ποιεῖ
839 1729 1163 1796 τετρακόσια
1186 1731 1509 1805 ὀγδοήκοντα
1534 1737 1661 1809 τρία
1684 1756 1697 1768 ·
1725 1758 1807 1795 το-

240 1807 414 1860 σαῦτα
441 1808 499 1862 δὲ
536 1811 780 1867 ποιοῦσιν
813 1817 867 1868 αί
901 1818 1039 1871 ἐπτά
1071 1822 1165 1874 καὶ
1210 1800 1470 1895 ἐξήκοντα
1516 1800 1608 1881 δύο
1653 1830 1803 1884 ἐϐδο-
1833 1800 1881 1861 Β

240 1898 425 1967 μάδες.
462 1900 672 1957 Εῖδέναι
704 1904 810 1977 γὰρ
837 1906 963 1979 χρὴ,
1003 1909 1079 1974 ὡς
1114 1911 1378 1985 Ἑϐραῖοι,
1407 1918 1546 1971 κατά
1589 1919 1679 1974 τὸν
1706 1924 1806 1994 τῆς

240 1992 471 2064 σελήνης
512 1994 712 2067 δρόμον
762 2001 1122 2072 ἀριθμοῦντες
1174 2007 1266 2061 τὸν
1306 2009 1568 2078 ἐνιαυτὸν,
1615 1992 1805 2070 ἕνδεκα

238 2088 449 2159 ἡμέρας
490 2093 752 2163 περιττὰς
781 2096 1191 2167 ἀποφαίνουσιν,
1222 2102 1288 2168 ἃς
1316 2106 1413 2160 καὶ
1456 2109 1615 2178 ἡμεῖς
1643 2111 1807 2182 ἐμϐο-

236 2178 430 2249 λίμους
459 2182 760 2254 καλοῦμεν·
789 2187 817 2240 6
848 2187 954 2259 γὰρ
978 2190 1076 2260 τῆς
1124 2193 1352 2266 σελήνης
1383 2197 1583 2268 δρόμος
1622 2178 1687 2254 ἐν.
1724 2204 1802 2256 εἴ-

237 2287 394 2324 κοσιν
438 2273 595 2328 ἐννέα
629 2275 861 2347 ἡμέραις
906 2281 1000 2332 καὶ
1046 2281 1216 2355 ὥραις
1254 2285 1313 2353 ἒξ
1367 2290 1801 2362 συμπληροῦται.

237 2360 397 2415 οὕτω
427 2363 486 2417 δὲ
514 2364 872 2436 ἀριθμοῦντες
900 2374 1227 2442 τριακοσίων
1262 2378 1353 2431 καὶ
1388 2381 1434 2411 ⁸³
1464 2360 1804 2453 πεντήκοντα

236 2451 333 2505 καὶ
362 2455 646 2524 τεσσάρων
666 2459 887 2529 ἡμερῶν
920 2461 1131 2516 ποιοῦσι
1160 2465 1254 2519 τὸν
1282 2469 1549 2526 ἐνιαυτόν.
1584 2451 1803 2547 Ἐπειδὴ

234 2541 414 2595 τοίνυν
438 2545 468 2596 6
504 2544 660 2612 ἅγιος
693 2548 1027 2628 ἀρχάγγελος
1056 2552 1132 2624 τῷ
1168 2559 1426 2632 μακαρίῳ
1454 2564 1652 2635 Δανιὴλ
1679 2541 1800 2619 διαί

241 2631 537 2706 λεγόμενος
567 2637 722 2709 ἀνδρὶ
765 2639 1020 2714 Ἑϐραίῳ,
1056 2645 1149 2698 καὶ
1199 2647 1463 2704 διδάσκων
1493 2631 1653 2706 αὐτδν
1685 2657 1804 2725 ἀρι-

236 2724 373 2793 θμὸν
400 2726 509 2780 τῶν
540 2728 696 2795 ἐτῶν,
727 2731 820 2785 τὸν
854 2735 1055 2807 συνήθη
1103 2739 1320 2803 πάντως
1345 2741 1528 2811 ἔλεγεν
1549 2724 1801 2817 ἀριθμὸν,

233 2817 549 2899 ἀναγιᾳίως
590 2822 900 2892 προσθεῖναι
947 2826 1028 2881 δεῖ
1069 2828 1135 2882 τά
1169 2830 1276 2884 ἀπὸ
1328 2832 1436 2887 τῶν
1492 2835 1802 2907 ἐμϐολίμων

235 2908 578 2978 συναγόμενα
634 2911 727 2982 ἐτη
753 2931 767 2944 ο
807 2916 1010 2971 τούτων
1061 2921 1169 2992 γὰρ
1219 2924 1680 2994 προστιθεμένων,
1735 2928 1803 2983 τὰ

231 2994 360 3065 τρία
387 2998 480 3051 καὶ
502 2998 828 3072 ὀγδοήκοντα
858 3007 994 3077 πρὸς
1022 3011 1132 3073 τοῖς
1162 3014 1535 3081 τετρακοσίοις
1566 3015 1801 3088 εὑρεθή-

233 3101 388 3139 σεται
418 3087 512 3160 ἔτη
535 3108 548 3121 ⁸
580 3092 816 3147 τοσαῦτα
847 3097 904 3150 δὲ
937 3099 1258 3169 συνάγουσιν
1290 3104 1345 3156 αἱ
1378 3105 1518 3159 ἑπτὰ
1556 3109 1647 3161 καὶ
1682 3108 1803 3183 ἐξή-
1829 3147 1871 3206 C

233 3194 399 3206 «an..-
452 3181 539 3206 $1.-
591 3182 746 3206 ιιρμ-
767 3186 842 3206 ΔΘΑ
943 3192 958 3206 ι
1024 3192 1063 3206 u
1155 3193 1197 3206 ιιι
1304 3195 1317 3206 .
1371 3196 1382 3206 .
1509 3199 1521 3206 .
1605 3200 1616 3206 -
1673 3201 1685 3206 -
1714 3200 1738 3206 ..

232 3194 401 3232 κοντα
449 3181 543 3234 δύο
588 3182 898 3256 ἐδδομάδες.
931 3192 1104 3245 Διεῖλε
1150 3193 1208 3247 δὲ
1258 3195 1425 3260 αὐτὰς
1471 3199 1568 3269 οὐχ
1594 3181 1800 3269 ἁπλῶς,

232 3270 372 3324 ἀλλά
424 3276 764 3345 πραγμάτων
816 3281 972 3335 ἐνίων
1030 3285 1421 3356 προσημαίνων
1480 3291 1800 3361 μεταϐολάς.

245 3361 379 3414 Ἀπὸ
406 3363 514 3435 γὰρ
539 3366 638 3436 τῆς
661 3370 967 3439 οἰκοδομίας
988 3373 1086 3444 τῆς
1124 3375 1496 3448 Ἰερουσαλὴμ,
1527 3381 1561 3451 ἣ
1590 3383 1804 3451 ἐγένετο

231 3453 325 3505 ἐπὶ
353 3453 590 3525 Νεεμίου
620 3458 714 3510 καὶ
748 3460 999 3531 Ἐσδρου,
1034 3463 1226 3536 μέχρις
1272 3467 1538 3538 Ὑρκανοῦ
1572 3473 1666 3527 τοῦ
1712 3492 1802 3527 τε-

231 3542 481 3599 λευταίου
521 3549 584 3600 ἐκ
615 3549 723 3602 τῶν
756 3551 1128 3623 Ἀσαμοναίων
1156 3558 1477 3630 ἀρχιερέως,
1504 3562 1562 3615 ὃν
1594 3565 1801 3619 ἀνεῖλεν

242 3635 509 3707 Ἡρώδης,
528 3639 556 3691 6
580 3640 687 3693 τῶν
712 3641 806 3696 δύο
831 3645 923 3697 καὶ
952 3645 1211 3719 ἐξήκοντα
1242 3651 1546 3722 ἑϐδομάδων
1574 3657 1803 3728 ἀριθμὸς

234 3727 652 3799 συμπληροῦται
686 3747 699 3762 ³
731 3735 837 3788 ἀπὸ
865 3735 920 3789 δὲ
963 3737 1063 3808 τῆς
1112 3741 1322 3795 ἐκείνου
1361 3745 1595 3815 σφαγῆς,
1642 3727 1802 3821 μέχρι

229 3819 330 3887 τῆς
365 3819 460 3872 τοῦ
495 3821 747 3896 Σωτῆρος
775 3826 928 3896 ήμῶν
986 3830 1324 3898 ἐπιφανείας,
1364 3836 1454 3889 καὶ
1502 3838 1600 3910 τῆς
1657 3819 1802 3904 algis

230 3910 327 3963 τὸν
372 3912 641 3985 Ἰορδάνην
673 3917 933 3986 ἀφίξεως,
982 3922 1038 3973 αἱ
1086 3921 1270 3976 λοιπαὶ
1326 3926 1468 3980 ἐπτά
1512 3928 1802 4001 ἐδδομάδες

229 4002 291 4055 τὸ
317 4002 471 4067 τέλος
497 4003 880 4075 λαμϐάνουσιν.
919 4011 1006 4066 Ἐν
1038 4012 1093 4065 δὲ
1127 4014 1298 4085 τούτῳ
1330 4017 1407 4087 τῷ
1434 4019 1631 4089 χρόνῳ,
1665 4025 1802 4092 μετά

227 4094 330 4163 τὴν
366 4094 657 4164 Ὑρκανοῦ,
685 4102 848 4170 φημὶ,
880 4102 1175 4175 ἀναίρεσιν,
1217 4108 1377 4179 μέχρι
1409 4109 1508 4180 τῆς
1558 4111 1651 4165 τοῦ
1685 4115 1800 4167 Σω-

229 4186 396 4255 τῆρος
425 4188 581 4258 ἡμῶν
620 4191 957 4261 ἐπιφανείας,
995 4199 1325 4269 παρανόμως
1371 4200 1555 4255 λοιπὸν
1594 4205 1643 4257 οἱ
1702 4206 1803 4277 ἀρ-

1912 555 2308 627 Romanorum,
2370 565 2499 618 anni
2545 582 2736 623 onmes
2772 569 2922 639 regni
2960 568 3316 628 Macedonum
3367 572 3473 629 du-

1910 650 2053 704 centi
2075 654 2354 720 octoginta
2395 654 2505 710 duo
2531 674 2544 710 :
2571 664 2625 712 et
2658 658 2727 711 ab
2782 658 3015 730 imperio
3049 658 3178 714 Julii
3236 660 3475 720 Caesaris

1912 756 2084 811 usque
2140 744 2209 799 ad
2265 746 2537 802 decimum
2613 750 2864 818 quintum
2949 751 3156 808 Tiberii
3214 753 3473 821 Caesaris,
3543 810 3550 818 ,

1910 834 2129 904 quando
2165 834 2409 894 Ioannes
2444 839 2688 911 Baptista
2726 844 2877 897 venit
2918 843 2984 898 ad
3008 843 3303 901 Iordanem
3335 862 3474 916 prm-
3536 860 3549 874 ‘

1910 922 2103 980 dicans
2163 925 2497 994 baptismum
2566 931 2935 1001 paenitentiae,
2986 942 3039 989 et
3099 937 3471 993 exclamans:

1916 1031 1935 1064 ‹
1969 1011 2108 1069 Ecce
2153 1030 2328 1086 agnus
2362 1016 2456 1073 Dei
2537 1020 2631 1090 qui
2681 1022 2819 1076 tollit
2862 1032 3088 1093 peccata
3139 1026 3329 1081 mundi
3358 1029 3405 1093 ε,
3447 1046 3470 1081 ι

1910 1104 2039 1158 anni
2074 1107 2428 1163 intercedunt
2454 1112 2812 1183 septuaginta
2844 1124 2977 1179 tres,
3010 1117 3102 1186 qui
3153 1118 3317 1173 simul
3360 1121 3481 1174 col-

1910 1196 2036 1251 lecti
2064 1196 2598 1269 quadringentorum
2649 1205 2934 1274 sexaginta
2962 1221 3152 1259 novem
3189 1223 3474 1263 numerum

1909 1286 2211 1343 conﬁciunt
2236 1308 2250 1344 :
2274 1299 2330 1345 et
2353 1292 2406 1345 lii
2438 1290 2736 1350 Hebraicos
2767 1309 2945 1351 annos
2968 1295 3180 1353 faciunt
3209 1301 3476 1369 quadrin-

1908 1380 2144 1448 gentos‘
2193 1381 2477 1451 octoginta
2551 1391 2700 1451 tres,
2757 1387 3098 1458 totidemque
3173 1392 3475 1447 coniiciunt

1909 1477 2116 1540 septem
2155 1479 2209 1525 et
2241 1472 2523 1543 sexaginta
2573 1475 2698 1530 duae
2733 1476 3126 1534 hebdomades.
3177 1480 3472 1536 Sciendum

1910 1568 1997 1615 est
2057 1561 2201 1617 enim
2225 1561 2484 1620 Hebrazos
2511 1568 2814 1622 secundum
2858 1568 2999 1625 luna:
3029 1586 3252 1626 cursum
3283 1588 3474 1628 nume-

1909 1659 2095 1708 rantes
2150 1669 2381 1721 annum,
2438 1657 2694 1714 undecim
2753 1661 2870 1717 dies
2927 1662 3130 1720 habere
3190 1665 3470 1735 reliquos,

1909 1756 2050 1811 quos
2088 1745 2253 1798 etiam
2298 1760 2399 1800 nos
2433 1745 2796 1805 intercalares
2824 1766 3129 1809 vocamus:
3161 1769 3284 1809 nam
3332 1756 3474 1809 lunze

1909 1847 2112 1889 cursus
2158 1835 2352 1905 viginti
2379 1851 2573 1893 novem
2599 1839 2793 1896 diebus
2827 1856 2890 1897 ae
2922 1860 3017 1899 sex
3056 1844 3209 1900 boris
3250 1847 3474 1903 conﬁci—

1908 1938 2017 1981 tur.
2046 1926 2146 1981 Sic
2184 1938 2366 1983 autem
2426 1941 2804 1995 numerantes.
2867 1943 3235 1993 trecentorum
3303 1942 3472 2009 quin-

1905 2017 2170 2086 quaginta
2226 2027 2468 2087 quatuor
2503 2019 2719 2075 dierum
2776 2023 3020 2081 efﬁciunt
3065 2045 3290 2085 annum.
3335 2032 3472 2087 Cum

1907 2106 2093 2176 itaque
2145 2118 2375 2164 sanctus
2421 2111 2805 2183 archangcius,
2858 2132 2982 2171 cum
3045 2119 3203 2176 beato
3252 2121 3485 2179 Dauielc'

1906 2197 2026 2252 viro
2059 2196 2292 2254 Hebraeo
2330 2201 2673 2272 colloquens,
2727 2205 3015 2279 ipsumque
3053 2212 3263 2269 ducens
3304 2229 3488 2272 annow

1907 2305 2029 2344 rum
2058 2306 2371 2356 numerum,
2399 2294 2665 2349 usitatum
2687 2297 2913 2352 omnino
2938 2300 3138 2355 dixerit
3160 2318 3474 2369 numerum,

1907 2383 2302 2438 convenienter
2334 2384 2566 2440 addendi
2608 2395 2739 2441 sunt
2768 2393 2897 2444 anni
2925 2392 3023 2456 illi,
3055 2396 3147 2464 qui
3181 2411 3245 2450 ex
3300 2399 3475 2454 inter-

1906 2474 2185 2531 calaribus
2219 2477 2582 2547 colliguntur,
2616 2480 2818 2548 quibus
2851 2482 3055 2539 additis
3080 2494 3190 2542 tres
3219 2496 3274 2543 et
3317 2499 3474 2546 octo-

1907 2562 2056 2631 ginta
2086 2579 2254 2633 supra
2282 2565 2714 2635 quadringentos
2742 2571 3084 2638 reperientur
3118 2575 3331 2648 124.6
3378 2593 3477 2633 an-

1907 2653 2002 2706 ni:
2037 2654 2381 2723 totidemque
2426 2658 2772 2711 constituunt
2814 2669 3023 2730 septem
3086 2671 3140 2718 ct
3191 2667 3474 2736 sexaginta

1904 2742 2027 2799 duae
2056 2743 2446 2806 hebdomadas.
2473 2747 2621 2814 Quas
2646 2750 2865 2819 quidem
2896 2769 3003 2807 non
3039 2762 3241 2810 temere
3261 2760 3471 2826 divisit,

1905 2835 2001 2891 sed
2042 2844 2106 2891 ut
2149 2839 2513 2907 quarumdam
2573 2857 2756 2896 rerum
2791 2845 3249 2916 prmsigniﬁcaret
3287 2859 3473 2905 muta-

1905 2929 2104 2986 tiones.
2153 2928 2291 2985 Nam
2326 2933 2398 2987 ab
2430 2932 2799 2992 aediﬁcatione
2844 2937 3020 3007 ipsius
3063 2939 3472 3014 Hierosolyma,

1905 3033 2027 3088 qum
2051 3017 2287 3076 Neemiae
2319 3029 2373 3077 et
2422 3022 2611 3079 Esdrae
2657 3033 2903 3096 tempore
2956 3027 3102 3085 facta
3151 3041 3254 3097 est,
3298 3049 3476 3103 usque

1907 3109 1973 3163 ad
2002 3108 2333 3181 Hyrcanum,
2359 3114 2613 3170 ultimum
2663 3132 2730 3173 ex
2774 3120 3117 3176 Asamonaeis
3163 3123 3473 3195 principem

1906 3201 2258 3258 sacerdotum
2287 3246 2302 3269 ,
2360 3219 2524 3273 quem
2584 3209 2784 3263 occidit
2814 3208 3086 3276 Herodes,
3145 3213 3379 3270 duarum
3420 3228 3476 3271 ct

1906 3291 2189 3362 sexaginta
2242 3291 2649 3351 bebdomadum
2706 3315 2974 3356 numerus
2994 3302 3245 3373 expletur
3280 3313 3375 3358 :et
3402 3308 3473 3361 ab

1905 3380 2053 3438 illius
2089 3383 2315 3440 interitu
2338 3401 2513 3457 usque
2548 3388 2614 3441 ad
2649 3397 2867 3458 tempus
2895 3390 3050 3456 illud,
3073 3407 3183 3462 quo
3218 3391 3475 3449 Salvator

1904 3477 2096 3526 noster
2127 3472 2195 3527 ad
2229 3471 2525 3530 Iordanem
2577 3476 2846 3532 accedens
2906 3478 3186 3548 apparuit,
3250 3480 3475 3548 reliqum

1904 3571 2111 3632 septem
2160 3565 2521 3633 perﬁciuntur
2567 3566 2969 3624 hebdomades.
3000 3571 3179 3640 Atque
3219 3570 3323 3625 hoc
3355 3572 3473 3641 ipso

1905 3664 2171 3725 tempore,
2200 3669 2322 3727 post
2360 3657 2595 3729 Hyrcani
2626 3643 2851 3726 eaedem,
2903 3661 3151 3732 inquam,
3201 3678 3377 3731 usque
3406 3663 3473 3717 ad

1904 3754 2124 3817 tempus
2167 3748 2302 3803 illud
2369 3764 2480 3821 quo
2520 3747 2775 3804 Salvator
2805 3758 2992 3806 noster
3024 3753 3304 3823 apparuit,
3338 3767 3478 3808 con-

1906 3845 1989 3893 tra
2015 3840 2187 3904 legem
2245 3838 2508 3912 deinceps
2560 3841 2912 3898 sacerdotum
2978 3842 3261 3914 principes
3314 3859 3478 3900 crea-

1905 3932 2129 3986 bantur.
2172 3931 2308 3987 Cum
2336 3934 2484 3988 enim
2519 3934 2607 3990 lex
2653 3934 2894 4006 juberet,
2932 3944 2994 3990 ut
3052 3936 3334 4006 principes
3383 3952 3477 3993 sa-

1904 4024 2190 4079 cerdotum
2219 4039 2314 4094 per
2347 4041 2563 4082 omnem
2593 4027 2761 4082 vitam
2814 4025 3127 4082 sacerdotio
3174 4026 3478 4097 fungeren-

1907 4126 2017 4182 tur,
2053 4123 2260 4186 etpost
2307 4117 2520 4171 obitum
2580 4132 2935 4174 successores
2989 4119 3328 4188 acciperent,
3370 4118 3482 4174 lle-

1905 4206 2090 4270 rodes,
2121 4214 2177 4261 et
2217 4217 2342 4277 post
2377 4208 2527 4261 illum
2577 4206 2838 4271 Romani,
2874 4208 3196 4277 pontiﬁcatu
3230 4207 3479 4262 maximo

230 4292 308 4344 χιε
320 4278 434 4346 ρεῖς
466 4277 723 4345 ἐγίνοντο.
746 4281 850 4335 Τοῦ
880 4283 989 4355 γὰρ
1017 4287 1180 4357 νόμου
1208 4288 1521 4353 κελεύοντος
1553 4292 1641 4344 διὰ
1683 4292 1798 4362 βίου

1906 4298 2082 4352 venali
2120 4297 2290 4362 facto,
2325 4305 2584 4354 auctores
2621 4306 2780 4353 erant
2805 4307 2864 4353 ut
2902 4299 3113 4353 crebrae
3158 4299 3473 4353 successio-

227 4364 355 4428 τοὺς
383 4367 677 4438 ἀρχιερέας
705 4371 1006 4441 ἱερατεύειν
1021 4375 1089 4437 ⁸⁷,
1114 4377 1210 4429 καὶ
1248 4378 1384 4448 μετά
1406 4379 1504 4451 τὴν
1544 4382 1801 4455 τελευτὴν

1906 4403 2003 4444 nes
2062 4387 2272 4452 ﬁerent,
2306 4398 2358 4443 et
2410 4388 2682 4459 quosdam
2733 4389 2920 4455 etiam,
2957 4389 3052 4458 qui
3081 4404 3111 4444 e
3142 4388 3475 4444 sacerdotali

226 4454 353 4517 τοὺς
384 4455 662 4528 διαδόχους
678 4458 1279 4537 λαμϐάνειν,Ἥρὼδης,
1312 4469 1403 4522 καὶ
1430 4470 1480 4522 οἱ
1513 4473 1628 4541 μετ’
1659 4454 1800 4527 ἐκεῖ-

1906 4493 2106 4550 genere
2156 4478 2384 4537 minime
2434 4488 2590 4535 erant
2639 4480 2884 4544 oriundi,
2927 4480 3279 4544 sacerdotum
3318 4480 3472 4548 priu-

227 4563 318 4598 νον
338 4546 387 4579 ³⁸
410 4546 712 4619 κῬωμαῖοι,
749 4552 964 4624 ὠνητὰς
990 4556 1090 4620 τάς
1117 4558 1529 4630 ἀρχιερωσύνας
1569 4565 1801 4636 ποιησά⁴

233 4653 405 4704 μενοι,
437 4641 635 4709 συχνὰς
657 4642 836 4696 αὐτῶν
868 4647 1143 4700 ἐποιοῦντο
1175 4649 1423 4721 διαδοχάς
1440 4652 1484 4686 ⁸⁸
1507 4654 1715 4719 ’ἐνίους
1744 4656 1801 4709 δὲ

228 4729 348 4781 οὐδὲ
380 4730 445 4782 ἐκ
473 4731 567 4785 τοῦ
610 4734 886 4804 ἱερατικοῦ
936 4738 1128 4806 γένους
1169 4745 1579 4814 καταγομένους
1613 4748 1800 4819 ἀρχιε-

232 4820 358 4890 ρέας
390 4825 842 4894 προεχειρίζοντο.
874 4831 983 4883 Καὶ
1018 4831 1174 4885 τοῦτο
1199 4833 1464 4889 διδάσκων
1497 4835 1799 4909 ’ῐώσηππος

228 4913 257 4963 6
296 4913 544 4983 Ἐὄραῖος
577 4922 923 4990 συγγραφεὺς
946 4923 1088 4976 οὕτω
1133 4927 1296 4995 φησί’
1336 4946 1354 4979 ι
1386 4928 1495 4999 Τὴν
1521 4929 1799 4999 βασιλείαν

241 5002 484 5074 Ἡρώδης
528 5009 677 5080 παρὰ
714 5012 994 5082 Ῥωμαίων
1024 5016 1404 5088 ἐγχειρισθεὶς,
1435 5021 1618 5075 οὐκέτι
1672 5024 1798 5087 τοὺς

229 5096 292 5148 ἐκ
325 5097 418 5149 τοῦ
460 5099 825 5171 Ἀσαμωναίου
856 5106 1046 5173 γένους
1072 5103 1236 5177 (οὗτοι
1270 5110 1326 5163 δὲ
1357 5108 1495 5183 ἦσαν
1524 5115 1574 5167 οἱ
1606 5116 1801 5169 καλού·

232 5203 383 5253 μενοι
422 5190 791 5260 Μακκαϐαῖοι)
830 5196 1150 5269 καθίστησιν
1181 5202 1495 5273 ἀρχιερέας,
1543 5205 1679 5260 ἀλλά
1716 5225 1799 5260 τι·-

231 5293 316 5330 σιν
361 5280 595 5352 ἀσήμοις
651 5288 745 5339 καὶ
793 5288 950 5357 μόνον
980 5291 1037 5356 ἐξ
1080 5290 1344 5362 Ἐϐραίων
1365 5296 1408 5326 ⁹⁰
1438 5292 1576 5351 οὖσι,
1611 5318 1629 5350 ι
1688 5301 1797 5353 Καὶ

298 5423 326 5461 ι
354 5413 516 5470 Ioan.
551 5434 590 5481 ι,
624 5419 713 5474 39.
796 5423 821 5461 δ
848 5422 1071 5493 Ioseph.
1096 5428 1276 5496 Antiq.
1316 5427 1445 5481 Jud.
1484 5431 1520 5483 l.
1561 5449 1652 5496 xx,
1695 5449 1745 5491 c.
1778 5438 1833 5492 8.

1901 4572 2052 4640 cipes
2077 4568 2407 4640 deligebam.
2443 4569 2611 4642 quue
2639 4571 2849 4627 docens
2898 4570 3190 4641 Iosephus,
3227 4571 3477 4640 scriptor

1901 4662 2184 4723 Hebraeus,
2221 4662 2300 4717 sic
2345 4662 2501 4717 aitb:
2541 4681 2559 4715 ι
2606 4662 2851 4719 Herodes
2891 4671 3078 4720 autem
3127 4678 3157 4717 a
3203 4661 3479 4716 Romanis

1901 4761 2129 4823 accepto
2161 4767 2352 4823 regno,
2401 4771 2509 4808 non
2563 4755 2803 4825 amplius
2850 4771 2945 4812 eos
2969 4756 3061 4827 qui
3097 4755 3165 4809 ab
3194 4754 3470 4808 Asamone

1899 4860 2073 4916 genus
2140 4843 2405 4899 ducerent
2455 4845 2514 4916 (ii
2567 4854 2750 4899 autem
2795 4856 2971 4910 erant,
3025 4845 3117 4915 qui
3175 4844 3467 4899 Machaba‘i

1907 4934 2290 5005 vocabantur),
2331 4936 2683 4992 sacerdotum
2720 4936 2999 5005 principes
3026 4935 3335 5000 constituit,
3370 4934 3476 4990 sed

1906 5025 2175 5095 quosdam
2216 5024 2442 5095 ignobili
2477 5026 2599 5079 loco
2640 5035 2823 5089 natos,
2860 5027 2951 5095 qui
2989 5034 3201 5085 tantum
3250 5040 3314 5080 ex
3363 5023 3468 5080 He-

1908 5117 2073 5173 braeis
2107 5123 2290 5171 erant.
2332 5135 2350 5168 ι
2387 5116 2452 5170 Et
2479 5117 2641 5186 paulo
2681 5127 2806 5187 post
2841 5133 3036 5173 rursus
3088 5121 3162 5171 ita
3194 5117 3311 5170 ait:
3349 5135 3369 5168 ι
3406 5116 3477 5170 Et

1908 5210 2157 5265 imitatus
2198 5218 2281 5263 est
2314 5206 2584 5264 Herodem
2621 5209 2674 5263 in
2720 5209 2977 5266 creandis
3009 5209 3244 5267 summis
3290 5206 3474 5278 ponti-

1909 5302 2101 5357 ﬁeibus
2137 5301 2453 5357 Iudaeorum
2501 5303 2809 5358 Archelaus
2860 5303 2982 5374 ejus
3037 5302 3180 5357 ﬁlius
3204 5338 3219 5366 ,
3254 5307 3308 5354 et
3342 5306 3472 5368 post

1509 5539 1739 5596 \‘ARl/E
1782 5543 2181 5600 LECTIONES.

238 5694 266 5733 ..
296 5645 456 5733 tam”.
567 5647 645 5733 66..
668 5715 684 5733 Ι
721 5649 767 5680 ⁸⁸
797 5648 909 5733 καί.
941 5651 1064 5733 Des.
1098 5653 1149 5704 in
1183 5650 1252 5733 Β.Δ
1292 5722 1302 5732 Ι
1332 5652 1505 5733 ητις.
1539 5657 1574 5709 Β
1609 5663 1773 5733 παρὰ.

221 5719 266 5752 ⁸ο
316 5716 641 5787 Ἑσρ.Αρυά
659 5715 975 5786 Iosoplnun,
1005 5721 1038 5773 ι.
1072 5738 1147 5787 c.,
1177 5729 1259 5774 est
1291 5721 1502 5791 ἱερέων.

1880 5664 1923 5696 ⁸⁷
1964 5663 2001 5716 Β
2033 5662 2280 5733 ἱερεύειν.
2359 5663 2403 5696 ³⁸
2432 5662 2474 5716 Β
2500 5664 2735 5720 ἐκείνου.
2813 5665 2856 5695 ⁸⁸
2894 5663 2932 5711 Β
2966 5653 3180 5710 ἐποίουν
3201 5649 3298 5713 τὰς
3323 5648 3465 5705 διαδ.
