3912 6206
495 283 629 350 14Ἰ9

1527 279 2013 342 THEODORETI
2038 278 2375 339 EPISCOPI
2408 278 2771 341 CYRENSIS

3581 280 3696 348 1480

494 398 644 452 hunc
709 401 977 461 occupato
1038 390 1375 460 principatu,
1445 387 1701 443 Romani.
1763 407 1781 441 ι
1820 387 1884 442 Et
1948 385 2058 441 alio

2167 382 2284 453 μετ’
2308 384 2463 452 ὀλίγα
2492 383 2653 439 πάλιν
2679 382 2822 437 οὕτω
2845 382 3009 452 φησίν
3029 399 3041 412 ·
3075 401 3090 434 ι
3119 381 3362 452 Ἐπραξε
3398 382 3441 435 δ’
3463 381 3610 455 ὅμοια
3630 389 3697 458 τῷ

496 484 707 558 1247
738 483 859 538 loco
886 500 900 535 :
929 500 948 533 ι
986 478 1239 536 Valerius
1283 487 1466 535 autem
1489 482 1505 500 ‘
1538 478 1743 535 Gratus
1777 478 2057 533 Romano-

492 592 615 633 rum
645 588 868 645 przeses,
900 586 1026 626 cum
1059 571 1371 633 sacerdotio
1427 570 1744 626 abdicasset
1777 570 2053 634 Ananum,

492 666 773 724 lsmaelem
815 662 1119 734 principem
1168 661 1519 717 sacerdotum
1557 660 1866 724 renuntiat,
1920 657 2057 713 Fabi

494 759 686 813 tilium.
720 755 840 822 Quo
866 757 994 810 item
1044 754 1188 809 haud
1242 754 1415 809 multo
1452 761 1577 824 post
1620 751 1931 810 sacerdotio
1961 750 2062 805 ab-

491 850 707 911 dicato,
770 847 1086 902 Eleazarum
1152 846 1329 901 Anani
1378 844 1645 917 principis
1704 843 2053 899 sacerdotum

494 941 688 1004 lilium,
718 938 1071 994 sacerdotum
1104 938 1408 1008 principem
1434 936 1678 992 declarat
1711 953 1724 988 :
1757 934 2057 1004 elapsoque

492 1045 657 1097 anno,
691 1044 813 1086 cum
844 1043 966 1083 eum
1002 1028 1184 1083 itidem
1244 1028 1581 1091 abdicasset,
1632 1025 1845 1079 Simoni
1872 1023 2060 1078 (lathi-

492 1136 595 1177 mae
636 1120 746 1175 lilio
797 1118 1177 1191 pontiﬁcatum
1241 1118 1537 1172 maximum
1584 1115 1900 1171 committit.
1955 1112 2056 1167 Cui

493 1231 601 1270 non
635 1216 778 1269 ultra
809 1228 1013 1266 annum
1046 1227 1112 1267 eo
1139 1212 1352 1265 honore
1386 1210 1582 1280 potito,
1613 1207 1913 1277 Iosephus,
1967 1206 2058 1276 qui

492 1305 655 1360 etiam
684 1302 960 1372 Caiaphas
989 1301 1170 1356 dictus
1199 1309 1305 1365 est,
1332 1301 1603 1356 successit
1625 1300 1669 1352 ί.
1706 1317 1724 1350 ι
1757 1297 1881 1353 llaec
1932 1297 2060 1351 bea-

494 1406 585 1452 tus
617 1398 778 1451 etiam
803 1393 978 1469 Lucas
1007 1394 1214 1448 docens
1241 1393 1318 1446 ait
1352 1409 1406 1447 ιι
1428 1392 1586 1445 Anno
1616 1390 1827 1445 decimo
1856 1388 2058 1459 quinto

495 1488 708 1558 imperii
743 1484 950 1540 Tiberii
977 1483 1236 1548 Caesaris,
1280 1485 1383 1539 sub
1418 1483 1761 1554 principibus
1792 1482 2054 1538 sacerdo-

495 1586 611 1631 tum
645 1577 802 1631 Anna
864 1584 918 1632 et
948 1574 1256 1646 Caiaphai.
1296 1595 1315 1629 ι
1345 1574 1494 1630 Duos
1554 1585 1732 1631 autem
1779 1588 1889 1629 uno
1917 1581 2058 1627 tem-

495 1684 629 1738 pore
657 1669 936 1739 principes
967 1668 1318 1723 sacerdotum
1350 1666 1652 1722 secundum
1686 1666 1858 1736 legem
1899 1679 2056 1720 crea-

2171 474 2383 549 Ἦρώδῃ
2411 477 2538 549 περὶ
2562 477 2660 548 τῆς
2693 475 3077 538 καταστάσεως
3108 475 3215 528 τῶν
3254 475 3512 529 Ἰουδαίων
3539 479 3698 549 ἀρχιε-

2162 564 2297 637 ρέων
2319 566 2363 598 ⁹¹
2409 565 2699 637 Ἀρχέλαός
2750 583 2811 618 τε
2839 567 2868 618 ὸ
2903 567 3030 630 παῖς
3077 565 3265 630 αὐτοῦ,
3304 566 3395 619 καί
3429 567 3558 635 μετά
3594 570 3699 624 τοῦ.

2159 669 2248 706 τον
2268 655 2316 706 οἱ
2332 655 2593 725 Ῥωμαῖοι
2633 655 2733 727 τὴν
2763 657 2941 726 ἀρχὴν
2990 657 3392 727 παρειληφότες
3433 660 3499 714 ⁸⁸.
3554 681 3571 712 ι
3602 665 3699 718 Kal

2160 744 2388 818 ἑτέρωθί
2419 763 2551 818 φησι
2578 748 2624 780 ⁸⁸
2650 763 2662 775 ·
2703 765 2722 799 ι
2757 746 3013 818 Βαλέριος
3028 748 3075 781 ⁸⁸
3104 749 3157 802 δὲ
3182 749 3409 819 Γράτος,
3443 750 3698 822 Ῥωμαίων

2160 835 2464 907 στρατηγὸς
2490 877 2506 902 ,
2567 836 2781 901 παύσας
2813 838 3172 908 ίερατεύειν⁹⁸
3210 840 3461 901 Ἀνανον,
3502 840 3693 916 Ἰσμαὴλ

2159 928 2422 997 ἀρχιερέα
2453 927 2743 997 ἀποφαίνει
2769 929 2861 983 τὸν
2894 928 2987 982 τοῦ
3018 930 3153 983 Φαϐί
3173 932 3223 963 ³⁸
3244 947 3257 961 σ
3285 931 3379 984 καὶ
3406 930 3580 985 τοῦτον
3604 937 3699 1004 μετ’

2158 1017 2220 1068 οὐ
2258 1017 2392 1070 πολὺ
2452 1021 2820 1090 μεταστήσας,
2867 1020 3189 1091 Ἐλεάζαρον
3244 1021 3337 1074 τὸν
3385 1022 3478 1076 τοῦ
3507 1023 3699 1080 Ἀνάνου

2159 1105 2253 1160 τοῦ
2286 1109 2587 1180 ἀρχιερέως
2618 1113 2731 1165 υίδν
2758 1111 3133 1166 ἀποδείκνυσιν
3153 1112 3200 1144 ’⁷
3236 1114 3527 1185 ἀρχιερέα’
3553 1118 3702 1170 ἐνιαυ-

2159 1198 2253 1251 τοῦ
2308 1198 2364 1252 δὲ
2409 1199 2784 1272 διαγενομένου
2816 1203 2911 1256 καὶ
2943 1202 3090 1256 τόνδε
3138 1202 3377 1269 παύσας,
3432 1204 3696 1279 Σίμωνιτῷ

2161 1290 2411 1362 Καθίμου
2425 1293 2471 1325 ⁸⁸
2493 1293 2588 1365 τὴν
2620 1296 3029 1368 ἀρχιερωσύνην
3058 1295 3450 1367 παραδίδωσιν.
3479 1299 3547 1350 Οὐ
3568 1300 3698 1354 πλέον

2159 1381 2216 1435 δὲ
2269 1383 2362 1436 καὶ
2406 1383 2536 1454 τῷδε
2580 1386 2826 1440 ἐνιαυτοῦ
2879 1387 2978 1458 τὴν
3018 1389 3184 1457 τιμὴν
3235 1387 3413 1458 ἔχοντι
3468 1388 3699 1458 διεγένετο

2161 1473 2367 1542 χρόνος,
2396 1475 2489 1528 καὶ
2533 1474 2852 1547 Ἰώσηππος,
2884 1480 2913 1532 ό
2951 1478 3044 1531 καὶ
3078 1478 3362 1547 Καϊάφας,
3411 1478 3628 1551 διάδοχος
3645 1478 3698 1553 ἢν

2160 1562 2328 1634 αύτῷ.
2361 1584 2380 1617 ι
2436 1564 2622 1619 Ταῦτα
2674 1566 2938 1621 διδάσκων
2982 1570 3077 1622 καὶ
3125 1571 3155 1621 ό
3202 1570 3473 1640 μακάριος
3520 1571 3697 1637 Λουκᾶς

2161 1671 2326 1724 φησιν
2353 1670 2366 1683 ·
2406 1675 2423 1706 ι
2458 1656 2654 1721 Ἔτους
2689 1658 3177 1712 πεντεκαιδεκάτου
3229 1658 3481 1730 Τιϐερίου
3526 1661 3699 1715 Καίσα-

496 1772 583 1816 tos
635 1761 805 1816 fuisse
859 1775 1141 1831 nunquam
1192 1759 1527 1830 accepimus.
1578 1757 1705 1814 llaec
1745 1756 2056 1840 praedicens

2167 1761 2274 1816 ρος,
2320 1746 2416 1798 ἐπὶ
2467 1746 2766 1819 ἀρχιερέων
2787 1749 2832 1780 θ’
2869 1750 3039 1808 Ἀννα
3071 1750 3166 1803 καὶ⁹
3211 1749 3457 1817 Καῖάφα.
3491 1768 3509 1800 ι
3539 1751 3626 1803 Δύο
3654 1752 3697 1805 δι

496 1862 722 1910 sanctus
755 1851 975 1908 Gabriel
1004 1869 1019 1907 :

566 2115 840 2173 Vsas.26.
880 2134 899 2168 ι
934 2115 1002 2170 Ει
1055 2123 1181 2186 post
1212 2113 1608 2177 hebdomadas,
1650 2113 1846 2184 inquit,
1895 2126 2061 2168 sexa-

496 2209 647 2280 ginta
673 2209 813 2263 duas
841 2206 1301 2263 exterminabitur
1332 2206 1548 2270 unctio,
1573 2212 1628 2261 et
1645 2205 1920 2275 judicium
1949 2219 2062 2258 non

496 2309 582 2356 est
616 2299 671 2354 in
702 2314 788 2354 eo.
826 2316 844 2349 ι
879 2297 1239 2367 Perspicuum
1276 2297 1463 2368 itaque
1491 2305 1577 2354 est
1609 2313 1734 2353 eum
1778 2297 2065 2366 sexaginta

497 2392 636 2447 duas
685 2388 1057 2445 hebdomadas
1109 2388 1327 2459 priores
1391 2390 1689 2459 posuisse,
1758 2396 1813 2444 et
1876 2396 2065 2458 postea

498 2491 732 2553 septem,
759 2481 813 2534 in
838 2480 1043 2551 quibus
1065 2480 1469 2534 exterminata":
1492 2481 1560 2533 iri
1582 2480 1879 2534 unctionem
1902 2477 2063 2542 dixit,

499 2572 551 2626 id
588 2579 693 2637 est,
730 2568 1015 2625 ﬂorentem
1066 2570 1121 2624 in
1156 2570 1499 2640 principibus
1542 2571 1892 2625 sacerdotum
1943 2583 2067 2639 gra-

498 2664 648 2717 tiam.
690 2661 751 2714 Et
775 2676 898 2715 cum
936 2661 1012 2715 illi
1044 2661 1249 2727 etiam,
1285 2661 1381 2731 qui
1430 2668 1623 2715 contra
1676 2661 1850 2731 legem
1907 2672 2067 2714 crea-

499 2752 723 2815 bantur,
760 2751 1115 2805 sacerdotum
1148 2752 1430 2822 principes
1463 2751 1891 2822 appellarentur,
1949 2765 2067 2805 me-

500 2844 606 2898 rito
641 2860 659 2893 ι
722 2842 1016 2913 judicium,
1072 2843 1271 2914 inquit,
1336 2858 1446 2898 non
1475 2851 1561 2897 est
1606 2843 1662 2897 in
1694 2842 1837 2912 ipso.
1881 2859 1899 2893 ι
1949 2840 2067 2896 Etsi

497 2937 644 2992 enim
675 2943 977 3007 unguntur,
1009 2935 1225 3007 inquit,
1265 2944 1450 2990 tamen
1491 2951 1601 2990 non
1637 2933 1935 2990 secundum
1987 2932 2067 2988 le-

497 3043 619 3100 gem
676 3036 981 3099 unguntur,
1020 3043 1209 3084 verum
1259 3035 1459 3097 praeter
1503 3027 1679 3099 legem
1732 3025 1836 3081 hoc
1887 3024 2067 3079 facere

499 3117 720 3173 audent.
754 3116 820 3172 Et
868 3117 982 3189 jam
1032 3118 1292 3190 superius
1353 3131 1574 3188 quoque
1634 3116 1855 3187 planum
1898 3115 2061 3181 fecit,

499 3217 705 3278 septem
739 3223 800 3264 se
837 3207 1211 3264 hebdomadas
1245 3209 1438 3264 ultimo
1478 3208 1603 3262 loco
1629 3206 1904 3277 posuisse,
1936 3221 2064 3261 cum

498 3296 744 3353 diceret:
777 3316 795 3350 ι
831 3295 1019 3366 Usque
1051 3297 1117 3351 ad
1142 3297 1424 3353 Christum
1454 3296 1598 3351 enim
1629 3296 1823 3351 ducem
1858 3295 2066 3351 hebdoo

498 3387 689 3443 madcs
723 3398 951 3458 septem,
979 3394 1035 3443 et
1076 3388 1446 3444 bebdomades
1482 3388 1764 3459 sexaginta
1795 3389 1917 3444 duae
1960 3390 2008 3446 ιι.
2042 3409 2061 3443 ι

500 3476 689 3548 Usque
730 3478 799 3533 ad
833 3479 1025 3534 ducem
1084 3477 1300 3550 1248
1336 3478 1480 3533 enim
1530 3477 1810 3533 Christum
1861 3479 2066 3535 hebdo-

502 3570 692 3624 madas
719 3577 926 3639 septem
956 3569 1349 3639 multiplicatas
1379 3569 1434 3622 in
1471 3583 1570 3623 sua
1593 3578 1774 3624 mente
1802 3572 2067 3641 reposuit,

503 3668 565 3714 ut
597 3660 987 3731 intelligamus,
1033 3660 1079 3716 si
1119 3675 1149 3715 a
1206 3658 1438 3716 Christo
1472 3674 1693 3714 rursum
1730 3676 1928 3717 versus
1968 3678 2070 3717 nu-

504 3764 719 3805 merare
761 3750 1013 3817 velimus,
1055 3758 1264 3821 septem
1324 3763 1425 3805 nos
1489 3750 1643 3819 prius
1700 3749 2071 3808 hebdomadas

502 3849 888 3909 comperturos
932 3857 1087 3909 esse,
1138 3840 1340 3896 deinde
1400 3841 1683 3914 sexaginta
1718 3843 1876 3898 duas.
1915 3842 2070 3909 Quod

504 3928 750 3997 apertius
780 3944 1063 3998 exponens
1091 3948 1105 3983 :
1134 3948 1155 3982 ι
1193 3929 1543 3993 Revertetur,
1586 3933 1789 4001 inquit.
1819 3939 1872 3987 et
1895 3933 2069 3988 aedili-

504 4016 720 4072 cabitur
735 4019 932 4089 platea,
948 4026 1002 4074 et
1023 4036 1235 4088 murus,
1257 4030 1312 4076 et
1334 4021 1745 4077 innovabantur
1763 4032 2033 4095 tempora,
2048 4046 2066 4078 ι

504 4109 608 4165 hoc
664 4119 782 4177 est,
822 4120 1035 4182 tempus
1090 4124 1216 4169 ante
1267 4112 1709 4169 aediﬁcationem.
1774 4133 1794 4167 ι
1843 4115 1910 4169 Et
1950 4126 2074 4188 post

506 4202 898 4270 hebdomadas,
928 4204 1131 4274 inquit,
1154 4206 1437 4276 sexaginta
1460 4203 1598 4260 duas
1621 4208 2073 4265 exterminabitur

508 4292 712 4348 unctio.
751 4310 769 4345 ι
806 4292 868 4346 Et
900 4308 1007 4348 non
1034 4294 1175 4348 dixit
1214 4303 1331 4361 post
1362 4304 1577 4364 septem,
1610 4296 1703 4352 sed
1750 4307 1868 4365 post
1918 4314 2072 4354 sexa-

2164 1837 2308 1892 κατά
2344 1838 2537 1891 ταύτὸν
2576 1838 2871 1910 ἀρχιερέας
2908 1840 3049 1894 κατά
3094 1841 3265 1911 νόμον
3290 1841 3309 1871 ¹
3343 1842 3697 1913 γεγενημένους

2163 1930 2223 1981 ού
2266 1928 2661 2001 μεμαθήκαμεν
2706 1928 2944 1987 πώποτε.
2992 1929 3181 1985 Ταῦτα
3226 1931 3505 2003 προλέγων
3529 1933 3554 1984 ὁ
3578 1934 3697 2000 ἅγιος

2162 2019 2424 2092 Γαϐριήλ·

2233 2110 2346 2176 κς’.
2379 2129 2397 2162 ι
2425 2111 2539 2177 Καὶ
2565 2109 2703 2181 μετὰ
2715 2111 2812 2175 τάς
2828 2110 3152 2181 ἑϐδομάδας,
3173 2113 3332 2183 φησι,
3360 2114 3455 2179 τάς
3476 2112 3697 2186 ἑξήκοντα

2162 2202 2285 2268 δύο,
2348 2203 2856 2274 ὲξολοθρευθήσεται
2908 2204 3204 2275 χρίσμα³,
3262 2207 3356 2258 καὶ
3420 2210 3578 2278 κρῖμα
3619 2209 3696 2261 οὐκ

2169 2294 2318 2348 ἔστιν
2340 2295 2360 2326 ³
2389 2296 2447 2347 ὲν
2471 2294 2640 2366 αὐτῷ.
2685 2313 2704 2347 ι
2748 2294 2834 2358 Ὦς
2861 2288 2998 2348 εἶναι
3026 2293 3213 2365 δῆλον,
3243 2295 3331 2350 ὅτι
3355 2297 3449 2361 τὰς
3479 2296 3696 2369 ἑξήκοντα

2163 2384 2258 2438 δύο
2300 2384 2600 2456 ἑϐδομάδας
2640 2386 2911 2458 προτέρας
2938 2387 3159 2458 τέταχε,
3194 2388 3293 2441 καὶ
3325 2389 3459 2459 μετὰ
3497 2388 3696 2454 ταύταςδ

2163 2476 2263 2541 τὰς
2293 2477 2453 2540 ἑπτὰ,
2489 2479 2547 2531 ὲν
2590 2472 2701 2541 αἷς,
2744 2478 2943 2548 φησὶν,
2987 2478 3557 2548 ἐξολεθρευθήσεται
3597 2483 3696 2551 χρί-

2167 2584 2314 2638 σμα,
2342 2568 2641 2633 τουτέστιν,
2673 2572 2706 2639 ἡ
2733 2571 2753 2602 ⁵
2782 2572 2895 2634 τοῖς
2920 2571 3280 2643 ἀρχιερεῦσιν
3306 2573 3595 2627 ἐπανθοῦσα
3617 2574 3694 2643 χά-

2171 2678 2270 2732 ρις.
2316 2661 2428 2714 Kal
2467 2660 2656 2731 ἐπειδὴ
2694 2661 2788 2715 καὶ
2818 2663 2868 2715 οί
2900 2663 3240 2734 παρανόμως
3272 2665 3693 2736 προχειριζόμενοι

2167 2753 2440 2825 ἀρχιερεῖς
2489 2752 2872 2825 ὠνομάζοντο,
2923 2754 3152 2818 εἰκότως
3209 2757 3486 2826 ἐπήγαγε·
3543 2776 3560 2809 ι
3611 2757 3694 2812 Καὶ

2168 2847 2342 2915 κρῖμα
2373 2844 2472 2898 οὐκ
2518 2845 2663 2898 ἔστιν
2712 2846 2770 2899 ὲν
2824 2845 2995 2917 αὐτῷ.
3028 2865 3047 2898 ι
3111 2848 3310 2920 Είγάρ
3357 2850 3448 2903 καὶ
3476 2826 3691 2921 χβίονται,

2170 2935 2357 3005 φησὶν,
2400 2933 2514 2988 ἀλλ’
2542 2935 2604 2989 ού
2652 2936 2793 2990 κατά
2822 2935 2980 3005 λόγον
3010 2937 3282 3011 χρίονται,
3320 2942 3622 3012 παρανόμως
3650 2940 3693 2993 δὲ

2167 3025 2327 3080 τοῦτο
2347 3029 2518 3080 ποιεῖν
2544 3026 2804 3098 τολμῶσι.
2835 3029 2946 3082 Καὶ
2975 3030 3239 3102 ἀνωτέρω
3266 3030 3323 3084 δὲ
3345 3031 3495 3102 δῆλον
3506 3031 3692 3101 πεποίη-

2166 3133 2281 3181 κεν,
2316 3117 2392 3182 ὡς
2436 3119 2535 3182 τὰς
2582 3117 2721 3173 ἑπτά
2768 3119 3071 3190 ἑϐδομάδας
3104 3122 3428 3187 τελευταίας
3479 3123 3691 3194 τέταχεν⁸

2173 3227 2192 3259 ι
2238 3210 2382 3273 Ἕως
2432 3209 2540 3282 γὰρ
2574 3210 2811 3284 Χριστοῦ
2873 3212 3182 3284 ἡγουμένου
3234 3215 3520 3286 ἑϐδομάδες
3567 3212 3690 3276 ἑπτά,

2167 3302 2260 3355 καί
2291 3301 2583 3372 ὲϐδομάδες
2608 3303 2873 3374 ἑξήκοντα
2902 3304 3015 3359 δύο.
3065 3324 3084 3358 ι
3121 3306 3273 3371 Ἕως
3300 3307 3411 3379 γὰρ
3448 3306 3533 3361 τοῦ
3560 3308 3690 3376 incu-

2172 3392 2334 3462 μένου
2365 3392 2603 3464 Χριστοῦ
2635 3394 2732 3459 τὰς
2760 3395 2899 3449 έπτά
2923 3396 2945 3427 ⁸
2977 3395 3548 3462 πολλαπλασιαζούσας
3573 3395 3691 3449 ἑϐδο-

2172 3483 2344 3554 μάδας
2370 3483 2498 3555 παρ’
2538 3482 2707 3555 αὐτὴν
2752 3485 2915 3539 αὑτοῦ
2958 3485 3056 3557 τὴν
3091 3488 3320 3559 μνήμην
3347 3487 3589 3549 τέθεικεν,
3626 3484 3690 3537 ἵνα

2168 3578 2385 3648 γνῶμεν
2418 3578 2493 3642 ὼς
2535 3579 2643 3633 ἀπὸ
2679 3579 2774 3633 τοῦ
2812 3580 3048 3652 Χριστοῦ
3083 3582 3181 3636 καὶ
3220 3583 3315 3636 ἐπὶ
3360 3583 3428 3635 τά
3475 3583 3574 3636 άνω
3599 3579 3691 3649 ἀρι-

2172 3670 2326 3742 θμεῖν
2360 3671 2694 3743 βουλόμενοι,
2724 3672 2821 3737 τὰς
2847 3672 2988 3727 ἑπτὰ
3018 3674 3289 3747 πρότερον
3318 3671 3592 3744 ἑϐδομάδας
3622 3669 3690 3722 εὖ·

2174 3764 2239 3836 ρή
2248 3779 2431 3834 σομεν,
2449 3763 2546 3817 καλ⁵
2561 3764 2622 3817 τό
2641 3763 2801 3827 τετάς
2824 3765 3089 3837 ἐξήκοντα
3110 3766 3228 3822 δύο.
3253 3766 3362 3819 Kal
3388 3764 3537 3818 τοῦτο
3557 3760 3689 3829 casi-

2175 3855 2402 3924 στερον⁷
2437 3854 2638 3908 ποιῶνο
2683 3874 2703 3909 ι
2753 3856 3140 3928 Ἐπιστρέψει,
3190 3857 3356 3929 φησὶ,
3400 3856 3489 3910 καὶ
3530 3852 3690 3908 οἰκοδο-

2175 3944 2479 4018 μηθήσεται
2515 3946 2746 4001 πλατεῖα
2776 3948 2871 4002 καὶ
2904 3948 3237 4021 περίτειχος,
3282 3948 3375 4003 καὶ
3409 3944 3690 4015 ὲκκαινωθή·

2174 4054 2354 4092 σονται
2388 4040 2436 4092 οἱ
2465 4039 2670 4108 καιροί.
2719 4057 2738 4091 ι
2769 4039 3079 4105 Τουτέστιν,
3113 4041 3142 4093 ὁ
3174 4040 3283 4112 πρὸ
3315 4041 3412 4111 τῆς
3434 4035 3689 4106 οἰκοδομίας

2173 4127 2380 4199 χρόνος.
2420 4147 2441 4180 ι
2480 4129 2589 4182 Καὶ
2628 4128 2770 4201 μετά
2814 4129 2914 4194 τὰς
2941 4130 3264 4202 ἑϐδομάδας,
3298 4130 3447 4201 φησὶ.
3487 4129 3572 4191 τὰς
3594 4126 3690 4195 έξή⁶

2174 4233 2337 4269 κοντα
2365 4215 2480 4279 δύο,
2507 4217 3014 4291 ὲξολοθρευθήσεται
3034 4221 3266 4292 χρίσμα.
3299 4239 3319 4272 ι
3347 4220 3450 4274 Καὶ
3472 4218 3559 4272 οὐκ
3577 4212 3686 4275 εἶπε,

2171 4307 2322 4376 μετὰ
2366 4307 2473 4372 τὰς
2529 4307 2697 4374 ἑπτὰ,
2736 4308 2873 4362 ἀλλά
2903 4309 3057 4378 μετὰ
3100 4311 3211 4375 τὰς
3260 4308 3542 4376 ἐξήκοντα
3585 4305 3685 4363 δύο.

506 4384 652 4454 ginta
689 4383 845 4452 duas,
881 4401 1021 4456 quas
1048 4386 1153 4441 illae
1179 4392 1389 4456 septem
1423 4395 1755 4459 sequuntur,
1796 4408 1815 4440 ι
1851 4390 1905 4444 in
1946 4391 2064 4461 qui-

2179 4398 2297 4467 μεθ’
2334 4397 2399 4462 ἃς
2432 4400 2568 4452 εἰσιν
2620 4400 2678 4453 αἱ
2726 4399 2883 4465 ἑπτά,
2929 4418 2950 4452 ι
2994 4402 3053 4454 ἐν
3096 4394 3184 4465 αῖς
3234 4397 3688 4470 ἑξολοθρευθήσεται

508 4476 612 4531 bus
636 4477 1094 4533 exterminabitur
1124 4477 1333 4543 unctio,
1366 4485 1420 4534 et
1443 4479 1712 4549 judicium
1745 4496 1854 4535 non
1901 4492 1985 4538 est
2020 4484 2073 4538 in

2172 4487 2400 4560 χρίσμα,
2430 4488 2525 4544 καὶ
2568 4492 2744 4561 κρῖμα
2796 4491 2897 4544 ούκ
2938 4490 3085 4546 ἐστιν
3114 4491 3172 4545 έν
3206 4490 3395 4562 αὐτῷ’
3430 4507 3449 4542 ι
3495 4483 3686 4559 Ἡρώδου

508 4582 610 4621 eo:
653 4587 673 4621 ι
724 4567 943 4625 Herode
1002 4569 1308 4638 alienigena
1362 4580 1647 4641 regnante,
1706 4574 1798 4643 qui
1848 4580 2064 4644 paternc

2176 4579 2275 4648 μὲν
2306 4578 2602 4649 ἀλλοφύλου
2634 4579 3038 4651 βασιλεύοντος·
3068 4581 3337 4656 πατρόθεν
3358 4581 3459 4653 γάρ
3477 4581 3498 4614 ⁸
3533 4579 3687 4634 Ἀσκα-

511 4672 707 4727 genere
734 4659 1047 4716 Ascalonita
1070 4697 1085 4722 ,
1119 4668 1369 4716 materno
1403 4661 1674 4722 ldnmaeus
1720 4670 1859 4730 erat,
1899 4676 1953 4720 et
2007 4665 2075 4722 iis

510 4749 602 4818 qui
641 4749 916 4818 principes
957 4747 1311 4805 sacerdotum
1342 4751 1685 4806 vocabantur
1727 4768 1836 4806 non
1875 4769 2075 4809 secun-

508 4837 637 4890 dum
671 4838 838 4907 legem
872 4837 1075 4904 unctis,
1126 4839 1222 4894 sed
1259 4839 1329 4894 ab
1361 4841 1684 4911 alienigenis
1709 4844 2074 4915 principibus,

511 4926 743 4994 Herode,
769 4929 1059 4997 Archelao,
1093 4940 1148 4986 et
1179 4929 1447 4988 Romanis
1474 4934 1820 5002 praesidibus,
1852 4938 2065 4993 electis.

2169 4667 2397 4740 λωνίτης
2426 4664 2513 4741 ἦν,
2549 4670 2816 4742 μητρόθεν
2845 4670 2903 4725 δὲ
2945 4672 3238 4743 Ἰδουμαῖος
3258 4689 3275 4704 ο
3307 4671 3414 4726 τῶν
3444 4670 3496 4725 δὲ
3533 4668 3687 4723 καλου-

2176 4759 2352 4830 μένων
2401 4761 2704 4832 άρχιερέων
2755 4763 2817 4817 ού
2865 4763 3005 4818 κατά
3045 4764 3207 4834 νόμον
3253 4764 3557 4835 χρωμένων,
3595 4754 3686 4812 ἀλλ’

2172 4849 2277 4902 ὑπὸ
2326 4849 2436 4903 τῶν
2488 4850 2800 4921 ἀλλοφύλων
2860 4853 3138 4925 ἀρχόντων
3197 4850 3680 4926 προχειριζομένωνο

2187 4940 2428 5013 Ἦρὼδθυ
2493 4959 2551 4995 τε
2601 4943 2694 4996 καὶ
2761 4942 3053 5015 ’Λρχελάου
3076 4984 3092 5012 ,
3159 4945 3254 5000 καὶ
3308 4945 3412 4998 τῶν
3445 4936 3682 5011 Ῥωμαίων

590 5104 608 5146 ί
642 5101 858 5176 ,ΙοιεεειιιιΔ
896 5105 1072 5179 Antiq.
1105 5105 1236 5161 Iud.
1268 5106 1362 5163 lib.
1395 5122 1552 5170 xvm,
1587 5123 1637 5161 c.
1668 5109 1722 5163 5.
1799 5108 1813 5159 i
1851 5109 1983 5167 Luc.
2015 5127 2064 5167 n:

2175 5156 2189 5179 ,
2219 5114 2274 5169 9..
2354 5115 2380 5154 Ιί
2415 5113 2551 5169 Dan.
2583 5130 2659 5182 rx,
2696 5115 2789 5171 25.

1796 5272 2033 5329 VARIAS
2072 5271 2482 5329 LECTIONES.

577 5375 624 5407 "
659 5391 724 5462 τη
745 5374 898 5462 dio-.28.
931 5376 1507 5462 ἀρχδοεορῂιιῇιτιῦγ
1531 5382 1741 5462 ἱερέων.
1817 5388 1867 5462 ξξ
1895 5384 2186 5462 .losephus,
2218 5386 2514 5462 τὴνάρχὴν
2558 5390 2819 5462 οΡωμαῖοι
2847 5391 2956 5446 τῶν
3009 5392 3277 5462 Ἰουδαίων
3309 5410 3381 5447 πα

510 5444 560 5477 ⁵³
588 5444 739 5515 φησι.
770 5444 811 5497 Β
839 5444 1035 5515 prtem.
1054 5447 1130 5501 δέ.

510 5517 733 5597 sopitus,
762 5516 1027 5599 Κριμίθςυ.
1129 5520 1172 5552 υ
1196 5520 1237 5571 Β
1264 5521 1581 5621 ἀρχιερέως.

510 5594 559 5621 οι
594 5585 722 5621 ηιι..ι
752 5594 849 5621 η...
886 5588 958 5621 .ιι.
1055 5588 1077 5620 ι
1114 5588 1142 5621 Α
1182 5587 1328 5621 3..-...
1480 5591 1581 5621 --.ι

508 5594 563 5639 et
591 5585 722 5640 nihil
752 5585 861 5641 erit
884 5588 980 5640 illi.
1055 5588 1077 5620 ³
1108 5588 1150 5640 Α
1182 5585 1352 5643 ἔσταιζ

510 5655 592 5710 ὲν.
695 5652 717 5684 ⁸
744 5671 793 5711 τ.
829 5656 987 5712 ἑπτά.
1013 5655 1137 5713 Des.
1165 5659 1217 5713 in
1240 5659 1298 5713 Β.

3384 5388 3671 5463 palamst-

1229 5449 1277 5483 "
1296 5451 1401 5505 Alii
1433 5452 1745 5524 Οὐαλέριος.
1821 5457 1869 5489 ’⁸
1890 5449 2195 5530 Ιοεθρὴιιε,
2231 5449 2500 5526 ἱερᾶσθαί.
2576 5449 2893 5531 ⁸⁸9Βαφεῖ.
2967 5462 3011 5494 ’⁷
3041 5449 3479 5519 Βάναδείκνυσιν.
3542 5449 3675 5512 "Jo-

1229 5521 1579 5563 ιάηνιεηὲωεο-
1688 5525 1702 5554 ί
1733 5542 1761 5563 ν
1818 5527 1916 5563 ως..
1977 5527 2031 5563 1..
2063 5528 2105 5563 n
2135 5534 2250 5563 nncl
2305 5543 2467 5563 νενε..
2525 5529 2747 5563 mum...
2843 5532 2863 5563 ε
2896 5548 2965 5563 υ..
3016 5557 3031 5563 .,
3118 5532 3261 5563 ...·.-,τ.
3325 5532 3450 5563 υρι..
3495 5537 3667 5563 "unum

1480 5527 1581 5585 ἑως.
1688 5527 1702 5554 ¹
1733 5542 1786 5580 κ.
1818 5527 1941 5596 νόμ.
1977 5527 2031 5581 Iri
2063 5528 2105 5579 Β
2135 5534 2257 5596 post
2305 5543 2467 5596 γεγεν
2525 5529 2765 5595 ponitur.

1480 5591 1651 5666 f:¢tit._
1676 5594 1755 5648 Ita
1783 5611 1930 5666 Aoum
1961 5596 2017 5666 Bg
2032 5596 2286 5666 legimus.
2320 5596 2485 5666 Sirm.
2511 5598 2701 5653 ταῦτα.

1402 5661 1421 5691 ⁷
1447 5661 1489 5713 Β
1515 5662 1702 5731 σαφές.
1780 5662 1802 5695 ³
1831 5665 1957 5737 γάρ.
1989 5664 2031 5718 Β
2060 5661 2245 5736 ρῖωω.
2287 5665 2405 5736 μέν.

2896 5548 2984 5604 X'P-
3016 5557 3089 5604 ’τ-
3117 5532 3279 5604 αῠτίῷ.
3319 5532 3471 5604 Ηείιν.Δ
3495 5537 3670 5604 unctus,

2801 5602 2823 5634 ⁸
2850 5595 3010 5673 ήῗίιιι
3041 5602 3102 5671 Β,
3133 5595 3375 5661 sed'edit.
3400 5600 3529 5673 prior
3565 5595 3667 5651 hab.
