3912 6206
416 292 553 360 M83

1389 290 1879 354 THEODORETI
1911 288 2253 352 EPISCOPI
2286 292 2655 353 CYRENSIS

3534 299 3656 366 1484

414 419 606 469 custos
651 407 948 470 assidebat,
1003 403 1180 476 gratia
1212 404 1539 471 recesserit,-
1569 413 1624 460 ct
1678 405 1997 459 communia

2102 422 2259 473 γονεν
2289 406 2432 474 ὑπὲρ
2458 405 2555 461 τοῦ
2588 408 2795 478 κόσμου
2831 407 3033 471 παντὸς
3073 407 3172 479 τῆς
3204 407 3392 473 θυσίας
3422 428 3660 483 προσενε-

418 492 683 559 ἰὶιαΐοοια
714 502 847 564 sint,
876 497 942 552 ad
979 511 1100 568 qua:
1134 495 1347 567 pridem
1382 496 1484 552 soli
1529 496 1769 567 principi
1806 509 1994 550 sacer-

416 599 607 654 dotum
646 593 830 649 aditus
889 592 1128 661 patebat.
1183 588 1299 644 [loc
1359 597 1544 644 autem
1583 589 1840 658 contigit,
1870 602 1996 643 cum

417 687 752 747 sacriﬁcium
795 697 896 754 pro
952 682 1214 738 universo
1271 680 1484 737 mundo
1545 690 1696 737 esset
1726 681 1995 736 oblatum.

407 780 572 850 ’Quod
597 778 643 833 si
670 777 795 847 quis
819 776 987 831 etiam
1013 785 1233 846 tempus
1255 773 1472 830 discere
1494 777 1704 845 cupiat.
1723 789 1790 830 ex
1819 772 1997 827 Evan-

417 873 559 944 gelio
585 866 820 925 Joannis
865 877 1254 939 cognoscetur.
1298 865 1438 922 Cum
1474 868 1620 922 enim
1673 880 1850 922 annos
1887 866 1997 920 cir-

415 966 557 1020 citer
582 972 696 1018 tres
724 977 846 1017 cum
879 961 1108 1015 dimidio
1134 960 1494 1031 praedicasset
1527 957 1818 1020 Dominus,
1869 973 1997 1013 san-

406 1064 642 1126 ctosque
673 1068 805 1109 suos
835 1051 1140 1122 discipulos
1175 1051 1428 1107 doctrina
1455 1059 1511 1106 et
1543 1051 1826 1106 miraculis
1860 1066 1997 1105 con-

413 1146 712 1209 firmasset,
750 1153 880 1199 tunc
915 1158 1113 1212 passus
1150 1150 1259 1207 est,
1319 1157 1384 1198 ac
1442 1152 1568 1214 post
1633 1158 1878 1210 crucem,
1943 1152 1998 1197 ct

415 1247 669 1298 mortem.
704 1244 757 1291 et
786 1235 1281 1297 resurrectionem,
1306 1242 1358 1289 et
1388 1233 1453 1288 ad
1483 1237 1657 1291 cmlns
1680 1250 1994 1300 ascensum,

415 1337 471 1386 et
506 1324 844 1384 saneti'ssimi
884 1323 1129 1395 Spiritus
1160 1323 1451 1378 adventum
1480 1364 1494 1386 ,
1529 1325 1801 1394 reliquum
1862 1324 1996 1379 heb-

416 1419 668 1477 domadis
697 1425 914 1488 tempus
945 1416 1122 1472 sancti
1161 1415 1395 1486 apostoli
1426 1412 1821 1487 Hierosolymis
1855 1431 1995 1486 prm-

413 1515 661 1569 dicantcs
720 1520 775 1567 'et
836 1510 1104 1564 miracula
1158 1507 1410 1573 edentes,
1465 1508 1657 1562 multis
1711 1508 1994 1562 hominum

414 1605 660 1661 millibus
712 1603 781 1659 ad
831 1602 1199 1672 evangelicum
1258 1600 1566 1654 doctrinam
1619 1599 1825 1664 ductis,
1860 1598 1994 1654 Novi

2098 498 2343 571 χθείσης.
2380 500 2443 554 El
2468 500 2526 553 δέ
2550 518 2634 564 τις
2661 500 2755 555 καὶ
2786 500 2877 556 τὺι
2904 501 3095 572 χρόνον
3122 502 3460 572 καταμαθεῖν
3480 506 3523 537 ⁸³
3550 508 3659 561 ἑθέν

2099 590 2200 653 λει,
2256 592 2322 645 ὲκ
2371 590 2465 647 τοῦ
2505 592 2648 647 κατὰ
2693 593 2948 663 Ἰωάννην
2987 593 3324 664 Εὐαγγελίου
3359 594 3657 667 μαθήσεται.

2109 684 2199 746 Ὠς
2226 684 2354 756 περὶ
2379 684 2448 737 τὰ
2476 685 2606 758 τρία
2632 684 2725 757 ἐτη
2748 685 2794 718 ’⁵
2816 686 2912 740 καὶ
2932 686 3103 756 ἥμισυ
3122 686 3371 759 κηρύξας
3397 689 3427 740 ὁ
3454 690 3661 761 Κύριος,

2100 777 2195 830 καὶ
2229 778 2357 840 τοὺς
2386 776 2575 845 ἁγίους
2613 775 2777 831 αὐτοῦ
2819 776 3066 849 μαθητὰς
3110 780 3179 848 τῇ
3225 776 3544 850 διδασκαλίᾳ
3580 783 3664 835 καὶ

2098 870 2212 932 τοῖς
2236 868 2481 939 θαύμασι
2521 868 2858 941 βεϐαιώσας,
2905 870 3025 923 τότε
3071 871 3131 925 τὸ
3173 870 3351 934 πάθος
3388 872 3662 942 ὑπέμεινε·

2104 962 2246 1031 μετὰ
2273 962 2330 1016 δὲ
2359 962 2451 1017 τὸν
2478 962 2710 1033 σταυρὸν
2742 963 2836 1017 καὶ
2861 962 2954 1017 τὸν
2989 962 3224 1017 θάνατον
3243 1002 3257 1026 ,
3308 964 3401 1016 καὶ
3426 963 3523 1035 τὴν
3548 965 3667 1020 ἀνά-

2103 1072 2312 1116 στασιν.
2358 1057 2454 1110 καὶ
2476 1057 2576 1126 τὴν
2601 1057 2683 1117 είς
2707 1056 2973 1127 οὐρανοὺς
2998 1055 3294 1117 ἀνάϐασιν,
3339 1057 3432 1109 καὶ⁵
3464 1057 3560 1126 τὴν
3585 1058 3667 1109 τοῦ

2101 1147 2258 1215 ἁγίου
2301 1147 2619 1219 Πνεύματος
2649 1146 3018 1217 ὲπιςροίτησιν,
3054 1147 3147 1200 τὸν
3184 1145 3377 1201 λοιπὺν
3417 1146 3514 1216 τῆς
3543 1147 3669 1200 ἑϐδο-

2104 1241 2269 1310 μάδος
2302 1240 2495 1311 χρόνον
2521 1240 2572 1294 οί
2603 1240 2751 1306 ἅγιοι
2773 1239 2817 1270 ⁸⁸
2862 1237 3153 1293 ἀπόστολοι
3190 1239 3252 1290 ὲν
3293 1238 3669 1309 Ἰεροσολύμοις

2100 1333 2463 1407 κηρύττοντές
2511 1350 2570 1386 τε
2617 1333 2713 1386 καὶ
2759 1329 3311 1403 θαυμαωυργοῦντες
3334 1371 3349 1394 ,
3386 1329 3580 1393 πολλάς
3617 1347 3669 1382 τε

2099 1423 2402 1497 ἀνθρώπων
2427 1423 2675 1496 χιλιάδας
2702 1425 2786 1488 είς
2817 1423 2918 1493 τὴν
2948 1420 3320 1492 εὐαγγελικὴν
3346 1420 3666 1491 ποδηγήσανσ

2099 1532 2191 1579 τες
2216 1515 2586 1577 διδασκαλίαν.
2608 1517 2707 1585 τῆς
2727 1514 2875 1578 Νέας
2898 1512 3178 1584 Διαθήκης
3202 1512 3449 1582 ἠξίωσαν
3475 1514 3667 1582 καὶτῆς

2098 1608 2194 1663 τοῦ
2218 1608 2485 1677 παναγίου
2507 1606 2880 1678 βαπτίσματος
2895 1606 3119 1677 χάριτος
3134 1607 3327 1675 τυχεῖν
3354 1605 3668 1675 παρεσκεύα-

417 1697 755 1756 Testameuti
781 1712 982 1751 munus
1013 1693 1304 1764 impertiti,
1326 1700 1386 1747 ut
1409 1694 1749 1748 sanctissimi
1776 1707 1997 1762 quoque

2102 1718 2222 1755 σαν.
2250 1695 2382 1753 Εἶτα
2413 1699 2521 1752 τῶν
2562 1698 2702 1753 κατὰ
2731 1698 2824 1752 τὸν
2862 1698 3023 1767 ἅγιον
3041 1699 3088 1729 ’⁸
3137 1696 3419 1765 Στέφανον
3451 1695 3551 1748 ὑπὸ
3576 1697 3670 1749 τῶν

414 1790 767 1862 baptismatis
793 1787 1022 1860 gratiam
1041 1794 1520 1856 consequerentur
1541 1792 1801 1840 auctores
1823 1784 1993 1840 fuere.

2112 1792 2380 1847 Ἰουδαίων
2429 1792 2829 1864 τολμηθέντων,
2875 1758 3275 1861 δίεσπάρησαν.
3310 1789 3409 1859 μὲν
3445 1788 3494 1842 oi
3538 1789 3666 1842 ἄλλοι

417 1883 797 1948 Deinde,‘cum
824 1875 1000 1934 ‘Judzri
1033 1879 1088 1933 in
1122 1888 1376 1933 sanetum
1426 1874 1767 1948 Stephanum
1830 1876 1998 1947 impia

402 1974 504 2030 illa
561 1975 806 2029 facinora
860 1972 978 2027 ausi
1043 1964 1296 2033 fuissent,
1359 1968 1562 2037 reliqui
1619 1969 1844 2038 quidem
1903 1983 2041 2037 per.

412 2066 629 2138 1251
662 2064 860 2136 oppida
889 2060 1094 2117 Judrea:
1133 2060 1385 2131 dissipati
1428 2067 1577 2122 sunt,
1640 2059 1752 2114 divi
1815 2068 1996 2114 autem

415 2157 651 2230 apostoli
678 2157 854 2212 breve
911 2162 1129 2223 tempus
1191 2150 1588 2222 Hierosolymis
1647 2149 1997 2214 commorati,

408 2251 722 2305 Samariam
756 2251 817 2303 et
863 2246 1189 2312 Caesaream,
1224 2237 1474 2315 Lyddam
1522 2251 1577 2299 et
1623 2240 1853 2314 Joppem
1900 2243 1997 2298 ob-

411 2349 633 2402 euntes,
669 2336 926 2392 omuibus
961 2334 1282 2390 hominibus
1318 2332 1513 2388 aﬂ'crrc
1569 2332 1838 2388 salutaria
1901 2332 2001 2386 de-

415 2442 572 2486 creta
607 2429 964 2485 festinabant.
996 2423 1368 2492 Quamobrem
1416 2424 1577 2479 divus
1629 2423 1998 2496 archangelus

417 2525 577 2579 beato
605 2519 848 2575 Danieli:
878 2537 898 2570 ι
933 2516 1315 2582 Conﬁrmabit,
1345 2516 1544 2586 inquit,
1580 2511 1995 2572 Testamentum

418 2614 607 2671 multis
644 2611 943 2667 heb=lomas
1012 2624 1141 2671 una,
1197 2627 1214 2660 ι
1270 2618 1516 2678 tempore
1579 2617 1707 2663 ante
1770 2623 1996 2664 crucem

419 2705 658 2767 Domini,
708 2710 763 2757 et
797 2716 909 2773 quo
967 2700 1145 2755 sancti
1208 2698 1445 2770 apostoli
1504 2708 1628 2769 post
1693 2697 2000 2753 Salvatoris

419 2797 881 2853 resurrectionem
938 2791 1339 2863 Hierosolymis
1410 2790 1723 2846 docuerunt
1754 2831 1770 2854 ,
1832 2791 2000 2846 simul

418 2898 659 2961 sumpto.
720 2885 861 2942 Tum
920 2884 1174 2941 bifariam
1232 2881 1428 2939 dividit
1476 2881 1911 2947 hebdomadcm,
1945 2889 2001 2936 et

420 2985 533 3038 ait:
572 3001 590 3033 ι
629 2980 692 3035 Ει
731 2979 787 3034 ἰιι
820 2976 1053 3033 dimidio
1089 2966 1452 3030 hebdomadis
1485 2974 1775 3032 auferetur
1824 2973 2001 3029 sacri-

2102 1882 2243 1937 κατά
2268 1881 2368 1945 τὰς
2391 1881 2575 1945 πόλεις
2607 1881 2707 1951 τῆς
2757 1880 3038 1945 Ἰουδαίας,
3069 1879 3120 1932 οί
3149 1878 3211 1933 δὲ
3238 1878 3376 1931 θεῖοι
3404 1877 3666 1931 ἀπόστολοι

2103 1972 2337 2045 σμικρὸν
2379 1972 2438 2025 ἐν
2486 1971 2879 2043 Ἰεροσολύμοις
2921 1969 3313 2042 διατρίψαντες
3351 1969 3560 2040 χρόνον.
3599 1971 3666 2030 εἰς

2098 2066 2198 2137 τὴν
2253 2064 2569 2137 Σαμάρειαν
2628 2063 2722 2118 καὶ⁵
2780 2064 3143 2135 Καισάρειαν,
3210 2061 3425 2116 Λύδδαν
3483 2077 3541 2113 τε
3586 2061 3668 2112 καὶ

2112 2158 2354 2229 Ἰώππην
2384 2156 2712 2230 περιιόντες,
2759 2156 2962 2211 ἅπασιν
2995 2152 3315 2225 ἀνθρώποις
3350 2151 3419 2206 τὰ
3447 2153 3664 2222 σωτήρια

2098 2252 2344 2325 δόγματα
2370 2250 2702 2323 προσφέρειν
2721 2248 3030 2320 ἠπείγοντο.
3066 2247 3279 2301 Τούτου
3314 2246 3473 2316 χάριν
3496 2248 3523 2297 ό
3541 2245 3664 2307 θεῖος

2101 2343 2443 2418 ἀρχάγγελος
2484 2343 2563 2413 τῷ
2604 2341 2862 2413 μακαρίῳ
2900 2341 3034 2411 φησὶ
3062 2337 3288 2410 Δανιὴλ,
3331 2338 3413 2390 ὅτι
3464 2355 3480 2387 ι
3515 2337 3664 2389 Δυνα-

2104 2432 2275 2505 μώσει
2301 2432 2568 2502 διαθήκην
2596 2429 2812 2493 πολλοῖς
2856 2426 3092 2499 ἑϐδομὰς
3124 2428 3252 2498 μία,
3293 2445 3314 2479 ι
3353 2426 3445 2479 τόν
3482 2443 3536 2478 τε
3572 2428 3663 2494 πρὸ

2099 2525 2196 2580 τοῦ
2222 2521 2456 2595 σταυροῦ
2498 2522 2592 2577 τοῦ
2641 2521 2850 2593 Κυρίου
2898 2519 3114 2591 χρόνον,
3148 2517 3371 2572 καὶτὸν
3416 2515 3547 2586 μετὰ
3581 2514 3661 2584 τὴν

2101 2618 2396 2673 ἀνάστασιν
2438 2613 2537 2668 τοῦ
2585 2613 2839 2685 Σωτῆρος
2888 2610 2998 2665 τῶν
3051 2609 3230 2679 ἁγίων
3264 2609 3569 2663 ἀποστόλων
3609 2609 3661 2660 ὲν

2114 2704 2506 2778 Ἰεροσολύμοις
2532 2701 2883 2758 διδασκαλίαν
2913 2700 3055 2755 κατὰ
3100 2701 3306 2755 ταύτὸν
3341 2698 3658 2768 συναγαγών.

2104 2796 2238 2853 Εἶτα
2275 2797 2475 2868 διαιρεί
2505 2795 2692 2866 διχὰίτ
2722 2794 2823 2865 τὴν
2851 2792 3145 2864 ἑϐδομάδα,
3177 2793 3280 2848 καί
3310 2810 3477 2865 φησι·
3513 2810 3530 2841 ι
3570 2792 3660 2844 Καὶ

2103 2894 2161 2944 ἐν
2199 2890 2278 2959 τῷ
2325 2890 2515 2961 ἡμίσει
2547 2889 2648 2959 τῆς
2689 2887 2984 2958 ἑϐδομάδος
3028 2887 3338 2958 ἀρθήσεται
3389 2886 3545 2940 θυσία
3578 2889 3659 2940 aui

2104 2983 2327 3050 σπονδή.
2364 3000 2383 3032 ι
2416 2981 2527 3052 Τῆς
2556 2980 2667 3051 γὰρ
2694 2979 2956 3050 ἀληθινῆς
2983 2979 3444 3051 προσφερομένης
3473 2979 3660 3040 θυσίας.

423 3080 607 3134 licium
637 3083 691 3130 et
714 3074 950 3129 libamen
986 3089 1000 3131 :
1037 3091 1055 3124 ι
1113 3070 1300 3126 oblato
1328 3069 1474 3124 enim
1532 3083 1665 3123 vero
1694 3067 1993 3135 sacriﬁcio,

2102 3074 2255 3138 τέλος
2283 3072 2519 3145 λήψεται
2549 3073 2583 3144 ἠ
2619 3070 2716 3126 τοῦ
2762 3070 2930 3143 νόμου
2982 3071 3133 3126 σκιά.
3190 3070 3308 3125 Καὶ
3348 3071 3440 3125 ἐπὶ
3478 3068 3660 3131 τούτοις

420 3169 582 3224 ﬁnem
614 3163 836 3218 habebit
865 3162 1058 3216 umbra
1089 3160 1246 3231 legis.
1294 3157 1378 3213 Ad
1429 3157 1545 3213 hac
1574 3158 1652 3211 ait
1686 3174 1700 3211 :
1756 3177 1775 3208 ι
1816 3155 1996 3226 Super

419 3261 682 3332 templum
725 3257 1063 3313 abominatio
1107 3251 1493 3309 desolationis.
1554 3269 1574 3302 ι
1614 3248 1845 3320 Propter
1891 3249 1995 3305 hoc

417 3357 584 3418 enim,
619 3352 818 3423 inquit,
850 3347 1207 3412 sacriﬁcium,
1240 3358 1352 3399 non
1384 3344 1563 3400 solum
1611 3341 1748 3396 illud
1787 3339 1998 3396 sacriﬁ-

416 3450 562 3505 cium
597 3444 836 3508 deﬁciet,
892 3439 986 3497 sed
1045 3439 1212 3494 etiam
1273 3433 1603 3491 abominatio
1650 3431 1996 3487 desolatiom's

421 3554 585 3612 super
616 3534 878 3604 templum
930 3530 1178 3597 dabitur,
1208 3528 1325 3611 hoc.
1348 3535 1456 3591 est,
1502 3525 1639 3581 illud
1673 3525 1802 3581 olim
1832 3540 1997 3581 vene-

419 3629 651 3686 randum
685 3633 739 3682 et
769 3623 1036 3679 horribile
1061 3619 1371 3693 (templum)
1420 3618 1647 3673 omnino
1678 3616 1992 3674 deseretur.

416 3728 641 3797 Signum
670 3727 854 3773 autem
884 3712 1233 3770 (temtationis
1263 3718 1428 3767 erunt
1455 3709 1723 3781 imagines
1745 3710 1995 3781 quaedam

417 3811 630 3881 legibus
664 3806 971 3862 interdicta;
1011 3803 1067 3858 in
1103 3802 1286 3872 ipsum
1338 3800 1520 3856 illata.
1583 3799 1743 3867 Quod
1787 3799 1998 3858 Pilatus

420 3899 572 3960 fecit.
605 3898 698 3968 qui
738 3904 904 3951 noctu
931 3895 986 3949 in
1016 3908 1236 3949 sacrum
1276 3890 1371 3948 Dei
1409 3893 1670 3963 templum
1726 3892 1997 3965 imagines

419 3994 814 4064 imperatorum
847 3992 1042 4043 contra
1087 3983 1333 4039 divinam
1390 3983 1565 4056 legem
1617 3983 1825 4039 intulit.
1882 3982 2006 4039 Hoc

418 4085 550 4141 item
585 4081 848 4137 Dominus
885 4076 940 4132 in
993 4077 1214 4134 sacris'
1263 4074 1576 4146 Evangeliis
1623 4076 1834 4131 sanctis
1880 4076 1998 4131 suis

420 4173 709 4248 discipulis
734 4169 1021 4250 praedixit:
1052 4189 1070 4221 ι
1099 4169 1234 4225 Cum
1257 4168 1509 4224 videritis
1536 4168 1997 4225 abominationcm

421 4266 799 4331 desolationis,
855 4277 978 4335 qua:
1024 4261 1169 4317 dicta
1225 4270 1313 4318 est
1360 4268 1391 4315 a’
1434 4260 1656 4318 Daniele
1702 4262 1993 4332 propheta,

429 4362 750 4436 cognoscite
778 4357 1223 4431 appropinquare
1246 4354 1639 4411 desolationem
1665 4354 1809 4425 ejus.
1843 4356 1999 4412 Tunc

2104 3166 2267 3238 φησίν
2289 3183 2302 3196 ο
2345 3186 2364 3219 ι
2420 3167 2545 3220 Ἐπὶ
2576 3165 2637 3220 τὸ
2669 3166 2816 3237 ἱερὸν
2851 3163 3130 3235 βδέλυγμα
3164 3163 3268 3235 τῆς
3297 3161 3611 3234 ἐρημώσεως
3639 3180 3655 3210 ι

2103 3259 2202 3313 Διὰ
2233 3259 2437 3330 ταύτην
2472 3258 2604 3330 γὰρ,
2646 3258 2802 3328 φησὶ,
2844 3259 2942 3328 τὴν
2973 3256 3165 3310 θυσίαν
3209 3255 3274 3309 οὗ
3312 3254 3470 3325 μόνον
3495 3253 3654 3320 ἐκείνη

2102 3353 2136 3422 ἠ
2169 3351 2331 3405 θυσία
2359 3349 2717 3421 παυθήσεται,
2737 3348 2874 3403 ἀλλὰ
2898 3346 2993 3403 καὶ
3008 3346 3327 3417 βδέλυγμα
3351 3343 3458 3412 τῆς
3480 3345 3524 3377 ¹⁸
3544 3345 3657 3411 ἐρη-

2098 3444 2347 3512 μώσεως
2387 3439 2484 3501 ἐπὶ
2504 3440 2567 3493 τὸ
2602 3439 2743 3511 ἱερὸν
2772 3438 3078 3509 δοθήσεται,
3119 3436 3395 3501 τουτέστι,
3427 3436 3486 3488 τὸ
3512 3434 3655 3489 πάλαι

2104 3530 2302 3589 σεπτὸν
2353 3533 2449 3588 καὶ
2507 3532 2779 3603 φρικῶδες
2826 3530 3034 3602 ἔρημον
3084 3530 3515 3601 ἀναφανήσεται.
3560 3529 3656 3592 Σηο

2106 3624 2275 3695 μεῖον
2310 3624 2367 3678 δὲ
2408 3622 2517 3693 τῆς
2543 3623 2792 3693 ἐρημίας
2825 3622 3119 3693 γενήσεται
3152 3620 3364 3685 εἰκόνες
3395 3618 3530 3682 τινὲς
3576 3618 3660 3670 ἀπ-

2105 3716 2472 3790 ηγορευμέναι
2515 3715 2593 3787 τῷ
2640 3714 2793 3786 νόμῳ
2843 3716 2927 3779 είς
2964 3713 3155 3767 τοῦτον
3210 3711 3653 3784 είσκομιζόμεναι.

2102 3809 2273 3864 Τοῦτο
2316 3808 2374 3862 δὲ
2429 3807 2699 3885 πεποίηκε
2746 3806 2981 3870 Πιλάτος
3012 3804 3232 3877 νύκτωρ
3273 3807 3357 3868 είς
3400 3804 3489 3857 τὸν
3531 3802 3654 3854 θεῖον

2103 3900 2241 3954 νεὼν
2272 3901 2371 3963 τὰς
2407 3898 2697 3970 βασιλικὰς
2720 3901 2763 3932 ’⁸
2800 3898 3122 3970 εἰσκομίσας
3163 3896 3386 3959 εἰκόνας
3418 3893 3558 3963 παρὰ
3580 3893 3655 3944 τὸν

2054 4060 2057 4063 ν
2105 3991 2245 4046 θεῖον
2272 3992 2452 4063 νόμον.
2502 3989 2678 4044 Τοῦτο
2702 3989 2760 4043 δὲ
2796 3990 2891 4044 καὶ
2932 3990 2962 4043 ό
3010 3989 3215 4061 Κύριος
3261 3990 3321 4042 ἐν
3363 3989 3472 4050 τοῖς
3514 3984 3656 4054 ἱεροῖς

2105 4082 2459 4151 Εὑαγγελίοις
2492 4082 2603 4143 τοῖς
2644 4079 2822 4148 ἁγίοις
2864 4079 3029 4133 αὑτοῦ
3065 4078 3335 4150 προέλεγε
3376 4075 3650 4148 μαθηταῖς’

2111 4193 2132 4228 ι
2158 4176 2329 4229 Ὅταν
2362 4174 2509 4245 ἴδητε
2538 4172 2602 4226 τὸ
2637 4171 2914 4244 βδέλυγμα
2944 4171 3046 4241 τῆς
3074 4169 3410 4243 ἐρημώσεως
3438 4167 3496 4222 τὸ
3522 4166 3652 4235 εἰρη-

2108 4266 2269 4336 μένον
2294 4264 2340 4296 ”
2389 4263 2479 4318 διὰ
2509 4264 2709 4335 Δανιὴλ
2749 4262 2845 4318 τοῦ
2886 4263 3207 4334 προφήτου,
3241 4259 3542 4330 γινώσκετε,
3582 4255 3651 4308 ὅτι

2105 4359 2337 4430 ἤγγικεν
2379 4358 2413 4424 ἡ
2459 4356 2741 4428 ἐρήμωσις
2773 4354 2967 4426 αὐτῆς.
3001 4353 3136 4409 Τότε
3167 4355 3218 4410 οί
3248 4354 3308 4407 ὲν
3336 4354 3400 4423 τῇ
3449 4345 3651 4414 Ἰουδαίᾳ

423 4456 518 4527 qui
572 4455 628 4509 in
682 4451 869 4508 Iudaea
926 4456 1056 4504 sunt
1113 4446 1326 4516 fugiant
1380 4445 1447 4499 ad
1493 4455 1751 4510 montes,
1805 4456 1861 4502 et
1903 4446 1996 4516 qui

2107 4450 2454 4519 φευγέτωσαν
2499 4448 2580 4511 είς
2607 4447 2676 4500 τὰ
2703 4446 2839 4518 ὅρη,
2890 4446 2986 4500 καὶ
3007 4445 3050 4476 ³⁸
3095 4445 3129 4497 δ
3161 4444 3256 4497 ἰπὶ
3296 4440 3388 4496 τοῦ
3432 4438 3650 4508 δώματος

424 4550 480 4603 in
522 4554 669 4602 tecto
701 4554 786 4599 est
814 4557 924 4597 non
967 4538 1269 4593 descendat
1305 4536 1520 4608 1252
1563 4538 1756 4592 tollere
1792 4538 1998 4610 aliquid

423 4641 493 4695 de
520 4639 685 4694 domo
712 4650 811 4691 sua
837 4642 897 4686 -.
939 4651 957 4684 ι
994 4629 1121 4685 Haec
1154 4637 1335 4685 autem
1382 4631 1599 4684 dicebat
1621 4669 1636 4693 ,
1683 4637 1743 4684 ut
1793 4630 2001 4702 signia-

376 4736 573 4786 'caret
603 4768 619 4793 ,
683 4741 848 4798 quam
909 4722 1193 4778 celerrime
1246 4719 1810 4790 appropinquaturum
1878 4736 2001 4778 esse

425 4824 669 4892 ipsorum
694 4815 994 4878 excidium,
1040 4827 1150 4885 quo
1179 4810 1431 4867 funditus
1503 4821 1689 4867 essent
1748 4812 1998 4881 perituri.

418 4915 493 4967 Et
517 4910 679 4980 paulo
709 4915 837 4962 ante
888 4906 1004 4960 ait:
1041 4922 1060 4956 ι
1122 4902 1534 4973 Hierosolyma,
1597 4900 1997 4975 Hierosolyma,

424 5014 546 5068 qua:
574 4994 784 5050 occidis
821 4995 1137 5064 prophetas,
1163 5001 1218 5049 et
1238 4992 1454 5063 lapidas
1486 5006 1605 5054 eos.
1630 4993 1723 5063 qui
1751 4992 1817 5047 ad
1849 4994 1998 5050 illam

425 5091 579 5145 missi
626 5095 777 5153 sunt,
809 5087 1028 5156 quoties
1080 5085 1228 5139 volui
1264 5098 1604 5155 congregare
1660 5084 1802 5140 ﬁlios
1847 5094 1998 5152 tuos,

424 5178 885 5253 quemadmodum
912 5176 1114 5248 gallina
1159 5183 1456 5248 congregat
1483 5176 1668 5247 pullos
1708 5185 1840 5234 suOs
1894 5179 2000 5233 sub

500 5328 538 5355 πη
564 5314 757 5369 Matth.
793 5328 941 5377 χειν,
981 5311 1174 5376 15-17ς
1207 5313 1333 5368 coll.
1362 5312 1495 5368 Luc.
1525 5330 1637 5377 ut,
1661 5313 1752 5378 ‘20,
1785 5316 1876 5369 2|.

2112 4542 2186 4612 μὴ
2216 4539 2507 4610 καταϐήτω
2528 4540 2573 4570 ³³
2612 4534 2744 4610 ἇραί
2785 4555 2836 4591 τι
2869 4535 2979 4591 ἀπὸ
2998 4536 3044 4568 ³³
3083 4535 3183 4606 τῆς
3218 4533 3394 4597 οίκίας
3428 4528 3595 4584 αὑτοῦ.
3626 4543 3643 4577 ι

2109 4629 2298 4684 Ταῦτα
2328 4628 2385 4681 δὲ
2428 4626 2583 4696 ἔλεγε
2631 4626 2913 4698 σημαίνων
2942 4625 3002 4679 τὸ
3029 4625 3196 4695 τάχος
3229 4624 3328 4694 τῆς
3371 4614 3646 4686 καταληψο-

2112 4725 2281 4794 μένης
2317 4719 2513 4783 αὐτοὺς
2539 4718 2935 4791 πανωλεθρίας.
2976 4717 3084 4771 Καὶ
3113 4716 3307 4787 μικρὸν
3333 4715 3387 4767 δὲ
3415 4711 3513 4784 πρὸ
3537 4706 3644 4762 τού-

2108 4831 2218 4868 των
2251 4812 2416 4885 φησίν
2437 4832 2449 4844 ·
2488 4832 2507 4865 ι
2549 4808 2924 4881 Ἰερουσαλὴμ,
2965 4807 3339 4878 Ἰερουσαλὴμ,
3366 4808 3398 4876 ἡ
3421 4798 3642 4858 ἀποκτείο

2107 4923 2276 4960 νουσα
2331 4905 2461 4969 τοὺς
2516 4905 2820 4975 προφήτας,
2869 4903 2966 4956 καὶ
3009 4900 3357 4956 λιθοϐολοῦσα
3402 4897 3518 4959 τοὺς
3555 4893 3645 4947 ἁπ-

2108 4995 2473 5068 εσταλμένους
2506 4995 2643 5065 πρὸς
2682 4994 2877 5064 αὐτὴν,
2914 4993 3163 5057 ποσάκις
3189 4991 3423 5063 ἠθέλησα
3452 4988 3642 5039 ἐπισυν-

2108 5090 2332 5158 αγαγεῖν
2358 5087 2423 5141 τὰ
2448 5087 2614 5142 τέκνα
2640 5104 2733 5142 σου
2776 5087 2835 5141 ὃν
2861 5086 3062 5157 τρόπον
3092 5085 3241 5157 ὅρνις
3266 5080 3556 5147 ἐπισυνάγει
3582 5072 3641 5125 τὰ

2108 5180 2295 5234 νοσσία
2326 5179 2529 5250 ἑαυτῆς
2577 5179 2683 5233 ὑπὸ
2726 5183 2821 5242 τὰς
2867 5178 3167 5249 πτέρυγας,
3217 5176 3309 5232 καὶ
3349 5175 3441 5228 οὐκ
3466 5166 3636 5241 ἠθελή’

1682 5431 1912 5490 VARI/IS
1951 5431 2354 5488 LECTIONES.

497 5551 542 5584 ³⁸
572 5569 693 5606 κατ.
726 5550 769 5604 Β
799 5565 985 5621 praem.
1014 5547 1297 5621 ἀκριϐᾧς.
1351 5549 1395 5582 ³³
1430 5550 1543 5620 ἐτη.
1588 5551 1646 5621 In
1678 5552 1729 5621 Br
1764 5561 1883 5620 post
1917 5551 2087 5621 ἥμισυ
2140 5550 2379 5621 ponitur.
2438 5549 2504 5621 κ’*
2536 5547 2628 5616 ᾶγ.
2670 5545 3039 5621 ᾲΒΔμακάριοι.
3109 5544 3283 5621 ξξᾶγ.
3379 5534 3623 5621 μξκάξεοξς

812 5621 857 5653 ’³
901 5618 1022 5689 τῆς.
1050 5616 1172 5689 Ιξιξειζ
1205 5619 1257 5671 in
1286 5620 1353 5670 Β.

424 5623 467 5652 ’⁷
506 5622 545 5673 Β
573 5622 715 5691 διχῆ.
812 5622 857 5653 ³⁸
901 5622 1022 5689 τῆς.
1050 5622 1172 5671 Des.
1205 5622 1257 5671 in
1286 5622 1296 5670 1

426 5691 822 5742 καταϐαινέτω.
912 5689 956 5721 ³³
983 5686 1110 5742 ἀπό.
1143 5687 1182 5739 Β
1213 5689 1296 5742 ἐκ.

426 5691 822 5746 καταϐαινέτω.

1447 5623 1491 5651 ’δ
1521 5621 1564 5673 Β
1597 5620 1919 5688 βασιλείους.

2017 5621 2061 5651 ³ο
2087 5617 2190 5691 esp.
2226 5617 2371 5674 Loco
2400 5620 2495 5672 cit.
2526 5626 2608 5674 est

2656 5598 2927 5688 MOE."
2953 5598 2995 5648 τί
3022 5613 3134 5671 καί.
3171 5598 3287 5669 oce.
3320 5598 3453 5665 in'B.
3512 5598 3567 5632 ἠ
3591 5598 3623 5648 n
