3912 6206
315 398 450 464 1489

1535 399 2017 463 1N.DAN1ELIS
2054 397 2213 461 CAP.
2260 397 2325 461 Χ.

3428 382 3561 444 Μθθ

311 486 516 559 θυμιῶν
543 486 641 540 οὒκ
664 487 886 557 ἔφαγον,
919 489 1008 540 καὶ
1039 488 1202 561 κρέας
1238 489 1330 543 καὶ
1353 483 1493 551 οἶνος
1516 491 1616 542 οὐκ
1645 490 1873 560 εἰσῆλθει

1992 487 2200 539 riorqu
2231 501 2340 539 non
2376 481 2611 544 comedi,
2642 489 2693 536 ct
2725 495 2877 544 caro,
2914 487 2965 532 ct
2994 477 3180 531 vinum
3205 491 3316 530 non
3352 473 3565 527 introiit

310 579 388 644 εἰς
418 579 481 632 τὸ
512 579 689 649 στόμα
724 598 845 650 μου,
882 572 1247 651 καὶόιλειμμα
1275 581 1375 634 οὐκ
1405 581 1736 652 ἡλειψάμην,
1780 581 1888 643 ἓως

309 669 474 740 τριῶν
504 670 816 741 ἑϐδομάδων
842 671 874 741 ή
882 669 1085 742 μερῶν.
1118 690 1136 721 ι
1188 672 1506 740 ’Λναγκαῖον
1534 672 1763 744 ζητῆσαι
1788 673 1884 740 τὴν

305 758 396 813 τοῦ
428 759 658 824 πένθους
688 761 865 839 αἰτίαν
890 779 902 790 ·
941 761 1166 830 ἀσαφῶς
1192 762 1299 834 γὰρ
1326 762 1493 837 αὐτὴν
1521 763 1554 834 ἡ
1580 762 1886 835 προφητεία

303 850 570 904 ἄδάσκει.
611 851 835 922 Πρῶτον
874 852 971 922 μὲν
1010 852 1118 924 γὰρ
1160 854 1278 905 οὐδὲ
1310 854 1624 908 έπέκειτό³³
1651 871 1732 917 τις
1767 853 1888 908 ἀθυ-

305 942 435 1008 μίας
487 942 752 1014 ἀφορμή·
806 944 835 995 ὂ
879 962 937 995 τε
982 946 1093 1016 γὰρ
1136 943 1390 1016 βασιλεὺς
1439 944 1645 1019 ἥμερός
1683 964 1740 998 τε
1792 948 1887 999 καὶ

301 1035 706 1108 φιλάνθρωπος,
735 1035 831 1093 καὶ
856 1036 922 1088 τὰ
948 1035 1069 1090 θεῖα
1099 1035 1294 1105 τιμῶν,
1325 1036 1419 1090 καὶ
1444 1037 1538 1090 τοῦ
1562 1038 1758 1108 Δανιὴλ
1788 1038 1885 1108 τὴν

297 1124 482 1192 φιλίαν
546 1125 673 1197 περὶ
740 1124 935 1179 πολλοῦ
1024 1125 1340 1197 ποιούμενος
1369 1167 1383 1188 ,
1454 1128 1549 1180 καὶ⁸
1613 1127 1730 1190 ὅλος
1759 1127 1804 1158 δ’*
1859 1130 1885 1179 6

296 1214 424 1280 λαὸς
455 1217 683 1291 εἰρήνης
711 1215 911 1279 πολλῆς
941 1215 1027 1271 διὰ
1051 1217 1149 1286 τὴν
1183 1215 1276 1270 τοῦ
1312 1216 1582 1287 βασιλέως
1606 1218 1883 1289 ἁπήλαυεν

294 1308 569 1377 ἡπιότητα
595 1325 609 1338 ’
650 1308 848 1378 μᾶλλον
882 1307 957 1371 δὲ,
995 1307 1152 1371 εἴτις
1179 1309 1470 1378 προσέχειν
1503 1308 1779 1378 ἐθελήσειε
1815 1313 1882 1382 τῇ

291 1413 356 1449 τε
388 1396 483 1450 τοῦ
521 1396 795 1468 μακαρίου
850 1397 1114 1467 Ἱερεμίου
1161 1399 1487 1469 προφητεία,
1540 1399 1633 1453 καὶ
1674 1403 1739 1470 τῇ
1774 1401 1883 1453 τῶν

287 1489 794 1560 Βαραλειπομένων
828 1490 1057 1561 ἰατορίᾳ,
1110 1490 1205 1543 καὶ
1250 1494 1317 1562 τῇ
1358 1490 1452 1543 τοῦ
1502 1482 1706 1561 Ἔσδρα
1753 1470 1883 1562 συγ-

272 1583 506 1652 γραφῇ,
540 1582 764 1652 εὑρήσει
811 1581 900 1633 τὸν
930 1580 1111 1650 Κῦρον
1169 1582 1225 1632 έν
1275 1580 1349 1651 τῷ
1394 1581 1595 1654 πρώτῳ
1638 1582 1746 1636 ἔτει
1780 1584 1880 1656 τῆς

290 1673 599 1743 βασιλείας.
647 1673 821 1727 ἅπασι
864 1676 977 1737 τοῖς
1042 1673 1390 1743 βουλομένοις
1446 1675 1551 1727 τῶν
1610 1675 1878 1728 Ἰουδαίων

1990 582 2043 635 ἱιι
2079 596 2145 635 os
2201 594 2401 640 meum,
2440 585 2493 631 et
2532 582 2811 644 unguento
2842 586 2950 625 non
2984 578 3184 623 unctus
3220 582 3362 630 sum,
3386 580 3563 634 usque

1987 673 2054 726 ad
2081 674 2246 725 trium
2285 667 2687 724 hebdomadam
2718 666 2857 720 dies.
2902 681 2923 714 ι
2962 662 3157 732 Opera:
3190 659 3421 729 pretium
3454 669 3558 721 est,

1989 766 2174 820 luctus
2209 778 2434 817 causam
2463 803 2477 823 ,
2511 776 2674 831 quam
2732 757 3022 829 prophetia
3084 756 3324 809 obscure
3378 752 3562 814 docet,

1990 853 2298 925 inquirere.
2348 852 2590 906 Primum
2652 850 2796 905 enim
2831 849 2979 902 nulla
3043 847 3284 901 tristitiae
3341 845 3564 900 suberat

1989 960 2179 1000 causa.
2227 942 2513 1015 Siquidem
2557 959 2649 998 rex
2683 949 3028 999 mansuetus.
3064 946 3120 995 et
3165 939 3458 1002 humanus,
3500 946 3565 991 ac‘

1986 1036 2171 1090 divina
2197 1037 2252 1090 in
2284 1036 2499 1090 honore
2524 1033 2757 1095 habent,
2817 1031 3061 1085 Danielis
3104 1029 3402 1084 amicitiam
3444 1027 3560 1096 plu-

1988 1131 2112 1181 rimi
2153 1128 2410 1192 faciebat,
2441 1134 2496 1181 et
2524 1135 2757 1180 cunctus
2778 1124 3012 1195 populus
3038 1123 3108 1177 ob
3141 1122 3288 1192 regis
3309 1133 3562 1175 mansue-

1987 1220 2232 1274 tudinem
2264 1233 2399 1289 pace
2427 1217 2574 1271 haud
2609 1216 2873 1271 mediocri
2894 1216 3226 1280 ’lruebatur;
3263 1226 3326 1266 ac
3358 1212 3560 1282 potius,

1987 1307 2033 1362 si
2075 1307 2204 1375 quis
2238 1306 2366 1360 velit
2397 1306 2463 1359 ad
2500 1304 2642 1360 beati
2684 1304 2936 1361 Jeremia
2956 1303 3333 1374 prophetiam,
3365 1302 3431 1354 ad
3461 1300 3558 1356 Pa-

1984 1399 2369 1465 ralipomenon
2402 1397 2715 1458 histoniam,
2748 1402 2804 1448 et
2860 1394 2927 1449 ad
2988 1394 3178 1448 Esdrm
3232 1388 3561 1461 scripturam

1983 1494 2227 1545 animum
2273 1491 2579 1555 attendere,
2643 1489 2884 1543 inveniet
2943 1488 3144 1558 Cyrum
3206 1485 3383 1553 primo
3418 1498 3565 1541 anno

1981 1582 2137 1654 regni
2187 1580 2393 1636 Jndmis
2436 1580 2699 1636 omnibus
2747 1579 3065 1650 quicunque
3108 1578 3309 1631 vellent
3356 1590 3562 1644 prame-

1980 1675 2148 1744 pisse,
2184 1673 2321 1726 utin
2346 1671 2580 1741 patriam
2610 1671 2817 1725 reversi
2846 1676 3100 1723 sanctum
3146 1667 3241 1721 Dei
3295 1666 3561 1735 templum

291 1765 760 1839 παρεγγυήσαντα
785 1762 882 1834 τὴν
914 1764 1242 1832 ὲκλεγκοῦσαν
1276 1763 1623 1830 καταλαϐεῖν,
1661 1768 1754 1819 καὶ
1786 1766 1873 1820 τὸν

1983 1780 2175 1819 rursus
2222 1765 2580 1826 aediﬁcarent,
2622 1763 2700 1815 ita
2730 1769 2791 1817 ut
2819 1759 3352 1831 propheta'undique
3393 1758 3559 1811 animt

285 1855 437 1909 θεῖον
481 1857 764 1926 ἀνεγεῖραι
809 1853 975 1919 νεὼν,
1026 1853 1167 1908 ὥστε
1220 1855 1556 1927 πανταχόθεν
1609 1857 1876 1928 θυμηδίας

288 1949 315 1999 Ξ
344 1965 438 2013 ειν
462 1947 717 2018 ἀφορμὰς
748 1946 838 1999 τὸν
872 1949 1174 2017 προφήτην.
1214 1947 1375 2001 Ἀλλὰ
1403 1949 1511 2019 γὰρ
1538 1948 1691 2011 εἴτις
1723 1953 1878 2020 ἀκρι-

285 2039 402 2102 ϐῶς
428 2038 633 2092 τούτων
656 2038 886 2090 ἕκαστον
920 2037 1246 2103 ἐξετάσειεν,
1283 2038 1422 2092 αὐτὰ
1449 2039 1620 2095 ταῦτα
1654 2041 1875 2113 εὑρήσει

284 2131 440 2185 αἴτια
470 2131 569 2200 τῆς
597 2129 691 2183 τοῦ
723 2130 921 2200 Δανιὴλ
951 2131 1240 2202 ἀχθηδόνος
1274 2149 1288 2163 ·
1345 2132 1435 2186 τοῦ
1470 2134 1579 2203 γὰρ
1613 2134 1878 2203 βασιλέως

283 2221 683 2292 ἐπιτρέψαντος
710 2223 881 2275 ἅπασι
910 2226 1020 2286 τοῖς
1048 2223 1292 2276 ἐθέλουσι
1327 2224 1423 2295 τὴν
1448 2225 1759 2298 ἐλευθερίαν
1784 2228 1877 2279 καί

283 2313 390 2384 τὴν
435 2313 716 2375 ἐπάνοδον,
766 2315 816 2366 οἱ
869 2314 967 2384 μὲν
1020 2313 1241 2378 πλείους
1280 2317 1456 2378 οἰκίας
1492 2318 1549 2369 ὲν
1598 2315 1876 2370 Βαϐυλῶνι

280 2405 609 2476 δειμάμενοι
626 2405 692 2468 ⁵⁸,
721 2406 815 2458 καὶ
840 2405 1046 2458 τούτων
1067 2405 1143 2478 τῷ
1171 2405 1352 2476 δεσμῷ
1376 2409 1750 2480 κατεχόμενοι,
1777 2410 1876 2479 τῆς

285 2496 552 2551 ἐπανόδου
601 2498 1135 2568 καταφρονήσαντες,
1189 2498 1287 2566 τὴν
1337 2497 1493 2568 ξένην
1526 2499 1626 2569 τῆς
1668 2500 1875 2563 οἰκείας

286 2588 602 2658 προείλοντο
627 2602 640 2615 '
689 2588 839 2659 μόνοι
875 2589 929 2640 δὲ
960 2592 1008 2643 οἱ
1050 2590 1148 2658 τῆς
1188 2590 1471 2653 εὐσεϐείας
1501 2592 1746 2661 ἐρασταὶ,
1783 2593 1874 2643 καὶ

284 2679 402 2735 τῶν
427 2678 693 2750 πατρῴων
719 2681 898 2750 νόμων
927 2681 1184 2749 φύλακες,
1215 2680 1321 2734 τῶν
1348 2682 1405 2733 ἐν
1436 2680 1711 2733 Βαϐυλῶνι
1739 2699 1872 2753 κτη-

288 2773 482 2842 μάτων
508 2773 1041 2843 καταφρονήσαντες,
1077 2774 1175 2843 τὴν
1204 2775 1303 2843 τῆς
1348 2773 1604 2846 πατρίδος
1637 2775 1873 2845 ἐρημίαν

286 2862 387 2923 καὶ
412 2862 581 2933 αὐτῆς
611 2864 708 2934 τῆς
742 2865 1017 2932 βασιλείας
1048 2866 1449 2939 προύτίμησαν.
1497 2864 1666 2919 Τοῦτο
1693 2865 1873 2919 τοίνυν

282 2951 370 3022 τῷ
401 2944 656 3025 μακαρίῳ
678 2954 876 3026 Δανιὴλ
906 2956 1164 3025 μέγιστον
1197 2957 1489 3026 εἰργάσατο
1517 2957 1709 3021 πένθος
1729 2975 1741 2987 ·
1771 2957 1871 3028 τῆς

285 3059 347 3094 τε
382 3044 491 3115 γὰρ
522 3042 670 3108 θείας
703 3046 1035 3115 ἐπαγγελίας
1081 3046 1143 3098 τὸ
1176 3046 1407 3117 ἀψευδὲς
1451 3046 1613 3119 ὁρῶν,
1656 3049 1748 3102 καὶ
1777 3049 1869 3101 τοῦ

1980 1857 2177 1910 laetitia:
2215 1872 2413 1911 causas
2460 1855 2737 1910 habuerit.
2815 1852 3305 1908 Verumenimvero
3344 1852 3390 1903 si
3435 1849 3561 1919 quis

1981 1950 2093 2001 Ita-c
2136 1948 2349 2017 singula
2384 1947 2684 2017 diligenter
2733 1945 3157 2007 examinaverit,
3215 1943 3332 1997 haec
3370 1943 3557 1995 eadem

1977 2032 2277 2108 cemperict
2311 2037 2516 2092 Danieli
2557 2038 2765 2092 doloris
2795 2052 2997 2091 causas
3030 2034 3221 2090 tuisse.
3249 2034 3385 2089 Cum
3411 2032 3559 2087 enim

1979 2147 2071 2184 rc!
2110 2132 2389 2191 omnibus,
2421 2130 2738 2199 quionnque
2774 2126 2992 2198 1256
3019 2133 3307 2197 cuperent,
3346 2125 3557 2179 liberta-

1979 2232 2085 2276 tem
2111 2237 2175 2275 ac
2198 2221 2433 2275 reditum
2456 2222 2513 2274 in
2543 2220 2777 2290 patriam
2802 2219 3194 2281 concessisset,
3223 2217 3557 2284 complures,

1977 2314 2071 2382 qui
2098 2313 2206 2366 sibi
2242 2312 2298 2365 in
2344 2311 2620 2382 Babylone
2653 2311 2848 2363 domos
2893 2316 3340 2369 construxerant,
3371 2319 3558 2359 earum

1977 2404 2135 2474 quasi
2163 2404 2387 2458 vinculo
2419 2402 2683 2463 devincti,
2722 2404 2975 2471 neglecto
3007 2401 3062 2454 in
3096 2400 3327 2470 patriam
3357 2398 3558 2462 reditu,

1975 2506 2217 2550 exteram
2264 2498 2539 2564 rcgioncm
2596 2495 2790 2565 patriae
2843 2492 3217 2563 praetulerant.
3268 2488 3386 2544 Soli
3427 2504 3558 2542 vero

1977 2590 2194 2660 pietatis
2224 2597 2528 2650 amatores,
2580 2586 3001 2658 patriarumque
3049 2584 3232 2653 legum
3275 2581 3558 2648 custodes,

1976 2680 2299 2750 postpositis
2326 2695 2462 2747 quas
2487 2678 2762 2748 Babylone
2789 2676 3147 2747 possidebant
3174 2673 3554 2739 facultatibus,

1975 2773 2211 2843 patriam
2254 2772 2608 2826 solitudinem
2644 2772 2726 2825 vel
2768 2771 2873 2839 ipsi
2910 2784 3079 2839 regno
3120 2767 3555 2837 anteponendam

1974 2862 2203 2918 duxere.
2242 2863 2357 2916 Hoc
2391 2864 2578 2932 itaque
2610 2860 2772 2916 beato
2808 2859 3019 2914 Danieli
3053 2859 3353 2912 maximum
3377 2856 3553 2911 attulit

1974 2957 2210 3010 lui-tum.
2245 2955 2452 3009 Videns
2502 2955 2649 3009 enim
2691 2952 2893 3007 divina:
2942 2950 3357 3022 pollicitationis
3408 2949 3554 3004 veri-

1974 3055 2176 3112 tatem,
2204 3055 2259 3101 et
2293 3047 2435 3117 regis
2476 3046 2954 3101 mansuetudinem
2984 3051 3148 3113 atque
3176 3040 3552 3106 clementiam,

288 3133 560 3202 βασιλέως
601 3135 662 3188 τὸ
684 3136 896 3208 ἥμερον
931 3138 1025 3191 καὶ
1054 3138 1455 3208 φιλάνθρωπον,
1492 3138 1587 3191 καὶ
1618 3138 1713 3193 τοῦ
1742 3139 1871 3193 λαοῦ

1979 3139 2275 3209 pepulique
2339 3138 2621 3208 ingenium
2702 3145 3000 3191 contumax
3065 3142 3120 3189 et
3179 3132 3551 3193 eﬂ‘reuatnm,

284 3226 349 3278 τό
384 3224 669 3289 δυσπειθὲς
707 3229 802 3281 καὶ
830 3227 1099 3297 δυσήνιον,
1136 3229 1338 3299 σφόδρα
1382 3227 1479 3301 τὴν
1508 3229 1685 3302 ψυχὴν
1715 3231 1874 3303 ἐτρύ-

286 3335 441 3386 χετο,
478 3318 572 3372 καὶ
604 3318 814 3377 πενθῶν
855 3321 948 3379 καὶ
979 3321 1193 3393 θρηνῶν
1219 3321 1465 3376 διετέλει.
1507 3323 1802 3394 Ζητήσειεν
1827 3323 1872 3378 δ’

283 3409 355 3467 ἄν
389 3425 473 3472 τις
494 3410 748 3475 εἰκότως,
777 3412 830 3464 τί
859 3412 1059 3483 δήποτε
1092 3413 1199 3466 τῶν
1236 3413 1412 3468 ἄλλων
1437 3413 1646 3479 ἕνεκεν,
1677 3414 1752 3479 ὼς
1782 3417 1873 3486 ἐρ-

287 3501 690 3577 ρᾳθυμηκότων
718 3506 817 3560 καὶ
846 3508 946 3576 τῆς
987 3507 1248 3561 ἐπανόδου
1282 3507 1868 3578 καταπεφρονηκότων,

282 3594 507 3665 θρηνῶν
535 3596 629 3648 καὶ
668 3596 1088 3669 ὀλοφυρόμενος,
1124 3599 1284 3661 αὐτὸς
1327 3599 1427 3651 οὐκ
1457 3597 1757 3669 ἐπανῆλθεν
1793 3601 1873 3663 εἰς

282 3685 390 3756 τὴν
415 3686 667 3756 πατρίδα.
720 3688 954 3759 Εὐρήσει
979 3689 1034 3742 δὲ
1054 3688 1151 3768 τὴν
1166 3688 1343 3753 λύσιν,
1367 3689 1538 3755 αὐτῆς
1560 3689 1656 3761 τῆς
1677 3690 1872 3760 αἰχμα-

281 3776 494 3840 λωσίας
521 3777 619 3849 τὴν
646 3777 826 3839 αἰτίαν
856 3779 1246 3850 σκοπούμενος.
1293 3780 1508 3850 Ὥσπερ
1537 3780 1646 3852 γὰρ
1691 3781 1753 3833 οὐ
1783 3779 1872 3834 διὰ

284 3865 392 3928 τὰς
419 3867 629 3931 οίκείας
663 3866 1044 3938 πλημμελείας
1076 3869 1257 3922 εἴασεν
1289 3869 1449 3922 αὐτὸν
1480 3872 1508 3923 6
1533 3870 1665 3934 Θεὸς
1725 3872 1876 3943 δορυ-

280 3956 499 4010 αλωτον
526 3958 798 4026 γενέσθαι,
822 3959 957 4013 ἀλλὰ
991 3962 1089 4030 τῆς
1118 3961 1210 4014 τοῦ
1254 3960 1385 4014 λαοῦ
1419 3962 1871 4035 προμηθούμενος

278 4047 579 4114 ὠφελείας,
611 4048 704 4102 καὶ
730 4043 840 4103 οἷόν
870 4068 991 4109 τινα
1017 4051 1288 4121 κηδεμόνα
1317 4053 1410 4106 καὶ
1438 4053 1755 4108 διδάσκαλον
1782 4057 1869 4111 αὐ-

280 4140 402 4201 τοῖς
452 4139 798 4211 συμπέμπων
831 4160 845 4172 ο
896 4141 1041 4195 οὓτω
1087 4144 1181 4196 καὶ
1229 4144 1287 4196 ὲν
1335 4144 1415 4215 τῷ
1464 4145 1562 4215 τῆς
1611 4148 1867 4201 ἐπανόδου

282 4230 489 4301 καιρῷ,
537 4232 645 4286 τῶν
677 4232 936 4287 πλειόνων
984 4234 1084 4306 τὴν
1114 4234 1328 4311 οἴκησιν
1377 4236 1475 4306 τὴν
1504 4237 1561 4289 ἐν
1588 4237 1868 4290 Βαϐυλῶνι

282 4320 655 4391 στερξάντων,
697 4323 860 4379 πάλιν
900 4325 928 4376 6
976 4325 1119 4388 θεῖος
1164 4326 1447 4396 προφήτης
1495 4326 1867 4393 συνδιάγειν⁸⁸

1977 3232 2161 3285 animo
2226 3230 2578 3286 vehementer
2642 3229 2963 3299 angebatur,
3019 3238 3195 3296 neque
3251 3225 3435 3294 lugere
3488 3237 3553 3275 ac

1977 3322 2264 3378 lamentari
2332 3321 2660 3378 desistebat.
2712 3320 2776 3373 Et
2824 3319 2949 3390 jure
3008 3317 3211 3388 aliquis
3271 3310 3554 3386 quaesierit

1974 3429 2094 3477 cur,
2135 3428 2259 3466 cum
2293 3412 2529 3466 aliorum
2559 3425 2747 3473 causa,
2784 3410 2877 3480 qui
2918 3422 2978 3464 se
3019 3405 3273 3479 segnitiei
3312 3402 3554 3458 tradide-

1973 3511 2118 3568 rant,
2151 3510 2206 3557 et
2265 3502 2503 3558 reditum
2538 3501 2593 3556 in
2631 3501 2905 3571 patriam‘
2966 3488 3248 3569 aspernati
3300 3494 3550 3557 fuerant,

1974 3595 2185 3666 lugeret
2218 3598 2282 3649 ac
2324 3595 2755 3658 lamentaretur,
2786 3593 2907 3663 ipse
2938 3591 2994 3644 in
3043 3590 3276 3662 patriam
3319 3603 3429 3642 non
3479 3585 3552 3641 sit

1976 3687 2293 3743 reversus?
2328 3686 2434 3741 Sed
2488 3686 2629 3740 hanc
2687 3685 3046 3755 qumstionem
3108 3681 3268 3735 facile
3321 3678 3548 3735 dissolva

1974 3793 2140 3849 posse
2169 3775 2491 3846 comperiet,
2514 3776 2561 3829 si
2587 3773 2923 3845 captivitatis
2958 3784 3186 3826 causam
3214 3767 3546 3823 consideret.

1974 3866 2448 3935 Quemadmodum
2481 3866 2626 3920 enim
2669 3882 2777 3918 non
2813 3873 3036 3935 propter
3067 3861 3292 3933 propria
3326 3865 3550 3929 peccata

1972 3960 2226 4030 permisit
2256 3960 2410 4012 illmn
2445 3956 2590 4013 Deus
2623 3958 2765 4011 bello
2791 3956 2935 4026 capi,
2977 3953 3075 4010 sed
3110 3952 3295 4024 populi
3333 3949 3549 4022 prospi-

1970 4054 2123 4107 ciens
2183 4051 2427 4117 utilitati,
2475 4059 2527 4104 et
2568 4050 2733 4104 veluti
2774 4048 3070 4119 quemdam
3129 4053 3440 4099 curatorem
3495 4050 3550 4095 et

1972 4144 2293 4212 magistrum
2349 4142 2514 4196 simul
2574 4157 2698 4193 eum
2761 4140 2897 4208 ipsis
2956 4138 3224 4191 mittens:
3268 4135 3341 4188 ita
3381 4133 3544 4186 etiam

1972 4243 2217 4303 tempore
2243 4234 2473 4295 reditus,
2501 4248 2625 4286 cum
2663 4232 2849 4300 plures
2881 4230 2936 4282 in
2968 4227 3244 4297 Babylone
3273 4223 3542 4283 habitare,

1969 4340 2031 4377 ea
2060 4325 2400 4380 habitatione
2430 4323 2701 4386 contenti,
2739 4321 3135 4381 decrevissent,
3172 4330 3367 4372 rursus
3407 4312 3546 4367 divi-

280 4413 473 4475 αὐτοῖς
502 4413 891 4483 ἀναγκάζεται,
921 4416 1007 4471 ἵνα
1041 4417 1115 4487 μὴ
1140 4416 1337 4488 ἔρημοι
1360 4416 1458 4485 τῆς
1490 4418 1864 4488 πνευματικῆς

1976 4431 2078 4469 nus
2105 4415 2371 4484 propheta
2398 4430 2522 4469 cum
2553 4413 2660 4466 illis
2691 4412 2890 4481 degere
2919 4407 3290 4478 compellitur,
3335 4419 3404 4459 ne
3436 4403 3547 4472 spi—

279 4504 613 4576 κηδεμονίας
635 4510 915 4579 γενόμενοι
942 4510 1025 4572 εἰς
1054 4509 1313 4563 ἀσέϐειαν
1340 4506 1618 4573 παντελῶς
1648 4507 1865 4574 ὲξωκεί-

276 4594 442 4649 λωσι.
473 4595 675 4650 Τούτου
703 4596 884 4669 χάριν,
920 4600 1015 4651 καὶ
1049 4598 1315 4666 βασιλέως
1344 4597 1444 4669 τὴν
1473 4597 1754 4651 εὐσέϐειαν
1784 4616 1866 4652 τι-

282 4684 499 4756 μῶντος
534 4688 628 4740 τοῦ
662 4689 915 4758 τηνικάδε
948 4688 1274 4761 κρατοῦντος
1296 4729 1309 4751 ,
1360 4689 1452 4743 καὶ¹
1507 4690 1684 4741 πᾶσαν
1717 4690 1865 4762 αὐτῷ

277 4776 585 4846 θεραπείαν
615 4779 1037 4850 προσφέροντος,
1080 4779 1175 4832 καὶ
1206 4779 1314 4832 τῶν
1342 4779 1515 4833 ἄλλων
1548 4780 1853 4850 προτιμῶν-

276 4882 377 4929 τος
397 4866 441 4898 ⁸⁷
477 4867 752 4932 ἁπάντων,
802 4869 1059 4940 οὐδεμίαν
1100 4872 1129 4923 6
1174 4872 1439 4940 μακάριος
1481 4869 1681 4941 Δανιὴλ
1729 4871 1862 4944 λαμ-

278 4959 443 5015 ὄάνει
468 4961 820 5034 παραψυχήν,
856 4964 969 5016 ἀλλ’
1001 4965 1125 5034 ἀνιᾷ
1160 4965 1254 5017 καὶ
1288 4963 1406 5016 λίαν
1438 4963 1600 5016 αὐτὸν
1636 4965 1859 5034 ἀλγύνει

277 5051 383 5105 τοῦ
434 5051 564 5106 λαοῦ
610 5052 672 5106 τὸ
719 5053 1025 5121 δυσπειθὲς,
1062 5055 1156 5108 καὶ
1210 5057 1243 5125 ή
1293 5055 1389 5125 τῆς
1441 5054 1602 5123 ἁγίας
1653 5056 1859 5121 πόλεως

279 5142 447 5212 λήθη.
498 5137 571 5198 Ob
604 5145 765 5216 χάριν
796 5147 889 5199 καὶ
932 5148 1080 5217 τρεῖς
1128 5145 1429 5216 ἑϐδομάδας
1477 5146 1657 5211 ἄσιτος
1690 5148 1857 5201 διετέ-

281 5237 445 5286 λεσεν
466 5250 480 5264 ⁸
529 5255 546 5286 ι
574 5238 771 5306 Ἀρτον
801 5238 927 5309 γὰρ,
961 5238 1114 5307 φησὶ,
1157 5236 1463 5305 ἐπιθυμιῶν
1505 5238 1606 5291 οὐκ
1636 5237 1858 5306 ἔφαγον,

279 5321 383 5373 καὶ
418 5323 587 5392 κρέας
635 5325 730 5377 καὶ
759 5321 900 5389 οἶνος
948 5326 1047 5378 οὐκ
1095 5325 1342 5395 εἰσῆλθεν
1396 5329 1474 5389 εἰς
1515 5327 1576 5378 τὸ
1624 5327 1862 5397 στόμαίίει

285 5426 416 5480 μου,
446 5412 538 5466 καὶ
558 5414 801 5484 ἄλειμμα
819 5417 916 5467 οὐκ
939 5415 1246 5488 ήλειψάμην
1267 5417 1371 5481 ἕως
1391 5418 1555 5488 τριῶν
1576 5417 1799 5487 ἡμερῶν
1816 5419 1861 5450 δ’

1972 4504 2158 4558 rituali
2191 4520 2326 4559 cura
2364 4519 2596 4574 prorsus
2627 4502 2898 4563 destituti,
2936 4501 2988 4553 in
3027 4498 3363 4569 impietatem
3391 4494 3546 4566 peni-

1969 4603 2057 4651 tus
2094 4595 2431 4650 laberentur.
2480 4593 2591 4647 Hac
2636 4594 2703 4647 de
2752 4607 2919 4647 causa
2949 4606 3075 4644 cum
3119 4605 3240 4653 rex,
3272 4588 3369 4658 qui
3413 4595 3546 4640 tunc

1968 4687 2259 4758 imperium
2330 4687 2642 4751 obtinebat,
2701 4687 2755 4739 in
2811 4684 3022 4738 honore
3069 4683 3224 4737 illum
3301 4681 3543 4742 habens,
3608 4730 3625 4743 ,

1965 4777 2226 4847 omnique
2259 4776 2612 4832 observantia
2657 4777 2867 4838 colens,
2924 4775 3051 4830 aliis
3100 4774 3358 4831 omnibus
3415 4790 3540 4829 emn

1971 4869 2290 4936 anteferret,
2347 4868 2552 4922 nullam
2612 4868 2804 4923 beatus
2863 4866 3057 4921 Daniel
3089 4865 3300 4939 1257
3335 4865 3545 4921 invenit

1969 4962 2405 5020 consolationem
2437 4980 2450 5016 :
2487 4961 2580 5017 sed
2611 4962 2789 5031 ipsum
2811 4961 2968 5015 valde
2997 4962 3149 5032 angit
3181 4971 3235 5028 et
3263 4961 3547 5017 excruciat

1971 5054 2153 5123 populi
2212 5053 2581 5118 contumacia,
2633 5061 2689 5107 et
2745 5060 2949 5107 sancta:
3003 5052 3246 5115 civitatis
3316 5052 3541 5108 oblivio.

1967 5145 2099 5199 Ideo
2134 5161 2229 5215 per
2264 5154 2375 5201 tres
2409 5160 2630 5216 quoque
2664 5144 2875 5199 dierum
2912 5145 3284 5202 hebdomadas
3318 5144 3542 5216 jejunus

1968 5235 2295 5303 permansit.
2345 5233 2480 5289 Nam
2550 5255 2568 5286 ι
2634 5235 2835 5290 Panem
2871 5234 3295 5303 desideriorum,
3334 5236 3542 5305 inquit,

1970 5341 2077 5380 non
2105 5327 2343 5390 comedi,
2379 5335 2433 5382 et
2461 5343 2592 5382 caro
2628 5336 2683 5382 et
2722 5328 2908 5383 vinum
2948 5343 3056 5383 non
3096 5329 3428 5382 introierunt
3483 5326 3537 5377 in

1971 5432 2035 5471 os
2066 5433 2271 5483 meum,
2319 5434 2493 5489 neque
2543 5428 2821 5489 unguento
2852 5429 3051 5475 unctus
3095 5434 3213 5473 sum
3245 5431 3415 5485 usque
3477 5421 3543 5475 ad

1585 5532 1816 5627 vanus.
1848 5572 2251 5629 LECTIONES.

361 5714 409 5745 ⁵³
448 5720 486 5772 Β
509 5723 779 5776 ὑπέκειτο.
853 5724 898 5754 ⁵³
928 5725 1005 5778 ὄλ.
1050 5726 1174 5782 Des.
1205 5727 1257 5781 in
1287 5726 1346 5780 B.

280 5792 560 5862 συνάγειν.
639 5796 682 5827 ³⁷
724 5794 764 5846 Β
796 5795 1157 5866 προτιθέντος.

1425 5728 1469 5759 ⁵⁵
1497 5728 1637 5797 δειμ.
1671 5726 1712 5778 Β
1737 5726 1903 5791 addit,
1938 5728 2028 5781 καὶ
2052 5729 2253 5797 ἀγροὺς
2289 5729 2646 5797 κεκτημένος.

1266 5800 1310 5829 ⁵⁸
1339 5798 1379 5851 Β
1415 5800 1469 5850 έν
1507 5798 1583 5868 τῷ
1624 5799 1869 5867 στόματι,
1946 5799 1990 5830 ⁵⁵
2028 5799 2123 5869 ήμ.
2156 5798 2268 5852 lnB
2296 5811 2415 5868 post
2454 5799 2562 5852 έϐδ.
2591 5798 2827 5867 ponitur.

2742 5727 2788 5759 ⁸⁸
2815 5725 2957 5781 συνδ.
2985 5727 3061 5777 lla
3094 5721 3131 5775 Β
3165 5718 3326 5775 habet
3368 5716 3511 5773 Sirm
