3912 6206
330 329 464 394 1493

1562 342 1640 403 IN
1669 343 2026 402 DANIELlS
2074 343 2232 404 CAP.
2261 344 2335 404 Χ.

3435 349 3570 414 149i

322 441 450 506 φθον
487 436 773 511 ἐκομίζετο
809 442 1049 514 χρυσίον.
1105 463 1123 496 ι
1155 446 1267 500 Καὶ
1295 445 1356 500 τὸ
1384 448 1762 520 πρόσωπονδὲ
1803 450 1899 501 αὖ-
1934 455 1973 506 Α
2010 468 2028 500 ί
2073 448 2136 502 El
2166 449 2332 505 [δεῖρε
2392 448 2610 524 1259
2657 454 2779 524 θίηε
2817 455 2962 511 “hu
2999 456 3213 527 δβοεία
3260 457 3511 531 ίυιειιτίε-
3549 483 3567 516 ⁸

320 529 432 591 τοῦ,
466 529 544 592 ὡς
574 524 717 594 εἶδος
746 532 1053 606 ἀστραπῆς.
1104 553 1123 587 ι
1175 536 1369 607 Αἴγλη,
1416 541 1570 611 φησὶ,
1608 541 1905 611 φωτοειδὴς

318 620 382 670 ὲκ
412 618 507 672 τοῦ
549 620 842 691 προσώπου
876 624 1122 696 ἐφέρετο.
1170 647 1189 680 ι
1219 629 1330 682 Καὶ
1361 631 1411 682 oi.
1437 631 1707 707 δφθαλμοὶ
1738 633 1904 688 αὐτοῦ

318 711 449 764 ὡσεὶ
481 710 762 784 λαμπάδες
790 715 983 785 πυρὸς,
1012 719 1106 772 καὶ
1135 720 1183 772 οί
1212 720 1496 793 βραχίονες
1525 724 1691 778 αὐτοῦ
1719 726 1810 778 καὶ
1837 724 1905 778 τὰ

321 800 487 871 σκέλη
510 800 589 866 ὡς
618 804 811 874 ὅρασις
834 806 1034 877 χαλκοῦ
1070 811 1397 877 στίλϐοντος,
1430 814 1523 867 καὶ
1551 817 1584 886 ή
1612 817 1766 888 φωνὴ
1795 817 1904 870 τῶν

317 890 491 958 λόγων
516 891 705 960 αὑτοῦ,
736 895 879 960 ὡς⁷⁹
907 899 1060 971 φωνὴ
1084 899 1263 971 ὄχλου.
1296 922 1316 956 ι
1351 901 1478 975 Εἶχε
1512 905 1590 971 δὲ,
1623 909 1777 978 φησὶ,
1809 909 1905 964 καὶ

317 980 441 1074 τους
472 981 789 1074 δφθαλμοὺς
816 986 927 1058 πῦρ
956 989 1237 1060 ἀφιέντας,
1265 995 1390 1059 τοὺς
1419 995 1475 1049 δὲ
1511 995 1802 1069 βραχίονας
1823 1000 1904 1074 τῷ

319 1071 596 1163 καλλίστῳ
639 1076 826 1149 χαλκῷ
859 1079 1109 1148 ἐοικότας
1134 1100 1149 1116 ο
1200 1084 1385 1150 ἔδοξας
1423 1087 1534 1141 δ’⁷⁸
1568 1090 1636 1145 ἂν
1663 1071 1904 1163 πλήθους

321 1161 542 1218 ἀκούειν
571 1164 768 1220 πολλοῦ
801 1168 1187 1243 διαλεγομένου
1203 1174 1249 1207 ⁷⁷
1279 1175 1518 1232 ἀκούων.

390 1254 454 1318 ζ’.
492 1276 512 1308 ι
548 1257 661 1311 Καὶ
703 1254 845 1315 εῐδον
885 1262 997 1331 ἐγὼ
1044 1265 1246 1339 Δανιὴλ
1287 1268 1449 1338 μόνος
1482 1270 1581 1342 τὴν
1609 1272 1899 1338 ὀπτασίαν,

319 1345 415 1398 καὶ
454 1347 728 1429 οἱάνδρες
758 1353 808 1406 οί
839 1355 960 1423 μετ’
994 1355 1129 1427 ἐμοῦ
1154 1360 1255 1413 οὐκ
1289 1355 1429 1415 εἶδον
1474 1361 1572 1433 τὴν
1608 1363 1897 1427 ὀπτασίαν,

320 1435 437 1488 ἀλλ’
474 1437 509 1508 ἢ
538 1437 797 1506 ἔκστασις
828 1445 1039 1522 μεγάλη
1084 1446 1358 1502 ἐπέπεσεν
1394 1451 1481 1505 ἐπ’
1522 1452 1719 1518 αὐτοὺς
1741 1496 1757 1519 ,
1805 1456 1900 1509 καὶ

320 1526 523 1593 ἔφυγον
559 1528 620 1580 ἐν
655 1529 823 1602 φόϐῳ.
868 1551 888 1585 ι
938 1533 1081 1588 Ἀλλ’
1128 1534 1258 1602 ἴσως
1311 1539 1377 1593 ἄν
1429 1558 1513 1606 τις
1556 1542 1732 1596 εἵποιο
1790 1546 1900 1598 Καὶ

319 1613 373 1665 τί
418 1613 616 1684 δήποτε
651 1615 888 1688 ἔφυγον,
947 1622 1047 1693 τὴν
1102 1625 1368 1681 ὀπτασίαν
1401 1628 1477 1701 μὴ
1530 1631 1896 1703 θεασάμενοι;

336 1705 475 1759 Ἀλλ’
508 1708 652 1772 εἰκὸς
692 1709 852 1765 τοῦτο
896 1713 1058 1768 πλέον
1091 1717 1276 1781 αὐτοῖς
1310 1721 1728 1792 ἀπεργάσασθαι
1748 1727 1796 1758 ⁷⁸
1837 1726 1900 1780 τὸ

318 1795 436 1858 δέος
463 1813 476 1826 ⁸
526 1798 734 1869 μηδένα
771 1801 880 1873 γὰρ
924 1797 1223 1875 θεώμενοι,
1269 1810 1365 1863 καὶ
1398 1814 1584 1884 φωνῆς
1631 1816 1895 1886 μεγίστης
1931 1793 1973 1854 Β

321 1887 612 1955 ἀκούοντες
638 1932 652 1955 ,
702 1893 928 1958 εἰκότως
999 1898 1498 1969 ὲκδειματωθέντες
1557 1906 1895 1978 ἀπέδρασαν.

323 1980 666 2037 Ἓκστασιν
703 1983 760 2038 δὲ
807 1985 1043 2043 ἐνταῦθα
1071 1989 1313 2045 καλεῖοὺ
1339 1994 1436 2066 τὴν
1467 1995 1669 2052 δειλίαν
1702 2001 1893 2073 μόνην,

317 2071 457 2125 ἀλλὰ
490 2073 586 2126 και
636 2075 735 2146 τὴν
791 2077 1094 2147 ἀορασίαν·
1153 2081 1297 2136 ἔοικε
1349 2084 1406 2138 δὲ
1452 2087 1628 2142 ταῦτα
1654 2093 1767 2154 τοίς
1803 2071 1898 2145 ἐπὶ

317 2160 413 2213 τοῦ
450 2164 721 2236 μακαρίου
767 2167 980 2222 Παύλου
1026 2173 1418 2244 γεγενημένοις
1463 2177 1603 2233 κατὰ
1647 2178 1745 2251 τὴν
1777 2181 1897 2234 ὁδὸν

317 2254 417 2323 τὴν
456 2255 866 2326 πλησιάζουσαν
910 2262 978 2332 τῇ
1026 2264 1328 2335 Δαμασκῷ’
1371 2268 1467 2320 καὶ
1506 2267 1615 2341 γὰρ
1657 2270 1777 2325 ἐκεῖ
1800 2273 1898 2326 αύ-

314 2346 406 2409 τὸς
422 2347 470 2378 τ’
494 2341 603 2401 εἶδε
642 2352 1061 2424 περιαστράψαν
1100 2356 1264 2410 αὐτὸν
1292 2358 1409 2426 φῶς
1429 2377 1443 2391 ·
1476 2362 1524 2415 oi
1556 2362 1614 2416 δὲ
1645 2346 1895 2430 συνόντες

314 2436 615 2529 ἐθεάσαντο
650 2441 750 2512 μὲν
783 2443 959 2510 οὐδὲν,
990 2445 1157 2516 μόνης
1186 2447 1245 2502 δὲ
1275 2450 1517 2520 ἦκουσαν
1547 2455 1645 2524 τῆς
1687 2458 1891 2529 φωνῆς.

317 2527 429 2580 Καὶ
456 2529 694 2586 ἐνταῦθα
720 2532 904 2587 τοίνυν
936 2533 1201 2601 ὡσαύτως
1227 2540 1524 2608 φεύγουσιν
1548 2541 1596 2575 ⁸ο
1621 2545 1671 2597 ei
1707 2527 1895 2601 συνόν-

310 2635 408 2683 τες
433 2619 515 2693 τῷ
540 2621 670 2694 θείῳ
695 2626 975 2698 προφήτῃ,
1005 2627 1174 2699 μόνης
1205 2628 1538 2697 ἀκούσαντες
1559 2634 1659 2705 τῆς
1685 2635 1894 2708 φωνῆς»

314 2709 470 2783 μένει
498 2710 555 2766 δὲ
587 2714 750 2786 μόνος
773 2717 961 2781 αὐτός.

385 2809 457 2873 η’.
495 2823 519 2856 ι
568 2805 711 2875 Ἐγὼ
756 2808 901 2879 γὰρ,
948 2811 1509 2886 φησὶν,ύπελείφθην
1557 2815 1753 2887 μόνος,
1800 2821 1896 2874 xui.

300 2891 459 2959 ,εἶδον
499 2896 599 2970 τὴν
630 2899 898 2956 ὀπτασίαν
934 2902 1034 2975 τὴν
1080 2905 1323 2977 μεγάλην
1367 2906 1606 2979 ταύτην,
1660 2912 1756 2965 καὶ
1795 2912 1894 2984 οὐχ

315 2986 622 3059 ὑπελείφθη
644 2990 687 3022 ⁸⁸
733 2992 791 3043 ὲν
839 2992 964 3064 ἐμοὶ
1009 2994 1193 3064 ἰσχὺς,
1247 2996 1342 3049 καὶ
1381 2998 1414 3067 ἠ
1459 2996 1585 3062 δόξα
1617 3015 1719 3070 μου
1766 3018 1895 3072 μετ’

313 3077 568 3149 επράφη
595 3082 676 3145 είς
708 3081 1027 3156 διαφθορὰν,
1068 3085 1163 3139 καὶ
1187 3086 1288 3139 οὐκ
1319 3087 1598 3159 ἐκράτησα
1634 3090 1833 3162 ἰσχύος.
1869 3113 1888 3146 ι

315 3167 584 3223 Τοσοῦτον
621 3171 731 3242 γάρ
782 3191 874 3242 μοι
929 3175 1152 3230 ἐνέπεσε
1166 3176 1214 3208 ⁸³
1279 3176 1399 3242 δέος
1464 3178 1559 3233 ἀπ’
1581 3181 1628 3213 ⁸³
1683 3183 1898 3256 ἐκείνης

312 3258 421 3327 τῆς
454 3259 739 3348 θεωρίας,
795 3266 872 3329 ὼς
919 3265 1239 3338 διαλυθῆναι
1288 3269 1385 3340 μὲν
1410 3269 1457 3302 ⁸⁸
1513 3271 1623 3326 τῶν
1680 3273 1901 3348 ἄρθρων

315 3350 420 3420 τὴν
454 3342 746 3427 ’ἁρμονίαν
768 3399 786 3424 ,
839 3358 1178 3431 ἀμειφθῆναι
1230 3361 1289 3414 δὲ
1348 3361 1449 3433 τῆς
1496 3362 1591 3418 τοῦ⁹
1646 3342 1900 3438 σώματος

316 3442 651 3534 ἐπιφανείας,
675 3446 738 3501 τὸ
769 3449 969 3521 χρῶμα
991 3491 1008 3518 ,
1056 3454 1237 3526 πάσης
1272 3454 1331 3509 δὲ
1380 3456 1564 3529 ίσχύος
1597 3458 1804 3533 ἔρημόν
1832 3479 1901 3534 με

316 3532 595 3602 γενέσθαι.

391 3619 458 3674 θ’.
494 3638 515 3673 ι
550 3625 660 3677 Καὶ
710 3626 956 3697 ἥκουσα,
1004 3632 1172 3701 φησι,
1217 3628 1318 3704 τὴν
1366 3635 1550 3707 φωνὴν
1584 3638 1694 3691 τῶν
1725 3638 1900 3710 λόγων

318 3710 517 3779 αὐτοῦ,
540 3715 636 3769 καὶ
668 3716 727 3769 ὲν
761 3717 840 3789 τῷ
878 3719 1113 3775 ἀκοῦσαί
1150 3741 1216 3794 με
1233 3724 1280 3756 ⁸⁸
1314 3726 1462 3797 ήμην
1492 3734 1899 3805 κατανενυγμέ-

317 3818 411 3893 νος
444 3803 535 3857 ἐπὶ
567 3807 854 3877 πρόσωπόν
883 3828 986 3881 μου
1010 3813 1080 3877 ⁸⁸,
1119 3816 1214 3869 καὶ
1258 3817 1318 3869 τὸ
1349 3819 1642 3892 πρόσωπόν
1678 3840 1780 3893 μου
1804 3803 1901 3880 ἐπὶ

317 3891 643 3989 τὴν-γῆν.)
680 3900 1009 3989 Παραυτίκα
1065 3905 1214 3977 γὰρ,
1269 3891 1439 3980 φησι,
1486 3912 1586 3984 τῆς
1634 3891 1900 3989 μεγίστης

317 3982 536 4074 ἐκείνης
579 3987 820 4053 ἀκούσας
873 3992 1076 4064 φωνῆς,
1112 3993 1282 4049 ἔπεσα
1327 4000 1427 4068 μὲν
1479 3982 1727 4074 πρηνῆςί
1774 3982 1901 4060 ίδείν

316 4073 376 4129 δὲ
412 4074 496 4169 μῆ
514 4076 816 4150 δυνάμενος
843 4081 941 4154 τὴν
972 4086 1221 4161 φρικώδη
1261 4086 1515 4162 θεωρίαν,
1550 4094 1630 4157 εἰς
1663 4094 1761 4167 τὴν
1799 4098 1901 4169 γῆν

322 4182 429 4234 μου
448 4167 511 4219 τὸ
548 4168 838 4241 πρόσωπον
879 4174 1120 4232 τέθεικα.

396 4257 449 4311 ι’.
488 4277 507 4310 ι
542 4260 653 4314 Καὶ
688 4262 798 4317 ἰδοὺ
826 4265 948 4336 χεὶρ
987 4268 1277 4342 ἁπτομένη
1309 4289 1434 4341 μου,
1477 4274 1571 4327 καὶ
1597 4276 1788 4349 ῆγειρέ
1830 4296 1898 4347 με

320 4349 416 4404 ἐπὶ
443 4350 512 4405 τὰ
550 4352 752 4421 γόνατά
784 4373 886 4426 μου
911 4399 926 4424 ,
967 4361 1059 4414 καὶ
1079 4361 1126 4393 ⁸⁷
1171 4364 1264 4416 ἐπὶ
1291 4364 1360 4421 τὰ
1395 4364 1514 4437 ι’χνη
1543 4367 1652 4419 τῶν
1702 4371 1899 4440 χειρῶν

2009 538 2302 608 Splendor,
2337 544 2537 614 inquit,
2583 546 2902 603 illuminaus
2929 563 2960 600 a
2997 548 3136 604 facie
3178 550 3299 619 ejus
3350 552 3571 608 fluebat.

2012 650 2039 682 ι.
2074 629 2137 685 Et
2174 633 2316 687 oculi
2346 634 2468 703 ejus
2508 637 2669 706 quasi
2723 638 3006 708 lampades
3059 640 3223 710 ignis,
3252 648 3307 696 et
3349 641 3574 698 brachia

2005 724 2127 793 ejus
2152 736 2204 779 et
2235 741 2421 792 crura,
2447 729 2607 797 quasi
2646 729 2791 787 visio
2822 731 2949 787 aeris
2987 731 3353 801 splendentis,
3382 743 3436 788 et
3472 749 3574 788 vox

2005 832 2323 875 sermonum
2352 820 2474 889 ejus
2505 821 2664 889 quasi
2690 836 2794 877 vox
2813 823 3007 878 turbat.
3042 843 3061 872 ι
3084 822 3336 879 Habebat
3363 834 3574 888 autem,

2004 907 2208 978 inquit,
2245 911 2435 965 oculos
2467 911 2645 982 ignem
2693 912 3027 981 emittentes,
3085 925 3140 972 et
3179 916 3405 971 brachia
3452 918 3577 987 pul-

2003 997 2282 1055 cherrimo
2321 1001 2416 1056 aeri
2456 1002 2697 1059 similia:
2732 1004 2886 1060 visus
2926 1006 3034 1062 tibi
3087 1021 3245 1064 esses
3296 1008 3447 1063 illum
3477 1023 3577 1062 au-

2003 1089 2165 1146 diens
2198 1091 2430 1148 multam
2462 1093 2683 1150 turbam
2711 1097 3115 1169 colloquentem
3146 1099 3362 1155 audire.

2074 1282 2239 1351 Vens.
2288 1284 2344 1344 7.
2389 1306 2411 1340 ι
2444 1285 2511 1342 Ει
2549 1288 2662 1344 vidi
2694 1304 2798 1361 ego
2840 1291 3034 1348 Daniel
3071 1294 3345 1350 visionem
3395 1296 3569 1361 solus,

2000 1386 2055 1431 et
2081 1377 2182 1431 viri
2216 1378 2317 1444 illi,
2348 1380 2442 1448 qui
2471 1395 2687 1436 meeum
2720 1391 2904 1450 erant,
2944 1398 3054 1440 non
3097 1386 3355 1441 viderunt
3400 1388 3573 1443 visio-

1999 1482 2147 1535 nem,
2178 1469 2274 1523 sed
2303 1472 2550 1527 exstasis
2588 1486 2786 1543 magna
2810 1473 3007 1529 incidit
3065 1476 3122 1529 in
3162 1490 3278 1538 eos,
3312 1485 3367 1532 et
3419 1476 3571 1547 fuge-

2000 1568 2129 1614 runt
2184 1572 2353 1618 metu.
2402 1580 2421 1613 ι
2455 1562 2566 1619 Sed
2593 1564 2793 1635 aliquis
2824 1565 3060 1623 fortasse
3084 1567 3316 1634 dixerit,
3346 1583 3451 1622 eur
3482 1569 3570 1623 fu-

1998 1653 2181 1725 gerint
2210 1654 2270 1721 ii,
2302 1656 2396 1726 qui
2422 1656 2689 1715 visionem
2717 1674 2827 1714 non
2849 1659 3152 1716 viderunt?
3178 1661 3247 1714 At
3270 1661 3571 1717 verisimile

2000 1750 2108 1809 est,
2148 1744 2253 1800 hoc
2284 1745 2408 1816 ipso
2432 1748 2709 1819 maiorem
2762 1750 2872 1806 illis
2920 1760 3124 1806 metum
3161 1752 3329 1808 fuisse
3382 1752 3572 1806 incus-

2002 1848 2123 1889 sum
2152 1851 2166 1888 :
2196 1835 2406 1889 nullum
2434 1837 2582 1891 enim
2611 1839 2938 1908 conspicati,
2974 1847 3030 1892 et
3057 1839 3351 1894 maximam
3379 1853 3569 1893 vocem

2002 1923 2331 1990 audientes,
2392 1926 2596 1982 merito
2651 1937 2864 1984 terrore
2920 1928 3162 1998 perculsi
3215 1926 3568 1996 aufugerunt.

2005 2013 2263 2071 Exslau'n
2289 2028 2470 2074 autem
2503 2019 2593 2075 hic
2625 2027 2786 2074 vocat
2818 2034 2926 2074 non
2973 2019 3322 2074 timiditatem
3357 2019 3529 2074 solum
3553 2058 3569 2080 ,

2003 2104 2098 2159 sed
2135 2115 2189 2159 et
2241 2107 2571 2165 caecitatem.
2626 2109 2692 2164 Et
2748 2110 2949 2164 similia
2985 2116 3115 2164 sunt
3166 2108 3284 2163 haec
3336 2106 3405 2163 iis
3451 2121 3574 2177 quae

2004 2194 2168 2249 beato
2201 2194 2370 2251 Paulo
2403 2197 2463 2251 in
2494 2197 2703 2253 itinere
2739 2198 3084 2265 acciderunt,
3130 2213 3256 2253 cum
3301 2197 3573 2252 Damasco

2003 2286 2490 2357 appropinquaret.
2527 2287 2744 2343 Etenim
2773 2288 2851 2343 ibi
2878 2289 3011 2344 vidit
3046 2289 3166 2359 ipse
3187 2288 3398 2349 lumen,
3424 2285 3571 2356 quod

2000 2392 2126 2431 eum
2165 2377 2558 2445 eireumfulsit,
2598 2380 2693 2434 ‘et
2717 2378 2813 2451 qui
2856 2394 2981 2435 cum
3015 2393 3085 2435 eo
3111 2385 3271 2434 erant
3321 2376 3461 2457 nihil
3490 2376 3575 2430 vi-

2000 2466 2198 2524 dentes
2228 2469 2403 2524 solam
2430 2484 2621 2527 vocem
2652 2472 2948 2527 audierunt
2974 2470 3018 2525 ί.
3048 2468 3222 2542 Igitur
3242 2469 3334 2524 hic
3353 2482 3574 2539 quoque

2002 2556 2218 2628 fugiunt
2248 2558 2507 2615 similiter
2532 2560 2629 2631 qui
2667 2576 2795 2616 eum
2845 2559 3033 2616 divino
3078 2559 3341 2630 propheta
3392 2566 3569 2622 erant,

2001 2638 2342 2703 sola'audita
2376 2664 2544 2707 voce:
2579 2651 2698 2722 ipse
2726 2659 2908 2706 autem
2942 2650 3095 2706 solus
3126 2655 3336 2704 manet.

2072 2826 2244 2885 Vsus.
2276 2831 2331 2884 8.
2367 2848 2386 2882 ι
2423 2828 2538 2900 Ego
2561 2830 2710 2886 enim
2739 2830 2969 2886 relictus
2996 2844 3143 2893 sum,
3167 2826 3370 2898 inquit,
3395 2826 3566 2891 soluo,

2000 2928 2053 2974 et
2088 2919 2198 2974 vidi
2229 2920 2495 2975 visionem
2523 2921 2665 2975 hanc
2690 2935 2964 2992 magnam,
2993 2929 3048 2974 et
3070 2933 3178 2974 non
3198 2926 3282 2974 est
3315 2918 3568 2973 relictum

2003 3011 2059 3065 in
2096 3026 2182 3064 me
2216 3012 2406 3075 robur,
2431 3020 2488 3067 et
2515 3011 2690 3082 gloria
2718 3027 2839 3066 mea
2881 3024 3143 3067 conversa
3168 3018 3253 3066 est
3283 3011 3346 3066 in
3372 3024 3569 3065 corru-

2002 3100 2269 3169 ptionem,
2296 3109 2352 3155 et
2372 3117 2489 3156 non
2515 3102 2730 3156 obtinui
2763 3102 2929 3159 vires.
2969 3121 2990 3154 ι
3017 3101 3227 3157 Tantus
3257 3101 3403 3157 enim
3435 3099 3571 3154 mihi

2003 3201 2183 3247 metus
2216 3191 2415 3247 incidit
2438 3207 2501 3247 ex
2531 3207 2594 3248 ea
2615 3193 2852 3259 visione,
2886 3200 2948 3247 ut
2968 3194 3339 3250 membrorum
3369 3189 3571 3245 dissol-

2003 3291 2225 3337 veretur
2282 3282 2497 3355 1360
2532 3283 2840 3351 harmonia,
2894 3291 2949 3338 et
2981 3285 3136 3339 color
3170 3283 3285 3346 ille,
3311 3281 3405 3352 qui
3452 3292 3573 3334 erat

2003 3373 2059 3427 in
2095 3373 2347 3444 corporis
2370 3372 2685 3444 superficie,
2719 3382 3054 3440 mutaretur,
3102 3382 3266 3446 atque
3311 3373 3573 3429 omnibus

2002 3465 2218 3522 viribus
2255 3465 2607 3521 destituerer.

2059 3642 2242 3699 Vens.
2268 3644 2322 3701 9.
2354 3662 2372 3695 ι
2411 3645 2478 3699 Et
2508 3644 2716 3711 audivi,
2754 3643 2950 3714 inquit,
3006 3660 3192 3700 vocem
3254 3657 3572 3699 sermonum

2002 3734 2147 3805 ejus,
2179 3743 2234 3789 et
2259 3751 2383 3791 cum
2408 3736 2656 3791 audirem
2690 3747 2987 3807 ego,'eram
3019 3742 3385 3806 compunctus
3408 3749 3574 3803 super

2006 3826 2199 3880 faciem
2237 3840 2437 3889 meam,
2477 3835 2531 3881 et
2561 3826 2730 3883 facies
2766 3842 2886 3883 mea
2916 3842 3087 3897 super
3112 3833 3280 3881 terra.
3320 3843 3338 3875 ι
3375 3822 3571 3878 Statim

2003 3921 2150 3974 enim
2184 3918 2393 3985 audita,
2421 3918 2621 3988 inquit,
2662 3920 2897 3974 maxima
2934 3919 3024 3973 illa
3062 3933 3216 3981 voce,
3244 3932 3450 3988 pronus
3477 3931 3571 3971 ce—

1978 4009 2135 4075 -eidi,
2167 4016 2366 4064 etcum
2419 4011 2670 4081 aspicere
2713 4010 3000 4080 nequirem
3034 4009 3354 4065 horribilem
3406 4008 3572 4063 visio-

2006 4119 2151 4167 nem,
2183 4118 2245 4156 os
2276 4120 2458 4158 meum
2502 4103 2554 4156 in
2589 4113 2788 4157 terram
2814 4103 3029 4158 demisi.

2076 4274 2244 4330 Vens.
2283 4276 2364 4330 l0.
2420 4294 2438 4326 ι
2500 4276 2565 4329 Et
2596 4291 2724 4330 ecce
2763 4291 2959 4331 manus
3017 4275 3292 4344 attingens
3356 4288 3472 4337 me,
3520 4281 3573 4325 et

2002 4367 2178 4422 erexit
2236 4383 2321 4422 me
2370 4382 2537 4436 super
2586 4382 2763 4436 genua
2804 4381 2960 4431 mea,
3014 4374 3070 4421 et
3130 4381 3297 4435 super
3347 4365 3570 4434 vestigia

323 4458 429 4532 μου
454 4441 649 4532 έστησέ
677 4446 823 4516 pe”.
865 4468 884 4501 ι
919 4449 1095 4516 υῦτω,
1132 4454 1288 4524 φησὶ,
1340 4454 1683 4525 διακείμενος
1725 4459 1889 4529 ᾐσθα-

2010 4471 2268 4510 manuuln
2296 4470 2543 4510 mearum
2575 4456 2768 4511 statuit
2795 4471 2900 4509 me.
2942 4476 2961 4509 ι
2994 4455 3094 4520 Ita,
3122 4457 3321 4526 inquit,
3347 4455 3573 4510 aﬂ‘eetus

318 4527 495 4599 νόμην
533 4524 646 4587 οἷόν
674 4549 819 4598 τινος
866 4537 1048 4608 χειρὸς
1094 4541 1410 4613 ἁπτομένης
1441 4524 1541 4615 μου
1562 4585 1578 4608 ,
1612 4547 1707 4598 καὶ
1732 4524 1899 4619 ⁷ἀνορ-

320 4619 549 4693 θούσης’
610 4623 722 4692 ἐγὼ
778 4626 837 4681 δὲ
890 4631 1004 4693 τοῖς
1067 4649 1126 4685 τε
1184 4633 1375 4701 γόνασι
1426 4636 1520 4688 καὶ
1564 4638 1684 4699 ταῖς
1742 4640 1901 4709 χερσὶ

320 4710 604 4784 χρώμενος
636 4714 868 4789 (διέλυσέ
915 4738 983 4790 με
1034 4722 1143 4794 γάρ
1174 4724 1234 4778 τὸ
1261 4725 1438 4799 δέος),
1465 4727 1782 4801 ἐπειρώμην
1809 4732 1904 4787 ἁν-

322 4805 623 4875 furacem...

395 4895 486 4952 ια’.
521 4916 542 4951 t
585 4899 646 4954 '0
679 4902 736 4955 δὲ
764 4897 889 4958 εἷπε
940 4906 1077 4977 πρός
1125 4926 1194 4979 με
1226 4927 1241 4941 ⁸
1270 4912 1497 4984 Δανιὴλ,
1550 4914 1688 4986 ἀνὴρ
1708 4916 1753 4946 ³⁸
1787 4917 1905 4973 ἔπιέ

318 4988 558 5060 θυμιῶν,
588 4991 746 5058 σύνες
771 4994 831 5048 ἐν
852 4999 965 5062 τοῖς
987 4998 1168 5070 λόγοις
1192 5004 1404 5069 τούτοις
1425 5007 1495 5074 9°,
1522 5002 1605 5070 οἷς
1626 5006 1735 5076 ἐγὼ
1761 5006 1906 5060 λαλῶ

320 5081 465 5151 πρὸς
490 5080 585 5150 σὲ,
613 5083 719 5152 ,καὶ
754 5085 913 5157 στῆθι
957 5088 1109 5145 Eni."
1152 5095 1221 5164 τῇ
1258 5094 1446 5149 στάσει
1487 5114 1585 5151 σου
1609 5137 1623 5163 ,
1677 5098 1760 5151 ὅτι
1811 5096 1906 5151 νῦν

401 5216 420 5254 ί
447 5216 570 5273 Act.
595 5233 674 5284 Ix,
701 5219 737 5273 5
763 5233 881 5290 seq.

2005 4547 2184 4602 sentin
2220 4548 2384 4602 veluti
2431 4563 2650 4601 manum
2685 4548 2981 4618 quamdam
3016 4562 3103 4603 me
3160 4557 3470 4625 tangentem
3519 4555 3573 4600 et

2002 4639 2430 4710 erigentem,et
2485 4653 2586 4708 ego
2644 4638 2877 4705 genibus
2936 4639 3301 4710 manibusque
3348 4639 3574 4694 innixus

2005 4729 2529 4802 (dissolveratenim
2564 4745 2655 4786 me
2686 4732 2910 4801 metus),
2965 4745 3255 4803 resurgere
3311 4732 3570 4787 conabar.

2078 4909 2243 4964 Vens.
2297 4909 2381 4961 ll.
2425 4926 2443 4958 ι
2486 4906 2581 4963 liie
2618 4914 2800 4961 autem
2837 4905 2973 4961 dixit
3012 4904 3076 4959 ad
3115 4922 3200 4961 me
3234 4922 3250 4960 :
3283 4906 3470 4962 Daniel
3495 4909 3576 4961 vir

2007 4999 2431 5061 desideriorum,
2492 4997 2734 5067 intellige
2779 4998 2831 5050 in
2876 4997 3224 5054 sermonibus
3263 4998 3383 5066 bis,
3437 5014 3577 5070 quos

2008 5107 2109 5164 ego
2137 5091 2332 5161 loquar
2365 5088 2431 5143 ad
2470 5097 2547 5156 te,
2584 5095 2639 5143 ct
2675 5098 2755 5143 sta
2793 5088 2847 5143 in
2875 5089 3113 5145 statione
3143 5096 3256 5157 tua,
3284 5094 3411 5163 quia
3432 5106 3577 5147 nunc

1628 5379 1862 5435 VARIIE
1903 5380 2300 5436 LECTIONES.

416 5542 463 5573 ⁷⁸
488 5541 536 5618 ’Β
563 5542 731 5618 ὼρεί.-
757 5613 769 5618 _
805 5542 851 5575 ⁷⁸
881 5542 937 5618 ’Β
984 5544 1249 5618 ἔδοξα-δέ.
1332 5548 1374 5578 ⁷⁷
1410 5548 1452 5601 Α
1504 5547 1886 5618 διαλεγομένου
1938 5547 2132 5601 πολλοῦ
2204 5545 2255 5578 ⁷⁸
2294 5547 2332 5599 Β
2361 5549 2799 5618 ἐνεργάσασθαι.

1744 5620 1788 5651 ⁸²
1822 5621 1859 5671 Β
1891 5619 2175 5671 ἐπέπεσεν.

1898 5690 1951 5741 in
1990 5691 2052 5741 Λ.
2130 5689 2174 5718 ⁸⁷
2206 5689 2299 5740 καὶ
2350 5720 2411 5728 --
2448 5688 2558 5742 ἔστ.
2604 5707 2688 5760 με,
2735 5682 2785 5743 Ἀ
2827 5687 2921 5740 καὶ
2963 5682 3196 5754 ταρσοὺς
3229 5682 3421 5753 χειρῶν
3448 5698 3569 5752 μου.

1454 5759 1500 5789 ί³⁴³
1531 5758 1677 5812 τούτ.
1713 5758 1831 5813 Des.
1865 5760 1915 5812 in
1952 5758 2008 5810 Β.
2088 5758 2127 5789 θ’
2161 5759 2270 5812 ἐπί.
2294 5759 2334 5810 Β
2366 5760 2438 5812 ἐν.

321 5610 370 5641 ⁵ο
402 5611 637 5687 φεύγηΒ
667 5612 793 5687 add.
828 5612 945 5687 μέν.
1011 5610 1091 5687 *δέ
1131 5615 1254 5670 Bob
1287 5618 1630 5687 κατελείφθη.

322 5678 529 5757 φωνὴν
563 5678 846 5757 ῥηματωνξ
872 5683 1058 5757 aurci}.
1162 5687 1208 5757 f‘
1238 5689 1330 5740 ἐπὶ
1391 5705 1483 5757 πρ.
1514 5678 1641 5757 μου.
1729 5689 1847 5740 Des.

328 5756 375 5788 sa
400 5750 512 5804 ἔστ.
550 5750 649 5820 με(
676 5751 796 5807 Des.
835 5752 887 5806 in
917 5752 972 5806 Β.
1084 5757 1127 5787 ηε
1159 5755 1197 5808 Β
1231 5756 1374 5826 ἄνερ.

2906 5550 2950 5579 ⁷9
2996 5549 3115 5600 αὐτ.
3174 5544 3212 5596 Β
3263 5544 3386 5596 add.
3453 5542 3570 5610 μέν.

2280 5617 2325 5649 ⁸³
2356 5617 2395 5670 Β
2431 5612 2542 5672 ὑπ”.
2647 5619 2694 5651 ’δ
2735 5620 2851 5689 μέν.
2965 5634 3087 5684 μου.
3138 5615 3209 5689 ’⁸⁵
3237 5613 3322 5681 μέ.
3360 5612 3401 5689 ᾼ
3447 5612 3573 5663 add.

3229 5891 3282 5905 ﬁ
