3912 6206
434 359 568 423 ll‘J9

1421 362 1907 423 THEODORETI
1935 365 2274 426 EPISCOPI
2312 365 2676 426 CYRENSIS

3523 354 3645 423 1560

429 489 582 534 l'lllll,
628 469 721 524 sed
767 485 932 523 «cum
977 470 1223 540 principe
1261 472 1412 540 regni
1465 472 1756 526 Persarum
1783 514 1797 538 ,
1826 493 1844 526 ι
1895 474 2001 528 hoc

2115 474 2244 542 τῶν,
2291 476 2427 529 ἀλλὰ
2462 495 2479 526 ι
2518 475 2594 544 τῷ
2620 474 2838 543 ἄρχοντι
2885 470 3160 540 βασιλείας
3205 469 3452 541 Περσῶν,
3489 490 3504 520 ι
3533 470 3642 523 ἀντὶ

429 575 534 626 est,
567 565 655 617 cui
683 565 849 616 etiam
885 563 936 615 in
980 564 1162 631 ipsum
1193 563 1488 618 Persarum
1522 580 1706 635 regem
1739 567 2004 621 commis-

429 672 550 707 sum
583 661 666 708 est
702 653 1017 722 imperium.

504 746 665 800 Vens.
701 746 785 798 t5.
833 765 851 797 ι
879 745 1136 812 Cumque
1165 746 1489 815 loqueretur
1521 747 1638 818 ipse
1671 764 1888 804 mecum
1921 765 2008 804 sc-

429 838 669 892 cundum
706 838 874 892 verba
909 840 1046 902 haec,
1078 838 1205 894 dedi
1242 839 1439 892 [aciem
1477 855 1653 894 meam
1690 841 1743 895 in
1777 851 2004 907 terram,

429 940 482 983 ct
512 937 878 1000 compunctus
907 947 1050 986 sum.
1079 950 1096 981 ι
1125 929 1263 984 Cum
1289 931 1450 985 'enim
1487 932 1765 988 audissem
1787 977 1802 1000 ,
1838 948 2004 1005 ange-

432 1022 608 1076 lorum
648 1037 871 1092 quoque
925 1023 1204 1093 principes
1241 1037 1384 1094 azgre
1418 1022 1565 1079 ferre
1601 1040 1722 1079 eam
1767 1041 1958 1079 curam
1985 1064 2002 1089 ,

429 1129 552 1184 quae
601 1114 900 1169 haberetur
955 1128 1079 1184 erga
1140 1117 1451 1184 populum,
1509 1117 1752 1170 tristitiae
1808 1132 2008 1172 rursus

430 1207 623 1276 plenus
641 1205 854 1274 dejecto
886 1205 940 1258 in
975 1213 1176 1260 terram
1207 1209 1359 1261 vultu
1384 1208 1619 1274 stabam,
1651 1223 1752 1264 nec
1779 1223 2003 1263 sursum

429 1296 676 1365 aspicere
713 1303 962 1366 poteram
975 1337 987 1349 .

502 1386 665 1441 Vens.
726 1387 825 1452 16,
884 1388 964 1441 l7.
1029 1409 1046 1438 ι
1084 1386 1148 1441 Et
1181 1402 1311 1442 ecce
1345 1387 1506 1456 quasi
1543 1387 1850 1442 similitudo
1882 1386 2006 1442 Filii

430 1481 445 1500 ‘
479 1479 718 1534 hominis
741 1479 920 1550 tetigit
947 1481 1089 1534 labia
1125 1497 1241 1534 mea
1265 1523 1279 1546 ,
1321 1491 1372 1533 et
1399 1483 1619 1533 locutus
1643 1497 1788 1542 sum,
1813 1489 1866 1534 et
1895 1480 2008 1534 dixi

429 1573 495 1624 ad
533 1579 766 1625 stantem
791 1587 976 1624 coram
1005 1587 1126 1626 me:
1157 1571 1404 1638 Domine,
1431 1573 1484 1626 in
1508 1573 1721 1626 visione
1754 1582 1845 1626 tua
1877 1588 2010 1627 con-

2107 565 2225 630 τοῦ,
2260 568 2352 620 καὶ
2383 565 2547 619 αὑτοῦ
2586 563 2680 618 τοῦ
2728 563 2996 634 βασιλέως
3035 562 3256 631 Περσῶν
3297 560 3476 632 ἄρχειν
3496 561 3530 592 ¹²
3561 579 3648 615 πε·-

2109 659 2473 730 πιστευμένῳ.

2181 757 2260 804 ιε’.
2303 769 2322 801 ι
2359 751 2468 804 Kal
2520 751 2580 802 ἐν
2630 748 2709 819 τῷ
2750 747 2980 815 λαλῆσαι
3035 745 3194 800 αὐτὸν
3227 745 3344 814 μετ’
3370 743 3496 814 ἐμοῦ
3527 745 3651 796 κατά

2107 843 2232 905 τοὺς
2264 841 2453 910 λόγους
2506 840 2731 902 τούτους
2754 880 2768 900 ,
2819 839 2998 891 ἔδωκα
3045 837 3106 889 τὸ
3138 835 3426 907 πρόσωπόν
3460 853 3553 905 μου
3584 836 3652 898 είς

2105 933 2206 1005 τὴν
2237 935 2375 1004 γῆν,
2433 934 2528 988 καὶ
2558 931 2882 1002 κατενύγην.
2921 949 2939 980 ι
2987 926 3252 990 Ἀκούσας
3281 927 3420 998 γὰρ,
3465 926 3539 978 ὅτι
3574 927 3655 979 καὶ

2107 1024 2217 1077 τῶν
2243 1023 2491 1092 ἀγγέλων
2523 1025 2570 1076 οἱ
2599 1021 2802 1092 πρῶτοι
2826 1017 3238 1090 δυσχεραίνουσι
3271 1015 3369 1088 τὴν
3391 1016 3656 1086 γινομένην

2109 1117 2190 1178 είς
2220 1114 2312 1166 τὸν
2361 1114 2486 1166 λαδν
2535 1111 2886 1183 κηδεμονίαν,
2937 1108 3173 1178 ἀθυμίας
3230 1107 3388 1162 πάλιν
3437 1107 3655 1176 ἀναπλη-

2111 1206 2258 1268 σθεὶς
2313 1207 2671 1273 συγκεκυφὼς
2721 1204 3028 1272 εἱστήκειν,
3097 1201 3191 1254 καὶ
3243 1199 3558 1253 ἀναϐλέπειν
3604 1198 3655 1251 ού

2108 1297 2423 1367 δυνάμενος.

2181 1394 2279 1452 ις’,
2315 1385 2398 1450 ιζ’.
2445 1405 2462 1438 ι
2506 1386 2612 1440 Kal
2656 1385 2764 1439 ίδοὺ
2794 1383 2870 1448 ὡς
2914 1384 3170 1454 ὁμοίωσις
3222 1381 3356 1435 Υἱοῦ
3399 1380 3659 1452 ἀνθρώπου

2109 1477 2287 1548 ἥψατο
2314 1477 2422 1530 τῶν
2454 1475 2676 1546 χειλέων
2710 1492 2831 1546 μου,
2859 1475 2954 1527 καὶ
2985 1473 3224 1543 ἐλάλησα
3251 1472 3316 1538 ¹⁸,
3346 1472 3441 1525 καὶ
3467 1467 3607 1524 εἷπον
3624 1473 3660 1504 ¹⁸

2111 1565 2248 1636 πρὸς
2281 1567 2371 1619 τὸν
2412 1567 2619 1619 ἑστῶτα
2649 1565 2888 1619 ἐναντίον
2928 1583 3029 1635 μου
3054 1582 3067 1595 ·
3121 1563 3334 1634 Κύριε,
3361 1564 3416 1615 ἐν
3457 1566 3519 1633 τῇ
3546 1563 3658 1633 ὁρά-

428 1678 585 1717 versa
624 1673 745 1716 sunt
789 1663 1049 1715 interiora
1086 1677 1203 1716 mea
1227 1663 1284 1716 in
1318 1679 1424 1728 me,
1461 1673 1511 1717 et
1545 1679 1674 1719 ecce
1698 1680 1804 1719 non
1835 1665 2007 1720 habeo

2115 1677 2196 1711 σει
2218 1659 2262 1689 ’⁸
2309 1675 2403 1710 σου
2448 1658 2688 1728 ἐστράφη
2715 1659 2782 1710 τὰ
2815 1659 2964 1720 ἐντός
3000 1674 3100 1726 μου
3151 1656 3212 1708 ὲν
3261 1655 3385 1725 ἐμοὶ
3407 1694 3421 1716 ,
3452 1655 3539 1706 καὶ
3567 1654 3662 1706 ἰδοὺ

431 1756 617 1808 robur.
655 1752 717 1806 Et
766 1754 1045 1822 quomodo
1070 1754 1290 1822 poterit,
1331 1752 1579 1818 Domine,
1626 1770 1824 1811 servus
1857 1762 2006 1822 tuus,

2112 1751 2212 1804 οὐκ
2245 1750 2411 1820 ﬁxo)"
2447 1751 2619 1820 ἰσχύν.
2650 1751 2757 1803 Καὶ
2788 1750 2904 1813 πῶς
2930 1749 3245 1819 δυνήσεται,
3276 1747 3467 1817 Κύριε,
3497 1748 3523 1798 ὁ
3553 1747 3661 1808 παῖς

430 1845 576 1913 loqui
607 1859 730 1898 cum
771 1843 1003 1898 Domino
1030 1857 1151 1896 meo
1191 1842 1334 1896 hoc?
1372 1852 1425 1896 ct
1456 1858 1558 1914 ego
1599 1843 1892 1899 imbecillis
1925 1845 2007 1899 fa-

2117 1860 2211 1896 σου
2259 1843 2490 1913 λαλῆσαι
2540 1841 2677 1912 μετά
2719 1840 2814 1894 τοῦ
2856 1841 3062 1910 Κυρίου
3097 1857 3200 1910 μου
3223 1842 3271 1872 ³⁸
3298 1837 3527 1905 τούτου;
3571 1837 3661 1891 Καὶ

429 1947 552 1991 ctus
593 1950 745 2001 sum,
777 1943 831 1989 et
865 1950 933 1988 ex
969 1935 1075 1988 hoc
1109 1942 1356 2004 tempore
1384 1951 1493 1988 non
1520 1936 1794 1990 consistet
1832 1937 1885 1990 in
1925 1953 2012 1992 me

431 2028 637 2092 robur,
682 2036 737 2080 et
786 2026 1018 2094 spiritus
1072 2040 1180 2078 non
1220 2035 1308 2080 est
1353 2026 1580 2080 relictus
1621 2029 1775 2081 mihi.
1807 2047 1824 2078 ι
1875 2028 2010 2082 Cum

431 2119 680 2183 vidisset,
710 2119 910 2188 inquit,
940 2116 1225 2170 medcnuo
1248 2117 1416 2171 animi
1447 2119 1723 2174 anxietate
1747 2120 2008 2187 cruciari,

431 2227 495 2264 ac
521 2211 684 2264 veluti
719 2210 955 2262 humana
989 2209 1224 2277 quadam
1263 2225 1430 2262 manu
1465 2210 1608 2264 labia
1646 2226 1763 2265 mea
1794 2212 2012 2282 attigis-

431 2309 532 2362 set,
564 2299 718 2354 dedit
753 2299 883 2352 mihi
913 2297 1267 2368 colloquendi
1311 2298 1655 2364 facultatem,
1681 2312 1736 2354 et
1763 2301 1874 2355 dixi
1908 2302 1958 2356 ei
1994 2321 2007 2356 :

434 2388 601 2442 Solus
629 2399 964 2458 conspectus
995 2400 1124 2442 tuus
1157 2403 1351 2442 omnes
1397 2388 1530 2440 mihi
1579 2389 1722 2444 vires
1765 2391 2007 2456 ademit,

432 2481 792 2549 animumque
821 2478 1154 2534 confusione
1189 2494 1254 2534 ac
1292 2480 1708 2548 perturbatione
1745 2482 2010 2552 implevit,

429 2583 484 2625 ct
543 2572 776 2642 pristino
834 2572 1034 2627 decore
1091 2572 1486 2640 cogitationem
1542 2573 1820 2638 nudavit;
1871 2574 2010 2628 adeo

429 2663 574 2714 enim
605 2663 894 2717 imbecillis
933 2677 1043 2731 pra:
1069 2671 1216 2716 metu
1247 2662 1477 2716 eth-ctus
1515 2678 1637 2718 sum
1657 2705 1671 2728 ,
1703 2671 1764 2718 ut
1797 2681 1864 2720 ne
1893 2665 2005 2722 usi-

431 2762 546 2807 tato
575 2753 794 2822 quidem
845 2769 996 2806 more
1039 2752 1248 2822 possim
1281 2752 1536 2822 spiritum
1575 2753 1780 2809 ducere
1819 2775 1832 2810 ε
1873 2771 2012 2825 quo-

430 2846 591 2897 modo
627 2846 793 2915 igitur
821 2858 1052 2914 potero,
1088 2860 1210 2914 quze
1262 2859 1291 2896 a
1349 2853 1400 2898 te
1453 2845 1668 2916 1265
1715 2847 2010 2915 dicantur,

433 2935 774 3005 intelligere,
825 2943 920 2987 aut
977 2949 1296 3004 congruens
1353 2935 1587 2990 reddere
1645 2940 2011 3003 responsum?

430 3021 600 3075 Νιιιηυ
625 3030 804 3078 autem
834 3024 1143 3090 existimet,
1195 3024 1290 3092 qui
1322 3024 1392 3078 ab
1423 3039 1489 3077 eo
1520 3035 1854 3094 conspectus
1891 3040 2004 3095 est,

431 3114 579 3166 illum
605 3129 728 3168 esse
755 3113 1040 3168 Dominum
1061 3156 1075 3179 ,
1109 3125 1397 3184 propterea
1423 3117 1568 3186 quod
1601 3117 1788 3172 Daniel
1821 3120 2002 3189 ipsum
2033 3150 2077 3208 ο

432 3204 716 3258 Dominum
756 3207 1010 3277 appellet.
1045 3206 1138 3262 Sic
1167 3209 1314 3261 enim
1354 3208 1471 3276 ipse
1507 3208 1561 3262 in
1600 3208 1706 3264 line
1735 3211 2005 3268 visionis:

437 3316 454 3347 ι
499 3296 784 3365 Sublatis,
829 3299 1050 3368 inquit,
1091 3300 1349 3354 manibus
1389 3299 1510 3355 suis
1555 3300 1608 3353 in
1650 3301 1882 3368 cmlum,
1913 3317 2010 3373 per

433 3389 663 3446 Viveu'e
689 3409 718 3442 ιι
759 3391 1054 3445 Dominum
1079 3392 1286 3460 juravit
1312 3433 1328 3458 ,
1367 3409 1385 3442 ι
1441 3407 1599 3461 aequo
1633 3393 1818 3448 animo
1853 3411 2008 3450 suam

431 3484 704 3536 contitcns
729 3485 1075 3538 servitutem.
1116 3482 1398 3536 Dominum
1426 3483 1609 3551 itaque
1638 3484 1788 3538 illum
1813 3495 2006 3555 vocat,

434 3590 540 3625 non
573 3582 631 3626 ιιι
663 3572 867 3640 Deum,
898 3575 992 3629 sed
1029 3576 1296 3628 honorem
1338 3573 1414 3625 illi
1458 3573 1700 3628 debitum
1736 3577 2005 3635 tribuens.

433 3664 644 3720 Etenim
687 3681 788 3720 nos
838 3667 1008 3720 etiam
1055 3681 1180 3720 cum
1229 3664 1624 3719 illustrioribus
1658 3668 1790 3723 viris
1837 3672 2010 3726 collo-

435 3765 664 3825 quentes
701 3758 805 3810 hac
832 3758 1206 3828 appellatione
1240 3755 1317 3807 uti
1349 3759 1744 3814 consuevimus
1775 3779 1787 3814 :
1817 3777 2009 3830 quem-

435 3847 728 3902 admodum
763 3849 926 3903 etiam
962 3849 1159 3904 beatus
1193 3847 1465 3900 Abraham
1494 3850 1714 3919 angelos
1747 3860 1807 3905 nt
1843 3853 2012 3908 homi-

436 3951 534 3993 nes
562 3940 947 4008 conspicatus,
973 3947 1028 3991 et
1058 3955 1182 3992 eum
1220 3940 1357 4008 ipsis
1384 3980 1398 4001 ,
1435 3947 1495 3993 ut
1531 3956 1658 3994 cum
1694 3943 2010 4002 hominibus

435 4030 795 4099 colloquens:
834 4047 852 4080 ι
883 4030 1144 4096 Obsecro,
1179 4030 1336 4098 dixit,
1373 4032 1604 4088 Domine
1625 4079 1639 4099 ,
1671 4034 1716 4088 si
1750 4035 2010 4092 invenero

434 4118 664 4185 gratiam
697 4118 838 4186 apud
872 4125 924 4171 te
946 4159 959 4178 .
994 4134 1062 4172 ne
1093 4128 1350 4176 transeas
1383 4137 1567 4175 coram
1600 4139 1760 4178 servo
1785 4135 1880 4180 tuo
1909 4136 1959 4182 1.
1987 4146 2005 4179 ι

439 4208 501 4261 Et
541 4209 697 4263 beata
733 4209 979 4265 Rebecca
1021 4209 1166 4264 beati
1203 4211 1505 4266 Abrahami
1541 4228 1697 4270 servo
1734 4235 1747 4270 :
1785 4236 1803 4268 ι
1843 4216 2008 4286 Bibe,

437 4301 612 4368 inquit
632 4344 645 4362 ,
677 4299 916 4364 domine,
943 4309 997 4353 et
1027 4301 1253 4356 camelis
1278 4303 1388 4356 tuis
1417 4304 1667 4358 hauriam
1690 4319 1958 4375 aquaml.
1985 4329 2003 4360 ι

438 4394 608 4457 Igitur
639 4392 742 4445 hoc
771 4393 939 4446 etiam
971 4392 1094 4446 loco
1128 4393 1381 4448 Dominus
1413 4411 1523 4449 non
1553 4412 1731 4452 rerum
1765 4404 2009 4455 omnium

2113 1931 2226 2000 ἐγὼ
2255 1931 2550 2001 ἠσθένησα,
2597 1930 2690 1984 καὶ
2712 1931 2756 1962 ’³
2806 1930 2914 1984 ἀπὸ
2961 1929 3056 1983 τοῦ
3102 1929 3200 1982 νῦν
3238 1930 3298 1983 ού
3333 1930 3574 1996 στήσεται
3613 1928 3664 1978 ὲν

2113 2024 2236 2091 ἐμοὶ
2269 2023 2438 2092 ἰσχὺς,
2481 2022 2574 2074 καὶ
2603 2022 2739 2092 πνοὴ
2769 2022 2868 2091 οὐχ
2893 2021 3194 2091 ὑπελείφθη
3229 2022 3288 2073 ἐν
3320 2019 3459 2089 ἐμοί.
3496 2038 3512 2069 ι
3547 2018 3660 2070 Θεα-

2114 2113 2349 2182 σάμενός
2389 2129 2455 2182 με
2480 2152 2493 2176 ,
2536 2113 2701 2183 φησὶ,
2751 2112 2913 2165 πάλιν
2943 2112 3184 2178 ἀγωνίας
3217 2110 3499 2164 ἀνάπλεων
3523 2149 3535 2173 ,
3567 2102 3662 2160 οἶόν

2111 2222 2216 2258 τινι
2258 2203 2570 2274 ἀνθρωπεία
2622 2204 2765 2272 χειρὶ
2811 2203 2920 2256 τῶν
2971 2201 3198 2272 χειλέων
3253 2219 3355 2272 μου
3393 2201 3660 2270 ἁψάμενος,

2111 2296 2380 2350 ἐντέθεικέ
2422 2314 2513 2366 μοι
2560 2295 2844 2361 διαλέξεως
2877 2295 3106 2366 δύναμιν
3133 2336 3148 2359 ,
3203 2295 3300 2348 καὶ
3333 2290 3479 2345 εἶπον
3515 2291 3658 2360 afluit.

2110 2389 2190 2442 ὅτι
2231 2390 2338 2443 Καὶ
2367 2390 2503 2459 μόνη
2535 2406 2629 2441 σου
2662 2390 2694 2460 ἡ
2742 2388 2946 2459 θεωρία
2990 2387 3279 2458 δυνάμεως
3337 2385 3434 2454 μὲν
3471 2384 3659 2452 ἁπάσης

2109 2482 2312 2554 ἔρημόν
2357 2499 2423 2553 με
2484 2482 2788 2551 κατέστησε
2811 2484 2878 2545 ⁸⁵,
2934 2479 3164 2550 θορύϐου
3223 2495 3284 2531 τε
3321 2477 3412 2531 καὶ
3444 2476 3660 2546 ταραχῆς

2108 2572 2206 2645 τὴν
2231 2573 2408 2644 ψυχὴν
2439 2573 2710 2644 ἀνέπλησε
2727 2574 2774 2604 ⁸⁵
2798 2614 2812 2639 ,
2858 2571 2952 2625 καὶ
2995 2572 3095 2641 τῆς
3127 2569 3404 2642 προτέρας
3439 2566 3660 2631 εὐταξίας

2109 2667 2202 2722 τὸν
2233 2665 2492 2736 λογισμὸν
2536 2665 2874 2737 ἐγύμνωσεν.
2925 2663 3210 2735 Τοσαύτην
3250 2662 3360 2732 γὰρ
3409 2660 3659 2715 ἀσθένειαν

2110 2755 2176 2807 ἐκ
2207 2753 2300 2807 τοῦ
2344 2755 2498 2817 δέους
2529 2755 2797 2825 ἐδεξάμην
2818 2795 2833 2816 ,
2865 2754 2942 2817 ὡς
2980 2753 3114 2824 μηδὲ
3155 2751 3406 2822 συνήθως
3436 2748 3664 2803 ἀναπνεῖν

2108 2845 2367 2899 δύνασθαι
2396 2845 2488 2898 τὸν
2516 2845 2655 2920 ἀέρα
2678 2863 2695 2880 ·
2746 2845 2863 2909 πῶς
2895 2840 2988 2898 οὖν
3017 2844 3321 2913 δυνήσομαι
3345 2883 3362 2908 ,
3391 2841 3423 2910 ἢ
3455 2837 3660 2890 συνιέναι

2107 2937 2216 2992 τῶν
2252 2939 2358 2992 ὑπὸ
2417 2939 2510 2992 σοῦ
2565 2938 2914 3010 λεγομένων,
2963 2937 2996 3007 ἢ
3036 2937 3335 3007 ἀπόκρισιν
3364 2933 3460 3004 τὴν
3484 2930 3660 3003 ἁρμότ-

2107 3047 2307 3084 τουσαν
2335 3030 2639 3084 ἀντιδοῦναι
2663 3045 2680 3096 ;
2708 3029 2912 3100 Μηδεὶς
2937 3028 2994 3081 δὲ
3018 3025 3316 3098 νομιζέτω,
3344 3025 3434 3077 τὸν
3458 3019 3660 3092 ὀφθέντα

2109 3123 2270 3179 αὐτὸν
2318 3119 2458 3175 εἶναι
2484 3121 2576 3175 τὸν
2625 3121 2930 3192 Δεσπότην,
2971 3119 3155 3188 ἐπειδὴ
3206 3119 3428 3186 Κύριον
3472 3109 3662 3168 αύτδνό

2110 3212 2310 3284 Δανιὴλ
2338 3211 2758 3285 προσαγορεύει.
2791 3204 2962 3275 υῦτος
3004 3210 3113 3281 γὰρ
3159 3209 3328 3272 αὐτὸς
3357 3209 3414 3260 ἐν
3443 3204 3516 3276 τῷ
3544 3203 3661 3256 τέλει

2109 3307 2206 3376 τῆς
2233 3305 2496 3370 ὀπτασίας
2522 3322 2535 3336 ο
2575 3323 2594 3356 ι
2643 3301 2975 3366 ’Δτνατείνας,
3009 3301 3198 3373 φησὶν,
3239 3301 3322 3363 είς
3347 3299 3436 3352 τὸν
3464 3293 3662 3366 οὐρανὸν

2109 3395 2209 3458 τὰς
2245 3398 2435 3467 χεῖρας
2472 3393 2675 3459 αὐτοῦ,
2729 3393 2946 3464 ὤμοσεν
2979 3393 3036 3444 ἐν
3069 3388 3147 3460 τῷ
3203 3389 3373 3454 ζῶντι
3420 3386 3609 3457 Κυρίῳ,
3641 3399 3657 3432 υ

2111 3487 2210 3557 τὴν
2235 3487 2479 3540 δουλείαν
2528 3485 2890 3554 εὐγνωμόνως
2927 3481 3485 3554 ὁμολογῶνηιίὐριον
3511 3475 3661 3529 τοίνυν

2111 3579 2274 3634 αὑτὸν
2307 3578 2573 3632 ἀποκαλεῖ
2593 3580 2660 3642 ³⁸,
2711 3577 2812 3646 ούχ
2857 3576 2934 3639 ὡς
2960 3574 3095 3627 Θεὸν
3115 3614 3130 3638 ,
3177 3572 3322 3627 ἀλλά
3369 3571 3526 3640 τιμὴν
3553 3569 3661 3620 ἀπο-

2111 3671 2290 3740 νέμων
2334 3671 2432 3740 τὴν
2464 3669 2868 3739 προσήκουσαν.
2915 3664 3027 3720 Kal
3075 3662 3186 3734 γὰρ
3221 3663 3383 3733 ἡμεῖς
3414 3661 3519 3721 τοῖς
3548 3659 3662 3709 ἐντιο

2115 3762 2364 3834 μοτέροις
2389 3762 2498 3814 τῶν
2525 3759 2828 3832 ἀνθρώπων
2857 3756 3254 3826 διαλεγόμενοι,
3287 3753 3460 3822 τούτῳ
3492 3747 3660 3818 κεχρῆ-

2115 3855 2238 3908 σθαι
2257 3852 2528 3922 εἰώθαμεν
2548 3851 2626 3923 τῷ
2644 3851 3015 3922 προσρήματι,
3038 3847 3232 3917 ὥσπερ
3255 3845 3350 3899 καὶ
3376 3848 3404 3899 ὁ
3428 3842 3660 3914 μακάριος

2125 3945 2375 4017 Ἀϐραὰμ
2413 3945 2538 4006 τοὺς
2572 3942 2840 4011 ἀγγέλους
2867 3940 2944 4002 ὡς
2976 3939 3175 4010 ἄνδρας
3207 3937 3553 4006 θεασάμενος,
3584 3931 3660 3984 καὶ

2114 4038 2188 4100 ὡς
2213 4035 2438 4109 ἀνδράσι
2481 4035 2860 4105 διαλεγόμενος
2883 4051 2900 4064 ·
2937 4052 2955 4084 ι
3003 4031 3202 4100 Δέομαι
3231 4069 3246 4095 ,
3284 4029 3450 4097 Κύριε
3475 4067 3488 4091 ,
3515 4021 3658 4083 εἶπεν,

2115 4131 2163 4181 εἰ
2196 4130 2303 4200 ἄρα
2335 4122 2500 4200 ηὗρον
2532 4127 2692 4198 χάριν
2723 4123 2967 4178 ἐναντίον
2996 4140 3090 4175 σου
3113 4164 3128 4186 ,
3171 4121 3248 4192 μὴ
3294 4119 3558 4189 παρέλθῃς
3584 4113 3658 4166 τὸν

2116 4219 2281 4273 παῖδά
2307 4219 2350 4249 ’⁸⁷
2384 4235 2499 4270 σου.
2538 4237 2556 4268 ›
2587 4217 2698 4270 Kal
2721 4218 2753 4286 ἡ
2782 4214 3028 4285 μακαρία
3048 4216 3093 4245 ⁸³
3128 4212 3395 4264 Ῥεϐέκκα
3415 4209 3486 4278 τῷ
3504 4206 3658 4274 οἰκέτῃ

2111 4314 2206 4364 τοῦ
2245 4310 2516 4381 μακαρίου
2563 4308 2852 4378 ’Δὸραάμο
2893 4325 2912 4356 ι
2962 4306 3058 4358 Πίε
3083 4345 3097 4369 ,
3142 4304 3316 4373 φησὶ,
3367 4301 3549 4371 κύριε,
3585 4295 3657 4348 καὶ

2113 4407 2232 4468 ταῖς
2261 4404 2526 4474 καμήλοις
2553 4418 2647 4454 σου
2677 4399 3030 4470 ὑδρεύσομαι.
3061 4417 3079 4448 ι
3105 4395 3317 4449 Οὐκοῦν
3345 4396 3434 4446 καὶ
3457 4387 3656 4444 ἐνταῦθα

437 4491 714 4536 aurtoretn
753 4484 1036 4554 signiﬁcat
1085 4484 1254 4538 Deum
1288 4502 1300 4537 :
1353 4489 1500 4556 quod
1533 4491 1775 4559 apertius
1806 4509 1868 4547 ex
1906 4494 2007 4549 line

2115 4497 2172 4548 τὸ
2225 4496 2442 4562 Κύριος
2487 4492 2548 4545 ού
2595 4491 2686 4546 τδν
2738 4491 2848 4542 τῶν
2882 4491 3019 4542 ὅλων
3073 4487 3331 4558 σημαίνει
3373 4485 3532 4538 Θεόνο
3580 4478 3656 4532 κιιί

437 4589 852 4640 ι-υκιιοςνιηηιιιε,
891 4575 1112 4628 interim
1143 4585 1323 4630 autem
1358 4579 1671 4634 inSIitutum
1705 4599 2007 4655 persequa-

439 4682 580 4718 Illlll'.

513 4756 674 4810 Vens.
703 4757 788 4820 18,
820 4759 900 4812 l9.
936 4777 953 4810 ι
982 4759 1047 4812 Et
1086 4759 1317 4826 addidit,
1357 4763 1556 4833 inquit,
1603 4776 1655 4820 et
1691 4768 1869 4839 tetigit
1922 4786 2006 4826 me

436 4849 653 4912 quidam
689 4849 860 4902 instar
887 4850 1150 4917 hominis,
1202 4863 1250 4909 et
1291 4859 1672 4913 corroboravit
1703 4877 1806 4926 me,
1837 4873 1891 4916 et
1925 4863 2010 4917 di-

441 4938 516 4988 xit
549 4938 680 4990 mihi
718 4937 831 4992 :Nc
881 4941 1095 5008 timeas,
1135 4944 1217 4997 vir
1259 4945 1683 5012 desideriorum,
1740 4967 1839 5020 pax
1889 4953 2011 5022 tibi,

2112 4585 2270 4639 τοῦτο
2322 4584 2656 4652 σαφέστερον
2707 4583 2770 4633 ἐκ
2834 4579 2928 4633 τοῦ
2985 4578 3177 4640 τέλους
3225 4570 3652 4645 γνωρισόμεθα⁹⁹ν

2112 4677 2248 4740 τέως
2279 4677 2335 4730 δέ
2365 4675 2465 4745 τῆς
2501 4673 2818 4734 ἀκολουθίας
2854 4669 3127 4740 ἐχώμεθα.

2184 4775 2275 4839 ιη’,
2309 4769 2396 4822 ιθν.
2437 4785 2454 4816 ι
2491 4767 2600 4820 Kal
2626 4763 2941 4835 προσέθετο,
2969 4763 3122 4831 φησι,
3148 4761 3244 4813 καὶ
3277 4755 3448 4827 ἣψατό
3477 4771 3568 4823 μου
3591 4751 3652 4810 ὠς

2106 4863 2293 4934 ὅρασις
2334 4857 2641 4930 ἀνθρώπου,
2712 4856 2806 4908 καὶ
2867 4853 3114 4924 ἐνίσχυσέ
3151 4869 3240 4922 με,
3277 4851 3371 4902 καὶ
3397 4843 3510 4899 εἶπέ
3542 4856 3649 4912 μοι·

2111 4955 2200 5025 Μὴ
2229 4952 2418 5022 φοϐοῦ,
2446 4951 2585 5020 ἀνὴρ
2614 4949 2658 4980 ³⁸
2691 4946 3020 5016 ἐπιθυμιῶν,
3051 4946 3242 5015 εἰρήνη
3287 4959 3388 5006 σοι,
3412 4935 3648 5007 ἀνδρίζου,

439 5026 668 5081 viriliter
691 5039 875 5098 agc,ct
897 5039 1016 5087 esto
1045 5034 1326 5090 robustus.
1357 5036 1499 5092 illoc
1530 5051 1632 5104 est,
1659 5058 1722 5095 ne
1741 5045 2007 5102 sollicitus

2119 5048 2214 5100 καὶ
2237 5046 2408 5116 ἴσχυε.
2439 5062 2458 5094 ι
2501 5041 2647 5094 Ἀντὶ
2699 5039 2792 5093 τοῦ
2815 5055 2828 5067 '
2885 5036 3068 5108 Μηδὲν
3110 5033 3447 5104 ἀγωνιάσῃςο
3470 5028 3525 5082 οὐ
3561 5025 3649 5094 γὰρ

438 5119 536 5184 sis,
573 5135 747 5186 neque
771 5122 914 5174 enim
949 5133 1004 5177 ut
1033 5125 1348 5182 detrimenti
1378 5131 1582 5202 aliquid
1623 5134 1720 5188 tibi
1760 5137 2008 5193 aﬂ'crrent

509 5279 536 5320 1
568 5270 700 5326 Gen.
726 5287 878 5339 xviii,
906 5275 958 5330 5.
1038 5288 1058 5315 ι
1087 5277 1220 5334 Gen.
1246 5297 1394 5348 xxw,
1429 5283 1516 5339 44.

2119 5139 2213 5192 ἐπὶ
2239 5137 2388 5207 λύμῃ
2418 5152 2511 5188 σου
2545 5131 2948 5206 παρεγενόμην,
2981 5128 3095 5182 ἀλλ’
3120 5127 3261 5180 ὥστε
3289 5121 3536 5194 γνωρίσαι
3561 5132 3644 5176 σοι.

1751 5441 1985 5498 νΑηιΑε
2021 5439 2422 5497 LECTIONES.

537 5524 986 5619 ¹1-[ἶ-ἀρχήν;¹ῑιι
1008 5530 1248 5619 lllzll‘gllle
1283 5534 1490 5619 ἀρχειν.
1531 5537 1617 5619 ﬁ"
1649 5537 1727 5614 ἐλ.
1758 5537 1887 5619 _et
1915 5535 2155 5619 I_l_przepi.
2179 5537 2272 5619 καὶ
2303 5533 2492 5619 liquetia.
2518 5535 2939 5619 tb‘otdﬁa-‘pou.
2961 5602 2972 5619 ρ
3021 5532 3061 5619 ις
3097 5530 3136 5584 Α

446 5606 481 5647 Α
517 5606 766 5664 ὀπτασίᾳ..
871 5606 910 5625 ³⁸
957 5606 994 5648 Λ
1037 5606 1211 5667 ἔσχον.
1289 5607 1333 5634 ³³
1372 5621 1493 5671 μου.
1531 5606 1654 5660 Des.
1691 5607 1744 5658 in
1789 5606 1846 5659 Β.
1925 5606 1970 5636 ⁸³
2001 5606 2122 5674 ἡσθ.
2160 5606 2274 5658 καί.

444 5665 621 5746 ψυχήν
672 5682 771 5746 ppu
830 5665 1160 5746 ἐπξῄρωσεν.
1238 5673 1453 5727 ’⁸ἀτῑοκ
1542 5675 1578 5728 ll
1621 5693 1806 5746 prann.
1857 5676 1884 5727 ὀ
1947 5675 2140 5745 Δανιὴλ
2238 5677 2274 5706 ²τ

446 5603 481 5671 z_\
517 5596 766 5671 ὀπτασίᾳ.
833 5666 844 5671 _
871 5596 912 5671 ’ξ
944 5599 994 5671 ’Λ
1037 5596 1211 5667 ἔσχον.
1289 5596 1493 5671 "pou.
1531 5605 1654 5660 Des.
1691 5607 1744 5658 in
1789 5605 1846 5659 Β.
1925 5606 1970 5636 ⁸³

447 5733 788 5801 γνωσόμεθα.
868 5735 911 5764 ³ο
950 5736 986 5788 Il
1016 5737 1160 5807 ἄνερ.

3507 5522 3545 5551 ³⁸
3565 5520 3632 5569 Ila.

2705 5551 2778 5602 μα
2816 5549 2939 5600 μου.
3021 5535 3061 5563 ¹⁹
3097 5535 3136 5584 Α
3161 5539 3212 5584 et
3237 5535 3436 5580 Βειπα.
3507 5535 3632 5586 "op.

2705 5605 2749 5634 “
2779 5602 2819 5654 Β
2851 5619 2917 5670 με
2950 5601 3221 5670 ἀπέφηνεν
3251 5598 3461 5670 ἔρημον.

2372 5621 2450 5657 es.
2482 5606 2532 5658 in
2565 5611 2625 5657 A.

2911 5672 2955 5700 ²⁸
3005 5656 3136 5740 μοίκῖ
3188 5667 3223 5720 Β
3255 5656 3370 5721 ειίΙιΪ.
3406 5663 3473 5717 δέ.
3543 5661 3576 5689 ³³
3603 5656 3636 5706 Β

2238 5677 2279 5706 ²⁷
2324 5677 2503 5728 παῖδα.
2555 5673 2593 5726 Β
2631 5673 2830 5726 δοῦλον.
