3912 6206
320 380 447 449 1501

1483 392 1566 453 IN
1600 394 1961 455 DANIELIS
1998 396 2159 457 CAP.
2188 398 2294 458 XI.

3443 400 3582 467 1502

312 501 350 555 ἃ
379 496 577 567 μαθεῖν
604 494 957 566 ἐπεθύμησας
978 513 994 529 ⁸
1022 496 1084 551 τὸ
1108 498 1228 561 δέος
1256 498 1437 553 τοίνυν
1460 500 1773 571 ἀπορρίψας
1794 502 1890 554 ἀν-

2016 511 2141 558 stuc
2179 504 2328 569 veni,
2369 504 2465 561 sed
2506 512 2567 560 ut
2598 520 2662 560 ea
2699 505 2795 562 tibi
2833 505 3156 571 indicarem,
3201 522 3322 578 qua:
3367 509 3583 568 discere

312 586 521 656 ὂρίζου,
553 587 650 640 καὶ.
687 586 862 656 ἴσχυε.
899 586 1010 640 Kal
1056 586 1136 658 τῷ
1194 585 1433 670 Romae?)
1483 584 1646 658 ἔργον
1694 590 1897 658 ἐπηκο-

315 677 569 748 λούθησε.

385 776 469 835 κ’,
529 776 638 825 xa’.
677 789 696 823 ι
751 769 867 825 Kal
916 769 976 823 δν
1045 767 1124 840 τῷ
1172 768 1437 839 λαλῆσαι,
1483 768 1672 839 φησὶν,
1734 766 1898 821 αὑτὸν

320 861 437 932 μετ’
468 859 632 932 ἐμοῦ,
649 860 909 931 ἐνίσχυσα
928 859 997 924 ⁸⁸,
1031 860 1130 914 καὶ⁸
1155 856 1309 913 εἷπον
1332 876 1347 891 ·
1376 858 1622 913 Δαλείτω
1644 860 1673 913 ὁ
1692 857 1899 928 Κύριός

320 969 446 1022 μου,
489 952 573 1006 ὅτι
616 951 906 1022 ἆνίσχυσάς
950 968 1050 1023 με.
1097 951 1207 1005 Kal
1235 947 1427 1005 εἷπενο
1458 951 1525 1006 Ei
1571 945 1721 1014 οἶδας
1767 948 1824 1003 τί
1849 948 1895 980 ³⁸

317 1041 480 1115 ἦλθον
507 1044 644 1116 πρὸς
677 1044 909 1110 σάςΚαὶ
957 1042 1056 1098 νῦν
1086 1043 1401 1115 ἐπιστρέψω
1450 1042 1546 1096 τοῦ
1589 1041 1899 1112 πολεμῆσαι

324 1137 462 1207 μετὰ
490 1136 587 1190 τοῦ
607 1136 867 1208 ἄρχοντος
894 1135 1122 1207 Περσῶν
1144 1153 1159 1169 ο
1193 1136 1289 1188 καὶ
1325 1134 1438 1203 ἐγὼ
1469 1133 1897 1205 ὲξεπορευόμην,

323 1231 420 1284 καὶ
437 1230 466 1283 δ
486 1229 672 1301 ἄρχων
690 1227 803 1282 τῶν
844 1225 1113 1298 Ἐλλήνων
1132 1226 1350 1298 ήρχετο.
1387 1224 1528 1279 Ἀλλ’
1548 1224 1582 1295 ἢ
1613 1222 1900 1292 ἀναγγελῶ

323 1337 408 1374 σοι
440 1320 502 1374 τὸ
526 1317 860 1389 τεταγμένον
891 1319 950 1371 ὲν
977 1318 1165 1389 Γραφῇ
1204 1316 1487 1388 ἀληθείας,
1510 1317 1608 1373 καὶ
1629 1316 1731 1369 οὐκ
1750 1314 1901 1368 ἔστιν

321 1409 405 1477 εἷς
435 1413 796 1482 ἀντεχόμενος
852 1411 970 1481 μετ’
1000 1409 1136 1480 ἐμοῦ
1191 1411 1324 1482 περὶ
1379 1408 1584 1463 τούτων
1612 1407 1681 1471 ³³,
1717 1406 1832 1461 ἀλλ’
1862 1406 1897 1477 ή

322 1503 542 1574 Μιχαὴλ
578 1505 607 1557 ό
632 1503 814 1573 ἀρχων
850 1502 1004 1572 ὑμῶν
1025 1501 1095 1555 ³⁸.
1129 1501 1234 1554 »Τί
1279 1502 1479 1571 δήποτε
1537 1498 1666 1570 γὰρ,
1714 1497 1899 1567 φησιν,

319 1596 468 1665 ἒναῆ
498 1595 592 1649 δύο
618 1595 784 1662 λέγω.
813 1593 906 1646 τόν
939 1610 999 1646 τε
1038 1592 1264 1664 Περσῶν
1287 1593 1545 1663 ἄρχοντα,
1578 1591 1611 1661 ἢ
1650 1589 1759 1643 τῶν
1784 1588 1901 1642 Ἐλ-

318 1689 534 1751 λήνων;
570 1687 759 1749 Οὐδεὶς
784 1686 895 1757 γὰρ
925 1685 1036 1738 τῶν
1078 1684 1417 1755 ἐπουρανίων
1463 1682 1748 1752 δυνάμεων
1780 1679 1901 1750 βού-

318 1777 478 1833 λεταί
507 1795 651 1842 τινος
686 1775 892 1844 ἀγαθοῦ
918 1776 1009 1830 τὸν
1038 1775 1303 1845 ὑμέτερον
1337 1776 1525 1843 τυχεῖν
1566 1773 1717 1832 λαὸν,
1748 1771 1899 1827 ﬁta”

316 1872 422 1944 τὴν
454 1872 656 1941 πολλὴν
698 1868 942 1940 δηλονότι
979 1866 1350 1939 παρανομίαν,
1396 1865 1431 1936 ἢ
1468 1865 1626 1936 μόνος
1659 1864 1897 1935 Μιχαὴλ,
1930 1849 1973 1904 Β

316 1962 506 2034 δςτὴν
574 1963 844 2034 ὑμετέραν
896 1958 1235 2030 ἐνεχειρίσθη
1299 1957 1651 2029 κηδεμονίαν.
1714 1954 1789 2009 Τὸ
1845 1956 1903 2010 δὲ

317 2054 688 2125 πολεμῆσαι,
740 2053 862 2107 ἀντὶ
911 2051 1030 2114 τοῦ,
1083 2047 1496 2118 διαλεχθῆναι,
1552 2048 1648 2102 καὶ
1702 2047 1906 2102 πεῖσαι

316 2147 589 2209 τέθεικεν,
617 2146 788 2212 δείξαι
815 2142 1143 2215 βουλόμενος
1194 2142 1295 2210 τήν
1327 2157 1385 2193 τε
1427 2138 1641 2192 ἐκείνου
1686 2139 1904 2192 δικαίαν

319 2238 469 2292 κατά
498 2238 594 2290 τοῦ
617 2236 748 2291 λαοῦ
776 2235 1168 2305 ἀγανάκτησιν,
1203 2233 1298 2286 καὶ
1319 2232 1418 2302 τὴν
1456 2230 1621 2285 αὑτοῦ
1660 2231 1789 2299 περὶ
1817 2229 1906 2283 τὸν

315 2330 453 2383 λαὸν
496 2328 733 2382 εὔνοιαν.
788 2327 951 2389 Εἰκὸς
995 2327 1052 2379 δὲ
1109 2325 1204 2379 τὸν
1231 2323 1615 2394 διαλεγόμενον
1637 2318 1774 2375 εἶναι
1814 2322 1906 2374 τὸν

317 2422 483 2490 ἆγιον
505 2420 771 2491 Γαδριήλ*
820 2414 976 2483 οὗτος
1026 2418 1137 2490 γὰρ
1166 2417 1318 2488 αὐτῷ
1354 2416 1449 2470 καὶ
1471 2415 1572 2488 ήδη
1599 2415 1698 2478 τάς
1738 2415 1907 2477 ἄλλοις

315 2512 702 2581 ἀποκαλύψεις
744 2512 1076 2583 ἡρμήνευσε.

918 2603 1165 2656 ΚΕΦΔΛ.
1207 2602 1309 2654 IA'.

398 2704 470 2754 a'.
506 2717 526 2750 ι
555 2697 666 2752 Kal
692 2696 907 2763 ἐγένετο
965 2694 1031 2757 ³⁸,
1073 2693 1257 2765 φησὶν,
1311 2692 1369 2744 ὲν
1413 2690 1522 2744 ἔτει
1557 2688 1758 2761 πρώτῳ
1790 2687 1903 2740 Κύ-

323 2804 452 2856 μου,
473 2784 636 2857 ἔστην
663 2788 744 2849 είς
787 2784 991 2855 κράτος
1029 2784 1127 2837 καὶ
1182 2780 1337 2852 ἰσχύν
1363 2780 1427 2834 ³⁷.
1469 2798 1489 2832 ι
1531 2778 1725 2842 Εὐθὺς,
1750 2777 1906 2847 φησι,

320 2877 425 2932 τοῦ
454 2876 638 2949 Κύρου
676 2875 1119 2948 βασιλεύσαντος,
1144 2875 1245 2927 καὶ
1280 2871 1375 2926 τοῦ
1410 2873 1538 2942 ὅρου
1594 2869 1696 2941 τῆς
1740 2872 1909 2938 αἰχμ-

323 2972 570 3034 αλωσίας
600 2968 1116 3041 συμπληρωθέντος,
1135 2967 1372 3036 ἀνέστην
1396 2963 1501 3026 ἓως
1515 2956 1577 3016 06
1605 2961 1703 3030 τὴν
1716 2962 1910 3030 ἄφεσιν

319 3062 410 3133 τῷ
435 3061 552 3133 λαῷ
580 3061 674 3115 καὶ
706 3061 806 3131 τὴν
839 3057 1157 3130 ιλευθερίαν
1187 3052 1762 3127 ἐπραγματευσάμην.

406 3153 472 3224 β’.
512 3170 532 3205 r
567 3153 677 3206 Kal
698 3151 796 3205 νῦν
852 3146 1141 3217 ἀναγγελῶ
1191 3164 1279 3200 σοι
1312 3143 1592 3220 ἀλήθειαν.
1623 3163 1640 3195 ι
1668 3143 1824 3210 Λέγω
1849 3140 1905 3194 δέ
1932 3185 1974 3245 c

328 3262 420 3299 σοι
462 3243 601 3316 μετὰ
658 3243 920 3314 ἀληθείας
968 3241 1039 3294 τά
1077 3238 1331 3309 ἐσόμενα.
1384 3254 1404 3288 t
1458 3236 1588 3289 Ἰδοὺ
1633 3233 1713 3288 ἔτι
1758 3235 1906 3304 τρεῖς

330 3338 579 3409 βασιλεῖς
600 3335 648 3368 ⁸⁸⁸
678 3335 1073 3406 ἀναστήσονται
1112 3334 1170 3386 ὲν
1195 3334 1262 3400 τῇ
1290 3328 1535 3401 Περσίδι.
1575 3349 1592 3378 ι
1618 3326 1773 3381 Μετὰ
1795 3325 1908 3380 K6-

331 3445 431 3500 ρον
452 3428 768 3482 ιὸασίλευσε
800 3423 1105 3496 Καμϐύσης
1127 3441 1141 3453 ·
1173 3422 1363 3476 τοῦτον
1385 3421 1436 3475 0i
1466 3419 1648 3487 Μάγοι
1669 3417 1909 3484 διαδεξά-

336 3536 513 3591 μενοι,
540 3519 670 3573 δέκα
723 3517 899 3589 μῆνας
945 3514 1335 3568 ὲ6ασίλευσαν’
1372 3511 1488 3583 μετ’
1511 3510 1752 3575 ἐκείνους
1802 3511 1906 3562 Δα-

336 3615 483 3684 ρεῖος
510 3611 538 3662 ὁ
574 3609 907 3663 Ὑστάσπου.
940 3626 959 3660 ι
996 3606 1107 3659 Kal
1135 3605 1164 3658 ὁ
1209 3603 1490 3672 τέταρτος,
1538 3603 1691 3673 φησι,
1744 3601 1909 3655 πλου-

335 3704 495 3772 τήσει
525 3699 755 3753 πλοῦτον
809 3697 982 3768 μέγαν
1031 3693 1185 3764 παρά
1233 3695 1461 3758 πάντας.
1499 3713 1519 3744 ι
1555 3693 1660 3746 Τὸν
1705 3691 1911 3763 Ξέρξην

335 3794 509 3861 λέγει.
541 3792 634 3845 τὸν
661 3791 756 3844 τοῦ
801 3788 1029 3858 Δαρείου
1063 3787 1199 3839 υἱόν.
1242 3804 1261 3837 ι
1295 3785 1407 3839 Kal
1444 3783 1582 3855 μετά
1608 3784 1671 3836 τὸ
1703 3782 1913 3852 κρατῆ-

340 3900 436 3938 σαι
463 3883 622 3938 αὐτὸν
690 3881 783 3935 τοῦ
836 3878 1066 3933 πλούτου
1106 3879 1171 3941 ³³,
1221 3877 1656 3947 ἐπαναστήσεται
1711 3875 1913 3936 πάσαις

1999 597 2309 666 concupisti
2345 615 2359 651 :
2388 596 2608 666 abjecto
2648 597 2833 667 itaque
2868 607 3040 661 metu,
3076 599 3256 653 virum
3292 607 3367 667 te,
3394 611 3446 656 et
3471 600 3582 657 for-

1997 697 2104 744 tem
2145 689 2411 759 praebeas.
2442 690 2509 744 Et
2532 690 2760 745 verbum
2806 704 2896 745 res
2928 699 3015 745 est
3045 699 3374 747 consecuta.

2068 780 2241 837 Vsus.
2286 781 2380 842 90.
2430 782 2522 836 2L
2566 799 2584 832 ι
2611 781 2674 835 Et
2697 796 2823 836 eum
2852 783 2967 853 ipse
3000 796 3213 838 mecum
3246 783 3581 854 loqueretur,

1998 872 2200 942 inquit,
2223 873 2616 929 corroboratus
2655 889 2802 939 sum,
2847 881 2905 928 et
2950 873 3063 928 disi
3100 892 3115 929 :
3169 872 3449 944 Loquatur
3474 875 3584 930 Do-

1999 961 2184 1017 minus
2206 962 2420 1034 1m
2438 977 2611 1026 meus,
2632 962 2760 1033 quia
2778 961 3147 1017 corroborasti
3162 963 3182 985 ⁴
3196 977 3303 1018 me.
3323 961 3390 1016 Et
3405 962 3545 1018 dixit
3566 980 3581 1016 :

2002 1055 2158 1109 Anne
2186 1056 2355 1119 nosti,
2379 1069 2483 1109 cur
2502 1055 2744 1111 venerim
2767 1054 2835 1109 ad
2855 1062 2910 1108 te
2925 1054 2951 1107 ἲ
2973 1061 3028 1108 et
3049 1068 3198 1109 nunc
3226 1065 3493 1114 revertar,
3526 1062 3586 1107 ut

2002 1147 2224 1217 prwlier
2240 1161 2366 1201 cum
2393 1146 2638 1218 principe
2670 1144 2961 1202 Persarum
2999 1162 3013 1200 :
3047 1156 3094 1201 et
3118 1161 3220 1217 ego
3245 1147 3583 1219 egrediebar,

2000 1248 2055 1293 et
2084 1238 2340 1308 princeps
2369 1237 2684 1294 Graecorum
2716 1239 2985 1293 veniebat.
3042 1237 3429 1293 Verumtamen
3486 1252 3587 1292 an-

2001 1329 2265 1384 nuntiabo
2294 1330 2391 1384 tibi
2443 1330 2494 1384 id
2516 1330 2662 1401 quod
2704 1330 3062 1385 constitutum
3106 1336 3191 1384 est
3217 1331 3270 1382 in
3300 1328 3585 1399 Scriptura

2004 1419 2269 1484 veritatis,
2288 1427 2342 1474 ct
2361 1433 2518 1475 nemo
2531 1425 2617 1474 est
2639 1419 2734 1490 qui
2760 1419 2968 1474 auxilio
2987 1427 3135 1475 esset
3153 1420 3280 1472 mibi
3316 1420 3371 1473 in
3404 1419 3584 1472 omni-

2004 1511 2105 1565 lms
2128 1510 2236 1576 bis,
2258 1509 2364 1565 nisi
2384 1508 2608 1565 Ilicbael
2630 1510 2888 1580 princeps
2905 1515 3099 1563 vester.
3129 1528 3148 1561 ι
3168 1509 3279 1563 Cur
3297 1509 3465 1571 enim,
3501 1508 3587 1562 in—

1994 1601 2144 1670 quit,
2163 1615 2332 1654 unum
2364 1609 2457 1653 aut
2475 1599 2584 1654 duo
2605 1601 2805 1662 dicam,
2827 1598 3116 1654 Persarum
3142 1599 3467 1669 principem,
3491 1606 3586 1651 aut

2002 1691 2317 1747 Grmcorum
2344 1691 2367 1744 '3
2398 1689 2674 1762 Siquidem
2721 1692 2870 1746 nulla
2913 1701 3238 1762 potestatum
3278 1692 3583 1747 caelestium

2003 1788 2261 1858 populum
2282 1796 2522 1843 vestrum
2546 1786 2674 1841 boni
2712 1785 2942 1854 alicujus
2960 1796 3264 1855 compotem
3296 1785 3412 1839 vult
3444 1784 3583 1848 ileri,

2002 1887 2224 1950 propter
2241 1880 2408 1932 multa
2436 1878 2688 1933 videlicet
2733 1879 2962 1941 scelera,
3013 1878 3119 1931 nisi
3150 1877 3307 1931 solus
3332 1874 3582 1938 Michael,

2002 1972 2088 2025 cui
2116 1979 2293 2027 vestra
2316 1970 2485 2023 tutela
2516 1968 2724 2023 credita
2752 1977 2856 2023 est.
2894 1968 3147 2022 Praeliari
3178 1983 3308 2022 vero
3339 1982 3439 2037 pro
3472 1967 3586 2021 dis-

2003 2078 2176 2117 serere
2205 2076 2267 2114 ac
2293 2063 2611 2131 persuadere
2628 2062 2830 2130 posuit,
2854 2075 2977 2114 eum
3002 2060 3292 2115 ostendere
3332 2058 3490 2113 vellet
3517 2058 3585 2110 il-

2011 2154 2118 2208 lius
2142 2153 2347 2222 justam
2383 2161 2575 2207 contra
2592 2152 2850 2221 pupulum
2877 2151 3325 2221 indignationem,
3349 2158 3404 2203 et
3428 2163 3585 2204 suam

2004 2259 2133 2313 erga
2171 2242 2424 2298 eumdem
2472 2242 2731 2311 populum
2772 2240 3227 2295 benevolentiam.
3269 2240 3370 2294 Est
3405 2247 3585 2292 autem

2004 2336 2302 2391 verisimile
2330 2349 2478 2400 eum,
2517 2333 2612 2403 qui
2644 2332 2972 2395 disserebat,
3023 2338 3273 2388 sanctum
3311 2346 3432 2386 esse
3481 2331 3591 2384 Ga-

2008 2428 2259 2490 brielem,
2289 2426 2519 2497 quijani
2553 2427 2691 2482 alias
2716 2426 2881 2481 etiam
2928 2424 3290 2480 revelationes
3349 2423 3453 2493 ipsi
3499 2421 3587 2476 in—

2008 2526 2345 2589 terpretatus
2381 2524 2523 2572 erat.
3018 2588 3022 2592 '

2599 2606 2828 2664 CAPUT
2865 2605 2956 2661 XI.

2090 2702 2253 2756 Vens.
2291 2701 2343 2755 1.
2394 2699 2505 2753 «Et
2557 2699 2762 2753 factum
2816 2706 2926 2760 est,
2974 2696 3173 2766 inquit,
3232 2708 3377 2748 anno
3415 2693 3591 2763 primo

2006 2790 2156 2863 Gyri,
2178 2789 2301 2847 steti
2324 2790 2379 2844 in
2407 2787 2786 2844 fortitudinem
2822 2797 2877 2842 et
2900 2787 3089 2841 robur.
3105 2804 3124 2836 ι
3145 2784 3367 2848 Statim,
3385 2782 3589 2852 inquit,

2009 2897 2135 2939 cum
2166 2880 2348 2952 Cyrus
2385 2895 2557 2952 regno
2596 2879 2820 2951 potitus,
2864 2887 2917 2933 et
2946 2877 3214 2931 terminus
3255 2872 3590 2942 captivitatis

2006 2973 2257 3044 expletus
2280 2979 2445 3035 esset,
2479 2971 2678 3037 institi,
2719 2969 2896 3025 donec
2936 2967 3227 3032 efficerem,
3268 2972 3325 3019 ut
3357 2964 3592 3036 populus

2008 3066 2276 3122 dimissus
2325 3065 2379 3118 in
2423 3063 2728 3118 libertatem
2774 3059 3164 3116 vindicaretur.

2082 3156 2250 3212 Vsus.
2272 3154 2329 3213 ‘2.
2370 3172 2388 3206 ι
2416 3153 2485 3210 Et
2513 3168 2662 3207 nunc
2706 3150 3045 3205 annuntiabo
3082 3147 3183 3205 tibi
3226 3146 3537 3202 veritatem.
3566 3161 3586 3198 ι

2009 3248 2147 3304 Vere
2175 3235 2270 3302 tibi
2310 3245 2436 3300 dico
2459 3260 2582 3315 quae
2625 3243 2808 3298 futura
2855 3242 2989 3297 sint.
3029 3265 3050 3294 ι
3094 3242 3237 3295 Ecce
3271 3238 3450 3294 adhuc
3479 3243 3593 3291 tres

2006 3354 2164 3410 reges
2201 3345 2430 3408 surgent
2455 3336 2512 3390 in
2552 3333 2794 3390 Perside.
2833 3352 2854 3386 ι
2906 3330 3039 3387 Post
3058 3330 3258 3401 Cyrum
3288 3328 3593 3396 Cambyses

2005 3430 2272 3502 regnavit,
2305 3426 2463 3497 cujus
2481 3440 2836 3482 successores
2861 3422 3001 3492 magi
3034 3436 3132 3493 per
3158 3420 3345 3475 decem
3374 3432 3593 3473 menses

2007 3538 2175 3595 regno
2205 3521 2364 3593 potiti
2397 3531 2544 3586 sunt,
2588 3527 2711 3588 post
2749 3518 2872 3573 illos
2906 3515 3104 3570 Darius
3141 3512 3443 3585 Hystaspis.
3471 3530 3490 3561 ι
3527 3511 3595 3563 Ει

2008 3627 2264 3686 quartus,
2320 3612 2533 3683 1867
2589 3610 2790 3680 inquit,
2839 3608 3068 3665 ditcscet
3123 3605 3333 3662 divitiis
3375 3607 3590 3672 magnis

2010 3720 2176 3776 super
2209 3719 2465 3759 omnes.»
2495 3700 2739 3766 Xerxes,
2789 3699 2856 3755 de
2909 3713 3019 3768 quo
3066 3697 3153 3753 hic
3198 3696 3461 3767 loquitur,
3507 3703 3593 3749 est

2010 3797 2156 3851 Darii
2188 3796 2351 3851 filius.
2390 3812 2409 3846 ι
2435 3792 2502 3846 Ει
2537 3800 2821 3863 postquam
2845 3792 2963 3861 ipse
2992 3788 3293 3843 obtinuerit
3346 3786 3594 3851 divitias,

2008 3884 2257 3955 insurget
2273 3884 2327 3937 in
2349 3883 2531 3936 omnia
2548 3894 2711 3949 regna
2734 3878 3066 3936 Graecorum.
3090 3876 3292 3948 iHujtts
3313 3878 3475 3933 etiam
3500 3892 3596 3931 ex-

333 3976 462 4037 ταῖς
494 3973 541 4010 ⁸⁸
576 3970 873 4043 βασιλείαις
927 3969 1038 4023 τῶν
1071 3969 1360 4038 Ἑλλήνων.
1395 3986 1414 4018 ι
1447 3965 1652 4021 Τούτου
1701 3967 1799 4020 καὶ
1863 3966 1906 4017 ol

2011 3978 2114 4033 teri
2158 3992 2225 4032 ac
2271 3974 2487 4046 profani
2542 3973 2825 4039 historici,
2870 3973 3191 4043 scriptores,
3234 3971 3599 4042 sophista,et

341 4067 451 4133 ἔξω
467 4065 562 4119 τοῦ
587 4064 711 4119 καθ’
747 4065 894 4135 ἡμᾶς
939 4062 1098 4130 λόγου
1143 4061 1547 4133 ίστοριογράφοι
1575 4075 1634 4112 τε
1661 4060 1755 4112 καὶ
1784 4074 1906 4125 συγ-

2013 4077 2262 4125 oratores
2297 4067 2689 4130 meminerunt,
2712 4064 2809 4136 qui
2851 4073 3081 4120 narrant
3135 4072 3189 4120 et
3216 4063 3366 4118 illius
3401 4077 3598 4130 super-

342 4159 598 4229 γραφεῖς,
654 4156 904 4225 σοφισταί
942 4172 1003 4208 τε
1064 4154 1157 4208 καὶ
1188 4155 1416 4226 ῥήτορες
1462 4152 1790 4223 μέμνηνται,
1822 4150 1906 4202 καὶ

2012 4162 2137 4216 bam
2172 4176 2295 4216 cum
2320 4159 2566 4214 exercitu
2592 4157 3011 4228 profectionem,
3042 4164 3098 4211 et
3134 4155 3428 4210 ridiculum
3478 4152 3594 4205 dis-

342 4248 658 4319 διηγοῦνται
688 4247 852 4302 αὑτοῦ
875 4249 976 4318 τήν
1006 4264 1066 4300 τε
1098 4247 1448 4317 ὑπερήφανον
1484 4242 1792 4313 στρατείαν,
1824 4243 1906 4295 καῖ

2015 4268 2253 4309 cessum.
2306 4251 2444 4306 Tum
2481 4266 2662 4319 usque
2695 4250 2762 4302 ad
2795 4250 2976 4319 ipsum
3022 4247 3338 4304 summatim
3382 4242 3597 4297 traditis

343 4340 444 4409 τὴν
493 4337 897 4406 καταγέλαστον
949 4333 1315 4404 ἀναχώρησιν.
1344 4327 1479 4385 Εἶτα
1521 4331 1712 4400 μέχρις
1752 4328 1906 4381 αὐτοῦ

2016 4338 2256 4393 Persicis
2281 4338 2481 4400 rebus,
2507 4344 2563 4391 et
2587 4336 2655 4390 iis
2689 4335 2784 4404 qui
2819 4343 2944 4405 post
2970 4334 3151 4403 ipsum
3182 4336 3503 4402 regnarunt,
3537 4338 3598 4382 ut

341 4432 416 4484 τά
440 4430 685 4501 Περσικά
749 4430 807 4481 ὲν
858 4427 1140 4497 κεφαλαίῳ
1189 4425 1425 4488 διδάξας,
1462 4423 1718 4485 καὶτοὺς
1781 4421 1906 4491 μετὰ

2019 4433 2111 4502 qui
2158 4430 2547 4484 imbecilliores
2600 4435 2782 4492 erant,
2845 4423 3089 4490 omissis,
3142 4422 3211 4478 ad
3250 4420 3597 4476 Macedonem

341 4521 538 4575 τοῦτον
570 4520 1015 4591 βασιλεύσαντας,
1048 4518 1123 4580 ὼς
1155 4515 1577 4584 ἀσθενεστέρους
1614 4513 1906 4583 γεγενημέ-

2028 4522 2315 4578 transtulit
2365 4520 2695 4575 orationem.
2912 4512 2923 4522 ’

344 4630 495 4677 νους,
517 4611 855 4674 καταλιπὼν,
878 4610 973 4665 ὲπὶ
1019 4609 1110 4663 τὸν
1157 4607 1444 4665 Μακεδόνα
1476 4605 1567 4660 τὸν
1601 4604 1758 4673 λόγον
1791 4620 1914 4673 μετο

344 4704 572 4776 ήνεγκε,
606 4704 700 4757 καί
735 4720 868 4773 φησι
890 4719 907 4737 ο
2004 4744 2009 4747 .

422 4802 492 4864 γ’,
519 4793 580 4848 δ’.
622 4812 642 4847 ι
681 4795 790 4851 Kal
850 4794 1217 4863 ἀναστήσεται
1277 4791 1531 4863 βασιλεὺς
1558 4787 1799 4852 δυνατὸς,
1829 4786 1906 4843 κα¹

2102 4786 2267 4844 Vens.
2290 4786 2345 4852 5,
2366 4786 2452 4841 4.(
2481 4784 2549 4839 Ει
2576 4791 2891 4854 consurget,
2919 4779 3118 4851 inquit,
3150 4794 3247 4834 rex
3287 4784 3480 4849 potens
3499 4815 3516 4840 ,
3549 4783 3603 4830 et

348 4886 635 4958 κυριεύσει
688 4885 913 4958 κυρείας
966 4884 1188 4953 πολλῆς,
1253 4883 1347 4936 καὶ
1403 4883 1622 4950 ποιήσει
1681 4880 1823 4933 κατὰ
1865 4879 1906 4931 τί

2030 4880 2336 4935 dominium
2396 4877 2618 4932 habebit
2669 4889 2949 4945 magnum,
2986 4882 3042 4927 et
3095 4870 3258 4926 faciet
3301 4872 3601 4925 secundum

348 4975 569 5045 θέλημα
615 4974 803 5030 αὑτοῦ.
860 4976 973 5029 Kal
1028 4976 1123 5028 ἐὰν
1167 4975 1208 5008 ⁵⁸
1242 4976 1341 5046 στῇ
1398 4975 1432 5043 ἡ
1478 4972 1723 5042 βασιλεία
1762 4971 1906 5024 αὐτοί

2031 4972 2373 5026 voluntatem
2415 4984 2592 5024 suam.
2643 4965 2859 5020 Etcum
2912 4963 3133 5019 steterit
3186 4977 3411 5033 regnum
3460 4961 3602 5031 ejus,

350 5066 797 5138 GUVTptGﬁO'E‘Bat,
827 5067 924 5121 καὶ
951 5066 1356 5137 διαιρεθήσεται
1380 5066 1461 5128 είς
1497 5065 1623 5126 τοὺς
1646 5062 1906 5133 τέσσαρας

2027 5070 2362 5122 conteretur.
2394 5068 2448 5115 et
2487 5057 2765 5113 dividetur
2787 5057 2842 5111 in
2873 5063 3110 5124 quatuor
3136 5055 3154 5074 '
3182 5060 3374 5109 ventos
3406 5051 3554 5106 coeli.
3581 5069 3600 5100 ι

352 5160 590 5229 ἀνέμους
633 5159 726 5213 τοῦ
786 5159 1036 5230 ούρανοῦ.
1074 5178 1093 5210 ι
1143 5157 1249 5210 Τοῦ
1298 5155 1408 5228 γάρ
1453 5155 1824 5224 Ἀλεξάνδρου,
1849 5153 1906 5215 Lb;

2030 5153 2338 5209 Alexandro
2361 5152 2527 5216 enim,
2560 5148 2745 5218 utjatn
2775 5154 2900 5202 ante
2921 5144 3180 5215 diximus,
3232 5159 3447 5199 omnem
3476 5158 3605 5213 pro-

354 5253 453 5307 καὶ⁹
489 5252 590 5323 ήδη
620 5252 1048 5323 προειρήκαμεν,
1077 5248 1174 5319 τὴν
1205 5248 1443 5317 ἀπάσης,
1475 5246 1549 5308 ὡς
1578 5245 1705 5308 ἔπος
1729 5247 1900 5298 εἰπεῖν

2032 5245 2322 5316 pemodum
2347 5243 2535 5297 orbem
2572 5250 2843 5295 terrarum
2874 5237 3094 5305 adepto,
3127 5235 3328 5291 deinde
3359 5245 3608 5288 commu-

352 5345 459 5413 τῆς
512 5320 844 5415 οἰκουμένης
882 5340 1289 5413 ἀναδησαμένου
1349 5336 1644 5407 βασιλείαν,
1707 5331 1827 5388 εἶτα
1871 5338 1906 5386 τὲ

2042 5350 2168 5391 nem
2195 5334 2477 5387 hominum
2507 5330 2668 5387 linem
2693 5328 2916 5392 sortito,
2946 5324 3338 5398 quadrifariam
3369 5320 3605 5375 divisum
3700 5346 3703 5349 ι

1635 5490 1863 5544 νΑΒΗΕ
1903 5487 2305 5546 LECTIONES.

434 5642 476 5675 ³¹
504 5644 545 5695 Α
579 5641 795 5711 ἴσχυσα.
872 5639 917 5669 ⁸⁸
951 5638 1020 5690 τί.
1049 5638 1093 5693 Α
1122 5637 1281 5689 Ξνατί.
1358 5633 1403 5664 ³³
1518 5629 1746 5711 τούτουεο
1769 5629 1966 5711 ’,³1ύμ.
1997 5627 2336 5711 Yid._snpr:1,
2365 5628 2480 5711 ικῐ,
2511 5644 2562 5697 ρ,
2594 5629 2724 5711 32,“
2761 5625 2807 5711 at:
2841 5622 2927 5711 δεά
2959 5650 3021 5659 --
3054 5630 3251 5695 παραν.
3415 5603 3586 5711 £th

363 5713 478 5767 ³⁶Α
504 5687 795 5778 Evt-67.5";
816 5711 857 5761 A
895 5687 1131 5770 εσὲξέέέ
1165 5687 1276 5773 ἔσχ.
1304 5703 1635 5778 κικράτος.-.
1705 5700 1746 5730 ³⁸
1953 5700 2101 5778 prior
2129 5687 2254 5755 Itali.
2293 5687 2576 5770 βασιλεῖαι.
2682 5697 2724 5728 ³⁸
2750 5694 2836 5747 πλ.
2866 5692 2908 5745 Α
2932 5704 3114 5759 praem.
3147 5687 3260 5743 τοῦ.
3337 5687 3382 5708 ’ν
3415 5687 3532 5739 ταῖς
3554 5687 3608 5731 ct

370 5769 567 5847 deinde
599 5782 728 5845 τῶν,
753 5781 868 5836 des.
898 5781 948 5834 itt
985 5782 1047 5830 A.
1100 5769 1165 5806 7“
1194 5769 1303 5830 ἒᾶν.
1335 5773 1372 5825 Β
1406 5769 1590 5843 prarnt.
1615 5771 1736 5832 ἕως.
1764 5771 1801 5822 Λ
1833 5769 1904 5825 ὡς
1946 5771 2030 5824 ἄν.
