3912 6206
414 284 548 357 1519

1404 276 1886 338 ΤΙΙΕΟΠΟΠΕΤΙ
1930 273 2265 335 EPISCOPI
2305 275 2665 335 CYRENSIS

3504 271 3628 339 15·Ξο

411 396 532 467 eius
557 395 876 460 dissolvent,
909 402 964 450 et
993 391 1193 449 cadent
1230 392 1504 448 vulnerati
1539 392 1721 447 multi.
1747 410 1765 443 ι
1793 389 1982 459 Neque

2094 390 2194 454 τὸν,
2229 389 2321 442 καὶ
2350 388 2611 459 δυνάμεις
2645 385 2811 442 αὑτοῦ
2840 385 3132 441 καταλύσει
3155 386 3220 450 ³⁸,
3249 385 3343 440 καὶ
3369 386 3632 443 πεσοῦνται

414 490 591 558 ipsum
649 489 852 555 solum,
914 486 1008 542 sed
1057 485 1221 540 etiam
1274 486 1584 540 exercitum
1624 484 1746 554 ejus
1803 483 1982 536 instar

414 579 605 635 diluvii
642 583 979 647 corrumpet,
1012 584 1067 631 et
1094 575 1375 645 ingentem
1406 574 1613 629 caedem
1643 573 1904 643 patrabit.

484 752 648 815 Vens.
677 750 766 804 27.
793 768 811 801 ι
842 747 909 802 Ει
940 749 1251 815 amborum,
1298 747 1499 819 inquit,
1564 762 1755 819 regum
1814 745 1980 801 corda

413 848 466 899 iu
497 843 899 913 iu‘iprobitatcm
923 882 938 907 ,
974 850 1025 896 et
1082 841 1137 895 in
1174 857 1362 896 mensa
1419 855 1526 895 una
1565 840 1852 895 mendacia
1897 840 1979 893 lo-

408 949 663 1006 queutur,
697 943 751 987 et
796 949 904 987 non
954 934 1251 1003 dirigetur.
1278 953 1295 984 ι
1336 931 1566 986 Romani
1607 932 1781 995 enim,
1838 933 1981 986 sicut

409 1046 509 1082 nos
542 1028 812 1096 Josephus
842 1026 1142 1081 historicus
1181 1026 1394 1096 1282
1426 1025 1612 1089 docet,
1649 1024 1836 1078 audita
1859 1025 1980 1095 ejus

409 1138 531 1175 cum
577 1120 821 1175 exercitu
871 1117 1231 1188 proiectione,
1288 1132 1383 1186 per
1436 1116 1643 1187 legatos
1696 1114 1982 1170 denuntia-

409 1222 568 1274 runt.
604 1221 660 1266 ut
703 1209 983 1265 recederet
1052 1209 1120 1262 ab
1170 1208 1428 1278 Egypto.
1470 1208 1652 1273 Quare
1709 1222 1980 1277 percusso

408 1306 638 1365 ftedere,
677 1301 876 1371 inquit,
907 1315 1096 1369 pacem
1139 1299 1288 1364 fecit,
1317 1306 1369 1352 et
1402 1314 1607 1353 mensae
1653 1300 1975 1354 societatem

410 1413 534 1451 cum
569 1395 855 1448 Ptolemaeo
886 1391 1067 1445 inivit.
1116 1391 1451 1445 Simulalam
1491 1405 1620 1445 vero
1674 1391 1976 1445 amicitiam

407 1486 613 1540 ducens
644 1484 691 1538 is
714 1482 806 1553 qui
834 1496 957 1536 cum
986 1480 1210 1534 Daniele
1239 1480 1694 1549 colloquebatur:
1728 1500 1747 1531 ι
1776 1479 1841 1534 Ει
1863 1495 1980 1533 am-

408 1576 624 1639 borum,
659 1572 860 1642 inquit,
911 1584 1099 1639 regum
1136 1569 1302 1623 corda
1343 1570 1397 1623 in
1450 1562 1880 1640 improbitatem,
1925 1580 1981 1626 et

406 1666 466 1720 in
504 1678 693 1718 mensa
737 1676 841 1715 una
875 1659 1158 1714 meiidaria
1190 1659 1511 1728 loquentur,
1536 1666 1733 1713 etnon
1774 1659 1978 1730 dirige-

2083 480 2416 551 τραυματίαι
2452 480 2656 533 πολλοί.
2690 498 2707 530 ι
2738 480 2852 532 υύκ
2874 479 3035 531 αὐτὸν
3056 478 3161 547 γὰρ
3193 479 3373 547 μόνον,
3404 479 3530 531 ἀλλὰ
3551 482 3637 534 καὶ

2083 569 2182 639 τήν
2216 568 2502 640 στρατείαν
2542 568 2706 622 αὐτοῦ
2755 569 2911 640 δίκην
2942 567 3326 638 κατακλυσμοῦ
3354 567 3633 640 διαφθερεῖ,

2087 659 2181 713 καὶ
2218 659 2383 713 πολὺν
2418 660 2713 730 ἐργάσεται
2744 659 2925 733 φόνον.

2158 749 2258 813 κζ’.
2302 770 2321 803 ι
2382 751 2495 804 Kal
2550 751 2890 823 ἀμφότεροι,
2931 750 3095 820 φησὶν
3124 789 3139 813 ,
3174 753 3225 804 οἱ
3286 748 3545 820 βασιλεῖς,
3592 754 3639 805 al

2085 842 2303 914 καρδίαι
2335 842 2517 895 αὐτῶν
2550 842 2644 895 ἐπὶ
2696 841 2990 913 πονηρίαν,
3020 841 3113 894 καὶ
3157 842 3250 893 ἐπὶ
3280 840 3519 913 τραπέζῃ
3556 845 3643 912 μιᾷ

2088 933 2259 1003 ψευδῆ
2280 934 2595 1001 λαλήσρυσι,
2623 934 2717 986 καὶ
2737 934 2796 985 οὐ
2825 931 3163 987 κατευθυνεῖ.
3191 951 3211 985 ι
3248 933 3500 1002 Ῥωμαῖοι
3529 935 3641 1006 γὰρ,

2086 1025 2162 1088 ὡς
2211 1025 2515 1095 Ἰώσηππος
2544 1026 2691 1095 ἡμᾶς
2723 1026 2750 1076 ὁ
2777 1023 3195 1095 ἱστοριογράφος
3244 1024 3501 1084 διδάσκει,
3530 1026 3644 1080 ταῦ.

2085 1133 2186 1185 την
2233 1115 2400 1168 αὐτοῦ
2445 1115 2708 1184 μαθόντες
2736 1114 2835 1187 τὴν
2867 1115 3174 1184 στρατείαν,
3216 1116 3646 1187 παρενεγγύησαν

2085 1206 2392 1275 ἀποστῆναι
2417 1206 2516 1276 τῆς
2545 1205 2822 1273 Αἰγύπτου
2852 1222 2866 1234 ·
2904 1205 3023 1258 ὅθεν
3073 1206 3458 1275 σπεισάμενος,
3482 1209 3644 1277 φησὶν,

2082 1299 2325 1369 εἰρήνην,
2367 1298 2462 1350 καὶ
2501 1297 2781 1368 τραπέζης
2820 1296 3148 1367 ἐκοινώνησε
3194 1295 3277 1366 τῷ
3331 1297 3644 1370 Πτολεμαίῳ.

2085 1392 2158 1444 Τὸ
2183 1391 2239 1443 δὲ
2264 1390 2496 1444 ὓπουλον
2521 1390 2619 1460 τῆς
2641 1390 2820 1459 φιλίας
2842 1389 3108 1444 διδάσκων
3136 1390 3166 1441 ὁ
3188 1388 3267 1459 τῷ
3290 1388 3483 1459 Δανιὴλ
3503 1409 3648 1462 προσ-

2082 1481 2490 1549 διαλεγόμενος»
2537 1498 2555 1530 (
2587 1480 2697 1533 Καὶ
2732 1479 3056 1550 ἀμφύτεροι,
3092 1479 3261 1550 φησὶν
3283 1518 3297 1541 ,
3330 1480 3379 1531 οἱ
3412 1478 3645 1548 βασιλεῖς,

2081 1574 2136 1625 αἱ
2187 1572 2404 1643 καρδίαι
2441 1571 2624 1624 αὐτῶν
2678 1572 2772 1624 ἐπὶ
2821 1571 3107 1642 πονηρίαν,
3141 1571 3238 1624 καὶ
3289 1570 3382 1623 ἐπὶ
3422 1569 3646 1641 τραπέζῃ

2084 1667 2182 1736 μιᾷ
2213 1665 2383 1735 ψευδῆ
2414 1664 2729 1735 λαλήσουσι,
2764 1664 2856 1718 καὶ
2882 1665 2945 1718 οὑ
2972 1663 3315 1719 κατευθυνεῖ.
3345 1682 3363 1714 ι
3395 1662 3645 1725 Ἀντὶτοῦ,

407 1763 522 1811 tur.
549 1774 568 1807 ι
602 1753 716 1809 Hoc
764 1760 871 1817 est,
923 1767 1035 1807 non
1074 1750 1181 1805 erit
1224 1750 1445 1805 stabilis
1488 1766 1593 1820 pax
1632 1750 1748 1805 illa.
1783 1770 1802 1803 ι
1839 1751 1977 1818 Quia

2094 1759 2140 1810 >ὑ
2199 1756 2399 1828 βεϐαία
2432 1755 2584 1810 ἔσται
2611 1757 2643 1826 ή
2672 1756 2884 1826 εἰρήνη.
2926 1774 2944 1808 ι
2993 1754 3117 1808 Ὅτι
3144 1754 3227 1807 ἔτι
3252 1754 3295 1787 ³⁷
3327 1754 3496 1823 πέρας
3517 1752 3647 1806 ἔσται

410 1845 597 1902 adhuc
628 1844 752 1899 ﬁnis
775 1844 881 1898 erit
909 1843 964 1897 in
995 1849 1236 1911 tempus.
1272 1860 1291 1892 ι
1323 1840 1435 1896 lloc
1457 1849 1562 1909 est,
1587 1858 1781 1898 rursus
1806 1845 1977 1909 enim,

409 1952 535 1992 cum
559 1937 688 1990 hoc'
714 1943 931 2004 tempus
957 1931 1252 2000 eﬂluxerit,
1288 1934 1722 2003 congrediemur
1756 1945 1811 1990 et
1834 1950 1979 2006 pra:-

407 2027 485 2083 lio
520 2026 888 2082 dimicabunt.

486 2118 649 2189 ius.
712 2119 803 2173 28.
851 2137 871 2171 ι
904 2117 970 2173 Ει
1027 2127 1360 2185 revertetur,
1418 2119 1641 2189 inquit,
1679 2122 1736 2176 in
1776 2129 1979 2177 terram

408 2225 566 2267 suam
600 2224 724 2265 cum
756 2210 1066 2265 substantia
1106 2210 1293 2264 multa.
1327 2228 1345 2260 ι
1390 2208 1776 2267 Verumtamen
1825 2222 1978 2281 tunc,

2081 1852 2161 1913 εἰς
2182 1849 2389 1920 καιρόν.
2419 1868 2436 1900 ι
2466 1848 2774 1910 Τουτέστιν,
2802 1843 2960 1911 αὖθις
2985 1845 3113 1917 γὰρ,
3134 1845 3233 1899 τοῦ
3257 1844 3449 1916 καιροῦ
3472 1845 3639 1896 τούτου

2080 1939 2494 2012 διαδραμόντος,
2533 1936 3016 2009 συμπλακήσονται
3046 1935 3141 1990 καὶ
3180 1932 3591 2007 παρατάξονται.

2155 2125 2259 2191 κη’.
2300 2138 2317 2171 ι
2360 2118 2471 2172 Kal
2504 2115 2845 2189 ἐπιστρέψει,
2878 2115 3044 2186 φησὶν
3069 2157 3084 2182 ,
3118 2118 3203 2180 εἰς
3243 2114 3343 2187 τὴν
3371 2115 3471 2185 γῆν
3500 2112 3643 2169 αὐτοῦ

2082 2214 2140 2268 ὲν
2170 2211 2402 2283 ὑπάρξει
2458 2210 2648 2280 πολλῇ.
2686 2228 2705 2261 ι
2747 2207 2886 2265 ‘AD.’
2918 2208 3068 2274 ὅμως
3112 2207 3261 2272 τότε,
3300 2206 3483 2277 φησὶν,
3531 2207 3647 2275 μετὰ

409 2300 611 2370 inquit,
634 2315 758 2354 cum
790 2300 976 2354 multis
1015 2300 1248 2364 divitiis,
1288 2301 1700 2373 multarumque
1744 2302 1982 2358 faculta-

2094 2304 2279 2358 πολλοῦ
2340 2302 2567 2357 πλούτου
2592 2341 2607 2366 ,
2641 2301 2735 2354 καλ⁸
2788 2301 2987 2370 πολλῆς
3034 2298 3402 2369 περιουσίας.
3446 2299 3522 2361 εἰς
3565 2297 3648 2367 τήν

413 2401 530 2446 tum
561 2391 933 2457 abundantia,
986 2392 1043 2446 in
1095 2406 1324 2462 regnum
1386 2409 1547 2449 suum
1598 2396 1821 2450 redibit.
1857 2415 1877 2448 ι
1915 2396 1982 2451 Ει

2094 2396 2287 2450 ιικείαν
2345 2393 2810 2473 ἐιπαναστρέιῐιειυι
2856 2392 3156 2464 βασιλείαν.
3204 2410 3224 2443 ι
3258 2392 3373 2444 Kal
3410 2392 3442 2461 ή
3474 2390 3647 2461 καρδία

413 2496 511 2536 cor
560 2482 994 2551 ejus‘adversus
1048 2489 1437 2538 testamentum
1490 2497 1766 2541 sanctum.
1806 2506 1825 2540 ι
1866 2487 1982 2544 lloc

2094 2489 2249 2543 αὐτοῦ
2280 2489 2372 2540 ἐπὶ
2410 2486 2677 2557 διαθήκην
2725 2485 2907 2553 ἁγίαν.
2961 2503 2978 2536 t
3006 2484 3154 2539 Μίαν
3184 2483 3246 2537 δὲ
3270 2482 3454 2536 λοιπὸν
3481 2482 3645 2553 σχήσει

411 2591 547 2642 uno,
580 2575 725 2645 quod
763 2576 1033 2644 reliquum
1069 2587 1174 2640 est,
1226 2579 1410 2633 studio
1466 2582 1776 2647 tenebitur,
1813 2591 1874 2637 ut
1907 2583 1984 2637 le-

409 2683 530 2738 gem
560 2682 588 2720 a
624 2666 734 2722 Deo
755 2666 961 2722 Judaeis
987 2656 1173 2722 datam
1210 2679 1441 2727 evertat.
1480 2673 1602 2728 llaec
1634 2687 1814 2729 autem
1848 2675 1982 2729 inita

410 2758 643 2812 consilia
713 2757 780 2811 ad
852 2759 1058 2813 exitum
1118 2775 1337 2829 quoque
1406 2764 1687 2831 perducet.
1729 2783 1747 2816 ι
1801 2763 1986 2819 Faciet

411 2850 579 2911 enim,
606 2855 661 2903 et
688 2856 1016 2912 revertetur,
1049 2850 1248 2919 inquit,
1281 2852 1333 2904 in
1367 2863 1563 2907 terram
1606 2870 1783 2909 suam.
1822 2874 1840 2905 ι
1871 2854 1985 2908 lloc

413 2954 636 3011 quoque
665 2937 1098 2994 Machabazorum
1134 2941 1293 3005 liber,
1328 2949 1380 2995 et
1410 2939 1632 3012 Josepbi
1666 2943 1837 2997 tradit
1888 2942 1984 2996 lli-

414 3030 607 3085 storia.

486 3120 650 3177 Vens.
682 3122 773 3178 29.
810 3142 828 3173 ι
868 3122 934 3177 Ει
959 3133 1202 3192 tempore
1228 3139 1329 3178 suo
1360 3131 1682 3188 revertetur,
1715 3131 1770 3179 et
1800 3124 1983 3180 veniet
2010 3099 2057 3157 Ο

317 3271 323 3277 ,
414 3217 473 3269 in
512 3217 740 3275 Austro.
773 3222 827 3268 et
854 3228 965 3268 non
999 3222 1162 3268 erunt
1213 3216 1357 3269 sicut
1393 3214 1564 3283 prima
1600 3214 1766 3269 etiam
1792 3214 1982 3268 novis-

414 3308 574 3362 sima.
603 3326 638 3359 .›
675 3303 790 3359 Hoc
826 3311 933 3368 est,
975 3318 1083 3358 non
1135 3303 1391 3359 similiter
1433 3304 1611 3358 vincet
1643 3311 1697 3359 et
1728 3305 1982 3373 superior

412 3401 539 3463 erit,
572 3396 667 3455 sed
712 3397 893 3451 victus
934 3403 1265 3449 revertetur.
1324 3394 1461 3472 Illud
1493 3402 1697 3460 autem,
1754 3404 1983 3464 tempore

413 3508 533 3553 suo,
566 3488 822 3544 idoneum
857 3486 998 3540 bello
1024 3495 1242 3554 tempus
1280 3484 1564 3554 signiﬁcat

486 3578 654 3634 Vsus.
688 3578 777 3632 5t).
808 3596 827 3629 ι
863 3575 927 3629 Ει
954 3575 1332 3645 ingrediantur
1367 3576 1435 3628 ad
1467 3575 1646 3645 ipsum
1677 3575 1985 3645 ingredien-

414 3677 498 3725 tes
525 3667 688 3733 Citii,
739 3676 794 3722 et
844 3665 1298 3720 ltumiliabuntur.
1345 3682 1364 3715 ι
1402 3663 1606 3719 Ascitis
1662 3666 1812 3719 enim
1876 3665 1980 3720 sibi

415 3758 603 3812 multis
637 3756 871 3826 Cypriis,
902 3762 956 3809 et
996 3754 1117 3807 aliis
1166 3753 1437 3809 insulanis
1484 3754 1631 3823 (nam
1668 3754 1865 3808 Citium
1917 3754 1984 3808 ad

414 3849 521 3917 hoc
570 3860 743 3917 usque
793 3854 1007 3914 tempus
1041 3843 1299 3912 Oppidum
1362 3853 1444 3898 est
1477 3843 1688 3915 Cypri),
1754 3845 1985 3901 invadet

416 3940 636 4009 quidem
676 3936 992 4008 Egyptum,
1028 3935 1122 3990 sed
1178 3936 1353 3990 victus
1397 3935 1612 4005 1283
1644 3943 1699 3989 et
1734 3937 1987 3990 humilia-

416 4039 511 4085 tus
533 4029 755 4084 redibit.
794 4046 811 4079 ι
859 4029 917 4081 Et
940 4035 1268 4089 revertetur,
1296 4026 1496 4095 inquit,
1530 4034 1584 4080 et
1610 4026 1986 4096 indignabitur

415 4130 607 4175 contra
636 4126 1022 4175 testamentum
1050 4125 1330 4171 sanctmn.
1376 4135 1394 4167 ι
1436 4114 1665 4171 Omnem
1701 4118 1843 4171 enim
1876 4119 1987 4173 ira-

415 4210 695 4274 cundiam,
763 4209 963 4279 inquit,
1013 4222 1121 4277 qua
1173 4214 1395 4276 propter
1442 4216 1726 4277 acceptam
1770 4211 1985 4266 cladem

415 4303 704 4366 exarserit,
760 4310 956 4357 contra
998 4308 1251 4353 sanctum
1317 4305 1705 4354 testamentum
1747 4313 1983 4359 evomet.

417 4393 755 4463 Factumque
810 4390 1109 4446 ostendens
1146 4409 1159 4443 :
1193 4409 1211 4441 ι
1250 4389 1315 4444 Ει
1357 4389 1542 4457 faciet,
1581 4410 1599 4444 ι
1631 4393 1832 4463 inquit.
1889 4393 1980 4450 Se-
2020 4439 2062 4492 Β

417 4487 598 4540 eundo
629 4486 775 4539 enim
806 4482 1040 4536 adventu
1074 4490 1130 4537 et
1159 4482 1386 4536 multam
1442 4482 1605 4538 faciet
1667 4486 1894 4551 caedem,
1934 4498 1987 4543 et

416 4593 512 4631 eos
540 4576 630 4645 qui
663 4573 978 4644 ell'ugerint,
1013 4572 1228 4643 rediget
1280 4574 1334 4628 iu
1372 4575 1722 4632 servitutem.
1754 4598 1772 4628 ‹
1812 4579 1874 4634 Et
1905 4597 1989 4637 re-

416 4668 678 4724 vertetur,
715 4666 769 4714 et
808 4659 862 4712 in
890 4659 1115 4714 tutelam
1143 4662 1371 4730 recipiet
1400 4659 1853 4732 derelinquentes
1909 4675 1988 4722 tc-

417 4759 747 4804 stamentum
806 4760 1079 4805 sanctum.
1112 4769 1131 4800 ι
1177 4750 1381 4814 Omni,
1444 4751 1653 4822 inquit,
1707 4771 1833 4810 cura
1892 4773 1987 4813 eos

416 4843 834 4919 complectetur,
863 4840 1016 4919 quia
1055 4841 1172 4912 lege
1195 4840 1568 4907 desciverint,
1601 4853 1655 4898 et
1703 4847 1989 4916 repudiato

416 4916 643 4985 Judaico
678 4931 808 4999 ritu,
839 4916 1157 4987 Graecorum
1210 4948 1391 5003 mores
1422 4942 1476 4989 et
1510 4936 1697 4990 cultus
1749 4921 1984 5010 amplexi

418 5025 637 5080 fuerint.

488 5114 652 5170 Vens.
684 5116 772 5170 ⁸51.
810 5133 829 5167 ι
866 5113 931 5168 Ει
955 5114 1175 5170 brachia
1204 5130 1267 5169 ex
1293 5130 1357 5170 eo
1382 5126 1628 5186 surgent,
1650 5125 1704 5172 et
1729 5120 1972 5189 polluent

420 5209 790 5267 sanctuarium
842 5207 1078 5277 imperii,
1112 5215 1166 5261 ct
1221 5207 1555 5263 transferent
1604 5209 1736 5280 jugc
1776 5213 1988 5267 saerili.

2088 2579 2344 2651 σπουδὴν,
2384 2577 2529 2631 ὣστε
2588 2576 2891 2631 καταλῦσαι
2932 2576 3024 2629 τὸν
3078 2574 3187 2628 ὑπὸ
3222 2574 3318 2627 τοῦ
3374 2573 3503 2626 Θεοῦ
3549 2574 3641 2635 τοῖς

2100 2671 2371 2733 Ἰουδαίοις
2397 2668 2678 2738 δεδομένον
2703 2668 2887 2737 νόμον.
2922 2665 3109 2719 Ταῦτα
3137 2665 3200 2718 δὲ
3225 2664 3642 2734 βουλευσάμενος,

2086 2761 2180 2814 καὶ
2217 2761 2297 2822 εἰς
2344 2759 2519 2829 πέρας
2549 2756 2668 2822 ἄξει
2718 2756 2789 2808 τὰ
2818 2755 3182 2827 βουλεύματα.
3234 2774 3253 2806 ι
3302 2755 3411 2807 Kal
3459 2756 3642 2823 ποιήσει

2086 2852 2215 2921 γὰρ,
2246 2850 2398 2919 φησι,
2430 2849 2522 2901 καὶ
2552 2847 2867 2916 ἐπιστρέψει
2902 2848 2982 2909 εἰς
3022 2847 3119 2918 τὴν
3161 2846 3272 2916 γῆν
3294 2842 3480 2899 αὑτοῦ.
3508 2863 3524 2895 ι
3554 2844 3642 2896 Kal

2087 2942 2244 2995 τοῦτο
2282 2941 2337 2993 δὲ
2372 2942 2404 3010 ή
2448 2941 2491 2973 ³³
2538 2940 2647 2993 τῶν
2683 2939 3060 2995 Μακκαϐαίων
3093 2938 3314 3010 βίϐλος,
3346 2938 3497 3007 καὶή
3548 2936 3638 2989 Ἰω-

2088 3032 2306 3102 σήππου
2345 3028 2555 3098 ἱστορία
2593 3028 2853 3082 διδάσκει.

2161 3120 2263 3172 κθν.
2303 3139 2321 3170 ι
2361 3119 2470 3173 Kal
2531 3119 2611 3181 είς
2643 3119 2733 3171 τὸν
2774 3117 2966 3190 καιρὸν
3006 3117 3172 3175 αὑτοῦ
3218 3118 3543 3190 ἐπιστρέψει,
3568 3117 3644 3171 καὶ

2084 3211 2202 3282 ἥξει
2240 3213 2295 3264 ὲν
2319 3209 2397 3281 τῷ
2420 3210 2576 3281 Νότῳ
2594 3210 2660 3272 ⁸ο,
2681 3208 2774 3264 καὶ
2803 3211 2903 3263 οὐκ
2928 3209 3081 3264 ἔσται
3111 3210 3189 3273 ὡς
3227 3213 3261 3281 ή
3295 3209 3478 3281 πρώτη
3505 3208 3587 3262 καὶ
3612 3208 3639 3278 ἡ

2083 3301 2337 3371 ἐσχάτη.»
2360 3302 2516 3369 ,Ἀντὶ
2533 3300 2648 3365 τοῦ,
2665 3301 2761 3370 οὐχ
2784 3300 2984 3371 ὁμοίως
3010 3302 3227 3371 νικήσει
3252 3301 3348 3355 καὶ
3380 3299 3569 3370 ἰσχύσει
3585 3298 3640 3363 ⁵¹,

2084 3393 2197 3447 ἀλλ’
2223 3392 2480 3464 ἡττηθεὶς
2512 3393 2793 3462 ἐπανήξει.
2826 3393 2900 3445 Τὸ
2928 3392 2985 3445 δὲ
3009 3394 3096 3458 εἰς
3127 3393 3341 3459 καιρὸν
3369 3389 3544 3447 αὐτοῦ
3569 3389 3642 3442 τὸν

2084 3484 2387 3555 ἐπιτήδειον
2425 3482 2503 3554 τῷ
2526 3483 2748 3554 πολέμῳ
2781 3483 3033 3554 σημαίνει
3082 3483 3301 3554 καιρόν.

2155 3575 2262 3629 λ’.”ι
2302 3575 2409 3628 Kal
2439 3573 2839 3626 εἰσελεύσονται
2890 3573 2970 3636 εἰς
3018 3572 3182 3624 αὑτὸν
3217 3572 3262 3604 ⁸³
3291 3572 3338 3624 οί
3370 3567 3642 3642 εἰσπορευο-

2090 3684 2239 3738 μενοι
2276 3667 2454 3720 Κίτιοι
2483 3666 2549 3733 ⁸³,
2584 3666 2677 3718 καὶ
2720 3665 3242 3735 ταπεινωθήσονται.
3279 3683 3296 3716 ι
3337 3658 3640 3733 Παραλαϐὼν

2086 3759 2196 3829 γὰρ
2260 3757 2489 3820 πολλοὺς
2558 3757 2880 3826 Κυπρίους,
2956 3756 3054 3809 καὶ
3124 3754 3348 3826 ἑτέρους
3412 3751 3641 3823 νησιώτας

2090 3850 2172 3921 (τὸ
2224 3849 2335 3918 γὰρ
2382 3849 2572 3901 Κίτιον
2619 3847 2780 3918 μέχρι
2843 3847 2940 3916 τῆς
3001 3847 3240 3915 σήμερον
3280 3843 3508 3913 πόλισμά
3547 3842 3639 3893 ἐστι

2088 3941 2191 4010 τῆς
2258 3938 2807 4009 Κύπρου),ὁρμήσει
2864 3935 2963 4006 μὲν
3015 3934 3157 3988 κατὰ
3216 3934 3316 4004 τῆς
3372 3932 3636 4001 Λίγύπτου.

2088 4030 2340 4102 ἡττηθεὶς
2384 4029 2442 4082 δὲ
2471 4029 2566 4082 καὶ
2608 4027 2963 4089 ταπεινωθεὶς
3015 4024 3304 4094 ἐπανήξει,
3357 4042 3374 4074 ε
3412 4023 3514 4076 Kal
3539 4022 3638 4073 ἐπι-

2090 4120 2349 4193 στρέψει,
2410 4121 2586 4190 φησὶ,
2637 4119 2734 4173 καὶ
2800 4116 3183 4187 θυμωθήσεται
3260 4116 3351 4169 ἐπὶ
3409 4113 3637 4181 διαθήκην

2089 4214 2269 4282 ἁγίαν.
2301 4231 2320 4263 ι
2349 4210 2531 4265 Πάντα
2564 4211 2693 4282 γὰρ,
2747 4209 2914 4280 φησὶ,
2950 4208 3043 4261 τὸν
3093 4207 3264 4278 θυμὸν
3284 4245 3298 4271 ,
3326 4205 3413 4259 τὸν
3459 4203 3535 4256 διὰ
3559 4199 3637 4270 τὴν

2087 4300 2258 4377 ἧτταν
2293 4303 2442 4374 αὐτῷ
2499 4301 2966 4372 προσγινόμενον,
3002 4300 3145 4353 κατὰ
3196 4300 3298 4369 τῆς
3346 4298 3499 4367 ἁγίας
3543 4294 3636 4346 διαο

2093 4396 2268 4467 θήκης
2297 4395 2506 4468 ὲμέσει.
2526 4395 2636 4448 Kal
2666 4394 2878 4455 δεικνὺς
2903 4392 2964 4446 τὸ
2986 4392 3169 4463 ἔργον,
3198 4410 3216 4442 ι
3243 4390 3353 4445 Kal
3380 4388 3592 4457 ποιήσει,
3611 4401 3631 4432 ι

2094 4487 2247 4558 φησί.
2293 4488 2381 4541 Ἐν
2414 4487 2523 4558 γὰρ
2554 4488 2620 4557 τῇ
2659 4485 2887 4557 δευτέρᾳ
2922 4484 3196 4556 παρουσία
3226 4483 3315 4535 τόν
3347 4500 3404 4535 τε
3426 4480 3467 4510 ⁸⁸
3496 4476 3633 4532 πολὺν

2093 4577 2440 4648 ὲργὰσεταιη
2473 4576 2653 4646 φόνον,
2681 4576 2778 4628 καὶ
2807 4574 2914 4628 τῶν
2951 4573 3321 4643 διαφυγόντων
3349 4572 3436 4625 τὸν
3467 4568 3633 4637 ἀνδρα-

2092 4667 2375 4738 ποδισμόν.
2428 4683 2446 4716 ι
2488 4666 2597 4718 Kal
2629 4663 2972 4734 ἐπιστρέψει,
3023 4666 3116 4717 καὶ
3164 4664 3381 4731 συνήσει
3419 4659 3502 4712 ἐπὶ
3530 4656 3632 4717 τοὺς

2086 4758 2488 4820 καταλιπόντας
2517 4756 2785 4827 διαθήκην
2809 4756 2989 4824 ἁγίαν.
3038 4775 3056 4806 ι
3092 4756 3298 4817 Πᾶσαν,
3328 4752 3470 4823 φησὶ.
3503 4749 3630 4812 ποιήσ

2095 4867 2245 4902 σεται
2282 4849 2535 4918 πρόνοιαν
2586 4847 2693 4899 τῶν
2739 4847 3285 4918 παρανομησάντων,
3331 4845 3415 4896 καὶ
3455 4842 3508 4893 τὸ
3552 4839 3631 4909 μὲν

2108 4942 2414 5004 ’ἰουδαΐζειν
2458 4941 2822 5011 ἁρνηθένῖων,
2862 4941 2921 4993 τὸ
2968 4940 3021 4993 δὲ
3070 4940 3391 5007 Ἐλληνίζειν
3420 4938 3631 4988 ἀσπασα-

2099 5033 2293 5103 μένων.

2168 5131 2265 5178 λα’.
2306 5144 2323 5175 ι
2350 5124 2458 5175 Kal
2492 5123 2767 5193 βραχίονες
2790 5122 2837 5154 ⁸⁸
2871 5124 2927 5190 ἐξ
2949 5124 3111 5178 αὐτοῦ
3142 5123 3529 5192 ἀναστήσοπαι,
3551 5115 3627 5167 καὶ

2101 5213 2466 5287 βεϐηλώσουσι
2516 5214 2574 5265 τὸ
2619 5214 2863 5284 ἁγίασμα
2895 5216 2988 5284 τῆς
3035 5213 3360 5275 δυναστείας,
3424 5208 3505 5260 καὶ
3548 5220 3625 5273 με·

1694 5385 1924 5440 νΑῐιιιπ
1966 5368 2364 5446 LECTlONES.

509 5521 552 5553 ³⁸
594 5522 721 5578 nec.
766 5524 892 5579 lect.
922 5530 1003 5578 est
1034 5522 1384 5588 κατακλύσει,
1433 5524 1520 5577 cui
1561 5523 1742 5579 favent
1776 5528 2080 5591 sequentia.

422 5584 458 5663 ᾗ
490 5609 567 5644 τε.
645 5595 689 5623 ιο
719 5594 856 5647 Edit.
883 5596 1029 5662 prior
1068 5594 1191 5646 hab.
1220 5584 1387 5663 νόμῳ.

418 5656 531 5713 ⁵³3
570 5656 899 5733 εἰργάσατοξ
994 5664 1039 5695 ⁸⁸
1077 5663 1161 5735 βρ.
1195 5656 1671 5734 Αιίί,’σπέρματα.

2185 5531 2229 5603 ἔτ
2267 5530 2409 5583 Ειιῑι.
2461 5533 2608 5599 prior
2645 5534 2768 5587 l:ab.
2803 5536 2911 5588 ἐπί.
2991 5534 3036 5568 ³³
3073 5533 3109 5587 Β
3138 5530 3461 5603 ἀναστρέψει.
3490 5596 3501 5603 _
3528 5520 3614 5603 "nn

1485 5594 1525 5624 “
1562 5611 1615 5645 κ.
1638 5596 1743 5664 ίαχ.
1780 5595 1902 5652 Des.
1939 5598 1988 5651 in
2021 5598 2095 5650 Β.
2160 5601 2205 5630 ⁴²
2240 5603 2279 5655 Β
2308 5605 2363 5654 ἐν
2394 5593 2561 5673 αὐτῷ.
2642 5606 2686 5637 ’⁸³
2737 5605 2775 5657 Β
2813 5607 3067 5662 Κιτιαῖοι.
3171 5604 3218 5635 ⁸³
3253 5593 3327 5657 τέ.
3359 5593 3466 5657 Des.
3488 5596 3534 5651 ill
3560 5593 3608 5645 B-
