3912 6206
333 326 436 390 525
483 362 490 367 -

1495 329 1575 391 IN
1626 328 1981 398 DANIEUS
2020 329 2176 388 CAP.
2221 327 2334 387 XI.-

3404 321 3538 387 1526

297 441 404 519 βῶν
435 441 834 512 διαπράξεται,
877 439 970 494 νῦν
1002 441 1099 510 μὲν
1148 441 1263 504 ταῖς
1312 441 1616 509 ἀπατηλαίς
1662 441 1866 510 θαυμα-

1981 439 2259 502 molietur,
2293 446 2347 492 ut
2390 435 2508 506 pius
2545 436 2598 490 in
2635 435 2876 490 fraudem
2927 433 3188 506 impellat,
3234 416 3396 490 modo
3441 439 3540 491 do-

294 534 566 602 τουργίαις
627 535 899 604 ὲξαπατᾷν
929 533 1020 586 καὶ
1045 531 1352 600 φενακίζειν
1383 532 1734 603 πειρώμενος,
1777 531 1871 584 νῦν

295 624 349 674 δὲ
393 625 458 694 τῇ
503 624 790 696 δυναστέιᾳ
836 623 1132 695 χρώμενος,
1185 623 1279 677 καὶ
1310 625 1414 677 πᾶν
1440 619 1576 686 εἶδος
1608 621 1870 692 τιμωρίας

295 717 569 784 ἐπιφέρων
621 717 731 779 τοῖς
773 715 870 784 τῆς
919 716 1198 778 εὐσεϐείας
1227 715 1532 785 τροφίμοις.
1589 713 1652 766 Εἰ
1685 712 1742 768 δέ
1790 729 1873 775 τις

293 805 666 860 ἀκολουθίανῃ
701 805 798 876 τῆς
826 807 1159 876 προφητείας
1217 805 1488 874 ἐπιζητῶν
1523 804 1597 875 μὴ
1632 805 1872 857 πιστεύει

295 894 444 948 ταῦθ’
466 893 638 959 οὕτως
659 894 826 966 ἔχειν,
849 899 926 959 εἰς
953 895 1075 948 νοῦν
1119 897 1215 967 τὴν
1241 897 1595 966 εὖαγγελικὴν
1626 897 1876 950 διδασκα-

295 986 412 1039 λίαν
443 985 650 1040 λαϐέτω
671 1001 683 1014 ·
717 988 814 1040 καὶ
864 990 970 1059 γὰρ
1005 991 1120 1041 ἐκεῖ
1169 990 1307 1042 κατὰ
1361 989 1554 1042 ταυτὸν
1579 990 1608 1040 ὁ
1673 989 1874 1060 Κύριος

293 1079 360 1131 τὰ
393 1077 523 1148 περὶ
574 1078 672 1148 τῆς
711 1081 892 1150 κοινῆς
939 1079 1245 1143 συντελείας
1312 1079 1612 1148 προλέγει,
1667 1081 1758 1133 καλ⁵
1805 1079 1874 1132 τὰ

287 1169 422 1240 περὶ
478 1169 578 1238 τῆς
631 1169 937 1234 συντελείας
991 1171 1089 1240 τῆς
1164 1170 1519 1242 Ἰερουσαλήμ
1571 1189 1584 1202 ο
1639 1170 1874 1242 είρηκὼς

294 1263 399 1330 γάρ
427 1278 440 1292 ο
482 1279 500 1312 ι
528 1261 898 1332 Προσεύχεσθε
950 1264 1035 1316 ἵνα
1065 1263 1138 1334 μὴ
1169 1265 1390 1332 γένηται
1440 1267 1473 1334 ἡ
1529 1267 1672 1334 φυγὴ
1722 1251 1876 1334 ὑμῶν

295 1352 583 1422 χειμῶνος,
603 1354 736 1425 μηδὲ
759 1357 816 1407 ἐν
832 1356 1092 1426 Σαϐϐάτῳ
1111 1357 1185 1406 "i
1214 1356 1459 1426 (τοῦτοδὲ
1487 1357 1757 1420 Ἰουδαίοις
1781 1357 1876 1425 μό-

295 1461 401 1506 νοις
426 1445 706 1516 ἁρμόττει)
728 1463 740 1475 ο
766 1445 927 1510 εὐθὺς
966 1449 1244 1516 ἐπήγαγεν
1264 1464 1278 1476 ·
1317 1467 1334 1498 ι
1364 1449 1554 1501 Ἔσται
1575 1450 1680 1518 γὰρ
1700 1448 1874 1518 θλίψις

294 1534 527 1604 μεγάλη,
559 1536 645 1588 οἶα
687 1537 746 1588 οὐ
780 1537 998 1604 γέγονεν
1037 1540 1130 1592 ἀπ’
1165 1540 1338 1608 ἀρχῆς
1388 1541 1590 1610 κόσμου
1649 1541 1752 1604 ἕως
1780 1541 1872 1593 τοῦ

292 1625 407 1684 νῦν,
435 1625 554 1678 οὐδὲ
579 1624 652 1696 μὴ
680 1630 962 1695 γενήσεται
980 1630 1026 1660 ⁷³
1045 1645 1056 1656 ’
1077 1629 1172 1682 καὶ
1199 1633 1244 1682 εί
1273 1631 1348 1700 μὴ
1378 1631 1788 1700 ἐκολοϐώθησαν
1817 1637 1873 1686 αί

291 1715 496 1785 ἡμέραι
519 1718 742 1780 ἐκεῖναι,
775 1719 873 1772 οὐκ
892 1719 957 1771 ἂν
979 1721 1155 1790 ἐσώθη
1193 1723 1336 1774 πᾶσα
1360 1723 1494 1792 σάρξ
1522 1738 1534 1751 ·
1559 1722 1646 1776 διὰ
1667 1723 1723 1776 δὲ
1749 1726 1876 1788 τοὺς

290 1806 578 1869 ἐκλεκτοὺς
609 1809 1070 1880 κολοϐωθήσονται
1110 1813 1166 1864 αἱ
1207 1813 1412 1882 ἡμέραι
1468 1817 1722 1869 ἐκεῖναι.»
1760 1817 1870 1869 Καὶ

287 1898 504 1959 δεικνὺς
539 1898 612 1955 ὡς
639 1900 789 1954 οὐδὲν
819 1901 1017 1954 τούτων
1061 1904 1332 1969 Ἰουδαίοις
1368 1908 1652 1978 προσήκει,
1673 1910 1872 1980 ἐπήγα-

287 2007 405 2056 γεν·
426 1989 588 2042 (Τότε
615 1991 706 2043 ἐάν
732 2009 814 2055 τις
839 1993 966 2062 ὑμῖν
1013 1992 1140 2066 εἴπῃ
1163 2011 1174 2022 ·
1196 1996 1344 2061 Ἰδοὺ,
1381 1991 1481 2051 ὦδε
1511 2002 1538 2052 ὁ
1567 2001 1868 2072 Χριστὸς,ἥ

287 2081 474 2144 ἑκεῖη,
493 2081 566 2152 μὴ
589 2081 925 2152 πιστεύσητε.
942 2103 960 2135 ι
988 2086 1093 2138 Καὶ
1111 2087 1453 2156 προειρηκὼς
1472 2091 1598 2160 περὶ
1623 2092 1731 2144 τῶν
1749 2093 1872 2162 ψευ-

283 2169 582 2239 δοκ-ςρίστων
605 2172 648 2202 ⁷⁵
664 2171 836 2240 ὀλίγα,
860 2175 1053 2242 ἐπάγει
1069 2178 1134 2208 το·
1158 2179 1400 2248 «Ὥσπερ
1423 2179 1530 2250 γὰρ
1555 2183 1586 2251 ἡ
1615 2183 1868 2254 ἀστραπὴ

283 2261 624 2332 ἐξέρχεταιττ
660 2264 769 2317 ἀπὸ
798 2267 1067 2318 ἀνατολῶν
1094 2269 1182 2321 καὶ
1207 2271 1454 2338 φαίέεται
1503 2273 1607 2334 ἕως
1628 2273 1866 2342 δυσμῶν,

283 2351 460 2416 οὖτως
477 2353 630 2408 ἔσται
647 2355 691 2386 ⁷⁸
707 2356 847 2427 καὶή
869 2361 1136 2428 παρουσία
1155 2361 1246 2414 τοῦ
1264 2363 1392 2414 Υἰοῦ
1410 2363 1502 2416 τοῦ
1521 2365 1616 2417 ἀνθ
1625 2364 1830 2435 ρώπου.
1845 2387 1864 2419 ι

288 2443 404 2496 Καὶ
429 2443 498 2498 τὰ
543 2443 674 2502 ἄλλα
693 2447 750 2502 δὲ
795 2449 969 2503 πάντα
1003 2451 1222 2520 ὁμοίως,
1260 2455 1345 2508 ἵνα
1372 2456 1444 2526 μὴ
1487 2457 1608 2507 καθ’
1641 2456 1869 2512 ἕκαστον

285 2534 454 2604 λέγω.
527 2537 798 2592 Ἐντεῦθεν
839 2541 1019 2593 τοίνυν
1049 2543 1458 2614 ποδηγούμενοι,
1492 2547 1586 2598 καὶ
1614 2547 1710 2616 τὴν
1741 2565 1871 2618 προ-

285 2628 517 2697 φητείαν
544 2631 825 2700 νοήσομεν,
865 2633 1177 2704 μεταϐᾶσαν
1206 2635 1305 2704 μὲν
1327 2637 1433 2688 ἀπὸ
1459 2637 1553 2689 τοῦ
1599 2639 1868 2710 Ἀντιόχου

281 2719 380 2770 ἐπὶ
401 2720 446 2750 ⁷⁸
473 2719 957 2792 τὺνᾺντίχριστον,
1007 2724 1080 2788 ὡς
1116 2725 1225 2777 ἀπὸ
1273 2727 1476 2788 εἰκόνος
1503 2729 1594 2779 ἐπὶ
1635 2729 1867 2799 ἀρχέτυ-

281 2826 408 2871 πον,
447 2811 628 2878 σαφῶς
645 2811 702 2864 δὲ
733 2813 877 2882 ἡμᾶς
905 2815 972 2866 τὰ
1003 2815 1120 2869 κατ’
1150 2818 1353 2869 ἐκεῖνον
1383 2819 1863 2887 προδιδάσκουσαν.

360 2899 465 2966 λς’.
507 2920 525 2952 ι
555 2899 776 2974 Ποιήσει
808 2903 938 2977 γὰρ,
970 2906 1123 2974 φησὶ,
1166 2909 1307 2960 κατὰ
1357 2906 1416 2960 τὸ
1456 2907 1667 2978 θέλημα
1700 2901 1864 2962 αὑτοῦ

278 2994 314 3044 ὀ
367 2991 635 3060 βασιλεὺς,
689 2995 781 3048 καὶ
824 2995 1184 3066 ὑψωθήσεται,
1230 2999 1322 3050 καὶ
1377 2999 1860 3071 μεγαλυνθήσεται,

284 3084 386 3136 ἐπὶ
415 3083 589 3138 πάντα
615 3083 766 3149 Θεὸν,
794 3087 886 3140 καὶ
913 3088 1002 3138 ἐπὶ
1026 3087 1112 3140 τὸν
1143 3089 1274 3140 Θεὸν
1307 3091 1416 3142 τῶν
1451 3091 1612 3155 θεῶν,
1640 3094 1732 3145 καὶ
1765 3092 1857 3144 λα-

281 3173 444 3241 λήσει
468 3175 762 3244 ὑπέρογκα,
791 3179 884 3230 καὶ
915 3178 1250 3233 κατευθυνεί.
1290 3201 1308 3231 ι
1343 3182 1484 3234 Ἀντί
1517 3183 1629 3246 τοῦ,
1674 3184 1866 3236 εὐοδω-

280 3263 532 3336 θήσεται,
571 3267 681 3320 ἀλλ’
707 3271 808 3322 οὐκ
858 3272 936 3334 είς
984 3272 1156 3334 τέλος.
1203 3293 1220 3323 ι
1251 3275 1428 3344 Μέχρι
1467 3275 1574 3346 γὰρ
1619 3275 1710 3328 τοῦ
1745 3293 1866 3328 συν-

281 3353 605 3418 τελεσθῆναι
638 3358 735 3430 τὴν
771 3358 940 3430 ὀργήν
963 3361 1030 3414 ⁸ο.
1060 3363 1232 3425 »Ἕως
1254 3364 1318 3416 ἂν
1339 3365 1566 3434 σφόδρα,
1588 3367 1742 3435 φησὶ,
1766 3366 1864 3437 τὴν

282 3445 443 3498 θείαν
471 3446 636 3518 ὀργὴν
675 3448 938 3521 ὲκκαύσῃ.
971 3453 1062 3502 καὶ
1085 3452 1286 3522 ταύτην
1311 3454 1702 3525 ἐπισπάσηται.
1739 3456 1860 3528 ’09-

281 3531 393 3604 γὴν
423 3533 477 3586 δὲ
508 3535 606 3605 τὴν
653 3537 922 3608 τιμωρίαν
967 3541 1122 3593 καλεί
1147 3558 1158 3569 ο
1197 3543 1404 3604 ἀπαθὲς
1442 3541 1549 3613 γὰρ
1589 3545 1649 3596 τὸ
1685 3545 1860 3600 Θεῖον.

291 3645 313 3674 ι
357 3627 450 3687 Εἰς
480 3627 587 3696 γὰρ
614 3629 940 3694 συντέλειαν,
983 3633 1134 3702 φησὶ,
1187 3634 1279 3685 καὶ
1308 3633 1541 3704 σπουδὴν
1572 3635 1799 3702 γίνεται,
1839 3657 1858 3689 ι

285 3713 403 3764 Καὶ
431 3716 536 3784 γὰρ
564 3709 716 3778 οὗτος
739 3719 804 3784 ⁸¹,
837 3719 990 3786 φησὶ,
1043 3721 1431 3792 προγινώσκων
1457 3724 1516 3776 τὸ
1544 3725 1734 3778 ἑαυτοῦ
1780 3727 1864 3780 τέ-

281 3801 406 3863 λος,
439 3801 602 3874 πολλῇ
643 3807 903 3878 χρήσεται
955 3811 1156 3882 σπουδῇ
1195 3815 1272 3875 είς
1317 3814 1570 3866 ἀσέϐειαν
1619 3816 1865 3880 ἅπαντας

287 3891 710 3964 ἐκκαλούμενος,
755 3898 850 3950 καὶ
886 3899 1109 3966 πολλοὺς
1138 3906 1425 3968 κοινωνοὺς
1468 3907 1565 3977 τῆς
1592 3911 1864 3979 τιμωρίας

286 3983 478 4036 λαϐεῖν
501 3986 832 4056 βουλόμενος.
851 3991 930 4044 Τὰ
951 3993 1008 4044 δὲ
1025 3995 1335 4064 ὲπαγόμενα
1361 3997 1694 4072 σαφέστερον
1720 4001 1866 4070 ἐλέγ-

287 4093 378 4145 χει
411 4078 507 4146 τὴν
555 4079 736 4132 ἄνοιαν
771 4083 878 4134 τῶν
927 4084 1189 4154 οἰομένων
1227 4089 1353 4158 περὶ
1396 4089 1666 4162 Ἀντιόχου
1691 4091 1863 4147 ταῦτα

286 4167 560 4238 είρῆσθαι.
586 4173 724 4240 Φησὶ
758 4174 882 4245 γάρ·

359 4349 458 4413 λς’.
491 4371 508 4402 ι
545 4354 653 4406 Καὶ
684 4355 776 4407 ἐπὶ
805 4357 1012 4422 πάντας
1060 4359 1221 4422 θεοὺς,
1239 4362 1346 4413 τῶν
1399 4363 1652 4432 πατέρων
1686 4364 1752 4416 αὐ
1769 4364 1860 4416 τοῦ

1984 531 2118 586 losis
2149 530 2437 584 miraculis
2465 529 2716 598 decipere
2743 543 2806 582 ac
2857 527 3047 583 fallere
3091 538 3351 590 conatus.
3385 531 3544 582 modo

1977 625 2029 679 vi
2061 623 2327 688 adhibita,
2351 630 2406 678 et
2436 637 2600 676 omne
2629 620 2884 690 supplicii
2917 635 3090 688 genus
3131 621 3352 690 pietatis
3401 619 3542 674 infe-
3600 619 3604 630 “

1975 727 2103 768 rens
2141 712 2400 766 alumnis.
2427 709 2584 776 Quod
2629 709 2842 779 1287
2887 713 2930 763 si
2957 711 3080 778 quis
3111 710 3412 779 prophetiae
3458 727 3542 765 sr—

1975 802 2110 856 riem
2148 801 2460 869 inquirens,
2491 799 2606 853 haec
2649 813 2758 853 non
2798 799 2875 852 ita
2909 812 2970 852 se
3011 799 3215 852 habere
3252 799 3459 862 credat,
3495 799 3542 853 is

1975 893 2344 964 evangelicum
2371 893 2677 946 doctrinam
2703 899 2884 946 mente
2908 898 3139 962 repetat,
3165 892 3256 945 ubi
3282 892 3540 946 Dominus

1975 985 2140 1038 simul
2171 993 2224 1038 et
2279 999 2400 1054 qua:
2431 983 2498 1037 ad
2564 998 2932 1048 communem,
2983 992 3038 1038 et
3086 999 3208 1052 qua:
3262 983 3330 1036 ad
3369 983 3540 1052 ipsius

1976 1076 2366 1148 Hierosolyma:
2410 1076 2946 1132 consummationem
2975 1079 2992 1097 ⁶
3048 1075 3344 1144 pertinent,
3405 1090 3540 1144 pra:-

1976 1167 2131 1222 dicit.
2167 1167 2304 1222 Cum
2345 1165 2492 1222 enim
2527 1167 2796 1221 dixisset:
2847 1187 2864 1218 ι
2920 1166 3108 1231 Orate,
3162 1181 3229 1220 ne
3275 1168 3367 1218 liat
3417 1167 3542 1236 fuga

1977 1268 2155 1313 vestra
2192 1261 2244 1313 in
2275 1259 2474 1324 hieme,
2510 1275 2685 1330 neque
2723 1254 3379 1324 Sabbatonquodludmis
3412 1259 3544 1314 solis

1976 1351 2251 1420 congruit,
2339 1353 2524 1406 statim
2563 1353 2843 1420 subjecit:
2881 1371 2899 1400 ι
2939 1351 3054 1406 Erit
3080 1350 3226 1405 enim
3263 1348 3544 1404 tribulatio

1977 1459 2195 1512 magna,
2227 1445 2407 1514 qualis
2436 1461 2543 1497 non
2583 1443 2680 1498 fuit
2713 1444 2780 1498 ab
2827 1444 2984 1498 initio
3029 1441 3218 1496 mundi
3267 1455 3441 1510 usque
3476 1442 3540 1492 ad

1979 1533 2079 1586 hoc
2115 1544 2355 1602 tempus,
2391 1549 2566 1604 neque
2599 1534 2690 1588 ﬂet
2720 1553 2732 1590 :
2765 1544 2814 1588 et
2843 1533 2947 1587 nisi
2983 1530 3287 1585 abbreviati
3313 1529 3545 1584 fuissent

1977 1623 2096 1679 dies
2127 1625 2229 1688 illi,
2261 1625 2410 1680 salva
2444 1640 2553 1680 non
2593 1625 2744 1680 ﬁeret
2773 1625 2952 1679 omnis
2986 1637 3153 1677 raro:
3188 1622 3283 1676 sed
3321 1630 3545 1690 pmptcr

1977 1716 2182 1771 electos
2215 1716 2684 1772 abbreviabuntur
2715 1716 2834 1771 dies
2868 1716 2943 1768 illi
2965 1725 3008 1767 °.
3046 1733 3064 1766 ι
3099 1711 3541 1782 Ostcntlensque,

1977 1807 2042 1862 ad
2077 1806 2300 1862 Iudaeos
2335 1808 2472 1862 nihil
2502 1808 2696 1862 horum
2730 1808 3022 1878 pertinere,
3054 1807 3294 1876 adjecit:
3333 1824 3350 1856 ι
3389 1803 3546 1858 Tunc

1975 1905 2018 1953 si
2047 1899 2169 1967 quis
2191 1900 2346 1954 vobis
2367 1899 2569 1955 dixerit
2595 1918 2606 1953 :
2632 1899 2776 1954 Ecce
2794 1899 2882 1954 hic
2905 1909 2989 1954 est
3009 1899 3285 1960 Christus,
3319 1903 3412 1949 aut
3446 1895 3542 1957 ibi,

1977 1991 2146 2044 nolite
2175 1991 2402 2046 credere
2442 2001 2508 2058 P;
2567 2010 2586 2043 ›
2641 1991 2944 2060 paucisque
2991 1990 3058 2060 de
3108 1986 3544 2060 pseudochristis

1978 2082 2286 2150 praedictis,
2341 2056 2539 2137 addit:
2599 2056 2824 2136 «'Sicut
2855 2056 3036 2136 enim‘
3069 2056 3252 2151 fulgur
3311 2079 3424 2132 exit
3475 2079 3544 2130 ab

1976 2174 2207 2236 oriente,
2240 2181 2294 2228 et
2327 2183 2556 2244 apparet
2589 2189 2767 2244 usque
2797 2174 2862 2227 ad
2902 2170 3266 2235 occidentem,
3319 2170 3392 2224 ita
3440 2169 3546 2224 crit

1977 2271 2029 2316 ct
2059 2263 2328 2319 adventus
2365 2262 2488 2318 Filii
2523 2265 2764 2320 hominis
2796 2276 2844 2317 (ι.
2885 2283 2903 2316 ι
2948 2263 3012 2316 Et
3037 2265 3143 2316 alia
3173 2261 3356 2316 omnia
3388 2260 3544 2314 simi-

1977 2352 2128 2414 liter,
2159 2368 2228 2406 ne
2263 2351 2480 2422 singula
2521 2366 2863 2407 recenseam.
2894 2349 3036 2404 lliuc
3066 2349 3250 2419 itaque
3289 2346 3544 2400 instructi

1974 2441 2138 2495 etiam
2173 2441 2515 2510 prophetiam
2563 2441 2954 2509 intelligemus,
2997 2453 3116 2510 quze
3165 2437 3232 2490 ab
3271 2435 3545 2489 Antiocho

1976 2533 2041 2586 ad
2098 2533 2520 2594 Antichristum,
2584 2543 2644 2586 ut
2699 2533 2770 2586 ab
2825 2531 3061 2602 imagine
3123 2529 3189 2583 ad
3239 2529 3542 2596 exemplar,

1975 2626 2278 2686 transiens,
2308 2639 2430 2695 quae
2459 2623 2527 2676 ad
2559 2624 2710 2677 illum
2745 2625 3040 2691 pertinent,
3064 2635 3127 2674 ea
3157 2634 3260 2674 nos
3283 2627 3413 2672 ante
3441 2618 3542 2670 do-

1975 2724 2060 2770 cct
2096 2725 2302 2786 aperte.

2000 2900 2167 2955 \‘sns.
2185 2899 2272 2954 36.
2287 2919 2304 2949 ‹
2324 2895 2663 2952 Facietenim
2683 2893 2984 2949 secundum
3007 2899 3342 2946 votuntatem
3362 2901 3541 2948 suam,

1974 2993 2171 3063 inquit,
2200 3006 2320 3052 rex,
2351 2998 2405 3044 et
2428 2987 2780 3050 exaltabitur,
2805 2994 2858 3040 et
2899 2982 3335 3052 magniﬁcabitur
3373 2995 3541 3050 super

1973 3097 2188 3138 omnem
2217 3081 2409 3146 Deum,
2437 3091 2488 3134 et
2517 3093 2684 3149 super
2724 3077 2892 3131 Deum
2924 3076 3174 3139 deorum,
3205 3083 3258 3128 et
3287 3074 3543 3142 loquetur

1975 3176 2314 3236 lastuosa.et
2329 3173 2612 3242 dirigetur.
2655 3189 2672 3220 ι
2712 3169 2766 3223 Id
2790 3178 2898 3235 est,
2925 3181 3188 3236 prospere
3215 3169 3263 3219 ei
3294 3180 3382 3218 res
3413 3178 3540 3218 suc-

1903 3263 1912 3272 “
1971 3265 2188 3329 cedent,
2206 3264 2300 3320 sed
2324 3279 2433 3317 non
2454 3263 2506 3318 in
2530 3269 2874 3332 perpetuum.
2905 3278 2920 3308 ι
2950 3257 3135 3313 Donec
3157 3254 3372 3325 1288
3395 3254 3541 3309 enim

1971 3354 2210 3424 perfecta
2237 3353 2405 3408 fuerit
2437 3354 2540 3406 ira.
2585 3370 2604 3404 ι
2664 3351 2866 3414 Donec,
2928 3348 3126 3418 inquit,
3181 3347 3532 3400 vehementer

1969 3447 2210 3500 divinam
2243 3448 2378 3500 iram
2413 3445 2793 3509 inﬂammarit,
2824 3443 3114 3513 ipsamque
3156 3439 3212 3493 in
3255 3452 3314 3494 se
3340 3453 3540 3508 provo-

1968 3545 2144 3592 Catam
2185 3539 2494 3592 attraxerit.
2526 3532 2693 3590 Iram
2725 3543 2906 3589 autem
2955 3530 3285 3600 suppliciqu
3337 3537 3536 3584 vocat:

1967 3627 2178 3683 Numen
2211 3629 2354 3683 enim
2409 3625 2890 3698 perturbationum
2925 3629 3010 3677 est
3070 3635 3289 3690 expers.
3327 3637 3345 3670 ι
3398 3617 3540 3684 Quia

1969 3721 2022 3774 in
2047 3721 2605 3786 consununationem,
2639 3718 2836 3788 inquit,
2889 3726 2945 3772 et
2971 3713 3215 3772 studium
3256 3711 3332 3765 lit.
3375 3729 3392 3761 ι
3446 3711 3540 3762 Et-

1967 3813 2113 3866 enim
2179 3812 2301 3873 iste,
2359 3812 2558 3881 inquit,
2603 3824 2764 3866 suum
2825 3818 3281 3878 praecognoscens
3340 3801 3539 3866 tinem,

1969 3905 2194 3960 multam
2229 3905 2510 3960 adhibebit
2558 3918 2776 3967 curam,
2828 3907 2886 3956 ut
2937 3913 3130 3954 omnes
3162 3901 3422 3966 provocet
3471 3894 3538 3946 ad

1969 3997 2323 4066 impietatem,
2358 3997 2561 4051 multos
2607 4006 2891 4065 poenarum
2936 3990 3117 4046 socios
3136 3994 3192 4042 et
3237 3985 3533 4058 participes

1969 4093 2198 4162 cupiens
2233 4091 2508 4158 accipere.
2540 4085 2841 4156 Sequentia
2875 4091 3058 4138 autem
3101 4079 3347 4150 apertius
3384 4090 3541 4130 coar-

1969 4190 2144 4254 guunt
2171 4195 2367 4236 eorum
2403 4179 2700 4242 inscitiam,
2734 4175 2827 4246 qui
2858 4176 2974 4228 haec
3001 4174 3067 4228 de
3095 4170 3368 4224 Antiocho
3394 4167 3540 4220 dicta

1971 4277 2141 4330 fuisse
2175 4275 2489 4342 opinentur.
2516 4271 2602 4322 Ait
2641 4269 2784 4322 enim
2815 4284 2830 4321 :

2039 4366 2206 4419 Vens.
2241 4363 2330 4417 57.
2367 4383 2385 4413 ι
2426 4362 2488 4414 Et
2517 4375 2682 4429 super
2730 4371 2921 4412 omnes
2968 4354 3101 4406 deos
3153 4357 3372 4421 patrum
3402 4361 3532 4400 suo-

282 4443 351 4494 ού
394 4444 629 4514 συνήσει.
660 4465 676 4496 ι
718 4447 1056 4520 Εὑρίσκομεν
1086 4451 1140 4504 δὲ
1183 4451 1272 4504 τὸν
1333 4452 1600 4522 ’Λντίοχον
1653 4455 1861 4508 εἰδωλι-

1975 4474 2088 4510 rum
2120 4471 2225 4509 non
2265 4453 2549 4522 intelliget.
2596 4469 2614 4500 ι
2655 4447 2967 4502 Invenimus
2993 4451 3174 4498 autem
3205 4437 3534 4494 Antiochum

287 4533 404 4584 κῶν
475 4533 670 4606 βωμῶν
725 4540 822 4609 τήν
878 4557 937 4593 τε
983 4541 1336 4613 Ἰερουσαλὴμ
1397 4547 1490 4595 καὶ
1538 4545 1716 4597 πᾶσαν
1763 4547 1862 4614 τὴν

300 4623 562 4677 Ἰουδαίαν
606 4627 982 4700 ἐμπλήσαντα,
1013 4633 1107 4686 καὶ
1139 4635 1196 4687 ὲν
1246 4633 1322 4704 τῷ
1348 4635 1460 4705 ναῷ
1494 4636 1584 4688 τοῦ
1619 4636 1752 4689 Θεοῦ
1784 4637 1861 4708 τῷ

282 4715 372 4766 Διὶ
399 4713 657 4781 θύσαντα,
693 4719 788 4772 καὶ
823 4721 943 4782 Διὸς
975 4723 1071 4792 μὲν
1127 4724 1422 4794 Ὀλυμπίου
1465 4726 1556 4778 τὸν
1606 4728 1665 4778 ἐν
1702 4727 1863 4798 Ἰερο-

285 4804 543 4874 σολύμοις
575 4809 710 4862 νεὼν
747 4813 1286 4882 προσαγορεύσαντα,
1311 4817 1430 4880 Διὸς
1465 4817 1520 4868 δὲ
1553 4815 1737 4870 Ξενίου
1770 4819 1860 4872 τὸν

287 4901 344 4950 ἓν
391 4897 466 4968 τῷ
499 4900 764 4970 Γαριζείν.
798 4905 918 4968 Πῶς
940 4908 1114 4958 τοίνυν
1137 4908 1181 4938 ⁸³
1212 4910 1239 4960 ὀ
1291 4908 1462 4970 οὕτως
1487 4908 1855 4978 δεισιδαίμων,

279 4991 310 5040 ὁ
341 4988 516 5054 οὕτως
539 4993 946 5064 εἰδωλολάτρης,
989 5016 1006 5046 ι
1035 4997 1128 5049 ἐπὶ
1167 4997 1318 5062 θεοὺς
1343 4998 1450 5051 τῶν
1487 4999 1736 5068 πατέρων
1761 5002 1856 5052 αύ-

282 5080 381 5133 τοῦ
409 5082 469 5132 ού
502 5083 720 5154 συνήσει
749 5103 761 5142 ;
790 5106 806 5135 ι
843 5087 1025 5138 Πάντα
1045 5088 1092 5118 ⁸³
1121 5088 1228 5160 γὰρ
1257 5090 1564 5142 τούναντίον
1587 5091 1614 5140 ὁ
1657 5090 1856 5142 ’Λντίο-

362 5267 386 5293 ⁰
419 5258 608 5314 Multi].
633 5277 778 5324 Mitti,
813 5261 1000 5316 ἘΟ-22.

1087 5273 1114 5312 Ρ
1142 5261 1250 5316 ibid
1301 5264 1389 5317 25.
1467 5275 1493 5314 (ι
1523 5265 1650 5318 ibid.
1687 5265 1779 5317 27.

1969 4549 2105 4610 aris,
2139 4547 2192 4598 in
2227 4544 2431 4614 quibus
2463 4540 2608 4596 idola
2639 4539 2977 4601 colerentur,
3003 4541 3057 4589 et
3082 4529 3532 4598 Hierosolymam,

1969 4647 2021 4692 et
2052 4650 2269 4691 onmem
2295 4632 2536 4688 Judzeam
2577 4627 2960 4700 complevisse,
3001 4631 3054 4680 et
3105 4623 3159 4678 in
3191 4619 3392 4688 templo
3439 4616 3534 4671 Dei

1965 4729 2085 4784 σιονὶ
2139 4727 2500 4791 sacriﬁcasse,
2549 4721 2812 4790 Jovisque
2879 4715 3114 4788 Olympii
3188 4722 3536 4778 nuncupasse

1967 4819 2228 4888 templum
2262 4816 2408 4886 quod
2452 4814 2653 4870 eratin
2691 4807 3110 4878 Hierosolymis,
3159 4802 3310 4858 Jovis
3353 4808 3534 4888 autem

1969 4887 2278 4978 hospitalis,
2330 4909 2560 4962 alterum
2608 4903 2750 4973 quod
2799 4909 2918 4956 erat
2965 4899 3020 4952 in
3075 4893 3339 4950 Garizim.
3383 4887 3532 4955 Quo-

1967 5002 2129 5056 modo
2161 5000 2346 5070 igitur,
2387 4999 2479 5068 qui
2512 4998 2585 5050 ita
2630 4992 3048 5066 superstitiosus
3099 4989 3156 5042 in
3187 4981 3533 5052 daemonibus

1968 5092 2252 5156 colendis,
2311 5100 2364 5146 et
2419 5089 2684 5145 idolorum
2751 5084 2922 5142 cultui
2975 5084 3046 5138 ita
3101 5079 3350 5134 addictus
3411 5073 3525 5136 sit.

1563 5439 1792 5495 VARUE
1830 5435 2233 5494 LECTIONES.

1043 5583 1088 5614 τ’
1129 5581 1167 5634 Β
1195 5583 1480 5636 σαϐϐάτου.

350 5589 393 5618 τι
433 5586 521 5638 vix.
560 5583 598 5636 Β
628 5599 812 5652 praem.
851 5584 968 5650 τήν.

1278 5655 1322 5684 ⁷³
1343 5655 1456 5706 ἐστ.
1488 5652 1610 5706 Des.
1649 5653 1699 5704 in
1743 5651 1800 5703 Β.

276 5661 324 5688 ⁷⁸
358 5657 400 5708 Β
425 5656 724 5724 ἐπήγαγεν.
786 5655 846 5724 _'”
884 5653 924 5704 B
963 5652 1200 5722 ἔρχεται.

278 5727 468 5788 lectio,
513 5717 708 5796 μέχρις
757 5717 816 5776 οῦ
842 5717 1160 5794 συντελεσθῇ
1195 5723 1224 5794 ἡ
1261 5722 1416 5794 ὀργή.

1558 5584 1604 5614 ⁷³
1639 5581 1679 5635 Β
1709 5581 1816 5652 οὐδ’
1845 5583 1905 5634 οὐ
1949 5583 2022 5652 μὴ
2072 5580 2316 5652 γένηται,

1877 5653 1923 5684 ⁷⁸
1951 5647 1961 5652 ⁷
1990 5647 2102 5703 ἐπὶ.
2139 5647 2258 5703 Des.
2303 5651 2356 5702 in
2391 5649 2432 5700 B
2466 5657 2578 5702 tum
2609 5647 2660 5699 h.
2697 5649 2730 5698 |.
2767 5657 2878 5698 tum
2903 5653 3018 5714 post
3051 5653 3242 5712 pauca.

1515 5722 1558 5754 ⁸¹
1587 5718 1698 5776 οὔτ.
1734 5721 1774 5772 Β
1801 5721 1981 5780 αὐτὸς.

2853 5579 2896 5608 ⁷⁵
2939 5575 2978 5626 Β
3001 5572 3091 5626 τοῦ
3121 5567 3522 5638 ψευδοχρίστου.

2853 5662 2878 5689 n
2903 5653 3018 5689 mist
3051 5653 3242 5689 muca.
3317 5637 3361 5668 ⁸⁵
3392 5635 3522 5689 Βερ.

2391 5579 2433 5610 ⁷⁸
2468 5581 2550 5631 ἐκ.
2579 5577 2620 5628 Β
2655 5571 2772 5630 ὧδε.

2085 5721 2128 5751 ⁸¹
2161 5721 2288 5772 τοίν.
2328 5716 2493 5772 Βοῦν.
2573 5718 2616 5748 ⁸³
2653 5717 2692 5767 Β
2721 5719 2848 5768 πᾶν.
