3912 6206
230 299 235 302 ’
292 287 417 351 1029

1477 301 1561 367 IN
1601 307 1954 368 DANIELIS
1976 308 2133 372 CAP.
2168 313 2270 374 XI.
3395 314 3529 382 1530

287 402 377 455 ἔν’
409 402 661 471 ἱππεῦσι,
688 404 784 460 καὶ
815 405 874 462 ἐν
903 408 1061 464 ναυσὶ
1097 410 1341 478 πολλαῖς,
1374 415 1469 469 καὶ
1495 418 1860 472 εἰσελεύσεται

1969 421 2060 483 lis,
2092 431 2139 475 et
2174 417 2509 493 ingredietur
2536 422 2589 477 in
2624 430 2826 478 terram
2858 422 2912 478 in
2944 422 3418 489 inundationibus,
3468 437 3530 481 et

286 496 362 561 είς
391 496 493 562 τὴν
523 497 631 567 γῆν
680 497 737 552 ὲν
783 500 904 563 ταῖς
947 501 1335 570 κατακλύσεσι,
1376 506 1472 559 καὶ
1503 508 1804 579 συντρίψει.
1835 528 1853 560 ι

284 588 553 654 Πολλάκις
578 590 825 662 εἴπομεν,
860 593 942 646 ὅτι
970 592 1066 647 τοῦ
1102 596 1363 666 τετάρτου
1396 597 1586 670 θηρίου
1625 601 1694 654 τὰ
1730 601 1862 655 δέκα

283 680 491 751 κέρατα
517 680 588 736 τά
616 683 737 736 κατ’
764 684 926 737 αὐτὸν
944 685 964 717 ³
996 685 1251 755 φανέντα,
1303 689 1433 745 δέκα
1479 690 1730 761 βασιλέας
1759 711 1860 764 ση-

286 772 467 844 μαίνει
511 775 570 828 ὲν
621 773 698 847 τῷ
727 777 869 830 τέλει
919 778 1019 848 τῆς
1067 779 1380 852 Ῥωμαῖκῆς
1413 783 1688 853 βασιλείας
1722 788 1862 841 κατὰ

279 867 479 921 ταυτὸν
502 868 939 937 βασιλεύσοντας.
975 870 1070 925 Ἐκ
1098 871 1302 926 τούτων
1328 876 1505 928 τοίνυν
1530 877 1691 930 πάλιν
1713 880 1740 930 ὁ
1767 878 1860 932 τοῦ

281 959 477 1013 Νότου
487 959 789 1028 ,βασιλεὺς
814 962 941 1015 πολε
952 965 1024 1033 μή
1034 981 1114 1016 σει
1144 964 1335 1036 τούτῳ,
1355 966 1412 1030 ὃς
1429 967 1533 1021 τοῦ
1554 969 1748 1036 Βοίρᾶ
1768 988 1864 1023 κα-

280 1049 456 1104 λεῖται
480 1053 800 1118 βασιλεύς.
834 1071 852 1104 ι
878 1053 1009 1106 Ἀπὸ
1042 1053 1211 1126 eopse
1225 1056 1358 1127 γὰρ,
1386 1058 1568 1126 φησιν,
1594 1059 1864 1130 ἐκκαυθή-

285 1157 441 1194 σεται
486 1141 557 1195 τά
588 1142 733 1196 κακά
780 1144 872 1197 ἐπὶ
912 1145 1120 1207 πάντας
1168 1147 1295 1210 τοὺς
1338 1148 1723 1214 κατοικοῦντας
1763 1150 1862 1221 τὴν

281 1232 409 1301 γῆν.
444 1252 463 1286 ι
519 1234 626 1287 Καὶ
661 1234 928 1305 Ἀντίοχος
957 1236 1033 1298 δὲ,
1064 1236 1123 1300 ὃς
1153 1238 1344 1291 τούτου
1372 1238 1543 1303 τύπος
1576 1239 1860 1310 ἐτύγχανε,

280 1325 379 1378 τοῦ
401 1324 596 1394 Βορῤᾶ
611 1326 913 1393 ,ϐασιλεὺς
935 1326 1268 1397 ὠνομάζετο.
1285 1329 1390 1382 Τοῦ
1406 1331 1583 1383 τοίνυν
1601 1331 1864 1401 βασιλέως

280 1417 381 1471 τοῦ
406 1418 579 1471 Νότου
613 1418 1025 1488 συμπλακέντος
1053 1419 1223 1491 αὐτῷ,
1260 1421 1402 1490 μετὰ
1433 1422 1669 1493 πλήθους
1707 1417 1864 1488 οὗτος

284 1509 383 1563 καὶ
425 1509 832 1580 όχυρωμάτωνδ
875 1512 1105 1580 ἐγγείων
1145 1530 1203 1567 τε
1242 1515 1336 1568 καὶ
1376 1513 1695 1580 θαλαττίων,
1731 1518 1863 1571 καὶ⁸

285 1601 707 1671 ἑπιστρατεύσει
736 1601 903 1672 αὐτῷ,
924 1603 1018 1657 καὶ
1049 1604 1146 1674 τὴν
1170 1604 1326 1677 νίκην
1357 1606 1699 1677 ὰναδήσεται.
1730 1609 1863 1662 Τού-

284 1707 416 1754 τους
445 1692 503 1745 δὲ
534 1694 658 1756 τοὺς
687 1693 979 1765 πολεμίους
996 1697 1038 1761 ⁸,
1086 1696 1180 1751 καὶ
1206 1697 1264 1749 ὲν
1292 1700 1402 1761 τοῖς
1433 1699 1596 1771 ίεροῖς
1621 1701 1865 1771 Εὐαγγε-

284 1782 424 1846 λίοις
452 1786 709 1854 προεῖπεν
734 1787 762 1838 0
795 1786 1024 1856 Κύριοςο
1077 1806 1095 1839 ι
1130 1788 1513 1859 Ἐγερθήσεται
1541 1790 1687 1860 γὰρ’
1712 1791 1861 1855 ἔθνος

287 1874 383 1926 ἐπὶ
416 1873 587 1938 ἔθνος,
628 1877 721 1929 καὶ
751 1876 1000 1946 βασιλεία
1047 1880 1139 1932 ἐπὶ
1186 1879 1486 1949 βασιλείαν,
1521 1883 1614 1935 καὶ
1649 1881 1861 1938 ἔσονται

284 1963 465 2036 λιμοὶ,
498 1966 593 2020 καὶ
630 1966 829 2038 λοιμοὶ,
857 1970 951 2023 καὶ
981 1972 1195 2041 σεισμοὶ
1239 1973 1381 2027 κατά
1411 1974 1609 2039 τόπους
1634 1990 1647 2003 ·
1688 1976 1862 2030 ταῦτα

286 2051 343 2108 δὲ
374 2057 584 2110 πάντα⁸
608 2058 805 2128 ἀρχαῖ’
835 2059 1059 2115 ὠδίνων.
1092 2081 1110 2113 ι
1149 2064 1401 2132 Ἔχοντες
1427 2066 1606 2119 τοίνυν
1632 2070 1697 2137 τῇ
1725 2085 1860 2138 προ-

287 2146 492 2220 φητεία
510 2150 633 2220 τῇδε
655 2151 699 2182 ⁸⁰
729 2152 827 2221 τὴν
853 2153 1185 2225 Δεσποτικὴν
1212 2157 1512 2227 πρόρρησιν
1542 2158 1862 2228 συμφωνοῦ-

286 2253 412 2297 σαν,
435 2240 700 2312 νοήσομεν
722 2240 788 2294 τά
813 2243 1166 2314 προκείμενα.
1224 2265 1242 2297 ι
1270 2247 1377 2300 Καὶ
1398 2247 1809 2318 παρελεύσεται,
1837 2270 1854 2304 ι

286 2329 449 2400 φησί.

364 2429 472 2491 μα’.
519 2442 537 2474 ι
567 2423 676 2477 Καὶ
704 2425 1070 2480 εἰσελεύσεται
1102 2428 1182 2491 είς
1209 2427 1308 2498 τὴν
1338 2430 1441 2500 γῆν
1467 2430 1559 2484 τοῦ
1591 2432 1806 2503 Σαϐείρ.
1835 2452 1853 2484 ι

290 2512 465 2567 Πάλιν
506 2513 595 2568 διὰ
634 2514 728 2568 τοῦ
767 2518 977 2586 Σαϐεὶρ
1005 2518 1075 2572 τὰ
1110 2518 1456 2592 Ἱεροσόλυμα
1487 2522 1857 2593 παρεδήλωσε.

290 2623 309 2654 ‹
347 2606 460 2659 Καὶ
486 2607 670 2659 πολλοὶ
694 2608 1067 2681 ἀσθενήσουσι.
1102 2629 1119 2660 ι
1155 2612 1407 2681 Δηλονότι
1436 2616 1482 2666 οί
1506 2615 1544 2645 ¹¹
1577 2615 1861 2681 ἐξαπατὼ-

285 2714 465 2764 μενοι,
509 2700 541 2769 ἢ
586 2700 664 2771 τῷ
711 2694 932 2771 μεγέθει
983 2705 1091 2756 τῶν
1153 2705 1434 2775 τιμωριῶν
1482 2707 1858 2775 χαυνούμενοι.

290 2808 310 2840 ι
342 2791 455 2843 Καὶ
482 2785 626 2846 οῦτοι
653 2793 1078 2864 διασωθήσονται
1125 2797 1188 2849 ὲκ
1229 2795 1412 2867 χειρὸς
1450 2797 1638 2861 αὐτοῦ,
1686 2797 1863 2870 Ἐδὼμ

281 2880 388 2932 καὶ
421 2880 612 2946 Μωὰϐ,
646 2884 740 2936 καὶ⁵
765 2884 906 2955 ἀρχὴ
935 2886 1068 2938 υίῶν
1107 2885 1351 2955 Ἀμμών.
1387 2904 1404 2935 ι
1454 2886 1586 2939 Οὐδὲ
1616 2887 1785 2941 ταῦτα
1807 2888 1863 2941 δὲ

284 2969 551 3041 ἁρμόττει
578 2971 654 3043 τῷ
702 2974 955 3043 Ἀντιόχῳ
983 2990 998 3006 ·
1041 2975 1135 3028 καὶ
1173 2973 1280 3045 γὰρ
1311 2973 1529 3038 τούτους
1562 2994 1865 3049 καταστρε-

282 3062 554 3131 ψάμενος,
595 3064 862 3134 ἡγεμόνας
895 3065 1079 3127 αὐτοῖς
1111 3065 1442 3134 κατέστησεν
1462 3067 1523 3131 ¹²,
1570 3061 1646 3120 ὧν
1687 3063 1767 3130 εἷς
1796 3064 1863 3139 ἦν

292 3156 322 3203 ὁ
344 3153 627 3222 Τιμόθεος,
680 3153 1027 3223 Ἀμμανιτῶν
1072 3155 1392 3225 ἡγούμενος.
1437 3157 1560 3210 Ἐπὶ
1587 3159 1645 3211 δὲ
1672 3136 1862 3213 τούτου
1893 3136 1935 3197 C

284 3240 388 3294 τοῦ
419 3241 711 3306 δυσσεϐοῦς
735 3245 880 3308 εἰκὸς
912 3245 1135 3309 τούτους
1168 3246 1473 3316 διαφυγεῖν,
1513 3248 1606 3301 am
1635 3249 1698 3321 δὴ
1728 3250 1865 3319 μηδὲ

289 3330 596 3393 σπουδαίως
625 3332 1013 3396 εύσεϐοῦντας·
1050 3337 1163 3397 τοῖς
1214 3335 1322 3405 γὰρ
1373 3338 1683 3402 σπουδαίοις
1729 3339 1866 3392 πάν-

285 3420 459 3484 τως¹³
494 3421 523 3472 0
562 3421 826 3494 δυσσεϐὴς
867 3424 1250 3495 ἐπιστρατεύει
1272 3426 1334 3480 ⁸⁸.
1378 3428 1439 3479 Et
1466 3428 1522 3480 δὲ
1557 3429 1651 3481 καὶ
1679 3445 1867 3499 τροπι-

287 3510 408 3573 κῶς
443 3510 611 3564 ταῦτα
636 3512 717 3565 δεῖ
751 3516 942 3583 νοῆσαι
972 3514 1038 3567 τὰ
1077 3516 1339 3587 ὀνόματα,
1385 3517 1573 3586 Ἐδὼμ
1600 3518 1869 3587 ἑρμηνεύ-

288 3620 416 3654 εται
442 3604 469 3654 0
499 3604 726 3671 πυρῤός
749 3621 764 3636 ο
799 3604 991 3659 τούτου
1010 3607 1053 3638 ³⁵
1087 3607 1245 3678 χάριν
1282 3610 1375 3662 καὶ
1401 3611 1428 3662 0
1466 3610 1638 3663 Ἡσαῦ
1680 3611 1867 3680 Ἐδὼμ

290 3692 735 3763 προσηγορεύθη,
770 3694 847 3758 ὡς
878 3694 970 3748 τοῦ
1004 3696 1281 3767 ἑψήματος
1315 3698 1407 3751 τοῦ
1438 3699 1610 3767 φακοῦ
1636 3700 1866 3772 ἐρυθροῦ

290 3783 447 3846 διτος
490 3783 851 3856 ἐπιθυμήσας,
898 3786 993 3839 καὶ
1033 3787 1093 3840 τὸ
1121 3783 1258 3858 αἷμα
1301 3789 1355 3843 δὲ
1404 3791 1632 3862 ἐρυθρὸν
1663 3791 1778 3863 ἔχει
1808 3793 1869 3846 τὸ

287 3867 455 3936 εἶδος.
486 3875 548 3927 Oi
579 3875 757 3929 τοίνυν
786 3875 880 3930 τοῦ
914 3879 1241 3933 Δεσποτικοῦ
1273 3881 1501 3952 αἵματος
1533 3882 1865 3954 ἀξιούμενοι,

290 3963 391 4017 καὶ
420 3964 583 4030 ἀξίως
613 3967 711 4037 τῆς
742 3967 950 4039 δωρεᾶς
991 3971 1192 4042 ταύτης
1237 3973 1662 4046 πολιτευόμενοι,
1705 3979 1870 4030 ἐπαν-

293 4053 495 4109 θοῦσαν
540 4058 724 4122 αὑτοῖς
771 4058 952 4129 ἔχουσι
996 4062 1093 4131 τὴν
1135 4062 1229 4115 τοῦ
1276 4066 1605 4119 Δεσποτικοῦ
1637 4069 1868 4137 αἵματος

292 4143 460 4214 χάριν
480 4161 494 4174 ·
528 4146 623 4200 καὶ
652 4148 832 4202 Μωὰϐ
852 4149 908 4201 δὲ
952 4152 1418 4221 προσαγορεύεται
1450 4155 1478 4206 ὁ
1520 4155 1587 4208 ἐκ
1620 4157 1726 4210 τοῦ
1761 4175 1872 4209 πα-

294 4235 439 4301 τρὸς
468 4239 796 4305 γεννηθείς.
851 4240 1008 4294 Οὕτω
1055 4241 1162 4312 γὰρ
1192 4243 1224 4312 ή
1259 4243 1599 4314 πρεσϐυτέρα
1628 4245 1720 4299 τοῦ
1750 4248 1869 4299 Λὼτ

295 4325 547 4398 θυγάτηρ
593 4329 658 4382 ὲκ
700 4329 793 4382 τοῦ
827 4332 1031 4401 πατρὸς
1073 4332 1431 4395 συλλαϐοῦσα,
1467 4329 1583 4388 εἶτα
1614 4337 1867 4397 τεκοῦσα,

296 4418 709 4489 προσηγόρευσε
771 4420 863 4474 τὸν
903 4422 1183 4492 τεχθέντα.
1231 4426 1292 4477 Oi
1349 4424 1526 4478 τοίνυν
1581 4426 1685 4478 υἱοὶ
1733 4426 1866 4478 Θεοῦ

297 4511 865 4581 προσαγορευόμενοι,
919 4531 938 4562 ι
974 4512 1022 4566 οἳ
1067 4514 1165 4566 οὐκ
1207 4513 1264 4579 ἐξ
1292 4515 1559 4583 αἱμάτων,
1596 4516 1715 4568 οὐδὲ
1738 4518 1780 4548 ¹⁶
1807 4518 1870 4570 ἐκ

298 4598 600 4670 θελήματος
629 4600 839 4671 ἀνδρὸς,
865 4602 984 4655 οὐδὲ
1011 4606 1075 4656 ὲκ
1108 4603 1402 4673 θελήματος
1430 4604 1649 4675 σαρκὸς,
1674 4606 1784 4657 ἀλλ’
1808 4608 1871 4660 ἐκ

298 4689 439 4742 Θεοῦ
488 4691 873 4761 ἐγεννήθησαν,
923 4711 942 4744 ›
1002 4693 1225 4758 εἰκότως
1270 4693 1449 4747 Μωὰϐ
1497 4695 1869 4765 ὀνομάζονται.

296 4778 415 4833 Καὶ
440 4782 470 4834 0
509 4781 734 4850 Ἀμμὰν
768 4783 823 4835 δὲ
866 4782 972 4836 τὸν
1014 4786 1150 4837 υἱὸν
1191 4783 1295 4837 τοῦ
1323 4783 1537 4852 γένους·
1578 4786 1828 4855 σημαίνει
1859 4804 1872 4816 ·

297 4870 462 4925 τοῦτο
495 4872 603 4943 γὰρ
634 4874 668 4943 ἡ
719 4874 838 4927 θεία
867 4875 1105 4927 διδάσκει
1135 4876 1346 4945 Γραφή.
1381 4877 1542 4944 Λέγει
1571 4877 1678 4946 γὰρ
1708 4879 1735 4930 0
1768 4896 1873 4948 μα-

300 4967 493 5033 κάριος
535 4964 745 5027 Παῦλος
788 4967 845 5019 ὲν
892 4966 1192 5035 Ἀθηναίοις
1240 4966 1565 5037 δημηγορῶν
1591 4985 1603 4997 ·
1662 4987 1678 5019 ι
1715 4971 1752 5021 Γ
1754 4970 1870 5032 ἐνος

297 5051 396 5110 οῦν
428 5055 763 5125 ὑπάρχοντες
806 5056 898 5109 τοῦ
943 5057 1097 5122 Θεοῦ,
1147 5057 1246 5108 οὐκ
1278 5057 1560 5128 ὀφείλομεν
1608 5058 1867 5128 νομίζειν,

381 5236 403 5269 ⁸
443 5227 641 5286 Jerem.
672 5244 710 5294 ι,
746 5229 830 5284 l4.

1964 522 2235 569 conteret.
2271 533 2286 566 ι
2324 513 2477 584 S:epe
2534 516 2795 579 diximus,
2847 526 3055 585 quartae
3093 516 3279 572 bestiae
3341 516 3527 571 decem

1963 620 2190 671 cornua,
2217 622 2340 676 qua:
2368 607 2562 662 eodem
2613 617 2860 677 tempore
2884 616 3296 677 apparuerunt,
3343 609 3530 663 decem

1962 713 2118 766 reges
2154 698 2278 753 illos
2336 699 2672 768 signiﬁcare,
2725 700 2818 769 qui
2885 700 3031 753 circa
3068 699 3228 754 linem
3302 698 3531 752 Romani

1964 788 2181 858 imperii
2237 792 2520 857 regnaturi
2583 797 2791 847 essent.
2838 789 2912 843 Ex
2942 791 3027 844 his
3069 790 3253 859 itaque
3287 806 3482 844 rursus
3511 795 3531 813 '

1964 879 2147 931 Austri
2176 894 2269 932 rex
2301 894 2427 934 cum
2480 880 2600 949 ipso
2631 879 2936 941 dimicabit,
2965 879 3059 947 qui
3118 879 3393 948 Aquilonis
3442 889 3535 931 rea:

1965 977 2210 1023 vocatur.
2252 989 2270 1022 ι
2305 969 2385 1024 Ab
2417 972 2676 1040 aquilone
2705 969 2849 1023 eliim
2901 970 3279 1035 exardescent,
3332 969 3531 1038 inquit,

1964 1060 2106 1112 Inala
2133 1076 2301 1131 super
2334 1076 2527 1115 omnes
2561 1061 2872 1115 habitantes
2915 1072 3115 1115 terram
3144 1072 3189 1115 ³.
3248 1080 3266 1113 ι
3325 1060 3389 1113 Ει
3422 1061 3529 1114 Au-

1964 1149 2203 1213 tiochus,
2239 1151 2333 1218 qui
2369 1151 2490 1220 ejus
2522 1159 2682 1222 typus
2711 1159 2850 1216 erat,
2877 1151 3150 1219 Aquilonis
3186 1162 3278 1205 rex
3308 1151 3533 1204 vocaba-

1963 1246 2074 1294 tur.
2106 1239 2243 1293 Cum
2277 1240 2458 1310 itaque
2491 1257 2582 1296 rex
2623 1242 2810 1296 Austri
2862 1257 2985 1295 cum
3037 1242 3156 1310 ipso
3200 1255 3529 1310 congressus

1964 1330 2150 1396 fuerit,
2184 1332 2286 1386 iste
2319 1346 2445 1387 cum
2476 1333 2722 1387 exercitu
2758 1340 2811 1387 et
2843 1331 3220 1397 munimentis,
3271 1340 3385 1385 tum
3416 1346 3531 1383 ma-

1963 1423 2179 1488 ritimis,
2226 1432 2340 1477 tum
2388 1425 2768 1487 terreswibus,
2802 1424 3069 1478 adversus
3110 1438 3235 1477 eum
3269 1423 3535 1493 prmliabi-

1964 1523 2076 1574 tur,
2111 1515 2509 1584 victoriamque
2554 1513 2914 1582 adipiscetur.
2950 1514 3129 1583 Atque
3159 1512 3228 1566 de
3273 1512 3356 1567 his
3399 1513 3533 1581 ipsis

1966 1606 2214 1661 hostibus
2246 1606 2299 1660 in
2333 1607 2516 1662 sacris
2557 1606 2871 1676 Evangeliis
2908 1607 3020 1675 jam
3059 1605 3197 1659 dixit
3229 1604 3491 1659 Dominus
3515 1621 3529 1634 ·

1970 1710 1989 1743 ι
2035 1694 2344 1764 Consurget
2365 1695 2511 1749 enim
2546 1711 2681 1765 gens
2710 1696 2765 1748 in
2798 1702 3037 1764 gentem,
3091 1700 3145 1747 et
3190 1709 3417 1763 regnum
3475 1694 3532 1746 in

1894 1778 1934 1831 Β
1965 1798 2214 1852 regnum,
2250 1793 2304 1838 et
2326 1794 2502 1841 erunt
2553 1786 2885 1856 pestilentiae
2919 1791 2974 1839 et
3033 1783 3227 1849 fames,
3275 1792 3330 1839 et
3376 1792 3535 1838 terrae

1966 1886 2147 1931 motus
2184 1890 2280 1945 per
2309 1877 2494 1931 omnia
2537 1877 2692 1932 loca:
2731 1877 2940 1947 1291
2981 1878 3094 1932 haec
3133 1884 3313 1931 autem
3350 1875 3534 1939 omnia

1963 1967 2118 2020 initia
2154 1977 2288 2021 sunt
2330 1968 2584 2023 dolorum
2622 1971 2664 2023 ι.
2716 1987 2734 2021 ι
2777 1968 3053 2024 Habentes
3110 1969 3290 2037 itaque
3320 1966 3530 2021 Domini

1964 2058 2374 2127 praedictionem
2409 2073 2535 2112 cum
2596 2059 2699 2113 hac
2735 2060 3016 2128 pr0phetia
3073 2066 3532 2122 consentaneam,

1962 2148 2240 2218 proposita
2271 2148 2655 2219 intelligemus.
2687 2167 2706 2200 ι
2744 2147 2808 2202 Ει
2835 2148 3192 2218 pertransibit
3217 2186 3232 2213 ,
3275 2167 3293 2199 ι
3330 2146 3532 2216 inquit.

2041 2420 2200 2476 Vens.
2229 2422 2320 2477 41.
2360 2441 2378 2475 ι
2414 2422 2481 2477 Ει
2528 2422 2870 2493 ingredietur
2934 2422 2988 2478 in
3054 2431 3254 2478 terram
3292 2420 3469 2476 Sabir.
3510 2436 3532 2471 ι

1965 2512 2180 2570 Rursus
2224 2525 2427 2570 terram
2477 2514 2640 2570 Sabir
2715 2516 3153 2586 Hierosolymam
3211 2515 3534 2568 declaravit.

1968 2624 1986 2656 ι
2029 2607 2094 2659 Et
2125 2607 2286 2660 multi
2335 2606 2784 2661 inlirmabuntur.
2834 2626 2851 2659 ι
2882 2607 3099 2676 Decepti
3140 2607 3415 2667 videlicet,
3455 2606 3535 2658 rel

1965 2697 2345 2767 magnitudine
2385 2699 2783 2767 suppliciorum
2817 2699 3034 2752 molliti.
3081 2716 3098 2748 ι
3136 2697 3201 2750 Et
3238 2698 3328 2750 isti
3362 2696 3532 2750 salva.

1965 2789 2170 2843 buntur
2190 2789 2259 2843 de
2310 2804 2475 2843 manu
2507 2789 2648 2858 ejus,
2686 2790 2883 2852 Edom,
2919 2797 2971 2842 et
3011 2787 3189 2849 Moab,
3223 2796 3277 2842 et
3325 2788 3535 2856 princi-

1963 2891 2125 2952 patus
2174 2880 2421 2935 ﬁliorum.
2470 2881 2726 2937 Ammon.
2774 2900 2791 2933 ι
2843 2881 3027 2951 Neque
3087 2882 3203 2935 haec
3261 2881 3539 2934 Antiocho

1964 2971 2318 3026 conveniunt.
2373 2971 2586 3027 Etenim
2641 2988 2767 3026 cum
2822 2972 2922 3026 hos
2973 2972 3305 3040 subegisset,
3365 2972 3538 3025 duces

1968 3065 2100 3134 ipsis
2133 3062 2395 3133 prmfccit,
2428 3079 2493 3118 ex
2534 3064 2739 3133 quibus
2767 3078 2910 3118 unus
2934 3071 3054 3118 erat
3080 3063 3401 3117 Timotheus
3426 3063 3535 3117 dux

1970 3158 2429 3210 Ammanitarum.
2463 3154 2577 3211 Hoc
2599 3155 2767 3225 impio
2799 3156 2938 3210 duce
2968 3155 3267 3209 verisimile
3292 3162 3377 3208 est
3403 3155 3540 3209 istos

1966 3245 2224 3316 effugisse
2262 3266 2276 3302 :
2310 3246 2514 3316 quippe
2545 3260 2613 3300 ne
2660 3247 2829 3314 probe
2865 3246 3084 3314 quidem
3139 3253 3194 3299 et
3224 3246 3374 3299 serio
3419 3245 3537 3313 pie-

1967 3345 2131 3392 tatem
2185 3337 2432 3391 colentes
2475 3352 2489 3390 :
2528 3335 2788 3390 omnibus
2841 3335 2987 3390 enim
3048 3334 3235 3403 probis
3308 3347 3539 3403 prorsus

1968 3429 2170 3499 impius
2208 3428 2414 3483 bellum
2450 3427 2605 3482 facit.
2653 3427 2810 3493 Quod
2842 3427 2890 3482 si
2928 3442 3058 3482 vero
3107 3426 3335 3496 ﬁgurate
3371 3425 3537 3478 etiam

1968 3521 2083 3576 hinc
2119 3519 2470 3590 intelligenda
2503 3529 2632 3575 sunt
2663 3520 2912 3582 nomina,
2955 3518 3126 3572 Edam
3173 3520 3542 3587 interpretan-

1969 3617 2059 3663 tur
2090 3607 2271 3675 rufum
2300 3623 2319 3661 :
2352 3622 2524 3678 quare
2554 3607 2720 3662 etiam
2778 3606 2922 3661 Esau
2980 3605 3153 3659 Edom
3188 3613 3541 3673 nuncupatus

1970 3698 2097 3765 fuit,
2132 3708 2191 3754 ut
2224 3699 2319 3769 qui
2357 3699 2672 3753 coctionem
2714 3698 2991 3752 lenticula:
3029 3697 3250 3752 rubram
3280 3695 3543 3765 appetiis-

1970 3800 2096 3847 set:
2130 3799 2184 3846 et
2213 3789 2437 3861 sanguis
2480 3789 2610 3845 item
2645 3789 2870 3844 rubram
2921 3788 3157 3858 speciem
3199 3788 3382 3844 habet.
3434 3787 3540 3853 Qui

1970 3882 2155 3952 itaque
2197 3880 2413 3935 Domini
2466 3880 2738 3951 sanguine
2763 3879 2916 3949 digni
2949 3886 3274 3943 censentur,
3323 3885 3378 3933 et
3435 3893 3535 3946 pro

1971 3974 2218 4029 muneris
2246 3972 2410 4042 hujus
2427 3971 2696 4043 dignitate
2722 3972 2886 4026 vitam
2910 3970 3232 4036 instituunt,
3258 3966 3542 4022 ﬂorentem

1971 4067 2025 4121 in
2056 4081 2114 4120 se
2148 4065 2352 4118 habent
2381 4065 2609 4133 gratiam
2657 4061 2947 4132 sanguinis
2976 4059 3191 4114 Domini
3226 4076 3241 4112 :
3281 4057 3347 4111 Et
3380 4056 3543 4111 Moab

1971 4157 2275 4225 appellatur
2307 4170 2372 4208 ea:
2403 4164 2552 4223 patre
2579 4163 2759 4207 natus.
2801 4152 2894 4206 Sic
2919 4152 3066 4205 enim
3106 4151 3214 4203 filia
3256 4148 3375 4202 Loli
3412 4156 3541 4202 natu

1971 4249 2169 4317 major,
2212 4263 2335 4300 cum
2370 4263 2435 4300 ex
2469 4256 2621 4314 patre
2660 4244 3026 4313 concepisset,
3068 4240 3266 4294 deinde
3300 4240 3542 4307 peperis-

1971 4345 2074 4402 set,
2107 4342 2293 4388 natum
2327 4335 2563 4388 vocavit.
2600 4332 2703 4398 Qui
2742 4331 2925 4400 itaque
2961 4329 3052 4382 ﬁlii
3082 4327 3175 4382 Dci
3222 4342 3541 4395 nuncupan-

1973 4432 2082 4487 tur,
2121 4442 2138 4474 ι
2180 4424 2273 4493 qui
2314 4439 2424 4476 non
2457 4438 2523 4476 ex
2581 4420 2978 4491 sanguinibus,
3020 4432 3200 4486 neque
3233 4431 3299 4470 ex
3349 4416 3541 4468 volun-

1972 4524 2081 4569 tate
2118 4515 2322 4579 carnis,
2370 4529 2547 4582 neque
2586 4528 2650 4566 cx
2704 4512 2987 4565 voluntate
3041 4508 3171 4572 viri,
3201 4508 3293 4560 sed
3328 4522 3395 4561 ex
3434 4507 3542 4561 lico

1976 4607 2085 4660 nati
2107 4612 2298 4667 sunt“,
2330 4623 2347 4654 ›
2380 4603 2574 4657 merito
2596 4601 2754 4655 Moab
2775 4601 3147 4655 nominantur.
3179 4598 3387 4667 1292
3415 4595 3546 4649 Am-

1973 4711 2095 4747 man
2142 4709 2361 4763 quoque
2412 4693 2587 4761 [ilium
2629 4691 2833 4761 generis
2889 4687 3209 4758 significat:
3246 4688 3347 4739 hoc
3395 4687 3541 4739 enim

1973 4783 2159 4837 divina
2192 4782 2479 4852 Scriptura
2515 4781 2694 4834 duoet.
2734 4778 2798 4833 Et
2836 4779 3028 4832 beatus
3057 4775 3257 4829 Paulus
3280 4778 3344 4828 ad
3378 4775 3538 4828 Athe-

1977 4874 2195 4927 nienses
2225 4872 2546 4927 concionem
2589 4872 2797 4925 habens
2834 4885 2847 4920 :
2889 4888 2907 4919 ι
2948 4867 3128 4923 Genus
3155 4882 3307 4937 ergo,
3341 4867 3541 4936 inquit,

1977 4979 2102 5019 cum
2145 4964 2316 5019 simus
2339 4964 2450 5029 Dei,
2498 4979 2608 5017 non
2651 4962 2911 5016 debemus
2955 4960 3247 5023 mstimarc,
3290 4974 3424 5013 auro
3451 4968 3544 5013 aut

1980 5067 2231 5127 argento,
2266 5065 2362 5111 aut
2395 5057 2583 5126 lapidi,
2619 5056 2922 5125 sculptura:
2963 5053 3120 5119 artis,
3154 5060 3208 5108 ct
3252 5055 3544 5126 cogitatio-

944 5231 961 5267 ι
996 5229 1184 5284 Matth.
1229 5246 1375 5294 κείν,
1416 5232 1472 5293 7,
1500 5231 1552 5285 8.
1631 5245 1655 5271 α
1693 5228 1850 5287 Joau.
1894 5251 1934 5299 ι,
1970 5235 2051 5287 15.

1606 5384 1838 5439 V'Alil/E
1883 5385 2281 5441 LECTIONES.

390 5508 412 5538 ³
451 5507 528 5559 ἐν.
584 5503 708 5560 Des.
749 5506 802 5577 in
834 5503 891 5556 Β.
928 5504 990 5577 ηδ
1023 5504 1062 5556 Β
1091 5504 1229 5577 κατὰ
1250 5506 1464 5577 ταύτόν.
1545 5506 1562 5534 ’⁵
1600 5505 1636 5555 Β
1662 5507 1974 5577 ὀχημάτων.
2040 5508 2059 5536 ⁵
2092 5508 2201 5558 καί.
2232 5507 2349 5558 Dos.
2392 5509 2442 5560 in
2479 5508 2537 5559 Β.
2609 5509 2626 5537 ⁵
2661 5509 2696 5558 Β
2729 5510 3013 5577 πολέμους.
3096 5508 3112 5535 ⁷
3140 5502 3349 5577 γάρ)δῖ
3394 5499 3539 5577 addit

298 5575 490 5643 φησίν.
568 5579 589 5608 ⁸
626 5576 664 5628 Β
708 5576 880 5627 πάντα
920 5575 976 5626 δὲ
1014 5574 1206 5625 ταῦτα.
1286 5576 1365 5625 θιι
1391 5577 1549 5643 ἀρχή.

311 5651 328 5678 ι
378 5647 416 5697 Β
439 5648 874 5717 ﬁngendas.
990 5644 1031 5674 ¹⁵
1059 5643 1200 5697 τούτ.
1227 5644 1405 5698 Badd.
1439 5646 1563 5714 γάρ.

1634 5578 1673 5604 ¹⁰
1707 5577 1847 5643 τῇδε.
1887 5576 2004 5629 Dus.
2056 5579 2105 5627 in
2148 5578 2202 5630 Β.

1668 5647 1707 5675 ¹⁸
1738 5647 1855 5698 οὐδὲ
1881 5677 1933 5685 —-
1974 5646 2123 5715 άκδρ.
2160 5647 2279 5703 Des.
2314 5649 2363 5702 in
2397 5649 2450 5703 Β.

2290 5579 2326 5608 ¹¹
2363 5580 2431 5630 οἱ.
2465 5578 2499 5628 Β
2669 5581 2707 5609 ¹²
2739 5581 2777 5632 Β
2802 5573 3116 5644 ἐπέστησεν.
3201 5576 3241 5605 ³³
3288 5573 3328 5625 Β
3359 5573 3541 5627 πᾶσιν.
