3912 6206
421 304 561 371 1535
733 336 736 339 η
1353 306 1835 367 ΤΗΕοωΠΕτί
1866 304 2202 366 EPlSCOPI
2237 305 2603 366 CYRENSIS
3522 303 3646 374 πρε

422 419 512 473 lis.
549 417 645 474 His
676 418 868 488 adjicit
901 439 913 472 :
958 436 975 468 ι
1013 416 1076 471 Ει
1106 425 1351 490 tempore
1396 421 1491 473 illo
1542 421 1847 475 salvabitur
1883 434 1984 490 po-

2105 420 2134 471 :i
2162 419 2235 490 μὴ
2259 419 2669 488 ἐκολοϐώθησαν
2699 418 2755 471 αὶ
2789 416 2989 489 ἡμέραι
3019 417 3252 482 ἐκεῖναι,
3277 416 3376 471 οὐκ
3399 416 3463 472 ἂν
3485 419 3648 491 ἐσώθη

424 510 588 580 pulus
620 518 745 565 tuus
774 510 978 572 omnis.
1014 511 1106 579 qui
1156 513 1409 566 inventus
1453 511 1615 565 {merit
1652 513 1894 582 scriptus
1929 512 1982 564 in

2105 512 2239 563 πᾶσα
2263 510 2399 581 σάρξ
2418 526 2430 539 ·
2461 510 2547 563 διὰ
2567 510 2624 562 δὲ
2653 510 2780 572 τοὺς
2808 507 3098 573 ἐκλεκτούς
3128 525 3234 579 μου
3253 509 3298 540 εί
3326 508 3652 563 κολοὸώσω⁸¹

424 601 597 664 lihro,
639 619 658 650 ι
692 600 794 653 hoc
826 606 930 663 est,
982 600 1159 654 salute
1208 599 1382 670 digni,
1439 599 1567 654 Eine
1610 600 1986 670 praedicationi

2105 603 2191 664 τὰς
2225 602 2438 672 ἡμέρας
2471 600 2704 662 ὲκείνας.
2738 620 2757 653 ι
2819 600 3110 670 Συμφωνεί
3136 599 3323 653 τοίνυν
3351 600 3421 652 τά
3458 617 3649 670 προςη-

422 689 877 758 ohtemperaturi,
928 706 1068 759 quos
1112 689 1253 746 Deus
1297 691 1407 760 jam
1474 691 1599 744 inde
1638 706 1666 743 a
1713 691 1986 760 principio

2105 690 2223 743 τικὰ
2251 692 2364 753 τοῖς
2390 688 2763 759 εὐαγγελικοῖς
2803 688 3158 759 θεσπίσμασι.
3187 689 3414 752 Τούτοις
3445 690 3651 756 ἐπάγει-

424 782 818 849 prmcognoscit
870 798 883 834 :
937 779 1030 835 Dei
1086 781 1285 852 quippe
1359 782 1731 853 cognitionem
1792 782 1989 835 librum

2105 802 2121 834 ι
2152 782 2263 836 Kal
2283 786 2340 837 ὲν
2371 781 2448 853 τῷ
2482 781 2658 853 καιρῷ
2686 782 2880 853 ἐκείνῳ
2905 782 3215 853 σωθήσεται
3249 783 3278 834 ὁ
3301 781 3428 844 λαός
3456 799 3543 835 σου
3564 785 3653 845 τεᾶς

424 870 786 938 num-upavit.

2105 876 2120 927 5
2152 872 2399 945 εὑρεθεὶς
2439 871 2824 944 γεγραμμένος
2856 876 2913 927 ὲν
2953 875 3019 944 τῇ
3064 872 3260 944 βίϐλῳ.
3310 890 3330 924 ι
3380 873 3520 924 Ἀντὶ
3554 872 3657 937 τοῦ,

422 959 532 1011 ci“
560 961 654 1030 τῆς
685 960 954 1031 σωτηρίας
985 961 1145 1029 ἄξιοι,
1175 963 1224 1015 οἱ
1251 960 1327 1031 τῷ
1357 960 1673 1032 κηρύγματι
1707 960 1799 1014 τοῦ
1843 960 1998 1014 Ἠλία
2028 961 2542 1033 ὑπακουσόμενοιδθ,
2591 961 2685 1025 οὓς
2718 960 2924 1016 ἄνωθεν
2957 962 3052 1016 καὶ
3090 961 3136 994 ⁸⁸
3199 960 3265 1027 ἐξ
3311 961 3481 1032 ἀρχῆς
3544 980 3656 1033 προ.

422 1049 675 1121 γινώσκει
697 1053 741 1084 ⁵⁵
768 1070 781 1085 ·
820 1053 916 1124 τὴν
946 1054 1053 1125 γάρ
1085 1053 1175 1107 τοῦ
1223 1054 1356 1107 Θεοῦ
1389 1054 1587 1122 γνῶσιν
1629 1053 1808 1123 βίϐλον
1851 1053 2123 1123 ὠνόμασε.

496 1139 665 1194 Vsus.
696 1141 752 1197 2.
790 1162 809 1195 ι
865 1143 928 1198 Ει
953 1144 1142 1208 multi,
1204 1145 1423 1214 inquit,
1471 1144 1862 1199 dormientium
1935 1144 1992 1198 in

426 1238 587 1286 terrae
618 1234 839 1302 pulvere
861 1235 1276 1299 excitabuntur,
1314 1237 1367 1289 hi
1399 1236 1453 1289 in
1497 1235 1665 1289 vitam
1699 1245 1989 1301 azternam,

431 1323 647 1395 1296
673 1335 725 1379 et
756 1326 811 1379 hi
842 1326 896 1379 in
927 1326 1283 1395 Opprohrium
1328 1336 1381 1379 et
1430 1327 1482 1379 in
1516 1326 1754 1381 dedecus
1791 1326 1997 1395 sempi-

428 1421 662 1466 ternum.
704 1434 723 1465 ι
767 1415 974 1484 Dicant,
996 1415 1088 1485 qui
1122 1416 1233 1469 haec
1267 1416 1537 1470 Antiocho
1567 1426 1756 1485 aptare
1792 1431 1998 1470 conan-

428 1512 544 1567 tur,
575 1505 797 1570 quinam
830 1510 1237 1563 resurrexerint
1265 1510 1361 1563 illo
1388 1519 1674 1578 regnante,
1694 1525 1757 1562 ex
1796 1508 1996 1578 quibus

426 1597 592 1650 vitam
623 1607 880 1653 :eternam
914 1601 1004 1654 alii
1029 1602 1310 1657 consecuti
1337 1601 1446 1655 sint
1475 1641 1488 1664 ,
1517 1603 1609 1654 alii
1638 1602 1994 1671 opprobrium

428 1696 483 1742 et
514 1689 751 1745 dedecus
782 1693 1178 1761 sempiternum
1216 1694 1589 1763 perceperint.
1631 1694 1791 1759 Quod
1829 1694 1874 1749 si
1904 1709 1999 1763 per

430 1777 533 1831 hos
565 1777 904 1833 Macltubzem
931 1780 1200 1834 declarari
1244 1781 1508 1846 dixerint,
1535 1783 1625 1850 qui
1653 1801 1681 1835 e
1711 1782 1997 1850 speluncis

2170 1144 2235 1215 βἰ
2272 1162 2291 1196 ί
2325 1144 2435 1198 Καὶ
2480 1143 2684 1207 πολλοὶ,
2731 1142 2885 1214 φησι,
2922 1142 3031 1197 τῶν
3082 1142 3461 1197 καθευδόντων
3489 1142 3544 1195 ὲν
3569 1142 3653 1213 γῆς

2096 1234 2310 1306 χώματι
2349 1233 2833 1305 ὲξεγερθήσονται,
2893 1227 3039 1288 οὗτοι
3094 1235 3180 1297 εἰς
3241 1233 3392 1303 ζωὴν
3445 1233 3653 1296 αἰώνιον,

2097 1326 2195 1379 καὶ
2241 1315 2389 1378 οὗτοι
2444 1326 2524 1388 εἰς
2555 1324 2859 1395 ὀνειδισμὸν
2898 1326 2993 1379 καὶ
3027 1325 3107 1390 εἰς
3144 1325 3190 1357 ⁸⁷
3246 1323 3507 1395 αἰσχύνην
3542 1325 3652 1377 ιιξὼ-

2057 1457 2061 1461 -
2098 1435 2231 1472 νιον.
2276 1437 2294 1470 ι
2334 1417 2656 1471 Εῐπάτωσαν
2710 1418 2761 1471 οἱ
2806 1417 2885 1489 τῷ
2938 1416 3201 1489 Ἀντιόχῳ
3240 1416 3416 1471 ταῦτα
3445 1433 3653 1487 προσαρ-

2103 1511 2317 1581 μόττειν
2344 1510 2773 1582 ἐπιχειροῦντες,
2808 1509 2954 1573 τινες
2977 1510 3293 1580 ἀνέστησαν
3328 1509 3415 1562 ἐπ’
3448 1508 3648 1572 ἐκείνου.

2099 1600 2196 1655 καὶ
2230 1600 2279 1651 οἱ
2309 1599 2409 1671 μὲν
2445 1597 2591 1670 ζωῆς
2622 1600 2920 1670 ἐτύγχανον
2943 1599 2989 1631 ⁸⁸
3023 1598 3275 1662 αἰωνίου,
3320 1601 3371 1651 οἱ
3403 1598 3458 1651 δὲ
3496 1600 3653 1652 ὀνειδι-

2101 1691 2237 1759 σμὸν
2271 1692 2365 1744 καὶ
2390 1692 2655 1762 αἰσχύνην
2686 1691 2904 1744 αἰώνιον
2934 1689 3355 1761 ἐκαρπώσαντο.
3386 1689 3447 1741 Et
3470 1689 3522 1742 δὲ
3550 1692 3650 1755 τοὺς

2099 1782 2495 1847 Μακκαὸαἰους
2528 1782 2735 1837 εἴποιεν
2780 1782 2874 1836 διά
2905 1782 3113 1836 τούτων
3145 1779 3442 1852 δηλοῦσθαι
3476 1781 3536 1834 ὲκ
3562 1781 3650 1834 τῶν

340 1904 341 1907 η
431 1871 635 1931 exiere,
674 1870 866 1940 majori
902 1873 1014 1926 risu
1067 1873 1214 1943 digni
1251 1873 1667 1938 censehnntur;
1725 1872 1998 1939 siquidem

2105 1872 2383 1943 σπηλαίων
2416 1870 2677 1938 ἐξιόντας,
2729 1870 2948 1940 μείζονα
2980 1869 3287 1941 ὁφλήσουσι
3317 1867 3549 1937 γέλωτα’
3577 1869 3651 1921 εὑι

374 2026 377 2031 ξ
436 1959 785 2013 invenientur
818 1961 1069 2021 iidemct
1110 1961 1334 2030 pietatis
1374 1971 1670 2026 amatores,
1703 1970 1757 2015 et
1803 1962 1999 2031 impie-

435 2051 564 2104 tatis
591 2051 843 2120 Opiﬁces,
874 2066 998 2106 cum
1050 2053 1337 2122 prophetia
1390 2052 1537 2106 dicat
1570 2071 1582 2106 :
1622 2072 1640 2103 ι
1688 2052 1843 2107 Multi
1876 2054 2005 2107 dora

435 2143 720 2196 mientium
774 2144 1026 2198 interrae
1085 2145 1311 2213 pulvere
1358 2144 1774 2208 excitabuntur,
1825 2146 1879 2197 hi
1946 2145 2000 2198 in

435 2234 603 2286 vitam
631 2243 914 2296 aeternam,
960 2242 1014 2288 et
1063 2234 1114 2287 hi
1152 2234 1204 2287 in
1256 2235 1612 2304 opprobrium
1651 2243 1706 2290 et
1765 2235 2003 2291 dedecus

436 2321 851 2390 sempiternum.
893 2341 912 2374 ι
947 2322 1129 2388 Quare
1163 2324 1207 2378 si
1231 2325 1296 2378 de
1333 2323 1659 2379 Machahzeis
1708 2325 1822 2379 haac
1854 2326 2001 2379 dicta

435 2412 730 2481 accipiant,
762 2412 985 2467 eosdem
1028 2413 1369 2470 Machabwos
1398 2424 1452 2469 ct
1475 2416 1755 2482 improbos
1785 2426 1838 2470 et
1876 2432 2003 2486 pro-

435 2502 539 2557 bos
575 2512 845 2568 asserent,
877 2505 960 2559 vel
987 2505 1205 2576 aliquos
1232 2522 1297 2561 ex
1353 2508 1489 2577 ipsis
1537 2508 1736 2573 bonos,
1790 2508 2003 2579 aliquos

435 2593 631 2648 malos.
668 2592 774 2647 Sed
820 2610 887 2648 ne
932 2596 1035 2650 hoc
1073 2596 1292 2666 quidem
1350 2597 1478 2653 licet
1540 2598 1837 2655 invenire:
1880 2601 2003 2669 pius

435 2685 581 2739 enim
617 2684 720 2739 fuit
753 2687 935 2741 munis
966 2687 1213 2758 ipsorum
1238 2700 1437 2745 ccetus.
1471 2690 1658 2761 Neque
1706 2693 1837 2746 item
1892 2695 2003 2748 vita
2046 2706 2052 2711 ‘

433 2787 634 2832 aeterna
667 2779 968 2833 secundum
994 2790 1317 2850 praesentem
1343 2783 1505 2836 vitam
1536 2784 1671 2853 ipsis
1702 2787 1959 2839 convenit
1986 2804 2000 2841 :

436 2882 561 2920 nam
589 2882 779 2923 omnes
803 2869 1075 2925 interfecti
1106 2872 1215 2925 vita
1263 2872 1576 2929 decessere.
1613 2876 1871 2931 Anilibus
1899 2878 2003 2949 igi-

2105 1962 2421 2032 ρεθήσονται
2453 1961 2562 2033 γὰρ
2593 1961 2641 2014 οἱ
2669 1960 2823 2014 αὐτοὶ
2851 1962 2947 2014 καὶ
2981 1958 3280 2022 εὐσεϐείας
3319 1958 3553 2028 ἐρασταὶ,
3574 1961 3649 2013 καὶ

2104 2053 2357 2116 ἀσεϐείας
2393 2053 2652 2123 ἐργάται·
2684 2054 2719 2124 ἡ
2765 2051 2874 2124 γὰρ
2902 2051 3216 2122 προφητεία
3247 2050 3408 2122 φησι·
3443 2068 3460 2101 ι
3489 2049 3649 2102 Πολλοὶ

2101 2142 2211 2196 τῶν
2265 2142 2631 2197 καθευδόντων
2672 2145 2730 2197 ὲν
2783 2143 2887 2214 γῆς
2937 2142 3158 2214 χώματι
3211 2141 3651 2213 ὲξεγερθήσονται.

2102 2230 2244 2289 οὗτοι
2274 2235 2353 2296 εἰς
2386 2233 2532 2301 ζωὴν
2561 2231 2801 2297 αἰώνιον,
2829 2233 2925 2287 καὶ
2947 2228 3092 2288 οὗτοι
3138 2234 3222 2297 εἰς
3261 2231 3552 2303 ὀνειδισμὸν
3572 2235 3646 2284 καὶ

2103 2324 2364 2395 αἰσχύνην
2387 2323 2620 2378 αἰώνιον.
2650 2343 2669 2375 ι
2699 2325 2864 2377 Ὥστε
2894 2325 2941 2377 ει
2964 2324 3008 2356 ⁸⁸
3031 2326 3110 2388 εἰς
3135 2324 3270 2387 τοὺς
3292 2320 3644 2385 Μακκαϐαἰους

2102 2416 2274 2470 ταῦτα
2316 2415 2568 2481 λάϐοιεν,
2618 2416 2816 2479 αὐτοὺς
2857 2417 2984 2479 τοὺς
3028 2415 3427 2478 Μακκαόαίους
3455 2415 3645 2484 φήσουσι

2107 2507 2200 2559 καὶ
2234 2506 2505 2578 πονηροὺς
2551 2506 2645 2559 καὶ
2692 2505 2950 2575 ἀγαθοὺς,
2997 2505 3030 2577 ἢ
3082 2505 3242 2570 τινάς
3280 2506 3377 2576 μὲν
3407 2505 3462 2572 ἐξ
3499 2505 3641 2559 αὐτῶν

2105 2598 2364 2667 ἀγαθοὺς,
2414 2597 2570 2662 τινάς
2602 2597 2658 2651 δὲ
2701 2596 2927 2661 κακούς.
2973 2596 3113 2650 Ἀλλ’
3167 2598 3292 2651 οὐδὲ
3331 2599 3481 2651 τοῦτο
3524 2596 3642 2649 ἔστιν

2104 2690 2283 2761 εὑρεῖν
2300 2707 2313 2721 '
2344 2689 2576 2758 εὐσεϐὴς
2596 2688 2706 2761 γὰρ
2730 2688 2918 2743 ἆπασα
2939 2687 3120 2742 αὐτῶν
3150 2690 3185 2760 ἠ
3220 2687 3503 2759 συμμορία.
3530 2686 3635 2739 Οὔτε

2102 2779 2158 2833 δὲ
2188 2779 2221 2849 ἡ
2253 2777 2426 2850 ζωὴὴ
2466 2776 2684 2842 αἰώνιος
2729 2776 2871 2831 κατὰ
2902 2780 2995 2830 τὸν
3042 2778 3294 2849 παρόντα
3344 2777 3449 2847 βίον
3492 2777 3638 2837 αὐτοῖς

2104 2870 2366 2941 ἁρμόττει
2388 2887 2402 2900 ·
2434 2868 2676 2933 ἅπαντες
2709 2869 2819 2941 γάρ
2846 2869 3237 2941 ἀναιρεθέντες
3264 2869 3543 2940 ὑπεξῆλθον
3564 2868 3637 2921 τοῦ

433 2964 527 3011 tur
573 2957 776 3015 fabulis
824 2962 1055 3027 relictis,
1090 2979 1438 3018 communem
1474 2966 1603 3021 hinc
1654 2976 2001 3023 mortuorum

2107 2962 2221 3034 βίου
2243 2965 2311 3018 ⁸ο.
2350 2962 2562 3017 Οὐκοῦν
2606 2964 2732 3026 τοὺς
2762 2962 3033 3035 γραώδεις
3062 2962 3537 3034 μύθους-ἐκείνους
3559 2977 3638 3013 κα-

436 3053 892 3108 resurrectionem
925 3065 980 3109 et
1019 3056 1309 3126 judicium,
1362 3059 1508 3128 quod
1562 3067 1687 3129 post
1749 3075 2000 3116 resurre-

2105 3052 2444 3118 ταλιπόντες,
2470 3053 2569 3125 τὴν
2594 3053 2781 3124 κοινὴν
2805 3052 3054 3107 ἐντεῦθεν
3082 3053 3196 3108 τῶν
3228 3050 3645 3120 τετελευτηκότων

434 3143 672 3197 ctionem
708 3145 818 3209 ﬁet,
852 3146 1154 3203 discamus.
1182 3148 1286 3204 Alii
1340 3150 1488 3205 enim
1528 3167 1594 3208 ex
1642 3151 1779 3222 ipsis
1834 3153 1999 3235 vitam

2111 3144 2469 3215 μανθάνωμεν
2491 3144 2806 3209 ἀνάστασιν,
2831 3144 2926 3198 καὶ
2956 3145 3055 3217 τὴν
3079 3145 3125 3177 ⁸⁸
3161 3144 3303 3217 μετὰ
3329 3144 3421 3214 τὴν
3447 3143 3638 3196 ἀνάπα-

434 3241 694 3289 aeternam
733 3236 890 3307 quasi
922 3237 1241 3295 haareditate
1270 3250 1700 3313 consequentur.
1746 3244 1839 3298 alii
1871 3260 2002 3300 vero

434 3327 695 3382 irrisione
727 3337 781 3382 et
811 3331 1109 3400 opprobrio
1168 3332 1222 3386 in
1274 3343 1596 3405 perpetuum
1663 3337 1812 3407 digni
1877 3339 2003 3392 red-

435 3418 659 3472 dentur.
701 3416 863 3473 Multi
902 3430 1082 3476 autem
1111 3438 1211 3493 pro
1244 3440 1421 3479 omnes
1449 3425 1607 3481 dixit.
1638 3424 1852 3480 Etenim
1883 3427 2004 3481 bea-

435 3518 526 3566 tus
544 3526 761 3581 quoque
778 3511 982 3568 Paulus
998 3515 1150 3567 multi
1169 3531 1266 3586 pro
1285 3533 1460 3571 omnes
1478 3519 1682 3589 posuit,
1695 3533 1821 3573 cum
1843 3517 2000 3572 dixit:

441 3618 461 3651 ι
503 3600 561 3655 Si
598 3602 745 3656 enim
782 3603 944 3658 unius
973 3604 1175 3659 delicto
1205 3607 1360 3661 multi
1386 3609 1589 3663 mortui
1623 3616 1775 3672 sunt,
1825 3609 2002 3663 multo

436 3692 611 3763 magis
637 3695 809 3764 gratia
845 3694 960 3758 Dei,
989 3706 1044 3750 et
1074 3695 1279 3752 donum
1313 3714 1379 3754 ex
1415 3701 1587 3770 gratia
1630 3701 1793 3756 unius
1814 3701 1997 3755 homi~

437 3783 524 3840 nis
560 3782 690 3839 Jesu
724 3784 954 3852 Christi,
985 3788 1039 3843 in
1074 3790 1276 3846 multos
1300 3791 1600 3847 abundavit
1623 3801 1668 3846 ε.
1718 3810 1736 3843 ι

516 4056 728 4128 1297
761 4057 922 4116 Vsus.
959 4060 1012 4115 5.
1053 4079 1072 4113 ι
1110 4060 1176 4115 Et
1209 4060 1610 4132 intelligentes,
1641 4063 1842 4132 inquit,
1896 4062 2000 4117 l'ul-

435 4150 659 4222 gebunt,
690 4154 848 4220 quasi
879 4151 1139 4222 splendor
1171 4152 1516 4208 ﬁrmamenti.
1570 4172 1589 4206 ι
1626 4153 1690 4206 Ει
1740 4153 2002 4211 Dominus

347 4292 350 4295 .
439 4243 492 4297 in
555 4244 731 4297 sacris
764 4244 1070 4314 Evangeliis
1136 4245 1248 4300 ait:
1284 4263 1302 4297 ι
1343 4243 1499 4299 Tunc
1541 4244 1827 4316 fulgebunt
1866 4246 2002 4316 justi

437 4336 581 4390 sicut
609 4335 758 4391 sold.
801 4355 819 4387 ι
850 4365 919 4377 ——
949 4356 966 4388 ι
1004 4335 1069 4391 Ει
1104 4336 1313 4406 ajustis
1344 4338 1531 4392 multis
1560 4339 1717 4408 quasi
1747 4341 1915 4396 stella:
1948 4341 2002 4394 in

358 4496 361 4499 δ
436 4427 657 4490 saecula,
699 4435 752 4482 et
781 4428 944 4481 ultra.
1009 4445 1027 4477 ι
1085 4427 1466 4482 Prohatissimi
1520 4430 1664 4484 enim
1713 4440 1765 4486 et
1819 4432 2001 4496 electi,

2112 3253 2196 3289 σιν
2244 3230 2536 3308 γινομένην
2583 3235 2892 3308 διάκρισιν·
2945 3237 2994 3289 οἱ
3045 3235 3144 3307 μὲν
3192 3236 3301 3308 γάρ
3337 3233 3500 3287 αὐτῶν
3522 3232 3637 3301 ζωῆς

2110 3327 2332 3382 αἰωνεου
2381 3327 2905 3399 κληρονομήσουσιν,
2956 3326 3007 3379 οἱ
3060 3325 3119 3379 δὲ
3164 3324 3538 3393 καταγέλαστοι
3564 3320 3637 3373 καὶ

2111 3420 2464 3474 ὲπονείδιστοι
2512 3420 2591 3485 εἰς
2645 3418 2820 3474 αἰῶνα
2843 3419 2887 3451 ⁸³
2937 3419 3286 3489 γενήσονται.
3329 3414 3530 3470 Πολλοὶ
3572 3412 3632 3474 δὲ,

2074 3514 2078 3519 ⁴
2109 3511 2230 3565 ἀντὶ
2264 3508 2360 3563 τοῦ
2393 3509 2614 3576 πάντες
2645 3508 2773 3580 ἔφη.
2803 3511 2912 3563 Kal
2949 3508 3059 3581 γὰρ
3091 3511 3119 3562 ό
3153 3508 3419 3579 μακάριος⁵
3446 3504 3631 3564 Παῦλος.

2109 3600 2229 3654 ἀντὶ
2261 3597 2354 3653 τοῦ
2405 3598 2644 3666 πάντες,
2681 3603 2735 3654 οἱ
2769 3598 2989 3654 πολλοὶ
3033 3597 3268 3666 τέθεικε,
3306 3598 3466 3666 λέγων
3487 3611 3500 3626 ο
3539 3611 3555 3643 ι
3586 3591 3636 3644 Et

2108 3691 2216 3764 γὰρ
2245 3691 2322 3762 τῷ
2350 3691 2444 3745 τοῦ
2482 3693 2601 3756 ἑνὸς
2632 3691 3040 3765 παραπτώματι
3072 3693 3122 3745 οἱ
3165 3692 3351 3746 πολλοὶ
3388 3687 3630 3749 ἀπέθανον,

2111 3782 2291 3852 πολλῷ
2324 3783 2524 3852 μᾶλλον
2551 3785 2585 3855 ἠ
2617 3784 2776 3855 χάρις
2796 3783 2889 3837 τοῦ
2921 3782 3081 3850 Θεοῦ,
3107 3784 3206 3837 καὶ
3230 3785 3263 3855 ἠ
3290 3779 3456 3850 δωρεὰ
3480 3780 3529 3831 ὲν
3557 3776 3631 3847 χά-

2114 3889 2218 3943 ριτι
2242 3876 2309 3945 τῇ
2333 3873 2378 3905 ⁵³
2401 3873 2495 3927 τοῦ
2517 3875 2634 3939 ἐνὸς
2658 3874 2948 3947 ἀνθρώπου
2990 3873 3167 3948 Ἰησοῦ
3193 3871 3422 3949 Χριστοῦ
3446 3873 3514 3934 εἰς
3534 3869 3630 3929 τοὺς

2109 3963 2335 4028 πολλοὺς
2364 3965 2741 4036 ὲπερίσσευσε.
2780 3984 2798 4019 ι

2178 4061 2247 4125 γ’.
2290 4074 2308 4107 ι
2347 4056 2457 4111 Kal
2485 4057 2535 4110 oi
2569 4058 2859 4123 συνιέντες,
2900 4059 3088 4131 φησιν,
3122 4057 3494 4127 ἐκλάμψουσιν.
3522 4052 3583 4112 ὡς
3602 4050 3627 4115 ἢ

2108 4146 2429 4221 λαμπρότης
2470 4149 2565 4203 τοῦ
2604 4148 3006 4222 στερεώματος,
3043 4170 3062 4203 ι
3088 4151 3202 4204 Καὶ
3246 4152 3275 4204 ό
3313 4147 3497 4217 Κύριος
3520 4139 3627 4194 δὲέν

2109 4244 2221 4304 τοῖς
2249 4241 2413 4312 ἱεροῖς
2444 4241 2798 4310 Εὐαγγελίοις
2828 4241 2958 4313 φησὶ
2986 4242 3031 4275 ’δ
3052 4258 3067 4274 ⁸
3101 4261 3120 4296 ι
3153 4234 3626 4307 Τότε.ὲκλάμψουσιν

2110 4334 2158 4386 οἱ
2185 4333 2404 4397 δίκαιοι,
2424 4333 2500 4397 ὡς
2528 4335 2556 4386 ὁ
2580 4334 2751 4404 ἥλιος.
2766 4352 2784 4386 ι
2815 4364 2886 4374 -
2910 4351 2929 4385 ί
2949 4333 3061 4387 Kal
3079 4332 3189 4387 άπὸ
3203 4331 3309 4384 τῶν
3325 4325 3523 4382 δικαίων
3543 4319 3627 4373 τῶν

2112 4424 2341 4492 πολλῶν,
2376 4425 2452 4489 ὼς
2483 4426 2534 4478 οἱ
2579 4425 2810 4497 ἀστέρες
2838 4427 2922 4489 εις
2954 4425 3084 4489 τοὺς
3122 4424 3339 4487 αἰῶνας,
3377 4418 3462 4472 καὶ
3496 4415 3577 4466 ἔτι.
3605 4428 3619 4459 ι

437 4516 719 4584 splendori
770 4516 1098 4571 ﬁrmamenti
1129 4524 1184 4570 et
1221 4518 1323 4587 ipsi
1358 4519 1492 4574 solis
1541 4519 1735 4574 lumini
1792 4522 2002 4578 similes

2111 4518 2172 4569 υξ
2212 4518 2312 4588 μὲν
2341 4517 2448 4589 γὰρ
2490 4515 2850 4587 δοκιμώτατοι
2882 4518 2977 4571 καὶ
3018 4515 3260 4587 ἔκκριτοι
3283 4514 3348 4578 ⁸³,
3386 4512 3444 4579 τῇ
3474 4522 3522 4559 τε
3551 4499 3624 4553 τοῦ

437 4610 615 4665 ﬁent:
664 4610 955 4665 inferiores
996 4625 1124 4664 vero
1162 4611 1296 4675 illis,
1335 4612 1435 4667 hos
1482 4613 1627 4667 enim
1675 4612 2004 4683 signiﬁcavit

436 4717 535 4772 per
568 4703 785 4769 multos,
851 4701 1136 4756 stellarum
1196 4703 1377 4758 lumen
1413 4705 1800 4768 imitahuntur,
1856 4704 2003 4758 hunc

2111 4607 2490 4678 στερεώματος
2519 4607 2866 4679 λαμπρότητι
2894 4607 2988 4660 καὶ
3018 4605 3166 4676 αὐτῷ
3188 4603 3276 4675 ⁵τῷ
3307 4596 3493 4689 ἡλιακῴ
3515 4607 3624 4689 περ·

2107 4698 2528 4770 εικασθήσονται
2575 4697 2748 4766 φωτί’
2784 4699 2835 4751 οἱ
2867 4697 2924 4750 δὲ
2965 4695 3171 4749 τούτων
3204 4694 3439 4751 ἐλάττους
3478 4685 3622 4753 (τοῦτο

436 4800 700 4856 perpetuo
738 4789 1054 4844 emittentes
1083 4791 1451 4860 splendorem.
1496 4794 1570 4849 lla
1617 4794 1781 4849 etiatn
1815 4795 2002 4849 beatus

2107 4794 2218 4864 γάρ
2247 4793 2506 4863 ἐσήμαινε
2544 4792 2628 4845 διά
2657 4789 2752 4844 τοῦ
2791 4787 3093 4858 πολλῶν),
3141 4788 3240 4850 τὰς
3281 4781 3380 4837 τῶν
3423 4772 3618 4841 ἀστέρων

439 4875 644 4933 Paulus
677 4880 893 4948 piorum
920 4882 1145 4938 ordines
1176 4883 1449 4940 distinxit.
1483 4905 1508 4940 4
1564 4886 1683 4941 Alia
1719 4887 1861 4941 enim
1900 4886 2011 4940 cla-

441 4970 601 5037 ritas,
636 4972 833 5042 inquit,
870 4974 1026 5039 solis,
1054 4977 1157 5029 alia
1183 4977 1406 5033 claritas
1431 4980 1594 5048 luntre,
1622 4988 1676 5036 et
1702 4978 1806 5033 alia
1840 4978 2009 5033 clari-

508 5158 532 5187 ο
562 5146 719 5203 Rom.
755 5164 809 5214 ν,
845 5150 931 5205 15.
1007 5151 1035 5188 ἀ
1061 5152 1247 5207 Matth.
1270 5169 1391 5219 xm,
1423 5154 1512 5209 45.

2103 4885 2452 4957 λαμπηδόνας
2484 4885 2840 4955 μιμήσονται,
2871 4882 2937 4935 δι’
2970 4880 3167 4944 αἰῶνος
3192 4877 3383 4943 ταύτην
3417 4864 3617 4960 ἀφιέντες

2105 4978 2204 5050 τὴν
2235 4977 2446 5048 αἴγλην.
2497 4975 2652 5029 Οὕτω
2705 4974 2769 5045 δὴ
2812 4975 2954 5028 καὶὸ
3003 4973 3267 5045 μακάριος
3310 4963 3492 5022 Παῦλος
3531 4963 3613 5003 των

1718 5277 1952 5377 mutas
1989 5318 2387 5397 LECTIONES.

509 5480 550 5511 “
598 5496 718 5548 μου.
759 5479 879 5535 Des.
917 5479 968 5534 in
1006 5480 1064 5533 Β.
1104 5481 1254 5536 Solet
1290 5483 1451 5537 etiam
1492 5484 1683 5539 abesse
1720 5486 1753 5539 l.
1788 5502 1834 5538 ς.

434 5557 490 5621 ft
513 5559 652 5621 post
681 5567 871 5621 pauca.
954 5550 1001 5581 “
1041 5550 1082 5603 Β
1120 5553 1565 5621 ἐπακουσόμενοι.
1648 5557 1691 5586 ⁸⁵
1723 5556 1836 5607 καί,
1874 5554 1994 5606 [λικε.
2039 5554 2091 5604 in
2121 5551 2180 5605 Β.
2263 5550 2500 5621 δδπρογ.
2551 5551 2589 5602 Β

1950 5483 1992 5513 ἰ’
2035 5481 2149 5535 κολ.
2196 5499 2243 5533 τ.
2271 5484 2368 5551 ἠμ.
2396 5480 2567 5536 Aliter
2604 5481 2640 5536 1.
2689 5496 2737 5533 (³.
2783 5480 2882 5545 leg.

2982 5479 3024 5508 η
3047 5477 3117 5530 οἱ.
3167 5474 3235 5528 Ex
3272 5471 3308 5524 B
3334 5460 3479 5532 sum“.
3497 5449 3603 5534 .¹¹·,ἔ’

2641 5517 2882 5619 Ριῗξέξιιλῖδό
2920 5547 3066 5609 93.6;-
3104 5517 3117 5530 .
3170 5545 3212 5577 ⁸⁷
3250 5517 3597 5619 εἰῇ

512 5595 786 5692 Briso-20v.
863 5620 907 5692 ’ἦν
933 5621 1091 5692 εῐκιιι
1135 5622 1171 5672 Β
1200 5623 1341 5676 inter
1373 5595 1544 5676 τέῡτα
1573 5632 1625 5676 et
1654 5624 1867 5676 λάϐοιεν
1898 5623 2141 5692 ponitur.
2209 5622 2253 5652 ³ο
2281 5621 2321 5673 Β
2350 5595 2438 5674 :5}.
2458 5597 2589 5692 ᾖίον.
2643 5595 2696 5692 '5“
2722 5619 2841 5688 τήν.
3069 5616 3244 5682 suppl.
3313 5608 3353 5640 ⁵¹
3385 5603 3599 5655 Παίωνθῖ⁶

436 5683 485 5719 ⁸³
530 5692 616 5759 τῇ.
653 5683 843 5744 Deerat
875 5691 929 5745 in
961 5690 1091 5746 edit.
1124 5694 1311 5762 priori.
1357 5691 1545 5747 Exstat
1587 5704 1764 5749 autem
1821 5683 1977 5755 int‘i-a,
2015 5701 2052 5747 t.
2080 5690 2167 5757 Ill,
2197 5692 2299 5745 loc.
2334 5693 2426 5746 cit.
2458 5683 2468 5692 ’
2505 5693 2551 5723 ⁵⁵
2599 5692 2637 5741 Β
2675 5683 2797 5759 ἔφη’.
2874 5689 2919 5720 ⁸⁸
2948 5687 2986 5740 Β
3011 5685 3267 5757 ἔγκριτοε-

3811 4224 3813 4303 l

3811 4450 3813 4551 l
