3912 6206
218 312 351 379 1537

1400 319 1495 379 ῚΝ
1529 317 1888 379 DANIELIS
1924 317 2085 379 CAP.
2115 319 2233 379 XII

3323 325 3461 390 1:338

213 421 449 478 εὐσεϐῶν
496 421 660 477 διεῖλε
707 422 778 477 τὰ
830 422 1106 494 τάγματα.
1147 443 1166 477 ι
1206 426 1375 497 ’Δλλη
1427 430 1559 500 γάρ,
1612 429 1781 498 φησὶ,

1894 436 1978 483 tas
2010 429 2340 485 stellarum:
2395 430 2550 486 stella
2597 432 2747 487 enim
2775 431 2956 488 ditl‘ert
3002 448 3032 487 a
3071 435 3249 501 stella,
3292 436 3461 491 clari-

211 510 337 576 δάξα
383 510 536 583 ἡλίου
559 550 574 575 ,
621 511 714 566 καὶ
748 511 883 583 άλλη
923 512 1050 576 δόξα
1080 512 1329 584 σελήνης,
1359 516 1454 568 καὶ
1494 516 1627 588 ἄλλη
1663 516 1790 581 δόξα

210 600 697 673 ἀπέρωνοάστὴρ
739 602 847 675 γὰρ
895 602 1124 674 ἀστέρος
1170 604 1420 677 διαφέρει
1472 608 1532 661 ὲν
1577 606 1724 679 δόξῃ.
1764 625 1782 659 ι

211 693 399 748 Ταῦτα
435 693 607 748 εἰπὼν
657 697 686 749 6
727 693 803 765 τῷ
852 695 1053 765 Δανιὴλ
1108 696 1653 769 προσδιαλεγόμενος,
1687 701 1790 752 ἐπι

209 789 417 856 ᾗγαγε·

279 879 341 932 δ’.
386 898 403 932 ι
426 879 539 933 Καὶ
574 879 640 933 σὺ
662 919 676 943 ,
717 877 934 949 Δανιὴλ,
970 878 1247 951 ἔμφραξον
1278 882 1406 945 τοὺς
1439 882 1651 951 λόγους,
1693 883 1790 936 καὶ

210 970 515 1041 σφράγισον
539 969 600 1023 τδ
628 969 831 1039 βιϐλίον
853 970 958 1035 ἕως
987 975 1181 1042 καιροῦ
1214 973 1547 1039 συντελείας,
1577 975 1683 1037 ἕως
1709 974 1790 1028 δι-

206 1060 450 1130 δαχθῶσι
481 1059 688 1125 πολλοὶ,
716 1060 810 1114 καὶ
850 1060 1129 1133 πληθυνθῇ
1162 1064 1194 1133 ἡ
1223 1063 1442 1130 γνῶσις.
1482 1084 1501 1118 ι
1549 1064 1787 1135 Ἑπίθες,

208 1152 365 1223 φησὶ,
398 1151 477 1222 τῷ
518 1151 708 1223 βιϐλίῳ
738 1153 836 1215 τὰς
874 1153 972 1224 τῆς
1022 1155 1287 1225 ἀσαφείας
1332 1158 1649 1228 σφραγῖδας,
1695 1158 1789 1213 καὶ

208 1242 287 1314 μὴ
332 1242 470 1315 δῆλα
506 1242 676 1297 ἅπασι
728 1247 1100 1317 καταστήσῃς,
1150 1248 1255 1311 ἕως
1308 1249 1376 1302 ἂν
1429 1248 1708 1320 πληθυνθῇ
1753 1250 1787 1320 ἡ

205 1335 435 1404 γνῶσις,
486 1335 581 1388 καὶ
618 1330 879 1407 πληρωθῇ
922 1338 954 1406 ή
1004 1339 1268 1408 σύμπασα
1318 1340 1388 1409 γῆ
1433 1340 1529 1393 τοῦ
1583 1342 1787 1409 γνῶναι

206 1428 303 1481 τὸν
332 1424 562 1498 Κύριον,
587 1428 662 1490 ὡς
694 1426 841 1496 ὕδωρ
883 1427 1020 1482 πολὺ
1060 1429 1440 1498 κατακαλύψαι
1490 1430 1785 1498 θαλάσσας,

204 1519 355 1574 κατὰ
384 1519 486 1590 τὴν
517 1520 875 1591 προφητείαν.
907 1519 1123 1583 Ταύτας
1158 1524 1191 1591 ἠ
1222 1522 1315 1574 τοῦ
1346 1522 1492 1576 θείου
1532 1523 1786 1594 Πνεύμα-

205 1627 302 1674 τος
342 1610 504 1682 χάρις
532 1609 671 1680 μετὰ
700 1609 798 1679 τὴν
840 1610 935 1663 τοῦ
980 1611 1232 1682 Σωτῆρος
1260 1612 1418 1683 ήμῶν
1464 1614 1787 1682 ἐπιφάνειαν

207 1701 487 1770 αφελοῦσα
515 1701 614 1765 τὰς
645 1703 969 1774 σφραγίδας,
1015 1705 1163 1775 σαφῆ
1194 1705 1261 1758 τὰ
1295 1706 1479 1775 ασαφῆ
1512 1707 1780 1778 πεποίηκε

205 1795 323 1858 τοῖς
352 1792 688 1849 πιστεύουσι.

279 1892 345 1953 ε’,
382 1898 457 1956 ς’.
502 1911 520 1943 ι
550 1892 659 1945 Καὶ
707 1886 881 1955 εἶδον,
936 1891 1122 1963 φησὶν,
1155 1893 1265 1961 ἐγὼ
1308 1894 1524 1965 Δανιὴλ,
1555 1895 1649 1948 καὶ
1679 1894 1786 1948 ἰδοὺ

200 1982 304 2036 δύο
330 1982 510 2053 ἕτεροι
539 1982 903 2051 είστήγεισαν,
934 1976 1015 2044 εἷς
1042 1982 1289 2036 ἐντεῦθεν
1317 1984 1412 2038 τού
1447 1987 1693 2056 ποταμοῦ
1719 1987 1785 2051 ⁵⁸⁸,

206 2075 307 2129 καὶ
329 2069 407 2136 είς
439 2071 688 2127 ἐντεῦθεν
711 2072 781 2126 ⁸⁷.
844 2073 955 2125 Καὶ
999 2066 1153 2127 εἶπον
1199 2074 1277 2145 τῷ
1319 2076 1472 2145 ἀνδρὶ
1518 2078 1595 2147 τῷ
1648 2078 1788 2130 ἑνδε-

204 2165 428 2236 δυμένῳ
474 2163 536 2217 τὸ
583 2164 774 2234 βαδδὶμ
793 2164 863 2230 ⁸⁸,
898 2163 959 2227 ὃς
994 2161 1063 2235 ἦν
1096 2165 1279 2219 ἐπάνω
1328 2167 1421 2220 τοῦ
1470 2168 1660 2231 ὓδατος
1692 2168 1786 2222 τοῦ
1824 2234 1841 2247 δ

202 2253 496 2327 ποταμοῦσ
529 2253 675 2318 Ἕως
706 2255 835 2308 πότε
858 2254 920 2308 τὸ
956 2256 1130 2327 πέρας
1158 2250 1232 2308 ὧν
1263 2255 1491 2328 εἴρηκας
1527 2258 1635 2311 τῶν
1659 2258 1790 2312 θαυ-

206 2347 443 2420 μασίων,
471 2346 566 2400 καὶ
587 2347 632 2379 ⁵³
682 2348 710 2400 6
754 2346 1096 2417 καθαρισμὸς
1126 2347 1368 2411 τούτων;
1423 2367 1442 2399 ι
1509 2349 1652 2417 Ἐγὼ
1689 2350 1788 2419 μὲν

202 2439 339 2510 γὰρ,
360 2437 549 2509 φησὶν,
569 2438 843 2507 εἱστήκειν
869 2437 1058 2505 σιγῶν,
1086 2438 1181 2491 καὶ
1205 2440 1415 2510 ἐρωτᾷν
1448 2441 1521 2510 μὴ
1548 2441 1785 2510 τολμῶν,

198 2530 302 2584 δύο
341 2530 397 2584 δὲ
438 2528 617 2600 ’ἑτεροι
665 2530 784 2592 ταῖς
817 2528 1003 2598 ὄχθαις
1050 2528 1390 2599 ἑκατέρωθεν
1411 2531 1455 2562 ⁶⁰
1487 2532 1790 2600 ἐφεστῶτες

201 2622 303 2675 τοῦ
336 2619 608 2691 ποταμοῦ,
640 2620 834 2691 ἤροντο
869 2620 961 2672 τὸν
989 2621 1087 2689 τὴν
1114 2620 1370 2690 βυσσίνην
1392 2622 1789 2694 περιϐεϐλημέ⁸

203 2731 299 2767 νον
330 2714 555 2784 ἐσθῆτα,
586 2716 650 2784 τῇ
668 2730 727 2765 τε
754 2712 850 2765 τοῦ
881 2711 1070 2775 ὓδατος
1091 2711 1453 2782 ὲποχούμενον
1480 2714 1784 2785 ἐπιφανείᾳ·

204 2806 384 2858 Πόσον
412 2804 631 2867 καθέξει
655 2803 845 2875 χρόνον
872 2804 941 2857 τὰ
959 2804 1002 2835 ⁸⁸
1034 2802 1240 2873 φοϐερὰ
1266 2805 1438 2858 ταῦτα
1464 2806 1557 2858 καὶ
1591 2807 1790 2877 φρίκης

203 2896 483 2964 γέμοντα;
516 2894 610 2949 καὶ
642 2895 772 2948 πότε
803 2896 836 2966 ἡ
873 2894 1078 2949 τούτων
1111 2894 1398 2965 ἀπαλλαγὴ
1432 2897 1718 2965 γενήσεται
1746 2913 1760 2959 ;

280 2983 351 3049 ζ’.
392 3003 411 3035 ι
448 2984 558 3037 Καὶ
601 2985 809 3055 ἥκουσα
844 2984 939 3038 τοῦ
976 2985 1168 3055 ἀνδρὸς
1212 2984 1303 3038 τοῦ
1351 2986 1698 3057 ἐνδεδυμένον
1729 2985 1789 3038 τὺ

1892 527 2002 574 tate
2039 530 2087 575 ο.
2128 538 2147 573 ι
2181 518 2308 576 Haec
2340 520 2583 595 locutus,
2618 523 2714 594 qui
2753 539 2881 580 cum
2916 524 3139 581 Danicle
3180 527 3461 597 colloque-

1889 609 2072 676 batur,
2103 611 2341 682 subjecit
2367 631 2381 668 :

1968 880 2134 937 Vens.
2167 883 2223 941 4.
2258 900 2278 935 ι
2331 880 2397 937 Et
2430 890 2512 950 tu,
2546 881 2758 947 Daniel,
2797 883 2996 940 claude
3054 902 3357 949 sermones,
3404 900 3460 944 ot

1887 972 2118 1043 obsigna
2153 974 2374 1039 librum,
2401 990 2579 1045 usque
2605 975 2675 1030 ad
2698 983 2916 1045 tempus
2938 979 3457 1041 consummationis,

1887 1063 2067 1119 donec
2093 1065 2404 1120 doceantur
2434 1066 2614 1132 multi,
2640 1075 2696 1121 et
2723 1066 3121 1137 multiplicetur
3140 1069 3402 1139 cognitio.
3435 1089 3455 1123 ι

1888 1155 2132 1226 lmpone,
2170 1157 2374 1227 inquit,
2420 1158 2562 1213 libro
2610 1159 2791 1229 sigilla
2849 1159 3229 1226 obscuritatis,
3285 1177 3462 1231 neque

1889 1248 2180 1318 perspicua
2207 1249 2470 1304 omnibus
2502 1265 2565 1304 ea
2606 1250 2803 1315 facias,
2836 1251 3013 1307 donec
3065 1254 3462 1322 multiplicetur

1888 1339 2144 1404 scientia,
2179 1346 2235 1392 et
2275 1341 2568 1411 impleatur
2607 1342 2788 1396 omnis
2821 1351 2967 1398 terra
2995 1345 3311 1415 cognitione
3351 1344 3462 1400 Do-

1888 1431 2047 1496 mini,
2077 1432 2234 1499 quasi
2266 1445 2406 1500 aqua
2464 1434 2636 1486 multa
2681 1434 2894 1503 operiat
2927 1436 3130 1497 maria,
3159 1436 3460 1490 secundum

1889 1523 2239 1593 prophetiam
2269 1520 2314 1580 ί.
2353 1522 2448 1578 llis
2506 1524 2681 1595 signis
2727 1526 2927 1582 ablatis
2991 1526 3161 1581 divini
3222 1525 3462 1597 Spiritus

1890 1617 2090 1685 gratia,
2139 1622 2262 1684 post
2302 1615 2478 1669 nostri
2534 1614 2834 1673 Salvatoris
2868 1618 3185 1686 adventum,
3223 1619 3462 1676 obscura

1888 1705 2246 1761 credentibus
2281 1705 2572 1776 perspicua
2609 1705 2758 1761 fecit.

1960 1889 2126 1945 Vens.
2166 1892 2218 1954 5,
2250 1891 2304 1945 6.
2336 1908 2355 1942 ι
2401 1892 2467 1946 Et
2494 1891 2627 1956 vidi,
2657 1892 2858 1962 inquit,
2888 1909 2988 1965 ego
3013 1893 3223 1955 Daniel.
3249 1903 3304 1950 et
3331 1911 3464 1951 ecce

1888 1982 1997 2037 duo
2030 1984 2123 2037 alii
2188 1992 2483 2047 steterunt,
2535 1998 2679 2037 unus
2734 1984 2803 2037 ab
2853 1985 2951 2038 bac
3003 1995 3158 2055 parte
3199 1986 3460 2051 ﬂuminis,

1889 2076 2029 2129 alter
2068 2075 2137 2128 ab
2166 2075 2357 2129 altera.
2410 2073 2477 2126 Et
2526 2075 2789 2130 dixerunt
2839 2076 2956 2129 viro
3007 2077 3224 2146 1298
3269 2077 3464 2133 induto

1889 2171 2041 2218 veste
2085 2163 2332 2234 byssina,
2385 2163 2482 2231 qui
2547 2170 2668 2218 erat
2717 2179 2885 2233 super
2942 2178 3139 2234 aquam
3174 2164 3464 2221 ﬂuminis:

1892 2252 2200 2323 Usqueqno
2234 2251 2358 2306 ﬁnis
2384 2268 2597 2318 eorum,
2626 2267 2748 2322 quae
2769 2253 2981 2318 dixisti,
3013 2254 3372 2319 mirabilium,
3407 2266 3467 2312 et

1889 2346 2132 2415 expiatio
2164 2343 2405 2398 borum?
2442 2360 2461 2393 ι
2500 2342 2609 2413 Ego
2632 2344 2778 2397 enim
2838 2341 3060 2411 tacitus,
3096 2343 3300 2414 inquit,
3342 2354 3462 2400 sta—

1890 2436 2054 2498 bam,
2103 2449 2278 2505 neque
2326 2434 2675 2505 interrogare
2730 2434 3032 2501 audebam;
3066 2435 3161 2490 sed
3206 2435 3317 2489 duo
3370 2434 3463 2489 alii

1893 2525 2153 2594 utrinque
2189 2526 2324 2594 ripis
2357 2525 2506 2579 tluvii
2553 2526 2902 2589 assistentes,
2933 2540 3058 2579 eum
3103 2526 3195 2594 qui
3241 2526 3464 2595 byssina

1890 2627 2042 2673 veste
2069 2618 2294 2671 indutus
2326 2627 2467 2681 erat,
2499 2624 2554 2671 ct
2596 2617 2653 2671 in
2700 2632 2857 2687 aqua:
2886 2617 3182 2685 superﬁcie
3224 2618 3464 2672 veheba-

1893 2718 2003 2771 tur,
2037 2707 2491 2777 interrogabant:
2523 2706 2777 2771 Quandiu
2822 2706 3103 2762 durabunt
3138 2707 3253 2762 haec
3297 2708 3461 2762 terri-

1892 2798 2024 2851 bilia
2046 2806 2099 2851 et
2132 2798 2385 2853 horroris
2413 2798 2570 2867 plena
2592 2797 2617 2850 ?
2637 2803 2691 2852 et
2717 2798 2940 2868 quando
2977 2799 3047 2853 ab
3069 2798 3158 2854 his
3197 2798 3301 2853 erit
3329 2799 3464 2854 libe-

1893 2890 2081 2945 ratio?

1970 2981 2133 3037 Vens.
2166 2981 2222 3035 7.
2262 3000 2280 3034 ι
2320 2980 2386 3037 Et
2420 2981 2605 3036 audivi
2643 2982 2822 3036 virum
2859 2982 3110 3037 indutum
3141 2990 3293 3038 veste
3330 2982 3462 3054 bys-

206 3072 428 3145 βαδὸὶμ,
459 3073 516 3137 ὃς
543 3069 611 3145 ἦν
642 3074 828 3128 ἐπάνω
861 3074 954 3127 τοῦ
1006 3073 1199 3139 ὓδατος
1244 3076 1339 3129 τοῦ
1374 3076 1644 3145 ποταμοῦ,
1694 3078 1784 3129 καὶ

1894 3072 2036 3135 sina,
2065 3072 2164 3155 qui
2194 3080 2314 3127 erat
2345 3087 2515 3143 super
2554 3086 2754 3142 aquam
2813 3070 3079 3136 ﬂuminis,
3133 3079 3187 3127 et
3241 3074 3464 3127 sustulit

206 3166 395 3233 ’ύψωσε
430 3166 528 3237 τὴν
573 3165 749 3233 δεξιὰν
781 3166 969 3232 αὑτοῦ,
1002 3168 1098 3220 καὶ
1144 3168 1243 3237 τὴν
1284 3168 1577 3238 ἀριστερὰν
1622 3168 1784 3220 αὑτοῦ

1894 3162 2177 3217 dexteram
2204 3178 2386 3228 suam,
2420 3170 2471 3217 et
2509 3163 2791 3219 sinistram
2819 3178 2974 3217 suam
3011 3178 3201 3218 versus
3235 3164 3461 3227 coelum,

206 3260 291 3322 είς
338 3258 430 3313 τδν
460 3258 708 3329 οὐρανὸν,
763 3259 856 3311 καὶ
894 3257 1107 3329 ὤμοσεν
1156 3260 1213 3312 ὲν
1248 3259 1322 3329 τῷ
1373 3259 1535 3322 ζῶντι
1582 3261 1662 3322 είς
1695 3260 1790 3313 τὸν

205 3350 404 3415 αίῶνα,
433 3351 515 3403 ὅτι
551 3351 629 3415 είς
664 3349 878 3421 καιρὸν,
921 3350 1017 3403 καὶ
1048 3352 1294 3422 καιροὺς,
1331 3353 1424 3403 καὶ
1455 3351 1626 3421 ἥμισυ
1663 3369 1787 3405 και-

208 3440 330 3511 ροῦ.
367 3460 389 3493 ι
438 3440 720 3494 Ἐντεῦθεν
753 3441 998 3512 ἀκριϐῶς
1045 3442 1471 3511 μεμαθήκαμεν,
1504 3442 1585 3494 ὅτι
1614 3443 1642 3493 ό
1667 3442 1788 3495 τότε

200 3532 589 3603 διαλεγόμενος
638 3534 738 3586 οὐκ
788 3533 950 3597 αὐτὸς
994 3529 1061 3603 ἦν
1110 3535 1137 3586 6
1175 3534 1470 3603 Δεσπότης.
1510 3552 1528 3584 ι
1590 3534 1650 3588 Ὀ
1684 3535 1788 3604 γὰρ

205 3624 511 3695 Δεσπότης,
547 3625 669 3677 ἐπεὶ
700 3626 825 3678 κατ’
855 3624 1067 3688 οὐδενὸς
1110 3626 1354 3695 μείζονος
1385 3626 1546 3679 ἄλλου
1569 3626 1611 3657 ⁸³
1642 3622 1787 3696 εἶχεν

204 3716 427 3787 ὀμόσαι,
564 3733 726 3788 φησιν
777 3719 804 3770 6
851 3716 993 3779 θεῖος
1045 3716 1385 3778 Ἀπόστολος,
1422 3718 1543 3770 καθ’
1592 3717 1784 3772 ἑαυτοῦ

205 3809 413 3875 ῶμοσε,
445 3808 649 3877 λέγων·
690 3828 707 3861 ι
754 3810 838 3863 Ζῶ
862 3810 906 3841 ⁸⁸
952 3809 1081 3877 ἐγὼ,
1125 3810 1270 3877 λέγει
1305 3810 1526 3881 Κύριος.
1572 3830 1590 3863 ι
1625 3813 1731 3864 Καὶ
1760 3814 1788 3866 6

205 3902 479 3973 μακάριος
500 3902 555 3955 δὲ
581 3903 785 3972 Μωσῆς
808 3903 1075 3956 δείκνυσιν
1101 3904 1262 3956 αὑτὸν
1287 3903 1519 3971 λέγοντα
1537 3920 1551 3936 ο
1584 3924 1601 3955 ι
1644 3906 1785 3976 Ἀρῶ

201 3998 286 4060 εἰς
314 3997 407 4049 τὸν
438 3997 666 4065 οὐρανὸν
695 3997 794 4067 τὴν
826 3998 983 4067 χεῖρά
1009 4015 1131 4067 μου,
1160 3997 1253 4051 καὶ
1278 3996 1518 4067 ὀμοῦμαι
1548 4000 1611 4068 τῇ
1638 3999 1785 4071 δεξιᾷ

206 4104 336 4156 μου,
389 4086 483 4139 καὶ¹
518 4086 663 4157 ὲρῶ’
705 4085 791 4139 Ζῶ
831 4085 940 4154 ἐγὼ
988 4088 1066 4149 είς
1107 4086 1195 4139 τὸν
1232 4085 1420 4139 αἰῶνα.
1466 4105 1484 4137 ι
1530 4083 1692 4151 Οὗτος
1728 4088 1783 4142 δὲ

198 4172 284 4240 εἷς
301 4177 377 4230 ῶν
402 4178 507 4231 τῶν
522 4178 897 4246 ὑποκειμένων
921 4177 1013 4230 καὶ
1038 4177 1294 4238 εὐνοϊκῶς
1317 4179 1444 4247 περὶ
1470 4178 1558 4229 τὸν
1580 4179 1783 4232 Δεσπό-

201 4287 304 4339 την
328 4268 708 4338 διακειμένων,
732 4268 963 4332 ἐξέτεινε
999 4268 1097 4337 μὲν
1133 4268 1209 4328 εἰς
1234 4266 1325 4317 τὸν
1362 4266 1588 4336 οὐρανὸν
1616 4267 1782 4337 ἄμφω

202 4361 273 4413 τὰ
310 4362 481 4430 χεῖρε,
532 4358 714 4428 ὤμοσε
766 4359 820 4412 δὲ
865 4360 924 4411 ὲν
974 4357 1051 4428 τῷ
1102 4357 1263 4420 ζῶντι
1317 4357 1398 4418 είς
1446 4354 1536 4407 τὸν
1589 4356 1778 4410 αἰῶνα.

200 4453 407 4523 Χεῖρας
429 4451 483 4504 δὲ
509 4452 655 4519 λέγει
685 4451 844 4504 αὑτὸν
875 4449 1018 4518 ἔχειν
1049 4450 1077 4500 6
1106 4445 1303 4516 Δανιὴλ
1332 4446 1487 4498 τοῦτο
1514 4447 1782 4516 θεασάμε-
1813 4487 1855 4539 D

203 4561 316 4605 νος.
379 4543 693 4613 ’Λσώματον
725 4544 771 4596 δ’
816 4544 966 4612 ὅμως
1020 4540 1176 4608 ἴσμεν
1234 4537 1340 4590 τῶν
1385 4538 1631 4605 ἀγγέλων
1682 4541 1780 4610 τὴν

204 4636 371 4704 φύσιν
394 4652 405 4664 ο
438 4635 827 4705 σχηματίζουσι
852 4633 909 4686 δὲ
940 4632 1038 4695 τὰς
1071 4631 1222 4699 ὄψεις
1250 4628 1385 4699 πρὸς
1423 4629 1483 4681 τὸ
1515 4631 1780 4701 χρήσιμον

203 4726 315 4780 τῶν
364 4726 646 4795 ὁρώντων*
694 4728 786 4779 καὶ
837 4724 1097 4785 πολλάκις
1139 4722 1236 4791 μὲν
1272 4720 1618 4792 ἡμερώτερον
1654 4723 1781 4790 φαί-

203 4833 408 4881 νονται,
442 4816 840 4883 συγκαταϐάσει
866 4814 1069 4867 πλείονι
1100 4809 1400 4881 χρώμενοι,
1439 4810 1692 4875 πολλάκις
1723 4814 1778 4866 δὲ

204 4906 482 4976 φοϐερώτε
495 4925 582 4976 ρον
604 4949 618 4971 ,
653 4905 1098 4973 σπουδαιοτέρους
1137 4902 1258 4962 τοὺς
1290 4900 1529 4971 ὁρῶντας
1556 4904 1778 4971 ἐργαζό-

207 5013 379 5065 μενοι.
416 5017 432 5046 ι
472 4998 674 5065 Ὤμοσε
718 4997 895 5049 τοίνυν
924 4996 980 5047 ἐν
1004 4993 1081 5063 τῷ
1124 4990 1284 5054 ζῶντι
1332 4991 1410 5052 εἰς
1449 4991 1537 5042 τον
1583 4995 1773 5061 αἰῶνα,

201 5086 286 5138 ὅτι
340 5086 419 5148 είς
468 5086 683 5156 καιρὸν,
733 5086 825 5138 καὶ
868 5085 1111 5154 καιροὺς,
1152 5078 1244 5131 καὶ
1290 5078 1461 5146 ἣμισυ
1513 5083 1726 5152 καιροῦ.
1759 5104 1776 5134 ι

281 5253 302 5279 ο
337 5240 353 5293 1
387 5242 514 5295 Cor.
564 5256 649 5304 κν,
682 5240 767 5295 ιιι.

1891 3255 2172 3321 etjuravit
2200 3269 2295 3324 per
2324 3253 2598 3309 viventem
2636 3254 2689 3308 in
2735 3254 2958 3318 szecula,
2993 3253 3113 3309 fore
3149 3264 3206 3308 ut
3244 3254 3464 3324 (durent

1891 3349 2005 3419 illa)
2030 3349 2083 3402 in
2114 3358 2350 3418 tempus,
2375 3358 2429 3403 et
2453 3358 2723 3419 tempora,
2749 3358 2804 3404 et
2832 3348 3116 3404 dimidium
3142 3348 3456 3418 temporis.»

1890 3440 2028 3494 Hinc
2057 3452 2245 3510 aperte
2293 3440 2587 3495 didicimus
2616 3455 2741 3495 eum
2785 3441 2878 3511 qui
2941 3450 3072 3495 tunc
3136 3440 3463 3509 loquebatur

1889 3548 1999 3586 non
2054 3532 2237 3600 ipsum
2289 3529 2462 3587 fuisse
2514 3531 2829 3587 Dominum.
2887 3550 2909 3584 ε
2972 3530 3236 3587 Dominus
3279 3530 3460 3595 cnim,

1888 3624 2151 3693 quoniam
2188 3623 2463 3677 neminem
2503 3623 2696 3677 habuit
2723 3624 2891 3677 alium
2919 3637 3015 3692 per
3063 3638 3223 3693 quem
3248 3622 3462 3691 jurarct

1888 3715 2154 3784 majorem
2181 3752 2197 3776 ,
2255 3714 2401 3769 sicut
2440 3714 2517 3768 ait
2556 3714 2717 3769 divus
2755 3714 3072 3783 Apostolus,
3125 3729 3221 3784 per
3259 3720 3463 3781 semctg

1886 3805 2069 3874 ipsum
2091 3803 2323 3873 juravit,
2346 3804 2538 3860 dicens
2565 3823 2580 3860 :
2610 3805 2746 3859 Vivo
2769 3819 2892 3875 ego,
2916 3804 3051 3859 dicit
3077 3802 3340 3858 Dominus
3362 3806 3387 3843 ‘
3436 3822 3454 3851 ι

1889 3897 2088 3953 Beatus
2121 3898 2249 3951 item
2285 3897 2464 3953 Moses
2502 3899 2682 3967 ipsum
2726 3898 2840 3951 haec
2880 3896 3150 3951 dicentem
3178 3894 3456 3950 ostendit:

1893 4008 1911 4041 ι
1934 3988 2153 4043 Levabo
2181 3990 2235 4042 in
2260 3991 2458 4044 cadum
2485 4004 2706 4044 manum
2728 4003 2926 4054 meam,
2948 3999 3005 4042 et
3022 3987 3222 4057 jurabo
3240 3988 3461 4042 dextera

1887 4098 2029 4144 mea,
2058 4084 2075 4104 ‘
2111 4091 2167 4135 et
2196 4081 2373 4135 dicam
2408 4100 2421 4137 :
2479 4080 2614 4135 Vivo
2662 4096 2763 4151 ego
2798 4080 2852 4133 in
2902 4075 3239 4135 internuntii.
3291 4099 3309 4130 ι
3360 4078 3461 4133 llic

1887 4183 2065 4229 autem
2092 4189 2216 4227 cum
2249 4190 2392 4229 unus
2421 4181 2569 4228 esset
2601 4188 2667 4227 ex
2698 4173 2785 4237 iis,
2816 4172 2910 4241 qui
2955 4170 3187 4225 Domino
3221 4170 3457 4238 subjecti

1886 4273 1940 4318 ct
1969 4264 2236 4319 benevolo
2268 4264 2453 4317 animo
2481 4277 2613 4332 erga
2643 4262 2798 4315 illum
2827 4260 3005 4314 all'ecti
3032 4267 3179 4325 sunt,
3213 4260 3457 4314 extendit

1885 4370 2081 4409 versus
2107 4354 2308 4407 cmlum
2341 4353 2533 4406 ambas
2574 4366 2793 4416 manus,
2823 4359 2876 4404 et
2903 4351 3116 4419 juravit
3147 4364 3241 4419 per
3264 4350 3456 4403 viven-

1886 4457 1989 4502 tem
2018 4448 2071 4499 in
2103 4454 2391 4499 aeternum.
2418 4442 2483 4495 Et
2510 4456 2706 4497 manus
2742 4442 2920 4510 ipsum
2956 4441 3158 4495 habere
3188 4440 3321 4493 dicit
3351 4437 3455 4491 Da-

1885 4539 2030 4599 niel,
2069 4537 2194 4604 quia
2246 4534 2321 4587 ita
2368 4532 2599 4587 viderat.
2661 4531 2926 4587 Novimus
2966 4540 3144 4586 tamen
3204 4531 3455 4600 corporis

1887 4636 2164 4697 expertem
2205 4640 2328 4679 esse
2375 4631 2631 4676 naturam
2669 4622 3012 4691 angelorum,
3069 4621 3159 4691 qui
3209 4619 3454 4677 visiones

1889 4719 1955 4771 ad
1997 4715 2298 4770 videntium
2330 4713 2622 4766 utilitatem
2654 4711 2910 4780 ﬁgurant,
2939 4720 2992 4765 et
3024 4726 3169 4779 smpe
3201 4724 3456 4763 mansuc-

1888 4808 2057 4860 tiores
2096 4801 2309 4873 1299
2337 4808 2600 4869 apparent
2634 4816 2756 4854 sese
2787 4801 3283 4859 accommodantes.
3312 4813 3457 4867 saepe

1886 4899 2050 4952 etiam
2084 4894 2471 4956 terribiliores,
2507 4908 2618 4963 quo
2645 4892 3029 4961 diligentiores
3070 4906 3167 4945 eos
3201 4889 3453 4955 reddant,

1884 4990 2084 5058 quibus
2139 4987 2240 5055 ipsi
2300 5000 2359 5039 se
2412 4986 2728 5039 ostendunt.
2777 5002 2795 5035 ι
2860 4983 3071 5038 Juravit
3134 4986 3316 5052 itaque
3362 4996 3457 5049 per

1891 5084 2161 5135 viventem
2192 5077 2245 5130 in
2274 5084 2560 5139 aeternum,
2594 5076 2711 5132 fore
2743 5087 2799 5131 ut
2832 5076 3052 5148 (durent
3083 5076 3195 5147 illa)
3229 5075 3282 5128 in
3320 5081 3427 5128 tem

853 5238 872 5278 τ
908 5240 1009 5293 Isa.
1044 5255 1116 5299 xl.
1152 5240 1203 5292 9.
1289 5251 1313 5285 Β
1350 5238 1515 5291 llcbr.
1554 5252 1625 5298 rt,
1672 5239 1753 5299 l3,
1803 5239 1881 5291 Η.
1952 5239 1975 5277 h
2008 5237 2165 5289 Deut.
2202 5250 2370 5299 xxx",
2398 5231 2488 5287 40.

1471 5390 1701 5443 ΥΔΒΙᾹΞ
1740 5389 2142 5444 LECTIONES.

276 5489 320 5520 ³⁸
357 5505 403 5540 τ.
436 5504 559 5539 ποτ.
598 5484 747 5551 Apud
785 5484 917 5538 LXX
963 5500 1145 5552 pra-ni.
1182 5484 1273 5535 τοῦ
1298 5483 1525 5551 χείλους.

206 5559 362 5613 lectio
401 5566 485 5612 est
526 5557 595 5608 τὰ
638 5556 831 5622 βαδῦίν.
860 5558 929 5608 lla
963 5572 1176 5623 quoque
1209 5569 1346 5605 vers.
1384 5554 1433 5604 7.

207 5637 331 5682 ante
357 5645 407 5681 τ.
437 5626 556 5695 οχο.
594 5619 829 5693 punitur.
932 5619 1100 5677 δι’τὲι.
1142 5624 1177 5675 Β
1209 5639 1395 5693 praem.
1436 5619 1547 5674 καί.

202 5699 395 5765 Aliter,
431 5698 447 5751 ι
501 5712 551 5749 c.
584 5697 685 5764 leg.

1614 5482 1657 5511 ⁸⁷
1694 5483 1800 5533 ἒντ.
1839 5483 1990 5549 Apud
2025 5480 2160 5533 LXX
2197 5494 2349 5546 chu.
2379 5479 2473 5532 τοῦ
2500 5479 2706 5548 χείλους
2731 5476 2824 5529 τοῦ
2864 5478 3127 5549 ποταμοῦ.

1541 5550 1585 5581 ‘9
1622 5550 1714 5602 καὶ
1752 5581 1822 5589 —-
1851 5553 2071 5603 τούτων.
2123 5551 2241 5602 lies.
2270 5553 2409 5616 apud
2444 5550 2581 5602 LXX
2615 5558 2667 5601 et
2692 5551 2742 5601 in
2781 5549 2942 5601 llebr.

1647 5621 1688 5650 ⁶²
1731 5620 1948 5674 κᾶλλοι)
1993 5622 2254 5691 μείζονος.
2293 5614 2396 5675 Sed
2432 5620 2590 5674 άλλου
2638 5620 2755 5673 dcs.
2804 5619 2838 5672 Ι.
2881 5634 2931 5672 c.
3002 5616 3047 5647 ⁸³
3078 5614 3186 5677 Ζῶ,
3222 5630 3275 5666 κ.
3297 5629 3346 5667 τ.
3390 5614 3444 5667 λ.

3234 5476 3279 5507 ⁸⁸
3316 5474 3445 5531 Rue.

3047 5548 3089 5577 ⁶⁰
3117 5546 3267 5596 ἑκατ.
3309 5544 3363 5596 In
3411 5545 3448 5596 Β
