3912 6206
435 272 573 338 1539
606 270 611 275 ’

1410 262 1901 329 THEODORETI
1930 267 2269 328 EPISCOPI
2299 270 2662 331 CYRENSIS

3550 271 3707 336 1551i.

431 404 556 458 pus,
584 394 641 441 et
674 394 953 455 ternm,
990 388 1047 435 et
1076 378 1367 435 dimidium
1418 379 1709 449 temporis.
1753 397 1773 431 ι
1814 376 1998 449 Signi—

2103 380 2364 448 Σημαίνει
2409 380 2466 434 δὲ
2502 381 2629 451 τρία
2662 382 2754 434 καὶ
2783 381 2956 452 ἣμισυ
2987 380 3104 451 ἔτη.
3148 377 3319 433 Τοῦτο
3350 378 3408 433 δὲ
3457 381 3554 435 καὶ
3594 383 3675 437 ἐπὶ
3708 428 3712 433 .

432 484 560 533 tieat
599 487 781 532 autem
816 489 929 529 tres
955 486 1132 527 annos
1153 486 1280 525 cum
1309 470 1560 525 dimidio.
1597 468 1713 524 Hoc
1745 470 1892 525 idem
1933 469 2005 525 de

429 583 604 623 cornu
631 582 753 621 cum
786 562 995 620 sanctis
1025 561 1229 616 bellum
1274 567 1516 629 gerente,
1562 557 1708 628 quod
1752 568 1874 627 post
1905 557 2005 614 de-

430 675 552 713 cem
586 669 794 710 cornua
824 652 1116 722 pullulabit
1163 651 1313 705 circa
1347 647 1578 703 Romani
1611 649 1764 719 regni
1795 648 1955 702 ﬁnem
1984 690 2000 715 ,

432 757 658 806 sanctus
677 746 895 802 Gabriel
929 743 1088 798 dixit.
1121 743 1256 798 Cum
1292 742 1438 796 enim
1474 741 1751 796 dixisset:
1791 758 1810 791 ι
1866 737 2003 795 Tres

430 856 585 910 reges
620 836 950 900 bumiliabit;
980 842 1035 889 et
1083 847 1366 890 sermones
1419 840 1614 887 contra
1654 830 1998 884 Altissimnm

430 937 707 1002 loquetur,
730 937 785 985 et
805 936 1032 983 sanctos
1051 926 1319 980 Altissimi
1343 930 1689 979 veterascere
1714 923 1875 976 faciet
1903 924 1946 982 ί,
1978 939 1997 973 ι
2036 964 2039 967 η

430 1022 666 1091 adjecit:
713 1038 734 1073 ι
800 1018 865 1072 Et
893 1017 1116 1073 dabitur
1163 1017 1216 1070 in
1255 1030 1475 1070 manum
1530 1014 1651 1083 ejus
1716 1029 1890 1083 usque
1934 1013 2001 1068 ad

432 1123 670 1183 tempus,
699 1118 754 1166 et
790 1117 1062 1178 tempora,
1091 1118 1143 1162 et
1172 1106 1459 1161 dimidium
1485 1106 1770 1175 temporis.
1814 1123 1832 1155 ›
1866 1103 2003 1160 Tres

429 1214 612 1261 autem
643 1206 700 1258 1ιί
737 1203 865 1257 anni
890 1216 1018 1256 cum
1063 1199 1312 1255 dimidio.
1350 1198 1572 1267 Tempus
1610 1198 1756 1252 enim
1793 1212 1999 1251 annum

430 1297 745 1369 appellavit,
777 1293 923 1373 quod
960 1309 1024 1348 ex
1058 1293 1146 1358 iis,
1182 1306 1307 1362 qua:
1345 1298 1677 1360 sequuntur,
1722 1290 2003 1344 discemus

430 1389 715 1460 apertius:
755 1405 774 1438 ι
814 1385 955 1451 Quia
986 1381 1247 1453 (durabit)
1279 1384 1333 1435 in
1385 1388 1623 1451 tempus,
1684 1381 1897 1449 inquit,
1947 1390 2003 1434 et

430 1490 702 1550 tempora,
738 1484 793 1532 et
823 1476 1111 1531 dimidium
1158 1473 1445 1565 temporis.
1491 1472 1778 1540 Completa
1830 1471 1998 1527 dissi-

430 1572 654 1641 patione
698 1567 883 1638 populi
923 1564 1275 1629 sanctiﬁcati,
1331 1570 1671 1631 cognoscent
1713 1570 1999 1626 sanctum,

430 1670 484 1714 et
536 1657 890 1729 perlicientur
935 1654 1118 1708 omnia
1177 1652 1312 1706 haec.
1370 1670 1388 1702 ι
1458 1650 1674 1704 Etenim
1737 1665 1833 1719 per
1891 1659 2001 1703 tres

2100 469 2197 523 τοῦ
2225 472 2453 541 κέρατος
2476 471 2568 525 τοῦ
2600 471 2880 536 ποιοῦντος
2915 472 3152 541 πόλεμον
3179 471 3321 543 μετὰ
3347 473 3459 525 τῶν
3494 470 3675 541 ἁγίων,

2100 561 2133 615 6
2160 562 2299 632 μετὰ
2327 564 2398 615 τὰ
2436 562 2570 618 δέκα
2620 563 2912 635 βλαστήσει
2951 564 3161 635 κέρατα
3194 565 3252 616 ἐν
3291 562 3370 633 τῷ
3403 562 3549 617 τέλει
3587 565 3678 635 τῆς

2112 656 2433 725 Ῥωμαῖκῆς
2452 656 2751 726 βασιλείας,
2780 658 2812 710 6
2835 658 2989 725 ἅγιος
3013 654 3115 725 ἔφη
3142 654 3407 727 Γαϐριὴλ.
3432 653 3682 726 Εἰρηκὼς

2101 746 2211 816 γάρ
2231 760 2244 775 ·
2273 762 2292 795 ι
2335 745 2498 816 Τρεῖς
2530 745 2770 816 βασιλεῖς
2797 742 3150 803 ταπεινώσει.
3180 743 3277 796 καὶ
3316 742 3511 811 λόγους
3552 741 3687 812 πρὸς

2099 833 2193 888 τὸν
2242 835 2503 905 Ὕψιστον
2552 835 2797 906 λαλήσει,
2852 835 2948 889 καὶ
2998 834 3126 897 τοὺς
3181 833 3372 902 ἁγίους
3430 832 3685 903 Ὑψίστου

2102 925 2404 980 παλαιώσει
2432 943 2444 954 ·
2484 945 2503 978 ι
2555 928 2840 998 ἐπήγαγε·
2898 945 2917 978 ι
2959 927 3069 979 Καὶ
3106 925 3395 995 δοθήσεται
3436 927 3499 980 ἐν
3543 927 3685 997 χειρὶ

2100 1018 2269 1071 αὐτοῦ
2298 1019 2400 1081 ἕως
2422 1018 2640 1090 καιροῦ,
2666 1020 2763 1074 καὶ
2785 1018 3014 1090 καιρῶν,
3037 1018 3132 1072 καὶ
3156 1018 3329 1088 ἥμισυ
3351 1018 3399 1052 ⁸⁵
3427 1017 3679 1091 καιροῦ.»

2104 1109 2243 1180 Τρία
2272 1109 2519 1163 δὲταῦτα
2551 1111 2644 1163 καὶ
2675 1111 2844 1182 ἥμισυ
2865 1109 2982 1180 ἔτη.
3009 1108 3118 1162 Τὸν
3139 1109 3351 1177 καιρὸν
3372 1110 3483 1182 γὰρ
3513 1111 3687 1163 ἐνιαυ-

2103 1200 2195 1252 τὸν
2212 1200 2256 1231 ⁸⁸
2309 1201 2741 1271 προσηγόρευσε,
2772 1202 2868 1255 καὶ
2894 1201 3051 1254 τοῦτο
3090 1201 3156 1253 ἐκ
3201 1200 3310 1253 τῶν
3340 1200 3480 1269 μετά
3514 1200 3688 1253 ταῦτα

2106 1292 2437 1360 σαφέστερον
2484 1290 2879 1363 μαθησόμεθα*
2934 1308 2953 1341 ι
2996 1290 3121 1343 Ὀτι
3156 1291 3483 1362 εἰς’καιρον,
3530 1292 3685 1360 φησι,

2103 1383 2199 1437 καὶ
2227 1384 2472 1455 καιροῦς,
2506 1384 2602 1436 καὶ
2634 1383 2809 1454 ἥμισυ
2837 1383 3052 1454 καιροῦ.
3097 1383 3185 1436 Ἑν
3218 1382 3296 1453 τῷ
3328 1382 3689 1452 συντελεσθῆ-

2103 1493 2193 1529 ναι
2235 1474 2667 1546 διασκορπισμὺν
2720 1474 2849 1528 λαοῦ
2877 1475 2923 1506 ⁸⁸⁸
2979 1474 3321 1546 ἡγιασμένον
3381 1476 3689 1543 γνώσονται
3768 1524 3777 1529 .

2104 1567 2277 1637 ἅγιον,
2317 1569 2410 1621 καὶ
2437 1566 2954 1637 συντελεσθήσονται
2984 1567 3157 1621 ταῦτα
3188 1568 3365 1620 πάντα
3387 1568 3453 1620 ⁸⁷.
3498 1586 3516 1618 ι
3549 1567 3592 1618 Τ
3599 1567 3689 1637 ρία

2105 1659 2234 1727 γὰρ,
2273 1659 2428 1729 φησὶ,
2463 1660 2559 1713 καὶ⁹
2597 1658 2769 1730 ἥμισυ
2804 1658 2901 1728 ἔτη
2947 1662 2976 1713 6
3020 1658 3116 1713 τοῦ
3172 1658 3507 1729 ἡγιασμένου
3558 1659 3688 1713 λαοῦ

431 1763 607 1801 annos
650 1760 774 1799 cum
835 1742 1065 1798 dimidio
1125 1740 1348 1795 durabit
1410 1739 1741 1795 sant-tiiicati
1812 1739 1998 1808 pepuli

2106 1750 2372 1819 κρατήσει
2425 1748 2888 1819 διασκορπισμὺς,
2944 1750 3039 1803 καὶ
3101 1749 3687 1820 συντελεσθήσονταιεδ

431 1836 718 1905 dispersio,
748 1840 804 1887 et
829 1830 1185 1901 perﬁcientur
1241 1828 1355 1880 btec
1404 1827 1609 1881 omnia.
1663 1824 1870 1880 Deinde
1908 1839 2000 1877 co-

429 1933 677 1997 gnoscent
728 1932 992 1977 sanctum.
1033 1920 1203 1973 Eliam
1256 1918 1346 1972 hic
1392 1917 1618 1970 innuit:
1682 1930 1809 1970 nam
1856 1915 2002 1997 circa

434 1993 592 2070 iincm
627 2015 775 2067 illius
808 2010 1056 2081 imperii,
1081 2023 1205 2062 eum
1234 2004 1550 2077 apparuerit
1576 2020 1806 2075 magnus
1829 1993 2000 2067 Eﬁas,

430 2107 733 2161 secundum
786 2101 1091 2156 Salvatoris
1135 2098 1315 2152 nostri
1374 2097 1765 2166 prtenuntiabit
1800 2094 2004 2149 adten-

431 2207 571 2251 tnm.
614 2195 712 2248 llis
740 2192 967 2260 subiicit
998 2192 1194 2244 beatus
1233 2187 1417 2241 Daniel
1446 2204 1460 2241 :

503 2290 670 2344 Vens.
711 2287 766 2341 8.
800 2304 819 2337 ι
861 2285 924 2339 Et
951 2300 1051 2354 ego
1080 2282 1289 2344 audivi,
1344 2276 1398 2334 et
1452 2293 1560 2333 non
1620 2277 1886 2341 intellexi,
1946 2283 2001 2333 et

431 2384 544 2437 dixi
570 2401 585 2436 :
609 2381 853 2439 Domine,
888 2377 1021 2446 quid
1051 2383 1295 2429 extrema
1326 2370 1569 2426 horum?
1605 2388 1624 2422 ι
1662 2368 1782 2423 Non
1836 2368 2000 2423 intel-

431 2476 625 2545 ligens,
658 2473 852 2542 inquit,
883 2471 934 2524 id
968 2468 1112 2537 quod
1140 2467 1349 2520 dictum
1393 2461 1569 2517 fuerat
1612 2460 1681 2516 de
1731 2469 1995 2529 tempore,

433 2568 777 2633 interrogare
804 2569 1031 2616 coaetus
1066 2559 1168 2624 l‘ni,
1210 2555 1477 2626 apertius.
1496 2552 1709 2607 discere
1732 2550 1995 2620 cupiens:

430 2656 808 2713 desiderabam
838 2654 1009 2715 enim,
1042 2666 1165 2721 quae
1197 2647 1463 2715 deinceps
1510 2651 1879 2699 consecutura
1913 2658 2000 2697 cs-

429 2758 572 2814 sent,
594 2746 860 2802 ediscere.
895 2744 990 2797 llle
1029 2750 1210 2796 autem

499 2852 669 2917 Vens.
710 2859 765 2922 9,
797 2859 882 2913 10.
918 2877 936 2908 ι
964 2855 1106 2908 Dixit
1133 2853 1345 2923 1300
1378 2849 1509 2905 mihi
1538 2868 1552 2904 :
1597 2847 1753 2914 Veni,
1789 2846 1995 2912 Daniel,

428 2956 556 3025 quia
583 2951 753 3006 clausi
789 2958 841 3004 et
876 2948 1071 3018 signati
1111 2958 1393 3001 sermones
1422 2956 1594 3009 usque
1628 2940 1693 2993 ad
1728 2941 1998 3009 temporis

2103 1838 2277 1892 ταῦτα
2310 1839 2506 1892 πάντα.
2542 1834 2678 1892 Εἶτα
2712 1834 3047 1909 γνώσονται
3081 1839 3187 1892 τὸν
3215 1838 3405 1908 ἅγιον.
3442 1838 3548 1891 Τὸν
3589 1840 3686 1907 μὲ-

2104 1946 2206 1998 γαν
2239 1930 2424 1982 Ἠλίαν
2471 1928 2708 1984 ἐνταῦθα
2750 1929 3046 1983 αἰνίττεται
3072 1946 3085 1959 ·
3136 1932 3265 2002 περὶ
3298 1931 3407 2001 γὰρ
3453 1929 3527 1983 τὰ
3560 1931 3687 2001 τέλη

2103 2022 2203 2091 τῆς
2247 2022 2460 2075 ἐκείνου
2501 2021 2821 2085 δυναστείας
2873 2021 3170 2091 ἀναφανεὶς
3199 2025 3226 2076 ὀ
3260 2022 3434 2092 μέγας
3475 2024 3687 2087 Ἠλίας,

2103 2112 2199 2183 τὴν
2227 2112 2483 2180 δευτέραν
2512 2111 2606 2166 τοῦ
2632 2112 2881 2183 Σωτῆρος
2904 2109 3064 2183 ἡμῶν
3105 2114 3435 2181 ἐπιφάνειαν
3473 2131 3690 2184 προκη-

2105 2203 2277 2274 ρύξει.
2331 2202 2555 2265 Τούτοις
2585 2202 2780 2271 ἐπάγει
2806 2204 2834 2255 6
2868 2204 3138 2274 μακάριος
3176 2204 3391 2274 Δανιήλ·

2171 2301 2242 2367 η’.
2274 2311 2294 2345 t
2332 2294 2443 2348 Καὶ
2467 2293 2579 2362 ἐγὼ
2606 2294 2836 2365 ἤκουσα,
2874 2295 2971 2348 καὶ
3007 2297 3067 2348 ού
3104 2295 3333 2366 συνῆκα,
3368 2295 3468 2348 καὶ
3497 2291 3684 2349 εἶπον·

2100 2385 2294 2456 Κύριε,
2330 2385 2382 2438 τί
2426 2385 2496 2439 τὰ
2524 2385 2732 2455 ἔσχατα
2763 2384 3006 2452 τούτων;
3056 2403 3076 2437 ι
3130 2387 3223 2456 Μὴ
3255 2387 3482 2451 συνιεὶς,
3526 2389 3686 2457 φησι,

2098 2478 2162 2530 τὸ
2182 2475 2472 2547 εἰρημένον
2509 2476 2639 2546 περὶ
2668 2476 2761 2530 τοῦ
2793 2476 3007 2546 χρόνου,
3037 2478 3392 2549 ἠναγκάσθην
3437 2477 3686 2547 ἔρεσθαι,
3730 2488 3731 2491 ‘

2102 2566 2432 2637 σαφέστερον
2480 2564 2670 2637 μαθεῖν
2711 2567 3030 2637 ἐφιέμενοςο
3083 2567 3311 2621 ἐπόθουν
3359 2566 3420 2620 δὲ
3469 2568 3566 2623 καὶ
3620 2574 3687 2619 τα

2107 2657 2248 2728 μετὰ
2276 2656 2451 2710 ταῦτα
2480 2657 2717 2728 ἐσόμενα
2746 2656 3062 2728 διδαχθῆναι
3086 2657 3153 2711 ⁶⁹.
3200 2658 3257 2711 Ὀ
3281 2657 3339 2711 δὲ

2173 2837 2238 2901 θ’,
2286 2842 2337 2891 ι’.
2386 2855 2404 2888 t
2443 2836 2587 2905 Ἔφη
2627 2834 2763 2906 πρός
2805 2852 2906 2906 με·
2947 2835 3155 2908 Δεῦρο,
3201 2837 3424 2907 Δανιὴλ,
3461 2839 3545 2892 ὅτι
3584 2841 3687 2909 ἐμ-

2102 2927 2481 2999 πεφραγμένοι
2511 2922 2621 2979 καὶ)
2640 2926 3066 2996 ἐσφραγισμένοι
3096 2927 3145 2977 οἱ
3179 2925 3328 2994 λόγοι
3352 2926 3459 2990 ἓως
3486 2928 3683 2999 καιροῦ

432 3017 615 3101 linem.
677 3042 863 3096 Donec
910 3039 1208 3107 eligantur,
1260 3041 1315 3087 et
1363 3032 1710 3092 dealbentur,
1777 3036 1829 3081 et
1875 3044 1998 3098 pro-

2103 3020 2336 3089 πέρατος
2355 3020 2421 3073 ⁷ο.
2460 3018 2607 3080 Ἕως
2640 3017 2926 3084 ἐκλεγῶσι,
2958 3018 3052 3070 καὶ
3092 3018 3535 3084 ἐκλευκανθῶσι,
3584 3023 3685 3075 καὶ

427 3140 630 3194 bentur
664 3133 845 3197 multi,
878 3138 933 3185 et
961 3130 1149 3199 inique
1179 3132 1340 3195 agent
1366 3120 1564 3190 iniqui,
1598 3127 1653 3173 et
1684 3134 1790 3173 non
1830 3119 1994 3174 intel-

427 3229 598 3297 ligent
619 3238 810 3278 omnes
836 3219 1014 3290 impii,
1049 3216 1416 3283 intelligentes
1448 3211 1783 3280 intelligent.
1824 3228 1842 3261 ι
1879 3208 1994 3263 Non

427 3320 547 3373 sine
589 3329 777 3376 causa,
812 3311 1012 3381 inquit,
1064 3309 1181 3361 haec
1218 3303 1511 3359 obscurius
1546 3301 1692 3363 dixi,
1727 3310 1782 3355 et
1830 3301 1996 3355 veluti

426 3410 607 3480 sigilla
636 3406 820 3462 verbis
859 3402 1255 3458 obscuritatem
1297 3394 1553 3465 imposui.
1611 3392 1800 3464 Neque
1851 3393 1997 3447 enim

426 3512 631 3558 temere
661 3496 919 3553 omnibus
968 3492 1151 3548 divina
1202 3498 1331 3543 sunt
1365 3485 1719 3557 proponenda
1740 3526 1755 3550 ,
1787 3485 1882 3539 sed
1917 3485 2001 3538 in-

427 3595 735 3662 telligentes
795 3602 895 3658 per
932 3583 1325 3654 cognitionem,
1379 3595 1502 3649 quae.
1536 3578 1672 3646 ipsis
1734 3576 2000 3630 divinitus

426 3679 962 3743 subtninistrabitur,
996 3676 1335 3744 intelligent;
1373 3671 1546 3739 iniqui
1584 3683 1712 3721 vero
1746 3676 1801 3721 et
1845 3665 1998 3731 impii

425 3775 561 3830 nihil
589 3787 776 3829 eorum
807 3786 927 3840 qua:
949 3770 1156 3830 insunt,
1193 3772 1452 3835 pnterunt
1488 3759 1795 3825 intelligere
1823 3758 1875 3808 ε’
1906 3756 1996 3810 ubi

426 3875 606 3922 autem
638 3880 726 3919 res
779 3862 1086 3925 evenerint,
1155 3867 1345 3928 aperte
1380 3851 1710 3923 percipient,
1760 3863 1884 3916 quae
1931 3848 2000 3901 de

424 3960 511 4014 liis
546 3956 806 4029 przedicta
839 3952 1064 4009 fuerint.
1094 3950 1251 4004 Tunc
1291 3946 1456 3999 etiam
1501 3941 1910 4010 separabuntnr
1965 3953 1994 3990 a

419 4051 614 4120 justis,
642 4048 733 4119 qui
783 4055 1089 4116 operantur
1138 4036 1490 4106 iniquitatem
1518 4030 1565 4085 i:
1601 4031 1805 4120 omnia,
1852 4031 1995 4083 enim

423 4119 742 4198 incendium
791 4134 1075 4206 probabit.
1125 4128 1237 4181 Hoc
1283 4127 1482 4181 beatus
1528 4135 1748 4191 quoque
1791 4119 1996 4174 Paulns

421 4234 688 4290 tradidit:
762 4246 781 4279 ι
850 4220 1303 4287 Uniuscujusque
1349 4214 1493 4268 enim
1539 4227 1718 4281 opus,
1782 4211 1992 4280 inquit,

419 4323 776 4382 manifestum
828 4317 953 4381 erit,
995 4315 1113 4368 dies
1165 4309 1311 4363 enim
1359 4304 1684 4367 declarabit,
1744 4304 1870 4373 quia
1939 4305 1991 4357 in

2104 3111 2429 3182 πυρωθῶσιν
2464 3110 2513 3162 οἱ
2547 3108 2753 3168 πολλοὶ.
2785 3107 2878 3161 καὶ
2906 3108 3270 3178 ἀνομήσουσιν
3304 3111 3353 3164 οἱ
3378 3112 3423 3141 ⁷⁸
3463 3111 3680 3182 ἄνομο;,

2099 3205 2196 3257 καὶ⁵
2244 3203 2304 3256 ού
2342 3202 2634 3272 συνήσουσι
2682 3203 2884 3266 πάντες
2916 3202 3154 3266 ἀσεϐεῖς,
3186 3204 3279 3257 καὶ
3318 3204 3369 3257 οἱ
3415 3207 3680 3276 νοήμονες

2100 3298 2399 3365 νοήσουσιν.
2437 3313 2455 3344 ι
2489 3294 2564 3346 Οὐ
2603 3295 2802 3365 μάτην,
2836 3294 3019 3364 φησὶν,
3057 3295 3404 3365 ἀσαφέστερα
3428 3299 3475 3336 τ’
3505 3297 3679 3350 ταῦτα

2101 3390 2318 3459 εἴρηκα,
2349 3388 2444 3440 καὶ
2480 3386 2647 3440 οἱονεὶ
2688 3386 2992 3457 σφραγῖδας
3024 3389 3135 3451 τοῖς
3179 3387 3358 3456 λόγοις
3404 3388 3505 3461 τὴν
3545 3392 3679 3445 ἀσα-

2103 3496 2261 3547 φειαν
2287 3478 2552 3548 ἐπέθηκα.
2583 3478 2718 3530 Οὐδὲ
2744 3477 2853 3548 γὰρ
2880 3478 2961 3531 δεῖ
2999 3480 3163 3531 πᾶσιν
3198 3480 3384 3544 ἁπλῶς
3417 3488 3674 3553 προσκεῖ-

2104 3571 2226 3625 σθαι
2250 3571 2297 3603 ⁷³
2322 3569 2389 3622 τὰ
2420 3569 2708 3632 θεῖα,›ἀλλ’
2737 3571 2783 3623 οἱ
2816 3570 2912 3640 μὲν
2945 3571 3205 3641 νοήμονες
3235 3572 3322 3625 διὰ
3346 3573 3446 3643 τῆς
3474 3574 3677 3629 ἄνωθεν

2101 3663 2283 3725 αὐτοῖς
2332 3661 2749 3734 χορηγουμένης
2797 3660 3055 3730 γνώσεως
3108 3666 3462 3734 συνήσουσιν·
3518 3667 3567 3720 οἱ
3621 3668 3677 3721 δὲ

2101 3753 2299 3823 ἀνομίᾳ
2333 3752 2425 3806 καὶ
2456 3751 2741 3823 δυσσεϐείᾳ
2770 3751 3060 3816 συζῶντες,
3095 3754 3245 3807 οὐδὲν
3282 3755 3391 3809 τῶν
3422 3758 3676 3828 ἐγκειμέ-

2100 3860 2204 3895 νων
2235 3845 2425 3912 νοῆσαι
2454 3845 2809 3913 δυνήσονται·
2847 3844 2974 3897 ὅταν
3008 3844 3062 3897 δὲ
3091 3845 3219 3918 ἔλθῃ
3245 3847 3313 3900 τὰ
3348 3848 3672 3919 πράγματα,

2102 3934 2286 4001 σαφῶς
2331 3936 2427 3997 τὰς
2476 3936 2603 4007 περὶ
2652 3935 2859 3989 τούτων
2915 3935 3251 4007 μαθήσονται
3312 3941 3667 4010 προφητείας.

2100 4025 2233 4077 Τότε
2278 4025 2371 4076 καὶ
2401 4024 2862 4095 ἀποκριθήσονται.
2902 4024 3009 4077 τῶν
3041 4024 3263 4079 δικαίων
3292 4027 3341 4078 οἱ
3373 4028 3478 4098 τῆς
3511 4046 3670 4097 πονη-

2100 4116 2220 4187 ρίας
2262 4116 2524 4187 ἐργάται·
2583 4116 2760 4168 πάντα
2816 4114 2927 4187 γὰρ
2975 4117 3008 4187 ή
3058 4117 3303 4187 πύρωσις
3360 4118 3664 4189 δοκιμάσει.

2096 4207 2266 4260 Τοῦτο
2315 4208 2408 4261 καὶ
2454 4208 2482 4259 6
2529 4208 2797 4278 μακάριος
2838 4208 2945 4279 ἔφη
2992 4207 3202 4272 Παῦλος
3224 4208 3300 4241 ⁷⁸·
3342 4227 3362 4261 t
3408 4209 3666 4265 Ἐκάστου

2096 4301 2225 4371 γὰρ,
2247 4301 2400 4373 φησὶ,
2432 4302 2493 4353 τὸ
2518 4304 2676 4372 ἔργον
2696 4301 2931 4373 φανερὸν
2953 4303 3265 4372 γενήσεται·
3293 4303 3325 4372 ἡ
3355 4302 3467 4373 γὰρ
3488 4304 3665 4373 ἡμέρα

418 4419 548 4489 igne
578 4409 939 4469 revelabitur,
973 4412 1026 4458 et
1057 4395 1500 4465 uniuscujusque
1528 4408 1668 4463 npns
1698 4394 1859 4463 quale
1898 4395 1988 4458 sit,

2103 4395 2344 4465 δηλώσει,
2398 4396 2478 4448 ὅτι
2512 4397 2570 4447 ὲν
2608 4396 2742 4466 πυρὶ
2786 4394 3262 4459 ἀποκαλύπτεται,
3314 4396 3409 4448 καὶ
3439 4395 3662 4449 ἑκάστω

419 4486 566 4579 ignis
600 4500 856 4574 probabit
873 4498 922 4550 ιι.
964 4514 982 4546 ι
1025 4492 1239 4544 Rursus
1280 4502 1387 4541 non
1442 4494 1696 4555 oportere
1738 4486 1991 4541 omnibus

419 4576 628 4654 tetnere
653 4592 841 4647 divina
869 4596 1197 4656 proponere,
1230 4578 1494 4633 Dominus
1529 4577 1583 4630 in
1612 4576 1785 4631 sacris
1809 4577 1989 4630 Evan—

420 4687 579 4759 geliis
614 4685 729 4735 ait:
776 4696 795 4729 ι
844 4675 1025 4730 Nolite
1068 4672 1197 4726 dare
1243 4677 1495 4725 sanctum
1527 4668 1784 4759 canibus,
1811 4683 1990 4735 neque

419 4754 728 4849 projiciatis
750 4762 1078 4833 margaritas
1110 4770 1321 4814 vestras
1362 4766 1489 4812 ante
1539 4754 1805 4827 porcosl.
1850 4777 1867 4809 ›
1924 4759 1988 4811 Et

418 4847 638 4922 beatum
676 4854 976 4914 Danielem,
1012 4860 1263 4904 sanctum
1290 4857 1345 4902 et
1390 4847 1530 4902 bene
1561 4847 1886 4900 sentientem
1920 4849 1987 4901 de

421 4968 524 5008 suo
562 4948 797 5001 Domino
827 4941 1117 5006 famulum,
1156 4947 1384 4995 sanctus
1418 4938 1648 5008 angelus
1679 4936 1838 4992 docet
1876 4938 1987 4990 An-

420 5038 652 5097 tichristi
680 5034 987 5106 tyrannidis
1013 5042 1251 5103 tempus.

496 5272 509 5309 ί
551 5268 682 5321 Dan.
717 5285 810 5332 vn,
838 5268 929 5333 2i,
956 5263 1047 5321 23.
1132 5264 1144 5314 1
1195 5263 1339 5319 Psal.
1376 5280 1487 5326 xei,
1512 5263 1597 5318 10.

2096 4486 2155 4540 τὸ
2180 4486 2337 4557 ἔργον
2376 4487 2558 4541 ὁποῖόν
2602 4487 2717 4539 ἐστι
2758 4485 2819 4538 τὸ
2863 4484 2976 4557 πῦρ
3005 4485 3310 4556 δοκιμάσει.
3354 4504 3372 4536 ι
3417 4486 3584 4539 Πάλιν
3612 4485 3658 4537 δὲ

2094 4579 2221 4646 περὶ
2247 4577 2341 4629 τοῦ
2373 4577 2448 4648 μὴ
2478 4577 2588 4629 δεῖν
2619 4575 2822 4629 ἅπασιν
2852 4575 3040 4640 ἁπλῶς
3073 4576 3385 4645 προτιθέναι
3420 4576 3487 4630 τὰ
3529 4576 3656 4639 θεῖα,

2092 4670 2120 4720 6
2145 4669 2347 4739 Κύριος
2376 4670 2432 4720 ὲν
2474 4670 2588 4729 τοῖς
2621 4668 2783 4738 ἱεροῖς
2812 4668 2858 4698 ⁷⁵
2902 4667 3258 4735 Εὑαγγελίοις
3292 4668 3463 4736 ῳησί·
3524 4687 3543 4718 t
3575 4667 3657 4734 Μὴ

2093 4759 2227 4811 δῶτε
2278 4760 2345 4811 τὰ
2394 4759 2593 4826 ἆγια⁷⁶
2632 4761 2743 4822 τοῖς
2789 4759 2937 4822 κυσὶ,
2992 4759 3125 4828 μηδὲ
3163 4759 3286 4820 τοὺς
3325 4760 3657 4829 μαργαρίτας

2094 4851 2248 4922 ὑμῶν
2282 4852 2471 4921 ῥίψητε
2496 4853 2538 4883 ⁷⁷
2566 4850 2875 4921 ἔμπροσθεν
2904 4849 3012 4905 τῶν
3044 4849 3261 4920 χοίρων.
3297 4869 3317 4899 ι
3347 4850 3453 4902 Τὸν
3474 4851 3529 4903 δὲ
3560 4867 3656 4919 μα-

2093 4942 2281 5011 κάριον
2311 4941 2506 5012 Δανιὴλ
2533 4941 2688 5008 ἅγιον
2727 4941 2877 5005 ὄντα,
2925 4940 3019 4993 καὶ
3048 4938 3235 4992 εὔνουν
3269 4938 3362 4991 τοῦ
3395 4942 3655 4992 Δεσπύτου

2095 5030 2421 5100 θεράποντα,
2457 5034 2483 5084 6
2516 5030 2658 5094 θεῖος
2688 5031 2918 5099 ἄγγελος
2949 5030 3190 5084 διδάσκει
3220 5030 3319 5101 τῆς
3349 5029 3446 5083 τοῦ
3492 5030 3643 5083 Ἀντι·

2093 5122 2315 5191 χρίστου
2347 5122 2657 5192 τυραννίδος
2692 5123 2782 5176 τὸν
2816 5122 3027 5192 χρόνον,
3064 5122 3158 5174 καί
3199 5139 3363 5191 φησιν
3386 5137 3398 5149 '
3544 5126 3555 5134 '

1682 5262 1747 5316 ιι
1778 5262 1905 5317 Cor.
1946 5280 2031 5330 tu,
2070 5265 2159 5319 15.
2238 5265 2252 5296 ¹
2288 5265 2477 5322 Matth.
2514 5283 2609 5333 vn,
2645 5266 2700 5321 6.

1682 5398 1917 5454 VARIAS
1956 5399 2249 5457 LECTION
2258 5400 2355 5456 ES.

484 5494 606 5546 οιΒ

646 5495 895 5564 ἡμίσους.

414 5565 523 5619 ⁶³Β
576 5560 1066 5636 συντελεσθήσεται.
1146 5564 1189 5594 ⁶⁹
1223 5560 1263 5613 Β
1296 5560 1586 5629 δειχθῆναι.
1665 5562 1708 5591 ⁷⁸
1779 5560 1905 5613 licc.
1957 5560 2120 5614 lectio
2159 5571 2236 5615 est
2288 5563 2476 5633 πέρας.

414 5652 527 5683 amr-
604 5635 651 5665 ⁷³
687 5635 725 5683 Β
759 5634 1096 5683 προκεῖσθαι.
1135 5631 1352 5683 omissis
1393 5632 1499 5683 illis
1537 5631 1603 5682 τὰ
1638 5630 1775 5683 θεῖα.
1855 5631 1900 5663 ⁷³
1933 5632 1969 5683 Β
2011 5630 2179 5683 Παῦλ.
2217 5632 2340 5683 ἔφη.
2443 5632 2476 5662 ⁷¹

2061 5649 2179 5685 una.
2217 5649 2340 5700 ετρη.

480 5653 527 5691 ν.
604 5635 651 5665 ’³
687 5635 725 5688 Β
759 5630 1096 5704 προκεῖσθαι,
1135 5631 1352 5704 omissis
1393 5632 1499 5684 illis
1537 5631 1603 5682 τὰ
1638 5630 1775 5704 θεῖα.

434 5708 540 5764 icc.
576 5706 731 5762 lectio
765 5700 867 5773 est,
903 5705 1119 5775 βάλητε,
1157 5702 1389 5772 positum
1413 5709 1533 5770 post
1571 5700 1725 5768 μηδὲ.

972 5495 1015 5526 ⁸⁵
1071 5494 1110 5546 Β
1141 5493 1230 5545 τὸν
1262 5491 1368 5560 γὰρ
1394 5491 1634 5543 ἐνιαυτὸν
1686 5489 1893 5557 καιρόν.
1972 5491 2015 5522 ⁸⁸
2037 5491 2167 5543 λαοῦ
2199 5522 2267 5533 --
2298 5494 2491 5549 πάντα.
2524 5492 2694 5547 Aliter
2746 5494 2794 5544 οἱ
2838 5492 3000 5549 LXX.

3077 5495 3120 5526 ⁶⁷
3160 5492 3203 5546 Β
3242 5496 3423 5549 πάντα
3469 5496 3647 5548 ταῦτα.

2564 5564 2605 5597 τ’
2646 5563 2735 5632 οἱ.
2771 5563 2889 5615 Des.
2946 5564 3000 5616 in
3050 5564 3110 5617 Β.
3205 5566 3250 5596 τ’
3286 5565 3328 5616 Β
3360 5566 3649 5632 ἀσαφέστε-

2992 5633 3038 5663 ⁷⁶
3068 5634 3108 5685 Β
3135 5633 3195 5685 τὸ
3225 5633 3398 5702 ἆγιον.
3473 5636 3518 5667 ⁷⁷
3542 5631 3648 5704 με.

2415 5632 2488 5700 1⁷⁵
2526 5631 2628 5700 ἱερ.
2662 5633 2698 5683 Β
2722 5631 2903 5693 θείοις.
