3912 6206
477 322 613 389 1543

1458 312 1942 378 TIIEODORETI
1995 310 2331 385 EPISCOPI
2367 311 2731 375 CYRENSIS

3550 313 3664 381 15H

477 438 757 493 Medorum
777 433 1061 521 impeditur
1093 434 1376 490 transtulit
1404 434 1469 491 ad
1500 432 1718 487 Persas.
1743 449 1762 481 ι
1801 429 1866 484 Ει
1888 435 2029 492 erat,

2152 427 2410 496 ρηθέντος,
2444 430 2474 482 ὁ
2501 428 2683 501 Κῦρος
2705 430 2802 502 τὴν
2831 430 2940 483 τῶν
2975 426 3273 502 Ἀσσυρίων
3302 430 3392 484 καὶ
3422 430 3669 489 Χαλδαίων

478 530 675 599 inquit,
702 529 928 583 conviva
963 526 1131 597 regis,
1157 544 1175 577 ι
1205 533 1258 580 et
1289 524 1723 587 contubernalis,
1754 523 2045 577 omnibus-

477 636 586 689 que
619 620 766 674 illius
798 619 1161 675 familiaribus
1202 618 1485 687 praelatus.
1521 615 1632 670 Hac
1670 616 1817 671 enim
1849 615 2045 684 praedi-

481 720 572 764 tus
600 707 859 777 loquendi
895 709 1165 774 libertate,
1197 716 1251 762 et
1281 723 1400 776 qua:
1428 708 1482 760 in
1521 705 1699 775 ipsum
1733 720 1763 759 a
1805 704 1919 759 Deo
1951 720 2046 774 per

480 802 674 855 Isaiam
708 801 1028 868 pr0phetam
1064 799 1320 868 praedicta
1372 797 1620 861 fuerant,
1658 797 1954 861 indicavit,
1992 806 2045 851 ct

479 892 786 945 dimittendi
820 891 1001 961 populi
1033 902 1225 946 auctor
1260 891 1381 945 fuit.
1417 891 1524 946 Nos
1556 893 1739 960 itaque
1767 906 1830 945 ex
1862 890 2043 945 divina

479 983 720 1038 Danielis
763 983 1042 1053 prophetia
1084 984 1196 1038 haec
1243 984 1559 1038 didicimus.
1614 982 1829 1039 Judaaos
1861 992 2043 1038 autem

474 1075 684 1143 justum
724 1082 807 1128 est
839 1075 1126 1129 lamentari
1162 1091 1225 1129 ac
1258 1077 1464 1145 lugere,
1494 1076 1585 1145 qui
1627 1085 1781 1130 extra
1814 1077 2047 1146 prophe-

479 1175 659 1219 tarum
689 1168 998 1237 catalogum
1027 1168 1271 1221 divinum
1309 1168 1517 1239 1303
1551 1169 1692 1223 hunc
1723 1169 2043 1240 prophetam

476 1258 681 1313 audent
716 1260 1086 1323 constituere,
1142 1263 1442 1329 prmsertim
1505 1261 1848 1329 experientia
1894 1261 2044 1315 docti

478 1350 782 1419 prophetia:
810 1352 1114 1406 veritatem.
1150 1350 1533 1405 Verumtamen
1571 1352 1920 1422 perspicuum
1961 1360 2047 1407 est

478 1452 686 1497 nostra:
728 1445 1067 1513 tempestatis
1094 1443 1313 1499 Iudaeos
1346 1445 1412 1497 ad
1455 1444 1561 1499 alia
1622 1444 1784 1515 impia
1840 1445 2042 1500 scelera

479 1534 622 1588 hanc
667 1551 887 1605 quoque
920 1536 1316 1606 blasphemiam
1365 1538 1681 1603 addidisse,
1740 1539 2047 1595 Salvatoris

477 1627 650 1681 nostri
675 1628 942 1683 adventus
967 1629 1316 1685 manifestum
1346 1632 1725 1686 testimonium
1758 1635 2049 1703 negatione

478 1720 778 1788 prophetia:
806 1720 1138 1777 obumbrare
1175 1733 1461 1778 conantes.
1497 1723 1697 1779 Verum
1746 1725 1880 1779 nihil
1929 1740 2043 1779 am-

477 1811 625 1879 plius
647 1811 748 1865 erit
781 1813 915 1881 ipsis
943 1814 1034 1882 qui
1075 1814 1219 1869 hanc
1265 1823 1468 1885 negant
1508 1816 1884 1887 prophetiam:
1918 1832 2042 1869 nam

474 1908 534 1954 et
562 1902 651 1954 alii
703 1903 985 1973 propheta:
1020 1914 1312 1972 testantur,
1362 1908 1593 1978 et'ipsa:
1651 1924 1739 1964 res
1772 1910 2046 1976 clamant,

479 1991 931 2060 praedictionibus
959 1994 1026 2049 de
1070 1995 1191 2065 ipso
1217 2011 1339 2051 sese
1382 1997 1737 2067 respondere.
1774 1999 2049 2067 Antiquos

481 2097 610 2135 vero
646 2081 865 2139 Iudaeos
891 2086 1110 2140 beatum
1144 2085 1419 2143 Danielem
1459 2090 1756 2143 maximum
1811 2091 2049 2160 prephe-

478 2183 592 2225 tam
625 2188 876 2237 vocasse,
906 2176 1062 2232 testis
1093 2177 1338 2246 locuples
1355 2186 1437 2233 est
1468 2176 1741 2247 Josephus
1765 2177 2046 2245 Hebraeus,

476 2266 572 2333 qui
622 2264 996 2320 Christianam
1033 2267 1252 2338 quidem
1294 2266 1739 2338 praedicatidnem
1795 2286 1901 2325 non
1950 2272 2049 2325 ad-

480 2354 652 2419 misit,
703 2356 985 2412 veritatem
1035 2365 1219 2413 tamen
1269 2360 1553 2417 occultare
1593 2376 1701 2416 non
1759 2364 2041 2418 sustinuit.

480 2442 583 2497 llic
608 2445 660 2497 in
687 2445 899 2501 decimo
927 2447 1283 2503 Iudaicarum
1313 2453 1694 2523 antiquitatum
1730 2453 1893 2519 libro,
1922 2470 2046 2508 cum

480 2536 650 2588 multa
682 2536 787 2590 alia
814 2538 881 2593 de
925 2539 1085 2594 beato
1117 2539 1339 2597 Daniele
1370 2542 1637 2609 dixisset,
1670 2543 1784 2599 haec
1829 2560 2047 2615 quoque

480 2624 720 2694 adjecit:
776 2646 795 2677 ι
836 2625 1055 2694 Omnia,
1113 2630 1312 2701 inquit,
1370 2632 1477 2703 ipsi
1531 2633 1958 2699 incredibiliter,
1991 2644 2050 2689 ut

481 2715 576 2766 uni
612 2728 674 2767 ex
706 2716 960 2769 maximis
995 2718 1279 2788 prophetis
1314 2734 1578 2775 concessa
1610 2731 1759 2786 sunt,
1792 2722 2051 2792 omnique

477 2805 606 2857 vita:
636 2812 881 2875 tempore
909 2806 1173 2862 honorem
1207 2816 1262 2862 et
1306 2809 1533 2878 gloriam
1580 2811 1722 2881 apud
1764 2827 1919 2881 reges
1956 2828 2051 2882 po-

483 2896 782 2965 polumque
834 2906 920 2953 est
953 2908 1283 2955 assecutus:
1332 2908 1587 2957 mortuus
1646 2912 1826 2957 autem
1874 2905 2051 2958 moni-

482 2995 723 3040 mentum
746 2988 763 3006 ⁶
798 2988 958 3043 habet
1010 2991 1427 3060 sempiternum.
1466 2990 1617 3047 Libri
1653 2995 1832 3059 enim,
1879 3012 2048 3066 quos-

2146 520 2457 584 καταλύσας
2479 521 2780 591 βασιλείαν,
2814 521 2876 574 τὸ
2934 522 3134 593 Μήδων
3167 522 3359 594 κράτος
3390 526 3463 587 εἰς
3485 526 3672 596 Πέρσας

2148 610 2517 680 μετατεθεικε.
2543 631 2561 664 ι
2583 611 2840 676 Σύσσιτος
2862 611 2938 676 δὲ,
2966 614 3149 682 φησὶν,
3172 607 3238 682 ἦν
3255 612 3348 665 τοῦ
3375 613 3629 684 βασιλέως,
3653 634 3669 667 ι

2146 704 2241 757 καὶ
2271 703 2538 771 σύνοικος,
2585 706 2682 759 καὶ
2708 705 2928 759 πάντων
2966 705 3131 759 αὐτοῦ
3162 705 3269 759 τῶν
3298 705 3527 777 συνήθων
3559 724 3674 778 προ-

2144 798 2493 869 τεταγμένος.
2522 796 2739 869 Ταύτην
2798 798 2905 868 γὰρ
2936 797 3074 868 ἔχων
3118 798 3215 869 τὴν
3253 799 3570 869 παρρησίαν,
3597 801 3675 853 καὶ

2143 891 2213 943 τὰ
2235 892 2312 953 είς
2341 890 2499 943 αὐτὸν
2538 891 2641 943 ὑπὸ
2670 890 2764 943 τοῦ
2791 890 2925 943 Θεοῦ
2947 890 3033 943 διὰ
3059 888 3153 942 τοῦ
3182 890 3455 960 προφήτου
3484 891 3677 946 Ἡσαΐου

2146 981 2525 1052 προρρηθέντα
2587 981 2857 1047 ὑπέδειξε,
2917 981 3013 1034 καὶ
3070 981 3168 1052 τὴν
3217 981 3406 1050 ἄφεσιν
3434 981 3521 1034 τοῦ
3568 983 3676 1037 λαοῦ

2148 1072 2477 1143 ποιήσασθαι
2507 1073 2944 1144 παρεσκεύασεν.
2992 1076 3182 1145 Ἡμεῖς
3210 1074 3309 1144 μὲν
3329 1071 3421 1127 οὖν
3450 1074 3605 1128 ταῦτα
3626 1078 3677 1129 ἐκ

2146 1163 2247 1233 τῆς
2285 1163 2437 1228 Θείας
2494 1164 2588 1218 τοῦ
2647 1166 2845 1236 Δανιὴλ
2900 1166 3303 1236 μεμαθήκαμεν
3359 1168 3675 1237 προφητείας.

2160 1254 2443 1319 Ἰουδαίους
2486 1256 2544 1309 δὲ
2596 1255 2812 1329 θρηνεῖν
2858 1257 3066 1310 δίκαιον
3099 1256 3205 1322 ἔξω
3249 1256 3343 1311 τοῦ
3375 1260 3676 1329 προφητικοῦ

2147 1346 2449 1416 καταλόγου
2479 1349 2693 1402 τάττειν
2726 1349 2815 1402 τὸν
2846 1348 2986 1403 θεῖον
3039 1349 3224 1403 τοῦτον
3273 1352 3547 1420 προφήτην
3579 1352 3678 1405 το).-

2151 1439 2387 1510 μῶντας,
2418 1440 2709 1494 καὶταῦτα.
2733 1444 2797 1511 τῇ
2830 1442 2993 1513 πείρᾳ
3035 1441 3421 1513 μεμαθηκότας
3453 1443 3545 1514 τῆς
3572 1462 3679 1515 προ-

2148 1529 2373 1597 φητείας
2420 1531 2479 1583 τὸ
2529 1530 2747 1599 ἀληθές.
2792 1531 2950 1586 Ἀλλὰ
2998 1532 3106 1603 γὰρ
3153 1532 3395 1602 εὔδηλον,
3436 1533 3506 1596 ὡς
3534 1536 3578 1586 οἱ
3603 1534 3679 1588 νῦν

2148 1622 2265 1683 ταῖς
2291 1620 2480 1684 ἄλλαις
2513 1621 2788 1685 ἀσεϐείαις
2823 1623 2917 1676 καὶ
2948 1621 3153 1693 ταύτην
3183 1623 3581 1694 προστεθείκασι
3603 1625 3680 1692 τὴν

2153 1711 2521 1783 βλασφημίαν,
2543 1716 2640 1784 τῆς
2671 1713 2762 1767 τοῦ
2791 1714 3041 1785 Σωτῆρος
3070 1715 3100 1783 ἡ
3112 1714 3232 1785 μῶν
3279 1716 3580 1782 ἐπιφανείας
3600 1715 3679 1786 τήν

2150 1804 2400 1874 προφανῆ
2459 1803 2761 1873 μαρτυρίαν
2823 1803 3052 1874 ἀρνήσει
3100 1805 3166 1873 τῇ
3236 1803 3335 1874 τῆς
3384 1804 3680 1873 προφητείας

2152 1893 2470 1957 συσκιάζειν
2494 1893 2895 1964 ἐπιχειροῦντες
2915 1911 2929 1926 ·
2962 1893 3077 1947 ἀλλ’
3098 1893 3256 1946 οὐδὲν
3278 1894 3459 1955 αὐτοῖς
3482 1894 3525 1925 ⁸⁸
3549 1893 3680 1946 πλέον

2151 1984 2381 2054 ὑπάρξει
2419 1985 2623 2057 ταύτην
2660 1985 3017 2056 ἀρνουμένοις
3047 1985 3147 2056 τὴν
3181 1983 3545 2056 προφητείαν*
3569 1984 3680 2037 οἵτε

2149 2078 2257 2150 γὰρ
2291 2077 2438 2133 ἄλλοι
2467 2079 2741 2149 προφῆται
2798 2076 3136 2153 μαρτυροῦσι
3163 2116 3177 2139 ,
3227 2078 3322 2129 καὶ
3352 2075 3484 2129 αὐτὰ
3514 2074 3600 2145 βοᾷ
3628 2076 3680 2126 :‘t

2150 2170 2451 2240 πράγματα
2483 2170 2581 2232 τὰς
2606 2168 2736 2240 περὶ
2763 2167 2927 2233 αὐτοῦ
2952 2169 3293 2239 προρρήσεις
3324 2167 3612 2237 ἁρπάζοντα
3626 2164 3679 2220 ⁸³.

2152 2261 2272 2314 Ὀτι
2300 2261 2354 2314 δὲ
2381 2261 2429 2314 oi
2459 2261 2626 2315 πάλαι
2676 2259 2916 2313 Ἰουδαῖοι
2960 2260 3051 2313 τὸν
3106 2259 3379 2330 μακάριον
3403 2255 3684 2328 Δανιὴλμέ-

2149 2369 2334 2422 γιστον
2385 2353 2694 2408 ἀπεκάλουν
2765 2354 3074 2425 προφήτην,
3146 2351 3364 2423 μάρτυς
3427 2350 3684 2422 ἀξιόχρεως

2163 2444 2465 2514 Ἰώσηππος
2492 2445 2520 2498 ὁ
2553 2444 2823 2516 Ἐϐραῖος,
2855 2444 2915 2497 τὸ
2976 2445 3076 2516 μὲν
3132 2443 3516 2516 Χριστιανικδν
3536 2444 3587 2495 ού
3614 2443 3682 2494 δε·

2150 2533 2379 2604 ξάμενος
2436 2536 2717 2605 κήρυγμα,
2769 2536 2870 2607 τὴν
2920 2536 2975 2589 δὲ
3024 2536 3290 2607 ἀλήθειαν
3339 2537 3583 2607 κρύπτειν
3604 2535 3682 2586 οὐκ

2150 2626 2475 2695 ἀνεχόμενος
2503 2626 2569 2680 ⁸⁸.
2594 2618 2760 2688 Οὗτος
2791 2626 2847 2678 ἐν
2875 2623 2952 2696 τῷ
2990 2625 3204 2695 δεκάτῳ
3255 2627 3351 2694 τῆς
3393 2620 3682 2689 Ἰουδαϊκῆς

2162 2719 2630 2788 ’Λρχίιιολογίας,
2660 2717 2830 2771 πολλὰ
2861 2718 2958 2789 μὲν
2986 2719 3079 2772 καὶ
3114 2719 3285 2788 ἓτερα
3339 2717 3461 2788 περὶ
3486 2714 3569 2769 τοῦ
3605 2733 3683 2785 μα·

2150 2812 2343 2879 καρίου
2384 2799 2569 2881 είρῆκε
2628 2810 2863 2881 Δανιὴλ,
2915 2809 3246 2880 προστίθησι
3292 2808 3347 2863 δὲ
3375 2810 3465 2862 καὶ
3513 2808 3681 2861 ταῦτα·

2158 2922 2176 2955 ι
2216 2903 2465 2955 Ἂπαντα
2505 2903 2612 2973 γὰρ
2661 2900 2828 2971 αὐτῷ,
2886 2901 3086 2970 φησὶν,
3125 2900 3465 2972 παραδόξως,
3509 2898 3576 2961 ὡς
3622 2896 3685 2950 ἑνί

2150 3012 2256 3048 τινι
2285 2993 2394 3047 τῶν
2418 2994 2688 3065 μεγίστων
2713 2993 2976 3064 ἐχαρίσθη
3007 2992 3051 3024 ⁸⁷
3097 2992 3418 3063 προφητῶν,
3442 2992 3530 3044 καὶ
3563 2989 3685 3060 παρᾶ

481 3082 697 3148 cunque
720 3080 809 3134 ille
831 3082 1175 3152 conscriptos
1198 3084 1418 3154 reliquit
1442 3085 1587 3156 apud
1613 3102 1713 3143 nos
1736 3088 2041 3145 etiamnum

2152 3087 2239 3139 τὸν
2263 3089 2360 3156 τῆς
2382 3087 2525 3155 ζωῆς
2573 3086 2763 3156 χρόνον
2788 3087 2917 3156 τιμή
2959 3102 3019 3137 τε
3077 3086 3174 3138 καὶ
3208 3084 3413 3154 δόξα,ή
3440 3081 3576 3153 παρά
3598 3081 3685 3133 τῶν

482 3170 768 3241 leguntur,
826 3174 1027 3243 quibus
1082 3174 1303 3229 adducti
1367 3192 1583 3241 sumus,
1640 3187 1699 3232 ut
1760 3182 2051 3239 credamus

482 3262 758 3317 Danielem
791 3278 915 3317 cum
960 3264 1066 3318 Deo
1118 3266 1449 3321 collocutum
1493 3267 1691 3327 fuisse.
1732 3270 1848 3326 Non
1906 3275 2050 3329 enim

486 3356 666 3409 futura
705 3357 905 3421 solum,
940 3358 1395 3426 quemadmodum
1447 3359 1539 3413 alii
1576 3363 1873 3431 propheta,
1911 3381 2049 3435 pra:-

483 3446 720 3509 dicohat,
755 3447 849 3501 sed
882 3449 1045 3502 etiam
1094 3457 1331 3520 tempus,
1368 3468 1481 3521 quo
1518 3453 1608 3507 illa
1659 3465 1920 3511 eventura
1967 3474 2053 3513 es-

484 3548 627 3603 Sent,
656 3539 1024 3594 deﬁniebat“.
1066 3560 1085 3593 ι
1128 3541 1191 3595 Ει
1231 3544 1398 3611 paulo
1441 3553 1601 3614 post:
1637 3564 1656 3598 ι
1720 3547 1803 3603 Ab
1856 3557 2052 3604 eventu

485 3641 662 3685 autem
716 3630 1132 3699 praedictionum
1183 3633 1396 3706 1304
1449 3636 1697 3691 veritatis
1758 3637 1941 3702 ﬁdem,
2000 3649 2054 3695 et

483 3721 788 3776 divinitatis
831 3723 1146 3792 Opinionem
1200 3726 1344 3794 apud
1400 3728 1809 3783 multitudinem
1858 3745 2053 3787 conse-

485 3812 693 3880 quitur.
734 3832 752 3865 ι
792 3814 868 3867 Ac
894 3814 1148 3884 deinceps
1178 3814 1347 3885 hujus
1392 3819 1609 3887 generis
1646 3820 1816 3874 multa
1847 3822 1953 3874 alia
1985 3821 2052 3877 de

487 3902 607 3970 ipso
664 3916 1073 3959 commemorat.
1132 3907 1310 3975 Atque
1363 3907 1553 3962 itidem
1616 3909 1671 3962 in
1727 3909 2052 3967 duodecimo

486 3997 880 4066 Antiquitatum
935 3998 1007 4052 ita
1059 4015 1254 4056 rursus
1310 4000 1428 4053 ait:
1489 4020 1507 4053 ι
1550 4002 1764 4058 Accidit
1819 4020 1949 4060 vero
1992 4014 2052 4061 ut

487 4088 673 4159 templi
701 4088 968 4144 desolatio
1014 4093 1190 4157 lieret,
1239 4091 1542 4146 secundum
1584 4094 1637 4148 id
1683 4095 1825 4164 quod
1863 4095 2051 4152 Daniel

485 4190 611 4234 ante
665 4181 1095 4252 quadringentos
1153 4191 1207 4236 et
1268 4190 1396 4234 octo
1454 4196 1629 4237 annos
1675 4184 2047 4254 prazdixerat:

484 4273 725 4327 ostendit
747 4274 888 4327 enim
915 4275 1091 4343 ipsum
1118 4288 1147 4325 a
1172 4272 1563 4329 Macedonibus
1585 4290 1833 4329 eversum
1860 4278 1924 4330 iri
1954 4286 1999 4331 ο.
2026 4297 2045 4330 ι

484 4363 550 4416 Ει
606 4367 719 4419 haec
779 4365 999 4434 quidem
1061 4364 1334 4434 Iosephus
1396 4367 1674 4437 propheta:
1731 4376 2044 4427 attestatur.

483 4455 653 4511 Judmi
688 4472 837 4521 vero,
872 4457 1018 4510 omni
1063 4457 1402 4525 impudentia
1450 4458 1789 4526 laborantes,
1820 4479 1889 4517 ne
1920 4480 2049 4521 suos

484 4546 699 4614 quidem
728 4556 1042 4600 reverentur
1077 4549 1395 4615 magistros.
1442 4548 1643 4604 Verum
1688 4569 1808 4621 nos,
1850 4554 2050 4610 adhor-

484 4644 591 4696 tor,
634 4644 819 4703 utpote
853 4636 945 4704 qui
981 4651 1009 4693 a
1056 4636 1317 4705 propheta
1358 4637 1450 4692 Dei
1504 4639 1812 4695 futurorum
1854 4645 2051 4713 cogni-

485 4724 686 4777 tionem
737 4725 1100 4794 percepimus,
1163 4728 1560 4797 nosmetipsum
1605 4731 1670 4784 ad
1729 4732 2046 4788 horribilem

483 4813 624 4865 diem
670 4812 817 4865 illum
852 4814 923 4868 ita
974 4830 1396 4885 comparemus,
1436 4830 1493 4873 ut
1544 4838 1653 4875 non
1700 4822 1754 4876 in
1812 4822 2047 4881 dedecus

485 4902 897 4969 sempiternum.
932 4905 1027 4961 sed
1068 4908 1120 4961 in
1148 4909 1316 4962 vitam
1348 4926 1703 4980 resurgamus
1737 4922 1998 4969 mtcrnam
2030 4936 2043 4971 :

486 5006 648 5061 quam
685 4994 889 5049 utinam
923 5013 1021 5053 nos
1058 5015 1247 5055 omnes
1281 5016 1708 5072 consequamur,
1760 5008 1938 5075 gratia
1996 5020 2049 5064 et

2156 3177 2417 3249 βασιλέων
2443 3179 2536 3230 καὶ
2581 3177 2674 3230 τοῦ
2726 3177 2982 3247 πλήθους·
3041 3177 3378 3248 τελευτήσας
3421 3176 3474 3229 δὲ
3506 3175 3687 3245 μνήμην

2153 3270 2369 3324 αἰώνιον
2402 3270 2533 3339 ἔχει.
2576 3271 2655 3323 Τὰ
2678 3269 2784 3340 γὰρ
2814 3269 3012 3341 βιϐλία,
3048 3270 3147 3322 ὅσα
3174 3267 3243 3340 δὴ
3273 3266 3685 3338 συγγραψάμενος

2154 3354 2445 3417 κατέλιπεν
2478 3362 2544 3427 ⁸⁸,
2578 3360 3007 3430 ἀναγινώσκεται
3044 3361 3172 3431 παρ’
3218 3362 3351 3431 ἡμῖν
3384 3360 3460 3412 ἔτι
3489 3359 3573 3412 καὶ
3594 3356 3685 3413 νῦν,

2154 3460 2247 3510 καὶ
2276 3453 2717 3523 πεπιστεύκαμεν
2777 3453 2837 3517 ἐξ
2870 3451 3069 3519 αὐτῶν,
3105 3453 3189 3506 ὅτι
3248 3451 3444 3521 Δανιὴλ
3470 3451 3510 3482 ⁸9
3529 3448 3686 3519 ὡμίλει

2152 3547 2230 3616 τῷ
2259 3546 2304 3577 ⁰⁰
2338 3544 2475 3616 Θεῷ.
2518 3545 2591 3598 Οὐ
2638 3544 2746 3616 γὰρ
2774 3543 2844 3596 τά
2884 3543 3147 3615 μέλλοντα
3174 3542 3340 3613 μόνον
3369 3539 3686 3613 προφητεύων

2152 3637 2395 3702 διετέλει,
2441 3634 2690 3706 καθάπερ
2744 3636 2837 3689 καὶ
2882 3636 2932 3687 οἱ
2988 3635 3141 3688 ἄλλοι
3170 3636 3219 3667 ⁹¹
3257 3635 3545 3706 προφῆται,
3578 3628 3688 3684 ἀλλὰ

2153 3730 2248 3782 καὶ
2278 3729 2368 3782 τὸν
2397 3728 2587 3799 καιρὸν
2618 3727 2817 3799 ὥρισεν
2845 3727 2890 3759 θ’
2920 3729 2996 3790 εἰς
3025 3727 3084 3780 ὃν
3125 3726 3303 3780 ταῦτα
3337 3725 3685 3795 ἀποϐήσεται.»

2154 3820 2261 3873 Καὶ
2289 3820 2425 3889 μετά
2451 3820 2656 3890 βραχέα
2715 3819 2804 3883 δὲ,
2842 3837 2859 3870 r
2910 3818 3043 3871 Ἀπὸ
3088 3817 3143 3871 δὲ
3183 3818 3283 3871 τοῦ
3322 3817 3523 3880 τέλους,
3561 3808 3693 3884 φησὶ,

2152 3908 2259 3961 τῶν
2282 3910 2640 3979 προρρήσεων
2663 3907 2918 3977 ἀληθείας
2939 3907 3123 3960 πίστιν
3146 3909 3246 3960 καὶ
3267 3906 3425 3972 δόξαν
3451 3905 3690 3973 θειότητος

2154 4001 2306 4070 παρὰ
2330 4003 2441 4063 τοῖς
2478 3999 2656 4069 δχλοις
2684 3999 3041 4071 ἀποφέρεται.
3068 4017 3086 4049 ι
3116 3998 3229 4051 Καὶ
3257 3995 3523 4067 ὲφεξῆςδὲ
3547 3992 3688 4063 μυρία

2150 4094 2376 4146 τοιαῦτα
2435 4093 2562 4162 περὶ
2606 4092 2770 4145 αὐτοῦ
2816 4091 2986 4158 λέγει.
3040 4090 3322 4154 Ὡσαύτως
3347 4090 3404 4143 δὲ
3433 4089 3522 4143 καὶ
3559 4087 3608 4139 ὲν
3635 4085 3687 4153 τῇ

2150 4183 2424 4254 δωδεκάτῃ
2458 4185 2504 4215 ⁸³
2533 4183 2630 4252 τῆς
2679 4183 3123 4251 Ἀρχαιολογίας
3154 4182 3322 4235 πάλιν
3373 4178 3510 4233 οὕτω
3553 4173 3685 4245 φησί·

2157 4293 2176 4324 ι
2215 4273 2323 4344 Τὴν
2349 4273 2404 4326 δὲ
2429 4273 2708 4342 ἐρήμωσιν
2731 4271 2824 4324 τοῦ
2867 4271 2996 4325 ναοῦ
3059 4270 3263 4340 συνέϐη
3305 4267 3549 4338 γενέσθαι
3576 4259 3690 4318 κατὰ

2150 4364 2247 4435 τὴν
2280 4364 2372 4418 τοῦ
2402 4364 2716 4434 ⁹³Δανιήλου
2788 4362 3161 4435 προφητείαν,
3206 4360 3316 4431 πρὸ
3365 4355 3690 4431 τετρακοσίων

2155 4459 2248 4511 καὶ
2273 4454 2414 4509 ὀκτὼ
2443 4454 2738 4525 γενομένην
2778 4453 2910 4506 ἐτῶν
2932 4470 2945 4483 ·
2991 4451 3158 4518 ἔδειξε
3190 4453 3237 4485 ⁸⁸
3286 4450 3396 4521 γὰρ
3423 4450 3500 4503 ὅτι
3535 4447 3690 4501 Μακε-

2154 4548 2301 4609 δόνες
2356 4544 2746 4599 καταλύσουσιν
2815 4543 2996 4597 αὐτόν.
3032 4561 3051 4590 ι
3096 4542 3203 4594 Καὶ
3255 4540 3431 4593 ταῦτα
3478 4538 3567 4607 μὲν
3596 4537 3620 4588 ὁ
3651 4532 3687 4562 ⁹⁶

2168 4639 2470 4710 ’ῐώσηππος
2500 4636 2578 4706 τῷ
2610 4637 2865 4708 προφήτῃ
2896 4635 3331 4706 προσμαρτυρεῖ.
3372 4630 3600 4684 Ἰουδαῖοι
3623 4624 3686 4683 δὲ.

2155 4734 2336 4785 πᾶσαν
2382 4729 2761 4800 ἀναισχυντίαν
2818 4726 3126 4789 νοσοῦντες,
3177 4726 3299 4778 οὐδὲ
3346 4725 3469 4786 τοὺς
3513 4717 3690 4773 ἑαυτῶν

2156 4824 2495 4894 αἰσχύνονται
2549 4822 2919 4884 διδασκάλους.
2963 4819 3103 4872 Ἀλλ’
3161 4820 3345 4890 ἡμεῖς,
3399 4808 3686 4884 παρακαλῶ.

2154 4918 2229 4978 ὡς
2298 4916 2446 4982 παρὰ
2498 4914 2632 4966 Θεοῦ
2681 4915 2725 4946 ⁹⁷
2778 4914 3055 4983 προφήτου
3089 4912 3185 4981 τὴν
3217 4909 3325 4962 τῶν
3359 4906 3635 4978 μελλόντων
3652 4897 3689 4927 ’⁸

2155 5009 2432 5079 δεξὰμενοι
2458 5007 2784 5077 πρόγνωσιν,
2844 5006 3125 5075 εὐτρεπεῖς
3164 5003 3309 5073 ἡμᾶς
3353 4999 3537 5060 αὐτοὺς
3561 4994 3626 5055 εἰς
3651 4990 3686 5020 ⁹¹

554 5178 581 5207 ιι
613 5143 990 5241 .1‹)ςιπριι.’Ληι.
1025 5170 1153 5226 Jud.
1187 5174 1225 5226 l.
1262 5190 1314 5237 κ,
1348 5189 1396 5227 c.
1441 5176 1527 5232 to.
1608 5185 1633 5211 ο
1673 5178 1827 5247 ibid.,
1857 5182 1893 5235 l.
1928 5200 2025 5249 xu,
2059 5201 2108 5240 c.
2144 5186 2191 5239 7.

1741 5341 1970 5396 “tanta
1999 5341 2401 5396 LECTIONES.

552 5423 598 5499 f"
634 5425 753 5499 αῦτ.
796 5426 865 5499 ιι]
896 5428 934 5479 Β
975 5438 1094 5498 post
1136 5430 1295 5482 πλέον
1326 5433 1562 5499 ponitur.

1665 5434 1870 5504 ⁸⁵ἀρπ.
1927 5437 1979 5488 In
2034 5436 2047 5485 1

2152 5436 2350 5501 scripta
2410 5444 2492 5488 est
2552 5436 2707 5489 lectio
2754 5439 3077 5507 ἁρμόζοντα.
3154 5439 3199 5469 ⁸⁸
3245 5436 3284 5488 Β
3332 5433 3680 5507 ἀνασχόμενος.

482 5495 524 5576 ξ’
549 5495 627 5564 ἐχ.
654 5496 806 5576 Apud
823 5495 1020 5576 _Jos._'l.
1054 5516 1103 5576 r_.
1133 5512 1215 5576 est
1253 5495 1592 5576 eoroqu.“
1621 5495 1835 5576 8"_l.oL-o
1857 5506 1947 5576 ςξι.
1984 5522 2041 5557 es

2152 5495 2515 5560 αταλὲλςιπεν.
2591 5508 2634 5539 ⁸⁹
2678 5507 2714 5558 Β
2741 5495 3016 5576 Δαύιῆλος.
3064 5510 3135 5562 Ita
3165 5523 3379 5575 quoque
3412 5505 3541 5569 apud
3577 5499 3678 5576 flus-

483 5563 520 5637 i.
545 5563 606 5618 c.
627 5573 680 5617 rt
705 5563 859 5620 alibi.
960 5569 1005 5600 ⁹⁰
1037 5570 1112 5637 τῷ
1151 5570 1270 5624 Urs.
1308 5573 1359 5624 in
1386 5563 1453 5625 ’Βί

484 5634 638 5690 bene.
741 5638 785 5669 ⁸⁸
814 5638 926 5691 τοῦ.
963 5634 1095 5693 Des;
1124 5641 1176 5692 in
1214 5640 1272 5694 Β.

486 5704 790 5770 μέλλοντος.
868 5708 911 5740 ⁸³
942 5711 1038 5774 εἰς.
1073 5709 1112 5761 Β
1147 5710 1250 5764 ἐπ’.

1553 5573 1595 5603 ⁹¹
1636 5574 1800 5626 ἄλλοι.
1856 5574 1977 5626 Des.
2029 5575 2157 5627 ibid.

1363 5643 1409 5674 ⁸⁸
1442 5642 1512 5695 ἕδ.
1550 5640 1665 5697 Jos.
1702 5645 1735 5696 Ι.
1790 5659 1837 5696 c.
1893 5644 2054 5696 habet
2097 5644 2348 5712 ἐδήλωσε.

2255 5576 2300 5606 ⁸³
2345 5574 2385 5627 Β
2419 5576 2613 5648 (δινσε.
2670 5578 2703 5629 1.
2743 5594 2803 5648 γρ.
2843 5571 3053 5648 ὥριζεν.
3138 5571 3251 5648 ⁸³⁷8
3279 5576 3495 5648 δεκάτῃ,
3524 5571 3679 5648 minus

2463 5646 2506 5677 ﬂ
2539 5647 2583 5697 δ’
2634 5648 2707 5702 ΕΧ
2737 5647 2774 5698 Β
2806 5641 2981 5718 suppl.
3062 5651 3104 5681 ³⁷
3154 5648 3194 5701 Β
3221 5647 3384 5699 θείου.
3446 5641 3497 5676 “4"
3530 5641 3566 5694 li
3601 5641 3679 5691 τοῦ
