3912 6206
398 409 532 475 1549

1224 406 1313 466 IN
1350 404 1466 465 XII
1504 401 1948 464 PROPHETAS
1988 401 2330 461 MINORE'S
2370 401 2784 463 PREFATIO.

3496 401 3631 469 1550

394 531 574 600 ἔχουσι
603 523 818 594 βίϐλον’
879 524 939 580 ὲν
993 525 1269 596 διαφόροις
1326 524 1435 594 γὰρ
1485 525 1693 592 καιροῖς
1720 521 1820 583 τὰς
1850 519 1959 573 τῶν

2070 519 2481 588 prebenduntur
2517 539 2533 575 :
2575 521 2809 576 diversis
2851 520 2994 574 enim
3057 520 3394 590 temporibus
3447 522 3632 576 futura

397 615 697 687 μελλόντων
726 614 1049 686 ἐποιήσαντο
1078 614 1433 686 προφητείας.
1470 615 1581 668 Καὶ
1608 614 1636 665 ό
1662 612 1760 682 μὲν
1805 610 1961 680 Ὠσηὲ

392 709 452 763 ὲν
493 708 740 781 βασιλείᾳ
783 708 982 773 Ὀςίου,
1047 707 1141 760 καὶ
1186 705 1444 774 Ἰωάθαμ,
1500 705 1595 758 καὶ
1621 701 1819 774 Ἄχαζ,
1870 705 1965 764 καὶ

406 800 673 866 Ἐζεκίου,
706 800 755 854 οἳ
776 799 1127 854 ἐϐασίλευσαν
1152 797 1248 869 τῆς
1289 795 1548 860 Ἰουδαίας
1570 812 1585 828 ·
1614 796 1755 850 καὶὸ
1786 793 1965 864 ’Δμὼς

393 891 653 957 ὡσαύτως
694 892 751 945 ὲν
785 890 1016 962 ἡμέραις
1045 890 1221 953 Ὀζίου
1244 907 1258 921 ·
1291 888 1382 943 καὶ
1420 889 1603 959 μέντοι
1623 887 1720 942 καὶ
1747 887 1776 939 ό
1808 885 1966 958 Ἰωὴλ

392 981 596 1034 τούτων
647 979 976 1052 ὁμόχρονος’
1037 981 1065 1032 ὁ
1109 980 1168 1034 δὲ
1224 978 1463 1049 Μιχαίας
1504 976 1663 1041 εὐθὺς
1694 974 1833 1047 μετὰ
1867 976 1965 1048 τὴν

407 1074 583 1140 Ὀζίου
611 1070 871 1142 τελευτὴν
903 1071 1001 1143 τῆς
1049 1068 1384 1143 προφητείας
1428 1067 1632 1141 ἤρξατο
1656 1069 1713 1121 ἐν
1728 1065 1966 1138 ἡμέραις

406 1164 664 1233 Ἰωόιθαμ,
710 1163 807 1216 καὶ
842 1161 1040 1233 Ἄχας,
1106 1160 1203 1213 καὶ
1245 1155 1514 1222 Ἐζεκίου.
1543 1157 1655 1212 Καὶ
1697 1156 1881 1220 Ἰωνᾶς
1907 1155 1966 1210 δὲ

391 1254 595 1325 ταύτης
633 1252 861 1322 ὲστὶτῆς
886 1249 1198 1322 συμμορίας
1214 1268 1228 1279 ’ν
1261 1250 1311 1302 εί
1343 1249 1452 1321 γὰρ
1474 1248 1568 1302 καὶ⁵
1592 1249 1627 1319 ἡ
1660 1245 1967 1318 προφητεία

388 1347 484 1400 τὸν
513 1345 707 1416 χρόνον
757 1343 1033 1413 ἐσίγησεν,
1093 1342 1207 1396 ἀλλ’
1253 1343 1287 1413 ἡ
1317 1340 1424 1394 τῶν
1468 1340 1965 1412 Παραλειπομένων

400 1437 575 1508 βίϐλος
602 1435 763 1490 τοῦτο
788 1435 1027 1489 διδάσκει
1062 1433 1267 1503 σαφῶς.
1318 1431 1381 1487 '0
1400 1433 1457 1487 δὲ
1476 1431 1621 1486 Ναοὺ
1630 1449 1669 1502 μ
1712 1430 1848 1502 μετὰ
1875 1431 1967 1484 τὸν

408 1528 589 1581 Ἰωνᾶν
620 1527 677 1581 τὸ
696 1527 793 1597 τῆς
818 1525 1153 1597 προφητείας
1182 1525 1402 1590 ἐδέξατο
1420 1525 1664 1597 χάρισμα
1689 1539 1702 1553 ·
1727 1522 1966 1578 διδάσκει

399 1619 450 1673 δὲ
473 1618 635 1672 τοῦτο
662 1617 848 1687 σαφῶς
872 1619 906 1689 ή
937 1618 1034 1687 τῆς
1080 1616 1414 1688 προφητείας
1461 1614 1738 1678 ὑπόθεσις.
1777 1614 1838 1667 Ὀ
1869 1613 1968 1685 μὲν

399 1708 706 1779 γὰρ’ῐωνᾶς
734 1705 833 1777 τὴν
889 1704 1263 1777 πανωλεθρίαν
1303 1704 1548 1777 κηρύξας
1590 1706 1703 1768 τοῖς
1751 1703 1969 1757 Νινευί-

398 1815 534 1859 ταις,
580 1800 694 1860 τοῖς
741 1797 840 1867 τῆς
895 1795 1183 1866 μετανοίας
1231 1796 1432 1858 αὐτοὺς
1479 1793 1791 1866 φαρμάκοις
1821 1810 1966 1863 παρ-

397 1886 658 1940 εσκεύασε
679 1884 988 1958 χρήσασθαι
1012 1905 1028 1915 ’
1060 1882 1143 1938 διὸ
1169 1884 1262 1938 καὶ
1286 1886 1484 1955 πεῖραν
1521 1885 1622 1937 οὐκ
1645 1883 1837 1938 ἔλαϐον
1860 1882 1968 1935 τῶν

396 1979 623 2049 ἀπηχῶν
653 1978 908 2033 .ὲκείνων
955 1976 1337 2048 προρρήσεων.
1380 1974 1600 2046 Ἐπειδὴ
1649 1973 1705 2031 δὲ
1758 1974 1838 2038 είς
1868 1973 1968 2044 τὴν

395 2072 669 2143 προτέραν
713 2069 909 2124 κακίαν
964 2070 1501 2141 παλινδρομήσαντες
1538 2069 1663 2136 ἄξια
1697 2068 1967 2139 τιμωρίας

395 2160 630 2230 ἐσχάτης
676 2159 1004 2229 ἐτόλμησαν,
1058 2161 1086 2212 ό
1126 2159 1321 2229 Ναοὺμ
1386 2156 1563 2211 αὐτῶν
1622 2157 1759 2227 μετὰ
1796 2157 1969 2210 ταῦτα

396 2249 729 2322 προφητεύει
773 2250 864 2304 τὸν
902 2248 1143 2321 δλεθρον.
1187 2249 1245 2303 'O
1298 2248 1353 2302 δὲ
1409 2247 1640 2312 Ἀϐδιοῦ,
1680 2249 1747 2302 δι’
1767 2242 1842 2302 ὧν
1899 2251 1966 2319 τῇ

334 2341 343 2359 ³
396 2342 667 2413 Ἰδουμαίᾳ
689 2342 732 2374 ¹⁶
749 2341 1155 2413 προηγόρευσεν
1178 2340 1461 2408 ἀλγεινῶν,
1482 2340 1638 2405 δῆλός
1677 2341 1793 2394 ἔστι
1830 2339 1969 2411 μετὰ

394 2428 616 2494 τούτους
655 2431 754 2500 τῆς
782 2430 1118 2501 προφητείας
1167 2428 1495 2501 ἀρξάμενος.
1540 2428 1599 2482 Ὀ
1628 2429 1684 2482 δὲ
1710 2428 1969 2497 Σοφονίας

395 2524 634 2578 διδάσκει
667 2521 874 2592 σαφῶς,
919 2522 995 2585 ὡς
1029 2521 1123 2574 ἐπὶ
1164 2520 1371 2573 Ἰωσίου
1432 2520 1526 2572 τοῦ
1572 2519 1836 2590 βασιλέως
1870 2519 1970 2590 τῆς

396 2613 544 2679 θείας
574 2612 965 2682 ἀποκαλύψεως
992 2611 1146 2681 ἔτυχε
1166 2628 1179 2641 ·
1213 2610 1356 2665 κατὰ
1382 2611 1473 2663 τὸν
1501 2610 1663 2662 αὑτὸν
1693 2610 1749 2664 δὲ
1778 2610 1968 2677 καιρὸν

396 2710 491 2761 καὶ
526 2708 555 2761 ό
585 2705 886 2776 Θαυμάσιος
923 2703 1212 2775 Ἱερεμίας.
1252 2703 1309 2756 '0
1369 2702 1425 2755 δὲ
1484 2701 1801 2770 Ἀϐϐακοὺμ
1841 2702 1883 2731 ⁸⁷
1906 2700 1967 2752 οὐ

396 2800 531 2854 πολὺ
568 2798 706 2870 μετὰ
760 2796 1004 2860 τούτους.
1045 2797 1296 2864 ’Λγγαῖος
1329 2792 1404 2858 δὲ,
1437 2794 1531 2847 καὶ
1554 2792 1846 2864 Ζαχαρίας,
1874 2792 1969 2846 καὶ

395 2889 703 2959 Μαλαχίας,
732 2888 870 2960 μετὰ
896 2886 1106 2941 πολλῶν
1129 2886 1266 2941 ὲτῶν
1279 2885 1512 2957 ἀριθμόν
1538 2901 1551 2916 ·
1584 2885 1644 2938 οὐ
1676 2885 1785 2956 γὰρ
1810 2885 1969 2955 μόνον

384 2979 539 3051 μετὰ
563 2979 654 3033 τὸν
699 2978 926 3043 Ἰωσίαν,
962 2977 1054 3032 καὶ
1085 2977 1177 3031 τδν
1199 2976 1482 3048 Ἰωακεὶμ,
1539 2976 1633 3030 καὶ
1680 2975 1769 3029 τὸν
1806 2978 1970 3046 Ἰεχο-

396 3070 537 3134 νίαν,
579 3068 677 3122 καὶ
719 3067 809 3122 τὸν
850 3067 1125 3134 Σεδεκίαν,
1161 3066 1298 3122 ἀλλὰ
1349 3067 1443 3120 καὶ
1484 3067 1624 3139 μετὰ
1652 3066 1742 3120 τὸν
1770 3068 1827 3119 ὲν
1861 3067 1968 3119 Βα-

396 3154 596 3207 ϐυλῶνι
612 3155 710 3225 τῆς
736 3155 1111 3226 αἰχμαλωσίας
1132 3154 1343 3224 χρόνον,
1367 3154 1462 3207 καὶ
1497 3154 1635 3225 μετὰ
1671 3154 1854 3225 Κῦρον
1876 3154 1968 3209 τόν

397 3241 613 3313 πρῶτον
654 3242 879 3313 Περσῶν
944 3241 1360 3312 βασιλεύσαντα,
1405 3242 1464 3305 ὃς
1504 3244 1595 3296 τὸν
1624 3243 1967 3314 Ἰσραηλίτην

396 3335 523 3388 λαὸν
558 3336 603 3368 ⁸⁸
634 3332 949 3388 ἐπανελθεῖν
1009 3334 1388 3403 παρηγγύησε,
1442 3335 1533 3387 καὶ
1562 3335 1700 3404 μετὰ
1734 3332 1968 3404 Καμϐύ-

400 3442 503 3494 σην
536 3423 625 3477 τὸν
651 3423 861 3477 ἐκείνου
896 3422 1061 3475 παῖδα
1105 3423 1198 3475 ἐπὶ
1226 3423 1453 3493 Δαρείου
1502 3421 1595 3475 τοῦ
1637 3423 1968 3488 Ὑστάσπου,

397 3513 494 3567 τοῦ
546 3511 851 3584 Ζοροϐάϐελ
901 3512 1002 3583 ήδη
1054 3518 1147 3564 τὸν
1190 3510 1330 3564 θεῖον
1374 3509 1784 3582 οἰκοδομοῦντος
1811 3510 1969 3578 νεὼν,

397 3605 501 3676 τὴν
528 3604 863 3674 προφητείαν
894 3604 1221 3674 ἐποιήσαντο
1243 3620 1256 3633 ·
1294 3601 1414 3672 μεθ’
1461 3600 1554 3666 οὓς
1587 3602 1763 3665 οὐδεὶς
1784 3601 1972 3674 ἕτερος

401 3695 536 3764 παρ’
573 3693 846 3757 Ἰουδαίοις
868 3694 1154 3764 προφήτης
1212 3693 1548 3765 εὑρίσκεται.
1594 3694 1669 3746 Ού
1693 3693 1875 3747 τοίνυν
1896 3694 1972 3755 ὡς

400 3779 711 3833 κατάύτὸν
765 3781 806 3812 ⁸³
844 3781 1127 3848 γεγονότες
1194 3781 1323 3851 μίαν
1374 3781 1557 3852 ἔχουσι
1612 3781 1816 3853 βίϐλον,
1857 3783 1973 3838 ἀλλ’

401 3870 589 3942 ἐπειδὴ
641 3871 706 3924 δι’
745 3870 939 3939 ὀλίγων
977 3874 1304 3943 ἐποιήσαντο
1349 3872 1448 3937 τὰς
1484 3875 1836 3946 προρρήσεις,
1879 3875 1974 3930 καὶ

399 3963 500 4016 οὐκ
537 3962 748 4034 ἀπέχρη
804 3963 1006 4017 τούτων
1055 3963 1284 4025 ἕκαστος
1336 3965 1417 4029 εἰς
1464 3968 1593 4036 μιᾶς
1648 3965 1833 4035 βίϐλου
1882 3966 1972 4021 διὰ

403 4053 717 4125 βραχύτητα
766 4058 1130 4126 κατασκευὴν,
1203 4056 1428 4121 εἰκότως
1474 4058 1524 4110 οἱ
1561 4056 1826 4111 ἀνέκαθεν
1863 4057 2001 4111 τῶν

402 4146 565 4202 θείων
614 4148 1035 4216 πεφροντικότες
1087 4150 1154 4216 ’⁸,
1178 4150 1287 4203 τῶν
1333 4150 1654 4203 δυοκαίδεκα
1678 4150 1971 4222 προφητῶν

384 4230 498 4304 τὰς
528 4241 858 4312 προρρήσεις
881 4240 1294 4308 συναγαγόντες,
1320 4241 1445 4310 μίαν
1461 4242 1742 4312 ἀπέφηναν
1768 4241 1967 4311 βίϐλον.

401 4332 607 4403 Καιρὸς
658 4332 716 4385 δὲ
769 4332 973 4398 λοιπὸν,
1028 4337 1128 4403 τῆς
1182 4332 1324 4385 κατὰ
1367 4332 1532 4403 μέρος
1560 4334 1707 4402 ἡμᾶς
1730 4332 1971 4402 ’ἅψασθαι

402 4420 719 4494 ἑρμηνείας,
747 4424 844 4491 τῆς
878 4421 1036 4494 Ὠσηὲ
1088 4422 1427 4493 προφητείας
1468 4423 1525 4475 ὲν
1557 4422 1838 4494 κεφαλαίῳ
1867 4423 1966 4493 τὴν

402 4512 657 4568 ὑπόθεσιν
682 4512 1115 4582 προδιδάξαντες.

2065 612 2577 682 prtesigniﬂcarunt.
2631 612 2798 667 ()seas
2845 612 3188 681 prophetiam
3257 628 3411 668 suam
3462 615 3635 668 edidit

2064 703 2410 775 temporibus
2436 704 2601 766 Ozias,
2632 703 2909 760 Joath‘ami
2933 744 2947 770 ,
2978 704 3220 773 Achaei,
3261 713 3312 760 et
3346 704 3593 761 Ezechiae
3617 747 3632 770 ,

2065 808 2258 866 regum
2310 795 2482 851 lude.
2538 798 2709 852 Amos
2760 795 3017 851 similiter
3069 796 3412 867 temporibus
3466 795 3633 852 Ozias.

2064 886 2183 943 Joel
2228 889 2434 960 pariter
2480 888 2674 943 horum
2720 903 2939 944 coaevus
2974 903 3037 944 ac
3080 889 3311 958 aequalis
3351 888 3473 944 fuit.
3536 888 3636 943 Mi-

2068 980 2251 1035 cbaeas
2285 985 2467 1034 autem
2501 979 2685 1034 statim
2712 987 2839 1050 post
2859 989 3090 1035 mortem
3116 979 3265 1035 Oziae
3289 981 3634 1052 prophetiam

2067 1069 2295 1142 incepit,
2322 1070 2519 1126 diebus
2539 1069 2834 1139 Jeathami,
2859 1070 3064 1137 Achasi
3095 1080 3150 1129 et
3180 1071 3446 1127 Ezethiae.
3469 1071 3639 1129 Jonas

2066 1160 2235 1218 etiam
2272 1162 2509 1233 hujusce
2537 1163 2737 1219 classis
2770 1168 2854 1219 est
2886 1179 2901 1216 :
2935 1164 3188 1234 qumvis
3218 1165 3363 1219 enim
3396 1166 3635 1236 prophe-

2069 1253 2157 1309 tiae
2184 1259 2401 1323 tempus
2437 1254 2631 1319 tacuit,
2662 1253 2921 1308 volumen
2954 1262 3137 1308 tamen
3174 1253 3637 1325 Paralipomenon

2068 1346 2174 1402 hoc
2216 1346 2378 1417 plane
2414 1346 2596 1401 docet.
2648 1344 2861 1401 Nahum
2916 1354 3042 1416 post
3088 1344 3284 1401 Jouam
3337 1347 3638 1417 prophetim

2068 1438 2272 1495 donum
2297 1438 2529 1507 accepit,
2549 1437 2698 1508 quod
2721 1436 3022 1508 prephetia:
3048 1447 3430 1508 argumentum
3457 1439 3634 1509 ipsum

2069 1538 2260 1599 aperte
2291 1527 2561 1583 declarat.
2605 1527 2744 1582 Nam
2772 1526 2965 1594 Jonas,
2990 1541 3114 1581 cum
3165 1542 3483 1598 supremum
3522 1528 3637 1582 exi-

2069 1619 2207 1676 tium
2253 1619 2527 1677 Niuevitis
2567 1620 2814 1675 l‘ut—urum
2861 1620 3280 1687 denuntiasset,
3332 1629 3391 1675 ut
3437 1620 3637 1691 resipi-

2069 1713 2296 1771 scentiaa
2372 1713 2636 1769 remediis
2676 1720 2972 1769 uterentur
3027 1711 3250 1769 eti‘ecit:
3304 1727 3427 1784 quae
3470 1726 3640 1767 causa

2070 1806 2213 1873 fuit,
2260 1814 2319 1861 ut
2362 1805 2533 1862 duras
2576 1806 2700 1861 illas
2745 1804 3132 1875 praedictiones
3183 1804 3365 1875 reipsa
3422 1803 3638 1874 experti

2071 1916 2183 1957 non
2216 1900 2349 1957 sint.
2385 1900 2492 1955 Ubi
2520 1914 2652 1954 vero
2677 1899 2731 1953 in
2765 1898 2998 1969 pristina
3037 1895 3244 1968 ﬂagitia
3279 1897 3474 1952 iterum
3509 1911 3638 1967 pro-

2071 1993 2234 2063 lapsi,
2259 2006 2479 2047 summo
2501 1991 2773 2061 supplicio
2795 1990 2959 2060 digna
2985 1989 3400 2054 commiserunt,
3424 1986 3637 2043 Nahum

2070 2092 2193 2155 post
2221 2085 2335 2138 haec
2355 2099 2542 2138 eorum
2568 2083 2821 2139 funditus
2844 2082 3209 2151 perditionem
3235 2082 3501 2152 praedicit.
3517 2078 3637 2135 Jam

2069 2191 2202 2229 vero
2249 2192 2315 2231 ex
2356 2174 2617 2229 aerumnis
2666 2188 2806 2243 quas
2844 2173 3050 2228 Abdias
3093 2173 3346 2229 Idumaeas
3393 2188 3642 2243 praenun-

2070 2268 2247 2333 tiavit,
2267 2274 2513 2338 apparet,
2540 2282 2665 2320 cum
2700 2272 2889 2337 postea
2920 2265 3263 2336 prophetiam
3297 2264 3639 2318 inehoasset.

2074 2358 2289 2431 1309
2345 2358 2656 2427 Sophouias
2708 2365 2889 2412 autem
2946 2355 3240 2411 manifeste
3285 2355 3486 2419 docet,
3540 2354 3645 2409 sub

2069 2450 2224 2506 Josia
2284 2466 2412 2520 rege
2460 2449 2701 2503 divinam
2759 2449 3152 2504 revelationem
3205 2461 3264 2502 se
3328 2453 3640 2502 assecutum

2071 2542 2275 2607 fuisse,
2317 2556 2428 2611 quo
2471 2551 2717 2610 tempore
2769 2539 3128 2594 admirandus
3169 2538 3335 2593 etiam
3371 2536 3642 2592 Jeremias

2072 2632 2416 2688 vaticinatus
2442 2640 2550 2685 est.
2578 2628 2837 2684 llabacuc
2858 2644 2991 2683 vero
3019 2644 3129 2682 non
3161 2628 3333 2682 multo
3356 2627 3440 2683 his
3459 2635 3643 2696 poste-

2070 2723 2186 2777 rior
2231 2722 2352 2776 fuit.
2389 2722 2620 2794 Aggzcus
2658 2735 2831 2783 vero,
2878 2719 3177 2774 Zacharias
3239 2725 3294 2773 et
3341 2717 3641 2771 Malacbias

2072 2812 2265 2868 multis
2291 2819 2415 2883 post
2444 2810 2605 2866 annis
2633 2809 2985 2864 exstiterunt.
3013 2809 3149 2861 Nam
3174 2822 3282 2861 non
3323 2807 3487 2861 modo
3517 2814 3640 2876 post

2070 2903 2301 2968 Josiam,
2337 2910 2391 2956 et
2417 2900 2746 2964 Joacimum,
2777 2909 2832 2954 et
2855 2897 3203 2962 Jechoniam,
3232 2904 3287 2952 et
3323 2895 3634 2963 Scdeciam,

2072 3009 2261 3052 verum
2291 2994 2458 3049 etiam
2490 3000 2611 3061 post
2640 2991 3022 3063 Bahylonicam
3049 2988 3457 3060 captivitatem,
3488 2997 3642 3058 post?

2073 3102 2178 3158 quc
2205 3087 2405 3158 Cyrum
2456 3084 2690 3155 primum
2731 3081 3025 3140 Persarum
3067 3097 3249 3153 regem
3277 3120 3295 3148 ,
3330 3081 3424 3152 qui
3468 3096 3643 3152 popu-

1996 3182 2039 3241 c
2076 3177 2190 3230 lum
2218 3175 2583 3232 lsraeliticum
2612 3174 2793 3228 redire
2824 3178 2841 3197 ‘
2869 3173 3135 3244 permisit,
3170 3187 3233 3227 ac
3264 3181 3389 3243 post
3407 3173 3642 3244 Camby-

2072 3284 2170 3325 sen
2208 3268 2376 3338 hujus
2435 3266 2643 3332 filium,
2696 3266 2855 3321 Dario
2897 3264 3184 3337 Hystaspis
3234 3264 3345 3321 [ilio
3379 3273 3642 3336 regnante

2072 3377 2138 3416 ac
2171 3359 2503 3416 Zororabele
2542 3369 2798 3415 sanctum
2840 3359 3108 3429 templum
3143 3357 3273 3428 jam'
3296 3357 3604 3414 :ediiicante
3626 3396 3640 3422 .

2072 3452 2489 3523 prophetarunt.
2531 3449 2661 3505 Post
2695 3464 2859 3520 quos,
2890 3450 3033 3520 apud
3062 3447 3284 3504 Iudaeos
3312 3463 3472 3503 nemo
3497 3450 3642 3504 alius

2072 3545 2341 3614 propheta
2380 3542 2680 3598 invenitur.
2729 3541 2847 3596 Non
2882 3542 3069 3613 itaque
3103 3542 3250 3613 quod
3285 3555 3396 3597 uno
3421 3542 3641 3597 eodem-

2073 3650 2179 3705 que
2219 3642 2465 3705 tempore
2506 3633 2757 3699 fuerint,
2806 3634 2864 3711 in
2906 3649 3077 3689 unum
3112 3635 3367 3689 volumen
3408 3634 3642 3704 conjun-

2073 3733 2279 3797 guntur
2311 3746 2324 3781 :
2360 3725 2452 3781 sed
2478 3725 2607 3796 quia
2641 3735 2696 3781 et
2735 3726 2929 3796 paucis
2960 3726 3345 3796 praedictiones
3375 3728 3641 3797 complexi

2074 3824 2240 3885 sunt,
2269 3833 2371 3873 nec
2403 3818 2542 3874 satis
2570 3817 2640 3873 ob
2671 3818 3003 3873 brevitatem
3032 3817 3231 3874 fuisset
3264 3823 3643 3891 unusquisque

2075 3909 2142 3962 ad
2164 3909 2327 3964 unius
2356 3907 2482 3963 libri
2509 3909 2988 3978 compositionem,
3015 3908 3138 3979 jure
3163 3909 3425 3978 majores,
3443 3913 3643 3982 quibus

2074 4000 2206 4055 olim
2238 3999 2424 4054 divina
2455 4014 2603 4054 cura;
2641 3998 2888 4059 fuerunt.
2919 3999 3210 4055 duodecim
3247 4002 3640 4071 prophetarum

2074 4090 2463 4163 praedictiones
2500 4092 2555 4145 in
2596 4107 2767 4147 unum
2810 4091 3067 4147 redactas
3113 4092 3314 4146 librum
3356 4093 3640 4148 concluse-

2074 4189 2223 4236 runt.
2259 4180 2367 4236 Sed
2401 4187 2619 4251 tempus
2647 4191 2760 4245 est,
2790 4191 2847 4236 ut
2878 4197 2974 4251 per
2998 4190 3187 4249 partes
3221 4182 3371 4235 Osca:
3401 4182 3638 4251 prOphc-

2074 4275 2205 4327 tiam
2236 4272 2608 4342 explicemus,
2635 4279 2925 4341 postquam
2960 4272 3271 4326 summatim
3313 4272 3432 4341 ejus
3479 4287 3638 4342 argu-

2074 4373 2317 4420 mentum
2343 4363 2749 4433 proposuimus.

1701 4675 1936 4730 VARUE
1981 4675 2382 4732 LECTIONES.

476 4768 519 4800 ¹⁶
551 4766 640 4823 Ἰδ.
704 4766 847 4820 EdEt.

400 4838 561 4909 κούμ.
646 4837 686 4870 ¹⁸
717 4838 760 4890 Λ
782 4837 897 4892 etC
925 4837 1080 4890 λεών.
1166 4838 1204 4867 ’ν
1238 4834 1278 4889 C
1314 4838 1454 4891 κατὰ
1494 4834 1707 4893 ταύτόν.

885 4766 1035 4839 prior
1063 4765 1296 4839 habebat
1342 4766 1591 4839 Ἰουδαίᾳ,
1626 4769 1720 4824 sed
1755 4768 1808 4822 in
1839 4771 1880 4819 Λ
1909 4769 1974 4822 ad
2009 4769 2304 4837 marginem
2345 4768 2639 4837 ascriptum
2666 4774 2768 4839 est,
2810 4768 2938 4830 ἴσως
2979 4765 3272 4839 Ἰδουμαίᾳ.
3346 4768 3388 4800 ⁸⁷
3428 4768 3637 4839 ’ἐμϐα-

1812 4840 1856 4869 ²⁰
1902 4839 1945 4891 Α
1974 4840 2397 4910 πεφρονηκότες,
2449 4839 2499 4893 in
2546 4837 2786 4908 margine
2834 4838 3269 4909 πεφροντικότες.
