3912 6206
360 5386 373 5473 l

434 354 570 419 1553
1757 347 1837 408 ΙΝ
1870 342 2003 405 OSE

2109 341 2252 400 IAP.
2288 339 2314 397 I
3541 323 3674 387 1554

431 467 520 519 καὶ
551 462 835 536 πόρρωθεν
873 461 1047 516 ταῦτα
1093 460 1207 524 τοῖς
1240 458 1632 528 πνευματικοῖς
1664 455 1997 525 θεασάμενος

2109 447 2334 501 subiret.
2374 442 2561 510 Neque
2595 441 2738 497 crim
2775 438 2989 493 idcirco
3012 436 3159 492 Deus
3200 448 3392 507 pmnas
3416 439 3680 504 minatur,

428 525 725 627 ὀφθαλμοῖς
749 594 765 620 ,
818 554 1109 632 προλέγειν
1153 525 1555 624 προστάττεται
1593 549 1670 621 τῷ
1713 549 1867 620 λαῷ,
1918 547 2003 601 ἴνα

2109 546 2168 592 ιιι
2204 535 2408 607 quibus
2444 534 2690 587 minatur
2740 529 2942 584 inierat
2979 543 3074 583 eas
3105 545 3118 582 :
3154 525 3248 581 sed
3291 532 3350 579 ut
3382 534 3528 578 metu
3560 541 3679 594 per-

426 650 699 710 δείσαντες
732 648 832 711 τὰς
882 646 1256 716 προρρήσεις,
1308 643 1523 713 φύγωσι
1578 642 1676 706 τὰς
1729 639 2002 703 κολάσεις,

428 742 519 792 καὶ
553 742 751 810 πεῖραν
783 738 858 808 μὴ
891 736 1100 791 λάϐωσι
1130 735 1240 789 τῶν
1269 735 1476 789 κακῶν.
1510 732 1647 786 usas
1677 732 1785 802 γὰρ
1816 730 2004 783 τούτου

430 830 588 902 χάριν
620 832 649 883 ὁ
676 830 786 882 τῶν
834 828 973 882 ὅλων
1007 828 1140 891 Θεὸς
1185 827 1399 881 ἀπειλεῖ
1443 825 1542 888 τὰς
1592 822 1895 894 τιμωρίας,
1937 819 2003 873 ἶν’

429 923 610 992 ἐπάγῃ
623 922 668 955 ³⁸
700 921 906 984 ταύτας
927 916 1010 983 οἷς
1032 918 1245 972 ἀπειλεῖ
1266 936 1280 950 ο
1308 917 1422 972 ἀλλ’
1453 917 1539 970 ῐνα
1560 915 1639 986 τῷ
1665 914 1814 985 φόϐῳ
1840 930 2008 968 κατα-

431 1014 639 1083 πλήξας
669 1013 751 1076 είς
782 1011 1147 1083 μεταμέλειαν
1165 1011 1370 1081 ἀγάγῃ,
1401 1010 1496 1063 καὶ
1524 1009 1623 1078 τῆς
1652 1006 2007 1078 τολμωμένης

432 1106 695 1176 πονηρίας
732 1103 1128 1175 ἐλευθερώσας,
1176 1100 1341 1175 ὀρέξῃ
1373 1101 1470 1172 τὴν
1501 1100 1796 1171 σωτηρίαν.
1832 1098 2009 1153 Κολά-

429 1194 543 1260 ζειν
597 1195 706 1265 γὰρ
762 1193 1087 1264 βουλόμενος
1140 1194 1242 1246 οὐκ
1300 1192 1367 1246 ἂν
1422 1192 1685 1261 ἠπείλησε
1742 1189 2002 1243 κόλασιν·

431 1286 667 1341 ἀπειλῶν
699 1286 755 1339 δὲ
807 1285 1113 1357 παραδηλοῖ
1161 1285 1236 1349 ὡς
1278 1283 1473 1349 σώζειν
1504 1282 1620 1337 ἀλλ’
1666 1285 1726 1336 ού
1755 1280 2008 1346 κολάζειν

433 1368 661 1448 ἐφίεται.
712 1379 929 1448 Πέμπει
975 1379 1154 1432 τοίνυν
1197 1377 1290 1430 τὸν
1346 1376 1617 1446 μακάριον
1660 1374 1855 1445 Ὠσηὲ,
1911 1374 2008 1428 καὶ

431 1470 551 1531 ταῖς
598 1468 729 1521 δέκα
765 1468 960 1535 φυλαῖς
1003 1467 1071 1522 τὰ
1122 1467 1518 1538 συμϐησόμενα
1574 1468 1877 1537 προειπεῖν,
1914 1465 2008 1519 καὶ

2088 626 2437 683 -terrefactos
2475 624 2541 678 ad
2594 619 3034 690 resipiscentiam
3088 624 3332 680 revocet,
3379 623 3452 680 et,
3483 629 3606 669 eum
3648 632 3679 668 τι
3734 614 3741 621 ’

2114 720 2360 791 nequitia
2403 732 2567 788 quam
2604 714 2959 769 committunt
2982 726 3077 767 eos
3125 708 3462 773 liberaverit,
3488 709 3567 761 eis
3595 722 3682 761 sa-

2108 816 2279 871 lutem
2310 810 2523 866 aderat.
2553 807 2671 863 Non
2711 807 2854 862 enim
2902 804 3226 866 minaretur,
3270 801 3315 855 si
3350 800 3543 870 punire
3568 800 3681 853 vel-

2110 909 2186 963 let
2222 926 2234 961 :
2264 920 2387 960 cum
2423 917 2551 957 vero
2578 902 2756 955 minas
2803 898 3062 961 intentat,
3108 894 3349 949 Ostendit
3378 909 3436 948 se
3466 906 3684 947 scrvare

2109 997 2270 1061 velle,
2300 1008 2407 1048 non
2440 991 2688 1063 perdere.
2715 989 2982 1056 Quocirca
3014 986 3224 1057 1312
3257 985 3472 1039 beatum
3487 982 3683 1039 Oscam

2109 1087 2297 1151 mittit,
2350 1091 2414 1139 ut
2473 1082 2660 1136 decem
2718 1079 2995 1143 tribubus,
3041 1084 3096 1131 et
3153 1074 3372 1129 duabus
3437 1074 3683 1143 pariter,

2108 1185 2373 1234 eventura
2429 1174 2711 1246 praedicat,
2766 1178 2931 1247 atque
2982 1176 3042 1222 ut
3094 1167 3199 1222 sub
3254 1164 3686 1219 Sennachcrimo

2110 1271 2353 1325 futuram
2389 1267 2624 1323 salutem
2658 1261 3009 1334 praenuntiet,
3056 1267 3171 1313 tum
3200 1258 3365 1313 etiam
3392 1271 3422 1310 a
3454 1254 3686 1326 Babylo-

2110 1364 2219 1420 niis
2251 1359 2595 1416 inferendam
2636 1357 2717 1413 cis
2756 1354 3055 1426 perniciem
3090 1350 3491 1422 praesignilicet.
3541 1348 3687 1401 Duas

2111 1465 2294 1512 autem
2334 1453 2502 1509 tribus
2530 1451 2957 1525 Judamvocat;
2999 1460 3110 1499 non
3144 1443 3290 1499 enim
3320 1457 3384 1497 ex
3408 1439 3686 1510 Benjami-

431 1562 551 1622 ταῖς
573 1559 667 1612 δύο
695 1531 960 1623 ὡσαύτως
982 1574 996 1589 ·
1037 1560 1137 1630 τήν
1160 1531 1221 1613 τε
1267 1531 1485 1613 earl-106
1507 1531 1887 1629 Σενναχηρεὶμ
1918 1574 2003 1625 γε-

2110 1548 2247 1614 tide,
2279 1546 2377 1603 sed
2411 1562 2479 1603 ex
2525 1545 2669 1600 tribu
2719 1540 2860 1597 Juda
2890 1536 3072 1611 genus
3104 1536 3316 1606 regium
3367 1531 3685 1589 oriundum.

432 1652 734 1723 νησομένην
781 1652 1058 1723 σωτηρίαν
1093 1625 1508 1723 *προαγορεῦσαι
1534 1690 1550 1715 ,
1605 1625 1713 1703 καί.-
1849 1625 1943 1702 επὶ
1965 1651 2003 1684 ἐ

2111 1641 2277 1713 Regia
2306 1654 2527 1711 quoque
2555 1634 2957 1705 Hierosolymis
2983 1637 3122 1695 erat,
3157 1642 3277 1698 quae
3306 1634 3360 1681 et
3401 1626 3519 1696 ipsa
3556 1625 3686 1679 urbs

433 1714 787 1796 Βαὸυλωνίων
803 1714 1450 1818 ἐπαχθησόμενονταύτοῖς
1477 1741 1697 1811 ὀλεθρον
1722 1742 2003 1813 προσημῆ-

2115 1737 2217 1791 fuit
2258 1731 2508 1788 Iudaica.
2544 1729 2639 1785 lsti
2690 1740 2854 1797 porro
2888 1739 3000 1779 non
3056 1722 3143 1777 his
3182 1724 3384 1781 solum,
3427 1716 3524 1773 sed
3564 1714 3687 1770 aliis

430 1848 536 1885 ναι.
575 1832 746 1886 Καλεῖ
792 1832 850 1886 δὲ
883 1808 1120 1903 signa
1148 1834 1257 1887 δύο
1285 1815 1487 1903 φυλὰς
1524 1808 1726 1889 Ἰούδαν
1747 1808 1779 1863 ·’
1806 1808 2003 1905 eam

2115 1825 2376 1884 omnibus
2435 1818 2769 1893 praestabant
2827 1815 3038 1869 viribus
3085 1819 3140 1866 ct
3196 1808 3600 1865 multitudine:
3655 1821 3698 1859 θ’

430 1923 629 2001 ὲκὶτῆς
670 1900 1083 1994 Βενιαμίτιδος,
1136 1926 1252 1980 ἀλλ’
1287 1900 1352 1980 έκ
1384 1926 1484 1997 τῆς
1534 1926 1705 1980 Ἰούδα
1740 1900 1921 1997 φυλῆς
1944 1900 2003 1980 το

2111 1917 2404 1992 potentiori
2456 1918 2639 1985 itaque
2694 1912 2839 1966 tribu
2890 1908 3029 1964 duas
3081 1903 3420 1960 denominat.
3495 1900 3685 1954 Decem

432 1992 708 2085 βασιλικὸν
750 1992 1143 2091 ὲΰεήόλαστήκει
1182 2019 1361 2088 γένος.
1396 1992 1505 2072 κει
1553 2018 1622 2072 τά
1670 1992 1919 2091 βασίλεια
1949 2018 2003 2073 δὲ

2111 2029 2242 2071 vero
2267 2004 2447 2066 'tribus
2489 2007 2732 2078 appellat
2762 2001 3047 2073 Ephraim,
3095 1996 3357 2068 quoniam
3393 1992 3686 2048 Jeroboam

427 2084 486 2161 έν
513 2112 627 2173 τοῖς
664 2084 1057 2182 Ἰεροσολύμοις
1105 2084 1212 2184 ἦνζ
1259 2111 1520 2183 Ἰουδαῖκὴ
1567 2084 1742 2166 δὲκαὶ
1790 2111 1932 2181 αὕτη
1971 2112 2003 2182 ή

2112 2120 2305 2163 earum
2338 2103 2550 2175 primus
2596 2113 2788 2153 rexex
2835 2095 2939 2150 hac
2986 2091 3135 2147 tribu
3196 2087 3321 2151 fuit,
3376 2092 3430 2140 et
3482 2084 3687 2152 regiam

425 2172 747 2263 atdktgkal:
774 2172 958 2272 μέντοι
991 2172 1086 2255 καὶ
1114 2172 1344 2273 πλήθει,
1380 2203 1477 2256 καὶ
1507 2172 1739 2273 δυνάμει
1780 2203 1843 2256 ού
1879 2172 2003 2255 τούλ

2113 2212 2268 2255 suam
2294 2172 2354 2250 in
2381 2191 2630 2249 Samaria
2670 2187 2805 2243 urbe
2832 2181 3141 2246 constituit,
3168 2194 3289 2248 quae
3316 2178 3371 2231 in
3406 2175 3506 2229 hac
3541 2172 3686 2226 tribu

423 2303 550 2351 τους
587 2263 787 2359 μόνους
804 2331 818 2357 ,
850 2291 985 2345 ἀλλὰ
1028 2292 1122 2346 καὶ
1165 2263 1294 2356 τοὺς
1332 2263 1528 2356 άλλους
1559 2263 1806 2357 ἅπαντας
1837 2292 2003 2365 ὑπερ-

2115 2303 2313 2345 rursus
2345 2283 2641 2340 eminebat.
2693 2276 3078 2331 Excelluerunt
3109 2276 3291 2323 autem
3337 2273 3391 2320 et
3438 2263 3685 2316 multitu-

425 2382 570 2449 εἰχον
615 2374 762 2436 οὗτοι
786 2397 799 2412 ·
851 2383 1042 2437 τούτου
1096 2353 1416 2455 χάριν-ἀπὸ
1462 2353 1563 2454 της
1629 2353 2003 2455 δυνατωτέρας

2116 2382 2246 2438 dine
2279 2385 2333 2433 ct
2365 2375 2577 2431 viribus
2619 2370 2783 2427 etiam
2825 2367 2937 2422 isti.
2972 2362 3068 2418 llis
3112 2360 3189 2415 ita
3230 2356 3537 2428 explicatis,
3576 2353 3687 2424 jam

425 2471 596 2543 φυλῆς
636 2474 733 2538 τὰς
777 2475 871 2529 δύο
910 2452 1334 2548 προσαγορεύει.
1374 2476 1484 2529 Kal.
1519 2452 1642 2542 τὰς
1688 2475 1838 2530 δέκα
1885 2452 2003 2546 Ἔφ-

2121 2470 2441 2544 expianatio
2470 2481 2568 2539 per
2598 2469 2785 2534 partes
2816 2452 3129 2527 incipienda
3160 2457 3263 2506 est.

427 2565 565 2639 ραῖμ
626 2567 886 2636 ὀνομάζει
912 2586 925 2600 ·
956 2533 1174 2639 ’ἐπειδη
1218 2568 1312 2622 καὶ
1372 2533 1660 2639 Ἰεροὸοὰμ
1707 2571 1735 2622 ὁ
1793 2533 2009 2640 πρῶτος
2083 2533 2263 2623 autc-3v
2330 2533 2653 2634 βασιλεύσας
2684 2555 2749 2606 ἐκ
2777 2549 2976 2618 ταύτης
3007 2541 3075 2617 ἦν
3108 2544 3208 2614 τῆς
3256 2541 3449 2640 Ῡυλῆςν
3481 2536 3576 2640 ’ξολ
3621 2533 3687 2640 τέ

426 2623 671 2728 ὲασίλεια
706 2623 763 2712 έν
891 2623 1177 2730 Σαμαρείά
1219 2623 1590 2729 κατεστήσατο
1621 2623 1798 2722 πόλει,
1825 2623 2006 2727 “rath
2039 2657 2204 2710 πάλιν
2233 2655 2300 2724 τῇ
2331 2623 2480 2721 ’φυλῇ
2525 2640 2889 2715 διαφερούσῃ⁹
2942 2635 3040 2691 καὶ
3093 2635 3151 2686 ὲν
3226 2630 3419 2703 πλήθει
3468 2628 3526 2681 δὲ
3595 2623 3685 2677 καὶ

425 2718 648 2817 ανδρείᾳ
708 2718 1002 2820 διέπρεπον
1054 2718 1162 2803 καὶ.
1200 2744 1367 2805 οὗτοι.
1406 2718 1623 2803 Τόύτων
1675 2718 1855 2802 τοίνυν
1933 2718 2035 2803 ὧδε
2074 2718 2545 2818 διηυκρι-νημένων
2604 2736 2678 2802 ³ο,
2725 2730 2956 2804 ἀρκτέον
3013 2726 3112 2798 ἤδη
3179 2724 3275 2794 τῆς
3328 2720 3470 2776 κατὰ
3522 2718 3686 2792 μέρος

427 2837 727 2911 ἑρμηνείας
744 2840 811 2894 ³⁸.

2759 2911 2985 2971 CAPUT
3043 2909 3082 2964 I.

500 3029 570 3075 α’.
609 3040 627 3074 ι
667 3023 841 3092 Λόγος
882 3023 1089 3095 Κυρίου
1116 3064 1132 3090 ,
1176 3023 1236 3085 ὃς
1286 3023 1517 3094 ἐγενήθη
1552 3021 1688 3093 πρὸς
1734 3021 1891 3095 Ὠσηὲ
1919 3022 2003 3076 τὸν

2186 3017 2352 3076 Vens.
2392 3018 2443 3071 l.
2489 3034 2506 3067 ι
2568 3011 2808 3068 Verbum
2864 3005 3103 3069 Domini,
3144 3000 3290 3073 quod
3348 2998 3551 3052 factum
3603 3004 3684 3051 est

427 3110 521 3165 τοῦ
554 3087 768 3184 Βεηρὶ,⁷
799 3106 861 3167 ὲν
903 3087 1138 3189 ἡμέραις
1177 3087 1354 3178 Ὂζίου
1386 3153 1401 3176 ,
1435 3087 1548 3167 ’καὶ
1585 3087 1860 3183 ’Ϊωάθαμξ
1916 3111 2003 3166 καὶ

2115 3110 2182 3165 ad
2219 3112 2436 3174 Oscam,
2479 3107 2654 3162 ﬁlium
2701 3100 2881 3167 Beeri,
2916 3098 2970 3152 in
3014 3095 3209 3151 diebus
3259 3090 3427 3155 Ozias,
3457 3087 3684 3143 Joatha-

432 3205 608 3275 Ἀχαζ
628 3180 771 3268 ,καὶ
811 3180 1054 3271 Ἐζεκίου
1103 3205 1369 3278 βασιλέων
1412 3204 1582 3258 Ἰούδα
1607 3247 1620 3272 ,
1658 3205 1752 3258 καὶ
1781 3180 1838 3259 έν
1876 3203 2003 3274 ἠμέ-

2116 3202 2210 3267 mi,
2245 3198 2470 3266 Achasi,
2506 3206 2560 3252 et
2592 3194 2861 3259 Ezechiae,
2891 3202 3078 3259 regum
3102 3184 3255 3240 Judaa
3286 3201 3298 3237 :
3325 3189 3378 3237 et
3403 3182 3459 3237 in
3487 3180 3684 3235 diebus

429 3271 919 3393 ραις-Ἱεροϐοάμ.
970 3271 1329 3362 υἱοῦ-Ἰωᾶς,
1391 3295 1654 3367 βασιλέως
1703 3271 1943 3367 Ἰσραήλ..
1986 3312 2003 3346 ι

2114 3291 2451 3355 Jeroboami,
2495 3288 2593 3343 lilii
2638 3284 2812 3350 Joasi,
2865 3282 3011 3351 regis
3060 3276 3247 3333 Israel.
3291 3292 3311 3327 ι
3378 3271 3545 3328 Plane
3583 3288 3684 3327 nos

2130 3389 2143 3393 _
2262 3384 2272 3393 .
2478 3379 2493 3393 ι
2559 3388 2570 3393 -
2616 3377 2692 3393 .o.
2739 3383 2779 3393 _.
2813 3374 2918 3393 ειη-
2972 3367 3231 3393 mund”..-
3284 3366 3441 3393 Anln‘n
3496 3363 3656 3393 1⁵..ιι-ιζι

428 3388 625 3455 Σαφῶς
653 3390 798 3459 ἡμᾶς
837 3363 1075 3455 ἐδίδαξεν
1099 3427 1114 3453 ,
1143 3388 1215 3452 ὡς
1253 3363 1458 3443 τούτων
1496 3386 1764 3442 κάκείνων
1785 3363 2003 3456 -ὲχειρο-

2113 3384 2324 3446 docuit,
2352 3379 2496 3451 quod
2523 3388 2575 3434 et
2616 3377 2704 3431 his
2731 3383 2785 3429 et
2813 3374 2921 3428 illis
2972 3367 3235 3440 propheta
3281 3366 3444 3420 datus
3495 3363 3681 3418 fuerit.

427 3454 629 3547 τονηοη
661 3454 967 3547 προφήτης
993 3454 1054 3531 οὗ
1082 3477 1244 3547 χάριν
1265 3476 1327 3529 οὐ
1363 3478 1524 3547 μόνον
1550 3476 1656 3529 τῶν
1674 3474 1767 3528 τοῦ
1813 3454 2003 3530 ’Ῐούδα

2112 3477 2193 3534 0b
2245 3476 2297 3531 id
2332 3474 2512 3543 ipsum
2567 3484 2675 3523 non
2709 3465 2869 3519 Iuda:
2920 3460 3082 3517 modo
3121 3474 3300 3529 regum
3349 3454 3684 3532 mentionem

1021 2930 1420 2985 ΚΕΦΑΛΑΙΟΝ
1455 2930 1533 2982 A'.

422 3566 736 3632 ,Βασιλέων
765 3567 1168 3637 ἐμνημόνευσεν
1189 3607 1205 3632 ,
1242 3566 1377 3621 ἀλλὰ
1405 3566 1500 3619 καὶ
1540 3564 1635 3618 τοῦ
1694 3564 2005 3633 Ἱεροϐοὰμ,

428 3658 491 3721 ὃς
516 3657 609 3711 τοῦ
644 3659 743 3727 μὲν
793 3659 945 3722 Ἰωᾶς
982 3653 1051 3728 ἦν
1080 3657 1226 3722 υίὸς,
1261 3657 1482 3725 ἔκγονος
1507 3655 1564 3708 δὲ
1607 3656 1701 3709 τοῦ
1751 3653 2001 3725 Ίωάχαζ,

428 3749 697 3817 ἀπόγονος
742 3748 797 3802 δὲ
845 3747 940 3801 τοῦ
984 3747 1120 3819 Ίηοῢ
1151 3787 1165 3811 ,
1212 3748 1272 3801 ὅν
1320 3749 1348 3800 ό
1380 3747 1664 3809 Θεσπέσιος
1706 3744 2006 3809 Ἐλισσαῖος

429 3837 573 3892 κατὰ
622 3838 765 3892 θεῖον
816 3837 1002 3909 ἔχρισε
1053 3838 1259 3908 νεῦμα,
1307 3838 1447 3892 ὥστε
1489 3838 1582 3890 καὶ
1628 3835 1705 3907 τῷ
1755 3835 2004 3890 Ναϐουοὲ

428 3931 764 4001 τιμωρῆσαι,
804 3930 899 3983 καὶ
922 3928 1020 3998 τὴν
1048 3930 1445 4000 μυσαρωτάτην
1485 3927 1721 3992 Ἰεζάϐελ
1752 3927 1999 3981 κολάσαι.

428 4020 589 4075 Οὕτω
623 4020 874 4093 δηλώσας
929 4020 1017 4073 τὸν
1053 4021 1245 4092 χρόνον
1283 4021 1378 4073 καὶ
1430 4021 1557 4083 τοὺς
1602 4018 1885 4089 βασιλέας,
1925 4011 2002 4073 ὧν

428 4112 778 4184 κρατούντων
805 4111 1184 4183 ἐχειροτονήθη
1227 4112 1534 4184 προφήτης,
1576 4111 1800 4179 ἐπάγειο

503 4205 568 4276 β’.
615 4225 635 4257 ι
692 4205 861 4277 Ἀρχὴ
904 4204 1065 4272 λόγου
1106 4203 1312 4274 Κυρίου
1362 4202 1499 4273 πρὸς
1550 4201 1730 4270 Ὢσηέ.
1778 4220 1798 4254 ι
1855 4200 2001 4254 Ἀντὶ

426 4297 545 4362 τοῦ,
586 4296 750 4353 Οὐδὲν
787 4297 894 4369 πρὸ
922 4297 1110 4349 τούτου
1145 4312 1235 4365 μοι
1273 4294 1609 4366 προσέταξεν
1646 4297 1674 4347 ὁ
1703 4293 1996 4364 Δεσπότης,

428 4389 567 4444 ἀλλὰ
598 4388 707 4441 τῶν
745 4388 882 4459 πρὸς
920 4387 1020 4457 ἐμὲ
1056 4385 1233 4452 λόγων
1255 4383 1610 4453 νὰρξάμενος,
1652 4382 1904 4435 ἐκέλευσέ
1933 4400 2000 4451 με

427 4483 665 4550 γυναῖκα
704 4477 960 4549 πορνείας
998 4475 1203 4538 λαϐεῖν,
1243 4473 1340 4527 καὶ
1376 4473 1541 4525 τέκνα
1576 4471 1830 4540 πορνείας
1870 4488 1999 4523 παι-

426 4570 736 4639 δοποιῆσαι.
780 4567 1110 4639 Προστίθησι
1146 4566 1202 4619 δὲ
1253 4565 1348 4619 καὶ
1383 4564 1483 4632 τὴν
1522 4563 1700 4616 αἰτίαν
1734 4578 1749 4591 ·
1791 4581 1810 4613 ι
1855 4560 2001 4614 Διότι

2112 3565 2260 3632 fecit,
2294 3562 2391 3619 sed
2430 3561 2593 3616 etiam
2643 3552 2972 3616 Jeroboami,
3018 3550 3112 3621 qui
3141 3548 3246 3603 fuit
3295 3546 3441 3601 ﬁlius
3494 3543 3682 3606 Joasi,

2111 3672 2286 3728 nepos
2333 3667 2465 3709 vero
2511 3646 2792 3711 Joacltasi,
2823 3655 3098 3715 pronepos
3132 3654 3260 3694 vero
3315 3634 3475 3700 Jeliu,
3519 3646 3683 3703 quem

2106 3723 2331 3803 divinus
2371 3743 2589 3798 Eliseus
2635 3739 2794 3808 jussu
2838 3727 2917 3789 ac
2982 3739 3121 3786 nutu
3177 3727 3366 3783 divino
3431 3723 3586 3779 unxit
3633 3731 3682 3786 ε,

2111 3837 2321 3909 1313
2357 3843 2417 3890 ut
2454 3841 2509 3889 et
2545 3828 2850 3885 Nabathum
2887 3823 3272 3884 ulcisceretur,
3303 3824 3357 3872 et
3404 3812 3684 3872 scelestis-

2104 3929 2301 3986 simam
2351 3922 2661 3981 Jezabelem
2711 3916 2956 3989 puniret.
2996 3912 3185 3983 itaque
3238 3916 3292 3965 et
3342 3914 3589 3976 tempore
3624 3911 3681 3959 et

2102 4018 2326 4089 regibus
2373 4012 2678 4079 indicatis,
2716 4006 2923 4079 quibus
2972 3998 3371 4073 imperantibus
3412 3994 3680 4067 propheta

2101 4114 2309 4170 electus
2344 4107 2528 4173 fuerit,
2574 4103 2725 4160 addit
2764 4120 2779 4157 :

2172 4199 2341 4255 Vens.
2382 4196 2437 4250 2.
2480 4213 2498 4247 ι
2533 4190 2872 4261 Principium
2898 4185 3052 4242 verbi
3076 4179 3291 4238 Domini
3319 4176 3385 4231 ad
3407 4175 3626 4230 Oscam.
3655 4191 3672 4221 ι

2100 4290 2215 4346 Hoc
2256 4299 2358 4353 est,
2393 4285 2530 4341 nihil
2575 4283 2803 4336 antehac
2853 4275 2985 4330 mihi
3069 4269 3332 4343 praecepit
3386 4264 3679 4329 Dominus,

2101 4378 2217 4444 sed,
2239 4392 2365 4433 cum
2400 4375 2469 4429 ad
2500 4388 2584 4428 me
2617 4370 2911 4425 verborum
2940 4364 3157 4419 initium
3192 4359 3338 4422 fecit,
3383 4356 3552 4426 jussit
3592 4369 3681 4409 me

2100 4484 2328 4526 uxorem
2362 4461 2746 4521 fornicationis
2783 4458 2987 4513 dueere
3037 4462 3091 4509 et
3162 4453 3305 4508 ﬁlios
3357 4447 3680 4505 fornicatio-

2101 4561 2189 4616 nis
2221 4568 2536 4628 procreare.
2574 4554 2641 4607 Et
2668 4549 2822 4604 addit
2851 4559 3075 4602 causam
3111 4561 3125 4598 :
3159 4561 3178 4594 ι
3225 4541 3363 4608 Quia
3398 4537 3682 4593 fornicans

428 4627 772 4732 πορνεύουσα
829 4627 1188 4730 έκπορνεύσει
1242 4657 1276 4726 ἡ
1336 4656 1406 4726 γῆ
1441 4627 1566 4708 ’ἀπὸ
1622 4652 1846 4707 ὄπισθεν
1904 4650 1999 4705 τοῦ

2109 4627 2478 4708 forniicabitur
2513 4654 2659 4701 terra
2696 4650 2821 4713 post
2873 4636 3186 4691 Dominum.
3242 4652 3261 4685 ι
3317 4629 3396 4703 [5]
3452 4628 3547 4683 llis
3582 4627 3681 4680 ad-

428 4755 659 4826 Κυρίου.
708 4773 727 4806 ι
770 4753 994 4815 Τούτοις
1042 4751 1436 4822 προστίθησιν,
1489 4750 1564 4813 ὡς
1616 4747 1999 4820 ἀναμφιϐόλως

427 4846 492 4897 τὸ
531 4843 871 4915 προσταχθὲν
920 4843 1146 4913 ἔδρασεο
1205 4842 1354 4911 λέγει
1417 4839 1474 4893 δὲ
1516 4839 1609 4892 καὶ
1646 4839 1747 4909 τῆς
1795 4838 2002 4910 πόρνης

429 4933 689 5004 τοῦνομα,
727 4933 823 4986 καὶ
861 4936 924 4986 ὲκ
965 4932 1110 4995 τίνος
1148 4931 1272 5003 ἔφυ,
1300 4932 1395 4986 καὶ
1420 4931 1519 5001 τὴν
1554 4928 1861 4999 γενομένην
1887 4928 2001 4998 ὀμι-

430 5024 572 5089 λίαν,
614 5024 707 5077 καὶ
748 5026 838 5078 τὸν
866 5024 964 5093 τῆς
1001 5023 1219 5093 ὁμιλίας
1261 5020 1494 5093 καρπὸν,
1536 5020 1629 5074 καὶ
1668 5018 1760 5073 τοῦ
1786 5018 2005 5089 τεχθέν-

430 5133 525 5180 τος
554 5117 653 5187 τὴν
711 5116 1084 5186 προσηγορίαν
1136 5115 1230 5168 ὑπ’
1282 5112 1447 5169 αὐτοῦ
1485 5112 1736 5167 τεθεῖσαν
1778 5110 1872 5165 τοῦ
1913 5110 2006 5164 καὶ

429 5211 523 5266 τὸν
554 5209 729 5279 γάμων
769 5207 1218 5279 προστεταχότος.

519 5400 542 5427 ε
571 5386 636 5441 IV
675 5386 806 5456 Reg.
837 5385 960 5450 tx,6
995 5402 1147 5452 seqq.

2103 4743 2304 4815 jungit,
2359 4755 2418 4795 se
2475 4737 2597 4793 sine
2656 4730 2998 4789 dubitatione
3047 4727 3373 4796 imperatum
3429 4720 3673 4776 fecisse:

2107 4851 2305 4890 nomen
2338 4832 2499 4887 etiam
2528 4826 2784 4898 exprimit
2817 4820 3150 4884 meretricis,
3191 4824 3244 4872 et
3272 4814 3501 4877 indicat,
3531 4809 3676 4865 unde

2110 4926 2343 4983 oriunda
2384 4921 2573 4986 fuerit,
2624 4920 2841 4989 qualem
2876 4929 3001 4969 cum
3035 4926 3099 4967 ca
3144 4908 3397 4963 habuerit
3440 4919 3675 4960 consue-

2108 5007 2371 5083 tudinem,
2407 5022 2462 5070 et
2508 5013 2630 5083 quis
2664 5011 2829 5066 fuerit
2861 5010 2982 5077 ejus
3032 5006 3286 5068 fructus;
3325 5000 3420 5053 lilii
3455 5010 3675 5068 quoque

2108 5125 2305 5168 nomen
2349 5105 2588 5161 ostendit
2623 5104 2691 5157 ab
2734 5117 2800 5156 eo
2849 5099 3162 5171 impositum
3199 5093 3293 5165 qui
3332 5091 3496 5147 etiam
3556 5100 3671 5139 ma-

2110 5201 2425 5257 trimonium
2458 5197 2838 5267 imperaverat.

1734 5537 1968 5592 VARle
2007 5531 2407 5593 LECTIONES.

513 5706 557 5735 “
582 5705 671 5755 ὲπ.
713 5698 946 5768 Uterque
975 5696 1271 5768 statvam,
1327 5699 1368 5728 ’τ’
1391 5694 1503 5749 ἐπί.
1542 5696 1581 5745 Δ
1617 5694 1737 5768 ὑπό.
1816 5695 1860 5725 ³ο
1885 5693 1929 5747 Α
1959 5701 2010 5746 rt
2037 5692 2077 5746 (Ξ
2101 5691 2574 5760 διευκρινημένων.
2635 5691 2675 5722 ³¹
2706 5688 2830 5755 ἑρμ.
2867 5679 2942 5735 Ex
2970 5676 3008 5731 Α
3039 5668 3494 5740 οιι⁴“ὶιιιοι·ρι·ριιιι’
3527 5679 3661 5718 suum

441 5776 687 5829 nominis
722 5759 873 5827 Osca}
910 5759 1335 5825 dabnuusinfra
1372 5768 1434 5820 ad
1467 5768 1623 5820 linem
1652 5765 1956 5821 Cunnucnt.
1989 5765 2046 5818 in
2081 5763 2227 5817 hunc
2258 5759 2477 5817 librum.
2893 5759 2898 5764 ’
