3912 6206
215 224 349 293 1555

1154 232 1641 293 THEODORETI
1673 233 2010 294 EPISCOPI
2049 235 2411 296 CYRENSIS

3328 232 3453 297 1556

284 342 449 397 Vens.
493 343 542 398 4.
597 364 614 398 ι
661 342 808 401 Dixit
851 345 996 401 enim
1046 344 1312 403 Dominus
1349 366 1361 402 :
1392 346 1535 403 Voca
1584 363 1781 403 nomen

1953 349 2017 403 δ’.
2048 369 2065 402 ι
2103 346 2237 404 Εἷπε
2275 351 2383 421 γὰρ
2412 350 2615 421 Κύριος
2640 367 2651 380 ·
2702 350 2945 404 Κάλεσον
2989 348 3046 402 τὶς
3083 348 3257 419 ὄνομα
3299 347 3454 402 αὐτοῦ

211 435 330 505 ejus
363 433 595 492 Jezrael.
630 456 649 489 ι
691 437 892 491 Eorum
947 436 1234 492 audaciam
1272 438 1461 493 mirari
1494 440 1631 494 satis
1672 456 1782 495 non

214 542 373 596 queo,
420 528 512 598 qui
564 544 672 582 non
723 535 977 584 verentur
1027 529 1211 584 dicere
1259 531 1421 585 verba
1469 530 1583 585 haec
1662 546 1785 587 esse

215 620 380 674 rebus
428 618 693 673 destituta
738 637 752 671 :
802 630 855 674 et
887 619 1033 688 quod
1072 636 1137 675 ea
1186 620 1405 690 quidem
1446 620 1589 677 Deus
1623 637 1783 702 exse-

212 709 428 780 quenda
474 709 724 777 jusserit,
778 711 1040 779 propheta
1097 718 1280 767 tamen
1332 727 1441 766 non
1477 714 1783 782 receperit;

214 800 306 853 sed
333 799 492 853 verba
520 799 730 867 prolata
761 800 980 868 quidem
1013 799 1206 866 fuisse,
1238 815 1429 857 verum
1465 803 1784 873 pr0phetam

212 906 275 944 ea
328 905 433 943 non
483 896 806 944 exsecutum
870 889 1068 945 fuisse.
1131 891 1426 947 Enimvero
1478 893 1789 948 debuerunt

215 981 655 1035 animadvertere
690 979 783 1050 qui
815 981 929 1035 haec
967 981 1154 1037 dicere
1185 982 1307 1038 ausi
1335 989 1485 1046 sunt,
1517 981 1787 1052 ejusmodi

214 1072 382 1125 multa
418 1069 586 1126 Deum
619 1073 820 1141 saepius
856 1072 1177 1142 imperasse.
1233 1073 1426 1129 Isaiam
1474 1076 1623 1130 enim
1674 1074 1788 1130 sol-

213 1181 341 1220 vere
370 1165 439 1219 de
485 1164 684 1220 lumbis
719 1164 957 1220 tunicam
999 1166 1300 1233 cilicinam,
1332 1177 1387 1223 et
1414 1167 1649 1237 pedibus
1676 1183 1787 1223 non

218 1258 479 1313 calceatis
501 1257 825 1328 reliquoque
876 1274 1106 1329 corpore
1125 1261 1270 1315 nudo
1296 1261 1573 1329 incedere,
1600 1262 1791 1333 sicque

218 1349 556 1419 prophetiam
587 1349 748 1405 edere
776 1347 945 1419 jussit
988 1348 1134 1404 Deus
1172 1350 1218 1405 τ.
1241 1348 1533 1406 Jeremiam
1567 1360 1792 1409 catenas

218 1453 364 1493 nunc
397 1439 625 1511 ligneas,
648 1454 798 1494 nunc
833 1438 1043 1497 ferreas
1066 1442 1209 1497 collo
1230 1443 1516 1513 imponere
1538 1443 1707 1512 jussit
1726 1454 1789 1513 8;

220 1529 556 1584 Ezechielem
615 1530 848 1586 sinistro
898 1530 1059 1585 lateri
1110 1541 1329 1586 centum
1389 1534 1793 1605 quinquaginta

218 1619 363 1682 dies,
397 1614 613 1691 1314
642 1618 840 1675 dextro
871 1619 1239 1691 quadraginta
1262 1624 1712 1696 incubarejussit
1734 1626 1791 1682 ιιι

1899 439 2134 512 Ίεζραέλ
2151 441 2219 494 ³⁸.
2250 459 2269 491 ο
2323 437 2463 507 Ἐγὼ
2500 438 2557 492 δὲ
2596 436 2863 509 θαυμάξω
2889 438 3008 491 λίαν
3039 439 3162 500 τοὺς
3202 438 3457 509 τετολμη-

1887 531 2049 595 κότας
2075 532 2269 593 εἰπεῖν,
2292 529 2366 593 ὡς
2386 530 2452 600 pr,
2462 545 2608 600 ματα
2624 527 2796 583 ταῦτά
2820 529 2971 581 ἐστιν
2996 526 3181 598 ἔρημα
3200 529 3455 598 πραγμά-

1886 639 2012 689 των,
2033 623 2125 675 καὶ
2150 619 2446 691 προσέταξε
2482 620 2582 689 μὲν
2610 621 2636 672 ό
2656 619 2765 672 τῶν
2793 617 2929 672 ὅλων
2947 617 3101 683 Θεὸς,
3125 619 3154 670 ό
3170 616 3231 671 δὲ
3253 621 3457 687 προφή-

1887 729 1986 784 της
2021 713 2121 765 οὐκ
2154 710 2374 777 ἐλαϐεν,
2413 710 2547 764 ἀλλὰ
2576 709 2643 763 τὰ
2668 709 2768 780 μὲν
2812 709 3035 780 ῥήματα
3074 708 3461 779 προσεφέρετο,
3498 736 3502 743 τ

1888 802 1955 857 τὰ
1980 802 2037 855 δὲ
2075 802 2372 873 πράγματα
2404 802 2505 855 οὐκ
2536 800 2764 868 ἐγίνετο.
2798 798 2949 852 Ἔδει
2978 798 3036 852 δὲ
3076 798 3311 852 συνιδεῖν
3341 796 3463 857 τοὺς

1887 895 2059 949 ταῦτα
2093 894 2274 962 λέγειν
2312 891 2743 963 ἐπιχειροῦντας,
2782 890 2858 954 ὡς
2883 887 3053 943 πολλὰ
3088 885 3316 941 τοιαῦτα
3339 885 3464 939 πολ-

1887 986 2043 1050 λάκις
2070 983 2396 1059 προσέταξεν
2420 983 2600 1046 όΘεός
2621 997 2635 1011 ο
2665 982 2754 1034 τὸν
2786 981 2885 1051 μὲν
2908 978 3019 1050 γὰρ
3046 979 3277 1032 Ἡσαΐαν
3308 975 3462 1030 λῦσαι

1888 1079 1980 1132 τὸν
2019 1078 2223 1131 σάκκον
2269 1074 2378 1128 ἀπὸ
2428 1073 2527 1142 τῆς
2556 1071 2758 1140 ὀσφύος
2804 1069 3084 1132 ἐκέλευσε,
3118 1068 3220 1121 καὶ
3262 1067 3463 1137 γυμνὸν

1890 1168 2135 1239 τρέχειν,
2186 1165 2281 1220 καὶ
2314 1163 2639 1218 άνυπόδετον
2663 1161 2735 1227 ³³,
2767 1160 2861 1215 καὶ
2890 1158 3034 1213 οὕτω
3064 1157 3342 1211 ποιεῖσθαι
3371 1156 3465 1226 τὴν

1892 1257 2232 1333 προφητείαν
2260 1273 2273 1287 '
2336 1255 2412 1326 τῷ
2463 1254 2519 1307 δὲ
2566 1251 2853 1324 Ἱερεμίᾳ,
2907 1250 3040 1304 ποτὲ
3090 1248 3191 1321 μὲν
3230 1246 3466 1314 ξυλίνους

1893 1351 2106 1413 κλοιοὺς
2152 1348 2228 1420 τῷ
2271 1346 2529 1417 τραχήλῳ
2572 1342 2877 1415 περιθεῖναι
2902 1381 2917 1407 ,
2954 1341 3089 1396 ποτὲ
3117 1340 3176 1394 δὲ
3214 1336 3465 1411 σιδηροῦς

1895 1439 2278 1513 παρεγγύησεν
2301 1439 2347 1471 ³⁸
2371 1452 2385 1467 ·
2420 1436 2500 1508 τῷ
2519 1436 2577 1491 δὲ
2617 1434 2900 1505 Ἰεζεκιὴλ,
2924 1433 3017 1486 ἐπὶ
3044 1430 3152 1499 τῆς
3185 1430 3465 1501 εὐωνύμου

1896 1529 2288 1602 κατακλιθῆναι
2329 1528 2571 1598 πλευρᾶς
2604 1526 2945 1596 πεντήκοντα
2984 1522 3080 1578 καὶ
3108 1521 3305 1576 ἑκατὸν
3331 1518 3466 1591 ἠμέ-

1898 1639 1998 1692 ρας
2028 1619 2363 1692 προσέταξε,
2406 1618 2502 1672 καὶ⁸
2548 1615 2641 1670 ἐπὶ
2684 1615 2783 1686 τῆς
2824 1612 3010 1681 δεξιάς
3039 1611 3466 1682 τεσσαράκοντα,

218 1707 508 1765 comedere
564 1726 758 1781 panem
815 1712 1057 1768 humano
1118 1720 1362 1770 stercore
1416 1726 1673 1781 coctum,
1734 1727 1791 1774 et

1901 1715 1986 1768 καὶ
2032 1715 2225 1785 φαγεῖν
2251 1711 2342 1767 τὸν
2386 1710 2550 1783 ἄρτον
2597 1710 2655 1762 ἐν
2695 1705 2967 1779 βολὸίτοις
2998 1702 3211 1776 κόπρου
3254 1702 3467 1772 ἀνθρω-

218 1814 345 1853 vasa
379 1801 710 1870 captivitatis
756 1817 999 1866 sumere,
1031 1817 1363 1874 murumque
1388 1804 1697 1875 perfodere,
1736 1813 1788 1861 et

218 1891 509 1962 imaginem
568 1890 891 1962 fugientium
937 1893 1256 1966 depingere,
1283 1898 1301 1918 ⁶
1344 1904 1398 1950 et
1432 1896 1513 1952 sic
1546 1895 1791 1954 Sedecia:

222 1982 400 2053 fugam
455 1983 905 2055 praesigniﬁcare.
958 1983 1281 2055 Hujusmodi
1339 1988 1446 2042 alia
1500 1988 1790 2046 innumera

220 2075 277 2128 in
308 2084 660 2129 sacrosancta
712 2075 1003 2147 Scriptura
1054 2076 1305 2134 invenire
1359 2077 1509 2146 licet,
1555 2097 1788 2152 quorum

223 2182 451 2240 scopum
487 2176 541 2222 et
571 2170 915 2239 propositum
948 2171 991 2225 si
1017 2171 1142 2240 quis
1178 2171 1530 2241 ignoraverit,
1556 2176 1791 2247 prophe-

226 2258 329 2310 tica
362 2256 564 2313 virtute
590 2258 702 2313 haec
728 2259 950 2330 indigna
984 2260 1176 2325 ducet;
1209 2261 1300 2331 qui
1327 2271 1507 2319 autem
1547 2264 1639 2319 Dei
1671 2272 1789 2321 stu-

224 2349 373 2402 dium
409 2354 463 2402 et
510 2363 748 2405 amorem
787 2351 839 2404 in
876 2352 1126 2408 homines
1162 2355 1367 2422 sciunt,
1411 2366 1579 2425 utque
1607 2357 1792 2412 omnia

227 2440 289 2492 all
329 2440 608 2494 hominum
644 2441 875 2497 salutem
907 2443 1279 2508 administrat.
1309 2447 1438 2502 inde
1474 2445 1644 2503 Deum
1674 2449 1794 2503 lau-

226 2532 390 2586 dandi
423 2533 750 2588 occasiones
789 2535 1083 2606 arripiunt,
1137 2552 1201 2591 ac
1242 2536 1457 2594 divinos
1498 2539 1793 2610 prophetas

227 2622 373 2674 muni
401 2637 463 2675 ex
501 2633 655 2693 parte
686 2624 916 2680 Domino
950 2627 1175 2683 obedire
1197 2628 1482 2687 studentes
1518 2630 1795 2685 admiran-

226 2720 338 2768 tur.
381 2713 774 2771 Universorum
827 2718 971 2773 enim
1027 2718 1193 2785 Deus,
1229 2733 1376 2786 cum,
1421 2719 1489 2774 ad
1545 2720 1796 2776 homines

228 2807 525 2860 inveterato
551 2807 797 2878 stuporis
825 2810 1017 2864 morbo
1039 2809 1352 2866 laborantes
1371 2811 1535 2867 verba
1566 2810 1793 2877 faciens,

229 2895 411 2950 verbis
460 2912 570 2950 non
618 2898 994 2968 persuaderet,
1041 2901 1205 2958 rebus
1236 2901 1567 2972 quibusdam
1601 2903 1796 2956 adum-

230 2987 425 3041 brabat
459 2987 660 3054 futura,
697 2990 1050 3060 visorumque
1100 2992 1528 3048 admirabilitate
1559 2991 1627 3046 ad
1666 3008 1798 3048 eon-

232 3078 620 3135 siderationem
683 3096 778 3136 eos
828 3084 1098 3147 trahebat,
1157 3083 1248 3153 qui
1308 3083 1580 3153 pervicaci
1639 3053 1866 3139 erantc

231 3172 434 3227 animo.
470 3172 670 3228 lsaiam
722 3174 929 3246 quippe
980 3177 1187 3231 nudum
1244 3176 1674 3246 conspicientes,
1731 3177 1798 3233 ad

231 3265 465 3321 insolitae
522 3267 596 3321 rei
658 3271 1029 3337 spectaculum
1101 3266 1510 3334 accurrebant,
1575 3284 1801 3324 causam

231 3356 500 3427 ejusmodi
558 3359 810 3414 incessus
857 3374 1194 3432 cognoscere
1245 3361 1550 3415 studentes.
1604 3359 1673 3414 Et
1709 3362 1803 3431 qui

234 3444 571 3503 Ezechielem
604 3449 790 3504 omnia
836 3452 927 3504 illa
979 3449 1270 3506 facientem
1310 3450 1589 3517 viderant,
1632 3449 1806 3509 facto-

234 3556 351 3593 rum
392 3555 640 3607 causam,
677 3550 735 3596 ut
767 3557 865 3612 par
892 3549 1034 3607 erat,
1071 3542 1519 3600 sciscitabantur.
1563 3546 1625 3600 In
1657 3546 1806 3603 hunc

240 3630 463 3687 modum
499 3634 883 3689 universorum
924 3631 1191 3689 Dominus
1229 3635 1448 3691 beatum
1481 3634 1673 3693 Oscam
1705 3639 1808 3691 im-

238 3724 393 3794 pellit
424 3722 490 3778 ad
547 3725 851 3781 ducendam
898 3741 1128 3781 uxorem
1193 3728 1548 3799 impudicam,
1611 3739 1670 3783 ut
1703 3729 1809 3785 hoc

236 3812 379 3885 facto
414 3814 596 3884 populi
624 3815 955 3884 impietatem
983 3828 1270 3887 coarguat,
1301 3826 1356 3873 et
1387 3834 1543 3875 suam
1568 3817 1808 3873 toleran-

234 3900 363 3955 tiam
417 3901 792 3959 incredibilem
838 3905 1111 3961 ostendat.
1168 3906 1225 3960 Si
1257 3921 1386 3962 vero
1420 3908 1807 3963 universorum

238 3994 379 4051 Deus
439 3996 667 4053 libidine
734 3996 1003 4067 perditam
1063 4006 1119 4052 et
1191 3997 1497 4055 adulteram
1554 3999 1810 4054 toleravit

239 4093 605 4159 Synagogam.
651 4094 705 4143 et
752 4103 862 4144 non
902 4089 1316 4144 contaminatus
1363 4096 1447 4144 est
1501 4088 1810 4144 sanctitatis

236 4179 361 4235 fons
407 4195 506 4251 per
548 4180 818 4250 impuram
867 4181 1010 4235 hanc
1043 4189 1098 4235 et
1129 4179 1530 4237 exsecrabilem
1565 4194 1579 4231 :
1631 4192 1812 4246 neque

235 4272 495 4343 propheta
537 4288 601 4328 ex
639 4271 729 4326 illa
766 4272 950 4342 probri
988 4273 1149 4344 plena
1177 4286 1349 4327 uxore
1395 4269 1665 4323 maculam
1688 4285 1810 4326 sus-

236 4360 400 4433 cepit.
445 4360 562 4416 Non
621 4360 766 4417 enim
815 4362 1143 4433 appetitioni
1180 4360 1391 4431 1315
1436 4361 1811 4417 immoderata:

238 4453 585 4516 inservienti,
635 4452 732 4509 sed
775 4453 867 4510 Dei
921 4454 1173 4525 imperiis
1222 4453 1644 4523 obtemperanti,
1684 4468 1808 4507 cum

237 4544 328 4598 illa
362 4543 699 4600 consuetudo
731 4545 1062 4600 intercessit.
1088 4543 1267 4614 Scopo
1310 4553 1488 4600 autem
1520 4552 1575 4601 et
1616 4558 1812 4615 propo-

237 4637 343 4689 sito
382 4635 582 4689 bonum
616 4646 669 4690 et
697 4636 900 4689 malum
935 4635 1169 4690 indicari
1204 4634 1488 4690 sciendum
1523 4642 1607 4691 est
1636 4654 1650 4692 :
1707 4635 1814 4691 hoc

239 4727 388 4779 enim
421 4726 586 4781 modo
633 4725 1044 4782 matrimonium
1079 4727 1149 4784 ab
1185 4726 1458 4783 adulterio
1496 4729 1811 4797 sejunctum

240 4815 601 4884 dignoscitur,
632 4827 688 4873 et
721 4833 843 4874 cum
870 4817 1020 4874 coitu
1054 4817 1193 4873 nihil
1221 4817 1497 4886 diﬂerant,
1527 4818 1813 4890 proposito

236 4914 296 4967 _et
340 4907 456 4976 lege
489 4906 787 4964 discrimen
838 4908 1268 4979 demonstratur,
1331 4918 1496 4981 atque
1533 4912 1640 4967 hac
1684 4920 1811 4967 nota

241 4994 375 5050 illud
406 4994 735 5066 legitimum,
774 4999 874 5054 hoc
923 4999 1267 5071 illegitimum
1309 5000 1612 5072 judicatur.
1661 5001 1815 5056 Inve-

244 5089 363 5144 nire
406 5087 679 5159 quispiam
720 5090 895 5160 possit
933 5092 1039 5148 hoc
1090 5094 1233 5150 idem
1268 5094 1326 5149 in
1357 5093 1527 5159 caede,
1572 5094 1620 5150 si
1651 5094 1814 5149 modo

243 5181 575 5237 consideret.
611 5182 873 5240 lnterticit
923 5185 1070 5241 enim
1114 5186 1408 5253 homicida,
1462 5185 1726 5244 interﬁcit
1753 5195 1808 5242 et

1894 1807 2077 1877 πίνης,
2117 1804 2213 1858 καὶ
2241 1802 2426 1856 λαϐεῖν
2466 1798 2635 1871 σκεύη
2667 1795 3067 1869 αἰχμαλωσίας,
3098 1795 3195 1848 καὶ
3224 1791 3468 1863 διορύξαι

1891 1898 1982 1951 τὸν
2004 1899 2179 1968 τοῖχον
2201 1936 2217 1962 ,
2270 1897 2363 1949 καὶ
2402 1888 2587 1947 εἰκόνα
2618 1889 2924 1963 διαγράψαι
2973 1887 3292 1966 φευγόντων
3313 1927 3330 1953 ,
3377 1885 3469 1939 καὶ

1893 1989 2036 2045 οὕτω
2070 1986 2478 2061 προαγορεῦσαι
2518 1985 2612 2039 τὸν
2656 1983 2750 2037 τοῦ
2786 1980 3038 2036 Σεδεκίου
3066 1974 3330 2053 δρασμόν.
3361 1976 3470 2030 Καὶ

1897 2082 2071 2157 μυρία
2099 2081 2154 2134 δὲ
2184 2079 2321 2134 ἄλλα
2347 2076 2574 2131 τοιαῦτα
2600 2075 2909 2146 εὑρήσομεν
2933 2072 2990 2128 ὲν
3012 2074 3078 2143 τῇ
3108 2070 3230 2142 θείᾳ
3254 2070 3466 2139 Γραφῇ.

1893 2168 1969 2228 ὧν
2004 2175 2057 2228 εί
2096 2189 2179 2236 τις
2223 2171 2314 2224 τὸν
2350 2167 2555 2222 σκοπὸν
2583 2166 2934 2236 ἀγνοήσειεν,
2974 2162 3173 2228 ἀνάξια
3203 2159 3379 2214 ταῦτα
3404 2158 3471 2213 ἂν

1895 2266 2038 2323 εἴποι
2068 2259 2414 2335 προφητικῆς
2438 2258 2635 2331 ἀρετῆς
2654 2273 2667 2287 ⁸
2701 2258 2751 2310 οἱ
2782 2256 2839 2310 δὲ
2868 2254 2959 2310 τοῦ
2989 2252 3125 2308 Θεοῦ
3154 2251 3253 2323 τὴν
3284 2250 3462 2320 φιλαν-

1896 2356 2140 2430 θρωπίαν
2173 2352 2411 2415 εἰδότες,
2473 2350 2568 2404 καὶ
2616 2349 2688 2412 ὡς
2735 2349 2956 2403 ἅπαντα
2998 2344 3332 2418 πρυτανεύει
3379 2344 3477 2412 τῆς

1895 2448 2002 2503 τῶν
2035 2443 2336 2516 ἀνθρώπων
2364 2441 2528 2496 ἕνεκα
2559 2438 2833 2511 σωτηρίας
2857 2478 2873 2503 ,
2938 2436 3190 2491 ἐντεῦθεν
3244 2433 3475 2506 μάλιστα

1897 2540 1992 2594 καὶ
2015 2537 2113 2601 τὰς
2144 2536 2244 2606 τῆς
2283 2533 2434 2597 θείας
2466 2531 2742 2604 ὑμνῳδίας
2789 2527 3154 2600 λαμϐάνουσιν
3196 2524 3473 2596 ἀφορμὰς,

1899 2636 1994 2689 καὶ
2040 2632 2167 2694 τοὺς
2233 2625 2555 2689 θεσπεσίους
2620 2621 2963 2695 θαυμάζουσι
3020 2619 3347 2691 προφήτας,
3397 2617 3475 2678 εἰς

1899 2724 2115 2779 ἅπαντα
2160 2715 2302 2786 εἶξαι
2353 2715 2432 2787 τῷ
2474 2714 2722 2786 Δεσπότῃ
2785 2710 3205 2784 προελομένους.
3259 2708 3322 2762 '0
3368 2706 3476 2774 γὰρ

1896 2813 2006 2867 τῶν
2033 2811 2170 2865 ὅλων
2193 2808 2348 2874 Θεὸς,
2393 2805 2580 2876 ἐπειδὴ
2621 2803 2757 2875 πρὸς
2779 2800 3105 2872 ἀνθρώπους
3142 2796 3475 2868 ἀναλγησίαν

1898 2903 2186 2966 νοσοῦντας
2216 2902 2341 2965 τοὺς
2372 2899 2563 2968 λόγους
2606 2897 2933 2966 ποιούμενος
2971 2892 3060 2947 διὰ
3090 2891 3353 2965 ῥημάτων
3379 2890 3477 2944 οὐκ

1901 2995 2106 3061 ἔπειθε,
2143 2990 2432 3066 πράγμασί
2472 3006 2613 3044 τισιν
2668 2985 3031 3057 ἐσκιαγράφει
3080 2983 3150 3037 τὰ
3197 2981 3476 3054 μέλλοντα,

1901 3089 1979 3160 τῷ
2010 3086 2302 3159 παραδόξῳ
2332 3082 2441 3138 τῶν
2484 3079 2781 3153 ὁρωμένων
2812 3079 2894 3142 είς
2932 3075 3168 3146 θεωρίαν
3197 3073 3326 3134 τοὺς
3355 3072 3477 3125 ἁτε-

1907 3185 2147 3257 ράμονας
2198 3181 2373 3234 ἕλκων
2398 3196 2412 3209 ·
2462 3177 2516 3232 οἵ
2565 3193 2623 3231 τε
2681 3175 2787 3246 γὰρ
2846 3174 2939 3228 τὸν
3012 3170 3238 3226 Ἠσαίαν
3293 3168 3481 3222 θέοντα

1902 3276 2108 3348 γυμνὸν
2151 3272 2388 3346 ὁρῶντες
2424 3269 2662 3339 ἔδραμον
2694 3266 2761 3320 ἂν
2810 3263 3080 3336 δήπουθεν
3128 3262 3207 3325 είς
3255 3260 3354 3331 τὴν
3386 3257 3479 3348 τοῦ

1904 3347 2094 3422 καινοῦ
2145 3352 2469 3437 πράγματος
2506 3359 2745 3431 θεωρίαν
2769 3400 2784 3424 ,
2834 3356 3029 3428 μαθεῖν
3062 3352 3346 3423 ἐφιέμενοι
3388 3347 3481 3403 τοῦ

1904 3459 2146 3515 τοιούτου
2168 3459 2373 3529 δρόμου
2405 3455 2502 3525 τὴν
2534 3454 2835 3526 πρόφασιν.
2878 3450 2991 3505 Καὶ
3010 3449 3061 3502 οἱ
3094 3448 3186 3501 τὸν
3224 3442 3482 3514 Ἰεζεκιὴλ

1906 3553 2090 3605 ἐκεῖνα
2116 3548 2293 3602 πάντα
2325 3546 2537 3617 δρῶντα
2572 3543 2860 3617 θεώμενοι,
2896 3542 3093 3614 ἤροντο
3119 3539 3186 3593 ἄν
3218 3536 3295 3602 ὼς
3328 3535 3477 3599 είκδς

1906 3641 2005 3713 τὴν
2043 3640 2224 3695 αἰτίαν
2270 3638 2378 3693 τῶν
2432 3635 2757 3706 γινομένων.
2812 3632 2970 3688 Οὕτω
3013 3629 3191 3686 τοίνυν
3236 3628 3334 3682 καὶ
3395 3625 3483 3680 τὸν

1912 3733 2180 3802 μακάριον
2230 3729 2390 3799 Ὠσηὲ
2433 3725 2844 3800 παρασκευάζει
2888 3723 2996 3783 τῶν
3032 3722 3169 3775 ὅλων
3192 3722 3223 3774 ό
3260 3717 3481 3789 Κύριος,

1908 3822 2144 3890 γυναῖκα
2171 3819 2358 3872 λαϐεῖν
2410 3818 2710 3873 ἀκόλαστον
2736 3856 2752 3881 ,
2786 3817 2873 3871 ἵνα
2904 3814 2992 3868 διὰ
3033 3811 3128 3867 τοῦ
3175 3809 3483 3880 γινομένου.

1910 3914 2007 3966 καὶ
2039 3911 2132 3965 τοῦ
2159 3910 2287 3965 λαοῦ
2313 3911 2411 3980 τὴν
2447 3909 2705 3964 ἀσέϐειαν
2734 3906 2935 3979 ἐλέγξῃ
2954 3946 2969 3970 ,
3005 3903 3099 3958 καὶ
3132 3902 3230 3973 τὴν
3259 3898 3485 3961 οἰκείαν,

1912 4001 2157 4075 ἐπιδείξῃ
2207 4001 2611 4073 μακροθυμίαν.
2647 4001 2711 4054 Εἰ
2750 3999 2807 4052 δὲ
2834 4000 2862 4051 ό
2900 3997 3013 4052 τῶν
3056 3994 3193 4071 ὅλων
3227 3991 3360 4055 Θεὸς
3389 3989 3485 4060 τῆς

1913 4094 2212 4148 ἀκολάστου
2242 4092 2340 4147 καὶ
2362 4091 2711 4164 μοιχευτρίας
2736 4090 2981 4161 ἠνείχετο
3009 4084 3367 4155 Συναγωγῆς,
3384 4081 3487 4171 ⁴καὶ

1914 4187 2015 4242 οὐκ
2045 4184 2337 4257 ὲμολύνετο
2368 4188 2401 4256 ἡ
2434 4186 2533 4257 τῆς
2576 4183 2891 4253 ἁγιωσύνης
2922 4180 3074 4251 πηγὴ
3125 4180 3192 4232 ἐκ
3235 4178 3338 4248 τῆς
3387 4193 3487 4246 μυ·
3543 4214 3546 4223 .

1916 4279 2087 4348 σαρᾶς
2133 4276 2349 4345 ἐκείνης
2376 4275 2421 4308 ³³
2450 4276 2545 4329 καὶ
2570 4274 2856 4347 βδελυρᾶς.
2895 4271 3016 4326 οὐδὲ
3052 4273 3080 4324 ό
3113 4270 3398 4341 προφήτης
3424 4268 3487 4319 ἐκ

1840 4405 1886 4459 θ
1912 4368 2010 4438 τῆς
2031 4365 2295 4436 ἀσελγοῦς
2320 4366 2537 4438 ἐκείνης
2570 4365 2835 4459 γυναικὸς
2864 4362 3057 4459 κηλίδα
3075 4359 3341 4459 adiecero:
3367 4357 3486 4459 οῦδὲ

1915 4462 2025 4531 γὰρ
2082 4460 2350 4531 ἐπιθυμία
2397 4459 2613 4530 πονηρᾷ
2653 4456 2958 4521 δουλεύων,
3004 4452 3144 4508 ἀλλὰ
3197 4451 3269 4505 τὰ.
3311 4447 3489 4503 θεόθεν

1916 4553 2367 4625 προστεταγμένα
2410 4551 2674 4626 πληρῶν,
2720 4550 2819 4620 τῆς
2860 4546 3084 4618 ὁμιλίας
3125 4544 3344 4613 ἐκείνης
3395 4541 3487 4611 ἢν·

1912 4647 2121 4716 έσχετο.
2154 4646 2367 4700 Είδέναι
2393 4645 2452 4699 δὲ
2474 4645 2579 4716 χρὴ
2607 4683 2621 4708 ,
2656 4642 2731 4706 ὡς
2759 4639 2839 4710 τῷ
2862 4637 3053 4709 σκοπῷ
3093 4635 3154 4689 τό
3190 4651 3251 4688 τε
3288 4630 3487 4700 ἀγαθὸν

1913 4737 2104 4791 καὶτὸ
2151 4738 2322 4792 κακὸν
2355 4736 2635 4808 κρίνεται*
2698 4731 2877 4801 τούτῳ
2925 4730 3035 4800 γὰρ
3087 4729 3118 4780 ὁ
3173 4725 3354 4796 γάμος
3390 4721 3489 4791 τῆς

1917 4828 2164 4898 μοιχείας
2208 4825 2574 4898 κεχώρισται,
2625 4824 2720 4879 καὶ
2762 4823 2860 4891 τῆς
2907 4816 3193 4881 συνουσίας
3235 4813 3489 4883 οὐδεμίαν

1917 4916 2149 4988 ὲνούσης
2172 4915 2458 4987 διαφορὰν,
2490 4914 2570 4985 τῷ
2598 4912 2784 4985 σκοπῷ
2815 4911 3007 4982 καὶτῷ
3037 4909 3188 4978 νόμῳ
3218 4905 3277 4960 τδ
3308 4903 3489 4988 sese.

1918 4987 2010 5080 ρον
2041 5006 2336 5070 δείκνυται,
2370 5005 2466 5059 καὶ
2502 5004 2644 5060 κατὰ
2673 5002 2846 5059 ταῦτα
2884 5000 2943 5054 τὸ
2997 4998 3095 5071 μὲν
3139 4995 3384 5065 ἔννομον,
3429 4987 3488 5043 τδ

1914 5100 1972 5153 δὲ
2017 5099 2333 5170 παράνομον
2367 5098 2634 5170 κρίνεται.
2678 5095 2851 5150 Τοῦτο
2902 5095 2996 5148 καὶ
3049 5092 3142 5146 ἐπὶ
3183 5089 3280 5144 τοῦ
3329 5087 3486 5157 φόνου

1920 5183 2290 5257 σκοπούμενον
2338 5184 2489 5257 εὖροι
2517 5203 2602 5249 τις
2646 5185 2731 5239 ἄν.
2783 5185 3023 5254 ’Λναιρεῖ
3048 5180 3156 5252 γὰρ
3196 5177 3289 5232 καὶ
3325 5179 3352 5231 ὁ
3398 5175 3484 5227 ἀνι

319 5384 340 5422 τ
372 5383 477 5439 lsa.
508 5387 680 5453 “,2.
763 5389 1013 5445 Herem.
1051 5403 1222 5456 xxv",
1246 5389 1321 5456 2;
1359 5405 1554 5455 nvm,
1592 5389 1681 5455 i5;
1725 5390 1812 5444 vel
1850 5389 2011 5460 juxta
2040 5370 2202 5457 LXX,
2230 5409 2417 5458 xxxiv,
2453 5392 2515 5458 2;
2544 5406 2713 5455 xxxv,
2753 5389 2837 5442 i5.
2914 5391 2939 5431 II
2971 5387 3164 5444 Ezech.
3191 5402 3266 5453 tv,
3296 5383 3414 5439 4-6.

1518 5529 1750 5583 V'Alil/E
1795 5528 2193 5586 LECTIONES.

350 5632 509 5690 "Ed-
544 5642 695 5706 Prior
729 5644 852 5701 hab.
902 5646 1163 5720 Ἱεσραήλ.
1243 5650 1285 5681 ³³
1321 5648 1359 5703 C
1391 5647 1720 5718 ἁνυπόδητον
1820 5647 1863 5679 ³⁸
1887 5647 1924 5701 C
1958 5650 2330 5720 παρηγγύησε.
2411 5648 2452 5679 ³⁵
2485 5647 2567 5701 ἐκ.
2598 5644 2721 5702 Dcs.
2745 5646 2796 5699 in
2820 5645 2881 5702 C.
