3912 6206
280 343 409 409 1557

1594 346 1674 404 ΙΝ
1706 344 1893 404 OSEE
1930 343 2087 406 CAP.
2124 346 2167 405 Ι.

3378 340 3546 409 1558-

275 459 546 531 δροφόνος,
578 457 795 528 ἀναιρεῖ
836 457 930 511 καὶ
967 460 996 512 6
1034 458 1332 530 δικαστής·
1379 459 1497 513 ἀλλ’
1531 461 1559 513 6
1603 460 1705 529 μὲν
1743 461 1833 513 ὲν-

1939 457 2098 530 iudex
2132 477 2146 513 :
2181 457 2275 513 sed
2302 456 2390 512 hic
2422 458 2663 527 lcgitimo
2697 452 2934 523 etjnste,
2972 456 3063 513 ille
3094 456 3283 529 inique
3314 468 3369 517 et
3400 462 3524 516 ille-

274 549 477 619 νόμως,
515 550 546 602 6
591 548 647 602 δὲ
700 549 1034 621 παρανόμως
1059 565 1072 578 ·
1104 552 1200 605 καὶ
1242 550 1305 604 τὸ
1340 550 1443 621 μὲν
1490 551 1653 623 ἔργον
1706 553 1841 606 ταύ-

273 640 378 700 τὸν,
404 638 482 709 τῷ
512 639 570 691 δὲ
596 639 784 710 σκοπῷ
818 640 1086 713 διαφέρει.
1115 641 1224 697 Καὶ⁵
1258 642 1345 698 ἵνα
1373 641 1531 697 τοῦτο
1578 645 1842 713 σαφέστε-

276 749 362 803 ρον
387 731 498 784 ἀπὸ
548 732 650 803 τῆς
691 732 841 797 θείας
888 734 1113 805 Γραφῆς
1155 736 1564 808 μεταμάθωμεν
1588 740 1654 804 ³⁸,
1715 757 1843 797 axo-

273 825 534 893 πήσωμεν
554 823 724 887 οὕτως
737 824 802 878 ³⁷.
844 826 1160 894 Ἐφόνευσεν
1180 829 1208 880 6
1227 828 1382 892 Καῒν,
1401 829 1534 883 ἀλλὰ
1563 830 1843 902 βασκήνας

274 915 363 968 καὶ
396 915 537 986 δόλῳ
562 916 903 987 χρησάμενος
926 934 943 948 ο
977 918 1236 987 ἐφόνευσε
1257 922 1461 989 ⁶Ιιινεὲς,
1489 922 1625 977 ἀλλὰ
1663 923 1841 995 ζηλώ-

273 1026 389 1073 σας,
419 1008 514 1062 καὶ
546 1009 646 1078 τῆς
672 1010 957 1076 εὐσεϐείας
991 1012 1412 1085 ὑπερμαχήσας,
1448 1018 1543 1071 καὶ
1586 1017 1843 1089 βδελυξά-

275 1119 432 1171 μενος
478 1103 574 1174 τὴν
624 1103 882 1159 ἀσέϐειαν
903 1122 918 1136 ο
952 1106 1045 1160 καὶ
1085 1109 1146 1161 τὸ
1176 1109 1275 1179 μὲν
1307 1110 1469 1180 ἔργον
1503 1112 1690 1178 ταύτὸ,
1728 1117 1757 1166 6
1783 1112 1841 1168 δὲ

272 1195 470 1258 σκοπὸς
512 1196 750 1259 ὲναντίος
788 1199 855 1250 ὲκ
895 1199 1212 1271 διαμέτρου.
1263 1201 1419 1255 Οὕτω
1465 1206 1558 1257 καὶ
1600 1206 1631 1275 ἡ
1664 1206 1838 1277 κλοπὴ

270 1283 376 1337 τῶν
409 1286 508 1355 μὲν
534 1285 638 1340 ὑπὸ
667 1285 761 1339 τοῦ
791 1287 956 1358 νόμου
991 1291 1480 1362 κατηγορουμένων
1513 1294 1662 1347 ἐστίν
1682 1311 1696 1326 ·
1723 1295 1839 1348 ἀλλ’

270 1375 460 1445 ἔκλεψε
503 1379 602 1447 τὴν
640 1378 890 1447 εὐλογίαν
917 1381 944 1433 6
989 1381 1186 1435 Ἰακὼϐ
1211 1421 1226 1445 ,
1281 1385 1379 1439 καὶ
1429 1386 1490 1437 οὐ
1545 1386 1705 1456 μόνον
1741 1387 1841 1461 τὴν

270 1468 602 1537 κατηγορίαν
626 1468 898 1538 διέφυγεν,
924 1471 1061 1524 ἀλλὰ
1083 1473 1176 1526 καὶ
1202 1474 1262 1527 ὲν
1287 1475 1487 1539 πάσαις
1511 1477 1839 1548 εὐφημεῖται

266 1558 387 1620 ταῖς
430 1561 662 1625 γενεαῖς.
703 1560 1058 1629 Ἐνήστευσεν
1109 1561 1297 1627 Ἠλίας
1324 1565 1354 1616 6
1386 1566 1545 1629 πάνυ,
1583 1568 1841 1637 ἐνήστευ-

267 1664 367 1702 σαν
391 1649 448 1705 δὲ
495 1650 587 1704 καὶ
636 1652 686 1704 oi
723 1651 814 1705 τὸν
852 1653 1101 1707 Ναϐουθὲ
1139 1656 1571 1723 καταλεύσαντες
1598 1659 1643 1691 ³⁸
1665 1677 1681 1695 ο
1723 1659 1840 1714 ἀλλ’

263 1743 296 1794 6
344 1743 444 1811 μὲν
487 1743 830 1812 φιλοσοφῶν,
887 1747 938 1798 οἱ
989 1746 1047 1800 δὲ
1093 1750 1461 1818 συκοφαντίαν
1489 1753 1831 1823 τυρεύοντες.

279 1833 538 1904 Ἠλὲησεν
566 1836 595 1887 6
634 1836 807 1890 Σαοὺλ
853 1837 946 1891 τὸν
987 1839 1157 1909 ’Λγὰγ
1174 1841 1241 1904 ⁸⁸,
1274 1844 1369 1896 καὶ
1410 1845 1699 1917 ἐγυμνώθη
1737 1847 1833 1917 τῆς

262 1923 542 1994 βασιλείας
634 1930 952 2001 παράνομος
1003 1931 1113 2003 γὰρ
1166 1928 1237 2003 ἦν
1296 1935 1505 2001 ἐκεῖνος
1554 1939 1582 1990 6
1647 1939 1833 2004 ἔλεος·

262 2011 498 2085 ἐσφάξεν
541 2021 571 2072 6
614 2021 861 2092 Σαμουὴλ
910 2022 1004 2076 τὸν
1049 2025 1222 2094 Ἀγὰγ
1248 2068 1264 2091 ,
1328 2028 1423 2082 καὶ
1477 2029 1620 2085 θεῖον
1672 2033 1839 2104 νόμον

261 2107 568 2198 ἐπληρωσε.
602 2112 712 2164 Καὶ
738 2112 873 2167 ἄλλα
902 2113 957 2166 δὲ
991 2117 1160 2187 μυρία
1184 2117 1332 2173 ἔστιν
1369 2121 1551 2194 εὑρεῖν
1580 2126 1640 2177 οὐ
1685 2128 1837 2198 παρὰ

258 2199 339 2292 τῇ-
357 2197 484 2292 Δθείᾳ
515 2200 651 2274 μόνῃ
678 2202 889 2276 Γραφῇ,
922 2205 1059 2261 ἀλλὰ
1094 2209 1187 2262 καὶ
1221 2212 1278 2264 ὲν
1306 2215 1421 2277 τοῖς
1446 2215 1569 2268 καθ’
1597 2197 1836 2292 ἑκάστην

259 2289 476 2361 ἡμέραν
526 2293 659 2363 παρ’
703 2296 861 2366 ἡμῶν
912 2301 1271 2370 γιγνομένοις.
1309 2304 1416 2358 Καὶ
1460 2307 1489 2360 6
1533 2289 1836 2379 θαυμάσιος

256 2381 440 2435 τοίνυν
489 2384 671 2455 Ὠσηὲ,
708 2386 807 2440 οὐκ
836 2388 1108 2461 ἐπιθυμίᾳ
1130 2391 1450 2462 δουλεύσας,
1501 2397 1641 2452 ἀλλὰ
1668 2400 1836 2467 θείοις

257 2471 525 2560 νεύμασιν
562 2475 733 2542 εἴξας,
760 2476 920 2532 ἔλαϐε
944 2479 1042 2554 τὴν
1069 2483 1297 2553 πόρνην,
1343 2486 1437 2539 καὶ
1480 2490 1662 2560 γάμου
1696 2510 1834 2548 παν-

256 2563 349 2627 τὸς
394 2559 462 2635 ἦν
512 2568 814 2639 σεμνοτέρα
858 2570 1040 2642 ἐκείνη
1076 2573 1107 2643 ἡ
1152 2574 1375 2644 ὀμιλία’
1428 2580 1488 2631 οὐ
1544 2581 1707 2651 μόνον
1751 2585 1834 2637 ὅτι

256 2656 405 2711 κατὰ
437 2656 579 2711 θεῖον
605 2659 816 2727 ἐγίνετο
842 2661 1039 2732 νεῦμα,
1074 2664 1190 2717 ἀλλ’
1234 2667 1421 2739 ἐπειδὴ
1453 2671 1546 2723 καὶ
1573 2672 1666 2724 τοῦ
1696 2673 1834 2728 Θεοῦ

255 2747 352 2802 τὸν
378 2748 546 2803 τύπον
572 2748 781 2805 ἐδείκνυ
800 2795 815 2816 ,
853 2753 947 2806 καὶ
991 2754 1140 2818 ὅπως
1169 2757 1199 2808 6
1226 2756 1382 2826 ἅγιος
1421 2761 1516 2813 καὶ
1548 2763 1609 2815 ἐν
1656 2764 1836 2832 ἁγίοις

254 2840 695 2912 ἀναπαυόμενος,
722 2845 954 2915 νυμφίος
984 2849 1082 2918 τῆς
1115 2848 1416 2904 ἀκολάστου
1459 2854 1699 2924 πληθύος
1726 2858 1837 2911 τῶν

267 2931 622 3003 Ἰσραηλιτῶν
690 2936 1049 3008 ἐχρημάτιζε.
1127 2940 1584 3012 Παιδοποιήσαντι
1655 2949 1837 3003 τοίνυν

255 3024 410 3094 αύτῷ
453 3025 665 3080 κελεύει
704 3029 1143 3099 προσαγορεῦσαι
1199 3031 1258 3085 τὸ
1307 3033 1496 3104 τεχθὲν
1552 3036 1788 3106 Ἰεζραέλ
1817 3055 1833 3071 ’

1940 548 2171 620 gitime;
2214 557 2267 603 et
2311 563 2437 602 cum
2483 548 2555 603 sit
2596 562 2768 601 unum
2801 556 2854 602 et
2888 549 3235 618 idemppus,
3270 550 3389 604 solo
3437 551 3550 605 ta-'

1936 656 2068 696 men
2117 640 2399 712 proposito
2430 639 2632 703 differt,
2672 647 2727 693 et
2767 654 2957 709 scopo.
3013 636 3085 693 Ut
3117 654 3247 695 vero
3273 642 3519 711 apertius

1942 746 2010 787 es
2053 723 2211 787 sacra
2250 729 2541 800 Scriptura
2573 731 2677 784 hoc
2720 744 3160 800 cognoscamus,
3196 732 3298 784 hac
3335 731 3515 786 censi.

1943 822 2225 879 deratioue
2267 838 2404 893 opus
2445 831 2552 876 est.
2582 821 2795 876 (la-dem
2841 821 2968 876 fecit
2997 822 3128 876 Cain
3161 822 3216 886 ί,
3254 824 3349 878 sed
3380 824 3521 878 invi-

1942 913 2035 966 dia
2074 912 2335 967 laborans
2364 921 2419 965 et
2441 910 2568 965 dolo
2596 913 2759 965 malo.
2787 910 2997 965 Caedem
3036 910 3163 965 fecit
3192 910 3426 968 Phincos
3456 912 3469 963 i
3500 953 3517 978 ,

1944 1005 2043 1063 sed
2088 1007 2108 1027 ⁶
2150 1005 2265 1058 zelo
2308 1002 2700 1069 inflammatus,
2745 1011 2798 1058 ct
2830 1018 2929 1072 pro
2979 1003 3181 1073 pietate
3236 1015 3515 1058 Certamen

1945 1096 2283 1166 suscipiens,
2311 1103 2477 1165 atque
2503 1094 2571 1149 ab
2598 1094 2878 1162 impietate
2906 1094 3230 1149 abhorrens.
3272 1092 3410 1148 Ilinc
3433 1104 3518 1149 est

1942 1187 2163 1258 quidem
2192 1202 2335 1257 opus
2367 1186 2533 1248 idem,
2576 1202 2778 1255 scopus
2814 1200 2946 1240 vero
2970 1194 3027 1242 et
3068 1186 3412 1256 propositum
3448 1203 3517 1240 ex

1942 1278 2210 1334 diametro
2234 1277 2598 1332 contrarium.
2634 1277 2838 1332 Eodem
2860 1277 3023 1331 modo
3058 1277 3261 1331 furtum
3294 1276 3515 1344 quidem

1942 1387 2042 1442 per
2076 1371 2249 1441 legem
2295 1370 2663 1440 improbatur,
2717 1386 2745 1424 a
2775 1378 2929 1439 patre
2968 1377 3151 1423 umeri
3182 1367 3516 1423 benedictio~

1942 1480 2068 1520 nem
2103 1462 2273 1518 Iacob
2330 1462 2544 1517 furatus
2587 1469 2671 1516 est
2696 1461 2717 1500 ι
2742 1501 2757 1525 ,
2792 1470 2848 1515 οι
2876 1475 2988 1515 non
3017 1460 3186 1514 modo
3229 1459 3358 1515 furti
3409 1477 3521 1514 non

1940 1566 2027 1616 est
2057 1563 2375 1619 accusatus,
2411 1569 2600 1609 verum
2633 1554 2802 1608 etiam
2838 1567 2936 1622 per
2978 1567 3172 1606 omnes
3211 1553 3519 1623 generatio-

1940 1665 2040 1705 nes
2082 1649 2394 1704 celebratus
2444 1654 2551 1702 est.
2596 1644 2878 1715 chunavit
2921 1643 3070 1698 Elias
3116 1644 3207 1697 ille
3245 1658 3517 1713 magnus,

1937 1740 2254 1811 jejunarunt
2284 1747 2341 1793 et
2380 1737 2438 1792 hi
2478 1736 2575 1808 qui
2639 1735 2950 1791 Nabotbun
2996 1736 3270 1805 lapidibus
3319 1736 3517 1789 obrue-

1941 1843 2069 1888 runt
2102 1832 2121 1872 ι
2157 1851 2172 1888 :
2200 1832 2295 1889 sed
2327 1832 2421 1886 ille
2448 1830 2758 1885 honestatis
2805 1827 3013 1893 studio,
3044 1828 3103 1882 hi
3131 1843 3261 1883 vero
3304 1828 3516 1882 calum-

1938 1928 2084 1981 niam
2136 1931 2503 1993 aucupantes.
2548 1920 2679 1975 Saul
2730 1920 3050 1976 misericors
3094 1935 3220 1991 erga
3269 1921 3511 1992 Agagmn

1939 2017 2068 2083 fuit,
2096 2024 2152 2071 et
2182 2016 2448 2086 spoliatus
2483 2012 2585 2067 fuit
2630 2026 2817 2081 regno,
2853 2011 3040 2082 iniqua
3069 2014 3216 2067 enim
3248 2022 3366 2067 erat
3401 2013 3510 2067 hac

1938 2107 2362 2172 misericordia;
2432 2103 2656 2159 Samuel
2722 2101 3004 2158 interfecit
3057 2104 3301 2175 Agagum
3355 2115 3395 2144 ω
3459 2112 3514 2160 et

1937 2199 2043 2269 legi
2084 2199 2285 2253 divina:
2331 2195 2629 2252 satisfecit.
2686 2192 3006 2250 Istiusmodi
3070 2195 3175 2249 alia
3228 2187 3523 2251 innumera

1938 2284 2185 2346 invenire
2206 2288 2365 2343 facile
2389 2295 2495 2354 est,
2523 2300 2705 2354 neque
2727 2284 2783 2338 in
2813 2297 2972 2338 sacra
3006 2291 3220 2338 tantum
3260 2283 3511 2353 Scriptu-

1937 2398 2036 2448 ra,
2092 2398 2279 2439 verum
2319 2381 2485 2436 etiam
2530 2379 2585 2432 in
2627 2377 2697 2431 iis
2747 2390 2871 2447 quae
2916 2376 3165 2445 quotidie
3219 2376 3362 2431 inter
3413 2390 3515 2429 nos

1940 2478 2099 2533 fiunt.
2136 2474 2498 2530 Admirabilis
2534 2472 2750 2544 ηις
2796 2472 2982 2541 itaque
3019 2468 3210 2537 Oseas,
3242 2484 3353 2524 non
3389 2469 3511 2523 libi-

1940 2567 2054 2622 dini
2089 2567 2362 2628 serviens,
2418 2565 2514 2619 scd
2568 2563 2725 2617 nutui
2771 2561 2963 2617 divino
3023 2573 3216 2629 parere
3261 2560 3518 2624 studens,

1938 2675 2163 2714 uxorem
2196 2658 2355 2713 duxit
2402 2655 2768 2718 meretricem,
2806 2661 2971 2722 atque
3017 2651 3276 2705 omnibus
3304 2650 3519 2718 nuptiis

1938 2754 2143 2808 castior
2169 2761 2225 2805 et
2254 2748 2581 2803 laudabilior
2606 2747 2724 2800 haec
2755 2745 2994 2801 societas
3042 2743 3146 2797 fuit
3184 2760 3197 2793 :
3232 2757 3411 2810 neque
3441 2744 3516 2796 ob

1938 2844 1991 2898 id
2025 2838 2388 2910 solum,quod
2416 2854 2483 2893 ex
2514 2836 2607 2891 Dei
2638 2845 2774 2891 nutu
2797 2842 2853 2891 et
2884 2834 3116 2889 arbitrio
3147 2832 3292 2887 faeta
3322 2831 3508 2894 fuerit.

1937 2936 2033 2990 sed
2065 2936 2228 2988 etiam
2264 2931 2414 3001 quod
2460 2927 2628 2984 Deum
2661 2928 2836 2998 figura
2883 2927 3118 2995 quadam
3157 2925 3517 2995 expresserit,

1939 3025 2353 3094 signiﬁcaturus
2400 3037 2512 3094 quo
2551 3028 2714 3091 pacto
2738 3027 2965 3075 sanctus
2998 3018 3108 3080 ille,
3139 3026 3193 3072 et
3220 3017 3274 3071 in
3307 3016 3515 3072 sanctis

262 3133 282 3166 ι
323 3117 471 3170 Διότι
526 3117 606 3172 ἑτι
659 3120 885 3191 μικρὸν,
937 3121 1091 3174 καὶδθ
1146 3123 1421 3193 ἐκδικήσω
1467 3126 1527 3179 τὸ
1561 3122 1701 3198 αἷμα
1738 3129 1832 3185 τοῦ

1939 3120 2314 3190 requiescens,
2345 3128 2611 3186 sponsum
2639 3127 2700 3168 se
2733 3109 2928 3166 fecerit
2956 3108 3345 3165 contaminatae
3368 3107 3510 3162 mul-

269 3205 507 3277 Ἱεζραὲλ
534 3248 548 3271 ,
596 3210 691 3260 ἐπὶ
709 3209 753 3241 ⁸⁸
803 3209 895 3262 τὸν
944 3205 1093 3263 οἷκον
1132 3212 1272 3282 Ἰηοῦ
1298 3255 1313 3279 ,
1350 3215 1442 3269 καὶ
1494 3220 1836 3275 καταπαύσω

1939 3212 2190 3267 titudinis
2225 3208 2620 3265 Israelitarum.
2661 3202 2851 3272 Itaque
2880 3200 3076 3265 filium,
3120 3215 3282 3270 quem
3327 3206 3515 3254 sustu-

255 3295 538 3366 βασιλείαν
568 3298 717 3351 οἴκου
776 3297 1009 3370 Ἰσραήλ.
1040 3301 1124 3369 (δ’,
1174 3302 1257 3370 ε’).
1291 3304 1398 3356 Καὶ
1447 3305 1621 3372 ἔσται,
1675 3313 1735 3363 ὲν
1765 3314 1831 3383 τῇ

1939 3303 2118 3367 lisset,
2161 3300 2330 3371 jussit
2370 3296 2640 3353 nominari
2673 3293 2909 3350 Jezrael.
2943 3310 2963 3344 ι
2998 3291 3137 3358 Quia
3178 3291 3357 3347 adhuc
3394 3304 3506 3343 mo-

254 3387 444 3457 ἡμέρα
480 3389 664 3460 ἐκείνῃ
707 3390 982 3461 συντρίψω
1005 3392 1066 3445 τὸ
1104 3392 1256 3458 τόξον
1287 3396 1384 3449 τοῦ
1431 3399 1649 3469 Ἰσραὴλ
1677 3403 1735 3455 ὲν

1939 3393 2142 3455 dicunt,
2174 3399 2232 3447 et
2261 3390 2498 3445 ulciscar
2527 3386 2849 3456 sanguinem
2904 3382 3170 3438 Jezraelis
3210 3396 3377 3452 super
3409 3381 3514 3435 do-

254 3479 465 3534 κοιλάδι
491 3479 587 3532 τοῦ
632 3481 889 3550 Ἰεζραέλ.
932 3500 950 3532 ι
996 3483 1059 3538 Ὃ
1082 3484 1136 3537 δὲ
1167 3485 1335 3554 λέγει,
1370 3490 1609 3545 τοιοῦτόν
1641 3472 1830 3549 ἐστινῖ

1939 3498 2085 3539 mum
2123 3481 2262 3537 Jehu
2293 3498 2307 3536 :
2345 3486 2402 3536 et
2429 3479 2713 3550 quiescere
2736 3476 2933 3530 faciam
2956 3490 3183 3544 regnum
3209 3474 3411 3528 domus
3429 3472 3513 3528 Is-

266 3570 526 3638 Ἰεζραὲλ
556 3572 615 3624 τὸ
640 3573 836 3643 χωρίον
872 3573 1041 3639 ἐστὶν,
1077 3576 1136 3629 ὲν
1164 3570 1207 3644 ᾧ
1237 3579 1484 3633 Ναϐουθὲ
1523 3582 1622 3653 τὴν
1646 3585 1831 3641 ἄδικον

1939 3576 2121 3631 reelis.
2158 3573 2346 3645 (Vens.
2378 3573 2456 3644 5.)
2502 3571 2565 3624 Et
2590 3572 2715 3635 erit,
2749 3570 2843 3624 illo
2885 3570 2976 3624 die
3024 3567 3270 3636 frangam
3322 3579 3510 3619 arcum

252 3662 476 3733 ἐκείνην
507 3663 763 3732 ὑπέμεινε
794 3666 1008 3736 σφαγήν
1030 3682 1044 3698 ο
1073 3668 1102 3719 6
1131 3666 1186 3720 δὲ
1216 3670 1400 3737 Ἰηοῦ,
1429 3674 1457 3725 6
1479 3675 1667 3730 τούτου
1695 3682 1834 3734 κατὰ

1939 3668 2158 3724 Israelis
2207 3665 2262 3719 in
2298 3665 2441 3720 valle
2490 3662 2777 3718 Jezraelis.
2843 3659 3198 3729 {Ejusmodi
3248 3657 3513 3726 estquod

254 3752 409 3806 Θείαν
440 3752 635 3823 βουλὴν
666 3752 955 3821 γενόμενος
984 3757 1242 3827 τιμωρὸς,
1284 3752 1328 3826 ᾧ
1352 3761 1618 3833 ὑπέσχετο
1644 3768 1672 3819 6
1701 3767 1834 3833 Θεὸς

1939 3758 2115 3813 dicit:
2167 3755 2381 3812 Jezraet
2427 3756 2582 3810 locus
2632 3763 2735 3818 est,
2776 3752 2870 3808 ubi
2918 3751 3139 3805 Naboth
3180 3748 3383 3818 injusta
3418 3748 3513 3802 illa

218 3844 346 3910 ,διὰ
389 3843 460 3897 τά
497 3844 638 3898 κατὰ
662 3847 761 3914 τῆς
813 3845 1043 3911 Ἰεζαϐὲλ
1065 3847 1111 3879 ’⁵³
1142 3850 1291 3920 αὐτῷ
1337 3857 1713 3926 γεγενημένα,
1754 3861 1834 3923 εἰς

1939 3852 2085 3908 εωάε
2121 3861 2347 3906 necatus
2376 3848 2476 3903 fuit
2512 3845 2685 3901 :Jehu
2718 3860 2847 3900 vero
2873 3843 3060 3898 divino
3090 3842 3320 3897 consilio
3349 3840 3518 3909 hujus

232 3933 527 4021 ξτετάρτην
555 3933 747 4000 γενεὰν
790 3933 1100 4004 διαρκέσειν
1126 3936 1221 4007 τὴν
1265 3938 1563 4008 βασιλείαν.
1615 3947 1832 4019 Ἐπειδὴ

254 4025 442 4078 τοίνυν
474 4024 522 4076 oi
564 4027 630 4077 ἐκ
654 4023 846 4077 τούτου
883 4024 1052 4096 λήθην
1080 4027 1178 4097 τῆς
1205 4029 1356 4094 θείας
1387 4032 1577 4087 ἔλαϐον
1606 4037 1833 4108 εὐεργε-

258 4116 406 4179 σίας,
440 4116 531 4168 καὶ
565 4114 662 4185 τὴν
698 4115 808 4168 τῶν
847 4116 953 4185 πρὸ
986 4117 1163 4171 αὐτῶν
1206 4116 1668 4187 βεϐασιλευκύτων
1703 4128 1831 4200 ἐζή-

254 4206 440 4262 λωσαν
474 4206 811 4272 δυσσέϐειαν,
842 4207 1057 4261 ἀπειλεῖ
1088 4211 1117 4262 6
1140 4209 1271 4274 Θεὸς
1302 4213 1395 4264 καὶ
1427 4215 1634 4287 ταύτην
1661 4236 1835 4273 κατα.

256 4300 494 4355 παύσειν
542 4298 640 4371 τὴν
692 4298 1000 4368 βασιλείαν,
1040 4301 1134 4353 καὶ
1185 4300 1279 4354 τοῦ
1332 4304 1544 4377 Ἰσραὴλ
1588 4309 1647 4361 τὸ
1680 4311 1837 4375 τόξον

258 4393 580 4466 συντρίψειν
602 4432 616 4457 ,
652 4392 938 4456 τουτέστι,
974 4389 1302 4446 καταλύσειν
1352 4395 1451 4466 τὴν
1505 4397 1736 4470 δύναμιν
1773 4406 1833 4456 ἐν

1938 3943 2137 3999 mortis
2171 3942 2364 3997 vindex
2398 3939 2576 3994 factus
2615 3946 2699 3993 est
2730 3955 2744 3992 :
2773 3935 2862 3991 cui
2901 3933 3166 3989 Dominus
3205 3933 3275 3988 ob
3307 3947 3369 3987 ea
3392 3946 3519 4002 quae

1939 4042 2135 4089 contra
2180 4031 2485 4086 Jezahelem
2534 4027 2758 4091 fecerat,
2798 4040 2974 4095 usque
3019 4022 3087 4078 ad
3126 4032 3377 4094 quartam
3419 4036 3514 4089 ge-

1937 4128 2285 4183 nerationem
2325 4138 2551 4193 regnum
2599 4133 3023 4190 permansurum
3056 4131 3179 4170 esse
3234 4114 3511 4184 pollicitus

1939 4226 2017 4275 est
2053 4226 2100 4272 ³.
2136 4216 2203 4271 Ut
2229 4229 2357 4270 vero
2387 4212 2591 4284 posteri
2630 4212 2687 4264 in
2731 4210 3059 4269 oblivionem
3088 4206 3287 4260 divina:
3318 4202 3517 4258 benef].

1941 4308 2133 4364 centia:
2164 4312 2450 4368 venerunt,
2485 4309 2537 4356 et
2571 4314 2783 4361 eorum,
2822 4300 2914 4368 qui
2963 4305 3123 4351 antea
3161 4303 3506 4365 regnassent.

1941 4399 2275 4468 impietatem
2333 4391 2539 4447 imitari
2585 4399 2890 4459 coeperunt.
2929 4389 3172 4443 minatur
3252 4384 3515 4439 Dominus

255 4489 327 4557 τῇ
355 4486 564 4540 κοιλάδι
615 4483 710 4538 τοῦ
758 4483 1027 4554 Ἱεζραέλ’
1069 4483 1168 4554 οὐχ
1215 4483 1402 4547 ἅπλῶς
1449 4486 1504 4538 δὲ
1546 4489 1699 4544 τοῦδε
1737 4493 1832 4545 τοῦ

1939 4505 1996 4546 se
2024 4489 2188 4544 etiam
2233 4486 2334 4540 hoc
2366 4497 2595 4550 regnum
2629 4479 2932 4535 deletorum
2978 4485 3031 4531 et
3070 4490 3259 4528 arcum
3296 4471 3513 4527 lsraelis

256 4576 444 4649 χώρου
479 4576 576 4647 τὴν
601 4576 824 4646 μνήμην
867 4574 1162 4645 ἐποιήσατο
1181 4613 1196 4638 ,
1235 4573 1370 4628 ἀλλά
1397 4575 1498 4646 τῆς
1527 4578 1677 4643 θείας
1707 4582 1840 4636 ἀνα-

262 4669 594 4738 μιμνήσκων
653 4667 969 4736 εὐεργεσίας
1019 4667 1112 4721 τὸν
1157 4668 1411 4738 τηνικάδε
1444 4669 1667 4740 βασιλέα
1693 4715 1706 4739 ,
1742 4676 1837 4729 καὶ

256 4758 531 4813 διδάσκων
555 4797 570 4822 ,
622 4758 707 4812 ὅτι
754 4756 1008 4829 καθάπερ
1044 4759 1201 4823 δίκας
1239 4760 1532 4833 εἰσέπραξε
1567 4766 1693 4829 τοὺς
1747 4767 1839 4821 τὸν

258 4849 514 4903 Ναϐουθὲ
544 4849 1002 4918 κατασφάξαντας
1035 4850 1122 4904 διὰ
1153 4851 1248 4904 τοῦ
1300 4853 1645 4924 προπάτορος
1672 4856 1838 4910 αὐτοῦ

277 4936 417 5007 Ἰηοῦ
441 4954 453 4965 ·
490 4936 635 4990 οὕτω
673 4941 770 4991 καὶ
798 4938 996 5000 αὐτοὺς
1024 4938 1122 5009 τῆς
1148 4939 1228 5002 είς
1254 4939 1415 4992 αὐτὸν
1443 4941 1836 5016 ἀγνωμοσύνης

260 5028 561 5098 ἀπαιτήσει
594 5030 802 5100 ποινήν.
849 5028 1070 5093 Τούτοις
1107 5031 1340 5099 ἐπάγει,
1394 5032 1476 5086 ὅτι
1522 5035 1615 5086 καὶ
1650 5035 1839 5107 ἕτερον

262 5119 461 5191 ἐτέχθη
520 5120 772 5186 παιδίον,
822 5122 915 5174 καὶ⁴
955 5120 1062 5174 ὑπὸ
1106 5121 1200 5174 τοῦ
1245 5121 1382 5175 Θεοῦ
1416 5124 1526 5176 τῶν
1570 5126 1706 5179 ὅλων
1738 5129 1837 5199 τὴν

1936 4579 2379 4638 confrarturum,
2411 4574 2515 4628 hoc
2540 4580 2645 4637 est,
2678 4569 2821 4624 vires
2861 4576 2915 4622 et
2951 4565 3249 4637 potentiam
3280 4563 3335 4617 in
3369 4562 3512 4617 vallo

1936 4669 2201 4725 Jezraclis
2249 4664 2650 4722 dissoluturum
2684 4675 2830 4715 esse.
2883 4657 3002 4713 Non
3056 4657 3155 4711 abs
3208 4671 3268 4709 re
3324 4662 3511 4708 autem

1936 4761 2106 4830 hujus
2154 4757 2258 4812 loci
2297 4756 2633 4812 mentionem
2677 4751 2833 4816 fecit,
2874 4750 2968 4807 sed
3006 4747 3071 4802 ad
3104 4746 3305 4800 divina:
3358 4745 3514 4799 beni-

1938 4854 2169 4925 gnitatis
2218 4849 2535 4906 memoriam
2573 4859 2834 4901 revocare
2881 4842 3112 4911 cupiens
3164 4852 3345 4908 regem
3398 4844 3514 4891 tum

1945 4956 2289 5016 regnantem,
2336 4955 2406 4997 ac
2468 4940 2697 5000 docens,
2751 4936 2896 4991 sicut
2928 4946 3026 5003 per
3080 4930 3218 4986 .Iehu
3255 4943 3515 4999 proavum

1944 5037 2068 5109 eius
2097 5051 2288 5107 punias
2328 5034 2397 5089 de
2449 5034 2558 5097 his,
2605 5031 2698 5103 qui
2738 5028 3049 5083 Nabothum
3100 5021 3518 5085 interfecet'aut,

1948 5139 2261 5201 ευιιηιειιιιιι
2294 5128 2582 5188 Dominus,
2632 5125 2705 5178 ita
2740 5123 2895 5177 illum
2922 5121 2991 5175 ab
3027 5119 3147 5188 eius
3176 5112 3519 5173 successori-

342 5330 360 5368 ί
396 5328 638 5407 Gerkan,
844 5328 1019 5407 Pium.
1050 5347 1177 5407 agr,
1201 5330 1253 5384 8.
1334 5332 1358 5370 ι
1396 5330 1726 5400 Gen.xxvu,
1759 5334 1830 5388 22

1939 5351 2016 5407 ιιι.
2098 5331 2116 5372 ι
2158 5332 2224 5387 Ill
2258 5329 2393 5403 Reg.
2424 5345 2515 5394 xx,
2548 5326 2581 5380 4
2606 5340 2760 5395 seqq.
2839 5332 2878 5360 ω
2915 5322 2932 5375 1
2965 5320 3095 5390 lleg.
3132 5335 3220 5383 xv,
3262 5314 3329 5369 32
3357 5325 3512 5378 seth

259 5397 420 5470 juxta
444 5397 608 5452 LXX.
686 5406 715 5435 ιι
749 5398 814 5453 IV
843 5399 976 5469 Reg.
1011 5417 1065 5465 χ,
1098 5402 1186 5459 50.

1536 5581 1771 5638 νΛΙῖιτΕ
1814 5580 2109 5638 LECTION
2119 5578 2220 5634 ES.

339 5693 385 5767 ἕξ
414 5694 456 5748 C
508 5695 932 5767 καταμάθωμεν.
1008 5700 1047 5729 ⁸⁷
1078 5699 1117 5751 (1
1153 5697 1368 5750 οὑτωσί.
1445 5698 1488 5728 ³⁸
1525 5715 1647 5751 κατ.
1680 5697 1752 5749 Ita
1786 5696 1849 5757 C,
1888 5714 1917 5767 (ι

747 5766 781 5817 Σ.
817 5762 966 5837 ἐρησί.
1070 5769 1109 5799 ³⁸³
1146 5768 1255 5822 ἐπί.
1286 5768 1355 5822 Ita
1382 5769 1444 5833 (ἶ,
1484 5779 1541 5822 ut
1578 5767 1734 5821 LXX.
1783 5762 2080 5839 l'ldit‘priur
2132 5762 2363 5821 habebat
2413 5762 2527 5815 καί.

272 5763 318 5795 ⁸⁸
352 5764 433 5817 ἔτι
472 5783 529 5835 μ.
572 5763 684 5819 καί.
720 5766 781 5820 C.
817 5763 966 5837 ἐρησί.

1926 5714 2046 5751 ucm
2100 5696 2401 5764 sequimur.
2438 5690 2603 5764 Sirm.
2629 5684 3051 5764 autcayigaztgg.
3131 5677 3171 5707 ³⁰
3205 5673 3247 5728 C
3283 5671 3481 5746 Ἃγχγ.

2624 5760 2668 5791 ³³
2694 5758 2734 5810 (1.
2781 5749 3028 5816 Ἰεζάϐελ.
