3912 6206
411 313 546 382 1559
1401 325 1890 387 THEODORETI
1945 329 1965 387 1

2078 329 2288 390 SCOPI
2317 333 2683 394 CYRENSIS
3536 338 3664 403 1560

408 431 510 485 lms
537 431 704 486 animi
752 429 951 504 ingrati
1004 433 1027 453 '
1063 445 1281 502 poenam
1311 447 1434 489 esse
1468 437 1850 505 repetiturum.
1900 436 1965 508 [ϐ’

2083 441 2458 513 προσηγορίαν
2481 441 2792 507 ἀνεδέξατο.
2813 442 3098 497 Ἑκέλευσε
3123 443 3230 515 γὰρ
3255 445 3450 517 αὐτὴν,
3484 453 3661 518 φησὶν,

407 521 504 575 llis
565 521 758 585 addit,
811 523 1040 576 alterum
1122 521 1290 576 fetum
1367 525 1680 596 suscepisse
1743 527 1936 582 Oseam

2096 533 2218 585 Οὐκ
2269 534 2614 604 ήλεημὲνην
2663 534 2972 605 κληθῆναι·
3041 537 3200 590 τοῦτο
3250 537 3551 606 διδάσκων,
3596 539 3664 605 ὡς

411 609 624 680 1317
654 626 886 680 eumque
933 626 962 664 a
1015 608 1122 666 Deo
1162 612 1543 668 universorum
1586 630 1782 670 nomen
1835 629 1958 670 rcce

2092 620 2279 675 οὐκέτι
2307 623 2397 676 τὸν
2437 623 2653 695 Ἰσραὴλ
2679 621 2899 688 ἀξιώσει
2924 625 3354 696 φιλανθρωπίας.

411 705 572 770 pisse.
609 701 781 757 Jussit
806 703 972 765 enim,
1001 703 1101 767 ait,
1140 703 1286 757 illam
1317 706 1500 760 vocari
1528 705 1735 777 Absque
1786 706 2193 778 misericordia,
2226 713 2434 771 docens
2499 715 2761 770 nimirum
2823 730 2884 771 se
2935 731 3046 772 non
3116 719 3351 788 amplius
3420 719 3660 777 lsraelem

411 793 793 848 misericordia
831 809 953 849 esse
987 802 1435 864 prosecuturum.
3125 844 3128 846 τ
3680 854 3688 894 π

267 5807 328 5825 ἡ

477 884 648 941 Vsus.
672 886 726 938 7.
759 905 776 937 ι
809 885 1076 942 Filiorum
1133 896 1316 944 autem
1349 889 1525 954 Iudae,
1563 891 1766 962 inquit,
1815 891 1980 946 mise-

405 979 588 1043 rebor,
620 986 674 1033 et
707 979 930 1035 salvabo
957 995 1053 1036 eos
1072 997 1170 1052 per
1193 981 1485 1038 Dominum
1512 983 1680 1040 Deum
1705 984 1976 1054 ipsorum,

405 1079 460 1126 et
491 1086 603 1126 non
634 1071 862 1125 salvabo
885 1086 979 1127 eos
1013 1087 1109 1142 per
1141 1088 1352 1139 arcum,
1382 1090 1560 1146 neque
1590 1090 1687 1146 per
1713 1075 1977 1146 gladium,

404 1178 585 1233 neque
632 1163 979 1233 perbellum,
1015 1179 1192 1236 neque
1249 1181 1346 1235 per
1405 1182 1602 1236 equos,
1658 1182 1837 1238 neque
1883 1181 1980 1238 per

403 1254 639 1322 equites.
684 1272 704 1305 ι
747 1255 844 1310 His
883 1265 1067 1311 autem
1105 1264 1293 1327 aperte
1353 1256 1699 1315 demonstrat
1745 1273 1810 1313 ea
1856 1273 1979 1328 qua:

403 1344 546 1401 facta
585 1345 807 1401 fuerunt
834 1356 1026 1402 contra
1055 1346 1549 1404 Sennacherimum
1569 1357 1618 1404 ο.
1649 1349 1802 1404 Tunc
1828 1349 1976 1403 enim

403 1452 512 1492 non
546 1437 820 1493 instructa
859 1439 979 1494 acie
1007 1439 1218 1511 Assyrii
1258 1439 1392 1494 victi
1417 1447 1572 1505 sunt,
1610 1439 1705 1496 sed
1748 1440 1977 1510 angelo-

402 1545 522 1582 rum
554 1529 756 1584 robore
786 1538 1006 1586 centum
1039 1532 1321 1603 octoginta
1353 1532 1596 1602 quinque
1633 1532 1804 1586 millia
1835 1546 1977 1587 caesa

402 1627 554 1674 sunt.
577 1618 735 1693 [8.9.]
779 1619 881 1676 llis
902 1622 1191 1694 subiungit
1230 1624 1398 1694 quod,
1433 1623 1616 1694 genito
1644 1637 1842 1678 rursus
1865 1621 1979 1678 lilio

2155 890 2217 955 ζ’.
2249 911 2267 944 ι
2297 892 2436 956 Τοὺς
2464 893 2519 947 δὲ
2545 894 2694 958 υἱοὺς
2720 895 2910 957 Ἰούδα,
2945 895 3133 966 φησὶν,
3152 895 3362 968 ἐλεήσω
3389 903 3480 955 καὶ
3513 904 3659 962 σώσω

2083 980 2278 1045 αὐτοὺς
2303 983 2362 1035 ἐν
2394 983 2585 1054 Κυρίῳ
2612 985 2732 1056 Θεῷ
2761 985 2961 1052 αὐτῶν,
2989 988 3084 1040 καὶ
3125 989 3186 1041 ού
3212 991 3370 1044 σώσω
3401 995 3586 1061 αὐτοὺς
3606 1000 3656 1052 ἐν

2083 1069 2240 1140 τόξῳ,
2255 1071 2374 1126 οὐδὲ
2400 1073 2458 1125 ἐν
2478 1075 2740 1146 ῥομφαίᾳ,
2759 1075 2876 1130 οὐδὲ
2904 1077 2962 1128 ἐν
2987 1076 3227 1149 πολέμῳ,
3247 1081 3370 1133 οὐδὲ
3387 1084 3444 1136 ἐν
3461 1085 3652 1152 ἵπποις,

2083 1161 2204 1215 οὐδὲ
2233 1163 2291 1216 ἐν
2329 1164 2575 1221 ἱππεῦσι.
2616 1185 2635 1219 ι
2668 1164 2862 1236 Σαφῶς
2899 1167 2956 1220 δὲ
2982 1166 3070 1221 διὰ
3091 1169 3302 1224 τούτων
3339 1173 3570 1243 ἐδήλωσε
3595 1180 3653 1232 τὰ

2083 1252 2226 1306 κατὰ
2261 1254 2353 1308 τὸν
2375 1255 2748 1328 Σενναχηρεὶμ
2794 1259 3138 1328 γεγενημένα
3161 1278 3175 1294 ο
3207 1265 3511 1330 τηνικαῦτα
3543 1269 3642 1341 γάρ

2079 1343 2139 1394 ού
2179 1344 2541 1414 παρατάξεως
2592 1347 2896 1418 γενομένης
2932 1350 3246 1421 ἡττήθησαν
3278 1354 3328 1405 οἱ
3374 1355 3648 1429 ⁹Ασιτύριοι,

2077 1434 2192 1488 ἀλλ’
2223 1437 2486 1508 ἀγγελικῇ
2515 1437 2743 1509 δυνάμει
2775 1439 2970 1492 ἐκατὸν
3023 1440 3352 1513 ὀγδοήκοντα
3403 1446 3560 1501 πέντε
3587 1451 3650 1503 δι-

2082 1527 2402 1598 εφθάρησαν
2430 1529 2682 1599 χιλιάδες.
2707 1528 2931 1592 Τούτοις
2959 1531 3175 1599 ἐπάγει,
3206 1533 3290 1588 ὅτι
3341 1535 3438 1588 καὶ
3480 1538 3646 1610 ἑτέρου

2080 1619 2295 1672 παιδίου
2343 1619 2646 1690 τεχθέντος,
2678 1619 2963 1674 ἐκέλευσεν
2996 1621 3024 1674 ὁ
3057 1623 3191 1688 Θεὸς
3230 1625 3496 1698 κληθῆναι
3533 1631 3647 1685 αὐτὸ

401 1711 596 1776 altero,
621 1711 854 1782 jusserit
901 1715 1056 1769 illum
1107 1715 1256 1772 Deus
1289 1717 1477 1770 vocari
1539 1714 1664 1769 Non
1723 1717 1965 1784 populum

2083 1713 2165 1764 Οὐ
2193 1712 2349 1766 λαόν
2360 1728 2499 1781 μου,
2531 1712 2623 1764 καὶ⁸
2651 1711 2751 1783 τὴν
2779 1711 2958 1765 αἰτίαν
2995 1712 3270 1770 διδάσκει·
3292 1734 3311 1769 ι
3333 1719 3480 1773 Διότι
3504 1721 3647 1791 ὑμεῖς

401 1817 592 1868 meum,
643 1818 981 1876 causamque
1033 1809 1304 1876 exponit:
1352 1825 1370 1857 ι
1410 1805 1684 1873 Quoniam
1714 1824 1812 1863 vos
1861 1823 1972 1864 non

399 1893 556 1948 eritis
587 1896 822 1966 populus
853 1912 1030 1964 meus,
1063 1905 1118 1952 et
1152 1914 1254 1970 ego
1275 1914 1386 1954 non
1417 1915 1539 1954 sum
1575 1907 1776 1956 vester.
1809 1900 1973 1956 :Jam

397 2001 548 2053 vero,
574 2002 643 2042 ne
669 1988 794 2058 quis
826 1989 1124 2044 arbitretur
1176 2004 1272 2044 eos
1303 2005 1334 2043 a
1361 1989 1472 2045 Deo
1492 1991 1797 2060 repudiari,
1826 1993 1976 2063 quod

399 2076 510 2130 sint
540 2087 830 2134 numeratu
864 2078 1055 2135 faciles
1127 2088 1182 2136 et
1235 2080 1532 2138 admodum
1592 2084 1776 2152 pauci,
1821 2099 1974 2139 com-

398 2167 556 2222 mode
577 2170 836 2238 apposuit
869 2190 880 2225 :

467 2257 636 2316 Vens.
677 2263 762 2316 l0.
795 2282 814 2314 ‹
844 2262 974 2318 Erat
1008 2280 1273 2321 numerus
1314 2267 1552 2323 ﬁliorum
1590 2268 1814 2324 lsraelis
1829 2264 1974 2325 sicut

395 2364 564 2404 arena
591 2353 784 2418 maris,
815 2369 937 2424 quae
968 2371 1077 2411 non
1108 2360 1541 2426 mensurabitur,
1569 2376 1745 2432 neque
1775 2377 1974 2417 nume-

396 2440 632 2497 rabitur.
678 2461 696 2494 ι
729 2445 800 2498 At
841 2460 972 2501 vero
1016 2462 1124 2502 non
1160 2449 1514 2507 multitudine
1553 2449 1698 2506 Deus
1751 2451 1970 2522 gaudet,

395 2531 494 2587 sed
524 2533 618 2588 ubi
649 2534 760 2588 duo
789 2543 883 2591 aut
920 2543 1032 2592 tres
1077 2542 1392 2611 congregati
1429 2551 1560 2598 sunt
1613 2544 1670 2598 in
1716 2543 1837 2614 ejus
1868 2559 1972 2598 no-

399 2621 566 2691 mine,
590 2624 666 2679 ibi
694 2625 749 2680 in
775 2626 964 2682 medio
981 2643 1172 2684 eorum
1195 2639 1338 2686 estP.
1369 2631 1464 2687 Sic
1488 2632 1770 2688 Noacbum
1795 2634 1974 2690 omni-

394 2715 500 2772 bus
530 2717 858 2775 mortalibus
897 2721 1172 2788 antetulit,
1199 2723 1279 2778 sic
1305 2725 1702 2790 Abrabanium,
1737 2726 1820 2782 sic
1850 2725 1969 2781 Mo-

395 2824 516 2864 sen.
576 2808 782 2866 Horum
832 2826 963 2868 vero
1035 2821 1288 2884 posteros
1341 2816 1774 2874 innumerabiles
1846 2817 1970 2874 Non

389 2901 645 2971 populum
674 2919 830 2958 suum
861 2912 1024 2960 vocat
1059 2919 1282 2976 propter
1310 2907 1669 2979 impietatem.
1699 2908 1968 2964 Cmterum

394 2995 540 3052 Deus
571 2996 890 3052 misericors
931 2997 1008 3064 id,
1037 2998 1186 3069 quod
1215 3013 1325 3054 non
1371 3016 1496 3057 esse
1534 3001 1780 3057 futurum
1811 3001 1969 3057 dixe-

391 3096 496 3150 rat,
525 3086 822 3142 confestim
850 3088 1132 3142 revocavit
1167 3089 1254 3144 his
1290 3089 1509 3144 verbis:

466 3193 485 3227 ι
513 3175 636 3230 Erit
659 3177 831 3242 enim,
868 3177 1072 3248 inquit,
1106 3177 1161 3232 in
1218 3178 1339 3234 loco
1373 3180 1464 3235 ubi
1494 3180 1700 3235 dictum
1741 3189 1826 3236 est
1859 3182 1960 3246 eis,

388 3262 509 3320 Non
545 3267 783 3336 pepulus
832 3283 988 3323 meus
1021 3283 1141 3333 vos,
1174 3269 1277 3340 ipsi
1315 3271 1660 3326 vocabuntur
1716 3271 1809 3325 lilii
1867 3271 1962 3329 Dei

387 3357 641 3413 viventis.
674 3357 865 3429 (Vsus.
896 3360 1010 3431 ll.)
1040 3359 1103 3414 Et
1135 3363 1624 3434 congregabuntur
1668 3364 1765 3419 lilii
1806 3364 1962 3420 Judaa

387 3456 442 3503 ct
471 3449 568 3504 lilii
605 3449 826 3508 lsraelis
873 3452 1038 3508 simul
1073 3473 1087 3510 :
1117 3463 1170 3509 et
1198 3457 1540 3512 constituent
1593 3457 1810 3528 1318
1853 3459 1960 3514 sibi

388 3541 760 3613 principatum
815 3559 1007 3610 unum,
1037 3555 1092 3600 et
1136 3548 1438 3603 ascendcnt
1504 3549 1574 3604 de
1624 3557 1794 3618 terra,
1829 3565 1962 3621 quo-

385 3633 535 3687 niam
567 3649 806 3707 magnus
837 3645 924 3691 est
954 3636 1078 3692 dies
1103 3634 1387 3694 Jezraelis.
1431 3657 1448 3689 ι
1488 3637 1593 3692 Per
1624 3640 1738 3694 haec
1791 3655 1955 3696 revo-

385 3726 661 3782 cationem
691 3743 722 3782 e
755 3727 1032 3800 Babylone
1070 3730 1345 3800 praedixit,
1382 3739 1437 3786 et
1470 3729 1588 3786 fore
1620 3738 1679 3784 ut
1711 3741 1838 3800 post
1867 3746 1959 3788 re-

385 3817 563 3872 ditum
593 3833 660 3874 ex
695 3833 760 3874 ea
790 3821 1014 3890 regione
1057 3835 1216 3891 reges
1265 3821 1517 3876 diversos
1564 3836 1674 3876 non
1724 3821 1960 3890 amplius

388 3911 645 3976 habeant,
695 3913 791 3968 sed
838 3913 976 3966 uniti
1011 3921 1066 3968 et
1103 3914 1514 3970 consentientes
1551 3929 1735 3984 regem
1787 3930 1958 3968 unum

388 4005 646 4061 habeant.
692 4005 758 4062 Et
799 4005 906 4061 hoc
953 4006 1175 4076 quidem
1236 4007 1519 4078 impletum
1573 4017 1660 4064 est
1713 4016 1960 4079 tempore

385 4096 762 4154 Zorobabelis.
801 4096 953 4152 Diem
984 4112 1114 4153 vero
1163 4096 1428 4152 Jezraelis
1481 4098 1777 4168 appellavit
1807 4099 1956 4153 cala-

385 4193 653 4256 mitatem,
685 4206 849 4261 quam
881 4190 1084 4262 populo
1116 4189 1338 4246 lsraelis
1390 4189 1696 4245 intulerunt
1741 4189 1955 4261 Assyrii

384 4285 440 4339 in
477 4284 620 4353 valle
649 4282 932 4340 Jezraelis.
987 4283 1125 4351 Quia
1188 4283 1334 4338 enim
1399 4298 1689 4354 magnam,
1756 4286 1956 4354 inquit,

389 4379 584 4442 postea
639 4372 748 4427 illis
806 4371 1046 4444 inﬂigam
1077 4387 1316 4443 poenam,
1349 4387 1600 4443 magnam
1651 4390 1846 4431 rursus
1874 4376 1955 4433 eis

383 4465 618 4520 salutem
641 4463 887 4530 ali‘eram,
921 4471 976 4518 et
997 4479 1025 4517 a
1052 4463 1317 4518 servitute
1347 4462 1611 4520 liberatos
1635 4464 1690 4519 in
1716 4467 1952 4536 patriam

381 4555 696 4611 restituam.

966 4644 1193 4701 CAPUT
1233 4642 1296 4699 ll.

453 4735 535 4810 [l]
563 4735 770 4793 Deinde
822 4738 903 4794 eis
941 4737 1213 4808 praecipit,
1249 4745 1308 4793 ut
1348 4739 1575 4795 mutatis
1621 4739 1788 4796 rebus
1825 4756 1951 4795 mu-

382 4838 564 4884 tentur
605 4829 849 4895 nomina,
879 4837 936 4885 et
972 4838 1202 4886 vocetur
1237 4829 1361 4885 Non
1393 4831 1644 4900 populus,
1685 4831 1952 4902 Populus,

380 4926 436 4971 et
466 4916 589 4970 Non
640 4916 859 4984 dilecta,
896 4917 1124 4974 Dilecta.
1153 4917 1265 4974 Vos
1300 4919 1471 4984 enim,
1507 4918 1604 4983 ait,
1654 4920 1748 4987 qui
1803 4919 1954 4974 salu-

383 5019 491 5066 tem
517 5009 654 5065 estis
676 5008 881 5079 adepti,
915 5018 970 5066 et
998 5011 1090 5081 qui
1119 5010 1400 5083 Babylone
1447 5011 1692 5067 rediistis
1733 5010 1953 5082 iudices

379 5109 554 5158 estote
587 5100 779 5156 matris
809 5110 1008 5158 vestrae
1040 5112 1092 5158 et
1124 5105 1254 5168 mei,
1281 5103 1387 5158 hoc
1407 5111 1492 5159 est
1545 5103 1816 5170 majorum
1853 5119 1948 5160 ve-

379 5203 648 5261 strorum,
675 5192 772 5264 qui
804 5209 932 5265 erga
954 5208 1042 5248 me
1075 5202 1464 5264 peccaverunt,
1499 5193 1646 5266 quod
1688 5194 1803 5251 haec
1838 5211 1950 5251 non

451 5357 478 5386 ⁸
506 5348 616 5407 lsa.
647 5365 857 5419 xxxv",
886 5349 975 5404 56.
1051 5357 1082 5399 P
1111 5347 1303 5403 Matth.
1333 5367 1490 5419 xvm,
1510 5350 1602 5406 20.

2080 1802 2141 1856 οὐ
2168 1801 2295 1866 λαός
2322 1819 2444 1871 μου,
2474 1802 2569 1856 καὶ
2604 1802 2714 1872 ἐγὼ
2740 1804 2840 1858 οὐκ
2887 1804 3006 1876 είμὶ
3055 1805 3232 1876 ὑμῶν.
3280 1825 3300 1860 ι
3338 1809 3450 1863 Καὶ
3475 1811 3554 1865 ἵνα
3583 1813 3643 1882 μή

2077 1911 2164 1956 τις
2193 1895 2460 1969 ὑπολάϐῃ,
2476 1896 2558 1948 ὅτι
2579 1895 2655 1960 ὡς
2684 1896 3083 1968 εὐαριθμήτους
3111 1900 3312 1965 αὐτοὺς
3336 1903 3432 1957 καὶ
3454 1902 3646 1973 ὀλίγους

2077 1985 2490 2057 ἀποπέμπεται,
2523 1987 2801 2059 ἁρμοδίως
2851 1988 3242 2059 προστέθεικεν
3272 2009 3310 2063 ογ

2150 2274 2201 2322 ι’.
2238 2285 2256 2318 ι
2290 2267 2412 2321 Ὅτι
2436 2259 2506 2337 ἦν
2531 2265 2559 2319 ό
2583 2264 2816 2338 ἀριθμὸς
2834 2264 2942 2319 τῶν
2969 2263 3106 2317 υἱῶνΔ
3135 2262 3374 2336 Ἰσραὴλ,
3391 2263 3469 2327 ὡς
3494 2265 3527 2335 ή
3553 2263 3646 2334 άμ-

2079 2376 2179 2430 μος
2205 2359 2302 2430 τῆς
2326 2358 2624 2428 θαλάσσης,
2647 2359 2680 2427 ἥ
2709 2358 2770 2410 ού
2817 2355 3218 2429 μετρηθήσεται
3243 2355 3289 2387 ⁸³
3317 2356 3440 2409 οὐδὲ
3483 2355 3644 2425 ἐξαρι-

2077 2449 2442 2520 θμηθήσεται.
2486 2467 2505 2500 ι
2555 2447 2693 2501 Ἀλλ’
2716 2447 2776 2500 ού
2809 2446 3008 2516 πλήθει
3058 2446 3240 2518 χαίρει
3266 2447 3295 2500 ό
3327 2445 3494 2509 Θεός·
3525 2447 3643 2499 ὅπου

2075 2541 2132 2595 δὲ
2162 2541 2255 2597 δύο
2303 2543 2335 2612 ἢ
2371 2544 2520 2612 τρεῖς
2557 2541 2664 2594 εἰσι
2703 2539 3038 2610 συνηγμένοι
3066 2540 3145 2602 είς
3176 2538 3236 2590 τὸ
3271 2537 3441 2591 αὐτοῦ
3467 2537 3641 2608 ὄνομα,

2076 2633 2193 2688 ἐκεῖ
2231 2634 2379 2688 ἐστιν
2411 2634 2469 2687 ἐν
2532 2633 2684 2702 μέσῳ
2735 2630 2936 2685 αὐτῶν.
2969 2629 3126 2683 Οὕτω
3155 2629 3246 2682 τὸν
3273 2629 3399 2682 Νῶε
3441 2629 3644 2682 πάντων

2074 2727 2209 2798 ὁμοῦ
2234 2727 2606 2798 προτετίμηκε
2629 2725 2737 2778 τῶν
2755 2724 2852 2778 ἀνθ
2862 2722 3058 2795 ρώπων
3077 2739 3090 2754 ·
3113 2721 3254 2776 οὕτω
3268 2721 3360 2776 τὸν
3383 2720 3642 2790 Ἀϐραὰμ,

2073 2816 2216 2872 οὕτω
2244 2817 2334 2871 τὸν
2365 2816 2568 2871 Μωσέα
2586 2815 2631 2848 ⁸⁵
2650 2832 2663 2845 ⁸
2699 2815 2825 2878 τοὺς
2846 2814 2902 2868 δέ
2951 2814 3178 2868 ἐκείνων
3204 2811 3525 2880 ἀπογόνους,
3560 2811 3643 2864 καὶ

2073 2907 2308 2979 ἀριθμὸν
2335 2907 2622 2971 νικῶντας,
2671 2908 2754 2961 Οὐ
2785 2904 2941 2960 λαὸν
2969 2904 3157 2960 αὐτοῦ
3214 2903 3370 2956 καλεῖ
3419 2902 3506 2955 διὰ
3555 2901 3643 2970 τὴν

2074 2997 2348 3052 ἀσέϐειαν.
2395 2997 2558 3050 Ἀλλά
2587 2996 2968 3067 φιλάνθρωπος
2995 2993 3070 3048 ὢν
3097 2994 3259 3059 εὐθὺς
3287 2993 3643 3048 ἀνεκαλέσατο

1999 3083 2043 3142 C
2075 3089 2175 3161 τὴν
2195 3088 2569 3159 ἐξενεχθεῖσαν
2592 3088 2887 3157 ἀπόφασιν.

2142 3200 2162 3233 ι
2206 3183 2398 3236 Ἔσται
2442 3181 2572 3251 γὰρ,
2609 3179 2774 3251 φησὶν
2799 3219 2814 3244 ,
2853 3181 2910 3233 ἐν
2973 3179 3051 3248 τῷ
3093 3179 3244 3248 τόπῳ
3278 3173 3386 3247 ﬁt"
3453 3176 3639 3249 ἐρρέθη

2064 3273 2267 3338 αὐτοῖς,
2307 3272 2382 3325 Οὐ
2440 3271 2568 3336 λαός
2606 3287 2706 3341 μου
2765 3270 2942 3341 ὑμεῖς,
3010 3269 3228 3322 αύτοὶ⁶⁶
3285 3268 3640 3339 κληθήσονται

2067 3365 2173 3418 υἱοὶ
2191 3363 2326 3418 Θεοῦ
2340 3363 2562 3428 ζῶντος.
2583 3359 2723 3432 (ια’.)
2745 3361 2857 3415 Καὶ
2873 3361 3304 3430 συναχθήσονται
3329 3360 3438 3413 υἱοὶ
3461 3357 3639 3424 Ἰούδα,

2066 3455 2163 3509 καὶ
2201 3455 2308 3508 υἱοὶ
2349 3453 2564 3525 Ἰσραὴλ
2617 3453 2710 3504 ἐπὶ
2763 3452 2825 3504 τὸ
2865 3453 3019 3516 αὐτὸ,
3060 3453 3156 3505 καὶ
3182 3450 3442 3522 θήσονται
3472 3449 3640 3512 αὐτοῖς

2064 3545 2238 3617 ἀρχὴν
2278 3546 2428 3617 μίαν,
2455 3544 2548 3598 καὶ
2601 3543 2970 3614 ἀναϐήσονται
2997 3544 3062 3596 ἐκ
3105 3544 3206 3613 τῆς
3238 3545 3365 3613 γῆς,
3397 3541 3529 3595 διότι
3555 3557 3638 3610 με·

2065 3634 2208 3705 γάλη
2239 3636 2270 3704 ή
2305 3634 2490 3705 ἡμέρα
2541 3631 2635 3685 τοῦ
2691 3631 2944 3702 Ἰεζραέλ.
2977 3651 2999 3682 ›
3027 3631 3126 3684 Διά
3170 3630 3377 3684 τούτων
3406 3630 3506 3701 τὴν
3539 3629 3639 3682 ἀπὸ

2065 3727 2384 3789 Βαϐυλῶνος
2433 3724 2733 3796 ἀνάκλησιν
2787 3723 3206 3795 προηγόρευσε,
3239 3723 3332 3777 καὶ
3372 3725 3456 3776 ὅτι
3513 3721 3638 3792 μετά

2063 3819 2162 3890 τὴν
2178 3818 2389 3872 ἐκεῖθεν
2422 3816 2678 3871 ἐπάνοδον
2718 3816 2901 3871 οὐκέτι
2936 3815 3300 3888 διῃρημένους
3340 3814 3524 3882 ἕξουσι
3553 3814 3638 3884 βα⁶

2067 3911 2270 3977 σιλέας,
2322 3909 2437 3963 ἀλλ’
2480 3909 2772 3970 ἐνωθέντες
2810 3908 2906 3962 καὶ
2953 3908 3319 3978 συναφθέντες
3359 3907 3459 3960 ἕνα
3513 3905 3635 3976 σχή-

2065 4019 2248 4056 σουσιν
2277 4001 2533 4072 ἄρχοντα.
2561 4001 2672 4055 Καὶ
2700 4000 2858 4054 τοῦτο
2887 4001 2944 4054 δὲ
2984 4000 3158 4071 πέρας
3181 3997 3372 4052 ἐλαϐεν
3420 3997 3515 4050 ἐπὶ
3538 3994 3628 4050 τοῦ

2061 4091 2386 4164 Ζοροϐάϐελ.
2425 4090 2677 4162 Ἢμέραγ
2702 4091 2759 4145 δὲ
2813 4091 2920 4147 τοῦ
2959 4090 3201 4160 Ἰεζραὲλ
3250 4089 3479 4144 ἐκάλεσε
3533 4086 3626 4157 τὴν

2061 4184 2445 4255 ἐπενεχθεῖσαν
2479 4182 2583 4236 ὑπὸ
2630 4183 2738 4237 τῶν
2783 4183 3085 4254 Ἀσσυρίων
3116 4181 3194 4252 τῷ
3255 4179 3473 4252 Ἰσραὴλ
3504 4195 3634 4248 συμ-

2060 4279 2231 4351 φοράν
2287 4279 2346 4330 ἐν
2381 4280 2447 4348 τῇ
2510 4276 2714 4330 κοιλάδι
2775 4276 2868 4329 τοῦ
2933 4275 3192 4349 Ἰεζραέλ.
3240 4273 3462 4342 Ἐπειδὴ
3511 4271 3630 4341 γὰρ,

2061 4369 2214 4440 φησὶ,
2241 4369 2483 4439 μεγάλην
2506 4368 2690 4432 αὐτοῖς
2717 4367 2906 4436 ἐπάγω
2930 4367 3225 4438 τιμωρίαν,
3269 4364 3512 4436 μεγάλης
3542 4361 3630 4415 αύ-

2059 4459 2188 4523 τοὺς
2215 4456 2430 4522 ἀξιώσω
2479 4457 2575 4510 καὶ
2624 4458 2930 4529 σωτηρίας,
2967 4458 3061 4511 καὶ
3093 4457 3192 4526 τῆς
3225 4455 3471 4520 δουλείας
3495 4453 3628 4507 ἐλευ-

2064 4550 2334 4622 θερώσας,
2363 4550 2443 4613 είς
2467 4548 2564 4620 τὴν
2594 4549 2856 4620 πατρῴαν
2883 4549 3139 4616 ἐπανάξω
3171 4547 3430 4619 πατρίδα.

2679 4641 2931 4696 ΚΕΦΑΔ.
2963 4641 3039 4696 B'.

2126 4729 2260 4788 Εἶτα
2308 4732 2742 4804 παρακελεύεται
2783 4732 2987 4796 αὐτοῖς,
3029 4732 3105 4795 ώς
3136 4732 3248 4786 τῶν
3298 4731 3628 4802 πραγμάτων

2058 4828 2359 4900 μεταϐολὴν
2391 4825 2702 4896 δεξαμένων
2733 4823 3022 4890 ἐναλλάξαι
3043 4825 3138 4877 καὶ
3172 4823 3241 4877 τά
3271 4823 3531 4893 ὀνόματα,
3545 4823 3626 4875 καὶ

2056 4920 2281 4975 καλέσαι
2336 4918 2427 4971 τὸν
2463 4918 2544 4971 Οὐ
2565 4917 2739 4982 λαὸν,
2776 4915 3018 4982 Λαὸνδτ,
3053 4915 3147 4969 καὶ
3181 4914 3283 4983 τὴν
3328 4917 3451 4968 Οὐκ
3489 4915 3626 4982 ἠγα-

2057 5007 2806 5080 πημένην,Ἠγαπημένην.
2845 5007 3036 5078 Ὑμεῖς
3064 5007 3172 5076 γάρ
3192 5045 3207 5069 ,
3237 5008 3423 5078 φησὶν,
3451 5007 3500 5058 οἱ
3535 5004 3624 5072 τῆς

2063 5103 2335 5175 σωτηρίας
2359 5102 2783 5173 ἀπολαύσαντες,
2812 5101 2908 5153 καὶ
2937 5101 3003 5152 ἐκ
3037 5097 3363 5160 Βαϐυλῶνος
3402 5094 3622 5150 ἐπανελε-

2061 5194 2265 5258 θόντες,
2294 5191 2518 5262 γένεσθε
2557 5191 2742 5264 κριταὶ
2770 5191 2872 5262 τῆς
2916 5189 3122 5263 μητρὸς
3154 5189 3309 5260 ὑμῶν
3355 5187 3451 5243 καὶ
3475 5184 3622 5258 ἐμοῦ,

1676 5487 1909 5543 VARUE
1952 5489 2355 5547 LECTIONES.

473 5578 520 5612 ⁸³
550 5579 611 5632 οὐ
655 5595 810 5651 μετρ.
865 5580 996 5638 Rec.
1033 5581 1192 5635 lectio
1228 5589 1354 5642 cst.,
1409 5580 1508 5632 οὐκ
1547 5583 1607 5633 ἐκ
1656 5580 2030 5651 ετρηθήσεται.
2108 5584 2155 5616 ⁸⁵
2180 5583 2220 5637 C
2254 5581 2513 5637 Μωῦσέα.

473 5665 514 5681 η.
567 5663 620 5681 ι-
681 5649 750 5681 an
811 5651 918 5681 IL...
972 5653 1072 5681 ιηηι
1131 5651 1160 5681 I.
1227 5651 1239 5681 l
1294 5657 1370 5681 Mi
1413 5643 1472 5681 λγ.
1589 5599 1811 5681 διο-μυί
1869 5653 2012 5681 ιηιιηη
2108 5653 2173 5681 ..ιι
2210 5653 2341 5681 0......
2398 5653 2415 5681 ι
2473 5667 2500 5681 η

1661 5648 2040 5720 «omnium,
2108 5653 2177 5710 ad
2207 5653 2364 5709 Rom.
2398 5653 2436 5708 l.
2471 5667 2522 5708 c.
2554 5659 2638 5709 est
2666 5654 2801 5707 ἐκεῖ.
2878 5648 2919 5684 ιθ
2943 5648 3088 5707 λαᾶν.
3125 5650 3271 5705 Λαιόν
3319 5648 3358 5704 C
3390 5655 3611 5711 utroque

377 5643 774 5712 llom.u,'26.'
811 5651 940 5709 Rec.
972 5653 1098 5708 lect.
1129 5651 1186 5705 lt.
1227 5651 1260 5704 l.
1294 5657 1372 5706 est
1413 5643 1494 5703 οὗ.
1589 5651 1606 5680 ⁸

380 5722 506 5774 loco
535 5717 660 5774 add.
698 5737 820 5789 μου.

2615 5583 2660 5614 ⁸⁵
2691 5571 2736 5645 ᾧ
2771 5583 2845 5636 ita
2888 5595 3107 5650 quoque
3142 5579 3309 5642 infra,
3335 5587 3396 5650 _t.
3431 5573 3511 5637 ΙΙΙ,
3549 5571 3610 5624 ad
