3912 6206
266 355 397 427 1561
1479 369 1491 380 ’
1552 376 1641 440 IN
1672 379 1851 442 OSEE

1959 386 2047 445 AP
2102 388 2181 448 ll.
3376 391 3513 458 1562

260 476 528 543 τουτέστι,
567 476 676 533 τῶν
717 480 995 551 προγόνων
1016 481 1061 516 ⁸⁸
1099 483 1207 538 τῶν
1230 486 1309 550 εἰς
1336 486 1434 557 ἐμὲ
1460 503 1842 562 παρανενομη-

1959 509 2083 550 nor
2120 512 2240 552 mea
2272 504 2326 552 et
2368 512 2475 570 ego
2504 515 2613 554 non
2651 499 2732 555 vir
2758 500 2898 572 ejus.
2936 501 3268 574 Repudium,
3311 502 3510 572 inquit,

261 569 458 664 κδτων,
489 570 571 623 δτι
592 568 731 642 αὕτη
751 572 813 626 οὗ
852 575 984 646 γυνή
1015 592 1136 645 μου,
1172 578 1264 630 καὶ
1282 577 1394 645 ἐγὼ
1422 578 1522 633 οὐκ
1557 580 1699 651 ἀνὴρ
1727 583 1826 634 αὑ⁴

1959 584 2146 641 ‘actum
2197 595 2283 644 est
2325 568 2614 646 eat—causa
2670 568 2802 663 quae
2846 592 2916 648 ab
2970 568 3061 648 illa
3116 593 3341 664 prodiit.
3383 568 3515 648 'i‘ale

261 659 379 727 τῆς.
427 660 805 729 ’Δποστάσιον,
839 665 1024 736 φησὶν,
1046 665 1261 734 ἐγένετο
1280 670 1382 740 τῆς
1411 669 1590 733 αἰτίας
1611 669 1669 737 ἐξ
1697 672 1840 725 ὲκεί-

1959 679 2223 750 luidpiam
2273 682 2590 740 invenimus
2635 692 2691 740 et
2725 685 2779 739 in
2829 685 2971 741 Isaia
3008 705 3022 741 :
3059 705 3078 738 ι
3118 685 3278 741 Nunc
3315 686 3515 741 domus

263 769 355 821 νης
383 753 779 824 γεγενημένης.
803 755 1055 810 Τοιοῦτον
1095 758 1424 829 εὑρίσκομεν
1453 761 1548 814 καὶ
1583 762 1731 835 παρά
1761 762 1840 832 τῷ

1959 767 2093 825 ludat
2128 780 2182 826 et
2235 772 2576 830 habitatores
2608 773 3020 850 Hierosolymae,
3076 779 3323 849 iudicate
3373 780 3517 832 inter

273 844 473 917 Ἡσαΐᾳ
499 847 821 917 εἰρημένον*
863 867 884 900 ι
927 849 1039 904 Καὶ
1083 849 1198 915 νῦν,
1233 846 1383 916 οἰκος
1401 852 1495 906 τοῦ
1530 852 1721 917 Ἰούδα,
1748 856 1841 909 καὶ

1959 875 2031 916 ne
2065 869 2119 917 et
2148 862 2365 919 vineam
2401 880 2599 929 meam,
2643 844 2906 936 quoniam
2952 869 3264 938 exspectavi
3292 876 3352 923 ut
3384 883 3516 938 pro-

265 935 314 989 οἰ
344 936 726 1003 κατοικοῦντες
786 939 1144 1014 Ἰερουσαλὴμ
1166 981 1182 1008 ,
1215 942 1436 1014 κρίνατε
1478 945 1538 997 ὲν
1578 945 1701 1016 ἐμοὶ
1746 944 1842 999 καὶ

1959 948 2115 1007 Ferret
2145 968 2304 1018 uvas,
2336 961 2390 1007 et
2412 953 2644 1024 protulit
2662 935 2861 1026 spinas
2877 966 2925 1008 (1.
2966 975 2984 1007 ι
3023 935 3090 1011 Et
3119 959 3224 1013 hoc
3253 935 3475 1012 loco—ait
3500 974 3513 1010 :

264 1026 539 1172 ἀναζέων
587 1027 682 1081 τοῦ
739 1030 1060 1101 ἀμπελῶνός
1113 1050 1217 1104 μου
1242 1051 1258 1066 ο
1315 1034 1449 1089 διότι
1506 1035 1699 1109 ἔμεινα
1743 1038 1838 1091 τοῦ
1875 1042 2097 1115 ποιῆσαι
2137 1044 2454 1117 σταφυλὴν,
2488 1047 2717 1120 ἐποίησε
2760 1048 2818 1102 δὲ
2850 1048 3114 1114 ἀκάνθας.
3153 1069 3173 1103 ο
3250 1051 3362 1104 Καὶ
3430 1050 3521 1102 ὲν-

264 1134 366 1171 ταυ
480 1135 644 1172 φησι*

262 1134 441 1172 ταυυα
480 1135 613 1188 φησι
629 1136 644 1151 ο

337 1206 469 1299 β’.)
500 1209 739 1281 Κρίθητι
787 1212 923 1283 πρὸς
973 1214 1073 1285 τὴν
1124 1219 1337 1287 μητέρα
1385 1217 1561 1288 ὑμῶν,
1589 1219 1838 1292 κρίθητε,

2024 1221 2183 1276 Vens.
2219 1223 2275 1279 2.
2312 1241 2332 1275 ι
2366 1222 2701 1280 Judicamini
2739 1239 2863 1280 cum
2891 1235 3069 1282 matre
3106 1234 3291 1281 vestra
3323 1247 3337 1283 :
3367 1230 3519 1299 judi-

267 1297 349 1351 ὅτι
379 1297 519 1370 αὕτη
538 1300 600 1353 οὐ
638 1302 774 1373 γυνή
833 1320 966 1374 μου,
994 1305 1093 1361 κιιιί⁵
1120 1306 1233 1376 ἐγὼ
1268 1308 1368 1362 οὐκ
1402 1308 1542 1381 ἀνὴρ
1587 1311 1776 1382 αὐτῆς.
1817 1331 1835 1363 ι

1959 1311 2169 1376 :amini,
2225 1313 2355 1382 quia
2418 1313 2532 1368 haec
2554 1329 2666 1368 non
2719 1329 2857 1369 uxor
2903 1330 3021 1370 mea
3055 1323 3108 1371 ct
3146 1332 3246 1387 ego
3285 1297 3393 1373 non
3440 1322 3521 1373 vir

268 1390 379 1444 Kal
402 1390 638 1455 δεικνὺς,
669 1393 746 1457 ὡς
771 1394 871 1449 οὐκ
919 1397 1011 1450 ἐπὶ
1050 1396 1195 1470 λύμῃ
1225 1400 1397 1471 αὐτῆς
1424 1402 1486 1456 τὸ
1513 1402 1843 1457 ἀποστάσιον

1959 1401 2088 1468 ejus.
2121 1420 2139 1453 ι
2181 1401 2248 1455 Et
2278 1409 2337 1456 ut
2358 1406 2619 1458 ostendat
2671 1405 2777 1459 hoc
2819 1406 3116 1460 divortium
3159 1421 3266 1461 non
3307 1407 3519 1464 factum

266 1484 423 1536 τοῦτο
446 1485 757 1555 πεποίηται,
792 1488 990 1558 ὲπάγει
1009 1506 1023 1519 ·
1059 1507 1079 1540 ι
1119 1492 1227 1545 Καὶ
1253 1492 1433 1565 ὲξαρῶ
1458 1493 1558 1565 τὴν
1587 1495 1843 1566 πορνείαν

1959 1490 2117 1547 luisse
2187 1493 2253 1547 ad
2321 1494 2536 1566 1319
2588 1510 2707 1551 eam
2759 1497 3115 1567 perdendam,
3176 1499 3454 1571 subjungit
3504 1519 3519 1555 :

266 1575 439 1645 αὐτῆς
464 1576 570 1630 ἀπὸ
617 1577 908 1649 προσώπου
959 1598 1082 1652 μου,
1114 1584 1209 1638 καὶ
1250 1584 1350 1657 τὴν
1394 1587 1640 1659 μοιχείαν
1671 1588 1843 1658 αὐτῆς

1959 1601 1973 1635 ι
2018 1583 2083 1638 Ει
2132 1584 2379 1640 auferam
2417 1588 2836 1643 fornicationem
2879 1589 2999 1659 ejus
3034 1605 3063 1644 a
3097 1590 3238 1646 facie
3285 1607 3429 1659 mea,
3466 1603 3523 1647 et

266 1669 331 1720 ὲκ
364 1668 529 1738 μέσου
561 1670 780 1739 μαστῶν
813 1672 1004 1742 αὐτῆς.
1035 1692 1053 1726 ι
1100 1674 1355 1730 Τοιοῦτόν
1383 1680 1500 1732 ἐστι
1535 1680 1598 1732 τὸ
1622 1679 1727 1733 ὑπὸ
1748 1678 1841 1733 τοῦ

1959 1675 2222 1731 adulteria
2259 1676 2379 1746 ejus
2401 1678 2469 1733 de
2501 1678 2682 1733 medio
2717 1680 2946 1738 uberum
2977 1681 3145 1737 illius.
3185 1700 3204 1733 ι
3230 1682 3522 1752 Ejusmodi

269 1758 543 1829 μακαρίου
576 1759 743 1812 Δαὸὶδ
783 1762 1072 1833 εἰρημένον
1098 1779 1112 1793 ·
1151 1782 1171 1817 ι
1193 1765 1424 1835 ’Λγαθόν
1468 1785 1580 1838 μοι,
1610 1768 1692 1822 ὅτι
1718 1768 1843 1822 ἐτα-

1959 1769 2035 1818 est
2064 1764 2210 1832 quod
2231 1766 2442 1821 abeato
2471 1765 2674 1823 Davide
2695 1767 2903 1824 dictum
2935 1788 2981 1824 τι
3013 1768 3224 1825 Bonum
3248 1773 3379 1827 mihi
3414 1782 3521 1835 est,

268 1849 542 1914 πείνωσάς
574 1868 661 1922 με,
695 1853 844 1916 ὅπως
872 1853 1029 1924 μάθω
1058 1855 1124 1908 τὰ
1157 1856 1501 1929 δικαιώματά
1530 1876 1646 1912 σου.
1680 1877 1699 1910 ι
1735 1859 1845 1912 Καὶ

1959 1855 2103 1925 quod
2166 1856 2547 1915 humiliaveris
2605 1876 2722 1927 me,
2772 1869 2834 1917 ut
2886 1862 3224 1919 addiscerem
3274 1864 3523 1934 justitias

264 1938 470 2012 ταύτην
502 1941 560 1996 δὲ
607 1943 878 1997 παιδεύων
929 1946 1268 2016 ὑπισχνεῖται
1313 1951 1414 2017 τῆς
1451 1949 1707 2020 πορνείας
1744 1948 1841 2002 καὶ

1962 1956 2086 2004 tuas
2106 1956 2153 2002 π.
2177 1967 2196 2000 ι
2225 1948 2377 2004 Hanc
2411 1957 2592 2006 autem
2615 1952 2957 2022 castigando,
2986 1961 3038 2008 et
3064 1969 3093 2008 a
3134 1953 3522 2016 fornicatione,

264 2032 364 2102 τῆς
418 2035 670 2104 μοιχείας
712 2036 885 2108 αὐτὴν
939 2038 1256 2112 ἐλευθεροῦν
1281 2081 1295 2106 ,
1329 2042 1427 2112 οὐχ
1454 2041 1679 2107 νάπλῶς,
1712 2042 1847 2096 ἀλλὰ

1959 2047 2002 2097 et
2040 2041 2112 2096 ab
2145 2041 2418 2096 adulterio
2447 2057 2505 2097 se
2537 2043 2900 2098 liberaturum
2952 2046 3249 2114 pollicetur
3284 2061 3301 2100 :
3339 2061 3524 2115 neque

264 2124 566 2198 πρόρριζον
606 2127 813 2199 ταύτην
861 2129 927 2182 ἐκ
969 2130 1134 2200 μέσου
1161 2131 1269 2186 τῶν
1300 2132 1521 2203 μαστῶν
1574 2134 1844 2206 ἀνασπᾷν.

263 2217 578 2288 Παραδηλοῖ
597 2217 652 2272 δὲ
684 2219 784 2289 τὴν
822 2220 1047 2291 καρδίαν
1074 2223 1173 2293 τὴν
1208 2224 1312 2277 ὑπὸ
1337 2227 1450 2288 τοῖς
1479 2230 1705 2296 μαστοῖς
1734 2244 1849 2281 κειο

268 2309 474 2379 μένην,
511 2310 571 2377 ἐξ
632 2304 700 2383 ἧς
746 2312 1132 2384 ἐκπορεύονται
1190 2315 1530 2387 διαλογισμοί
1585 2321 1845 2391 πονηροὶ,

265 2399 473 2467 φθόνοι,
538 2400 732 2471 φόνοι,
767 2406 1026 2474 μοιχεῖαι,
1081 2409 1364 2478 πορνεῖαι,
1394 2409 1490 2463 καὶ
1535 2413 1605 2463 τὰ
1640 2412 1851 2472 τούτοις

264 2492 446 2562 ὅμοια.
468 2493 749 2577 Μεγίστην
781 2495 963 2549 τοίνυν
983 2495 1170 2567 ὄνησιν
1199 2500 1232 2568 ή
1258 2499 1352 2552 τοῦ
1381 2500 1518 2555 Θεοῦ
1543 2501 1695 2575 φέρει
1722 2520 1851 2557 παι-

266 2583 405 2647 δεία,
438 2584 537 2654 τῆς
597 2586 850 2658 πορνείας
889 2586 933 2621 "
972 2588 1099 2652 τοὺς
1156 2591 1582 2663 παιδευομένους
1633 2594 1848 2648 ἐλευθε-

271 2674 465 2747 ροῦσα.
487 2676 740 2730 Διδάσκει
759 2678 816 2731 δὲ
842 2679 935 2732 καὶ
962 2680 1061 2749 τῆς
1091 2681 1340 2746 παιδείας
1363 2683 1435 2737 τά
1472 2685 1612 2755 εἴδη.

336 2776 409 2835 Υ.
447 2787 465 2820 ι
499 2770 686 2832 Ὅπως
722 2769 789 2824 ἂν
836 2771 1046 2825 ὲκδύσω
1087 2773 1260 2844 αὐτὴν
1311 2776 1550 2847 γυμνὴν,
1579 2776 1675 2832 καὶ
1712 2776 1852 2831 ἀπο-

272 2863 604 2933 καταστήσω
644 2863 814 2933 αὐτὴν
869 2864 1054 2929 καθὼς
1100 2866 1285 2937 ἡμέρα
1330 2871 1427 2940 τῆς
1456 2868 1727 2938 γενέσεως
1753 2868 1854 2924 a6-

271 2956 389 3024 τῆς.
422 2973 442 3007 ι
495 2955 751 3024 Ἠμέραν
778 2956 834 3009 δὲ
862 2958 1154 3028 γενέσεως
1187 2959 1345 3014 καλεῖ
1379 2961 1477 3033 τὴν
1506 2962 1565 3015 ὲν
1589 2961 1852 3031 Αἰγύπτῳ

1949 2129 2000 2183 id
2046 2129 2264 2193 leviter,
2302 2130 2399 2185 sed
2454 2131 2727 2186 radicitus
2787 2133 2891 2187 hoc
2914 2148 2945 2188 e
2974 2134 3153 2187 medio
3181 2135 3411 2189 uberum
3438 2149 3546 2204 re-,

1950 2222 2263 2302 vulsurum.
2304 2221 2417 2276 Cor
2466 2232 2649 2278 autem
2695 2223 2951 2295 designat
2990 2226 3094 2280 sub
3125 2225 3396 2281 uberibus
3448 2225 3526 2280 si-

1952 2314 2093 2370 tum,
2118 2325 2185 2365 ex
2218 2324 2328 2380 quo
2354 2310 2781 2382 proficiscuntur
2814 2313 3052 2383 cogitata
3086 2314 3247 2381 mala,
3283 2313 3524 2376 invidiae,

1952 2400 2274 2469 homicidia,
2310 2403 2606 2468 adulteria,
2640 2403 3064 2467 fornicationes,
3096 2413 3151 2458 et
3176 2403 3263 2459 his
3297 2403 3524 2458 similia.

1950 2489 2245 2545 Maximam
2278 2490 2450 2561 igitur
2478 2505 2636 2561 opem
2666 2493 2775 2547 fert
2803 2491 2899 2548 Dei
2932 2493 3256 2562 castigatio,
3292 2507 3398 2563 qua
3431 2493 3527 2562 qui

1950 2581 2206 2637 instructi
2277 2588 2406 2636 sunt
2455 2596 2485 2636 a
2539 2581 2910 2638 fornicatione
2975 2583 3301 2638 liberantur.
3358 2583 3528 2637 Docet

1951 2671 2120 2726 etiam
2154 2671 2542 2741 castigationis
2566 2688 2786 2742 genera.

2027 2760 2192 2817 Vens.
2219 2763 2275 2816 5.
2308 2782 2326 2814 ι
2347 2761 2417 2817 Ut
2437 2764 2733 2832 exspoliem
2752 2778 2872 2818 eam
2892 2764 3119 2828 nudam,
3154 2770 3209 2819 et
3237 2763 3526 2818 restituam
3587 2829 3591 2833 _

1952 2869 2073 2911 eam
2101 2855 2285 2926 qualis
2312 2854 2431 2920 fuit.
2463 2855 2554 2911 die
2603 2857 2911 2911 nativitatis
2942 2872 3078 2911 suae.
3132 2875 3151 2908 ›
3206 2855 3359 2909 Dicm
3399 2869 3529 2910 vero

1957 2947 2258 3001 natiuitatis
2308 2955 2472 3002 vocat
2501 2955 2718 3018 tempus
2752 2949 2898 3018 quod
2932 2948 2987 3003 in
3037 2948 3272 3021 Egypto
3336 2955 3530 3003 trans-

271 3044 571 3117 διαγωγήν.
590 3048 654 3100 'E
661 3064 729 3117 ρη
737 3065 835 3117 μον
853 3048 1045 3119 αὐτὴν,
1070 3050 1223 3121 φησὶ,
1240 3050 1339 3120 τῆς
1363 3050 1504 3122 ἐμῆς
1523 3052 1851 3123 καταστήσω

1959 3038 2083 3108 egit.
2116 3036 2420 3102 Desertam,
2466 3039 2666 3110 inquit,
2700 3040 2849 3094 illam
2907 3047 2962 3095 et
2995 3055 3115 3096 mea
3176 3039 3529 3109 providentia

272 3137 551 3206 προνοίας,
584 3138 678 3191 καὶ
713 3137 983 3192 δουλεύειν
1040 3140 1370 3213 Ἀσσυρίοις,
1406 3141 1483 3205 ὼς
1532 3142 1853 3196 ἐδούλευσεν

273 3228 615 3297 Αἰγυπτίοις,
654 3231 1077 3299 παρασκευάσω.
1136 3233 1248 3286 Καὶ
1296 3232 1509 3305 ἀνύδρῳ
1541 3233 1598 3286 δὲ
1635 3236 1708 3305 γῇ
1760 3234 1855 3287 καὶ

275 3319 470 3392 ἐρήμῳ
495 3322 882 3393 παραπλησίαν
911 3323 1083 3395 αὐτὴν
1129 3324 1424 3394 ἀποφανεῖν
1451 3326 1545 3378 καὶ
1576 3325 1854 3396 διαφθερῶ

272 3411 445 3484 αὐτὴν
480 3412 537 3465 ἐν
586 3413 748 3484 δίψει.
788 3414 1097 3469 Αἰνίττεται
1130 3415 1187 3468 δὲ
1244 3416 1334 3469 διὰ
1376 3414 1471 3469 τοῦ
1527 3415 1766 3485 δίψους,
1789 3417 1850 3470 οὐ

275 3503 438 3574 μόνον
458 3502 565 3575 ’τὴν
618 3504 711 3558 τοῦ
748 3505 939 3570 ὓδατος
979 3505 1210 3573 ἔνδειαν,
1245 3507 1382 3573 ἀλλά
1434 3507 1528 3561 καὶ
1560 3510 1660 3579 τῆς
1704 3508 1854 3572 θείας

273 3593 603 3666 κηδεμονίας
642 3595 899 3667 στέρησιν
938 3597 1006 3650 ⁸⁸.
1041 3597 1177 3650 Οὐδὲ
1215 3596 1285 3650 τὰ
1337 3596 1502 3651 τέκνα
1547 3597 1605 3650 δὲ
1661 3597 1850 3669 αὐτῆς,

274 3687 464 3757 φησὶν,
494 3686 711 3752 ἀξιώσω
742 3688 976 3757 φειδοῦς,
1001 3690 1083 3743 ὅτι
1118 3691 1183 3743 ὲκ
1203 3689 1478 3742 δυσσεόῶν
1500 3690 1848 3766 γεννηθέντα,

272 3781 375 3853 τὴν
405 3779 517 3834 τῶν
549 3781 801 3853 πατέρων
831 3783 1173 3852 ἐμιμήσαντο
1214 3781 1518 3853 βδελυρίαν.
1558 3784 1853 3850 Πορνείαν

272 3871 385 3943 γὰρ
421 3871 655 3926 ἐνταῦθα
682 3872 782 3943 τὴν
807 3873 915 3926 τῶν
944 3872 1179 3928 εἰδώλων
1224 3873 1479 3944 λατρείαν
1517 3875 1705 3928 καλείο
1752 3891 1852 3929 σα-

276 3962 546 4034 φέστερον
581 3962 639 4015 δὲ
678 3964 851 4034 αὐτῆς
894 3964 993 4035 τὴν
1027 3965 1418 4037 ἀγνωμοσύνην
1449 3965 1684 4037 ἐλέγχων
1723 3967 1853 4019 ὑπο-

272 4054 546 4110 δείκνυσιν
596 4055 767 4126 αὒτὴν
824 4055 1086 4127 λέγουσαν
1109 4098 1124 4123 ,
1164 4058 1237 4122 ὡς
1271 4062 1535 4131 προσήκει
1569 4063 1683 4125 τοῖς
1724 4062 1852 4130 ἐρα-

274 4148 434 4210 σταῖς
490 4146 849 4219 ἀκολουθῆσαι
875 4166 889 4180 ο
932 4150 1201 4214 τουτέστι,
1254 4154 1368 4215 τοῖς
1424 4152 1695 4216 εἰδώλοις·
1721 4152 1851 4223 παρ’

274 4230 353 4293 ὧν
411 4237 651 4303 ἃπασαν,
713 4239 868 4309 φησί,
906 4238 1171 4310 λαμϐάνω
1227 4240 1336 4294 τῶν
1395 4241 1704 4310 ἀναγκαίων
1754 4242 1853 4313 τὴν

274 4327 558 4398 ἀφθονίαν.
596 4328 707 4383 Καὶ
729 4328 915 4399 ἐπειδὴ
962 4329 1198 4401 ἠγνόησε
1239 4329 1330 4383 τὸν
1357 4329 1559 4400 δοτῆρα
1581 4330 1690 4385 τῶν
1714 4333 1852 4400 ἀγα-

271 4417 409 4482 θῶν,
438 4416 665 4483 εἰκότως
697 4418 892 4488 ὲπάγει
911 4435 926 4450 ’

349 4507 427 4573 ς’.
460 4527 481 4561 ι
499 4508 597 4562 Διά
618 4506 776 4562 τοῦτο
812 4510 920 4564 ίδοὺ
943 4508 1055 4579 ἐγὼ
1085 4510 1312 4581 φράσσω
1342 4507 1439 4580 τὴν
1468 4509 1585 4563 όδδν
1608 4508 1774 4581 αὐτῆς
1798 4512 1856 4563 ὲν

277 4599 523 4670 σκόλοψι,
549 4600 644 4655 καὶ
672 4602 1079 4672 ἀνοικοδομήσω
1095 4601 1193 4666 τὰς
1221 4601 1372 4665 ὁδοὺς
1403 4601 1606 4673 αὐτῆς,
1633 4601 1727 4655 καὶ
1757 4600 1856 4674 τὴν

274 4690 464 4764 τρίϐον
500 4691 672 4762 αὐτῆς
700 4692 761 4747 οὑ
805 4692 880 4763 μὴ
910 4692 1065 4764 εὕρῃ.
1115 4711 1134 4744 ι
1179 4693 1292 4746 Καὶ
1317 4691 1455 4764 αὐτὴ
1469 4692 1514 4724 ⁸³
1539 4692 1596 4745 δὲ
1625 4693 1658 4764 ἠ
1689 4710 1855 4764 τιμω-

280 4785 373 4854 ρία
406 4782 816 4856 φιλανθρωπίας
855 4786 1026 4856 μεστή
1056 4802 1070 4815 ·
1102 4784 1547 4856 πραγματεύεται
1577 4785 1684 4857 γὰρ
1713 4785 1851 4857 αὐτῇ

277 4873 491 4929 παῦλαν
522 4875 622 4946 τῆς
641 4874 963 4940 δυσσεϐείας
986 4892 1000 4905 ·
1037 4876 1283 4946 μαθοῦσα
1319 4877 1427 4948 γὰρ
1456 4880 1522 4949 τῇ
1551 4876 1717 4950 πείρᾳ
1742 4877 1852 4932 τῶν

276 4966 465 5023 κακῶν
486 4967 586 5037 τὴν
610 4968 718 5022 τῶν
739 4967 972 5022 εἰδώλων
1007 4969 1292 5025 ἀσθένειαν
1334 4969 1583 5041 (ἐκάλεσε
1614 4969 1722 5041 γὰρ
1749 4970 1850 5024 αὖα

275 5058 405 5121 τοὺς
427 5059 507 5122 εἰς
539 5060 857 5131 συμμαχίαν
887 5062 945 5115 ὲν
967 5060 1043 5132 τῷ
1076 5061 1173 5131 τῆς
1190 5062 1377 5130 ἐφόδου
1408 5060 1605 5134 καιρῷ,
1636 5060 1853 5131 καὶτῆς

274 5149 410 5218 παρ’
453 5148 633 5202 αὐτῶν
686 5150 1001 5221 ἐπικουρίας
1055 5151 1155 5203 οὐκ
1178 5149 1336 5221 ἔτυχε
1362 5166 1377 5182 ’
1421 5170 1441 5204 ι
1479 5152 1714 5223 Ζητήσει
1743 5150 1852 5222 γὰρ

274 5238 497 5306 αὐτοὺς,
531 5239 687 5310 φησὶ,
719 5241 815 5295 καὶ
846 5243 908 5296 οὑ
961 5243 1036 5314 μὴ
1088 5241 1269 5315 εὕρῃ),
1321 5260 1339 5293 ι
1374 5241 1850 5312 ἀναμνησθήσεται

272 5334 380 5404 τῆς
403 5333 553 5399 θείας
579 5335 921 5407 κηδεμονίας,
957 5337 1050 5389 καὶ
1105 5338 1252 5405 ἐρεῖ·
1296 5355 1315 5387 ι
1359 5333 1725 5405 Πορεύσομαι,
1758 5334 1850 5387 καὶ

350 5524 381 5567 1
410 5514 516 5573 Isa.
552 5533 605 5583 ν,
632 5518 686 5581 5,
720 5516 772 5571 4.
853 5525 875 5555 ῖ
902 5515 1049 5571 Psal.
1077 5528 1266 5580 cxvm,
1295 5513 1381 5566 7i.

1957 3130 2279 3186 destitutam
2313 3128 2531 3194 famam,
2565 3138 2619 3184 et
2649 3128 2972 3202 utAssyriis
3004 3131 3226 3195 serviat,
3262 3130 3530 3201 quemad-

1955 3221 2180 3276 modum
2225 3220 2456 3276 servivit
2491 3220 2790 3292 ngyptiis,
2842 3220 3093 3276 efﬁciam.
3132 3220 3197 3274 Et
3228 3221 3392 3277 siccae
3416 3229 3529 3276 ter-

1956 3324 2034 3366 rae
2083 3325 2149 3365 ac
2175 3308 2408 3365 desertae
2444 3311 2682 3365 similem
2717 3326 2837 3366 eam
2881 3311 3106 3366 reddam
3141 3329 3155 3367 :
3194 3319 3248 3366 et
3272 3311 3524 3366 occidam

1955 3413 2075 3454 eam
2105 3398 2222 3453 siti.
2273 3397 2377 3453 Per
2410 3399 2553 3453 sitim
2597 3411 2779 3454 autem
2810 3414 2921 3455 non
2966 3399 3131 3455 modo
3159 3414 3317 3469 aquae
3351 3416 3527 3470 penu-

1953 3489 2094 3543 riam
2129 3487 2331 3547 innuit.
2375 3490 2471 3544 sed
2516 3487 2718 3543 divinae
2752 3504 2972 3559 quoque
3010 3490 3376 3560 providentia:
3410 3490 3527 3560 pri-

1953 3580 2252 3635 vationem.
2291 3579 2369 3651 [4]
2406 3579 2596 3648 Neque
2646 3582 2773 3637 liliis
2824 3581 2966 3650 ejus,
3026 3582 3230 3651 inquit,
3280 3595 3524 3650 parcam,

1954 3669 2082 3739 quia
2118 3687 2182 3725 ex
2212 3670 2399 3739 impiis
2426 3671 2674 3741 prognati
2702 3676 2918 3740 patrum
2949 3671 3254 3740 nequitiam
3283 3670 3527 3724 mmulati

1954 3769 2103 3817 sunt.
2153 3759 2585 3817 [fornicationem
2648 3763 2795 3817 enim
2851 3762 2942 3816 hic
2988 3761 3259 3817 idolorum
3317 3763 3527 3816 cultum

1953 3863 2134 3910 vocat.
2177 3853 2253 3926 [5]
2286 3853 2353 3909 Et
2376 3862 2436 3909 ut
2486 3854 2706 3925 planius
2754 3854 2877 3924 ejus
2942 3854 3226 3924 perﬁdiam
3278 3852 3528 3915 damnet,

1955 3946 2172 4001 inducit
2205 3960 2326 4002 eam
2364 3944 2664 4011 dicentem,
2697 3955 2960 4016 oportere
3008 3955 3287 4000 amatores
3324 3945 3532 4014 aequi,‘

1954 4038 2060 4094 hoc
2089 4047 2192 4102 est,
2230 4037 2406 4105 idola,
2448 4052 2479 4091 a
2517 4037 2718 4107 quibus
2771 4037 3042 4103 omnium,
3092 4036 3292 4106 inquit,
3333 4049 3530 4090 neces-

1954 4131 2232 4184 sariorum
2289 4128 2632 4185 abundantia
2692 4129 2828 4182 mihi
2866 4136 2971 4185 est.
3030 4128 3245 4197 1320
3291 4126 3357 4180 Et
3395 4140 3531 4194 quo-

1952 4220 2105 4276 niam
2130 4220 2403 4275 bonorum
2425 4217 2670 4274 datorem
2699 4217 3000 4289 ignoravit,
3025 4218 3224 4271 merito
3245 4215 3527 4286 adjungit:

2031 4503 2199 4560 Vens.
2234 4503 2288 4558 6.
2328 4522 2348 4555 ι
2387 4501 2684 4572 Propterea
2725 4513 2857 4556 ecce
2883 4511 2987 4569 ego
3021 4497 3175 4568 sepio
3231 4496 3377 4552 viam
3408 4495 3530 4566 ejus

1958 4597 2190 4653 sudibus
2216 4615 2231 4650 :
2257 4603 2312 4651 et
2341 4595 2630 4650 obstruam
2659 4593 2781 4649 vias
2805 4591 2978 4656 illius,
3015 4601 3071 4646 et
3098 4589 3348 4647 semitam
3372 4604 3529 4645 suam

1956 4707 2065 4747 non
2122 4688 2379 4745 inveniet.
2421 4707 2440 4741 ι
2482 4686 2610 4743 Haec
2670 4702 2894 4758 quoque
2940 4686 3083 4740 ultio
3131 4682 3531 4739 misericordia:

1954 4784 2118 4855 plena
2147 4791 2251 4847 est,
2277 4796 2400 4852 quae
2424 4795 2490 4836 eo
2508 4777 2685 4836 tendit
2710 4787 2773 4834 ut
2801 4778 3142 4849 impietatem
3165 4776 3287 4846 ejus
3310 4788 3531 4830 cessare

1958 4873 2125 4927 faciat
2145 4890 2159 4926 :
2179 4872 2397 4941 cognita
2411 4870 2556 4926 enim
2581 4885 2679 4941 per
2701 4869 2971 4924 malorum
2990 4865 3386 4938 experientiam
3405 4864 3528 4918 ido-

1958 4965 2137 5018 lorum
2199 4962 2485 5018 debilitate
2535 4960 2657 5034 ([7]
2714 4958 3030 5031 imploravit
3108 4958 3259 5013 enim
3338 4970 3529 5012 eorum

1959 5056 2229 5111 auxilium
2255 5061 2502 5125 tempore
2537 5052 2933 5119 tribulationis,
2964 5059 3019 5108 et
3044 5051 3430 5122 adjumentum
3458 5049 3529 5104 ab

1957 5149 2040 5206 eis
2087 5154 2391 5204 consecuta
2425 5161 2535 5201 non
2583 5152 2711 5201 est:
2745 5163 2765 5197 ι
2810 5144 3028 5210 Quaeret
3049 5144 3199 5200 enim
3231 5142 3382 5208 illos,
3443 5140 3527 5193 in-

1958 5243 2099 5314 quit,
2129 5248 2184 5297 et
2238 5254 2344 5294 non
2383 5238 2628 5293 inveniet
2662 5236 2732 5307 ι),
2785 5234 3155 5291 Providentia:
3180 5232 3382 5289 divina:
3435 5243 3527 5281 re-

1956 5335 2300 5401 cordabitur,
2317 5341 2374 5390 et
2405 5331 2585 5388 dicet:
2621 5350 2640 5384 ι
2666 5330 2873 5387 Vadam
2905 5338 2957 5387 et
2982 5335 3228 5387 revertar
3260 5323 3329 5379 ad
3349 5320 3526 5376 virum

1582 5673 1812 5728 VARUS
1842 5668 2243 5725 LECTlONES.

1155 5772 1196 5804 ⁵⁵⁵
1228 5772 1266 5827 C
1306 5769 1588 5839 πονηρίας.

379 5770 429 5807 ⁵⁸
464 5790 625 5846 προγ.
658 5773 698 5829 C
726 5773 849 5829 add.
880 5773 1050 5841 ὑμῶν.

1670 5769 1715 5801 ³ο
1753 5768 1900 5838 στὲρ.
1945 5766 1982 5819 C
2020 5780 2206 5835 punctu.
2237 5764 2359 5835 τὴν.

2439 5763 2480 5794 ⁸¹
2516 5760 2556 5816 C
2589 5760 2750 5830 αὕτη,
