3912 6206
576 359 710 427 1567

1562 351 2048 413 THEODORETI
2071 348 2405 411 EPISCOPI
2445 346 2808 408 CYRENSIS

3682 335 3803 402 1568

646 464 813 518 Vnus.
864 460 954 514 9.0.
991 477 1009 511 ι
1063 459 1128 513 Ει
1172 456 1523 529 desponsabo
1548 467 1599 512 te
1650 456 1867 511 mibiin
1915 456 2039 520 ﬁde,
2088 461 2143 508 et

2315 462 2384 509 κ’.
2415 475 2433 507 ι
2474 456 2585 509 Καὶ
2614 449 3021 524 μνηστεύσομαί
3052 465 3113 502 σε
3135 444 3361 518 ἐμαυτῷ
3386 443 3447 498 ἐν
3484 445 3691 505 πίστει,
3723 446 3802 499 καὶ

573 567 873 625 cognosces
892 550 1208 607 Dominum.
1242 569 1263 603 ι
1292 549 1417 603 Sola
1446 548 1589 602 enim
1618 546 1752 602 ﬁdes
1773 548 1840 601 ab
1871 546 1938 600 iis
1963 546 2146 602 statim

574 643 887 713 reposcitur
940 640 1037 701 qui
1069 639 1362 701 accedunt,
1391 654 1515 693 nam
1564 636 1782 706 iustitia
1816 642 1943 690 sunt
1975 634 2146 689 desti-

574 736 680 789 tuti
716 740 773 788 et
826 732 985 785 vacui
1016 749 1030 786 :
1068 745 1190 786 eam
1226 738 1410 785 autem
1436 728 1717 798 accipiunt
1740 741 1837 796 per
1867 727 2146 780 lavacrum

575 823 1016 894 regenerationis
1062 837 1093 875 a
1138 820 1248 877 Deo
1300 818 1602 874 Salvatore.
1653 817 1760 883 Qui
1820 831 1951 872 vero
1989 814 2147 893 ﬁdem

577 913 841 984 pessidet,
869 912 927 968 in
960 911 1055 966 Dei
1097 912 1374 967 notionem
1404 911 1571 965 venit.
1618 907 1732 980 [21]
1781 908 1911 963 Post
1959 907 2150 977 praesi-

575 1004 979 1073 gniﬁcationem
1032 1011 1366 1058 aeternorum
1440 1002 1711 1056 bonorum
1768 998 2015 1069 praedicit
2071 998 2150 1053 eis

577 1108 1096 1164 quoquecorporea
1134 1092 1351 1163 1324
1381 1092 1546 1146 dona.
1574 1090 1786 1145 Etenim
1813 1105 1937 1144 cum
1967 1097 2153 1145 essent

579 1186 785 1241 terreni
841 1194 898 1241 et
944 1186 1114 1239 humo
1153 1184 1320 1249 aﬁixi,
1354 1185 1440 1240 his
1479 1184 1655 1253 magis
1697 1197 1863 1253 quam
1899 1182 2011 1236 illis
2056 1180 2152 1236 da-

580 1279 711 1333 bant
739 1291 987 1346 operam.
1018 1275 1298 1330 Promittit
1327 1292 1458 1346 ergo
1513 1291 1573 1330 se
1613 1275 1851 1345 pluviam
1898 1272 2154 1343 suppedi-

579 1377 822 1422 taturum
859 1381 984 1422 esse
1013 1366 1269 1436 desuper,
1313 1374 1368 1421 et
1397 1367 1832 1428 elaboraturum,
1889 1370 1950 1417 ut
2009 1372 2153 1419 terra

575 1458 846 1530 producat
884 1459 1048 1521 bona,
1081 1472 1207 1512 cum
1241 1458 1358 1510 ait:

659 1567 677 1601 ι
712 1546 1013 1602 Exaudiam
1063 1547 1289 1610 cmlum,
1351 1546 1551 1602 coelum
1612 1544 1870 1601 exaudiet
1927 1553 2151 1601 terram.

582 1638 775 1701 (Vsus.
814 1638 931 1710 22.)
968 1637 1033 1691 Et
1063 1646 1207 1693 terra
1240 1636 1495 1692 exaudiet
1526 1635 1896 1702 frumentum,
1929 1638 2117 1691 vinum
2138 1672 2154 1699 ,

2248 545 2523 619 ἐπιγνώσῃ
2543 546 2631 598 τὸν
2658 544 2912 613 Κύριον.»
2946 539 3134 593 Πίστιν
3158 536 3269 608 γὰρ
3297 534 3463 598 εὐθὺς
3484 534 3538 587 οῖ
3567 535 3803 605 προσιόν-

2247 656 2338 702 τες
2367 637 2717 692 ἀπαιτοῦνται
2750 634 2915 703 μόνην
2935 649 2949 662 ·
2979 628 3329 697 δικαιοσύνης
3356 627 3472 698 γάρ
3503 626 3641 680 εἶσιν
3692 624 3803 697 ἔρη-

2253 747 2373 800 μοι·
2400 728 2642 800 δέχονται
2684 727 2742 780 δέ
2766 724 2971 794 ταύτην
2998 722 3087 776 διὰ
3126 719 3227 791 τῆς
3246 718 3343 772 τοῦ
3369 718 3602 788 λουτροῦ
3632 719 3804 786 παλιγ-

2250 821 2518 889 γενεσίας,
2550 818 2698 889 παρά
2727 816 2822 870 τοῦ
2852 814 3155 875 σεσωκότος
3182 809 3319 865 Θεοῦ
3336 825 3351 841 ⁸
3376 811 3407 862 ὁ
3432 809 3491 862 δέ
3519 809 3622 878 τὴν
3643 809 3804 863 πίστιν

2250 911 2535 981 κτώμενος
2561 910 2618 961 ἐν
2648 905 2941 976 ἐπιγνώσει
2973 898 3303 971 γίνετακτοῦ
3343 896 3635 951 Δεσπότου.
3671 899 3804 951 Μετά

2249 1002 2428 1055 τοίνυν
2460 999 2556 1071 τὴν
2584 1000 2888 1070 πρόρρησιν
2925 994 3036 1049 τῶν
3059 991 3291 1047 αἰωνίων
3321 988 3545 1057 ἀγαθῶν
3584 990 3674 1042 καὶ
3720 989 3803 1052 τὰς

2256 1089 2571 1161 σωματικὰς
2626 1089 2809 1150 αὐτοῖς
2848 1084 3056 1156 δωρεὰς
3105 1077 3508 1150 προαγορεύει’
3561 1077 3802 1148 περίγεια

2251 1183 2363 1254 γὰρ
2388 1181 2537 1243 ὄντες
2559 1179 2653 1233 καὶ
2678 1175 3029 1249 χαμαίζηλοι,
3060 1172 3271 1234 τούτοις
3300 1168 3505 1240 μᾶλλον
3534 1167 3568 1237 ἢ
3597 1168 3802 1233 ἐκείνοις

2256 1276 2542 1347 προσεῖχον
2562 1292 2576 1305 ο
2612 1273 2951 1342 ὑπισχνεῖται
2992 1266 3176 1320 τοίνυν
3205 1262 3466 1335 χορηγεῖν
3502 1261 3601 1330 μὲν
3622 1261 3800 1317 ἄνωθεν

2255 1365 2430 1428 ὑετὸν,
2465 1362 2900 1436 παρασκευάζειν
2923 1360 2981 1414 δέ
3010 1358 3108 1430 τὴν
3134 1356 3236 1427 γῆν
3258 1351 3563 1424 βλαστῆσαι
3589 1352 3653 1406 τὰ
3681 1355 3798 1422 ἀγα-

2257 1455 2345 1513 θά.
2380 1454 2549 1509 Τοῦτο
2570 1453 2680 1526 γὰρ
2708 1452 2888 1522 λέγει·

2333 1565 2353 1600 ι
2396 1546 2801 1615 Ἐπακούσομαι
2832 1543 2910 1613 τῷ
2942 1541 3180 1614 οὐρανῷ,
3215 1544 3310 1597 καὶ
3342 1541 3576 1615 οὐρανὸς
3598 1535 3799 1593 ἐπακού-

2259 1656 2410 1693 σεται
2438 1640 2504 1709 τῇ
2535 1639 2626 1708 γῇ.
2645 1635 2797 1707 (κβ’.)
2822 1635 2982 1704 Καὶή
3010 1634 3081 1705 γῆ
3106 1635 3469 1688 ἐπακούσεται
3491 1631 3570 1703 τῷ
3605 1631 3646 1663 ⁸⁷
3670 1630 3795 1699 σίτῳ,

581 1740 637 1783 et
686 1731 885 1795 oleum,
935 1735 988 1782 et
1041 1730 1157 1784 hac
1198 1729 1497 1784 exaudient
1532 1726 1852 1785 Jezraelem.
1890 1748 1910 1781 ι
1950 1728 2156 1784 Deinde

2260 1730 2352 1784 καὶ
2379 1730 2457 1798 τῷ
2484 1730 2628 1799 οἴνῳ,
2682 1727 2776 1781 καὶ
2810 1727 2888 1795 τῷ
2917 1724 3101 1795 ἐλαίῳ,
3134 1726 3228 1779 καὶ
3257 1725 3434 1780 ταῦτα
3469 1722 3799 1777 ἐπακούσεται

583 1839 780 1880 rursus
813 1822 1079 1878 admiscet
1108 1819 1441 1892 spiritualia.

656 2002 823 2061 Vens.
865 2006 957 2060 23.
992 2024 1010 2056 ι
1045 2003 1113 2061 Et
1152 2003 1438 2060 seminabo
1477 2018 1599 2057 eam
1642 2002 1775 2057 mihi
1828 2016 1995 2073 super
2048 2011 2159 2058 tero

585 2113 724 2153 ram.
772 2116 790 2148 ι
841 2096 953 2151 Hoc
982 2105 1088 2162 est,
1128 2093 1327 2149 faciam
1351 2107 1471 2149 eam
1502 2107 1695 2162 agrum
1749 2108 1911 2163 quem
1940 2094 2114 2147 colam
2139 2132 2155 2158 ,

582 2197 641 2242 et
666 2187 893 2256 iustitiae
919 2185 1130 2240 semina
1161 2198 1362 2238 seram.
1400 2201 1420 2235 ι
1457 2181 1522 2235 Et
1545 2181 1848 2237 miserebor
1872 2181 2013 2252 ejus,
2039 2195 2159 2251 quae

587 2278 1020 2331 misericordiam
1054 2290 1162 2330 non
1198 2283 1284 2330 est
1315 2274 1535 2343 adepta,
1590 2281 1646 2329 et
1686 2273 1864 2327 dicam
1913 2271 2031 2327 Non
2059 2286 2159 2343 po-

588 2368 716 2436 pulo
744 2381 904 2421 meo:
938 2366 1185 2436 Populus
1229 2379 1382 2422 meus
1417 2378 1479 2419 es
1506 2371 1606 2430 tu;
1647 2372 1700 2419 et
1729 2363 1845 2433 ipse
1876 2362 2059 2418 dicet:
2094 2363 2160 2416 Et

588 2456 731 2512 Deus
772 2473 924 2513 meus
963 2471 1023 2511 es
1048 2464 1128 2513 tu.
1169 2472 1191 2507 ι
1224 2453 1348 2510 Haec
1379 2452 1599 2524 quidem
1638 2451 1870 2523 ﬁgurate
1903 2452 2007 2507 sub
2059 2450 2161 2505 Zo—

586 2548 848 2602 robabcle
880 2546 1202 2602 acciderunt
1231 2564 1245 2600 :
1284 2559 1474 2601 revera
1508 2554 1713 2611 autem,
1750 2553 1872 2614 post
1901 2544 2161 2599 incarna-

587 2637 790 2693 tionem
840 2636 1049 2692 Christi
1094 2635 1341 2702 Domini,
1393 2652 1519 2690 cnm
1553 2635 1659 2692 sibi
1712 2633 2015 2691 Ecclesiam
2063 2634 2159 2689 de-

588 2725 814 2795 spondit
846 2726 901 2779 in
934 2733 1202 2781 aeternum
1231 2745 1243 2778 :
1274 2732 1388 2777 tum
1424 2725 1568 2779 enim
1598 2725 1693 2792 qui
1730 2724 1783 2777 in
1814 2739 1937 2778 eum
1978 2722 2162 2779 credi-

586 2814 813 2881 derunt,
845 2816 1079 2884 p0pulns
1108 2813 1287 2869 ﬁdelis
1319 2829 1447 2870 vere
1484 2814 1662 2869 vocati
1689 2822 1837 2881 sunt,
1885 2814 2003 2885 ipse
2032 2828 2164 2869 vero

585 2920 816 2970 eorum,
865 2907 959 2975 qui
1007 2921 1074 2962 ex
1125 2905 1311 2962 animo
1354 2907 1739 2974 crediderunt,
1786 2914 2013 2963 vocatus
2059 2905 2163 2962 fuit

590 2995 757 3052 Deus.

954 3057 987 3075 ἣ

1173 3092 1190 3111 ⁹
1220 3087 1450 3145 CAPUT
1481 3087 1574 3144 ΙΙΙ.

660 3171 738 3246 [1]
771 3174 901 3230 Post
927 3175 1043 3231 haec
1075 3177 1345 3232 bonorum
1378 3179 1649 3248 promissa
1678 3185 1732 3233 et
1787 3178 2114 3247 sponsiones
2141 3219 2158 3245 ,

590 3263 734 3321 Deus
762 3282 957 3322 rursus
990 3269 1311 3338 prophetam
1333 3270 1587 3324 hortatur
1619 3278 1679 3324 ut
1718 3272 2003 3327 mulierem
2058 3272 2160 3326 ad-

590 3354 823 3410 ulteram
878 3364 932 3411 et
987 3357 1041 3411 in
1095 3359 1397 3415 Sceleribus
1452 3370 1763 3417 versantem
1823 3362 2051 3433 diligat,
2105 3371 2163 3418 ut

590 3444 790 3499 iterum
827 3462 923 3516 per
955 3463 1044 3504 res
1071 3450 1326 3504 exhibeat
1353 3452 1640 3522 imaginem
1668 3462 1722 3508 et
1748 3453 1975 3526 efﬁgiem
2009 3471 2161 3511 sum-

589 3535 661 3589 mi
696 3552 823 3606 erga
854 3538 1108 3610 indignos
1138 3542 1306 3597 divini
1336 3545 1563 3600 amoris.
1605 3565 1623 3597 ι
1671 3544 1826 3602 Sicut
1855 3549 2000 3603 enim
2037 3548 2166 3604 dili-

586 3626 690 3695 git.
721 3627 922 3698 inquit,
979 3630 1247 3690 Dominus
1278 3634 1430 3691 ﬁlios
1466 3634 1706 3702 lsraelis,
1755 3647 1809 3693 et
1838 3640 1941 3710 ipsi
1991 3642 2165 3711 respi—

587 3718 741 3772 ciunt
761 3720 831 3775 ad
853 3721 987 3780 deos
1016 3725 1228 3780 alienos
1281 3726 1493 3796 1325
1540 3737 1594 3783 et
1638 3739 1824 3782 amant
1885 3731 2163 3799 placentas

587 3822 713 3864 cum
744 3811 997 3868 vinaciis.
1045 3831 1065 3865 ι
1135 3814 1400 3871 Homines
1453 3816 1618 3871 idolis
1669 3816 1837 3872 dediti
1890 3821 2162 3890 ejusmodi

589 3900 841 3971 quaedam
889 3902 1070 3958 facere
1122 3904 1395 3959 solebant.
1453 3904 1532 3974 [2,
1587 3904 1641 3977 5]
1704 3906 1979 3977 Propheta
2029 3926 2159 3967 vero

589 3993 844 4064 protinus
873 3994 1199 4063 imparatum
1242 3996 1489 4064 perfecit,
1535 4004 1593 4051 et
1629 4010 1792 4066 quam
1856 4001 2159 4056 mercedem

589 4085 803 4140 mulieri
829 4085 1108 4156 pollicitus
1148 4085 1312 4141 fuerit
1355 4089 1606 4155 exponit,
1656 4096 1710 4141 et
1754 4103 1894 4156 quas
1942 4105 2067 4144 cum
2099 4108 2162 4147 ea

588 4178 877 4246 pactiones
903 4177 1187 4249 pepigerit.
1218 4176 1335 4230 Dixi
1366 4177 1511 4232 enim
1534 4182 1606 4245 ei,
1631 4179 1831 4249 inquit,
1863 4189 1921 4235 ut
1948 4197 2161 4240 omnem

588 4268 751 4322 aliam
785 4278 981 4339 praeter
1009 4282 1094 4322 me
1143 4268 1463 4323 societatem
1519 4267 1753 4341 fugeret,
1786 4272 2028 4344 mihique
2067 4279 2161 4331 uni

588 4373 650 4414 se
682 4359 950 4429 integram
1010 4368 1279 4415 servaret.
1349 4358 1604 4416 Ostendit
1665 4370 1855 4433 postea
1908 4366 2161 4439 imaginis

587 4452 893 4520 exemplar.

656 4539 822 4598 Vsus.
854 4543 908 4596 4.
941 4560 959 4594 ι
1002 4541 1141 4609 Quia
1174 4541 1371 4600 diebus
1404 4546 1612 4611 multis,
1646 4548 1845 4619 inquit,
1875 4550 2149 4608 sedebant

588 4631 685 4684 ﬁlii
715 4630 936 4687 lsraelis
960 4633 1080 4687 sine
1101 4647 1246 4702 rege,
1277 4633 1393 4689 sine
1417 4635 1684 4706 principe,
1711 4639 1832 4693 sine
1859 4640 2156 4707 sacrificio,

587 4723 709 4777 sine
732 4724 911 4787 altari,
930 4725 1053 4779 sine
1074 4725 1402 4793 sacerdotio,
1422 4728 1543 4782 sine
1563 4730 2118 4790 manifestationibus.
2133 4752 2153 4786 ι

587 4806 1058 4879 Quemadmadum
1088 4817 1233 4872 enim
1267 4819 1382 4883 illa,
1433 4821 1630 4890 inquit,
1679 4825 1956 4893 prioribus
2006 4840 2161 4880 ama-

2187 1793 2229 1848 B
2257 1820 2338 1890 τῷ
2381 1793 2621 1891 Ἰεζραέλ
2649 1818 2717 1872 ⁸⁸.
2760 1836 2778 1869 ι
2817 1793 2950 1875 Είτα
2995 1793 3160 1870 πάλιν
3212 1816 3545 1886 ἀναμίγνυσι
3573 1814 3639 1866 τὰ
3666 1828 3798 1865 mu-

2261 1908 2485 1980 ματικά.

2327 2002 2478 2071 σιγης(
2509 2001 2617 2055 Καὶ
2651 1999 2837 2070 σπερῶ
2865 1998 3032 2071 αὐτὴν
3062 1997 3282 2069 ἐμαυτῷ
3307 1998 3402 2050 ἐπὶ
3424 1996 3532 2066 γῆς
3552 1996 3643 2049 ⁶⁹.ι
3666 1993 3796 2047 Τουτ-

2258 2091 2394 2158 έστι,
2426 2089 2690 2162 γεώργιον
2710 2089 2877 2160 αὐτὴν
2904 2089 3128 2161 ἐμαυτῷ
3152 2088 3200 2120 ¹¹⁹
3218 2086 3506 2157 ἀποφανῶ,
3530 2086 3622 2139 καὶ
3643 2086 3702 2138 τὰ
3715 2086 3794 2153 τῆς

2256 2181 2601 2252 δικαιοσύνης
2651 2181 2958 2245 καταβαλῶ.
2995 2199 3014 2233 ι
3068 2181 3179 2234 Καὶ
3231 2178 3441 2246 ἐλεήσω
3484 2178 3526 2208 ⁷⁸
3581 2176 3674 2245 τὴν
3713 2175 3791 2227 οὒκ

2256 2272 2586 2344 ὴλεημένην,
2622 2273 2719 2326 καὶ
2748 2272 2857 2343 ἐρῶ
2890 2273 2934 2304 ⁷⁸
2970 2270 3049 2342 τῷ
3079 2272 3154 2325 Οὐ
3186 2270 3302 2340 λαῷ
3357 2287 3460 2341 μου
3480 2286 3497 2302 °
3530 2267 3663 2330 Λαός
3710 2281 3788 2335 μου

2258 2360 2310 2417 εἶ
2346 2363 2410 2418 σύ
2432 2379 2445 2393 ·
2497 2365 2591 2417 καὶ
2620 2364 2778 2427 αὐτὸς
2829 2365 2976 2435 ἐρεῖ·
3016 2363 3127 2417 Καὶ
3157 2364 3186 2416 ὁ
3214 2362 3261 2395 ⁷³
3288 2361 3421 2424 Θεός
3452 2377 3554 2430 μου
3597 2354 3645 2411 εί
3670 2359 3739 2410 σύ.
3768 2375 3784 2406 ι

2259 2455 2448 2510 Ταῦτα
2482 2456 2579 2526 μὲν
2605 2455 2849 2519 τυπικῶς
2877 2457 2967 2510 ἐπὶ
2997 2456 3090 2510 τοῦ
3122 2455 3429 2525 Ζοροϐάϐελ
3460 2451 3668 2523 συνέϐη·
3693 2448 3788 2503 κατ’

2258 2546 2518 2619 ἀλήθειαν
2546 2547 2623 2613 δὲ,
2660 2547 2801 2618 μετὰ
2832 2549 2932 2618 τὴν
2958 2547 3372 2619 ἐνανθρώπησιν
3418 2546 3515 2599 τοῦ
3561 2545 3787 2597 Δεσπότου

2259 2636 2519 2711 Χριστοῦ,
2565 2638 2653 2691 ὅτε
2685 2639 2776 2692 καὶ
2818 2638 3225 2710 ἐμνηστεύσατο
3256 2640 3355 2708 τὴν
3397 2635 3705 2706 Ἐκκλησίαν
3726 2636 3787 2695 ei;

2261 2731 2352 2786 τὸν
2380 2732 2554 2786 αίῶνα
2574 2748 2587 2761 ·
2617 2733 2737 2785 τότε
2769 2732 2877 2801 γὰρ
2913 2731 3007 2784 καὶ
3031 2731 3082 2784 οί
3110 2729 3544 2792 πεπιστευκότες
3565 2730 3637 2791 είς
3660 2725 3788 2781 αύτίιν

2261 2820 2389 2884 λαὸς
2444 2819 2633 2883 πιστὸς
2687 2818 2901 2891 ἀληθῶς
2954 2818 3348 2890 ἐχρημάτισαν,
3381 2818 3477 2871 καὶ
3512 2816 3661 2879 αὐτὸς
3686 2815 3789 2867 εἱλι-

2261 2908 2461 2983 κρινῶς
2522 2910 2633 2965 τῶν
2707 2912 2785 2973 εἱς
2838 2909 2997 2964 αὐτὸν
3062 2908 3504 2963 πεπιστευκότων
3559 2904 3787 2974 ἐπεκλήθη

2262 3003 2416 3068 Θεός.

2861 3096 3113 3150 ΚΕΦΔΛ.
3178 3095 3254 3150 Γ’.

2334 3188 2487 3243 Μετὰ
2513 3188 2717 3253 ταύτας
2745 3190 2852 3243 τῶν
2903 3187 3125 3257 ἀγαθῶν
3151 3188 3247 3252 τὰς
3298 3186 3644 3257 ἐπαγγελίας,
3669 3180 3792 3244 αὖθις

2264 3279 2293 3333 δ
2334 3279 2465 3342 Θεὸς
2506 3278 2585 3350 τῷ
2635 3282 2889 3352 προφήτῃ
2934 3278 3370 3350 παρακελεύεται
3422 3277 3552 3348 περὶ
3604 3277 3792 3344 γυναῖκα

2263 3371 2573 3441 διατεθῆναι
2621 3370 2970 3443 μοιχεύτριαν
3003 3371 3097 3424 καὶ
3147 3369 3384 3441 πονηρία
3438 3368 3693 3433 συζῶσαν,
3728 3365 3793 3417 iv;

2266 3458 2429 3513 πάλιν
2458 3459 2643 3514 εἰκόνα
2675 3459 2825 3532 δείξῃ
2872 3459 2963 3513 διὰ
3012 3459 3121 3512 τῶν
3154 3457 3498 3530 πραγμάτων
3540 3457 3635 3527 τῆς
3678 3456 3791 3514 θείας

2266 3549 2397 3621 περὶ
2437 3551 2561 3614 τοὺς
2608 3549 2860 3617 ἀναξίους
2906 3549 3306 3621 φιλοστοργίας.
3340 3568 3362 3602 ι
3402 3548 3601 3611 Καθὼς
3644 3547 3792 3615 ἀγαπᾷ

2265 3642 2398 3713 γὰρ,
2450 3642 2634 3712 φησὶν,
2686 3643 2715 3694 ὁ
2748 3641 2877 3704 Θεὸς
2921 3642 3049 3705 τοὺς
3104 3640 3253 3703 υἱοὺς
3296 3640 3533 3712 Ἰσραὴλ,
3564 3640 3648 3693 καὶ
3676 3635 3793 3691 ani-.01

2267 3731 2664 3787 ἀποϐλέπουσιν
2708 3733 2789 3795 είς
2822 3730 2868 3763 ⁷⁴
2902 3730 3058 3794 θεοὺς
3113 3729 3452 3800 ἀλλοτρίους,
3488 3730 3585 3783 καὶ
3619 3714 3790 3797 φιλοῦσι

2266 3824 2530 3894 πέμματα
2564 3822 2701 3894 μετά
2736 3823 3004 3892 σταφίδων
3032 3824 3131 3875 ⁷⁵.»
3163 3821 3402 3875 Τοιαῦτα
3434 3822 3489 3876 δέ
3525 3838 3639 3875 τινα
3658 3834 3788 3872 καειιι⁸

2267 3915 2552 3979 σκευάζειν
2599 3913 2881 3967 εἱώθεισαν
2930 3913 2980 3965 οί
3023 3915 3135 3976 τοῖς
3183 3910 3423 3974 εἰδώλοις
3469 3910 3797 3980 ἀνακείμενοι-

2265 4004 2587 4075 Παραυτίκα
2617 4004 2673 4056 δὲ
2716 4004 2775 4057 τὺ
2818 4003 3160 4075 προσταχθὲν
3213 4004 3293 4067 είς
3338 4002 3515 4074 πέρας
3559 4003 3739 4072 ἢγαγεν
3773 4000 3795 4051 ὁ

2265 4098 2569 4167 προφήτης,
2618 4097 2713 4149 καὶ
2762 4095 2908 4165 λέγει
2961 4095 3081 4148 τίνα
3133 4112 3193 4148 τε
3240 4094 3432 4166 μισθὸν
3476 4091 3795 4164 ύπέσχετοτῇ

2263 4188 2505 4255 γυναικὶ,
2548 4188 2641 4241 καὶ
2663 4187 2820 4250 ποίας
2853 4185 2990 4256 πρὸς
3018 4185 3188 4256 αὐτὴν
3219 4186 3514 4255 ἐποιήσατο
3546 4184 3794 4254 συνθήκας.

2263 4271 2430 4329 Εἶπον
2481 4275 2590 4347 γὰρ
2638 4277 2807 4347 αὐτῇ,
2859 4274 3031 4346 φησὶ,
3084 4277 3265 4329 πᾶσαν
3309 4274 3595 4346 ἀλλοτρίαν
3646 4272 3797 4341 φυγεῖν

2266 4367 2572 4432 συνουσίαν,
2620 4368 2744 4438 ἐμοὶ
2794 4367 2840 4420 δ’
2868 4368 3064 4438 ἑαυτὴν
3110 4366 3497 4436 διαφυλάττειν
3539 4365 3794 4431 ἀνέπαφον.

2191 4464 2235 4518 Ι)
2275 4460 2647 4514 ’Υποδείκνυσι
2668 4460 2725 4514 δέ
2754 4459 2968 4530 καὶτῆς
2990 4459 3199 4522 εἰκόνος
3218 4459 3279 4512 τὸ
3304 4458 3632 4529 ἀρχέτυπον.

2327 4549 2390 4604 δ’.
2433 4569 2453 4601 ι
2489 4550 2664 4613 Διότι,
2726 4550 2926 4621 φησὶν,
2967 4549 3181 4620 ἡμέρας
3236 4546 3441 4609 πολλὰς
3505 4547 3798 4613 καθήσονται

2257 4645 2307 4697 οἱ
2334 4643 2441 4696 υἱοὶ
2482 4642 2696 4715 Ἰσραὴλ
2739 4644 2840 4696 οὐκ
2872 4643 3022 4705 ὄντος
3057 4641 3320 4712 βασιλέως
3340 4682 3356 4705 ,
3407 4640 3532 4693 ούδέ
3564 4639 3706 4700 ὄντος
3729 4636 3800 4703 ἆρ-

2259 4750 2447 4805 χοντος
2469 4773 2486 4797 ,
2535 4734 2658 4787 ούδέ
2686 4733 2855 4805 οὔσης
2894 4733 3086 4796 θυσίας
3110 4773 3125 4797 ,
3183 4732 3306 4786 οὐδὲ
3353 4731 3512 4792 ὄντος
3543 4730 3802 4793 θυσιαστη-

2264 4827 2402 4898 ρίου,
2433 4826 2614 4880 οὺδέ⁷⁶
2648 4824 2942 4896 ίερατείας,
2972 4825 3094 4878 οὐδὲ
3130 4823 3327 4894 δήλων.
3363 4840 3384 4873 ι
3412 4820 3675 4890 Καθάπερ
3695 4818 3799 4886 γὰρ.

588 4909 805 4965 toribus
873 4911 1239 4975 renuntians,
1305 4912 1584 4983 prophetae
1654 4917 2022 4971 contubernio
2075 4916 2156 4972 uti

2263 4919 2456 4989 φησὶν,
2508 4917 2709 4988 acilii)"
2755 4920 2871 4981 τοῖς
2902 4915 3191 4988 προτέροις
3249 4916 3511 4982 ἐρασταῖς
3566 4909 3803 4972 ἀποταξα-

588 4999 794 5054 voluit:
827 5000 909 5056 sic
940 5016 1035 5058 vos
1066 5006 1266 5073 captivi
1296 5004 1350 5059 in
1393 5013 1597 5060 terram
1631 5007 1868 5063 alienam
1911 5008 2155 5076 abducti,

2267 5011 2400 5081 μένη
2422 5051 2437 5076 ,
2476 5010 2574 5082 τὴν
2619 5009 2713 5064 τοῦ
2750 5011 3032 5080 προφήτου
3063 5007 3381 5074 συνοίκησιν
3418 5005 3629 5059 εἴλετο’
3660 5001 3804 5059 οὕτως

586 5101 763 5157 neque
792 5090 961 5159 regia,
989 5107 1166 5163 neque
1190 5094 1518 5150 sacerdotali
1545 5110 1677 5150 cura
1711 5097 1965 5152 fruemini
1989 5115 2001 5151 :
2031 5112 2155 5151 nam

2266 5101 2421 5170 ὑμεῖς
2468 5101 2548 5165 είς
2586 5101 2687 5171 τὴν
2737 5099 3026 5171 ἀλλοτρίαν
3081 5095 3425 5166 ἀπαχθέντες
3475 5094 3797 5164 αἰχμάλωτοι,

541 5237 546 5255 τ
585 5192 710 5233 cum
740 5181 912 5239 altare
943 5199 1054 5239 non
1085 5185 1181 5250 sit,
1217 5187 1494 5257 quodnam
1529 5186 1620 5242 ﬁet
1651 5189 2021 5243 sacriﬁcium?
2052 5188 2156 5244 Sed

2263 5189 2386 5243 οὔτε
2420 5190 2741 5261 βασιλικῆς,
2789 5188 2913 5244 οὔτε
2951 5187 3232 5259 ἱερατικῆς
3271 5183 3651 5240 ἀπολαύσεσθε
3692 5195 3834 5252 προ-ι

542 5332 561 5403 γ
1890 5303 2123 5359 VARle
2162 5301 2561 5359 LECTIONES.

659 5450 702 5529 ξ’
733 5449 1100 5529 ἐλαίῳ..
1135 5453 1239 5507 Alii
1266 5453 1552 5529 rbvuai'rov,
1588 5474 1644 5529 κ.
1684 5475 1753 5529 τ.
1776 5457 1825 5511 λ.
1878 5458 1922 5529 δεῖ
1953 5457 1992 5511 C
2044 5458 2278 5529 Ἰσραήλ,
2321 5465 2381 5511 ιιι
2406 5459 2606 5527 cumpl.

584 5520 703 5606 29:3.
779 5522 922 5606 “fil.
955 5555 1024 5606 Γ
1045 5520 1411 5606 ign-inﬁmiin
1447 5527 1553 5606 ίςαὶ
1577 5526 1850 5606 ἀγαπησω
1876 5527 1973 5597 τὴν
2001 5520 2858 5606 ούκςηγαπηλμένην.Ἀέίμίιοιέᾷ
2877 5520 3006 5606 lect.
3045 5520 3450 5606 spectat'locus
3479 5531 3544 5606 ad
3572 5520 3801 5606 Rom—att.

585 5589 926 5668 g5tnll98tt'it’
953 5589 1097 5668 favet
1134 5589 1323 5668 ι’ῼειν.
1362 5609 1421 5654 tt,
1453 5594 1542 5668 μ).
1600 5589 1644 5627 ⁷⁵
1675 5589 1803 5668 ἐρῶ,
1832 5614 1883 5650 κ.
1915 5589 1966 5650 τ.
2005 5597 2052 5652 λ.
2090 5589 2260 5668 Αιῖίριν
2300 5589 2465 5652 Rom.-
2493 5613 2566 5659 Ix,
2595 5598 2684 5653 26.
2768 5598 2814 5628 ⁷³
2842 5599 2937 5651 καὶ
2961 5599 3006 5651 ὁ.
3039 5589 3090 5650 (ι’
3109 5597 3313 5668 Κύριος
3394 5597 3454 5668 7⁷⁸
3482 5595 3606 5668 Ben.
3646 5591 3799 5668 lccliO.

583 5658 1111 5742 ἐπιβλέπουσιν-ἐπί.
1142 5732 1155 5742 _
1183 5664 1235 5742 _"
1260 5679 1425 5742 στοιφἒ
1453 5662 1531 5742 l_ta
1569 5658 1807 5742 .quoque
1842 5682 2030 5739 supra,
2074 5684 2125 5739 p.
2180 5667 2304 5723 iiii.
2353 5669 2455 5724 Alii
2516 5658 2619 5739 leg.
2673 5668 2926 5737 σταφίδος
3002 5669 3047 5700 ⁷⁸
3076 5658 3439 5738 οὐδε-δήλ.
3504 5665 3656 5720 Ilrbr.
3700 5660 3800 5715 sine

581 5731 820 5788 amiculo
863 5739 917 5789 ct
948 5732 1273 5806 therapbim.
1378 5731 1425 5767 ⁷⁷
1458 5732 1497 5789 C
1530 5731 1689 5806 αὕτη.
1720 5731 1732 5738 ’
1871 5767 1875 5770 -

2688 5459 2733 5487 ”
2766 5458 2887 5527 γῆς·
2917 5457 2958 5513 C
2993 5473 3176 5527 praem.
3205 5457 3327 5527 τῆς.
3424 5458 3473 5492 το
3508 5455 3638 5527 Ibid.
3662 5454 3803 5522 ἐμαυο
