3912 6206
107 354 258 418 13363

103 468 358 537 μηθείας
379 485 391 498 ·

98 558 355 628 τουργία
382 562 711 631 γενήσεται;
764 558 905 613 Οὔτε
936 559 1040 631 μὴν
1080 560 1149 612 τά
1184 561 1273 613 διά
1308 559 1414 613 τῶν
1455 560 1698 632 ίερέωνῆ

103 651 423 721 προφητῶν
466 651 694 705 εἰωθότα
740 652 1033 723 δηλοῦσθαι
1074 653 1167 706 καὶ
1205 653 1702 723 προσημαίνεσθαι,

98 744 221 804 τῶς
281 742 635 813 βουλομένοις
688 745 746 795 ἐν
793 747 857 814 τῇ
907 742 1034 817 ξένῃ
1083 744 1275 814 μαθεῖν
1318 744 1381 796 τὸ
1430 745 1704 815 πρακτέον

104 832 648 904 προδηλωθήσεται·
689 834 806 887 ἀλλ’
847 835 968 888 οὐδὲ
1013 835 1112 905 τὴν
1148 834 1289 905 ἐμὴν
1330 836 1513 899 αὐτοῖς
1541 836 1705 905 κηδε-

103 926 323 993 μονίαν
367 925 660 997 προφανῶς
716 926 1008 991 ἐπιδείξω’
1066 930 1160 979 καὶ
1210 926 1382 980 ταῦτα
1440 925 1531 979 διὰ
1580 928 1708 989 τοὺς

101 1020 373 1089 πατέρας
416 1018 545 1088 περὶ
591 1018 788 1080 αὐτοὺς
827 1017 1045 1089 θερμῶς
1093 1018 1456 1088 διακείμενος.
1506 1018 1708 1073 Τούτου

104 1112 225 1182 γάρ
286 1113 448 1182 χάριν
504 1111 597 1164 καὶ
648 1113 677 1164 ό
728 1110 1018 1180 προφήτης
1062 1113 1128 1181 τῇ
1190 1110 1427 1181 πονηρίᾳ
1488 1111 1706 1182 συζώσῃ

108 1205 349 1271 γυναικί⁵
380 1202 614 1274 συνῴκει
646 1203 766 1272 μὲν,
805 1202 879 1266 ὡς
914 1201 1287 1272 προσετάχθη,
1320 1202 1418 1271 τῆς
1456 1202 1512 1254 δὲ
1546 1218 1708 1271 γαμι-

110 1298 220 1366 κῆς
279 1294 500 1366 ὁμιλίας
530 1296 787 1364 ἀπείχετο
809 1310 823 1324 ’
862 1293 1050 1363 ἐπειδὴ
1083 1294 1177 1346 καὶ
1209 1295 1238 1346 ὁ
1256 1293 1364 1347 τῶν
1393 1293 1529 1346 ὅλων
1555 1294 1709 1356 Θεὸς,

112 1383 247 1438 οὔτε
284 1385 465 1454 πάντη
491 1384 776 1455 ἐγύμνωσε
804 1382 895 1436 τὸν
923 1382 1050 1435 λαὸν
1073 1385 1170 1453 τῆς
1199 1382 1405 1445 οἰκείας
1431 1382 1710 1453 προνοίας,

113 1477 245 1531 οὔτε
289 1476 559 1548 πρόδηλον
603 1474 807 1545 ταύτην
865 1474 1048 1538 αὐτοῖς
1081 1474 1253 1527 ἐποίει
1308 1474 1402 1527 καὶ
1445 1474 1705 1544 φανεράν.

116 1570 371 1636 Δήλους
407 1568 465 1622 δέ
502 1566 601 1631 τὰς
627 1565 1056 1639 προαγορεύσεις
1090 1565 1190 1630 τάς
1221 1564 1371 1629 θείας
1398 1566 1712 1636 ὠνόμασεν·

116 1660 319 1731 ἐπειδὴ
364 1660 463 1714 καὶ
505 1661 533 1713 ὁ
573 1660 862 1730 ἀρχιερεὺς
889 1658 967 1728 τῷ
997 1658 1165 1728 λογίῳ
1205 1658 1305 1727 τῆς
1344 1658 1579 1730 κρίσεως
1612 1658 1709 1730 τὴν

118 1752 365 1821 δήλωσιν
396 1750 693 1821 ἐλάμϐανε,
720 1751 817 1804 καὶ
852 1750 953 1820 τὴν
976 1749 1235 1821 ἀλήθειαν
1255 1764 1271 1781 ⁶
1313 1751 1407 1804 καὶ
1435 1750 1523 1804 διά
1544 1767 1709 1803 τινων

122 1845 374 1914 σημείων
409 1845 465 1896 ἐν
504 1843 697 1912 ἐκείνῳ
747 1843 1086 1913 γιγνομὲνων
1119 1843 1461 1913 προηγόρευε
1492 1840 1561 1894 τὰ
1587 1842 1710 1894 ἐσό-

126 1952 295 2004 μενοι.
322 1935 422 1987 Διά
451 1933 607 1987 τοῦτο
633 1935 727 1987 καὶ
752 1935 783 1986 ὁ
808 1933 980 2004 μέγας
1006 1935 1210 2003 Μωσῆς
1225 1934 1272 1967 ⁷⁸
1299 1934 1396 2004 τὴν
1432 1933 1710 2004 ἱερατικὴν

124 2027 304 2098 φυλὴν
336 2027 575 2094 εὐλογῶν
598 2043 611 2056 ο
651 2026 800 2091 Δότε,
835 2027 990 2097 φησὶ,
1023 2026 1221 2096 δήλους
1244 2026 1323 2096 τῷ
1355 2026 1507 2080 Λευῖ.
1551 2025 1708 2079 Οὕτω

122 2120 193 2173 τά
227 2119 454 2189 λυπηρά
484 2118 876 2189 προθεσπίσας,
913 2117 1238 2188 ἀναμίγνυσι
1269 2117 1478 2181 τούτοις
1505 2116 1597 2170 καὶ
1638 2116 1706 2171 τά

124 2211 363 2283 χρηστά.

199 2311 263 2357 ε’.
308 2321 328 2354 ι
366 2302 523 2357 Μετὰ
549 2301 721 2356 ταῦτα
756 2301 895 2373 γάρ,
939 2302 1142 2373 φησὶν,
1187 2301 1608 2373 ἐπιστρέφουσιν
1655 2303 1705 2354 ot

126 2397 234 2447 uio‘:
280 2393 516 2463 Ἰσραὴλ,
546 2394 640 2446 καὶ
667 2393 961 2465 ζητήσουσι
986 2392 1190 2463 Κύριον
1221 2394 1312 2446 τὸν
1335 2393 1467 2446 Θεὸν
1504 2393 1707 2455 αὐτῶν,

127 2489 223 2540 καὶ
255 2486 428 2540 Δαϐὶδ
466 2485 557 2539 τὸν
588 2485 810 2555 βασιλέα
840 2484 1020 2538 αὐτῶν
1040 2523 1054 2547 ,
1089 2485 1183 2538 καὶ
1225 2485 1583 2554 ἐκστήσονται
1617 2484 1711 2536 ἐπὶ

129 2578 204 2648 τῷ
235 2578 453 2648 Κυρίῳ,
485 2577 577 2630 καὶ
610 2576 703 2647 ἐπὶ
738 2579 851 2639 τοῖς
889 2576 1115 2644 ἀγαθοῖς
1149 2576 1314 2629 αὑτοῦ
1343 2576 1431 2628 ἐπ’
1466 2577 1712 2645 ἐσχάτων

129 2670 237 2722 τῶν
266 2667 512 2740 ἡμερῶν.
564 2687 584 2719 ι
632 2667 847 2737 Ἐπειδὴ
887 2668 995 2737 γὰρ
1025 2668 1079 2720 αἱ
1109 2666 1241 2719 δέκα
1271 2665 1456 2735 φυλαὶ,
1492 2664 1710 2717 διαστα-

134 2762 397 2814 σιάσασαι
422 2761 558 2830 πρὸς
583 2758 710 2821 τοὺς
740 2759 806 2812 ἐκ
831 2757 996 2811 Δαὸὶδ
1026 2756 1300 2828 βασιλέας,
1336 2756 1467 2808 ίδιον
1491 2757 1713 2819 ἑαυταῖς

130 2853 553 2923 ἐχειροτόνησαν
584 2851 806 2921 βασιλέα
828 2866 843 2881 ο
886 2848 1025 2921 μετά
1056 2849 1114 2902 δέ
1155 2847 1254 2919 τὴν
1298 2849 1362 2900 ἐκ
1395 2847 1712 2909 Βαϐυλῶνος

135 2945 401 3000 ἐπάνοδον
432 2943 716 2997 ἐνωθεῖσαι
749 2941 843 2996 καὶ
884 2940 1239 3009 συναφθεῖσαι
1274 2940 1368 2992 ἕνα
1397 2940 1553 3008 ἔσχον
1578 2941 1711 3009 ἡγε-

139 3038 282 3107 μάνα
310 3037 405 3089 τὸν
436 3034 785 3106 Ζοροόάσελ,
835 3036 898 3087 ἐκ
947 3033 1044 3102 τῆς
1098 3031 1393 3101 Δαϐιτικῆς
1414 3031 1462 3064 ’⁸
1518 3030 1711 3100 βεϐλα-

1428 360 1505 420 IN
1534 359 1728 420 OSEE
1776 360 1934 419 CAP.
1966 361 2064 422 IV.

445 469 831 541 θυσιαστηρίου
879 470 988 542 γὰρ
1038 469 1137 524 οὐκ
1171 470 1359 534 ὄντος,
1416 470 1544 523 ποία
1594 471 1703 522 λει-

1829 485 1984 539 teque
2012 486 2108 540 per
2152 472 2492 541 sacerdotes,
2545 483 2638 529 aut
2688 475 3005 545 prophetas,
3062 479 3280 534 ostendi
3330 488 3384 535 et

3250 364 3389 430 1570

1807 563 2219 632 praesignificari
2245 565 2428 630 solita,
2461 568 2604 622 scire
2633 569 2685 620 in
2712 569 2895 623 alieno
2924 570 3042 624 solo
3072 571 3385 627 volentibus

1804 652 1936 721 quid
1964 655 2234 724 agendum
2269 656 2378 721 sit,
2425 660 3038 726 praemonstrabuntur:
3072 678 3247 732 neque
3284 678 3383 717 cu-

1807 760 1921 796 ram
1961 761 2136 800 meam
2171 746 2282 802 illis
2321 756 2508 818 aperte
2554 750 2866 814 ostendam,
2902 753 3120 808 tametsi
3165 763 3389 824 propter

1807 848 1997 887 eorum
2047 836 2286 906 majores
2323 839 2538 893 ardenti
2584 855 2681 894 eos
2716 853 2904 895 amore
2944 855 3264 911 prosequar.
3297 842 3386 897 ld-

1808 925 1959 980 circo
1993 926 2136 981 enim
2174 928 2442 999 propheta
2469 931 2632 985 simul
2661 947 2787 986 cum
2826 933 3055 989 muliere
3081 935 3136 988 in
3159 934 3387 990 nefariis

1812 1014 2153 1072 facinoribus
2178 1028 2435 1075 versante
2463 1021 2743 1077 habitabat
2766 1023 3010 1093 quidem,
3039 1033 3099 1079 ut
3120 1023 3387 1082 Dominus

1806 1105 2095 1176 jusserat,
2162 1120 2544 1166 verumtamen
2594 1115 2929 1168 matrimonii
2986 1114 3390 1171 consuetudine

1813 1215 1922 1253 non
1958 1201 2252 1258 utebatur:
2300 1203 2746 1274 quandoquidem
2778 1221 2879 1259 nec
2932 1204 3072 1260 Deus
3106 1207 3387 1262 universo-

1812 1304 1933 1343 rum
1970 1293 2193 1361 penitus
2244 1309 2342 1348 sua
2388 1294 2730 1364 providentia
2779 1297 3040 1366 populum
3096 1297 3385 1367 spoliavit,

1813 1398 1991 1452 neque
2025 1393 2204 1439 tamen
2248 1385 2392 1440 hanc
2423 1386 2767 1456 perspicuam
2803 1395 2859 1442 et
2896 1395 3141 1455 apertam
3177 1388 3385 1457 populo

1815 1474 2071 1529 faciebat.
2120 1474 2584 1545 Manifestationea
2615 1489 2796 1531 autem
2830 1476 3047 1532 divinas
3077 1478 3387 1547 praedictio-

1813 1581 1913 1621 nes
1945 1568 2276 1633 nominavit,
2319 1575 2432 1622 tum
2468 1569 2597 1639 quia
2644 1583 2894 1624 summus
2921 1571 3180 1625 sacerdos
3225 1572 3390 1624 ratic-

1816 1660 1925 1712 nali
1955 1659 2147 1728 judicii
2188 1660 2403 1731 1326
2436 1660 2935 1715 manifestationem
2967 1661 3294 1731 accipiebat,
3329 1672 3384 1716 et

1815 1754 2100 1806 veritatem
2135 1771 2146 1806 :
2195 1760 2309 1806 tum
2346 1753 2474 1822 quia
2512 1768 2608 1822 per
2651 1752 2919 1822 quasdam
2958 1753 3388 1824 significationes

1815 1845 1912 1899 illo
1946 1844 2121 1900 factas
2151 1844 2337 1899 futura
2371 1845 2704 1915 praedicebat
2729 1863 2742 1912 ;
2769 1845 2914 1900 unde
2944 1860 3175 1916 magnus
3208 1846 3389 1902 Moses

1816 1934 2147 1992 sacerdotali
2180 1937 2346 1991 tribui
2381 1936 2716 1992 benedicens
2765 1936 2880 1990 ait:
2938 1936 3073 1990 Date
3104 1934 3232 1990 Levi
3271 1953 3388 1991 ma—

1819 2028 2224 2084 nifestationes.
2255 2029 2271 2049 ’
2309 2028 2389 2082 Ad
2418 2028 2566 2082 hunc
2593 2034 2726 2083 v‘ero
2770 2027 2990 2083 modum
3025 2027 3203 2083 tristia
3253 2029 3384 2083 vati-

1822 2118 2055 2182 cinatus,
2086 2118 2173 2175 bis
2201 2118 2364 2174 etiam
2398 2118 2519 2173 laeta
2550 2118 2837 2174 admiscet.

1897 2300 2057 2358 Vens.
2087 2302 2141 2356 5.
2178 2320 2197 2353 ι
2231 2301 2297 2356 Et
2341 2310 2465 2372 post
2511 2301 2648 2363 haec.
2682 2300 2884 2370 inquit,
2921 2308 3270 2356 revertentur
3297 2301 3398 2356 filii

1817 2394 2061 2460 lsraelis,
2089 2404 2142 2451 et
2172 2404 2417 2465 quaerent
2448 2394 2734 2448 Dominum
2780 2392 2950 2448 Deum
2984 2409 3168 2458 suum,
3200 2401 3255 2448 et
3291 2392 3397 2447 Da-

1812 2487 1990 2541 videm
2030 2501 2213 2558 regem
2244 2502 2425 2551 suum,
2463 2498 2516 2540 et
2544 2487 2847 2555 stupebunt
2868 2486 2934 2539 ad
2969 2484 3261 2539 Dominum
3284 2526 3299 2548 ,
3336 2496 3391 2539 et

1814 2577 1978 2647 super"
2009 2579 2169 2633 bonis
2196 2582 2315 2647 ejus
2343 2578 2396 2630 in
2428 2577 2753 2631 novissimis
2791 2576 3009 2631 diebus.
3045 2594 3063 2626 ι
3106 2574 3243 2628 Nam
3270 2591 3397 2630 cum

1812 2668 1997 2723 decem
2033 2669 2233 2730 tribus,
2266 2683 2294 2720 a
2339 2667 2566 2735 regibus
2597 2681 2661 2721 ex
2697 2664 2901 2720 Davide
2936 2666 3219 2734 prognatis
3255 2663 3389 2720 defi—

1816 2759 2047 2820 cientes,
2089 2757 2372 2827 proprium
2401 2772 2580 2825 regem
2612 2756 2718 2812 sibi
2766 2754 3083 2824 elegissent,
3133 2765 3256 2822 post
3300 2771 3390 2809 re-

1821 2852 2131 2906 versionem
2188 2865 2252 2904 ex
2318 2848 2596 2919 Babylone
2651 2848 2961 2916 conjuncta:
3012 2856 3064 2903 et
3130 2848 3395 2918 copulata:

1819 2958 1987 2998 unum
2020 2942 2328 2997 habuerunt
2351 2941 2549 2995 ducem
2586 2940 2981 2994 Zorobabelem
3014 2955 3078 2994 ex
3132 2938 3394 2993 Davidica

1823 3035 1966 3089 tribu
2010 3042 2382 3103 procreatum,
2436 3031 2541 3086 sub
2572 3045 2681 3100 quo
2712 3040 2764 3085 et
2805 3030 3076 3084 divinitus
3126 3030 3394 3085 bonorum

144 3128 393 3200 στηκότα
426 3128 621 3197 φυλῆς,
657 3128 741 3195 ἐφ’
775 3120 835 3180 οὗ
877 3126 973 3178 καί⁵
1013 3124 1121 3177 τῶν
1174 3124 1466 3177 θεοσδότων
1497 3123 1715 3190 ἀγαθῶν

1825 3126 2073 3179 datorum
2104 3123 2342 3176 fructum
2366 3130 2662 3193 ceperunt.
2689 3119 2814 3175 llam
2844 3121 3049 3187 omnia,
3078 3122 3396 3192 priusquam

133 3219 398 3283 ἐδέξαντο
419 3217 516 3289 τὴν
547 3217 866 3271 ἀπόλαυσιν.
894 3213 1079 3266 Ταῦτα
1108 3213 1284 3266 πάντα
1315 3215 1445 3281 πρὶν
1467 3212 1719 3280 γενέσθαι

139 3310 331 3380 σαφῶς
373 3308 756 3375 ἐπιστάμενος,
797 3305 886 3359 διά
910 3306 1007 3375 τῆς
1038 3305 1386 3375 προφητικῆς
1414 3304 1720 3368 θεσπίζειθο

136 3398 348 3465 φωνῆς.
387 3398 461 3450 Τὸ
497 3396 555 3450 δὲ
594 3413 612 3446 ι
665 3396 785 3449 Ἐπ’
815 3395 1044 3464 ἐσχάτου
1094 3393 1202 3446 τῶν
1252 3394 1501 3465 ἡμερῶν,
1544 3414 1561 3445 ι
1597 3397 1722 3448 ἀντὶ

135 3489 257 3552 τοῦ,
297 3488 439 3558 μετά
484 3488 545 3541 τὸ
575 3487 728 3549 τέλος
766 3485 876 3540 τῶν
906 3486 1279 3555 ἐὸῐομήκοντα
1307 3486 1406 3556 τῆς
1435 3486 1722 3556 αἰχμαλω-

140 3579 262 3642 σίας
292 3576 459 3633 ἐτῶν.
956 3599 959 3603 ⁴
1194 3586 1199 3587 ⁷

752 3671 1003 3724 ΚΕΦΑΛ.
1046 3669 1118 3723 Δ’.

210 3762 373 3816 οὕτω
400 3761 468 3815 τά
506 3761 688 3830 ἀγαθά
736 3760 1097 3831 προμηνύσας
1124 3800 1139 3823 ,
1182 3759 1343 3812 πάλιν
1382 3759 1490 3812 τῶν
1538 3758 1723 3821 κακῶς

141 3851 452 3921 γινομένων
484 3852 582 3921 τὴν
611 3852 943 3922 κατηγορίαν
987 3836 1240 3905 ποιεῖται.
1287 3850 1579 3921 Ἀληθείας
1593 3851 1720 3921 γὰρ,

145 3942 338 4011 φησιν,
370 3942 493 3994 ἐστέ
520 3942 615 3994 καὶ
648 3941 1059 4011 φιλανθρωπίας
1090 3942 1309 4013 ἔρημοι,
1347 3944 1439 3995 καὶ
1470 3940 1724 4010 γνώσεως

108 4095 123 4102 ,
145 4033 299 4098 θείας
331 4035 725 4106 ἐστερημένον
758 4035 891 4088 πολὺ
927 4035 984 4087 δὲ
1015 4037 1146 4105 παρ’
1177 4036 1306 4106 ὑμῖν
1332 4037 1375 4067 3‘
1414 4036 1475 4088 τὸ
1504 4035 1722 4105 ψεῦδος,

143 4128 247 4181 καὶ
291 4126 464 4191 ἀδεῶς
506 4129 536 4180 ὁ
566 4127 725 4195 φόνος
766 4126 1065 4196 τολμᾶται,
1119 4128 1213 4179 καὶ
1267 4126 1376 4178 τῶν
1430 4126 1726 4195 ἀλλοτρίων

143 4219 428 4290 ἐφιέμενοι
477 4217 859 4289 σφετερίζεσθε
916 4217 1129 4280 ταῦτα,
1180 4218 1272 4270 καὶ
1320 4219 1433 4279 τοῖς
1481 4217 1725 4286 ἀλλήλων

146 4307 534 4362 ἐπιθουλεύετε
584 4309 810 4376 γάμοις,
868 4307 944 4371 ὡς
1004 4308 1101 4379 τὴν
1154 4307 1257 4377 γῆν
1303 4307 1478 4376 ὑμῶν.
1508 4307 1726 4359 ἃπασαν

148 4401 337 4472 πλήρη
386 4399 592 4453 τούτων
632 4399 887 4469 γενέσθαι
930 4400 1036 4451 τῶν
1085 4399 1430 4468 μιασμάτων.
1474 4397 1551 4449 Δι’
1585 4395 1725 4468 άπερ

1831 3217 2043 3280 fierent,
2077 3226 2274 3287 aperte
2308 3215 2512 3278 sciens,
2540 3213 2858 3285 prophetica
2886 3228 3014 3268 voce
3042 3215 3377 3284 przenuntiat

1823 3306 1962 3361 Illud
2002 3323 2153 3372 vero,
2182 3326 2200 3357 ι
2235 3307 2290 3359 in
2328 3305 2650 3360 novissimis
2693 3305 2909 3372 diebus,
2941 3323 2959 3355 ι
3005 3305 3148 3360 idem
3175 3312 3259 3360 est
3307 3320 3397 3371 ac,

1826 3404 1948 3467 post
1991 3396 2152 3450 finem
2196 3399 2546 3467 septuaginta
2579 3409 2849 3450 annorum
2890 3394 3250 3466 captivitatis.

2439 3668 2667 3725 CAPUT
2699 3666 2769 3723 IV
2785 3709 2800 3726 .

1898 3765 1976 3836 [l,
2003 3762 2060 3835 2]
2095 3763 2392 3833 Postquam
2418 3760 2560 3815 bona
2587 3760 2668 3814 sic
2702 3757 3169 3830 praesigniﬁcavln
3204 3769 3404 3811 rursus

1825 3859 1878 3911 in
1917 3859 2125 3910 scelera
2153 3850 2449 3909 commisSa
2483 3852 2892 3905 accusationem
2938 3849 3198 3904 instituit.
3251 3849 3402 3903 Veri-

1827 3957 1941 4004 tate
1969 3951 2134 4010 enim,
2194 3946 2414 4016 inquit,
2475 3951 2529 3998 et
2569 3942 2952 3999 misericordia
3004 3942 3200 4012 privati
3246 3941 3403 4005 estis,

1831 4041 2034 4111 Deique
2079 4039 2395 4111 cognitione
2434 4037 2723 4100 destituti,
2757 4037 2990 4090 multum
3038 4044 3218 4089 autem
3258 4034 3404 4105 apud

1827 4148 1926 4186 vos
1958 4132 2106 4200 viget
2141 4128 2532 4192 mendacium,
2585 4126 2809 4195 impune
2868 4124 2927 4178 [it
2987 4124 3181 4187 caedes,
3229 4124 3404 4177 aliena

1826 4227 2140 4289 expetentes
2169 4219 2223 4272 in
2252 4226 2488 4271 vestram
2520 4231 2632 4269 rem
2652 4214 3144 4273 convertitis,alter
3177 4210 3403 4264 alterius

1830 4309 1985 4364 mori
2020 4308 2395 4362 insidiamini:
2434 4306 2508 4358 ita
2545 4312 2604 4357 ut
2650 4304 2829 4356 omnis
2879 4309 3025 4356 terra
3078 4309 3261 4354 vestra
3317 4298 3403 4351 his

1833 4398 2131 4455 sceleribus
2173 4397 2456 4451 redundet.
2494 4394 2580 4465 [5]
2615 4392 2849 4461 Propter
2878 4406 2998 4460 quae
3035 4389 3243 4458 1327
3280 4395 3402 4441 tan-

147 4492 412 4546 τοσοῦτον
431 4492 475 4524 ⁸³
510 4491 783 4561 πολεμίων
809 4492 936 4562 ὑμῖν
962 4489 1147 4554 ἐπάξω
1177 4488 1403 4559 πλῆθος,
1428 4488 1501 4551 ὡς
1531 4504 1716 4541 παντε⁴

1833 4499 1941 4545 tam
1997 4489 2240 4543 hostium
2303 4484 2712 4539 multitudinem
2775 4482 2930 4535 vobis
2994 4481 3302 4541 immittam,
3345 4486 3402 4530 ut

149 4582 260 4647 λῶς
288 4580 682 4653 δαπανηθῆναι,
716 4582 776 4636 οὐ
812 4583 969 4653 μόνον
1010 4583 1135 4644 τοὺς
1168 4580 1395 4652 εὐπορία
1428 4580 1725 4646 συζῶντας,

148 4674 251 4727 καὶ
289 4672 498 4743 θηρίων
542 4672 698 4742 δίκην
756 4671 851 4724 καὶ
905 4671 1154 4742 ἑρπετῶν
1207 4672 1318 4732 τοῖς
1380 4668 1728 4739 πενεστέροις

147 4765 432 4828 ἐπιόντας,
462 4763 554 4817 καὶ
577 4760 686 4816 οἷόν
718 4781 828 4817 τισι
862 4766 1079 4833 πτεροῖς
1099 4765 1164 4833 τῇ
1202 4761 1494 4832 δυναστείᾳ
1524 4778 1729 4831 κεχρη-

151 4855 359 4928 μένους
379 4871 393 4887 °
428 4854 565 4908 ἀλλά
593 4855 685 4907 καὶ
712 4855 842 4917 τοὺς
867 4853 1061 4916 ἄλλους
1090 4852 1356 4915 ἅπαντας,
1387 4851 1435 4903 οἶ
1476 4850 1728 4918 καθάπερ

147 4947 300 5010 τινὲς
339 4946 521 5018 ἰχθύες
547 4946 893 5016 διανήχονται
932 4945 1025 4997 τοῦ
1059 4944 1174 5013 βίου
1208 4944 1268 4996 τὸ
1309 4943 1562 5008 πέλαγος.
1590 4941 1729 5010 Τρο-

148 5039 337 5102 πικῶς
380 5039 494 5108 γὰρ
540 5037 705 5108 θηρία
753 5036 884 5107 μὲν,
939 5037 1035 5089 καὶ
1081 5033 1298 5102 ἑρπετὰ
1336 5033 1436 5086 καὶ
1466 5031 1729 5095 πετεινὰ,

149 5132 284 5193 τοὺς
306 5128 575 5191 ’δυνατοὺς
613 5126 1076 5197 προσηγόρευσεν,
1111 5123 1319 5192 ἰχθύας
1343 5123 1398 5174 δὲ
1423 5124 1549 5185 τοὺς
1575 5138 1732 5174 πενε-

154 5221 386 5290 στέρους
439 5217 713 5288 ὠνόμασε.
763 5216 967 5269 Τούτου
1026 5214 1115 5279 δὲ,
1180 5216 1353 5284 φησὶ,
1415 5214 1730 5282 γενομένου,

154 5313 367 5382 ἔρημος
403 5312 435 5382 ἠ
478 5310 551 5380 γῆ
597 5310 692 5364 καὶ
733 5310 842 5362 τῶν
881 5308 1211 5373 δικαζόντων
1249 5307 1341 5360 καὶ
1386 5305 1491 5359 τῶν
1517 5306 1730 5369 δικαζο-

158 5404 338 5476 μένων
389 5403 698 5473 γενήσεται.
753 5420 769 5451 ι
826 5404 884 5452 ’0
929 5401 985 5453 δέ
1037 5400 1161 5463 λαός
1216 5416 1356 5469 μου,
1408 5398 1610 5467 φησὶν,
1660 5395 1734 5458 ὡς

1834 4580 2089 4635 funditus
2137 4585 2381 4648 pereant,
2420 4590 2528 4630 non
2568 4573 2745 4629 solum
2780 4572 2874 4641 qui
2907 4570 3118 4625 divitiis
3157 4569 3400 4633 allluunt,

1837 4688 1900 4728 ac
1939 4674 2178 4726 ferarum
2212 4678 2266 4724 et
2295 4667 2577 4738 reptilium
2624 4680 2777 4719 more
2822 4678 3089 4734 pauperes
3121 4660 3404 4723 Invadunt,

1836 4774 1890 4821 et
1919 4764 2078 4820 veluti
2106 4763 2435 4833 quibusdam
2462 4760 2563 4814 alis
2586 4759 2783 4811 robore
2805 4770 2904 4811 suo
2928 4763 3193 4808 utuntur:
3220 4767 3405 4807 verum

1838 4856 1999 4909 etiam
2030 4867 2221 4906 omnes
2252 4850 2364 4913 alii,
2406 4848 2499 4918 qui
2546 4857 2604 4900 ut
2656 4847 2836 4915 pisces
2885 4845 3141 4912 navigant
3178 4842 3233 4896 in
3285 4843 3410 4897 vitae

1840 4946 2049 5017 pelago.
2083 4943 2315 5011 Tropice
2345 4942 2515 5004 enim,
2552 4939 2763 5006 reptilia
2793 4946 2843 4991 et
2881 4936 3120 4991 volatilia
3158 4942 3409 5004 potentes

1843 5035 2099 5097 vocavit;
2132 5033 2299 5099 pisces
2345 5044 2476 5084 vero
2534 5028 2725 5095 inopes
2788 5027 3039 5079 homines
3095 5023 3408 5093 appellavit.

1844 5123 1919 5195 [4,
1950 5122 2006 5193 5]
2044 5122 2099 5175 ld
2150 5129 2330 5173 autem
2372 5119 2417 5173 si
2464 5118 2576 5181 fiet,
2612 5117 2813 5185 inquit,
2848 5123 2994 5170 terra
3037 5114 3411 5183 judicautibus

1840 5225 1893 5269 et
1926 5213 2270 5283 litigantibus
2304 5211 2655 5265 destituetur.
2697 5226 2714 5258 ι
2746 5206 2990 5277 Populus
3019 5213 3198 5259 autem
3232 5219 3408 5267 meus,

1843 5306 2040 5376 inquit,
2067 5305 2222 5374 quasi
2263 5300 2523 5356 sacerdos
2562 5300 2648 5353 cui
2688 5298 3128 5353 contradicitur:
3171 5304 3224 5348 ct
3260 5295 3411 5347 inlir~

1845 5399 2083 5450 mabitur
2123 5411 2217 5465 per
2243 5394 2411 5455 diem,
2458 5398 2509 5446 et
2537 5390 2909 5444 infirmabitur
2937 5390 3098 5443 etiam
3148 5384 3410 5455 propheta

1450 5569 1680 5626 VARIAS
1716 5566 2120 5623 LECTIUNES.

224 5703 273 5735 "
312 5703 353 5756 Ο
401 5702 660 5772 Μωῦσῆς.
708 5703 751 5733 ⁷⁸
822 5699 862 5753 C
915 5696 1221 5765 Δαυῖδικῆς.

158 5791 181 5823 -‘.
189 5775 421 5827 οσούτων

1298 5694 1341 5725 ⁸ο
1393 5691 1432 5745 (Σ
1487 5687 1855 5759 προθεσπίζει.

1935 5687 1976 5717 ⁸¹
2008 5684 2047 5739 C
2080 5683 2216 5754 ὑμῶι
2359 5683 2402 5715 οε
2444 5698 2552 5733 τος.
2588 5681 2667 5732 lta
2696 5690 2818 5732 cum
2858 5672 2897 5727 C
2945 5670 3192 5740 legimus.
3239 5665 3407 5723 Strm.
