3912 6206
307 254 441 324 1555

1247 284 1733 356 ΤΗΕΟΠΟΒΕΤΙ
1764 298 2101 364 EPISCOPI
2139 309 2501 375 CYRENSIS

3420 333 3550 399 1556

374 374 540 432 Vens.
583 380 632 436 ό.
686 403 704 437 ι
750 382 898 442 Dixit
940 391 1085 447 enim
1136 393 1400 459 Dominus
1437 422 1449 458 :
1481 404 1624 463 Voca
1673 426 1829 468 uome

374 483 418 517 Is
451 467 677 517 Juzrnpl,
720 495 736 517 ι
782 478 979 517 Rarum
1035 485 1319 517 ...ηιηηεητη
1360 494 1545 517 ...:_-_s

1934 452 1946 478 ι
2041 420 2104 474 δ’.
2135 442 2153 474 ι
2191 420 2323 479 Είπε
2362 429 2471 499 γὰρ
2499 431 2739 503 mpm-
2788 438 3032 495 Κάλεσον
3076 441 3134 495 τὸ
3170 443 3344 517 ὃνομα
3385 449 3546 504 αὑτοῦ

298 466 418 535 ejus
451 467 682 529 chrael.
718 495 736 528 ι
778 478 979 534 Eorum
1033 485 1320 544 audaciam
1359 494 1547 551 mirari
1580 502 1717 557 satis
1757 520 1869 561 non

290 935 353 974 ea
405 939 510 977 non
561 937 883 986 exsecutum
948 934 1145 994 fuisse.
1209 942 1503 1005 Enimvero
1554 953 1865 1013 debuerunt

289 1013 730 1074 animadvertere
765 1022 858 1091 qui
890 1024 1004 1081 [nec
1042 1029 1229 1088 dicere
1259 1037 1381 1092 ausi
1409 1047 1559 1105 sunt,
1591 1043 1861 1113 ejusmodi

287 1105 455 1157 multa
490 1105 658 1162 Deum
691 1115 893 1182 saepius
929 1117 1250 1189 imperasse.
1304 1127 1498 1186 Isaiam
1547 1137 1694 1190 enim
1746 1140 1861 1194 sol-

284 1210 412 1252 vere
440 1198 509 1254 de
556 1200 754 1260 lumbis
790 1208 1027 1265 tunicam
1069 1214 1370 1288 cilicinam,
1403 1234 1457 1280 et
1486 1227 1719 1294 pedibus
1746 1248 1856 1288 non

286 1289 546 1349 calceatis
570 1296 893 1370 reliquoque
944 1319 1175 1377 corpore
1194 1314 1338 1368 nudo
1363 1316 1640 1390 incedere,
1667 1325 1859 1398 sicque

284 1383 621 1451 prophetiam
653 1389 814 1446 edere
842 1391 1011 1462 jussit
1055 1397 1200 1455 Deus
1241 1401 1284 1458 ί.
1308 1403 1599 1465 Jeremiam
1632 1383 1857 1474 catenas

282 1486 428 1525 nunc
462 1473 689 1546 ligneas,
712 1495 862 1537 nunc
897 1483 1106 1545 ferreas
1131 1493 1272 1549 collo
1295 1496 1580 1567 imponere
1603 1504 1852 1577 jussits;

281 1559 618 1619 Ezechielem
676 1570 910 1629 sinistro
960 1576 1121 1634 lateri
1173 1594 1392 1641 centum
1451 1593 1855 1669 quinquaginta

277 1649 422 1715 dies,
457 1651 673 1729 1315.
702 1658 900 1718 dextro
931 1667 1299 1741 quadraginta
1322 1649 1849 1756 incubareiusgit-lli

275 1741 566 1800 cornedere
622 1765 815 1819 panem
874 1755 1114 1816 humano
1176 1772 1420 1825 stercore
1475 1785 1731 1845 coctum,
1793 1776 1922 1839 etB

274 1844 400 1884 vasa
435 1837 765 1905 captivitatis
811 1859 1055 1913 sumere,
1088 1866 1419 1928 murumque
1443 1862 1752 1933 perfodere,
1792 1878 1844 1925 et

272 1920 563 1993 imaginem
623 1928 945 2001 fugientium
991 1940 1310 2016 depingere,
1337 1952 1357 1973 ⁴
1398 1960 1452 2007 et
1487 1955 1568 2010 sic
1601 1955 1845 2019 Sedeciae

272 2011 451 2084 fugam
506 2021 957 2094 praesignificare.
1008 2030 1333 2104 Hnjusmodi
1390 2044 1498 2100 alia
1552 2047 1841 2109 innumera

269 2104 325 2158 in
357 2122 709 2167 sacrosancta
761 2115 1052 2191 Scriptura
1103 2125 1355 2188 invenire
1409 2133 1558 2204 licet,
1605 2157 1839 2212 quorum

270 2211 498 2273 scopum
533 2212 587 2257 et
617 2211 963 2278 propositum
995 2217 1039 2270 si
1064 2220 1189 2287 quis
1225 2223 1577 2296 ignoraverit,
1603 2238 1840 2308 prophe-

270 2287 373 2340 tica
406 2289 608 2348 virtute
634 2295 746 2352 haec
773 2298 995 2373 indigna
1029 2306 1221 2376 ducet;
1246 2287 1346 2383 qui
1372 2327 1552 2375 autem
1592 2287 1684 2380 Dei
1707 2287 1836 2384 lstu-

266 2378 415 2432 dium
451 2388 505 2435 et
551 2399 791 2443 amorem
828 2392 882 2446 in
918 2395 1169 2456 homines
1205 2406 1410 2476 sciunt,
1454 2423 1622 2482 utque
1652 2419 1836 2475 omnia

266 2470 329 2521 ad
369 2471 647 2530 hominum
682 2480 915 2539 salutem
946 2488 1321 2560 administrat,
1350 2500 1479 2558 inde
1515 2503 1686 2563 Deum
1716 2510 1835 2566 lau-

264 2560 429 2616 dandi
461 2569 789 2628 occasiones
828 2578 1122 2650 arripiunt,
1176 2602 1241 2642 ac
1282 2588 1497 2651 divinos
1539 2600 1832 2669 prophetas

263 2653 409 2705 nnmi
437 2669 498 2707 ex
537 2668 691 2727 parte
723 2662 953 2723 Domino
988 2672 1213 2733 obedire
1235 2681 1520 2743 studentes
1539 2653 1832 2749 admiran-

260 2749 372 2799 tur.
415 2744 810 2810 Universorum
862 2762 1006 2815 enim
1063 2764 1229 2835 Deus,
1265 2785 1412 2840 cum,
1457 2776 1524 2831 ad
1580 2779 1831 2839 homines

261 2837 558 2894 inveterato
585 2847 830 2915 stuporis
858 2854 1051 2909 morbo
1073 2855 1385 2918 laborantes
1404 2868 1569 2922 verba
1598 2869 1827 2940 faciens,

259 2927 441 2981 verbis
491 2946 601 2986 non
649 2939 1025 3009 persuaderet,
1073 2947 1237 3006 rebus
1268 2953 1598 3023 quibusdam
1633 2964 1828 3020 admu-

259 3016 452 3072 brabat
487 3020 688 3090 futura,
725 3029 1079 3104 visorumque
1128 3016 1558 3105 admirabilitate
1589 3052 1657 3107 ad
1695 3070 1828 3111 con-

257 3108 646 3170 siderationem
709 3134 804 3176 eos
854 3127 1124 3193 trahebat,
1184 3133 1276 3201 qui
1336 3139 1608 3206 pervicaci
1667 3120 1896 3203 erantc

254 3202 458 3259 animo.
496 3206 695 3264 Isaiam
747 3215 953 3288 quippe
1004 3223 1212 3279 nudum
1269 3233 1700 3304 conspicientes,
1758 3242 1824 3297 ad

253 3293 486 3353 insolitae
545 3303 619 3356 rei
679 3313 1051 3376 spectaculum
1123 3321 1534 3393 accurrebant,
1600 3345 1825 3388 causam

251 3387 519 3461 ejusmodi
577 3394 830 3455 incessus
877 3417 1214 3476 cognoscere
1267 3417 1571 3474 studentes.
1628 3419 1694 3476 Et
1731 3426 1824 3494 qui

250 3475 589 3537 Ezechielem
623 3488 808 3545 omnia
854 3493 944 3547 illa
998 3495 1288 3559 facientem
1329 3507 1609 3575 viderant,
1652 3511 1826 3572 facto-

254 3661 477 3718 modum
514 3669 898 3730 universorum
941 3677 1205 3741 Dominus
1244 3688 1461 3747 beatum
1495 3692 1687 3752 Oscam
1721 3701 1823 3754 imo

250 3754 405 3819 pellit
435 3754 502 3810 ad
559 3761 863 3821 ducendam
911 3786 1140 3831 uxorem
1205 3779 1561 3853 impudicam,
1624 3800 1682 3844 ut
1716 3791 1821 3848 hoc

247 3837 389 3910 facto
425 3848 606 3914 populi
635 3851 966 3920 impietatem
994 3837 1366 3936 coarguat,-et
1397 3890 1553 3930 suam
1577 3877 1818 3937 toleran-

242 3925 372 3981 tiam
426 3930 800 3995 incredibilem
847 3950 1119 4008 ostendat.
1177 3955 1233 4009 Si
1264 3974 1394 4015 vero
1429 3965 1815 4026 universorum

243 4017 385 4077 Deus
445 4024 673 4085 libidine
741 4036 1009 4103 perditam
1070 4052 1125 4099 et
1197 4047 1503 4109 adulteram
1560 4059 1816 4117 toleravit

244 4117 609 4187 Synagogam.
655 4129 710 4177 et
747 4141 866 4192 non
905 4135 1320 4194 contaminatus
1366 4150 1451 4199 cst
1504 4149 1813 4208 sanctitatis

236 4203 363 4260 fons
410 4223 509 4278 per
550 4210 820 4283 impuram
870 4221 1011 4277 hanc
1044 4233 1099 4279 et
1130 4232 1532 4290 exsecrabilem
1567 4253 1581 4290 :
1632 4254 1813 4309 neque

236 4298 495 4368 propheta
537 4319 602 4359 ex
639 4306 729 4361 illa
766 4311 949 4379 probri
987 4316 1147 4387 plena
1176 4336 1349 4377 uxore
1396 4328 1664 4384 maculam
1687 4348 1810 4389 sus-

234 4386 399 4457 cepit.
443 4389 560 4447 Non
619 4397 764 4452 enim
813 4386 1139 4474 appetitiOni
1176 4411 1389 4485 1315
1434 4386 1807 4481 immoderatis

234 4479 580 4547 inservienti,
631 4489 727 4544 sed
771 4491 862 4549 Dei
916 4497 1166 4568 imperiis
1216 4506 1639 4580 obtemperanti,
1679 4529 1803 4571 eum

231 4567 321 4622 illa
355 4576 692 4633 consuetudo
726 4567 1055 4641 intercessit.
1081 4589 1258 4663 Scopo
1302 4567 1481 4654 autem
1514 4608 1568 4658 et
1610 4618 1805 4675 propo-

228 4660 334 4714 sito
373 4662 574 4720 bonum
608 4680 660 4723 et
690 4673 891 4729 malum
928 4676 1160 4737 indicari
1194 4686 1480 4745 sciendum
1515 4701 1642 4752 est:
1698 4696 1804 4754 hoc

227 4751 376 4806 enim
410 4756 575 4813 modo
622 4765 1033 4825 matrimonium
1068 4773 1137 4829 ab
1174 4776 1447 4837 adulterio
1484 4786 1799 4855 sejunctum

226 4840 587 4916 dignoscitur,
619 4862 674 4908 et
708 4869 830 4911 cum
858 4859 1005 4916 coitu
1041 4863 1179 4921 nihil
1207 4867 1484 4942 diﬁcrant,
1514 4840 1800 4950 proposito

220 4939 279 4992 _et
325 4933 440 5005 lege
473 4937 771 5001 discrimen
822 4948 1253 5030 demonstratur,
1315 4971 1481 5035 atque
1515 4933 1643 5026 .hac‘
1668 4984 1796 5030 nota

224 5022 356 5078 illud
388 5025 718 5098 legitimum,
757 5037 857 5093 hoc
905 5022 1250 5117 illegitimnm
1291 5022 1798 5124 judicatur:

1985 510 2303 583 Ἱεζραέλ³⁸.
2335 536 2355 568 ι
2408 518 2548 586 Ἐγὼ
2584 521 2642 575 δὲ
2681 523 2948 595 θαυμάζω
2975 530 3094 584 λίαν
3124 510 3548 612 τοὺςντετολμη·

1970 600 2133 667 κότας
2158 605 2351 670 εἰπεῖν,
2375 607 2448 673 ὡς
2468 611 2534 681 ρή
2544 628 2690 682 ματα
2707 614 2880 671 ταῦτά
2904 619 3054 673 ἐστιν
3079 621 3264 694 ἔρημα
3283 600 3544 699 πραγμα-

1801 704 1865 767 p-
1968 708 2093 760 των,
2115 696 2205 748 καὶ
2231 699 2527 767 προσέταξε
2563 703 2663 771 μὲν
2692 707 2717 758 ό
2737 706 2846 760 τῶν
2874 707 3011 763 ὅλων
3029 710 3183 780 Θεὸς,
3207 715 3235 767 ό
3253 714 3311 769 δὲ
3333 696 3542 790 apo—cpi]-

1783 778 1863 845 it;
1966 799 2065 854 της
2100 786 2201 839 οὐκ
2233 787 2453 856 ἐλαϐεν,
2492 792 2625 846 ἀλλὰ
2655 794 2722 848 τὰ
2746 796 2848 867 μὲν
2891 800 3115 870 ῥήματα
3154 778 3539 879 προσεφέρετδ,
3577 842 3581 849 ο

1965 872 2032 926 τὰ
2058 873 2114 927 δὲ
2152 878 2449 948 πράγματα
2481 883 2582 937 οὐκ
2613 885 2842 952 ἐγίνετο.
2877 888 3027 943 Ἔδει
3055 891 3113 945 δὲ
3153 872 3540 961 συνιδεῖντοὺς

1963 966 2135 1020 ταῦτα
2169 968 2349 1038 λέγειν
2388 974 2819 1045 ἐπιχειροῦντας,
2858 980 2934 1044 ὡς
2959 980 3129 1051 πολλὰ
3163 984 3391 1041 τοιαῦτα
3415 988 3539 1042 πολ-

1962 1055 2118 1123 λάκις
2143 1060 2469 1133 προσέταξεν
2494 1067 2522 1117 ό
2541 1064 2674 1130 Θεός
2695 1083 2709 1097 ·
2739 1068 2828 1121 τὸν
2860 1071 2959 1141 μὲν
2981 1072 3093 1143 γὰρ
3121 1074 3350 1130 Ἡσαΐαν
3383 1077 3536 1133 λῦσαι

1961 1148 2053 1202 τὸν
2092 1151 2294 1205 σάκκον
2340 1153 2449 1206 ἀπὸ
2500 1155 2598 1225 τῆς
2627 1155 2829 1226 ὀσφύος
2876 1161 3156 1228 ἐκέλευσε,
3190 1166 3291 1219 καὶ
3333 1169 3536 1238 γυμνὸν

1961 1238 2205 1310 τρέχειν,
2257 1242 2351 1296 καὶ
2383 1243 2710 1301 ἀνυπόδετον
2733 1248 2805 1314 ³³,
2837 1251 2930 1304 καὶ
2960 1251 3104 1306 οὕτω
3134 1256 3411 1310 ποιεῖσθαι
3441 1259 3536 1328 τὴν

1960 1332 2300 1404 προφητείαν
2328 1350 2340 1364 ·
2404 1335 2479 1406 τῷ
2530 1336 2587 1390 δέ
2634 1338 2920 1411 Ἱερεμίᾳ,
2975 1344 3108 1397 ποτὲ
3158 1344 3258 1416 μὲν
3297 1345 3535 1413 ξυλίνους

1960 1422 2173 1486 κλοιοὺς
2217 1424 2294 1494 τῷ
2336 1426 2594 1499 τραχήλῳ
2638 1429 2943 1501 περιθεῖναι
2967 1472 2983 1498 ,
3021 1436 3154 1489 ποτέ
3183 1437 3240 1491 δὲ
3279 1438 3532 1513 σιδηροῦς

1959 1513 2342 1585 παρεγγύησεν
2364 1517 2411 1549 ³⁸
2435 1532 2449 1545 ⁸
2484 1518 2563 1589 τῷ
2582 1519 2640 1574 δὲ
2681 1521 2963 1594 Ἰεζεκιὴλ,
2988 1525 3080 1579 ἐπὶ
3109 1526 3216 1595 τῆς
3248 1530 3530 1603 εὐωνύμου

1958 1603 2350 1677 κατακλιθῆναι
2390 1608 2632 1680 πλευρᾶς
2666 1614 3006 1684 πεντήκοντα
3046 1617 3141 1671 καὶ
3170 1619 3367 1674 ἑκατὸν
3392 1622 3530 1693 mu-

1956 1708 2057 1760 ρας
2088 1694 2422 1764 προσέταξε,
2466 1699 2561 1753 καὶ
2607 1700 2701 1753 ἐπὶ
2744 1703 2841 1772 τῆς
2885 1703 3069 1771 δεξιᾶς
3099 1710 3526 1779 τεσσαράκοντα,

1950 1784 2043 1836 καὶ
2090 1789 2283 1856 φαγεῖν
2308 1788 2401 1843 τὸν
2444 1789 2608 1863 ἄρτον
2654 1793 2713 1845 ἐν
2752 1792 3025 1864 βολϐίτοις
3056 1797 3268 1871 κόπρου
3311 1802 3526 1873 ἀνθρω-

1950 1875 2132 1947 πίνης,
2172 1878 2268 1932 καὶ
2297 1878 2483 1934 λαϐεῖν
2522 1881 2691 1955 σκεύη
2723 1886 3123 1956 αἰχμαλωσίας,
3154 1891 3251 1945 καὶ
3280 1892 3524 1963 διορύξαι

1945 1966 2035 2021 τὸν
2057 1971 2233 2040 τοῖχον
2254 2011 2270 2037 ,
2323 1975 2417 2027 καὶ
2455 1966 2642 2030 ὲίκόνα
2673 1974 2977 2050 διαγράψαι
3027 1983 3345 2063 φευγόντων
3366 2027 3383 2053 ,
3432 1987 3524 2041 καὶ

1945 2058 2087 2114 οὕτω
2121 2064 2530 2134 προαγορεῦσαι
2570 2067 2665 2121 τὸν
2709 2069 2803 2123 τοῦ
2837 2071 3090 2127 Σεδεκίου
3118 2058 3381 2147 δρασμόν.
3413 2079 3522 2133 Καὶ

1947 2152 2121 2223 μυρία
2147 2153 2205 2207 δὲ
2234 2154 2370 2210 ἄλλα
2398 2157 2624 2211 τοιαῦτα
2650 2160 2958 2233 εὑρήσομεν
2982 2164 3040 2219 ἐν
3062 2167 3128 2236 τῇ
3158 2166 3278 2239 θείᾳ
3303 2169 3515 2240 Γραφῇ,

1942 2235 2017 2296 ὧν
2052 2245 2106 2298 εἴ
2143 2262 2226 2309 τις
2271 2247 2362 2300 τὸν
2397 2249 2602 2302 σκοπὸν
2631 2251 2981 2322 ἀγνοήσειεν,
3022 2256 3220 2323 ἀνάξια
3250 2258 3426 2313 ταῦτα
3452 2259 3519 2315 ἂν

1941 2333 2084 2389 εῖποι
2113 2337 2460 2408 προφητικῖῃς
2484 2339 2680 2411 ἀρετῆς
2701 2358 2713 2371 ·
2747 2344 2796 2396 οἱ
2828 2344 2885 2398 δέ
2914 2345 3004 2400 τοῦ
3034 2346 3171 2400 Θεοῦ
3200 2348 3299 2420 τὴν
3329 2350 3507 2418 φιλαν-

1941 2423 2185 2498 θρωπίαν
2217 2428 2455 2495 εἰδότες,
2516 2431 2611 2485 καὶ
2659 2433 2732 2497 ὡς
2779 2436 2999 2492 ἅπαντα
3042 2442 3374 2511 πρυτανεύει
3422 2445 3521 2514 τῆς

1937 2515 2044 2571 τῶν
2077 2517 2377 2588 ἀνθρώπων
2406 2520 2569 2575 ἕνεκα
2601 2525 2875 2596 σωτηρίας
2898 2567 2914 2593 ,
2979 2529 3232 2585 ἐντεῦθεν
3284 2533 3517 2604 μάλιστα

1937 2608 2153 2672 καὶτὰς
2184 2610 2283 2680 τῆς
2322 2610 2474 2676 Θείας
2505 2614 2781 2687 ὑμνῳδίαις
2829 2618 3195 2689 λαμϐάνουσιν
3236 2624 3511 2696 ἀφορμὰς,

1935 2705 2030 2757 καὶ
2077 2703 2204 2767 τοὺς
2270 2703 2593 2771 θεσπεσίους
2658 2708 3000 2781 θαυμάζουσι
3058 2716 3383 2787 προφήτας,
3434 2719 3512 2781 εἰς

1934 2791 2150 2848 ἅπαντα
2194 2789 2336 2860 εἶξαι
2388 2795 2466 2866 τῷ
2509 2798 2756 2872 Δεσπότῃ
2821 2801 3240 2874 προελομένους.
3295 2807 3356 2862 '0
3404 2809 3511 2877 γὰρ

1930 2882 2040 2936 τῶν
2066 2882 2203 2936 ὅλων
2227 2883 2381 2952 Θεὸς,
2425 2886 2612 2959 ἐπειδὴ
2655 2890 2791 2961 πρὸς
2813 2891 3139 2964 ἀνθρώπους
3175 2896 3508 2968 ἀναλγησίαν

1930 2975 2218 3040 νοσοῦντας
2248 2979 2372 3042 τοὺς
2404 2978 2594 3048 λόγους
2637 2984 2965 3055 ποιούμενος
3002 2985 3091 3041 διὰ
3121 2989 3383 3060 ῥημάτων
3410 2992 3508 3045 οὐκ

1931 3065 2136 3135 ἔπειθε,
2172 3067 2461 3141 πράγμασί
2501 3089 2642 3128 τισιν
2697 3075 3061 3147 ἐσκιαγραφει
3108 3079 3179 3133 τὰ
3225 3081 3505 3151 μέλλοντα,

1930 3158 2007 3229 τῷ
2039 3161 2329 3231 παραδόξῳ
2359 3161 2467 3216 τῶν
2510 3165 2808 3235 ὁρωμένων
2839 3169 2921 3232 είς
2960 3169 3194 3241 θεωρίαν
3225 3172 3353 3234 τοὺς
3382 3172 3503 3226 ἀτε-

1932 3253 2173 3326 ράμονας
2224 3256 2398 3313 ἕλκων
2424 3275 2437 3289 ·
2486 3259 2542 3312 οἵ
2589 3278 2647 3314 τε
2706 3262 2812 3333 γὰρ
2872 3263 2964 3318 τὸν
3037 3265 3263 3323 Ἠσαεαν
3318 3267 3504 3324 θέοντα

1926 3346 2132 3416 γυμνὸν
2176 3347 2411 3419 ὁρῶντες
2447 3349 2684 3422 ἔδραμον
2716 3352 2784 3406 ἂν
2833 3354 3103 3426 δήπουθεν
3150 3359 3231 3422 είς
3277 3360 3378 3432 τὴν
3409 3361 3501 3414 τοῦ

1926 3436 2116 3491 καινοῦ
2168 3439 2490 3510 πράγματος
2528 3442 2804 3515 θεωρίαν,
2854 3446 3049 3516 μαθεῖν
3082 3448 3367 3518 ἐφιέμενοι
3409 3450 3502 3504 τοῦ

1923 3529 2166 3584 τοιούτου
2187 3532 2392 3604 δρόμου
2424 3534 2522 3605 τὴν
2554 3537 2853 3609 πρόφασιν.
2896 3542 3009 3595 Καὶ
3029 3542 3079 3595 oi
3112 3542 3205 3597 τὸν
3244 3543 3500 3616 Ἰεζεκιὴλ

1923 3619 2107 3674 ἐκεῖνα
2135 3621 2311 3676 πάντα
2343 3624 2554 3695 δρῶντα
2589 3627 2876 3702 θεώμενοι,
2913 3632 3108 3704 ήροντο
3134 3634 3203 3687 ἂν
3235 3634 3312 3700 ὡς
3345 3636 3494 3701 εἰκὸς

1921 3708 2020 3781 τὴν
2058 3713 2239 3766 αἰτίαν
2286 3714 2394 3769 τῶν
2448 3719 2771 3786 γινομένων.
2827 3720 2984 3777 Οὕτω
3027 3722 3205 3779 τοίνυν
3251 3727 3349 3779 καὶ
3410 3726 3498 3782 τὸν

1925 3803 2194 3871 μακάριον
2245 3804 2403 3875 Ὠσηέ
2447 3811 2856 3880 παρασκευάζει
2900 3814 3008 3867 τῶν
3043 3815 3181 3869 ὅλων
3206 3818 3235 3870 ὁ
3271 3816 3492 3889 Κύριος,

1919 3893 2155 3957 γυναῖκα
2182 3894 2369 3949 λαϐεῖν
2421 3897 2720 3955 ἀκόλαστον
2746 3942 2763 3967 ,
2796 3904 2882 3959 ῖνα
2914 3905 3001 3958 διὰ
3043 3905 3138 3960 τοῦ
3185 3909 3491 3979 γινομένου.

1918 3983 2014 4034 καὶ
2048 3983 2140 4036 τοῦ
2168 3985 2296 4038 λαοῦ
2322 3988 2421 4057 τὴν
2456 3990 2713 4047 ἀσέϐειαν
2743 3994 2943 4069 ἐλέγξῃ
2962 4036 2976 4060 ,
3012 3996 3107 4051 καὶ
3140 3998 3237 4068 τὴν
3266 3999 3492 4063 οἰκείαν,

1918 4072 2163 4146 ἐπιδείξῃ
2212 4079 2618 4151 μακροθυμίαν.
2652 4085 2716 4139 Εἰ
2756 4085 2813 4139 δὲ
2839 4088 2868 4139 ὁ
2906 4088 3018 4142 τῶν
3062 4088 3199 4143 ὅλων
3233 4090 3367 4154 Θεὸς
3395 4090 3492 4160 τῆς

1916 4161 2216 4219 ἀκολάστου
2248 4168 2345 4221 καὶ
2366 4174 2716 4244 μοιχευτρίας
2740 4178 2984 4248 ἠνείχετο
3013 4180 3370 4250 Συναγωγῆς,
3398 4183 3490 4235 καὶ

1915 4255 2016 4310 οὐκ
2047 4256 2340 4328 ἐμολύνετο
2370 4264 2402 4333 ἡ
2438 4265 2536 4336 τῆς
2580 4266 2892 4341 ἁγιωσύνης
2923 4272 3075 4342 πηγὴ
3127 4274 3192 4326 ἐκ
3237 4275 3339 4345 τῆς
3389 4294 3488 4346 μυ·
3544 4320 3545 4323 η

1915 4349 2087 4417 σαρᾶς
2133 4350 2349 4421 ἐκείνης
2377 4351 2422 4386 ³³
2451 4355 2546 4409 καὶ
2570 4356 2855 4429 βδελυρέἰς,
2894 4362 3015 4417 οὐδὲ
3050 4366 3079 4417 ό
3112 4367 3398 4438 προφήτης
3424 4369 3486 4422 ἐκ

1836 4469 1882 4524 D
1910 4436 2008 4506 τῆς
2028 4437 2294 4509 ἀσελγοῦς
2318 4444 2536 4518 ἐκείνης
2569 4450 2830 4517 γυναικὸς
2862 4452 3053 4522 κηλίδα
3078 4454 3298 4519 ἐδέξατο
3325 4436 3484 4511 ὀὐδὲ

1909 4529 2021 4599 γάρ
2077 4532 2345 4607 ἐπιθυμίᾳ
2393 4542 2609 4611 πονηρᾷ
2648 4541 2953 4611 δουλεύων,
2999 4546 3137 4601 ἀλλὰ
3191 4548 3263 4602 τὰ
3305 4548 3484 4603 θεόθεν

1909 4628 2360 4699 προστεταγμένα
2402 4633 2668 4707 πληρῶν,
2713 4635 2813 4706 τῆς
2854 4637 3077 4707 ὁμιλίας
3116 4640 3336 4712 ἐκείνης
3389 4641 3480 4712 ἠν-

1902 4713 2112 4784 έσχετο.
2144 4718 2358 4776 Είδέναι
2383 4724 2441 4778 δὲ
2465 4726 2569 4797 χρὴ
2597 4765 2612 4791 ,
2647 4725 2722 4791 ὡς
2750 4726 2830 4797 τῷ
2853 4727 3043 4801 σκοπῷ
3083 4730 3145 4783 τό
3181 4748 3241 4784 τε
3277 4731 3478 4799 ἀγαθὸν

1902 4808 2093 4862 καὶτὸ
2142 4813 2311 4867 κακὸν
2344 4816 2624 4887 κρίνεται·
2686 4818 2865 4889 τούτῳ
2913 4820 3024 4892 γὰρ
3077 4821 3107 4874 ό
3162 4822 3343 4893 γάμος
3379 4823 3477 4893 τῆς

1904 4899 2150 4966 μοιχείας
2195 4902 2560 4975 κεχώρισται,
2612 4909 2707 4963 καὶ
2749 4910 2847 4979 τῆς
2892 4911 3180 4976 συνουσίας
3221 4912 3477 4983 οὐδεμίαν

1902 4986 2133 5056 ἐχούσης
2157 4989 2441 5063 διαφορὰν,
2475 4995 2555 5066 τῷ
2582 4998 2769 5070 σκοπῷ
2800 5001 2895 5054 καὶ
2915 5001 2993 5072 τῷ
3022 5002 3173 5072 νόμῳ
3202 5002 3261 5056 τὸ
3293 5003 3472 5072 διάφο-

1899 5092 1993 5146 ρον
2023 5076 2318 5146 δείκνυται,
2353 5083 2447 5136 καὶ
2485 5086 2626 5142 κατὰ
2656 5088 2829 5145 ταῦτα
2867 5089 2926 5143 τὸ
2978 5089 3078 5161 μὲν
3122 5089 3366 5160 ἔννομον,
3412 5088 3471 5144 τὸ

224 5121 343 5170 “ire
386 5121 659 5190 (ιιιῖειιῖθιη
702 5130 877 5196 Possit
914 5134 1020 5193 hoc
1070 5141 1213 5198 idem
1248 5144 1306 5200 in
1338 5148 1509 5216 ezede,
1553 5153 1600 5207 si
1632 5157 1794 5212 modo

224 5210 534 5255 considpmt
589 5216 847 5255 [nini-ﬁnit
903 5227 1046 5255 λης...
1094 5232 1353 5255 1.,..-ξμι
1444 5241 1456 5253 .
1506 5249 1518 5255 ,
1597 5248 1622 5255 _
1666 5248 1678 5255 .

1940 5121 1987 5128 ν,
2025 5121 2318 5146 --ηπ-...η
2355 5121 2447 5136 η..-
2487 5121 2626 5142 κιιυυι
2663 5121 2829 5145 suun.
2868 5121 2926 5143 ου
2978 5121 3077 5161 μιν
3122 5121 3366 5160 ενννμυν,
3413 5121 3465 5144 'W

1934 5168 1951 5220 ὲ
1996 5171 2312 5243 παράνομον
2347 5176 2614 5247 κρίνεται.
2659 5180 2831 5236 Τοῦτο
2883 5185 2976 5238 καὶ
3029 5185 3122 5239 ἐπὶ
3164 5185 3260 5239 τοῦ
3309 5186 3465 5255 φόνου

1898 5253 2267 5328 σκοπούμενον
2315 5261 2466 5335 εὖροι
2495 5285 2580 5331 τις
2624 5268 2709 5324 ἄν.
2761 5271 3002 5344 ’Λναιρεῖ
3026 5273 3134 5345 γάρ
3174 5274 3268 5328 καὶ
3304 5276 3330 5329 ό
3377 5274 3462 5328 ἀν-

295 5411 315 5448 τ
346 5412 451 5471 Isa.
481 5433 576 5486 xx,
598 5420 653 5475 2.
735 5426 987 5485 lHerem.
1026 5448 1196 5503 xxv",
1221 5438 1295 5505 2;
1333 5458 1527 5511 xxvm,
1567 5446 1654 5515 i5;
1700 5452 1785 5506 vel
1823 5453 1984 5524 juxta
2014 5440 2175 5528 LXX,
2202 5482 2389 5536 xxxiv,
2426 5472 2488 5537 2;
2517 5489 2685 5539 xxxv,
2726 5476 2810 5531 15.
2887 5480 2911 5520 1·
2944 5480 3137 5537 Ezech.
3165 5497 3239 5549 Iv,
3270 5482 3389 5538 ιησ.

1490 5586 1719 5643 VARUE
1763 5591 2162 5656 LECTIONES.

323 5662 364 5693 "
386 5667 482 5726 Ed.
516 5677 663 5742 prior
696 5680 820 5739 hab.
871 5687 1131 5763 Ίεσραήλ.
1211 5697 1253 5727 ³³
1290 5698 1327 5752 (3
1358 5701 1688 5775 ἀνυπόδητον
1786 5711 1829 5742 ³³

1852 5712 1891 5765 C
1924 5722 2297 5790 παρηγγύησε.
2378 5726 2419 5756 ³³
2453 5725 2534 5781 ἐκ.
2564 5726 2688 5786 Des.
2710 5732 2763 5786 iu
2788 5733 2848 5790 C.
