3912 6206
274 348 415 415 1557

1602 350 1682 408 ΙΝ
1713 347 1900 407 OSEE
1937 347 2095 410 CAP.
2131 350 2173 408 Ι.

3388 344 3552 413 1558.~

269 465 553 537 δροῖρόνος,
588 462 802 534 ἀναιρεῖ
843 463 937 517 καὶ
974 465 1004 517 6
1042 464 1340 535 δικαστής
1386 463 1504 517 ἀλλ’
1538 465 1566 517 6
1611 464 1712 533 μὲν
1750 465 1840 516 ὲν-

1949 460 2106 535 iudex
2138 480 2153 516 :
2189 461 2282 516 sed
2310 459 2398 515 hic
2429 461 2671 529 legitime
2705 470 2753 515 ct
2774 456 2943 527 iuste,
2980 460 3072 517 ille
3103 459 3292 533 inique
3323 472 3377 520 et
3408 465 3531 519 ille-

270 556 484 626 νόμως,
523 556 553 608 6
598 554 655 608 δὲ
708 554 1041 626 παρανόμως
1067 570 1080 584 ⁸
1111 557 1208 610 καὶ
1249 555 1313 609 τὸ
1348 555 1451 626 μὲν
1498 555 1661 627 ἔργον
1713 557 1848 611 ταύ-

269 645 385 706 τὸν,
411 644 491 715 τῷ
520 645 577 698 δὲ
604 644 793 715 σκοπῷ
825 645 1095 718 διαφέρει.
1122 645 1232 701 Καὶ
1266 647 1353 703 ἵνα
1380 646 1541 702 τοῦτο
1586 649 1850 718 σαφέστεο

274 754 369 808 ρον
395 737 505 790 ἀπὸ
556 738 657 808 τῆς
699 737 848 802 θείας
896 739 1121 810 Γραφῆς
1162 742 1570 813 μεταμάθωμεν
1596 744 1662 807 ³⁸,
1723 761 1851 801 suo.

272 831 542 898 στήσωμεν
562 828 732 892 οὕτως
745 829 810 883 ³⁷.
852 831 1168 899 Ἐφόνευσεν
1188 834 1216 885 6
1234 833 1391 896 Καῒν,
1409 833 1541 887 ἀλλὰ
1570 834 1851 906 βασκήνας

272 920 370 973 καὶ
404 920 545 991 δόλῳ
570 922 912 992 χρησάμενος
935 939 951 953 ο
986 924 1243 993 ἐφόνευσε
1265 926 1469 993 Φινεὲς,
1496 927 1632 981 ἀλλὰ
1671 927 1849 999 ζηλώ-

272 1031 397 1078 σας,
427 1014 523 1068 καὶ
554 1014 654 1084 τῆς
680 1015 965 1081 εὐσεϐείας
999 1017 1420 1090 ὑπερμαχήσας,
1455 1022 1551 1075 καὶ
1594 1021 1851 1092 βδελυξά-

276 1124 441 1178 μενος
486 1108 582 1180 τὴν
631 1109 926 1164 ἀσέϐειανο
960 1112 1054 1166 καὶ
1093 1113 1154 1166 τὺ
1185 1114 1283 1184 μὲν
1315 1114 1477 1184 ἔργον
1511 1116 1698 1182 ταύτὸ,
1736 1121 1764 1170 6
1791 1117 1849 1171 δὲ

272 1201 478 1264 σκοπὸς
520 1202 758 1266 ἐναντίος
797 1204 863 1256 ἐκ
904 1204 1220 1275 διαμέτρου.
1271 1205 1428 1260 Οὕτω
1474 1210 1567 1261 καὶ
1608 1209 1847 1280 ἡκλοπὴ

270 1289 384 1343 τῶν
418 1291 517 1360 μὲν
542 1291 647 1345 ὑπὸ
676 1291 769 1344 τοῦ
798 1292 965 1363 νόμου
999 1295 1489 1366 κατηγορουμένων
1522 1298 1671 1351 ἐστίν
1690 1316 1705 1329 ·
1731 1299 1847 1352 ἀλλ’

271 1380 468 1450 ἔκλεψε
510 1384 611 1453 τὴν
649 1383 898 1452 εὐλογίαν
925 1386 953 1437 6
997 1386 1195 1440 Ἰακὼϐ
1220 1427 1234 1449 ,
1289 1389 1387 1443 καὶ
1438 1391 1499 1442 οὺ
1553 1390 1713 1460 μόνον
1749 1391 1850 1464 τὴν

271 1473 610 1543 κατηγορίαν
634 1474 907 1543 διέφυγεν,
932 1476 1070 1529 ἀλλὰ
1091 1477 1185 1531 καὶ
1210 1479 1270 1531 ὲν
1296 1480 1496 1543 πάσαις
1520 1481 1658 1552 εύφη
1669 1485 1848 1551 μεῖται

266 1564 396 1626 ταῖς
438 1566 671 1630 γενεαῖς.
712 1565 1067 1635 Ἑνήστευσεν
1118 1566 1305 1631 Ἢλίας
1332 1570 1362 1621 6
1394 1570 1554 1633 πάνυ,
1591 1571 1850 1641 ἐνήστευ-

268 1670 376 1707 σαν
400 1655 458 1710 δὲ
503 1656 596 1710 καὶ
644 1657 695 1710 oi
731 1656 823 1710 τὸν
861 1658 1110 1712 Ναϐουθὲ
1148 1661 1580 1727 καταλεύσαντες
1607 1662 1652 1695 ³³
1673 1680 1690 1699 ο
1732 1663 1849 1719 ἀλλ’

264 1748 453 1859 (ξ’-μέν
496 1749 840 1859 φιλρσὲφῶν,
897 1752 948 1803 oi
999 1751 1056 1804 δὲ
1103 1755 1471 1822 συκοφαντίαν
1499 1757 1840 1827 τυρεύοντες.
1878 1798 1921 1859 Β

282 1838 547 1910 Ἦλέησεν
575 1841 604 1894 6
642 1842 816 1895 Σαοὺλ
862 1842 956 1895 τὸν
996 1844 1167 1914 may
1184 1846 1250 1909 ³⁹,
1283 1848 1378 1900 καὶ
1419 1849 1709 1921 ἐγυμνώθη
1746 1850 1843 1921 τῆς

266 1928 552 2000 βασιλείας
643 1936 962 2005 παράνομος
1013 1935 1122 2006 γὰρ
1176 1932 1246 2008 ἦν
1306 1940 1515 2004 ἐκεῖνος
1564 1943 1591 1994 6
1656 1943 1842 2007 ἕλεος·

264 2016 508 2091 ἔσφαξεν
551 2026 580 2077 6
623 2026 871 2097 Σαμουὴλ
920 2028 1014 2082 τὸν
1059 2030 1231 2098 Ἀγὰγ
1258 2072 1273 2095 ,
1337 2032 1433 2086 καὶ
1486 2034 1630 2089 θεῖον
1681 2036 1848 2108 νόμον

263 2113 578 2183 ἐπλήρωσε.
612 2117 721 2170 Καὶ
747 2118 882 2172 ἄλλα
912 2119 966 2171 δὲ
1001 2122 1171 2192 μυρία
1194 2122 1342 2177 ἔστιν
1380 2125 1560 2197 εὑρεῖν
1590 2129 1649 2181 οὐ
1694 2132 1846 2201 παρὰ

262 2205 350 2272 τῇ-
370 2202 495 2296 θείᾳ
526 2205 661 2280 μόνῃ
687 2208 899 2281 Γραφῇ,
932 2210 1069 2266 ἀλλὰ
1104 2214 1197 2266 καὶ¹
1231 2216 1288 2268 ἐν
1316 2219 1431 2282 τοῖς
1456 2219 1579 2273 καθ’
1606 2221 1845 2296 ἑκάστην

263 2295 486 2366 ἡμέραν
537 2299 668 2369 παρ’
712 2301 870 2371 ἡμῶν
922 2305 1281 2375 γιγνομένοις.
1319 2309 1426 2362 Καὶ
1470 2311 1499 2364 6
1543 2295 1847 2383 Θαυμάσιος

260 2387 451 2441 τοίνυν
500 2389 682 2459 Ὠσηὲ,
717 2391 817 2445 οὐκ
846 2393 1118 2466 ἐπιθυμίᾳ
1136 2396 1460 2467 δουλεύσας,
1511 2401 1651 2457 ἀλλὰ
1678 2404 1846 2471 θείοις

261 2476 535 2548 νεύμασιν
572 2480 743 2547 εἴξας,
771 2482 930 2537 ἔλαϐε
954 2485 1053 2559 τὴν
1079 2487 1307 2557 πόρνην,
1354 2490 1448 2543 καὶ
1490 2495 1672 2564 γάμου
1706 2515 1844 2552 παν-

260 2568 360 2633 τὸς
404 2565 473 2640 ἦν
523 2573 824 2645 σεμνοτέρα
868 2575 1050 2648 ἐκείνη
1087 2579 1118 2648 ἠ
1163 2579 1385 2649 ὁμιλία·
1439 2584 1499 2636 οὐ
1555 2586 1717 2655 μόνον
1761 2589 1844 2641 ὅτι

261 2661 416 2716 κατὰ
447 2662 589 2716 θεῖον
616 2664 826 2732 ἐγίνετο
852 2666 1049 2738 νεῦμα,
1084 2669 1200 2722 ἀλλ’
1243 2672 1431 2744 ἐπειδὴ
1463 2676 1557 2728 καὶ
1583 2676 1677 2729 τοῦ
1707 2678 1844 2732 Θεοῦ

260 2753 363 2808 τὸν
389 2754 557 2808 τύπον
584 2754 791 2810 ἐδείκνυ
810 2799 825 2821 ,
863 2758 957 2811 καὶ
1001 2759 1151 2823 ὅπως
1179 2762 1209 2813 6
1237 2761 1391 2831 ἅγιος
1432 2765 1527 2818 καὶ
1559 2768 1620 2820 ὲν
1667 2769 1846 2837 ἁγίοις

260 2846 706 2917 ἀναπαυόμενος,
733 2850 964 2919 νυμφίος
994 2854 1092 2923 τῆς
1126 2852 1426 2909 ἀκολάστου
1469 2858 1710 2928 πληθύος
1737 2862 1848 2916 τῶν

271 2937 634 3009 Ἰσραηλιτῶν
701 2941 1060 3013 ἐχρημάτιζε.
1138 2945 1595 3017 Παιδοποιήσαντι
1665 2953 1849 3008 τοίνυν

260 3029 421 3100 αὐτῷ
463 3030 676 3084 κελεύει
715 3033 1153 3104 προσαγορεῦσαι
1210 3036 1269 3090 τὺ
1317 3037 1506 3109 τεχθὲν
1563 3041 1800 3111 Ἰεζραέλ
1826 3060 1843 3077 ’

1947 552 2179 624 gitime;
2222 560 2275 607 et
2319 567 2445 606 cum
2492 551 2563 606 sit
2605 566 2777 605 unum
2809 560 2862 606 et
2895 552 3243 622 idemppus,
3279 553 3398 607 solo
3445 563 3529 608 ta-

1946 660 2075 700 men
2124 643 2406 715 proposito
2439 643 2641 706 differt,
2680 651 2735 697 et
2775 658 2964 712 scopo.
3021 640 3092 698 Ut
3125 659 3255 699 vero
3281 645 3528 715 apertius

1950 751 2018 791 ex
2061 727 2219 790 sacra
2258 733 2544 804 Scriptura
2581 734 2685 788 hoc
2728 748 3169 804 cognoscamus,
3204 736 3306 788 hac
3343 735 3525 790 censi-

1952 827 2233 883 deratione
2275 842 2412 896 opus
2452 834 2559 880 est.
2590 826 2803 880 Caedem
2849 825 2976 879 fecit
3005 826 3136 880 Cain
3168 826 3223 890 ί,
3262 827 3357 882 sed
3388 827 3530 882 inri-

1950 917 2042 971 dia
2082 916 2343 971 laborans
2372 926 2426 969 et
2448 914 2575 970 dolo
2603 916 2766 970 malo.
2794 914 3005 969 Caedem
3044 914 3171 970 fecit
3200 915 3434 971 Phincus
3464 916 3477 966 i
3508 957 3525 982 ,

1952 1008 2051 1067 sed
2096 1010 2115 1031 ¹
2158 1009 2273 1061 zelo
2316 1006 2708 1072 inﬂammatus,
2752 1014 2806 1061 et
2837 1022 2937 1077 pro
2987 1006 3189 1077 pietate
3243 1018 3523 1061 Certamen

1953 1100 2289 1170 suscipiens,
2319 1106 2484 1169 atque
2511 1099 2579 1154 ab
2606 1098 2886 1166 impietate
2914 1098 3239 1153 abhorrens.
3280 1096 3417 1151 llinc
3442 1107 3527 1152 est

1950 1192 2171 1261 quidem
2200 1206 2342 1261 opus
2375 1190 2540 1252 idem,
2584 1205 2786 1259 scopus
2822 1204 2954 1244 vero
2978 1197 3035 1245 et
3076 1189 3421 1260 propositum
3456 1206 3525 1243 ex

1950 1282 2217 1338 diametro
2242 1282 2606 1336 contrarium.
2642 1280 2847 1336 Eodem
2868 1280 3032 1336 modo
3067 1281 3269 1335 furtum
3303 1279 3523 1348 quidem

1951 1391 2050 1445 per
2083 1375 2258 1445 legem
2303 1374 2670 1444 improbatur,
2725 1389 2753 1428 a
2783 1382 2937 1442 patre
2976 1380 3159 1427 tamen
3191 1370 3525 1427 benedictio.

1951 1483 2077 1524 nem
2112 1466 2281 1521 Jacob
2338 1465 2552 1520 furatus
2595 1473 2680 1519 est
2704 1464 2725 1503 ἰ
2750 1505 2765 1528 ,
2800 1474 2856 1519 et
2886 1479 2997 1518 non
3026 1464 3194 1518 modo
3236 1463 3367 1518 furti
3418 1479 3529 1517 non

1949 1570 2036 1619 est
2066 1566 2383 1621 accusatus,
2419 1572 2609 1612 verum
2642 1557 2810 1611 etiam
2846 1570 2944 1625 per
2986 1570 3181 1610 omnes
3220 1556 3527 1627 generatio-

1948 1669 2049 1708 nes
2091 1652 2403 1707 celebratus
2453 1656 2560 1705 est.
2605 1647 2887 1717 Jejunavit
2930 1647 3078 1701 Elias
3124 1647 3216 1701 ille
3254 1661 3534 1716 magnus,

1946 1744 2263 1814 jejunarunt
2294 1749 2351 1796 et
2388 1741 2446 1794 hi
2488 1739 2584 1810 qui
2649 1738 2959 1793 Nabothun
3004 1738 3279 1807 lapidibus
3327 1739 3526 1792 obrue-

1951 1846 2077 1892 runt
2110 1835 2130 1875 1
2166 1853 2181 1890 :
2208 1835 2305 1892 sed
2337 1835 2430 1889 ille
2457 1832 2767 1887 honestatis
2813 1829 3022 1894 studio,
3054 1830 3112 1884 hi
3140 1845 3270 1885 vero
3313 1830 3525 1884 calum-

1948 1930 2094 1984 niam
2146 1933 2513 1996 aucupantes.
2554 1922 2688 1977 Saul
2740 1921 3058 1977 misericors
3103 1936 3229 1992 erga
3277 1923 3520 1993 Agagum

1949 2020 2077 2086 fuit,
2104 2028 2163 2075 et
2191 2018 2457 2089 spoliatus
2493 2015 2595 2069 fuit
2638 2028 2825 2084 regno,
2861 2013 3049 2083 iniqua
3078 2015 3225 2069 enim
3256 2022 3375 2069 erat
3409 2014 3519 2068 haec

1948 2110 2372 2175 misericordia;
2442 2106 2666 2162 Samuel
2730 2104 3013 2160 interfecit
3067 2106 3310 2177 Agagum
3363 2117 3403 2146 ω
3467 2114 3522 2161 et

1946 2202 2054 2273 legi
2095 2202 2295 2257 divina:
2341 2198 2639 2255 satisfecit.
2695 2195 3016 2252 istiusmodi
3079 2197 3185 2251 alia
3236 2188 3533 2251 innumera-

1948 2287 2195 2350 it'wenire
2216 2292 2375 2347 facile
2400 2299 2505 2357 est,
2533 2303 2714 2358 neque
2737 2288 2793 2341 in
2823 2300 2981 2342 sacra
3016 2294 3229 2341 tantum
3269 2285 3520 2356 Scriptu-

1948 2402 2046 2453 ra,
2102 2401 2289 2442 verum
2330 2385 2494 2440 etiam
2541 2382 2595 2436 in
2636 2380 2711 2435 iis
2756 2394 2880 2450 quae
2922 2379 3174 2449 quotidie
3229 2378 3371 2433 inter
3422 2393 3524 2432 nos

1950 2482 2109 2537 fiunt.
2146 2478 2508 2534 Admirabilis
2544 2476 2759 2548 1316
2807 2476 2991 2544 itaque
3028 2471 3219 2540 Oseas,
3250 2488 3362 2527 non
3397 2472 3520 2526 libi-

1950 2571 2064 2626 dini
2100 2570 2370 2632 serviens,
2428 2568 2525 2623 scd
2578 2567 2735 2620 nutui
2781 2565 2971 2620 divino
3033 2577 3226 2632 parcre
3271 2563 3527 2627 studens,

1949 2679 2173 2718 uxorem
2207 2662 2365 2716 duxit
2412 2658 2779 2721 meretricem,
2816 2663 2981 2725 atque
3027 2654 3286 2709 omnibus
3314 2653 3530 2721 nuptiis

1949 2758 2153 2812 castior
2179 2765 2236 2809 et
2264 2751 2592 2807 laudabilior
2616 2750 2734 2804 haec
2765 2749 3005 2804 societas
3052 2747 3155 2800 fuit
3194 2764 3206 2796 :
3243 2760 3421 2813 neque
3450 2746 3525 2798 ob

1948 2848 2002 2903 id
2035 2843 2399 2914 solum,quod
2427 2858 2495 2898 ex
2526 2841 2617 2896 Dei
2648 2848 2785 2894 nutu
2808 2846 2863 2894 et
2894 2837 3127 2892 arbitrio
3157 2835 3302 2890 facta
3331 2833 3518 2896 fuerit,

1948 2940 2044 2994 scd
2075 2941 2239 2992 etiam
2274 2935 2425 3004 quod
2472 2932 2638 2988 Deum
2671 2931 2847 3001 figura
2893 2930 3128 2999 quadam
3164 2928 3527 2998 expresserit.

1949 3028 2365 3099 significaturus
2411 3041 2523 3098 quo
2562 3032 2724 3095 pacto
2748 3031 2976 3079 sanctus
3007 3020 3118 3084 ille,
3149 3030 3203 3075 et
3231 3020 3284 3073 in
3317 3018 3525 3075 sanctis

267 3139 285 3173 ι
336 3121 482 3175 Διότι
537 3122 617 3177 ἔτι
670 3125 896 3196 μικρὸν,
948 3125 1102 3179 uel“
1156 3128 1432 3198 ἐκδικήσω
1477 3131 1538 3184 τὸ
1571 3109 1712 3203 αἷμα
1749 3134 1842 3189 τοῦ

1949 3125 2324 3194 requiescens,
2356 3132 2621 3190 sponsum
2650 3130 2710 3172 se
2743 3113 2939 3169 fecerit
2966 3112 3355 3168 contaminatae
3378 3109 3522 3164 mul-

272 3211 518 3282 Ἱεζραὲλ
546 3253 560 3277 ,
608 3215 763 3266 61:1“
814 3214 906 3267 τὸν
955 3210 1104 3268 οἷκον
1143 3217 1283 3287 Ἰηοῦ
1309 3260 1323 3283 ,
1360 3220 1454 3273 καὶ
1506 3225 1847 3279 καταπαύσω

261 3301 549 3373 βασιλείαν
578 3303 728 3357 οἰκου
787 3302 1020 3376 Ἰσραήλ.
1051 3306 1135 3373 (δ’,
1184 3307 1268 3374 ε’).
1301 3309 1409 3361 Καὶ
1458 3310 1632 3376 ἔσται,
1686 3317 1745 3368 ὲν
1776 3318 1842 3387 τῇ

259 3393 456 3462 ἡμέρα
493 3394 675 3465 ἐκείνῃ
718 3396 993 3466 συντρίψω
1016 3397 1077 3450 τὸ
1114 3397 1267 3463 τόξον
1298 3401 1394 3454 τοῦ
1442 3403 1660 3474 Ἰσραὴλ
1688 3407 1746 3459 ὲν
1776 3411 1842 3480 τῇ

260 3485 477 3539 κοιλάδι
503 3484 598 3537 τοῦ
644 3486 900 3555 Ἰεζραέλ.
943 3505 961 3537 ι
1007 3488 1071 3543 "0
1093 3489 1146 3542 δὲ
1178 3490 1346 3558 λέγει,
1381 3495 1620 3549 τοιοῦτον
1653 3500 1803 3554 ἐστιν
1827 3515 1841 3530 ⁸

271 3575 537 3644 Ἰεζραὲλ
568 3577 627 3629 τὸ
650 3579 848 3647 χωρίον
884 3578 1053 3645 ἐστὶν,
1088 3581 1146 3633 ἐν
1175 3575 1218 3649 ᾧ
1248 3584 1495 3638 Ναϐουθὲ
1534 3587 1633 3657 τὴν
1657 3589 1842 3645 ἄδικον

259 3667 488 3738 εκείνην
519 3668 774 3737 ὑπέμεινε
805 3671 1019 3742 σφαγήν
1040 3687 1055 3702 ⁸
1084 3673 1114 3725 6
1142 3672 1197 3725 δὲ
1227 3675 1412 3743 Ἰηοῦ,
1440 3678 1468 3730 6
1490 3679 1678 3734 τούτου
1706 3686 1845 3738 κατὰ

260 3759 421 3813 θείαν
452 3756 647 3828 βουλὴν
677 3757 965 3826 γενόμενος
996 3761 1254 3832 τιμωρὸς,
1295 3757 1339 3831 ᾧ
1364 3766 1629 3837 ὑπέσχετο
1655 3772 1684 3824 6
1712 3772 1846 3837 Θεὸς

227 3849 358 3916 ,διὰ
400 3849 472 3902 τὰ
509 3849 650 3905 κατὰ
674 3851 773 3919 τῆς
824 3850 1055 3916 Ἰεζαόὲλ
1076 3852 1122 3884 ’⁵³
1154 3854 1302 3925 αὐτῷ
1349 3861 1724 3930 γεγενημένα,
1765 3865 1845 3927 εἰς

242 3939 539 4026 ῖτετάρτην
567 3938 759 4006 γενεὰν
801 3938 1111 4009 διαρκέσειν
1136 3941 1232 4011 τὴν
1276 3942 1575 4013 βασιλείαν.
1626 3951 1843 4022 Ἐπειδὴ

263 4029 453 4084 τοίνυν
486 4029 534 4081 οί
576 4031 641 4082 ἑκ
666 4028 857 4082 τούτου
894 4029 1063 4101 λήθην
1092 4032 1189 4102 τῆς
1217 4033 1367 4098 θείας
1399 4036 1588 4091 ἔλαϐον
1618 4042 1845 4112 εὐεργε-

266 4121 418 4184 σίας,
453 4120 544 4173 καὶ
577 4119 675 4190 τὴν
710 4120 819 4174 τῶν
859 4120 965 4190 πρὸ
997 4122 1175 4178 αὐτῶν
1217 4118 1680 4191 βεϐασιλευκύτων
1713 4132 1842 4203 ἐζή-

263 4212 452 4267 λωσαν
487 4212 823 4277 δυσσέϐειαν,
853 4212 1069 4266 ἀπειλεῖ
1100 4215 1129 4266 6
1151 4213 1282 4279 Θεὸς
1312 4218 1406 4269 καὶ
1437 4219 1645 4291 ταύτην
1672 4240 1846 4276 κατα.

266 4305 506 4361 παύσειν
555 4302 653 4375 τὴν
704 4302 1012 4373 βασιλείαν,
1051 4306 1145 4358 καὶ⁹
1196 4305 1290 4358 τοῦ
1344 4308 1555 4381 Ἰσραὴλ
1599 4313 1658 4364 τὸ
1691 4314 1848 4379 τόξον

268 4398 592 4471 συντρίψειν
614 4437 629 4462 ,
664 4397 950 4462 τουτέστι,
984 4394 1314 4450 καταλύσειν
1364 4399 1462 4471 τὴν
1516 4402 1747 4475 δύναμιν
1783 4410 1845 4461 ἐν

266 4494 337 4562 τῇ
367 4490 578 4545 κοιλάδι
628 4488 723 4542 τοῦ
770 4488 1038 4559 Ἰεζραέλ·
1080 4488 1179 4559 οὐχ
1226 4488 1414 4552 ἁπλῶς
1460 4491 1517 4543 δὲ
1558 4492 1711 4548 τοῦδε
1748 4497 1843 4549 τοῦ
1876 4477 1920 4531 D

268 4581 456 4654 χώρου
491 4581 589 4652 τὴν
613 4580 836 4651 μνήμην
878 4580 1174 4650 ἐποιήσατο
1193 4619 1207 4643 ,
1246 4578 1381 4633 ἀλλὰ
1409 4580 1509 4651 τῆς
1539 4582 1688 4647 θείας
1718 4586 1851 4640 ἀνα-

274 4673 606 4744 μιμνήσκων
666 4671 981 4742 εὐεργεσίας
1031 4672 1123 4725 τὸν
1168 4673 1423 4742 τηνικάδε
1456 4675 1678 4744 βασιλέα
1704 4719 1718 4742 ,
1753 4681 1848 4733 καί

268 4764 544 4819 διδάσκων
567 4802 583 4827 ,
634 4763 719 4816 ὅτι
766 4761 1019 4834 καθάπερ
1055 4763 1212 4828 δίκας
1251 4765 1544 4838 εἰσέπραξε
1579 4771 1704 4834 τοὺς
1758 4770 1850 4825 τὸν

270 4854 528 4909 Ναϐουθὲ
557 4853 1013 4922 κατασφάξαντας
1047 4854 1133 4909 διὰ
1165 4855 1260 4908 τοῦ
1311 4858 1655 4930 προπάτορος
1684 4860 1849 4913 αὐτοῦ

284 4940 429 5012 Ἰηοῦ
453 4958 465 4970 ·
504 4940 647 4994 οὕτω
685 4945 782 4995 καὶ
810 4943 1008 5005 αὐτοὺς
1036 4942 1134 5014 τῆς
1160 4943 1239 5006 είς
1266 4944 1427 4997 αὑτὸν
1455 4946 1848 5020 ἀγνωμοσύνης

271 5033 573 5103 ἀπαιτήσει
606 5034 814 5104 ποινήν.
860 5033 1082 5097 Τούτοις
1119 5035 1351 5103 ἐπάγει,
1405 5038 1488 5090 ὅτι
1533 5039 1627 5091 καὶ
1662 5039 1851 5111 ἕτερον

272 5124 474 5195 ἐτέχθη
533 5125 785 5190 παιδίον,
834 5126 928 5179 καὶ
967 5125 1074 5179 ὑπὸ
1118 5125 1211 5179 τοῦ
1257 5126 1394 5180 Θεοῦ
1428 5128 1537 5181 τῶν
1581 5131 1718 5184 ὅλων
1750 5134 1848 5203 τὴν

1949 3216 2201 3272 titudinis
2235 3212 2631 3269 lsraelitarum.
2672 3206 2862 3276 Itaque
2891 3205 3086 3269 illium,
3131 3218 3293 3273 quem
3337 3209 3527 3257 sustu-

1947 3308 2128 3370 lisset,
2171 3305 2341 3375 jussit
2380 3300 2651 3357 nominari
2683 3297 2920 3353 Jezrael.
2954 3314 2974 3347 ι
3008 3294 3148 3361 Quia
3188 3294 3368 3351 adhuc
3403 3307 3517 3345 mn-

1949 3397 2153 3460 dicum,
2184 3402 2242 3452 et
2271 3394 2510 3449 ulciscar
2538 3389 2860 3461 sanguinem
2916 3385 3180 3441 Jezraelis
3221 3398 3387 3455 super
3419 3384 3524 3437 do-

1948 3503 2096 3542 mum
2134 3484 2271 3541 Jehu
2303 3502 2318 3540 :
2356 3491 2413 3539 et
2440 3483 2724 3554 quiescere
2747 3479 2944 3533 faciam
2967 3492 3194 3547 regnum
3220 3475 3523 3532 domusls-

1947 3580 2132 3636 raelis.
2169 3577 2357 3649 (Vnus.
2389 3576 2467 3647 5.)
2513 3575 2575 3628 Et
2601 3576 2725 3638 erit,
2759 3575 2854 3628 illo
2896 3573 2987 3627 die
3034 3571 3280 3640 frangam
3333 3583 3521 3622 arcum

1948 3671 2169 3727 lsraelis
2217 3669 2273 3723 in
2308 3669 2452 3724 valle
2501 3666 2788 3721 Jezraelis.
2854 3662 3209 3732 {Ejusmodi
3258 3671 3340 3717 est
3375 3660 3522 3729 quod

1949 3762 2126 3818 dicit:
2178 3759 2392 3816 Jezrael
2439 3759 2593 3814 locus
2642 3766 2747 3821 est,
2786 3756 2882 3811 ubi
2928 3754 3149 3809 Naboth
3191 3751 3393 3821 injusta
3429 3751 3523 3805 illa

1949 3855 2097 3912 cmde
2132 3865 2358 3909 necatus
2387 3851 2488 3906 fuit
2522 3849 2696 3904 :Jehu
2728 3863 2858 3903 vero
2884 3846 3070 3901 divino
3101 3845 3330 3900 consilio
3360 3843 3529 3912 hujus

1950 3947 2148 4002 mortis
2181 3945 2375 4001 vindex
2408 3943 2587 3998 factus
2626 3950 2710 3996 est
2741 3958 2755 3995 :
2784 3939 2873 3994 cui
2912 3937 3177 3991 Dominus
3216 3936 3286 3990 ob
3318 3950 3380 3990 ea
3403 3949 3531 4005 qtm

1950 4046 2146 4093 contra
2191 4034 2497 4090 Jezahelem
2544 4030 2770 4095 fecerat,
2809 4043 2985 4099 usque
3030 4026 3098 4081 ad
3136 4035 3389 4097 quartam
3431 4039 3524 4093 ge-

1950 4131 2295 4187 nerationem
2337 4140 2563 4197 regnum
2610 4137 3034 4193 permansurum
3067 4134 3190 4173 esse
3245 4116 3522 4187 pollicitus

1951 4230 2028 4278 est
2064 4230 2111 4276 ι.
2146 4220 2214 4274 Ut
2239 4232 2368 4274 vero
2398 4216 2603 4287 posteri
2641 4216 2698 4268 in
2742 4213 3070 4271 oblivionem
3100 4209 3298 4263 divinae
3329 4205 3528 4261 beneﬁ-

1952 4312 2144 4367 centiae
2175 4315 2461 4373 venerunt,
2496 4312 2549 4360 et
2583 4318 2794 4365 eorum,
2833 4304 2925 4372 qui
2975 4308 3135 4355 antea
3172 4305 3517 4368 regnassent.

1952 4402 2285 4472 impietatem
2344 4395 2550 4451 imitari
2596 4402 2901 4464 coeperunt.
2939 4393 3183 4446 minatur
3264 4387 3526 4442 Dominus

1949 4508 2009 4549 se
2036 4493 2199 4547 etiam
2244 4491 2346 4543 hoc
2378 4500 2606 4555 regnum
2640 4483 2944 4538 deletorum
2989 4488 3043 4534 et
3082 4492 3271 4531 arcum
3307 4474 3524 4530 lsraelis

1947 4582 2391 4643 confracturum,
2422 4578 2526 4632 hoc
2552 4583 2657 4642 est,
2690 4574 2832 4628 vires
2873 4579 2926 4626 et
2963 4568 3260 4641 potentiam
3291 4566 3347 4620 in
3381 4564 3524 4620 valle

1947 4673 2212 4729 Jezraclis
2261 4669 2662 4726 dissoluturum
2696 4679 2841 4720 esse.
2893 4661 3013 4716 Non
3068 4660 3167 4714 abs
3219 4673 3279 4712 re
3336 4664 3522 4711 autem

1947 4764 2118 4835 hujus
2166 4762 2269 4816 luci
2309 4760 2645 4816 mentionem
2689 4755 2844 4819 fecit,
2886 4753 2980 4810 sed
3018 4750 3082 4805 ad
3118 4749 3317 4803 divina:
3370 4748 3525 4802 beni-

1949 4858 2181 4929 gnitatis
2230 4852 2547 4910 memoriam
2585 4863 2845 4905 revocare
2891 4845 3124 4914 cupiens
3176 4856 3357 4910 regem
3410 4846 3526 4893 tum

1957 4960 2301 5020 regnantem,
2346 4960 2418 5000 ac
2480 4944 2708 5004 docens,
2763 4939 2907 4994 sicut
2940 4949 3037 5006 per
3092 4932 3230 4989 .iehu
3266 4945 3527 5002 proavum

1956 5042 2079 5113 eius
2109 5055 2300 5111 poenas
2340 5039 2408 5093 de
2461 5037 2570 5100 bis,
2617 5035 2710 5107 qui
2752 5031 3060 5086 Nabothum
3112 5024 3529 5088 interfecerant,

1960 5143 2273 5205 ευιιψειιιοι
2307 5133 2594 5192 Dominus,
2644 5129 2721 5183 ita.
2753 5127 2905 5181 illum
2934 5123 3003 5177 ab
3039 5122 3159 5191 ejus
3188 5115 3530 5176 successori-

355 5334 372 5372 ί
409 5332 649 5410 διδοῖ-ιν,
683 5332 737 5386 8.
856 5334 1031 5410 fiam.
1063 5351 1189 5410 mg,
1213 5334 1265 5389 8.
1346 5337 1370 5376 ιι
1408 5335 1738 5404 Gen.xxvu,
1771 5338 1842 5393 2‘2
1876 5353 2028 5410 seqq.
2109 5336 2129 5376 ι
2170 5336 2235 5392 lll
2269 5333 2405 5406 Reg.
2436 5348 2527 5397 xx,
2560 5331 2593 5384 4
2618 5343 2772 5398 seqq.
2851 5335 2890 5363 ω
2926 5324 2943 5378 1
2977 5323 3107 5393 Reg.
3143 5338 3232 5386 xv,
3274 5317 3342 5372 52
3369 5328 3524 5382 seqq.

273 5402 433 5474 iuxta
456 5402 621 5457 Lxx.
698 5410 728 5439 ιι
761 5403 827 5457 ιν
855 5402 988 5473 ιιρςτ.
1023 5421 1077 5469 χ,
1110 5407 1198 5463 50.

1549 5585 1783 5642 VARIAE
1825 5583 2232 5642 LECTIONES.

352 5697 398 5770 ’ἕ
428 5698 468 5752 C
520 5699 945 5769 καταμάθωμεν.
1020 5704 1060 5733 δ⁷
1091 5703 1130 5755 (1
1164 5701 1381 5754 οὑτωσί.
1457 5702 1500 5732 ³⁸
1538 5719 1660 5755 κατ.
1692 5701 1763 5753 Ita
1799 5701 1861 5759 (Ἰ,
1900 5719 1929 5770 q

759 5770 793 5822 Ζ.
829 5766 979 5841 φησί.
1082 5773 1121 5803 δι
1158 5773 1268 5827 ἐπί.
1298 5773 1368 5826 Ita
1394 5772 1456 5838 (Β,
1497 5782 1553 5826 ut
1589 5772 1746 5826 LXX.
1796 5766 1929 5827 l‘ldit'
1947 5774 2092 5843 prior
2145 5766 2375 5825 habebat
2425 5766 2539 5819 καί.

286 5767 332 5798 ⁸⁸
366 5769 445 5821 ἔτι
485 5788 542 5839 μ.
584 5767 697 5823 καί.
733 5770 793 5824 C.
829 5767 979 5841 φησί.

1939 5718 2059 5755 uem
2112 5700 2413 5768 sequimur.
2449 5694 2615 5768 Sirm.
2640 5689 3063 5768 aaraltignfgtfs.

3143 5681 3183 5711 ³⁹
3202 5676 3259 5732 ‘C
3294 5675 3494 5750 "A117.

2638 5765 2681 5796 η
2707 5763 2747 5817 u
2794 5754 3040 5822 Ἰεζάϐελ.
