3912 6206
410 323 546 392 1559
1400 337 1889 400 THEODORETI
1945 343 2068 402 EPI
2079 344 2286 405 SCOPI
2317 349 2682 412 CYRENSIS
3542 355 3674 422 1560

407 439 509 494 lms
535 441 702 496 animi
751 441 950 514 ingrati
1003 445 1026 464 '
1063 458 1279 513 poenam
1310 460 1433 502 esse
1467 449 1850 518 repetiturum.
1900 449 1951 521 [G

2083 458 2456 528 προσηγορίαν
2479 457 2790 524 ἀνεδέξατο.
2810 459 3095 515 Ἑκέλευσε
3121 462 3229 533 γὰρ
3254 464 3450 536 αὐτὴν,
3486 471 3672 538 φησιν,

407 529 502 584 llis
565 530 757 595 addit,
809 534 1039 587 alterum
1121 533 1288 588 fetum
1365 537 1679 610 suscepisse
1742 540 1935 595 Oseam

2095 548 2217 600 Οὐκ
2268 549 2612 619 ὴλεημένην
2660 551 2929 622 κληθῆναι
2956 569 2970 583 ο
3039 529 3211 608 τοῦτο-
3248 529 3562 626 διδάσκων,

409 619 622 690 1317
652 636 885 691 eumque
932 637 961 674 a
1013 619 1122 677 Deo
1161 625 1540 680 universorum
1584 643 1780 684 nomen
1834 643 1951 684 rece

2091 634 2277 690 οὐκέτι
2305 638 2394 692 τὸν
2435 639 2650 711 Ἰσραὴλ
2676 619 2896 704 ἀξιώσει
2921 642 3351 714 φιλανθρωπίας.

409 716 570 780 pisse.
607 711 779 767 Jussit
805 713 971 776 enim,
1000 714 1099 778 ait,
1139 715 1284 769 illam
1316 719 1498 773 vocari
1526 717 1733 790 Absque
1785 720 2153 780 misericordia
2177 768 2191 793 ,
2224 727 2431 786 docens
2497 731 2758 786 nimirum
2820 747 2881 788 se
2931 749 3043 790 non
3112 711 3348 807 amplius
3418 738 3672 796 lsraeleni

408 803 791 858 misericordia
829 820 952 860 esse
988 813 1432 875 prosecuturum.

474 895 644 951 Vens.
669 896 724 949 7.
757 915 774 948 ι
806 896 1074 953 Filiorum
1131 908 1314 956 autem
1346 901 1522 967 Judaa,
1561 904 1764 976 inquit,
1813 904 1979 959 misc-

402 989 585 1053 rebor,
617 997 672 1044 et
703 990 928 1046 salvabo
956 1007 1050 1046 eos
1069 1009 1168 1064 per
1191 993 1482 1050 Dominum
1509 996 1676 1052 Deum
1702 997 1975 1066 ipsorum,

401 1089 456 1136 et
487 1097 598 1136 non
630 1081 859 1136 salvabo
882 1097 977 1138 eos
1011 1099 1107 1154 per
1138 1100 1349 1151 arcum,
1379 1101 1556 1158 neque
1587 1103 1684 1158 per
1709 1088 1973 1159 gladium,

2153 904 2215 969 ζ’.
2247 925 2265 959 ι
2294 907 2433 972 Τοὺς
2461 909 2516 962 δὲ
2542 910 2691 974 υἱοὺς
2717 912 2907 974 Ἰούδα,
2943 913 3130 984 φησὶν,
3149 914 3358 987 ἐλεήσω
3386 922 3481 974 καὶ
3517 873 3703 981 σώσωΙ

2081 994 2275 1059 αὐτοὺς
2300 998 2358 1050 ἐν
2391 999 2582 1070 Κυρίῳ
2608 1001 2728 1072 Θεῷ
2757 1001 2958 1070 αὐτῶν,
2986 1005 3080 1058 καὶ
3121 1007 3182 1059 οὐ
3208 1009 3366 1063 σώσω
3397 1014 3597 1079 αὐτοὺς
3617 1019 3671 1072 ἐν

2081 1083 2237 1154 τόξῳ,
2251 1087 2371 1141 οὐδὲ
2395 1088 2454 1140 ἐν
2473 1091 2737 1162 ῥομφαίᾳ,
2755 1092 2873 1146 οὐδὲ
2901 1094 2959 1146 ἐν
2983 1093 3223 1167 πολέμῳ,
3244 1099 3366 1152 οὐδὲ
3383 1103 3443 1154 ἐν
3461 1104 3665 1171 ἵπποις,

401 1188 581 1242 neque
628 1189 726 1244 per
746 1174 976 1238 bellum,
1013 1191 1188 1246 neque
1245 1193 1342 1246 per
1401 1195 1599 1249 equos,
1655 1195 1834 1251 neque
1879 1195 1951 1251 pe:

2080 1175 2201 1230 οὑδέ
2229 1178 2287 1231 ἐν
2325 1179 2570 1238 ἱππεῦσι.
2611 1201 2631 1235 ι
2664 1181 2858 1252 Σαφῶς
2895 1184 3065 1238 δὲδιά
3087 1188 3297 1243 τούτων
3335 1192 3577 1262 ἐδήλωσε
3604 1199 3665 1252 τὰ

399 1264 636 1332 equites.
680 1282 701 1316 ι
743 1265 840 1321 His
879 1275 1064 1322 autem
1101 1276 1290 1338 aperte
1349 1268 1695 1326 demonstrat
1741 1287 1806 1326 ea
1852 1287 1951 1342 qua

2079 1267 2223 1321 κατά
2258 1269 2350 1322 τὸν
2369 1271 2744 1360 Σενναχηρεὶμ
2789 1276 3133 1346 γεγενημένα
3155 1296 3170 1311 ο
3202 1284 3514 1349 τηνικαῦτα
3549 1288 3654 1360 γὰρ

399 1353 542 1410 faeta
581 1355 804 1411 fuerunt
830 1367 1022 1412 contra
1051 1357 1545 1416 Senuacherimum
1565 1369 1614 1416 ο.
1645 1361 1799 1417 Tunc
1823 1362 1951 1418 enin

2075 1357 2136 1409 ού
2175 1359 2536 1429 παρατάξεως
2588 1363 2891 1434 γενομένης
2927 1367 3241 1439 ἡττήθησαν
3272 1372 3323 1424 οί
3369 1353 3661 1448 Ἀσσύριοι,

399 1461 508 1502 non
542 1447 815 1503 instructa
855 1450 975 1505 acie
1003 1450 1213 1522 Assyrii
1253 1451 1386 1506 victi
1413 1459 1568 1518 sunt,
1605 1452 1702 1508 sed
1745 1453 1951 1524 angelo!

2073 1450 2188 1504 ἀλλ’
2218 1451 2481 1524 ἀγγελικῇ
2511 1453 2737 1525 δυνάμει
2769 1457 2965 1509 ἐκατὸν
3018 1457 3348 1531 ὀγδοήκοντα
3399 1447 3565 1520 πέντε
3595 1469 3663 1522 διο

398 1554 518 1593 rum
549 1539 751 1594 robore
781 1548 1002 1597 centum
1035 1544 1316 1614 octoginta
1347 1543 1593 1614 quinque
1628 1545 1800 1599 millia
1831 1560 1951 1601 caes:

2078 1541 2398 1613 εφθάρησαν
2425 1544 2677 1614 χιλιάδες.
2701 1545 2925 1610 Τούτοις
2953 1549 3170 1617 ἐπάγει,
3201 1551 3284 1606 ὅτι
3336 1555 3435 1608 καὶ
3479 1557 3659 1630 ἐτέρου

397 1637 550 1684 sunt.
573 1627 730 1702 [8.9.]
774 1629 876 1686 llis
898 1632 1186 1704 subjungit
1225 1635 1394 1705 quod,
1428 1636 1612 1706 genito
1640 1651 1837 1691 rursus
1861 1635 1951 1690 ΙΙΙΙ‹

2075 1634 2290 1687 παιδίου
2338 1635 2642 1706 τεχθέντος,
2672 1636 2957 1691 ἐκέλευσεν
2990 1639 3019 1691 ὁ
3051 1641 3185 1706 Θεὲς
3224 1644 3496 1717 κληθῆναι
3535 1627 3658 1704 αύτὺ

396 1721 592 1786 altero,
616 1721 848 1791 jusserit
896 1725 1051 1780 illum
1103 1725 1251 1784 Deus
1285 1729 1472 1782 vocari
1534 1726 1659 1782 Non
1719 1729 1951 1796 populun

2077 1727 2160 1778 Οὺ
2187 1727 2343 1780 λαόν
2354 1743 2494 1795 μου,
2524 1729 2618 1780 καὶ
2646 1727 2746 1800 τὴν
2773 1729 2952 1783 αἰτίαν
2987 1730 3231 1789 διδάσκει
3250 1750 3263 1764 ·
3285 1753 3303 1788 ι
3326 1737 3478 1792 Διὸτι
3505 1739 3657 1810 ὑμεῖς

395 1827 587 1878 meum,
638 1827 976 1886 causamque
1029 1820 1299 1887 exponit:
1347 1837 1365 1870 ι
1405 1818 1678 1885 Quoniam
1709 1836 1808 1876 vos
1856 1836 1951 1876 nor

2075 1816 2136 1870 οὐ
2162 1815 2289 1880 λαός
2316 1834 2438 1885 μου,
2468 1818 2564 1872 καὶ
2598 1818 2708 1888 ἐγὼ
2734 1820 2834 1874 οὐκ
2881 1822 2999 1892 εἰμὶ
3048 1823 3224 1894 ὑμῶν.
3272 1843 3292 1878 ι
3331 1828 3445 1882 Καὶ
3472 1829 3558 1884 ἵνα
3588 1833 3652 1902 μή

393 1903 550 1958 eritis
581 1906 818 1976 populus
848 1923 1025 1975 meus,
1057 1915 1112 1963 et
1147 1925 1248 1982 ego
1271 1926 1381 1966 non
1411 1927 1533 1967 sum
1570 1919 1771 1968 vester.
1803 1913 1951 1968 tJau

2071 1925 2157 1970 τις
2186 1909 2453 1983 ὑπολάϐῃ,
2470 1911 2552 1964 ὅτι
2573 1910 2649 1976 ὡς
2678 1912 3076 1985 εὐαριθμήτους
3103 1917 3304 1984 αὐτοὺς
3329 1922 3426 1976 καὶ
3449 1921 3654 1992 ὀλίγους

392 2009 542 2062 vero,
568 2011 637 2051 ne
663 1998 788 2067 quis
821 1999 1119 2055 arbitretur
1170 2015 1266 2056 eos
1298 2017 1326 2055 a
1355 2001 1466 2057 Deo
1486 2004 1791 2072 repudiari,
1820 2020 1951 2076 quoe

2071 1999 2483 2071 ἀποπέμπεται,
2517 2003 2794 2074 ἁρμοδίως
2843 2006 3235 2076 προστέθεικεν
3265 2027 3301 2082 ’ὅ

253 5810 311 5828 ἢ

393 2084 504 2138 sint
534 2098 826 2144 uumeratu
859 2088 1050 2146 faciles
1121 2099 1176 2148 et
1229 2091 1526 2148 admodum
1585 2096 1769 2165 pauci,
1814 2111 1968 2153 com-

391 2177 550 2231 mode
571 2181 831 2248 apposuit
863 2201 874 2235 :

461 2267 630 2326 Vens.
671 2273 756 2327 10.
789 2293 809 2325 ‹
838 2273 968 2329 Erat
1003 2292 1266 2333 numerus
1308 2279 1545 2336 ﬁliorum
1584 2281 1806 2338 lsraelis
1821 2278 1967 2339 sicut

389 2373 558 2414 arena
585 2365 778 2430 maris,
808 2381 931 2435 quae
962 2384 1070 2423 non
1102 2373 1534 2439 mensurabitur,
1563 2389 1738 2445 neque
1769 2391 1966 2431 nume-

390 2449 626 2507 rabitur.
672 2472 690 2505 ι
723 2456 794 2509 At
835 2471 966 2512 vero
1009 2474 1118 2514 non
1152 2461 1506 2520 multitudine
1546 2462 1691 2520 Deus
1744 2465 1962 2535 gaudet,

389 2541 484 2597 sed
519 2543 613 2598 ubi
643 2544 754 2599 duo
782 2555 876 2602 aut
913 2555 1026 2605 tres
1069 2555 1384 2624 congregati
1421 2564 1552 2611 sunt
1606 2557 1662 2610 in
1708 2556 1829 2627 ejus
1859 2573 1963 2612 no-

392 2631 559 2701 mine,
583 2635 660 2690 ibi
687 2637 742 2691 in
768 2638 958 2694 medio
974 2655 1164 2697 eorum
1186 2652 1329 2698 estP.
1361 2644 1455 2701 Sic
1481 2646 1761 2702 Noacbum
1787 2649 1964 2703 omni-

387 2725 493 2782 bus
522 2729 851 2786 mortalibus
889 2733 1163 2800 antetulit,
1190 2736 1270 2791 sic
1296 2738 1694 2804 Abrahamum,
1728 2740 1811 2796 sic
1841 2740 1960 2795 Mo-

387 2833 507 2874 sen.
569 2819 774 2877 Horum
824 2839 954 2880 vero
1026 2834 1280 2896 posteros
1331 2829 1764 2888 innumerabiles
1837 2831 1962 2887 Non

381 2912 636 2981 populum
666 2930 822 2969 suum
853 2924 1014 2972 vocat
1050 2932 1273 2990 propter
1301 2921 1659 2992 impietatem.
1690 2922 1959 2978 Caeterum

386 3005 532 3062 Deus
562 3007 881 3064 misericors
921 3009 999 3076 id,
1028 3011 1177 3081 quod
1205 3027 1315 3068 non
1362 3030 1486 3071 esse
1524 3014 1770 3070 futurum
1801 3014 1958 3070 dixe-

382 3105 488 3161 rat,
517 3097 813 3154 confestim
840 3101 1122 3155 revocavit
1157 3102 1245 3158 his
1280 3103 1498 3157 verbis:

457 3203 476 3238 ι
505 3185 628 3240 Erit
651 3188 822 3254 enim,
857 3189 1063 3260 inquit,
1097 3190 1151 3245 in
1209 3191 1329 3246 loco
1362 3191 1452 3246 ubi
1483 3192 1688 3248 dictum
1729 3202 1814 3250 est
1848 3196 1949 3261 eis,

379 3273 500 3330 Non
535 3278 774 3347 populus
822 3295 978 3336 meus
1011 3295 1130 3346 vos,
1163 3282 1266 3352 ipsi
1303 3282 1648 3338 vocabuntur
1704 3285 1797 3339 lilii
1855 3284 1950 3343 Dei

377 3367 632 3424 viventis.
665 3369 855 3440 (Vens.
886 3372 1000 3443 ll.)
1029 3372 1092 3426 Et
1125 3374 1613 3445 congregabuntur
1657 3376 1752 3432 lilii
1794 3378 1950 3435 ludas

376 3467 432 3513 et
461 3459 560 3515 ﬁlii
596 3461 814 3519 lsraelis
862 3465 1026 3520 simul
1061 3484 1075 3521 :
1105 3475 1158 3520 et
1186 3468 1530 3524 constituent
1582 3469 1798 3541 1318
1841 3473 1948 3528 sibi

378 3551 750 3624 principatum
804 3570 996 3622 unum,
1025 3566 1081 3610 et
1124 3559 1425 3614 ascendent
1491 3561 1562 3616 de
1612 3570 1782 3630 terra,
1817 3579 1950 3634 quo-

375 3643 524 3698 niam
557 3661 795 3717 magnus
826 3656 912 3702 est
942 3648 1066 3703 dies
1091 3645 1374 3705 Jezraelis.
1418 3669 1435 3702 ι
1477 3649 1580 3705 Per
1613 3653 1728 3707 haec
1780 3669 1943 3709 revo-

375 3736 650 3792 cationem
679 3753 711 3793 e
743 3737 1020 3810 Babylone
1058 3741 1332 3810 praedixit,
1369 3752 1425 3798 et
1457 3742 1576 3799 fore
1609 3751 1668 3796 ut
1700 3755 1826 3813 post
1856 3760 1946 3802 re-

375 3827 552 3881 ditum
582 3843 648 3883 ex
683 3843 748 3884 ea
779 3832 1002 3901 regione
1045 3847 1203 3902 reges
1252 3833 1505 3889 diversos
1552 3849 1663 3889 non
1713 3835 1948 3904 amplius

377 3920 634 3985 habeant,
683 3923 779 3978 sed
826 3924 964 3978 uniti
998 3931 1053 3979 et
1089 3926 1502 3982 consentientes
1539 3942 1724 3997 regem
1775 3944 1945 3982 unum

377 4014 635 4071 habeant.
681 4014 746 4072 Et
788 4016 894 4072 hoc
942 4017 1162 4088 quidem
1222 4019 1507 4090 impletum
1562 4030 1648 4077 est
1701 4029 1947 4092 tempore

373 4105 750 4164 Zorobabelis.
789 4107 941 4164 Diem
972 4124 1101 4166 vero
1150 4109 1416 4165 Jezraelia
1469 4111 1765 4181 appellavit
1794 4113 1944 4167 cala-

373 4202 641 4268 mitatem,
673 4217 836 4272 quam
869 4203 1072 4274 populo
1103 4202 1326 4259 lsraelis
1378 4202 1684 4258 intulerunt
1729 4203 1942 4273 Assyrii

371 4294 427 4348 iu
464 4295 607 4362 valle
636 4293 920 4352 Jezraelis.
974 4295 1112 4363 Quia
1175 4296 1322 4352 enim
1386 4311 1676 4368 magnam,
1743 4298 1942 4367 inquit,

376 4389 572 4450 postea
627 4383 736 4438 illis
794 4383 1033 4456 inﬂigam
1063 4399 1303 4456 poenam,
1336 4399 1588 4455 magnam
1637 4403 1832 4444 rursus
1860 4390 1941 4446 eis

370 4474 605 4529 salutem
627 4474 874 4540 all'eram,
909 4483 963 4529 et
984 4490 1012 4528 a
1039 4475 1304 4529 servitute
1334 4474 1598 4532 liberatos
1621 4477 1676 4532 in
1703 4479 1937 4549 patriam

369 4565 683 4621 restituam.

953 4655 1180 4711 CAPUT
1219 4653 1282 4710 ΙΙ.

440 4745 522 4819 [Ι]
550 4745 756 4801 Deinde
807 4748 889 4803 eis
927 4749 1198 4818 praecipit,
1235 4755 1293 4804 ut
1333 4751 1559 4808 mutatis
1605 4752 1773 4810 rebus
1809 4770 1934 4809 mu-

369 4848 551 4894 tentur
592 4837 835 4904 nomina,
865 4847 922 4894 et
958 4849 1187 4896 vocetur
1223 4840 1346 4896 Non
1379 4844 1629 4913 populus,
1670 4845 1935 4915 Populus,

365 4935 421 4980 et
452 4925 576 4979 Non
627 4925 844 4994 dilecta,
882 4926 1109 4982 Dilecta.
1139 4927 1250 4984 Vos
1285 4931 1456 4996 enim,
1492 4931 1588 4996 ait,
1638 4933 1732 5000 qui
1787 4933 1938 4988 salu-

367 5027 476 5075 tem
503 5018 641 5074 estis
663 5018 866 5089 adepti,
899 5027 955 5075 et
983 5021 1075 5090 qui
1104 5020 1385 5093 Babylone
1432 5024 1676 5080 rediistis
1717 5022 1936 5093 iudices

363 5118 539 5166 estote
573 5110 764 5166 matris
794 5120 992 5168 vestra:
1024 5121 1078 5167 et
1108 5115 1240 5178 mei,
1265 5114 1372 5169 hoc
1391 5123 1477 5170 est
1529 5115 1800 5180 majorum
1837 5131 1931 5172 ve-

362 5212 633 5270 Strorum,
661 5202 756 5274 qui
789 5219 916 5275 erga
938 5218 1025 5259 me
1059 5213 1448 5275 peccaverunt,
1483 5204 1628 5276 quod
1671 5204 1786 5261 haec
1821 5222 1932 5263 non

435 5365 462 5394 ³
491 5357 600 5416 isa.
629 5374 839 5429 xxxv",
868 5359 957 5414 56.
1033 5367 1065 5409 Ρ
1095 5358 1287 5414 Matth.
1316 5375 1474 5426 xvm,
1495 5359 1586 5414 20.

2143 2288 2193 2336 ι’.
2230 2299 2248 2332 ι
2282 2280 2404 2335 Ὅτι
2429 2274 2498 2351 ἦν
2523 2280 2552 2334 ὁ
2575 2279 2809 2352 ἀριθμὸς
2827 2279 2934 2334 τῶν
2961 2280 3094 2334 υἱῶν
3127 2279 3462 2353 Ἰσραήλ,ὡς
3489 2284 3523 2354 ἡ
3551 2283 3648 2354 ἀμ·

2071 2390 2170 2445 μος
2196 2373 2294 2444 τῆς
2317 2372 2616 2443 θαλάσσης,
2639 2374 2672 2442 ἦ
2701 2373 2763 2426 οὐ
2809 2372 3210 2444 μετρηθήσεται
3235 2373 3280 2405 ⁸³
3307 2374 3432 2427 οὐδὲ
3477 2375 3646 2444 ἐξαριο

2068 2463 2434 2535 θμηθήσεται.
2477 2481 2496 2514 ι
2547 2463 2686 2516 Ἀλλ’
2709 2462 2769 2516 οὐ
2801 2462 3000 2532 πλήθει
3049 2463 3231 2534 χαίρει
3257 2464 3287 2518 ὁ
3317 2463 3487 2528 Θεός·
3519 2466 3644 2519 ὅπου

2065 2557 2123 2610 δέ
2152 2555 2246 2611 δύο
2293 2557 2326 2627 ἢ
2362 2558 2512 2628 τρεῖς
2549 2556 2656 2609 είσι
2695 2555 3030 2626 συνηγμένοι
3057 2557 3137 2619 εἰς
3167 2555 3228 2608 τὸ
3263 2556 3432 2608 αὑτοῦ
3459 2556 3639 2627 ὄνομα,

2066 2647 2183 2702 ἐκεῖ
2221 2649 2371 2702 ἐστιν
2402 2649 2461 2702 ἐν
2524 2647 2676 2718 μέσῳ
2727 2647 2928 2700 αὐτῶν.
2961 2646 3116 2700 Οὕτω
3146 2646 3236 2699 τὸν
3265 2646 3390 2700 Νῶε
3432 2647 3642 2700 πάντων

2064 2742 2200 2812 ὁμοῦ
2225 2741 2597 2813 προτετίμηκε
2620 2740 2728 2794 τῶν
2746 2739 2843 2794 ἀνθ
2853 2738 3049 2811 ρώπων
3069 2757 3082 2771 ο
3105 2738 3246 2793 οὕτω
3259 2738 3350 2793 τὸν
3375 2739 3638 2809 Ἀϐραὰμ,

2063 2831 2205 2886 οὕτω
2234 2833 2324 2886 τὸν
2355 2832 2559 2886 Μωσέα
2577 2831 2622 2864 ⁸⁵
2641 2847 2654 2861 ·
2691 2831 2816 2895 τοὺς
2836 2830 2893 2884 δέ
2943 2831 3168 2885 ἐκείνων
3194 2830 3518 2898 ἀπογόνους,
3555 2831 3639 2883 καὶ

2063 2921 2298 2993 ἀριθμὸν
2326 2923 2613 2986 νικῶντας,
2662 2924 2744 2977 Οὐ
2775 2921 2932 2976 λαὸν
2959 2921 3148 2976 αὑτοῦ
3203 2921 3360 2974 καλεῖ
3408 2920 3497 2974 διά
3547 2921 3639 2988 τὴν

2063 3011 2338 3066 ἀσέϐειαν.
2384 3012 2548 3066 Ἀλλά
2577 3011 2958 3083 φιλάνθρωπος
2985 3009 3061 3065 ὢν
3087 3011 3249 3076 εὐθὺς
3277 3011 3638 3066 ἀνεκαλέσατο

1988 3096 2032 3156 C
2065 3104 2165 3174 τὴν
2184 3103 2559 3175 ἐξενεχθεῖσαν
2582 3103 2876 3173 ἀπόφασιν.

2132 3215 2151 3247 ι
2195 3197 2387 3252 Ἔσται
2432 3195 2562 3266 γὰρ,
2598 3195 2763 3266 φησιν
2789 3235 2804 3260 ,
2842 3197 2900 3249 ἐν
2963 3195 3040 3264 τῷ
3083 3197 3233 3265 τόπῳ
3267 3191 3375 3264 ᾧη
3441 3196 3634 3268 speset;

2053 3287 2256 3352 αὐτοῖς,
2295 3287 2371 3340 Οὐ
2429 3287 2556 3352 λαός
2595 3303 2695 3357 μου
2755 3287 2932 3356 ὑμεῖς,
2999 3286 3216 3339 aurei.“
3275 3286 3636 3357 κληθήσονται

2056 3379 2161 3432 υἱοὶ
2180 3378 2314 3434 Θεοῦ
2328 3378 2550 3442 ζῶντος.
2571 3375 2712 3448 (ια’.)
2734 3377 2845 3432 Καὶ
2861 3377 3294 3447 συναχθήσονται
3317 3378 3426 3431 υἱοὶ
3450 3376 3633 3443 Ἰούδα,

2055 3470 2151 3524 κα)⁸
2190 3471 2296 3523 υἱοὶ
2338 3468 2553 3540 Ἰσραὴλ
2605 3469 2698 3521 ἐπὶ
2751 3468 2813 3521 τὸ
2853 3470 3006 3533 αὐτὸ,
3049 3470 3144 3522 καὶ
3171 3467 3430 3539 θήσονται
3461 3467 3634 3530 aurai;

2052 3561 2226 3632 ἀρχὴν
2266 3561 2415 3632 μίαν,
2443 3560 2536 3614 καὶ
2589 3559 2957 3630 ἀναϐήσονται
2984 3561 3049 3613 ἐκ
3093 3561 3194 3630 τῆς
3226 3563 3354 3631 γῆς,
3385 3559 3518 3612 διότι
3544 3575 3631 3627 μεο

2053 3649 2196 3720 γάλη
2226 3651 2258 3720 ή
2293 3649 2477 3721 ἡμέρα
2528 3647 2622 3702 τοῦ
2679 3647 2932 3718 Ἰεζραέλ.
2965 3668 2986 3700 ι
3015 3648 3114 3702 Διὰ
3159 3648 3366 3702 τούτων
3394 3647 3495 3718 τὴν
3529 3647 3631 3701 ἀπο

2053 3742 2371 3805 Βαϐυλῶνος
2420 3740 2721 3812 ἀνάκλησιν
2775 3741 3192 3812 προηγόρευσε,
3226 3741 3320 3794 καὶ
3361 3742 3443 3794 ὅτι
3501 3740 3630 3811 μετὰ

2051 3834 2149 3904 τήν
2166 3834 2377 3887 ἐκεῖθεν
2409 3832 2666 3887 ἐπάνοδον
2705 3832 2888 3888 οὐκέτι
2923 3833 3288 3905 διῃρημένους
3328 3833 3512 3900 ἕξουσι
3543 3833 3630 3903 βα-

2054 3925 2257 3990 σιλέας,
2309 3924 2424 3978 ἀλλ’
2467 3925 2758 3988 ἐνωθέντες
2796 3925 2893 3979 καὶ
2941 3925 3306 3995 συναφθέντες
3346 3925 3446 3978 ἕνα
3501 3924 3628 3996 σχή-

2052 4034 2235 4070 σουσιν
2264 4016 2520 4088 ἄρχοντα.
2547 4017 2658 4071 Καὶ
2685 4016 2845 4070 τοῦτο
2874 4018 2930 4071 δὲ
2971 4017 3144 4088 πέρας
3167 4015 3358 4070 ἐλαϐεν
3407 4016 3503 4070 ἐπὶ
3528 4014 3620 4070 τοῦ

2047 4107 2372 4178 Ζοροϐάϐελ.
2411 4105 2664 4178 Ἦμέραν
2687 4107 2745 4161 δὲ
2799 4107 2906 4162 τοῦ
2945 4107 3187 4177 ἰεζραὲλ
3235 4107 3466 4161 ἐκάλεσε
3521 4106 3617 4177 τὴν

2047 4199 2431 4270 ἐπενεχθεῖσαν
2465 4198 2570 4252 ὑπὸ
2616 4199 2724 4253 τῶν
2768 4200 3070 4270 Ἀσσυρίων
3101 4199 3180 4270 τῷ
3240 4198 3458 4271 Ἰσραὴλ
3491 4215 3626 4268 συμ-

2046 4293 2216 4366 φορὰν
2274 4294 2331 4346 ἐν
2367 4295 2433 4364 τῇ
2495 4292 2698 4346 κοιλάδι
2759 4293 2852 4346 τοῦ
2919 4291 3177 4365 Ἰεζραέλ.
3225 4291 3448 4360 Ἐπειδὴ
3499 4291 3622 4360 γάρ.

2046 4385 2200 4454 φησὶ,
2227 4384 2469 4455 μεγάλην
2492 4385 2674 4448 αὐτοῖς
2702 4383 2891 4453 ἐπάγω
2914 4384 3210 4456 τιμωρίαν,
3254 4383 3500 4454 μεγάλης
3531 4382 3622 4435 αὺ-

2044 4474 2173 4538 τοὺς
2200 4471 2416 4538 ἀξιώσω
2465 4473 2560 4526 καὶ
2609 4475 2914 4545 σωτηρίας,
2952 4476 3046 4529 καὶ
3077 4474 3176 4544 τῆς
3209 4473 3456 4538 δουλείας
3483 4472 3620 4526 ἐλευ-

2049 4565 2318 4637 θερώσας,
2348 4565 2429 4628 είς
2452 4564 2549 4636 τὴν
2579 4565 2840 4636 πατρῴαν
2867 4566 3124 4632 ἐπανάξω
3154 4565 3414 4636 πατρίδα.

2663 4657 2914 4713 ΚΕΦΔΛ.
2947 4657 3022 4712 Β¹.

2110 4744 2246 4803 Εἶτα
2292 4747 2726 4818 παρακελεύεται
2767 4749 2970 4813 αὐτοῖς,
3013 4749 3090 4812 ὼς
3120 4749 3231 4803 τῶν
3282 4750 3617 4820 πραγμάτων

2042 4843 2344 4914 μεταϐολὴν
2375 4841 2685 4911 δεξαμένων
2716 4839 3004 4905 ἐναλλάξαι
3027 4841 3122 4893 καὶ
3155 4840 3224 4893 τά
3254 4840 3517 4910 ὀνόματα,
3530 4841 3614 4893 καὶ

2039 4933 2264 4989 καλέσαι
2319 4933 2411 4986 τὸν
2447 4933 2528 4986 Οὐ
2549 4931 2722 4997 λαὸν,
2757 4931 3002 4998 Λαὸνδτ,
3036 4932 3130 4985 καὶ
3164 4931 3267 4998 τὴν
3311 4933 3435 4985 Οὐκ
3475 4932 3613 5000 ἠγα-

2041 5022 2788 5095 πημένην,Ὴταπημένην.
2827 5023 3018 5094 Ὑμεῖς
3046 5024 3155 5092 γὰρ
3174 5062 3190 5086 ,
3219 5024 3406 5095 φησὶν,
3435 5025 3484 5076 oi
3521 5022 3610 5090 τῆς

2046 5117 2318 5190 σωτηρίας
2342 5116 2766 5188 ἀπολαύσαντες,
2795 5117 2891 5169 καὶ
2920 5117 2985 5169 ἐκ
3019 5115 3345 5178 Βαϐυλῶνος
3386 5113 3607 5169 ἐπανελ-

2043 5208 2247 5274 θόντες,
2277 5207 2500 5277 γένεσθε
2540 5207 2726 5280 κριταὶ
2752 5207 2855 5278 τῆς
2898 5207 3104 5279 μητρὸς
3136 5207 3291 5278 ὑμῶν
3337 5206 3433 5262 καὶ
3458 5203 3608 5278 ἐμοῦ,

1659 5498 1891 5554 VARI/It]
1933 5502 2336 5561 LECTIONES.

455 5585 503 5619 ⁸³
532 5587 593 5640 οὒ
637 5603 821 5661 μειερ..
848 5589 978 5645 Rec.
1015 5590 1175 5661 lectio
1210 5597 1336 5661 cst.,
1391 5589 1490 5661 ορκ
1529 5591 2013 5661 ἐκμετρηθήσεται.
2089 5597 2136 5629 ⁸⁵
2161 5597 2201 5652 C
2236 5596 2495 5650 Μωῦσέα.

1571 5661 1614 5691 ’⁵⁸
1643 5661 1812 5718 αὐτοί.
1853 5665 2020 5733 Infra,
2089 5666 2158 5723 ad
2189 5667 2346 5722 Rom.
2379 5667 2416 5723 l.
2453 5682 2502 5723 c.
2535 5675 2618 5724 est
2646 5661 2781 5722 ἐκεῖ.
2858 5661 2900 5700 δέ
2924 5661 3068 5723 λαᾶν.
3105 5669 3252 5723 Λαὸν
3300 5666 3340 5722 C
3372 5673 3591 5729 utroque

361 5651 525 5714 llom.
548 5651 756 5719 11,365
792 5657 921 5716 Rec.
955 5661 1079 5716 lect.
1111 5659 1170 5713 Ιι.
1210 5659 1244 5712 l.
1277 5665 1354 5714 est
1395 5653 1476 5712 οὗ.

364 5727 490 5778 loco
518 5724 643 5781 add.
681 5743 802 5795 μου.

2597 5598 2641 5630 ⁸⁵
2672 5587 2717 5662 ᾦ
2752 5599 2826 5653 ita
2868 5612 3088 5668 quoque
3123 5596 3290 5660 infra,
3315 5604 3377 5668 Δι.
3411 5590 3492 5654 ΙΙΙ,
3528 5590 3590 5643 ad
