3912 6206
262 359 393 430 1561
1475 369 1487 381 ’
1548 377 1637 441 ΙΝ
1668 380 1856 442 OSEE
1907 383 2043 445 CAP
2099 388 2177 448 ll.
3373 389 3509 455 1562

258 479 524 546 τουτέστι,
564 478 671 572 τῶν
713 482 991 554 προγόνων
1013 484 1057 518 ⁸³
1095 484 1204 539 τῶν
1227 489 1305 551 εἰς
1332 487 1430 558 ἐμὲ
1457 504 1838 563 παρανενομη-

1962 509 2080 549 ixor
2117 511 2236 551 mea
2269 503 2323 551 et
2365 511 2471 569 ego
2501 513 2610 553 non
2647 498 2730 554 vir
2756 498 2895 571 ejus.
2932 500 3266 572 Repudium,
3309 500 3508 570 inquit,

259 572 454 633 κότων.
485 573 567 627 ὅτι
588 570 727 645 αὕτη
747 575 809 628 οὐ
847 577 981 648 γυνή
1012 595 1132 647 μου,
1169 579 1261 632 καὶ
1278 578 1391 647 ἐγὼ
1418 579 1519 634 οὐκ
1554 580 1695 652 ἀνὴρ
1724 583 1824 634 a6-

1962 595 2142 640 actum
2195 594 2280 643 est
2321 603 2387 643 ex
2443 604 2612 645 causa
2667 570 2793 662 quae
2843 591 2913 647 ab
2967 570 3058 647 illa
3114 592 3340 663 prodiit.
3382 590 3513 645 Tale

260 663 378 732 τῆς.
424 663 801 731 Ἀποστάσιον,
835 667 1021 738 φησὶν,
1043 667 1257 737 ἐγένετο
1277 672 1380 741 τῆς
1407 670 1587 734 αἰτίας
1608 670 1666 738 ἐξ
1694 672 1837 726 ἐκεί-

1962 679 2220 749 ιυίἀρίιιιιι
2270 681 2588 739 invenimus
2632 691 2688 739 et
2722 684 2777 738 in
2825 684 2967 740 Isaia
3005 703 3018 740 :
3056 704 3075 737 ι
3115 683 3276 740 Nunc
3313 684 3514 739 domus

261 772 354 825 νηί,
380 756 776 827 γεγενημένης.
800 757 1052 812 Τοιοῦτον
1092 760 1421 831 εὑρίσκομεν
1451 763 1545 814 καὶ
1580 763 1728 837 παρά
1758 762 1836 832 τῷ

1962 768 2091 825 ludat.
2126 780 2180 825 et
2232 771 2573 830 habitatores
2604 773 3017 849 Hierosolymae,
3074 777 3321 847 judicate
3372 777 3515 830 inter

272 847 470 920 Ἡσαΐᾳ
496 850 818 921 εἰρημένον·
860 869 880 903 ι
924 851 1036 907 Kal
1079 851 1195 917 νῦν,
1231 848 1380 917 οἶκος
1398 853 1492 907 τοῦ
1528 854 1717 918 Ἰούδα,
1745 856 1838 909 καὶ.

1962 875 2029 916 ne
2062 868 2117 917 et.
2146 862 2363 918 vineam
2398 879 2596 928 meam,
2640 847 2903 935 quoniam
2949 869 3261 937 exspectavi
3289 875 3349 922 ut
3382 881 3514 936 pro-

263 939 312 991 οἰ
342 939 724 1006 κατοικοῦντες
784 941 1141 1017 Ἰερουσαλὴμ
1164 983 1180 1009 ,
1212 944 1433 1015 κρίνατε
1475 946 1535 998 ἐν
1575 946 1697 1016 ἐμοὶ
1743 945 1839 999 καὶ

1962 949 2113 1007 'crret
2143 967 2301 1017 uvas,
2333 961 2388 1007 et
2410 951 2641 1023 protulit
2671 955 2859 1024 spinas
2874 964 2923 1007 ει.
2963 973 2982 1005 ι
3020 954 3088 1009 Ει
3117 957 3221 1011 hoc
3249 957 3368 1011 loco
3398 956 3473 1008 ait
3498 972 3511 1008 :

264 1029 536 1175 Magiam:
584 1030 679 1084 τοῦ
737 1032 1058 1104 άμπελῶνός
1111 1052 1214 1106 μου
1240 1052 1256 1068 ο
1313 1036 1447 1090 διότι
1504 1036 1696 1110 έμεινα
1740 1038 1836 1092 τοῦ
1873 1042 2095 1115 ποιῆσαι
2134 1044 2412 1117 σταφυλὴν
2437 1085 2452 1111 ,
2485 1046 2713 1119 ἐποίησε
2757 1046 2817 1101 δὲ
2848 1046 3112 1112 ἀκάνθας.
3151 1067 3171 1101 ι
3249 1049 3360 1101 Kal
3429 1049 3519 1100 ἐν-

264 1137 365 1175 ταυ
478 1139 642 1175 φησι·

262 1120 439 1175 ταῦθά
478 1139 611 1191 φησι
627 1139 642 1154 ·

337 1210 402 1281 β’.
447 1230 466 1262 ι
499 1213 738 1284 Κρίθητε
786 1215 922 1285 πρὸς
971 1216 1071 1287 τὴν
1122 1220 1335 1289 μητέρα
1382 1218 1559 1289 ὑμῶν,
1587 1220 1837 1292 κρίθητε,

2021 1221 2181 1276 Vens.
2216 1223 2272 1278 2.
2310 1241 2329 1275 ι
2363 1222 2699 1279 Judicamini
2737 1238 2861 1279 cum
2889 1233 3067 1281 matre
3105 1232 3290 1280 vestra
3323 1245 3336 1281 :
3367 1228 3518 1297 judi-

268 1301 348 1355 ὅτι
378 1301 516 1374 αὕτη
536 1304 597 1356 ού
636 1305 772 1376 γυνή
831 1323 964 1377 μου,
992 1308 1092 1363 καὶ
1118 1308 1231 1378 ἐγὼ
1266 1309 1367 1363 οὑκ
1401 1309 1539 1382 ἀνὴρ
1586 1311 1775 1382 αὐτῆς.
1815 1331 1834 1364 ι

1962 1311 2167 1375 :amini,
2222 1312 2353 1382 quia
2416 1313 2529 1367 haec
2552 1327 2662 1367 non
2716 1327 2855 1367 uxor
2902 1329 3020 1369 mea
3054 1321 3107 1369 et
3145 1330 3245 1385 ego
3285 1332 3392 1371 non
3439 1320 3520 1371 vir

269 1394 378 1447 Kal
401 1393 637 1459 δεικνὺς,
669 1396 745 1460 ὡς
769 1397 870 1452 οὐκ
917 1399 1009 1452 ἐπὶ
1049 1398 1193 1472 λύμῃ
1224 1401 1396 1472 αὐτῆς
1423 1403 1485 1457 τὸ
1512 1403 1842 1458 ἀποστάσιον

1962 1400 2087 1467 ejus.
2119 1420 2137 1452 ι
2179 1400 2246 1454 Et
2276 1409 2335 1455 ut
2356 1405 2617 1457 ostendat
2668 1404 2775 1459 hoc
2817 1405 3115 1459 divortium
3157 1421 3265 1459 non
3306 1405 3518 1462 factum

267 1487 421 1540 τοῦτο
444 1487 755 1559 πεποίηται,
791 1491 1022 1560 ἐπάγει·
1058 1509 1078 1543 ι
1117 1494 1226 1547 Kal
1253 1493 1432 1566 ἐξαρῶ
1458 1484 1556 1565 τὴν
1586 1496 1842 1567 πορνείαν

1962 1490 2116 1547 'uisse
2185 1492 2252 1547 ad
2319 1493 2535 1565 1319
2587 1508 2706 1549 eam
2756 1495 3114 1566 perdendam,
3175 1497 3453 1569 subjungit
3503 1517 3518 1552 :

268 1578 438 1649 αὐτῆς
462 1580 570 1633 ἀπὸ
616 1580 907 1652 προσώπου
959 1600 1082 1654 μου,
1114 1586 1209 1639 καὶ
1250 1585 1349 1658 τὴν
1393 1588 1638 1659 μοιχείαν
1670 1588 1843 1657 αὐτῆς

1962 1600 1972 1634 ι
2017 1581 2082 1636 Et
2131 1583 2377 1639 auferam
2417 1586 2835 1640 fornicationem
2878 1586 2998 1657 ejus
3032 1603 3063 1642 a
3096 1588 3236 1644 facie
3284 1606 3429 1657 mea,
3466 1600 3523 1643 ct

268 1673 331 1724 ἐκ
364 1672 527 1742 μέσου
560 1673 779 1741 μαστῶν
813 1674 1003 1744 αὐτῆς.
1034 1694 1053 1728 ι
1099 1676 1354 1731 Τοιοῦτόν
1383 1681 1500 1733 ἐστι
1534 1680 1597 1733 τὸ
1622 1679 1726 1733 ὑπὸ
1748 1677 1840 1732 τοῦ

1962 1674 2222 1730 adulteria
2258 1674 2378 1744 ejus
2400 1676 2468 1731 de
2501 1676 2681 1730 medio
2715 1678 2946 1735 uberum
2976 1679 3145 1734 illius.
3185 1697 3203 1730 ι
3231 1678 3522 1750 Ejusmodi

271 1762 541 1832 μακαρίου
575 1762 742 1816 Δασὶδ
782 1764 1073 1835 εἰρημένον
1098 1781 1111 1795 ⁸
1151 1784 1170 1818 ι
1193 1767 1424 1836 Ἀγαθόν
1467 1786 1579 1839 μοι,
1610 1768 1691 1822 ὅτι
1718 1768 1843 1822 ἐτα-

1962 1769 2034 1817 ast
2064 1763 2209 1831 quod
2231 1764 2441 1819 abeato
2470 1762 2673 1820 Davide
2694 1765 2902 1821 dictum
2935 1786 2979 1821 τι
3012 1767 3224 1822 Bonum
3247 1771 3379 1825 mihi
3413 1779 3520 1831 cst,

270 1853 541 1917 πείνωσάς
573 1872 660 1925 με,
695 1856 844 1919 ὅπως
872 1855 1029 1927 μάθω
1057 1857 1123 1910 τὰ
1157 1857 1501 1930 δικαιώματά
1530 1876 1646 1912 σου.
1679 1877 1699 1910 ι
1734 1858 1845 1911 Kal

1962 1854 2103 1924 quod
2166 1854 2546 1913 humiliaveris
2604 1873 2721 1925 me,
2772 1866 2833 1913 ut
2885 1859 3224 1915 addiscerem
3274 1860 3523 1931 justitias

268 1942 470 2015 ταύτην
501 1945 559 2000 δὲ
607 1945 879 2000 παιδεύων
928 1948 1269 2019 ὑπισχνεῖται
1313 1952 1415 2018 τῆς
1452 1949 1708 2021 πορνείας
1745 1948 1840 2001 καὶ

266 2035 365 2106 τῆς
418 2039 669 2108 μοιχείας
712 2039 884 2111 αὐτὴν
939 2041 1296 2114 ἐλευθεροῦν,
1330 2043 1427 2113 οὐχ
1471 2042 1679 2106 ἁπλῶς,
1712 2041 1847 2096 ἀλλά

265 2128 565 2201 πρόρριζον
606 2130 813 2202 ταύτην
862 2132 927 2185 ἐκ
970 2132 1135 2203 μέσου
1162 2133 1270 2187 τῶν
1301 2134 1522 2205 μαστῶν
1575 2134 1844 2206 ἀνασπᾷν.

264 2221 578 2291 Παραδηλοῖ
597 2220 652 2275 δέ
684 2222 785 2291 τὴν
823 2223 1048 2294 καρδίαν
1075 2224 1175 2295 τὴν
1209 2225 1313 2279 ὑπὸ
1338 2228 1451 2290 τοῖς
1480 2231 1705 2297 μαστοῖς
1734 2244 1850 2282 κει-

268 2312 475 2383 μένην,
512 2313 572 2379 ἐξ
632 2307 701 2384 ἦς
747 2315 1133 2386 ἐκπορεύονται
1191 2318 1531 2389 διαλογισμοὶ
1586 2321 1846 2392 πονηροὶ,

267 2402 474 2472 φθόνοι,
539 2404 733 2473 φόνοι,
769 2409 1027 2477 μοιχεῖαι,
1082 2411 1365 2480 πορνεῖαι,
1395 2410 1492 2464 καὶ
1537 2414 1605 2464 τὰ
1642 2413 1851 2474 τούτοις

264 2495 447 2565 ὅμοια.
468 2496 751 2567 Μεγίστην
782 2498 965 2552 τοίνυν
984 2498 1171 2569 δνησιν
1201 2502 1233 2571 ή
1260 2500 1352 2554 τοῦ
1383 2502 1521 2557 Θεοῦ
1544 2502 1697 2576 φέρει
1723 2521 1851 2558 παι-

266 2587 406 2651 δεία,
440 2587 540 2657 τῆς
598 2576 852 2661 πορνείας
890 2589 934 2623 ⁸⁸
974 2590 1101 2655 τοὺς
1157 2593 1583 2664 παιδευομένους
1634 2595 1849 2649 ἐλευθε-

271 2677 466 2750 ροῦσα.
489 2679 743 2733 Διδάσκει
761 2681 818 2733 δὲ
844 2682 937 2735 καὶ
964 2682 1064 2751 τῆς
1093 2683 1342 2748 παιδείας
1365 2685 1435 2739 τά
1474 2686 1612 2757 εἴδη.

339 2779 410 2839 γ’.
448 2790 467 2824 ι
500 2773 689 2835 Ὅπως
724 2772 791 2827 ἂν
839 2774 1048 2827 ἐκδύσω
1089 2775 1261 2847 αὐτὴν
1313 2777 1551 2849 γυμνὴν,
1581 2778 1678 2833 xal
1714 2777 1853 2832 ἀπο-

273 2867 606 2936 καταστήσω
646 2866 817 2936 αὐτὴν
872 2866 1055 2931 καθὼς
1103 2867 1287 2939 ἡμέρα
1332 2872 1429 2941 τῆς
1459 2870 1728 2939 γενέσεως
1754 2868 1856 2925 αὐ-

270 2959 391 3027 τῆς.
423 2977 444 3010 ι
497 2957 754 3027 Ἠμέιαν
780 2959 837 3012 δὲ
864 2960 1156 3030 γενέσεως
1189 2960 1347 3015 καλεῖ
1381 2961 1479 3033 τὴν
1509 2964 1568 3016 ἐν
1591 2961 1854 3032 Αἰγύπτῳ

1962 1955 2086 2003 tuas
2106 1955 2152 2001 ι.
2176 1964 2196 1998 ι
2224 1946 2377 2001 lianc
2410 1955 2591 2003 autem
2614 1949 2957 2020 castigando,
2985 1958 3036 2006 et
3064 1965 3092 2004 a
3133 1949 3522 2013 fornicatione,

1947 2047 2002 2097 et
2041 2039 2113 2095 ab
2144 2038 2418 2095 adulterio
2447 2056 2505 2095 se
2537 2040 2900 2096 liberaturum
2952 2042 3248 2112 pollicetur
3285 2057 3301 2096 :
3339 2057 3523 2111 neque

1950 2129 2002 2183 id
2046 2128 2266 2193 leviter,
2302 2128 2400 2184 sed
2455 2129 2727 2184 radicitus
2787 2130 2891 2184 hoc
2914 2146 2945 2186 e
2974 2130 3154 2185 medio
3181 2131 3410 2185 uberum
3439 2145 3547 2199 re-_

1951 2221 2264 2301 vulsurum.
2304 2220 2418 2275 Cor
2467 2230 2650 2277 autem
2696 2221 2951 2293 designat
2990 2223 3094 2279 sub
3126 2222 3396 2278 uberibus
3448 2222 3526 2277 si-

1953 2315 2095 2371 tum,
2119 2325 2186 2365 ex
2218 2325 2328 2380 quo
2355 2310 2782 2381 proficiscuntur
2814 2311 3053 2381 cogitata
3086 2311 3247 2378 mala,
3283 2310 3524 2373 invidiae,

1954 2400 2274 2469 homicidia,
2311 2402 2607 2468 adulteria,
2641 2401 3065 2465 fornicationes,
3097 2411 3151 2456 et
3177 2401 3264 2457 his
3298 2400 3525 2456 similia.

1952 2490 2246 2545 Maximam
2280 2490 2451 2560 igitur
2479 2505 2637 2560 opem
2667 2492 2775 2546 fert
2804 2489 2899 2546 Dei
2933 2490 3257 2560 castigatio,
3293 2505 3399 2561 qua
3431 2489 3527 2559 qui

1951 2581 2207 2637 instructi
2279 2587 2407 2636 sunt
2456 2595 2488 2635 a
2540 2580 2913 2637 fornicatione
2976 2582 3302 2636 liberantur.
3359 2580 3529 2634 Docet

1952 2672 2121 2727 etiam
2156 2671 2544 2741 castigationis
2568 2687 2789 2741 genera.

2029 2760 2194 2817 Vens.
2221 2762 2277 2816 5.
2310 2781 2328 2813 ι
2349 2760 2419 2816 Ut
2439 2763 2734 2832 exspoliem
2754 2777 2874 2817 eam
2894 2761 3120 2827 nudam,
3156 2768 3211 2816 et
3240 2761 3527 2816 restituam
3588 2826 3593 2830 τ

1954 2869 2074 2911 eam
2103 2855 2286 2925 qualis
2313 2853 2433 2918 fuit.
2465 2854 2556 2909 die
2605 2856 2913 2910 nativitatis
2944 2870 3080 2909 sure.
3134 2873 3152 2905 ι
3208 2853 3361 2907 Dicm
3400 2866 3530 2907 vero

1959 2946 2260 3001 natiuitatis
2310 2954 2473 3002 vocat
2503 2953 2721 3017 tempus
2754 2948 2901 3017 quod
2934 2946 2990 3001 in
3039 2947 3274 3019 Egypto
3339 2953 3531 2999 trans-

270 3048 574 3120 διαγωγήν.
592 3051 731 3120 Ἐρη
739 3067 838 3120 μον
857 3050 1047 3122 αὐτὴν,
1073 3052 1225 3122 φησὶ,
1243 3051 1341 3122 τῆς
1366 3052 1506 3123 ἐμῆς
1525 3053 1854 3123 καταστήσω

1962 3039 2085 3108 egit.
2118 3036 2423 3101 Desertam,
2468 3038 2668 3108 inquit,
2702 3039 2850 3092 illam
2909 3046 2964 3093 et
2997 3053 3117 3093 mea
3177 3036 3530 3107 providentia

271 3141 554 3210 προνοίας,
587 3141 681 3194 καὶ
716 3139 986 3194 δουλεύειν
1044 3142 1373 3215 Ἀσσυρίοις,
1409 3142 1486 3206 ὡς
1535 3143 1855 3197 ἐδούλευσεν

271 3232 618 3300 Αἰγυπτίοις,
656 3234 1080 3302 παρασκευάσω.
1138 3235 1251 3287 Kal
1299 3233 1512 3306 ἀνύδρῳ
1544 3234 1601 3287 δὲ
1638 3236 1710 3305 γῇ
1763 3235 1857 3287 καὶ

273 3323 473 3395 ἐρήμῳ
497 3324 884 3397 παραπλησίαν
915 3325 1086 3397 αὐτὴν
1132 3325 1427 3396 ἀποφανῶο
1453 3327 1549 3378 καὶ
1579 3325 1857 3397 διαφθερῶ

271 3415 447 3488 αὐτὴν
482 3415 541 3469 ἐν
589 3416 751 3487 δίψει.
792 3416 1100 3470 Δίνίττεται
1133 3417 1190 3470 δὲ
1247 3417 1337 3471 διὰ
1379 3415 1475 3471 τοῦ
1530 3416 1853 3486 δίψους-,ού

274 3506 441 3578 μόνον
467 3507 569 3578 τὴν
621 3507 714 3561 τοῦ
751 3507 943 3572 ὓδατος
983 3507 1213 3575 ἔνδειαν,
1248 3508 1385 3564 ἀλλὰ
1438 3509 1532 3562 καὶ
1564 3512 1663 3580 τῆς
1707 3508 1857 3573 θείας

271 3597 607 3669 κηδεμονίας
645 3598 902 3669 στέρησιν
942 3600 1009 3653 ³⁸.
1045 3599 1181 3652 Οὐδὲ
1219 3598 1288 3652 τὰ
1340 3597 1506 3652 τέκνα
1550 3598 1609 3651 δὲ
1664 3598 1853 3669 αὐτῆς,

272 3691 468 3761 φησὶν,
497 3690 715 3755 ἀξιώσω
746 3690 980 3760 φειδοῦς,
1004 3693 1086 3745 ὅτι
1123 3693 1186 3745 ἐκ
1207 3690 1481 3744 δυσσεϐῶν
1504 3690 1852 3766 γεννηθέντα,

268 3785 378 3856 τὴν
408 3783 521 3837 τῶν
553 3783 805 3856 πατέρων
835 3785 1177 3854 ἐμιμήσαντο
1219 3783 1521 3854 βδελυρίαν.
1562 3784 1857 3851 Πορνείαν

268 3874 389 3946 γὰρ
424 3874 659 3930 ἐνταῦθα
686 3875 785 3947 τὴν
811 3876 919 3929 τῶν
948 3875 1183 3930 εἰδώλων
1227 3875 1483 3946 λατρείαν
1520 3876 1709 3929 καλεῖ·
1757 3892 1856 3930 σα-

272 3966 550 4038 φέστερον
586 3965 643 4018 δὲ
682 3966 855 4036 αὐτῆς
898 3966 997 4037 τὴν
1032 3967 1422 4039 ἀγνωμοσύνην
1453 3966 1688 4038 ἐλέγχων
1728 3967 1857 4020 ὑπο-

268 4058 550 4113 δείκνυσιν
600 4057 772 4129 αύτὴν
828 4057 1090 4128 λέγουσαν
1113 4100 1128 4125 ,
1168 4060 1242 4124 ὡς
1276 4063 1540 4132 προσήκει
1574 4063 1688 4125 τοῖς
1728 4063 1856 4130 ἐρα-

269 4151 437 4214 σταῖς
494 4149 893 4221 ἀκολουθῆσαι·
938 4151 1205 4217 τουτέστι,
1258 4155 1373 4216 τοῖς
1428 4153 1700 4217 εἰδώλοις·
1726 4152 1855 4224 παρ’

269 4233 356 4296 ὧν
414 4240 656 4305 ἃπασαν,
718 4241 873 4312 φησι,
912 4240 1175 4312 λαμϐάνω
1232 4241 1341 4296 τῶν
1399 4242 1709 4311 ἀναγκαίων
1760 4243 1858 4313 τὴν

269 4329 562 4402 ἀφθονίαν.
601 4330 712 4385 Καὶ
735 4330 920 4401 ἐπειδὴ
967 4330 1203 4402 ἠγνόησε
1244 4330 1335 4385 τὸν
1362 4331 1564 4401 δοτῆρα
1586 4331 1694 4385 τῶν
1719 4333 1857 4400 ἀγα-

268 4421 413 4485 θῶν,
443 4419 670 4485 εἰκότως
702 4420 897 4489 ἐπάγει
917 4437 931 4451 ·

351 4510 431 4576 ς’.
464 4529 485 4564 ι
504 4509 603 4564 Διά
624 4508 782 4564 τοῦτο
818 4511 925 4566 ἰδοὺ
948 4510 1060 4580 ἐγὼ
1091 4512 1317 4583 φράσσω
1347 4508 1443 4581 τὴν
1473 4510 1590 4564 ὁδὸν
1613 4509 1781 4582 αὐτῆς
1804 4512 1862 4563 ἐν

1959 3130 2281 3186 destitutam
2315 3128 2534 3192 faciam,
2568 3137 2621 3184 et
2652 3128 2973 3200 utAssyriis
3006 3129 3228 3193 serviat,
3264 3127 3533 3199 quemad-

1958 3221 2182 3276 modum
2228 3220 2459 3276 servivit
2494 3219 2792 3291 Egyptiis,
2845 3219 3095 3274 emciam.
3134 3218 3200 3272 Et
3230 3219 3394 3275 siccae
3418 3226 3531 3274 ter—

1958 3324 2037 3365 rae
2086 3325 2152 3365 ac
2178 3308 2411 3365 desertae
2447 3310 2684 3365 similem
2721 3324 2840 3365 eam
2883 3309 3108 3365 reddam
3143 3327 3156 3364 :
3196 3316 3250 3364 et
3275 3308 3528 3364 occidam

1957 3414 2078 3454 eam
2109 3398 2226 3452 siti.
2275 3396 2381 3453 Per
2413 3399 2556 3452 sitim
2600 3410 2781 3453 autem
2813 3413 2924 3454 non
2969 3397 3134 3453 modo
3162 3388 3319 3467 aquae
3353 3413 3530 3467 penu-

1957 3490 2097 3543 riam
2133 3487 2334 3548 innuit,
2377 3489 2474 3545 sed
2519 3487 2722 3543 divinae
2755 3503 2975 3558 quoque
3013 3488 3379 3558 providentia:
3411 3487 3530 3557 pri-

1957 3579 2256 3635 vationem.
2294 3578 2372 3650 [4]
2409 3578 2599 3648 Neque
2649 3581 2776 3635 liliis
2827 3579 2969 3649 ejus,
3029 3579 3232 3649 inquit,
3283 3592 3526 3647 parcam,

1957 3670 2087 3739 quia
2121 3687 2185 3725 ex
2216 3669 2402 3738 impiis
2430 3669 2680 3740 prognati
2706 3675 2921 3739 patrum
2951 3669 3257 3738 nequitiam
3286 3667 3529 3721 aemulati

1957 3769 2107 3816 sunt.
2156 3759 2589 3816 Foruicationem
2652 3762 2799 3816 enim
2856 3761 2945 3815 hic
2991 3759 3262 3815 idolorum
3320 3760 3530 3813 cultum

1957 3863 2138 3910 vocat.
2180 3853 2257 3926 [5]
2289 3852 2357 3908 Et
2379 3861 2439 3908 ut
2489 3853 2710 3923 planius
2758 3852 2881 3922 ejus
2945 3851 3230 3923 perﬁdiam
3281 3849 3532 3912 damnet,

1958 3945 2177 4002 inducit
2209 3960 2330 4001 eam
2368 3944 2668 4009 dicentem,
2702 3954 2964 4014 oportere
3012 3953 3290 3998 amatores
3328 3942 3535 4011 sequi,‘

1960 4039 2064 4094 hoc
2094 4046 2196 4102 est,
2240 4036 2410 4103 idola,
2452 4050 2483 4089 a
2521 4035 2723 4106 quibus
2775 4034 3047 4101 omnium,
3096 4033 3296 4103 inquit,
3336 4046 3533 4087 neces-

1959 4130 2236 4184 sariorum
2293 4127 2637 4183 abundantia
2696 4127 2833 4181 mihi
2870 4134 2975 4182 est.
3034 4125 3249 4195 1320
3295 4122 3360 4176 Et
3399 4137 3535 4191 quo-

1957 4219 2110 4276 niam
2134 4219 2407 4274 bonorum
2429 4216 2675 4272 datorem
2703 4216 3004 4287 ignoravit,
3029 4215 3228 4268 merito
3249 4211 3531 4283 adjungit:

2036 4502 2204 4559 Vens.
2239 4502 2293 4558 6.
2334 4521 2353 4555 ι
2391 4500 2690 4572 Propterea
2730 4511 2861 4554 ecce
2888 4509 2991 4568 ego
3026 4494 3179 4566 sepio
3235 4493 3382 4549 viam
3412 4491 3535 4563 ejus

277 4602 529 4673 σκόλοψι,
554 4602 650 4657 καὶ
678 4603 1084 4674 ἀνοικοδομήσω
1100 4603 1198 4667 τάς
1227 4602 1378 4667 ὀδοὺς
1409 4602 1579 4674 αὐτῆς
1596 4644 1611 4667 ,
1638 4602 1732 4656 καὶ¹
1762 4600 1854 4675 τὴν

1963 4597 2196 4653 sudibus
2221 4615 2235 4649 :
2262 4603 2317 4650 et
2347 4594 2635 4649 obstruam
2665 4592 2785 4647 vias
2810 4590 2984 4654 illius,
3020 4598 3075 4643 et
3103 4586 3352 4644 semitam
3376 4600 3533 4642 suam

274 4693 469 4766 τρίϐον
507 4693 679 4763 αὐτῆς
706 4693 766 4748 o6
812 4693 886 4764 μὴ
916 4693 1071 4766 εὕρῃ.
1120 4711 1140 4745 ι
1186 4695 1299 4748 Kal
1322 4692 1460 4765 αὐτὴ
1475 4693 1520 4725 ⁸⁸
1544 4692 1602 4746 δὲ
1630 4694 1665 4765 ἠ
1695 4710 1861 4765 τιμω-

281 4788 377 4857 ρία
411 4785 822 4857 φιλανθρωπίας
862 4787 1033 4857 μεστή
1062 4803 1077 4817 ·
1108 4785 1552 4857 πραγματεύεται
1582 4786 1690 4857 γὰρ
1719 4785 1856 4857 αὐτῇ

279 4876 497 4931 παῦλαν
528 4876 628 4947 τῆς
647 4876 969 4940 δυσσεϐείας
992 4892 1006 4906 ⁶
1043 4877 1289 4947 μαθοῦσα
1325 4878 1433 4949 γὰρ
1462 4880 1527 4950 τῇ
1556 4877 1723 4950 πείρᾳ
1749 4877 1857 4933 τῶν

279 4968 472 5024 κακῶν
491 4969 592 5038 τὴν
617 4969 724 5023 τῶν
746 4968 978 5024 εἰδώλων
1014 4970 1299 5024 ἀσθένειαν
1341 4970 1589 5040 (ἐκάλεσε
1620 4970 1729 5042 γὰρ
1755 4971 1856 5024 αύο

278 5060 410 5123 τοὺς
433 5061 514 5124 εἰς
544 5061 863 5132 συμμαχίαν
894 5063 951 5115 ἒν
973 5062 1049 5133 τῷ
1082 5061 1179 5131 τῆς
1196 5061 1384 5130 ἐφόδου
1414 5060 1612 5133 ’(⁸³⁸ρῄ
1642 5062 1735 5115 καὶ
1757 5060 1859 5131 τῆς

280 5151 416 5221 παρ’
459 5150 639 5204 αὐτῶν
692 5151 1007 5222 ἐπικουρίας
1061 5152 1161 5204 οὐκ
1183 5150 1342 5221 ἔτυχε
1368 5166 1384 5181 ο
1429 5169 1447 5202 ι
1485 5151 1720 5222 Ζητήσει
1750 5150 1859 5219 γὰρ

281 5241 503 5308 αὐτοὺς,
538 5241 693 5313 φησί,
725 5242 823 5297 καὶ
852 5244 914 5296 ού
968 5243 1042 5315 μὴ
1095 5242 1275 5315 εὕρῃ),
1327 5261 1345 5293 ι
1382 5240 1857 5312 ἀναμνησθήσεται

281 5337 386 5407 τῆς
409 5336 558 5401 θείας
584 5337 928 5409 κηδεμονίας,
964 5338 1057 5390 καὶ
1111 5339 1258 5405 ἐρείο
1303 5355 1321 5388 ι
1367 5333 1732 5404 Πορεύσομαι,
1765 5332 1858 5386 καὶ

357 5526 386 5569 ς
417 5517 521 5575 lsa.
559 5535 612 5585 ν,
638 5519 692 5583 5,
726 5517 778 5572 4.
861 5526 881 5556 τ
908 5516 1056 5571 Psal.
1083 5528 1272 5580 cxvm,
1301 5513 1386 5566 7|.

1961 4706 2071 4746 non
2127 4687 2385 4745 inveniet.
2426 4706 2445 4739 ι
2488 4685 2615 4742 Haec
2676 4700 2899 4756 quoque
2945 4683 3088 4738 ultio
3136 4680 3536 4736 misericordiae

1961 4784 2122 4855 plena
2153 4790 2257 4845 est,
2283 4794 2405 4850 quae
2429 4794 2496 4834 eo
2513 4776 2690 4834 tendit
2715 4785 2778 4832 ut
2806 4776 3146 4847 impietatem
3170 4772 3291 4843 ejus
3315 4785 3535 4827 cessare

1964 4872 2131 4927 faciat
2151 4889 2164 4925 :
2185 4870 2402 4940 cognita
2417 4869 2561 4925 enim
2587 4883 2684 4939 per
2706 4867 2977 4922 malorum
2994 4861 3392 4935 experientiam
3408 4861 3534 4914 ido-

1964 4966 2143 5019 lorum
2205 4961 2490 5017 debilitate
2541 4958 2662 5032 ([7]
2720 4955 3036 5029 imploravit
3114 4954 3264 5010 enim
3344 4965 3533 5008 eorum

1965 5055 2234 5111 auxilium
2261 5060 2508 5124 tempore
2542 5049 2939 5116 tribulationis,
2970 5056 3025 5104 et
3049 5047 3435 5119 adjumentum
3465 5045 3534 5100 ab

1965 5149 2046 5205 eis
2093 5152 2398 5202 consecuta
2431 5159 2541 5200 non
2588 5150 2717 5199 est:
2751 5160 2771 5194 ι
2816 5142 3034 5208 Quaeret
3055 5141 3204 5196 enim
3238 5139 3387 5203 illos,
3450 5136 3532 5189 in-

1965 5242 2106 5311 quit,
2135 5247 2190 5295 et
2244 5252 2351 5292 non
2389 5235 2634 5291 inveniet
2668 5234 2738 5305 ι),
2792 5231 3160 5289 Providentia:
3186 5229 3387 5286 divina.-
3441 5240 3533 5278 re-

1963 5333 2306 5399 cordabitur,
2323 5339 2380 5388 et
2411 5329 2591 5386 dicet:
2628 5347 2647 5381 ι
2673 5328 2879 5385 Vadam
2911 5336 2963 5384 et
2988 5332 3235 5383 revertar
3267 5320 3336 5376 ad
3354 5318 3532 5374 virum

1589 5673 1820 5728 l’ARle
1848 5668 2250 5725 LECTIONES.

1163 5773 1203 5804 δί’
1235 5772 1273 5827 C
1313 5769 1595 5840 πονηρίας.

388 5771 435 5807 ⁵⁸
471 5791 632 5846 προγ.
665 5774 704 5829 C
733 5773 856 5829 add.
886 5773 1058 5842 ὑμῶν.

1678 5770 1722 5801 ⁸ο
1760 5769 1908 5838 στέρ.
1952 5766 1990 5819 C
2027 5779 2213 5835 prmo).
2245 5763 2367 5835 τὴν.
2447 5763 2487 5794 ⁵¹
2523 5760 2563 5816 C
2596 5759 2758 5830 aii-cn,
