3912 6206
118 331 239 395 1565

1328 362 1333 369 ι
1417 324 1495 384 ΙΝ
1531 323 1718 385 OSEE
1760 323 1917 387 CAP.
1956 328 2036 389 II.

3228 323 3246 387 1
3261 323 3362 386 [ὒῦ

117 442 203 511 τὴν
232 436 442 492 ἐκείνου
490 434 768 506 τελευτὴν,
798 435 877 497 εἰς
923 432 1048 488 νοῦν
1083 432 1359 497 λαεόντες,
1386 434 1509 487 δεον
1533 436 1565 505 ή
1594 434 1687 488 τοῦ

1798 436 1922 491 Post
1951 438 2097 493 illius
2128 454 2256 493 vero
2289 454 2504 500 necem,
2554 439 2763 509 1322
2799 452 2921 492 cum
2973 444 3358 506 agnoscerent,
3436 476 3445 485 .

120 533 252 585 Θείου
283 530 451 598 νόμου
480 527 717 581 λωῦἇται
742 524 1080 596 παράϐασις,
1112 523 1385 587 κλαίοντες
1420 523 1513 576 καὶ
1562 523 1681 576 ὁλο-

121 620 399 690 φυρόμενοι
428 618 521 671 τὸν
548 616 682 669 Θεὸν
709 612 1021 668 ῑλεὼσαντο.
1052 612 1225 666 Τοῦτο
1247 613 1425 666 τοίνυν
1468 613 1561 666 καὶ
1593 613 1681 665 ἐν-

118 710 281 764 ταῦθα
306 707 708 779 παρεδήλωσεν,
728 707 812 761 ὅτι
834 704 1084 776 καθάπερ
1109 705 1158 757 οἱ
1185 704 1439 774 τηνικάδε
1464 702 1553 756 διὰ
1583 702 1680 771 τῆς

119 796 201 849 τοῦ
240 794 403 865 ’Δχὰρ
442 792 715 864 τιμωρίας
752 792 976 864 ἔμαθον,
1003 793 1126 846 ὅσον
1151 795 1183 862 ὴ
1213 791 1529 863 παρανομία
1582 808 1681 846 κα-

117 890 224 953 κὸν,
257 888 393 941 οὕτω
426 887 519 940 καὶ
560 877 707 938 οὗτοι
741 885 829 938 διὰ
858 885 954 954 τῆς
1004 884 1380 955 αἰχμαλωσίας
1426 882 1683 953 αἴσθησιν

116 980 369 1049 λήξονται
412 976 521 1032 τῶν
575 977 792 1031 οἰκείων
817 976 1329 1049 πλημμελημάτων.
1363 979 1475 1032 Kal
1524 977 1683 1032 τοῦτο

119 1071 443 1139 σαφέστερον
466 1069 664 1139 δηλῶν,
700 1070 946 1140 ἐπήγαγε
966 1086 982 1100 ·

183 1168 279 1226 ις’,
318 1159 403 1225 ιζ’.
433 1178 452 1212 ι
486 1162 596 1214 Kal
619 1159 1091 1231 ταπεινωθήσεται
1117 1160 1236 1215 ἐκεῖ
1261 1161 1401 1217 κατὰ
1427 1162 1527 1225 τὰς
1550 1162 1684 1234 ἠμέ-

120 1272 211 1323 ρας
240 1252 558 1322 νηπιότητος
587 1253 779 1322 αὐτῆς,
814 1252 911 1306 καὶ
944 1253 1082 1306 κατὰ
1114 1253 1210 1316 τὰς
1240 1252 1452 1324 ἡμέρας
1478 1254 1683 1307 ἀναϐά-

120 1361 251 1406 σεως
300 1342 469 1411 αὐτῆς
522 1344 586 1396 ἐκ
633 1342 740 1410 γῆς
795 1341 1093 1410 Αἰγύπτου.
1164 1344 1273 1396 Καὶ
1323 1341 1475 1395 ἔσται
1527 1343 1586 1395 ἐν
1616 1346 1682 1415 τῇ

118 1435 295 1507 ἡμέρα
344 1434 545 1507 ἐκείνῃ,
578 1434 727 1502 λέγει
762 1432 987 1505 Κύριος,
1035 1433 1256 1487 καλεσει
1300 1450 1391 1503 με,
1443 1432 1501 1487 '0
1547 1434 1686 1504 ἀνήρ

118 1543 240 1595 μου,
273 1523 366 1579 καὶ
391 1525 450 1577 οὐ
485 1524 701 1577 καλέσει
754 1541 824 1594 με
861 1523 942 1576 ἔτι
976 1522 1209 1594 Βααλίμ.
1254 1524 1367 1578 Kal
1409 1522 1590 1594 ἐξαρῶ
1618 1524 1686 1577 τὰ

117 1619 349 1688 ὀνόματα
371 1617 479 1670 τῶν
510 1616 719 1686 Βααλίμ
745 1617 811 1670 ἐκ
835 1616 929 1669 τοῦ
979 1617 1245 1686 στόματος
1280 1616 1471 1686 αὐτῆς,
1499 1616 1593 1670 καὶ
1622 1617 1682 1669 οὐ

120 1710 188 1780 μὴ
229 1708 536 1780 μνησθῶσιν
568 1708 752 1763 οὐκέτι
799 1709 907 1762 τῶν
959 1709 1239 1780 ὀνομάτων
1292 1708 1491 1764 αὐτῶν.
1526 1728 1546 1760 ι
1587 1707 1686 1764 "Ov

1786 536 2029 597 quantas
2051 530 2241 584 turbas
2277 531 2410 599 legis
2446 530 2646 584 divina:
2697 529 3069 599 transgressio
3101 527 3355 591 advehat,
3446 540 3449 544 '

1788 620 1938 675 luctu
1973 631 2028 676 et
2054 622 2281 692 planctu
2308 622 2477 677 Deum
2516 623 2824 692 placarunt.
2863 621 2980 675 line
3013 622 3180 691 igitur
3222 634 3356 689 pro-

1785 711 1950 781 pheta
2004 713 2093 768 hic
2122 712 2353 767 indicat.
2386 711 2522 767 Nam
2557 722 2617 766 ut
2670 714 2746 768 illi
2800 722 2917 768 tum
2963 728 3031 767 ex
3086 712 3360 782 supplicio

1788 804 1970 858 Achar
2005 817 2404 876 cognoverunt,
2439 821 2606 874 quam
2641 806 2835 876 ingens
2876 806 3080 859 malum
3119 805 3190 858 sit
3222 804 3359 871 legis

1786 895 2056 951 violatio:
2112 896 2195 952 sic
2241 897 2404 951 etiam
2454 912 2521 951 ex
2565 897 2882 965 captivitate
2934 895 2991 949 hi
3048 895 3359 966 percipient

1786 1002 2012 1042 sensum
2088 1002 2317 1043 suorum
2375 989 2732 1044 delictorum.
2788 989 2854 1042 Et
2925 988 3030 1042 hoc
3111 986 3357 1057 apertius

1787 1076 2107 1136 ostendens,
2142 1075 2292 1130 addit
2327 1090 2345 1127 :

1858 1166 2018 1222 Vens.
2044 1165 2129 1233 l6,
2162 1167 2249 1221 l7.
2280 1184 2300 1217 ι
2341 1165 2407 1221 Et
2439 1166 2822 1221 humiliabitur
2850 1166 3094 1235 ibijnxta
3119 1164 3237 1219 dies
3284 1166 3362 1219 iu-

1789 1257 1980 1313 l'antize
2058 1274 2219 1314 sum:
2278 1271 2333 1315 et
2382 1259 2541 1328 juxta
2616 1259 2734 1313 dies
2814 1272 3078 1311 ascensus
3160 1256 3241 1311 sui
3327 1270 3359 1308 c

1788 1356 1931 1405 terra
1954 1349 2199 1421 Egypti.
2231 1349 2296 1404 Et
2323 1350 2430 1405 erit
2458 1350 2547 1404 die
2573 1351 2686 1412 illo,
2725 1352 2800 1404 ait
2825 1349 3111 1412 Dominus,
3142 1347 3363 1401 vocabit

1787 1457 1894 1505 me,
1922 1440 2017 1495 Vir
2050 1457 2207 1496 meus
2244 1459 2258 1496 :
2292 1449 2346 1497 et
2382 1457 2490 1496 non
2518 1442 2737 1495 vocabit
2769 1456 2856 1496 me
2901 1440 3161 1508 amplius,
3222 1437 3362 1490 Βαλ-

1788 1533 1903 1587 Ιίιιι.
1932 1533 1998 1587 Ει
2022 1532 2269 1588 auferam
2298 1534 2529 1587 rnomina
2591 1532 2798 1586 Baalim
2848 1532 2918 1585 de
2963 1546 3058 1585 ore
3104 1530 3226 1598 ejus
3260 1547 3273 1582 :
3305 1536 3360 1582 ct

1788 1638 1898 1678 non
1953 1623 2391 1678 recordabuntur
2436 1622 2675 1692 amplius
2740 1622 3022 1675 nominum
3071 1635 3281 1675 eorum.
3335 1637 3357 1669 ι

1788 1713 1908 1768 Non
1930 1729 2091 1770 secus
2121 1713 2386 1785 Assyriis,
2441 1714 2642 1784 inquit,
2674 1713 2934 1776 servient,
2972 1720 3139 1780 atque
3189 1709 3361 1781 Egy-

117 1801 309 1870 τρόπον
357 1798 488 1871 γὰρ,
535 1799 718 1869 φησιν,
765 1797 1083 1851 ἐδούλευσαν
1135 1796 1474 1864 Αἰγυπτίοις,
1514 1794 1685 1859 οὕτως

1798 1808 1918 1878 ptiis
1949 1808 2258 1863 servierunt
2291 1826 2304 1861 :
2328 1806 2449 1876 ejus
2474 1808 2620 1862 enim
2649 1806 2936 1874 infantiam
2958 1813 3118 1859 vocat
3140 1812 3360 1872 tempus

130 1888 427 1959 Ἀσσυρίοις
455 1886 830 1941 δουλεύσουσι·
863 1886 1201 1954 νηπιότητα
1226 1885 1335 1955 γὰρ
1366 1885 1536 1955 αὐτῆς
1587 1884 1690 1954 τὴν

118 1982 169 2034 ἐν
204 1981 460 2052 Αίγύπτῳ
487 1982 642 2033 καλεῖ
661 1979 958 2049 διαγωγήν.
1025 1977 1185 2031 Ἀλλὰ
1211 1977 1347 2048 πρὸς
1388 1976 1551 2031 καλὸν
1586 1977 1686 2029 αὐ-

116 2076 219 2136 τοῖς
248 2075 281 2144 ή
310 2071 521 2127 δουλεία
553 2073 868 2143 γενήσεται,
899 2071 993 2125 καὶ
1018 2070 1282 2141 πρόξενος
1313 2070 1498 2137 αὐτοῖς
1534 2072 1688 2124 εὐσε-

116 2163 261 2227 ϐείας
309 2163 772 2234 ἁποφανθήσεται.
817 2165 905 2217 Ἐν
939 2162 1049 2232 γὰρ
1071 2165 1156 2234 ,τῇ
1190 2163 1540 2234 αἰχμαλωσίᾳ
1566 2164 1687 2216 ἐπι-

116 2254 333 2323 λήσεται
365 2254 461 2323 μὲν
482 2254 581 2324 τῆς
605 2252 715 2307 τῶν
744 2251 977 2307 εἰδώλων
1008 2253 1285 2326 λατρείας,
1311 2252 1410 2323 ἐμὲ
1432 2253 1488 2307 δὲ
1518 2253 1686 2326 ἄνδρα

117 2346 204 2397 καὶ
239 2344 484 2397 σύνοικον
525 2344 805 2415 όνομάσει.
843 2344 985 2414 Ἐγὼ
1014 2345 1072 2399 δὲ
1101 2344 1275 2415 αὐτῆς
1300 2344 1399 2416 τὴν
1444 2345 1685 2416 μεταμέ-

115 2433 260 2487 λειαν
286 2432 558 2503 θεώμενος
575 2473 592 2497 ,

182 2531 274 2596 ιη’.
307 2544 325 2576 ι
361 2524 704 2596 Διαθήσομαι
754 2525 940 2591 αὐτοῖς
960 2526 1231 2597 διαθήκην
1278 2527 1334 2579 ἐν
1382 2529 1448 2597 τῇ
1505 2526 1687 2597 ήμέρᾳ

116 2619 320 2688 ἐκείνῃ,
365 2618 506 2687 μετὰ
549 2618 658 2671 τῶν
686 2616 890 2690 θηρίων
930 2617 1025 2673 τοῦ
1068 2618 1264 2688 ἀγροῦ,
1293 2618 1387 2673 καὶ
1414 2619 1555 2688 μετὰ
1579 2618 1688 2671 τῶν

118 2708 374 2762 πετεινῶν
404 2708 499 2762 τοῦ
528 2708 785 2780 ούρανοῦ,
814 2710 910 2764 καὶ
941 2710 1081 2781 μετὰ
1128 2709 1237 2764 τῶν
1288 2709 1532 2781 ἑρπετῶν
1587 2710 1689 2780 τῆς

117 2802 268 2871 γῆς.»
302 2802 413 2854 Kal
436 2800 727 2866 διδάσκων,
759 2801 834 2867 ὡς
888 2803 948 2856 οὐ
988 2803 1119 2872 περί
1154 2802 1358 2872 θηρίων
1388 2803 1483 2856 xal
1508 2816 1691 2855 πετει-

115 2893 219 2947 νῶν
251 2893 424 2962 λέγει,
454 2893 592 2947 ἀλλά
632 2893 760 2963 περὶ
789 2893 1074 2965 Θηριωδῶν
1118 2892 1421 2963 ἀνθρώπων
1469 2894 1562 2948 καὶ
1592 2911 1689 2946 πε·-

117 2985 306 3038 τεινῶν
357 2985 514 3056 δίκην
564 2987 975 3055 ἐπιπετομένων
1035 2987 1129 3039 καὶ
1179 2986 1402 3050 ἰοϐόλοις
1441 2988 1690 3058 ἑρπετοῖς

118 3076 388 3142 ἐοικότων,
416 3076 667 3147 ἐπήγαγε
692 3093 706 3107 ·
741 3096 760 3128 ι
798 3076 911 3130 Kal
941 3077 1118 3143 τόξον,
1144 3079 1235 3130 καὶ
1268 3079 1564 3149 ῥομφαίαν,
1593 3081 1687 3133 καὶ

120 3167 349 3235 πόλεμον
379 3167 654 3237 συντρίψω
682 3168 789 3220 ἀπὸ
811 3168 856 3200 ⁸⁹
883 3169 982 3239 τῆς
1007 3169 1165 3239 γῆς.»
1192 3165 1320 3223 Εἶτα
1349 3172 1690 3243 ὑπισχνεῖται

120 3259 301 3321 αὐτοῖς
330 3258 400 3312 τὰ
445 3258 640 3312 αἰώνια
691 3259 892 3328 ἀγαθά·
937 3279 956 3310 ι
992 3262 1100 3315 Kal
1132 3264 1389 3317 κατοικιῶ
1416 3265 1614 3327 αὐτοὺς
1646 3265 1692 3297 °°

122 3350 204 3403 ἐπ’
227 3348 420 3402 ἐλπίδι.
462 3368 480 3400 ι
508 3349 645 3420 Περὶ
670 3349 882 3420 ι’ταύτης
907 3350 964 3404 δὲ
988 3351 1085 3419 τῆς
1120 3352 1333 3416 ἐλπίδος
1359 3356 1388 3408 ό
1423 3354 1693 3424 μακάριος

123 3443 266 3509 λέγει
316 3442 563 3506 Παῦλος·
597 3461 616 3494 ι
655 3444 733 3514 Τῇ
780 3445 889 3514 γὰρ
939 3444 1113 3497 ἐλπίδι
1167 3445 1469 3517 ἐσώθημεν.
1511 3448 1695 3511 Ἐλπὶς

122 3533 175 3586 δὲ
210 3533 515 3604 βλεπομένη
543 3532 642 3586 οὐκ
674 3532 818 3586 ἔστιν
875 3533 1049 3597 ἐλπίς·
1084 3534 1120 3588 ἃ.
1147 3536 1190 3567 ⁶¹
1223 3536 1332 3606 γὰρ
1370 3536 1560 3607 βλέπει
1588 3556 1693 3604 τις,

121 3624 172 3677 τί
201 3625 295 3678 καὶ
323 3622 569 3689 ἐλπίζεις
616 3625 679 3677 Εἰ
725 3625 782 3676 δὲ
818 3625 845 3677 ὃ
874 3626 933 3678 οὐ
993 3625 1262 3697 βλέπομεν
1291 3627 1600 3698 ἐλπίζομεν,
1630 3630 1695 3683 δι’

123 3715 398 3784 ὑπομονῆς
428 3713 760 3785 ἐκδεχόμεω
782 3715 850 3768 ⁸⁸.
891 3734 908 3767 ι
948 3716 1060 3769 Kal
1091 3717 1174 3770 ὅτι
1213 3720 1343 3788 περί
1366 3720 1568 3790 ταύτης
1592 3720 1695 3793 ἔφη

124 3806 218 3875 τῆς
265 3804 515 3870 ἐλπίδος,-
549 3805 644 3859 καὶ
699 3806 798 3877 οὐχ
847 3807 1061 3879 ἐτέρας,
1111 3809 1181 3862 τὰ
1210 3811 1523 3882 ἐπαγόμενα
1561 3829 1698 3884 μαρ-

121 3898 295 3963 τυρεῖ.

195 3986 282 4040 tG’.
328 4006 345 4038 ι
396 3987 507 4039 Kal
567 3987 976 4058 μνηστεύσομαί
1025 4008 1084 4043 σε
1129 3992 1351 4063 ἐμαυτῷ
1383 3994 1428 4025 ⁸³
1473 3994 1552 4058 εἰς
1607 3994 1699 4049 τὸν

122 4078 313 4141 αἰῶνα,
345 4078 440 4130 καὶ
489 4078 899 4149 μνηστεύσομαι
930 4079 977 4112 ⁸³
1010 4082 1069 4133 ἐν
1113 4083 1450 4156 δικαιοσύνῃ,
1500 4088 1596 4140 καὶ
1642 4089 1701 4141 ἐν

125 4169 372 4239 κρίματι,
406 4170 499 4221 καὶ
528 4168 587 4221 ἐν
642 4170 798 4241 ἐλέῳ,
838 4173 930 4225 καὶ
964 4174 1022 4226 ἐν
1069 4175 1394 4246 οἱκτιρμοῖς.
1437 4197 1454 4229 ι
1492 4179 1613 4233 Ὅτι
1645 4183 1701 4235 δέ

124 4263 184 4314 οὐ
229 4261 332 4331 τὴν
369 4261 638 4315 Ἰουδαίων
691 4263 1024 4334 Συναγωγὴν
1071 4268 1152 4328 εἰς
1199 4268 1292 4320 τὸν
1334 4268 1506 4322 αἰῶνα
1535 4272 1701 4341 ἐμνηυ

129 4350 415 4415 στεύσατο,
470 4350 608 4404 ἀλλὰ
654 4351 749 4422 τὴν
806 4353 865 4418 ἐξ
906 4354 1172 4408 Ἰουδαίων
1215 4358 1308 4410 καὶ
1361 4358 1420 4422 ἐξ
1448 4360 1494 4391 ⁸⁵
1533 4361 1701 4413 ἐθνῶν

1789 1916 1898 1971 quo
1932 1901 1986 1955 in
2025 1900 2263 1973 Egypto
2298 1901 2500 1956 versati
2530 1908 2681 1955 sunt.
2721 1902 2977 1954 Attamen
3011 1898 3253 1954 servitus
3277 1898 3356 1950 eis

1789 1993 1939 2048 utilis
1963 1993 2091 2056 erit,
2121 1999 2175 2047 et
2205 1992 2365 2063 plane
2396 1991 2620 2062 pietatis
2684 1992 2793 2048 erit
2836 1990 3209 2046 conciliatrix.
3270 1988 3360 2041 Et-

1776 2084 1931 2142 enim
1960 2085 2107 2141 idola
2134 2085 2318 2140 colere
2361 2083 2719 2139 obliviscetur
2764 2082 2818 2136 iu
2848 2082 3171 2152 captivitate
3214 2098 3229 2134 τ
3275 2094 3360 2133 uie

1785 2190 1916 2230 vero
1940 2182 1998 2230 et
2028 2175 2207 2229 virum
2230 2181 2288 2229 et
2312 2174 2604 2245 coniugem
2648 2173 2984 2227 nominabit.
3030 2172 3144 2244 Ego
3177 2180 3359 2226 autem

1780 2265 1909 2335 ejus
1938 2264 2110 2320 animi
2140 2265 2340 2321 factam
2381 2264 2741 2321 mutationem
2773 2263 2969 2320 videns
3000 2282 3015 2319 :

1861 2534 2025 2590 Vens.
2066 2536 2153 2591 18.
2197 2554 2214 2585 ι
2242 2533 2540 2604 Disponam
2585 2534 2668 2588 eis
2692 2537 3089 2589 testamentum
3123 2526 3214 2584 die
3269 2527 3364 2582 illo

1787 2640 1915 2680 cum
1953 2626 2159 2681 bestiis
2180 2626 2322 2696 agri,
2356 2632 2414 2680 et
2446 2640 2571 2679 cum
2598 2623 2922 2678 volatilibus
2952 2620 3099 2683 coeli,
3137 2629 3191 2674 et
3234 2632 3360 2671 cum

1782 2719 2080 2789 reptilibus
2110 2727 2303 2777 terra},
2332 2737 2348 2768 I
2388 2716 2455 2768 Et
2482 2716 2686 2770 docens
2727 2713 2874 2783 quod
2904 2727 3010 2767 non
3053 2710 3122 2764 de
3166 2709 3360 2763 bestiis

1789 2817 1844 2862 et
1878 2808 2201 2863 volucribus
2230 2809 2510 2877 loquatur,
2536 2806 2629 2861 sed
2658 2804 2726 2859 de
2756 2804 2996 2863 cﬂ'eratis
3025 2800 3362 2862 hominibus,

1791 2906 1846 2954 et
1872 2898 2156 2953 volucrum
2207 2912 2358 2951 more
2414 2895 2812 2957 involantibus,
2865 2900 2921 2948 et
2972 2899 3363 2946 venenatorum

1791 2996 2109 3057 serpentum
2161 2988 2456 3049 similibus,
2486 2986 2771 3056 adjungit:
2829 3003 2847 3035 ι
2903 2981 2969 3043 Et
3030 2997 3242 3046 arcum,
3312 2986 3369 3032 et

1795 3081 2058 3150 gladium,
2095 3089 2151 3134 et
2197 3079 2402 3133 bellum
2443 3084 2730 3132 conteram
2780 3077 2849 3131 de
2904 3082 3073 3129 terra.
3110 3091 3129 3124 ι
3164 3070 3368 3125 Deinde

1796 3174 2085 3243 pollicetur
2116 3171 2326 3249 1323
2342 3172 2423 3227 eis
2445 3179 2644 3226 alterna
2667 3170 2828 3225 bona.
2850 3186 2871 3219 ι
2896 3166 2960 3220 Et
2979 3165 3227 3220 habitare
3272 3178 3368 3216 eos

1797 3266 1994 3319 iaciam
2030 3265 2083 3318 in
2126 3278 2279 3333 spe.»
2306 3262 2381 3318 De
2413 3263 2517 3317 hac
2551 3277 2650 3331 spe
2676 3262 2875 3316 beatus
2930 3258 3133 3311 Paulus
3193 3255 3370 3323 loqui-

1797 3366 1924 3409 tur:
1961 3375 1979 3407 ι
2020 3353 2131 3425 Spe
2162 3355 2334 3418 enim,
2388 3354 2588 3424 inquit,
2618 3354 2757 3407 salvi
2808 3351 2939 3406 facti
2975 3362 3190 3404 sumus.
3233 3345 3381 3416 Spes.

1798 3459 1976 3503 autem
2019 3465 2142 3518 qua:
2174 3449 2231 3501 in
2260 3448 2455 3501 oculos
2486 3446 2745 3509 incurrit,
2771 3459 2880 3499 non
2921 3452 3006 3498 est
3038 3458 3164 3512 spes
3197 3460 3213 3495 :
3245 3455 3371 3493 nam

1798 3541 1946 3610 quod
1975 3541 2124 3594 videt
2145 3539 2293 3609 quis,
2328 3538 2462 3608 quid
2491 3540 2653 3592 etiam
2685 3537 2912 3607 sperat?
2943 3535 2989 3590 si
3015 3542 3194 3588 autem
3226 3532 3370 3601 quod

1801 3650 1908 3689 non
1954 3633 2231 3697 videmus,
2263 3646 2578 3702 speramus,
2607 3645 2705 3700 per
2735 3628 3060 3700 patientiam
3093 3626 3370 3695 exspecta-

1798 3742 1925 3782 mus
1946 3727 1989 3780 ι.
2036 3744 2055 3778 ι
2083 3725 2243 3791 Quod
2279 3739 2410 3778 vero
2437 3722 2504 3778 de
2540 3723 2643 3777 hac
2672 3736 2769 3792 spe
2798 3722 3123 3790 loquantur,
3171 3725 3226 3772 et
3258 3730 3371 3770 non

1801 3820 1868 3875 de
1896 3820 2026 3884 alia,
2055 3834 2118 3874 ea
2159 3833 2281 3888 qua:
2322 3824 2632 3888 sequuntur
2662 3822 2958 3871 testantur.
3272 3795 3281 3817 ³

1874 3997 2041 4053 Vsus.
2075 3998 2160 4054 l9.
2191 4015 2210 4048 ι
2250 3995 2315 4049 Ει
2364 3995 2715 4065 desponsabo
2764 4004 2816 4048 te
2850 3993 2983 4047 mihi
3016 3992 3071 4046 in
3110 3998 3373 4047 aeternum

1803 4092 1856 4144 in
1874 4090 2106 4160 justitia,
2136 4090 2261 4145 etin
2281 4088 2512 4157 judicio,
2537 4091 2658 4142 etin
2693 4084 3094 4147 misericordia,
3124 4092 3177 4139 et
3203 4085 3256 4137 in
3272 4082 3372 4133 mi-

1804 4182 2199 4237 serationibus.
2243 4198 2261 4231 ι
2302 4180 2461 4244 Quod
2491 4193 2621 4233 vero
2669 4176 2983 4232 Judreorum
3033 4177 3372 4246 Synagogam

1805 4287 1912 4325 non
1945 4271 1997 4323 in
2031 4277 2297 4325 aeternum
2327 4270 2434 4323 sibi
2461 4269 2905 4337 desponsaverit,
2949 4265 3043 4321 sed
3072 4282 3134 4320 ex
3181 4263 3373 4320 Iudmis

1803 4370 1856 4417 et
1882 4361 2141 4432 gentibus
2174 4359 2461 4414 collectam
2497 4357 2823 4418 Ecclesium,
2854 4370 2945 4411 res
2994 4357 3125 4425 ipsae
3171 4363 3329 4409 testa:
3355 4380 3382 4392 -

127 4442 478 4509 συλλεγεῖσαν
520 4442 868 4512 Ἐκκλησίαν,
923 4443 990 4497 τὰ
1047 4446 1347 4516 πράγματα
1407 4452 1690 4518 μαρτυρεῖ.

1806 4460 1913 4506 tur.
1944 4449 2042 4505 llla
2084 4449 2229 4503 enim
2274 4448 2483 4517 objecta
2529 4455 2614 4502 est
2648 4488 2661 4501 .
2710 4447 2824 4500 haec
2855 4461 2979 4500 cum
3014 4459 3217 4514 sponso
3245 4460 3383 4497 cnn-

135 4534 201 4586 'H
234 4533 335 4603 μὲν
368 4532 476 4602 γὰρ
511 4532 815 4605 ἀπεϐλήθη,
853 4537 885 4604 ή
915 4535 972 4587 δὲ
998 4537 1077 4607 τῷ
1128 4539 1396 4609 μνηστῆρι
1450 4540 1700 4603 συνέζευ-

125 4644 271 4691 κται,
297 4626 701 4698 προσδεχομένη
741 4628 808 4681 τὰ
836 4628 1016 4696 ἀγαθὰ
1045 4629 1113 4684 τὰ
1140 4631 1333 4685 αἰώνια
1353 4647 1366 4659 ·
1398 4633 1699 4703 ἐμνηστεύη

126 4734 257 4770 σατο
289 4717 345 4770 δὲ
378 4718 567 4788 αὐτὴν,
612 4719 673 4771 οὐ
720 4719 877 4787 μόνον
905 4721 962 4773 ἐν
990 4720 1299 4795 δικαιοσύνῃ
1322 4725 1412 4777 καὶ
1442 4725 1693 4795 κρίματι,

124 4808 266 4861 ἀλλὰ
320 4808 416 4860 καὶ
469 4811 527 4861 ἐν
564 4809 696 4878 ἐλέῳ
726 4811 819 4864 καὶ
841 4813 1141 4885 οἰκτιρμοῖς
1165 4833 1176 4847 ·
1210 4816 1567 4888 δικαιοσύνῃ
1602 4819 1701 4888 μὲν

124 4899 238 4968 γὰρ
265 4899 363 4952 καὶ
390 4900 626 4968 κρίματι
654 4902 795 4956 κατὰ
814 4903 905 4957 τοῦ
938 4908 1176 4977 πονηροῦ
1202 4910 1464 4980 τυράννου
1487 4913 1696 4983 χρησά-

126 5006 310 5059 μενος,
329 4988 508 5044 ἔλεον
538 4990 594 5043 δὲ
625 4994 718 5044 καὶ
740 4994 1075 5063 οἰκτιρμοὺς
1096 4999 1175 5061 εἰς
1200 5001 1323 5061 τοὺς
1349 5000 1541 5071 ἐκείνῳ
1580 5003 1703 5056 δου-

122 5081 307 5134 λεύειν
327 5082 780 5152 ἠναγκασμένους
806 5086 1238 5159 ἐπιδειξάμενος.
1280 5092 1495 5162 Ἐπειδὴ
1517 5095 1572 5148 δὲ
1596 5096 1704 5149 ἔδει

120 5171 250 5234 τοὺς
284 5169 467 5233 ἐλέους
497 5170 542 5205 ⁸⁸
580 5175 941 5243 τετυχηκότας
973 5178 1065 5231 καὶ
1091 5178 1287 5242 αὐτοὺς
1312 5180 1618 5234 ἀντιδοῦναί
1652 5201 1703 5236 τι

122 5263 203 5333 τῷ
240 5262 528 5326 σεσωκότι,
557 5263 783 5328 εἰκότως
809 5266 1059 5341 ἐπήγαγε
1079 5287 1092 5299 ο

204 5381 220 5416 ι
258 5377 422 5432 Rom.
456 5392 575 5442 vin,
603 5377 696 5442 24,
720 5377 811 5431 25.

1803 4545 1994 4615 juncta
2018 4548 2304 4613 exspectat
2335 4541 2477 4596 bona
2503 4549 2728 4594 aeterna.
2764 4538 2896 4592 Eam
2939 4546 3116 4592 autem
3142 4537 3245 4593 sibi
3280 4538 3373 4590 dc-

1802 4636 2112 4706 sponsavit,
2143 4649 2250 4687 non
2279 4633 2333 4685 in
2371 4631 2589 4702 justitia
2615 4629 2779 4685 modo
2808 4640 2863 4684 et
2906 4629 3139 4700 judicio,
3173 4630 3264 4684 sed
3321 4628 3368 4681 ir

1800 4725 2187 4784 misericordia
2249 4740 2470 4794 quoque
2524 4731 2579 4779 et
2632 4722 3081 4778 miserationibus
3117 4740 3129 4776 :
3163 4719 3375 4791 iustitia

1803 4821 2004 4891 quippe
2029 4825 2084 4873 et
2118 4816 2326 4886 judicio
2382 4831 2511 4885 erga
2570 4816 2778 4870 malum
2839 4822 3130 4885 tyrannum
3192 4823 3373 4875 utens,

1803 4909 2173 4967 misericordia
2203 4918 2382 4965 autem
2443 4915 2496 4962 ct
2530 4907 2957 4961 miserationibus
2996 4918 3123 4976 erga
3153 4918 3248 4959 eos
3283 4904 3374 4974 qui

1803 5014 2044 5077 tyranno
2074 5007 2281 5058 servire
2312 5001 2487 5056 coacti
2543 5008 2694 5055 sunt.
2760 4997 2879 5053 Jam
2918 5013 3072 5064 vero,
3118 4997 3377 5066 quoniam

1806 5097 2094 5166 oportebat
2125 5092 2563 5151 misericordiam
2600 5102 2931 5147 consecutos
2969 5089 3174 5160 aliquid
3210 5091 3375 5145 etiam

1803 5190 1955 5258 ipsos
1982 5188 2286 5258 rependere
2310 5184 2608 5249 Salvatori,
2644 5183 2846 5241 merito
2872 5180 3158 5254 subjunxit
3183 5199 3198 5239 :

1404 5473 1635 5527 VARIIE
1678 5472 2060 5528 LECTIONES

225 5542 272 5573 ”
304 5541 598 5613 enecuit.
637 5544 789 5613 prior
818 5544 1050 5598 habebat
1080 5544 1191 5605 ἐπί,
1217 5544 1302 5598 ed.
1339 5553 1556 5613 prmstat
1598 5559 1707 5598 rec.
1750 5545 1911 5597 lectio
1937 5544 2061 5606 ἀπὸ,
2092 5557 2252 5613 quam
2283 5541 2480 5598 Noster
2515 5558 2701 5613 supra,
2735 5560 2786 5610 p.
2829 5542 2986 5604 l009.
3018 5539 3369 5613 sequebatur.

196 5613 237 5642 ⁸ο
267 5614 390 5665 αὐτ.
429 5611 502 5664 Ita
539 5608 739 5683 conipl.
780 5613 881 5668 Sed
906 5631 1090 5681 supra.
1130 5616 1162 5666 l.
1222 5632 1267 5668 ς.
1299 5608 1413 5668 erat
1448 5617 1505 5666 σέ
1536 5615 1689 5682 juxta
1726 5616 2000 5668 rcc.‘l(-ct.
2078 5608 2121 5645 ⁶ί
2147 5615 2200 5668 ἆ.
2234 5614 2399 5673 Infra.
2423 5622 2464 5667 t.
2498 5608 2598 5678 Ill;
2624 5608 2695 5667 ad
2739 5608 2897 5667 liom.
2934 5614 2969 5665 Ι.
3003 5628 3050 5683 9.
3100 5608 3209 5683 leg.
3258 5608 3304 5683 δέ

268 5684 382 5735 ἐκδ.
420 5682 586 5754 Infra,
652 5682 685 5736 ll
725 5703 774 5739 ρ.
817 5694 902 5737 est
932 5685 1358 5754 ἀπεκδεχόμεθα.

197 5750 243 5778 *⁸
275 5753 413 5807 ibid.
446 5752 620 5808 ἐλέου,

1440 5687 1483 5713 ⁸³
1509 5688 1597 5751 ἐξι.
1635 5685 1675 5737 C
1709 5688 1860 5752 φτσί.

1936 5684 1980 5715 δ”
2017 5703 2103 5756 μ’).
2141 5685 2179 5738 (ἶ
2213 5684 2335 5739 add.
2372 5684 2430 5737 σὲ
2458 5676 2705 5756 ἐμαυτῷ.
2807 5685 2849 5715 ⁸⁸
2881 5683 2957 5745 ἐξ.
3014 5681 3135 5735 Des.
3180 5677 3236 5729 in
3276 5676 3342 5729 (Σο
