3912 6206
568 359 702 426 1567

1554 354 2041 416 THEODORETI
2064 353 2399 415 EPISCOPI
2438 352 2801 412 CYRENSIS

3664 342 3786 410 1568

638 464 805 518 Vens.
856 460 946 514 20.
984 478 1001 512 ι
1056 459 1121 514 Et
1165 458 1515 531 desponsabo
1539 469 1592 515 te
1642 460 1859 514 mibiin
1908 460 2031 525 ﬁde,
2080 466 2135 512 et

2308 466 2377 514 κ’.
2408 479 2425 511 ι
2467 461 2577 514 Kal
2606 454 3013 529 μνηστεύσομαί
3045 471 3104 508 σε
3128 450 3352 524 ἐμαυτῷ
3378 449 3439 505 ἐν
3475 452 3674 513 πίστει,
3702 454 3786 507 καὶ

566 568 865 625 cognosces
884 551 1201 608 Dominum.
1236 571 1254 605 ι
1285 551 1411 605 Sola
1439 551 1581 605 enim
1610 549 1744 606 ﬁdes
1764 551 1833 604 ab
1863 550 1931 604 iis
1956 550 2138 606 statim

566 644 878 713 reposcitur
932 642 1028 703 oui
1061 641 1355 703 accedunt,
1384 655 1508 695 nam
1556 639 1773 709 justitia
1808 645 1936 694 sunt
1967 638 2138 693 desti-

567 736 671 788 tuti
709 740 765 788 et
818 733 977 786 vacui
1009 750 1022 787 :
1061 747 1182 787 eam
1218 740 1402 787 autem
1429 731 1709 800 accipiunt
1732 745 1830 799 per
1859 731 2138 784 lavacrum

566 824 1007 894 regenerationis
1054 838 1085 877 a
1130 822 1240 878 Deo
1292 819 1594 877 Salvatore.
1645 820 1751 886 Qui
1812 835 1942 875 vero
1982 819 2139 897 ﬁdem

568 914 832 985 pussidet,
860 913 918 969 in
952 913 1046 968 Dei
1088 914 1367 969 notionem
1397 914 1563 968 venit.
1611 911 1724 983 [2t]
1774 912 1903 967 Post
1951 911 2141 981 praesi-

566 1005 970 1074 gniﬁcationem
1023 1012 1358 1060 aeternorum
1431 1004 1703 1059 bonorum
1759 1001 2006 1073 praedicit
2062 1002 2141 1057 eis

568 1108 1087 1164 quoque‘corporea
1125 1094 1342 1166 1325
1372 1095 1538 1149 dona.
1565 1093 1776 1148 Etenim
1803 1108 1928 1147 cum
1957 1101 2144 1148 essent

570 1187 775 1242 terreni
832 1196 889 1242 et
935 1188 1104 1241 humo
1144 1186 1311 1252 aﬁixi,
1345 1187 1431 1242 his
1471 1187 1646 1256 magis
1688 1201 1853 1257 quam
1890 1186 2001 1239 illis
2047 1184 2143 1239 da-

569 1280 702 1334 baut
729 1292 977 1347 operam.
1009 1277 1289 1332 Promittit
1318 1294 1450 1349 ergo
1504 1295 1564 1332 se
1603 1279 1842 1347 pluviam
1888 1276 2144 1346 suppedi-

569 1377 813 1423 taturum
849 1382 974 1423 esse
1003 1367 1260 1437 desuper,
1304 1376 1359 1423 et
1389 1369 1823 1431 elaboraturum,
1878 1373 1940 1421 ut
1999 1376 2144 1423 terra

565 1459 836 1531 producat
874 1460 1038 1523 bona,
1071 1473 1197 1513 cum
1232 1461 1348 1513 ait:

614 1568 667 1610 ,ί
702 1547 1003 1604 Exaudiam
1054 1548 1280 1613 cmlum,
1342 1548 1542 1604 ccelum
1603 1547 1860 1603 exaudiet
1917 1556 2140 1604 terram.

572 1639 764 1702 (Vens.
803 1639 921 1712 τε.)
956 1639 1022 1692 Et
1053 1648 1196 1694 terra
1231 1638 1485 1694 exaudiet
1516 1638 1886 1705 frumentum,
1919 1641 2106 1694 vinum
2129 1676 2144 1703 ,

572 1741 627 1784 et
674 1732 875 1797 oleum,
924 1737 978 1784 et
1031 1731 1147 1786 haec
1188 1731 1487 1786 exaudient
1522 1728 1842 1787 Jezraelem.
1881 1751 1901 1784 ι
1939 1731 2145 1788 Deinde

573 1840 769 1881 rursus
802 1823 1069 1879 admiscet
1098 1822 1430 1894 spiritualia.

645 2003 812 2062 Vens.
854 2007 945 2061 23.
981 2026 999 2058 ι
1034 2004 1103 2063 Et
1141 2006 1427 2062 seminabo
1466 2020 1588 2060 eam
1632 2005 1763 2060 mihi
1817 2020 1984 2076 super
2037 2014 2149 2061 ter-

574 2113 713 2153 ram.
761 2116 779 2148 ι
830 2097 942 2153 Hoc
971 2107 1077 2164 est,
1117 2095 1315 2151 faciam
1341 2110 1459 2151 eam
1491 2110 1684 2166 agrum
1737 2111 1899 2165 quem
1929 2097 2103 2151 colam
2127 2136 2144 2163 ,

571 2198 629 2243 et
654 2188 882 2257 justitiaa
908 2187 1119 2241 semina
1150 2200 1350 2241 seram.
1388 2203 1408 2237 ι
1446 2183 1511 2238 Ει
1533 2184 1837 2240 miserebor
1860 2184 2002 2255 ejus,
2026 2199 2148 2254 quae

576 2278 1009 2332 misericordiam
1043 2292 1151 2333 non
1186 2284 1273 2332 est
1303 2276 1523 2345 adepta,
1578 2284 1634 2331 et
1675 2276 1852 2330 dicam
1901 2274 2020 2330 Non
2048 2289 2148 2346 po-

576 2369 704 2437 pulo
733 2383 852 2422 meo
879 2385 893 2421 :
926 2367 1173 2437 Populus
1218 2381 1370 2424 meus
1405 2380 1466 2421 es
1494 2374 1550 2419 tu
1577 2383 1594 2433 ;
1634 2375 1688 2421 et
1717 2366 1833 2436 ipse
1864 2366 2048 2422 dicet:
2082 2367 2149 2420 Et

576 2458 719 2514 Deus
760 2475 912 2515 meus
951 2473 1011 2513 es
1037 2466 1116 2515 tu.
1157 2473 1179 2509 ι
1213 2455 1335 2512 Haec
1367 2455 1586 2526 quidem
1626 2454 1858 2525 ﬁgurate
1891 2456 1995 2511 sub
2047 2454 2149 2510 Ζο-

574 2550 835 2604 robabele
867 2549 1190 2604 acciderunt
1219 2566 1233 2602 :
1272 2561 1462 2603 revera
1495 2556 1700 2614 autem,
1738 2556 1860 2618 post
1889 2548 2149 2602 incarna-

575 2639 777 2695 tionem
828 2638 1036 2693 Christi
1082 2637 1328 2705 Domini,
1380 2654 1506 2693 cum
1541 2638 1647 2694 sibi
1698 2636 2002 2694 Ecelesiam
2051 2638 2147 2693 de-

575 2727 801 2796 spondit
834 2727 888 2780 in
921 2735 1190 2783 asteruum
1218 2746 1231 2780 :
1262 2734 1376 2779 tum
1411 2727 1554 2782 enim
1585 2728 1680 2795 qui
1716 2727 1770 2780 in
1801 2743 1924 2782 eum
1966 2726 2149 2782 credi-

574 2816 800 2883 derunt,
833 2818 1066 2886 populus
1095 2815 1274 2871 ﬁdelis
1305 2831 1433 2872 vere
1471 2817 1649 2872 vocati
1675 2826 1823 2884 sunt,
1872 2818 1991 2888 ipse
2020 2832 2150 2873 vero

573 2922 802 2971 eorum,
852 2908 946 2977 qui
993 2923 1061 2963 ex
1112 2907 1299 2964 animo
1340 2909 1726 2976 crediderunt,
1774 2918 2000 2967 vocatus
2046 2909 2150 2966 fuit

578 2996 743 3053 Deus.
940 3059 973 3077 _

1159 3095 1177 3113 '
1208 3090 1436 3147 CAPUT
1468 3089 1560 3147 lll.

647 3172 725 3248 [l]
758 3176 887 3232 Post
913 3177 1030 3233 haec
1061 3178 1332 3234 bonorum
1364 3182 1635 3251 promissa
1664 3188 1718 3236 et
1773 3183 2101 3252 sponsiones
2128 3224 2145 3249 ,

577 3264 720 3323 Deus
748 3283 943 3324 rursus
976 3271 1298 3341 prophetam
1320 3273 1572 3327 hortatur
1605 3281 1664 3328 ut
1704 3275 1990 3331 mulierem
2044 3277 2146 3331 ad-

576 3356 810 3411 ulteram
865 3365 918 3412 et
973 3360 1027 3414 in
1081 3362 1383 3418 Sceleribus
1438 3373 1748 3420 versantem
1808 3366 2037 3437 diligat,
2091 3374 2150 3422 ut

576 3445 776 3501 iterum
814 3464 908 3518 per
940 3464 1029 3506 res
1056 3453 1313 3508 exhibeat
1339 3455 1626 3525 imaginem
1653 3466 1707 3511 et
1733 3457 1960 3529 efﬁgiem
1994 3475 2147 3515 sum-

576 3536 647 3591 mi
682 3553 809 3608 erga
840 3540 1094 3612 indignos
1123 3545 1293 3599 divini
1321 3547 1549 3603 amoris.
1590 3567 1608 3600 ‹
1655 3547 1810 3605 Sicut
1840 3552 1985 3606 enim
2022 3553 2151 3608 dili-

573 3628 676 3697 git,
707 3630 907 3700 inquit.
964 3632 1232 3692 Dominus
1262 3636 1415 3693 ﬁlios
1452 3636 1691 3706 lsraelis,
1739 3650 1793 3697 et
1822 3644 1925 3713 ipsi
1976 3646 2151 3716 respi-

573 3719 728 3774 ciunt
747 3721 816 3776 ad
838 3723 972 3780 deos
1002 3726 1213 3781 alienos
1267 3728 1478 3799 1325
1525 3739 1580 3785 et
1623 3741 1808 3785 amant
1869 3734 2148 3803 placentas

574 3824 699 3863 cum
730 3811 982 3868 vinaciis.
1030 3832 1050 3866 ι
1119 3815 1384 3873 llomines
1437 3819 1603 3874 idolis
1654 3819 1822 3875 dediti
1874 3825 2148 3894 ejusmodi

575 3899 827 3969 quaedam
874 3902 1056 3957 facere
1107 3906 1380 3960 solebant.
1438 3906 1517 3976 [9,
1571 3907 1626 3980 5]
1689 3909 1964 3981 Propheta
2014 3932 2144 3972 vero

574 3990 829 4061 protinus
859 3992 1184 4061 imparatum
1227 3998 1474 4066 perfecit,
1519 4007 1577 4053 et
1613 4012 1777 4069 quam
1841 4006 2144 4061 mercedem

574 4082 789 4138 mulieri
814 4084 1094 4155 pollicitus
1133 4086 1296 4142 fuerit
1339 4092 1590 4157 exponit,
1640 4100 1695 4145 et
1739 4107 1879 4161 quas
1927 4110 2051 4149 cum
2085 4112 2147 4152 ea

573 4176 862 4245 pactiones
888 4178 1173 4250 pepigerit.
1203 4179 1319 4233 Dixi
1350 4180 1495 4235 enim
1518 4187 1590 4249 ei,
1616 4183 1816 4253 inquit,
1847 4194 1905 4240 ut
1933 4201 2147 4245 omnem

573 4267 736 4321 aliam
769 4279 965 4340 praeter
994 4284 1079 4325 me
1129 4271 1447 4326 societatem
1502 4271 1737 4346 fugeret,
1771 4277 2014 4349 mihique
2051 4283 2146 4336 uni

573 4373 634 4414 se
666 4359 935 4431 integram
995 4371 1263 4417 servaret.
1334 4362 1588 4421 Ostendit
1649 4374 1840 4438 postea
1893 4370 2147 4444 imaginis

571 4454 878 4521 exemplar.

640 4540 806 4599 Vsns.
838 4545 892 4599 4.
925 4563 945 4596 ι
987 4543 1126 4610 Quia
1159 4545 1356 4604 diebus
1389 4551 1595 4617 multis,
1630 4553 1830 4623 inquit,
1860 4555 2134 4612 sedebunt

572 4632 669 4685 ﬁlii
699 4632 920 4689 lsraelis
945 4635 1064 4690 sine
1087 4650 1230 4706 rege,
1261 4638 1377 4694 sine
1400 4641 1669 4710 principe,
1695 4643 1817 4698 sine
1844 4645 2141 4712 sacriﬁcio,

571 4725 693 4778 sine
715 4726 896 4790 altari,
915 4727 1038 4782 sine
1059 4730 1386 4798 sacerdotio,
1406 4733 1526 4786 sine
1548 4734 2139 4794 manifestationibus.»

571 4808 1042 4880 Quemadmadum
1073 4821 1217 4876 enim
1251 4822 1366 4886 illa,
1417 4825 1615 4894 inquit,
1663 4829 1941 4897 prioribus
1991 4845 2145 4884 ama-

571 4911 788 4967 toribus
857 4914 1224 4978 renuntians,
1290 4917 1569 4987 propheta:
1638 4921 2006 4975 contubernio
2060 4920 2141 4976 uti

571 5001 778 5056 voluit:
811 5003 892 5059 sic
922 5020 1019 5062 vos
1050 5009 1250 5077 captivi
1281 5008 1335 5062 in
1378 5017 1581 5064 terram
1616 5011 1852 5066 alienam
1896 5012 2140 5080 abducti,

569 5103 746 5158 neque
776 5093 945 5162 regia,
973 5111 1149 5166 neque
1175 5097 1503 5153 sacerdotali
1529 5114 1661 5153 cura
1695 5100 1985 5156 fruemini:
2015 5117 2139 5155 nam

525 5240 531 5260 ε
568 5195 694 5236 cum
723 5183 896 5241 altare
928 5202 1038 5242 non
1069 5189 1165 5254 sit,
1202 5190 1478 5260 quodnam
1512 5190 1603 5245 ﬁet
1635 5193 2004 5247 sacriﬁcium?
2036 5193 2141 5248 Sed

2241 550 2516 624 ἐπιγνὼσῃ
2535 550 2623 603 τὸν
2652 549 2904 619 Κύριον.»
2938 545 3126 599 Πίστιν
3151 543 3261 614 γάρ
3289 541 3455 605 εὐθὺς
3476 542 3528 594 οἰ
3556 542 3787 612 προσιόν-

2239 660 2330 707 τες
2359 641 2710 697 ἀπαιτοῦνται
2743 639 2907 709 μόνην
2926 654 2941 668 ο
2971 634 3321 704 δικαιοσύνης
3348 633 3463 705 γάρ
3494 633 3628 687 εἰσιν
3675 632 3790 705 ἐρηο

2245 752 2363 804 μοι’
2392 734 2634 805 δέχονται
2676 732 2734 785 δὲ
2758 730 2962 799 ταύτην
2990 727 3078 782 διά
3116 726 3218 797 τῆς
3238 724 3334 779 τοῦ
3359 724 3589 795 λουτροῦ
3618 726 3791 794 παλιγ.

2242 825 2509 894 γενεσίας,
2541 824 2690 894 παρά
2719 822 2814 875 τοῦ
2843 819 3146 881 σεσωκότος
3174 816 3311 871 Θεοῦ
3329 832 3342 847 ·
3368 817 3399 869 ὁ
3424 815 3482 869 δὲ
3510 815 3608 885 τὴν
3630 816 3792 870 πίστιν

2241 915 2526 986 κτώμενος
2552 915 2610 966 ἐν
2639 911 2933 981 ἐπιγνώσει
2965 905 3295 976 γίνεταιιτοῦ
3334 903 3623 958 Δεσπότου.
3657 906 3793 959 Μετὰ

2240 1006 2419 1060 τοίνυν
2451 1004 2548 1076 τὴν
2575 1005 2879 1075 πρόρρησιν
2916 999 3027 1054 τῶν
3050 997 3282 1053 αἰωνίων
3312 994 3535 1063 ἀγαθῶν
3573 997 3659 1049 καὶ
3708 996 3793 1058 τὰς

2246 1093 2562 1166 σωματικὰς
2617 1094 2800 1155 αὐτοῖς
2839 1088 3047 1162 δωρεὰς
3096 1083 3498 1156 προαγορεύει·
3550 1084 3795 1154 περίγειοι

2242 1187 2352 1259 γὰρ
2379 1186 2529 1248 ὄντες
2550 1184 2644 1238 καὶ
2669 1180 3019 1254 χαμαίζηλοι,
3050 1177 3261 1238 τούτοις
3291 1174 3496 1246 μᾶλλον
3525 1173 3559 1243 ἢ
3585 1176 3796 1240 ἐκείνοις

2246 1280 2532 1350 προσεῖχον
2552 1296 2566 1310 ο
2603 1278 2941 1347 ὑπισχνεῖται
2983 1272 3166 1325 τοίνυν
3196 1268 3458 1340 χορηγεῖν
3493 1266 3590 1335 μὲν
3611 1268 3795 1323 ἀνωθεν

2246 1370 2420 1432 ὑετὸν,
2455 1367 2890 1441 παρασκευάζειν
2913 1366 2970 1419 δέ
3000 1364 3098 1435 τὴν
3124 1361 3226 1432 γῆν
3248 1356 3552 1429 βλαστῆσαι
3578 1358 3641 1411 τά
3668 1361 3795 1428 ἀγα-

2247 1459 2334 1516 θά.
2371 1458 2540 1513 Τοῦτο
2560 1458 2671 1531 γάρ
2698 1457 2877 1527 λέγει·

2324 1570 2343 1604 ι
2385 1550 2790 1619 Ἐπακούσομαι
2822 1547 2900 1619 τῷ
2931 1546 3170 1619 οὐρανῷ,
3205 1549 3301 1603 καὶ
3332 1548 3565 1621 οὐρανὸς
3586 1541 3799 1599 ἐπακού-

2249 1660 2400 1698 σεται
2427 1644 2493 1714 τῇ
2524 1643 2615 1713 γῇ.
2634 1640 2787 1712 (κβ’.)
2811 1639 2919 1692 Καὶ
2939 1642 2972 1709 ἡ
3000 1639 3070 1710 γῆ
3095 1641 3459 1694 ἐπακούσεται
3481 1638 3559 1709 τῷ
3593 1639 3633 1670 ⁸⁷
3657 1636 3794 1706 σίτῳ,

2248 1735 2341 1789 καὶ
2369 1735 2445 1803 τῷ
2473 1734 2617 1804 οἴνῳ,
2671 1732 2765 1787 καὶ
2799 1732 2877 1801 τῷ
2907 1729 3090 1801 ἐλαίῳ,
3124 1732 3217 1785 καὶ
3246 1731 3425 1786 ταῦτα
3458 1727 3798 1783 ἐπακούσεται

2177 1796 2219 1852 Β
2247 1824 2327 1895 τῷ
2371 1796 2610 1896 Ἰεζραέλ
2638 1822 2706 1877 ⁸⁸.
2749 1841 2768 1875 ι
2806 1796 2939 1880 Εἶτα
2984 1796 3149 1876 πάλιν
3202 1822 3534 1892 ἀναμίγνυσι
3561 1820 3627 1873 τὰ
3656 1836 3797 1872 πνεν-

2250 1912 2474 1985 ματικά.

2316 2007 2468 2075 κγθοζι
2498 2005 2606 2059 Ka‘t
2641 2004 2826 2076 σπερῶ
2854 2003 3021 2076 αὐτὴν
3052 2002 3272 2076 ἐμαυτῷ
3297 2004 3391 2056 ἐπὶ
3413 2003 3522 2072 γῆς
3541 2003 3636 2055 θ’.»
3662 2000 3797 2054 Τουτ-

2246 2095 2383 2161 έστι,
2414 2094 2679 2167 γεώργιον
2699 2095 2865 2165 αὐτὴν
2894 2094 3117 2167 ἐμαυτῷ
3141 2094 3189 2126 ⁷⁸
3207 2093 3495 2163 ἀποφανῶ,
3518 2093 3614 2146 καὶ
3638 2093 3704 2145 ra
3718 2093 3795 2161 τῆς

2244 2185 2591 2256 δικαιοσύνης
2639 2186 2946 2250 καταβαλῶ.
2984 2205 3002 2238 ι
3057 2186 3168 2240 Kal.
3220 2185 3431 2253 ἐλεήσω
3471 2185 3516 2215 τί
3570 2182 3673 2252 τὴν
3716 2182 3793 2234 οὐκ

2244 2277 2574 2349 ἠλεημένην,
2612 2278 2706 2331 καὶ
2736 2277 2845 2348 ἐρῶ
2879 2278 2923 2310 ⁷³
2960 2276 3037 2348 τῷ
3068 2278 3143 2331 Οὐ
3174 2276 3290 2347 λαῷ
3345 2293 3485 2347 μουο
3520 2275 3662 2337 Λαὸς
3714 2290 3793 2343 μου

2244 2364 2299 2421 εἴ
2334 2368 2398 2422 σύ
2420 2384 2434 2397 ·
2485 2369 2580 2422 καὶ
2609 2369 2767 2432 αὐτὸς
2817 2371 2964 2440 ἐρεῖ·
3004 2369 3115 2423 Καὶ
3146 2370 3175 2422 ὁ
3203 2368 3249 2400 ⁷³
3277 2367 3409 2430 Θεός
3441 2384 3544 2437 μου
3589 2362 3641 2418 εἷ
3671 2366 3746 2417 σύ.
3776 2383 3791 2414 ι

2247 2458 2436 2515 Ταῦτα
2470 2461 2567 2531 μὲν
2594 2460 2838 2525 τυπικῶς
2865 2462 2956 2516 ἐπὶ
2986 2461 3079 2515 τοῦ
3110 2461 3417 2531 Ζοροϐάϐελ
3449 2458 3669 2530 συνέϐη·
3698 2456 3796 2510 κατ’

2246 2551 2506 2624 ἀλήθειαν
2534 2552 2611 2619 δὲ,
2648 2553 2789 2623 μετά
2821 2554 2920 2623 τὴν
2947 2553 3361 2625 ἐνανθρώπησιν
3406 2552 3504 2605 τοῦ
3552 2554 3794 2605 Aenii?!)

2247 2642 2506 2716 Χριστοῦ,
2553 2643 2641 2697 ὅτε
2673 2645 2765 2697 καὶ
2806 2645 3213 2715 ἐμνηστεύσατο
3244 2645 3344 2715 τὴν
3385 2643 3712 2713 Ἐκκλησίαν
3734 2644 3795 2703 εἰς

2248 2736 2339 2791 τὸν
2367 2737 2541 2792 αἰῶνα
2561 2753 2574 2766 ⁸
2604 2737 2724 2791 τότε
2757 2737 2865 2807 γὰρ
2901 2737 2995 2791 καὶ
3019 2737 3070 2790 οἰ
3098 2736 3533 2799 πεπιστευκότες
3556 2737 3634 2798 εἰς
3659 2734 3793 2789 air-.9»:

2248 2825 2377 2889 λαὸς
2431 2825 2621 2888 πιστὸς
2675 2825 2889 2897 ἀληθῶς
2942 2824 3335 2896 ἐχρημάτισαν,
3368 2824 3465 2877 καὶ
3500 2823 3661 2885 αὐτὸς
3690 2822 3795 2875 εἰλι-

2249 2914 2449 2987 κρινῶς
2510 2916 2621 2971 τῶν
2694 2918 2772 2979 εἰς
2825 2914 2984 2969 αὐτὸν
3050 2915 3491 2968 πεπιστευκότων
3549 2912 3794 2983 ἐπεκλήθη

2250 3008 2403 3073 Θεὸς.

2848 3102 3101 3156 ΚΕΦΔΛ.
3165 3101 3241 3156 Γ’.

2322 3193 2474 3248 Μετά
2500 3194 2703 3259 ταύτας
2731 3195 2838 3249 τῶν
2890 3193 3112 3263 ἀγαθῶν
3137 3194 3234 3258 τάς
3285 3192 3639 3263 ἐπαγγελίας,
3669 3188 3798 3253 αὖθις

2250 3284 2281 3337 δ
2321 3284 2452 3347 Θεὸς
2493 3284 2571 3356 τῷ
2621 3288 2875 3358 προφήτῃ
2922 3283 3357 3355 παρακελεύεται
3410 3284 3540 3354 περὶ
3595 3286 3798 3352 γυναῖκα

2249 3375 2560 3447 διατεθῆναι
2607 3376 2956 3448 μοιχεύτριαν
2989 3377 3083 3430 καὶ
3134 3376 3371 3448 πονηρία
3424 3375 3695 3439 συζῶσαν,
3733 3374 3799 3426 iv:

2252 3463 2416 3518 πάλιν
2444 3464 2629 3520 εἰκόνα
2661 3465 2811 3538 δείξῃ
2858 3464 2948 3519 διὰ
2997 3465 3107 3518 τῶν
3140 3464 3485 3536 πραγμάτων
3528 3464 3629 3534 τῆς
3678 3464 3797 3523 θείας

2252 3555 2383 3627 περὶ
2423 3556 2548 3619 τοὺς
2594 3555 2845 3622 ἀναξίους
2891 3555 3292 3627 φιλοστοργίας.
3327 3574 3350 3608 r
3389 3554 3591 3617 Καθὼς
3638 3555 3797 3623 ἀγαπᾷ

2251 3647 2384 3718 γὰρ,
2437 3647 2620 3718 φησὶν,
2672 3649 2701 3700 ὁ
2733 3646 2863 3710 Θεὸς
2906 3648 3034 3710 τοὺς
3090 3646 3239 3711 υἱοὺς
3282 3647 3521 3718 Ἰσραὴλ,
3552 3648 3643 3700 καὶ
3676 3644 3798 3699 αὐτοὶ

2252 3737 2650 3792 ἀποϐλέπουσιν
2694 3739 2774 3801 εἰς
2808 3736 2855 3769 ⁷⁸
2888 3736 3044 3799 θεοὺς
3099 3735 3438 3806 ἀλλοτρίους,
3475 3737 3574 3789 καὶ
3610 3734 3796 3804 φιλοῦσι

2252 3829 2516 3899 πέμματα
2549 3828 2686 3900 μετά
2722 3829 2989 3897 σταφίδων
3017 3829 3116 3881 ⁷⁸.»
3149 3827 3388 3881 Τοιαῦτα
3419 3829 3476 3882 δέ
3511 3845 3632 3882 τινα
3654 3844 3793 3880 κατει-

2253 3919 2538 3983 σκευάζειν
2584 3918 2866 3972 είὼθεισαν
2916 3919 2965 3971 οἰ
3008 3920 3121 3981 τοῖς
3168 3915 3409 3980 εἰδώλοις
3456 3918 3802 3988 ἀνακείμενοι.

2251 4010 2572 4080 Παραυτίκα
2603 4008 2659 4062 δὲ
2702 4009 2761 4062 τὸ
2804 4008 3145 4080 προσταχθὲν
3198 4010 3278 4073 εἰς
3324 4008 3501 4080 πέρας
3547 4010 3742 4079 ἢγαγεν
3776 4010 3799 4060 ὁ

2250 4103 2555 4172 προφήτης,
2603 4102 2698 4154 καὶ
2748 4100 2894 4170 λέγει
2946 4101 3066 4154 τίνα
3118 4117 3178 4153 τε
3225 4100 3418 4171 μισθὸν
3463 4100 3797 4172 summa”;

2248 4193 2490 4259 γυναικὶ,
2533 4193 2626 4245 καὶ
2647 4191 2805 4255 ποίας
2838 4191 2975 4261 πρὸς
3003 4191 3174 4261 αὐτὴν
3205 4192 3500 4262 ἐποιήσατο
3535 4192 3796 4262 συνθήκας.

2248 4276 2416 4334 Εἶπον
2466 4281 2574 4352 γὰρ
2623 4282 2792 4351 αὐτῇ,
2844 4280 3016 4351 φησὶ,
3069 4282 3251 4335 πᾶσαν
3294 4280 3587 4353 ἀλλοτρίαν
3639 4280 3797 4349 φυγεῖν

2252 4371 2557 4436 συνουσίαν,
2605 4373 2728 4442 ἐμοὶ
2778 4372 2825 4425 δ’
2853 4373 3049 4444 ἑαυτὴν
3095 4371 3485 4442 διαφυλάττειν
3526 4374 3793 4440 ἀνέπαφον-

2176 4468 2221 4523 Ι)
2261 4464 2632 4518 ’Υποδείκνυσι
2652 4464 2709 4519 δὲ
2739 4465 2833 4518 καὶ
2852 4465 2953 4535 τῆς
2976 4465 3185 4529 εἰκόνος
3204 4466 3266 4518 τὸ
3290 4465 3623 4535 ἀρχέτυπον.

2312 4553 2375 4609 δ’.
2419 4573 2438 4606 ι
2474 4554 2648 4618 Διότι,
2710 4556 2911 4626 φησὶν,
2952 4555 3166 4626 ἡμέρας
3222 4554 3427 4616 πολλὰς
3490 4554 3793 4621 καθήσονττι

2242 4650 2292 4701 οί
2319 4648 2425 4701 υἰοὶ
2468 4647 2681 4719 Ἰσραὴλ
2724 4648 2825 4701 οὐκ
2856 4648 3008 4711 ὄντος
3043 4647 3306 4718 βασιλέως
3327 4689 3343 4711 ,
3393 4647 3519 4700 οὐδέ
3553 4647 3699 4709 ὄντος
3724 4644 3794 4712 ἆρ-

2244 4755 2432 4810 χοντος
2455 4778 2471 4801 ,
2520 4739 2643 4792 οὐδὲ
2671 4737 2839 4810 οὔσης
2878 4738 3071 4801 θυσίας
3096 4778 3110 4803 ,
3168 4738 3292 4793 οὐδὲ
3340 4737 3499 4799 ὄντος
3531 4738 3795 4801 θυσιαστη-

2248 4831 2386 4902 ρίου,
2418 4830 2599 4884 ούδέτε⁵
2632 4830 2926 4902 ἰερατείας,
2957 4830 3081 4883 οὐδὲ
3115 4829 3313 4900 δήλων.
3350 4847 3371 4879 ι
3398 4828 3668 4898 Καθάπερ
3686 4828 3792 4895 γὰρ,

2248 4924 2440 4993 φησιν,
2493 4922 2634 4994 αὐτὴ
2649 4924 2694 4955 ⁷⁷
2739 4926 2855 4987 τοῖς
2887 4921 3176 4994 προτέροις
3234 4923 3499 4989 ἐρασταῖς
3553 4918 3797 4981 ἀποταξαο

2251 5016 2384 5085 μένη
2406 5056 2421 5081 ,
2460 5016 2558 5087 τὴν
2604 5015 2698 5070 τοῦ
2734 5017 3016 5087 προφήτου
3048 5012 3368 5082 συνοίκησιν
3404 5012 3621 5066 εἵλετο·
3652 5010 3797 5069 οὕτως

2250 5106 2405 5175 ὑμεῖς
2452 5108 2533 5171 εἰς
2570 5107 2671 5177 τὴν
2721 5106 3010 5177 ἀλλοτρίαν
3066 5102 3411 5174 ἀπαχθέντες
3461 5102 3791 5171 αἰχμάλωτοι,

2247 5194 2370 5247 οὔτε
2405 5195 2725 5267 βασιλικῆς,
2774 5195 2897 5250 οὔτε
2936 5194 3218 5266 ἱερατικῆς
3257 5191 3642 5247 ἀπολαύσεσθε
3682 5205 3821 5260 προ-η

1873 5306 2107 5363 VARUE
2146 5305 2545 5363 LECTIONES.

642 5453 685 5534 ξ’
716 5453 1087 5535 τῶςτὶέλαίιρ..
1120 5455 1223 5510 Alii
1250 5455 1537 5535 τρνεϊτψ,
1572 5476 1629 5535 κ.
1669 5460 1809 5535 τηλ.
1861 5461 1908 5535 εἰ
1937 5460 1976 5515 C
2024 5461 2263 5535 Ἰσραήλ,
2305 5464 2620 5535 ιιῑγροιιιριη
2658 5464 2716 5535 _”
2750 5463 2871 5532 γῆς.
2902 5464 2942 5519 C
2977 5480 3161 5533 praem.
3190 5465 3311 5535 τῆς.

569 5541 686 5577 του.
767 5541 804 5556 ι·
830 5541 906 5579 ελ.
939 5557 1009 5565 -
1034 5541 1136 5593 ηλε·

569 5594 676 5657 25;
712 5601 909 5648 nosti-.9
937 5594 1080 5650 favet
1118 5596 1136 5648 l

568 5663 955 5717 ἀπιὸλέπουσιν
985 5664 1095 5720 ἐπί.

567 5732 804 5791 amiculo
847 5741 901 5791 et
931 5734 1256 5809 theraphim.
1360 5732 1409 5770 ⁷⁷
1440 5736 1480 5793 C
1513 5732 1672 5808 αὕτη.

3408 5465 3457 5499 ⁷⁸
3491 5464 3625 5519 Ibid.
3650 5464 3796 5533 ἐμαν-

762 5526 804 5613 τῗ
830 5524 906 5579 ἐλ.
939 5557 1009 5565 -
1034 5524 1233 5648 ὴλεημ.
1267 5526 1395 5589 Alii,
1431 5529 1536 5581 Καὶ
1561 5529 1834 5613 ἀγαπήσω
1859 5531 1957 5601 τὴν
1984 5532 2083 5585 οὐκ
2105 5524 2624 5613 ’ἠγαπημένην.Ἀι1
2657 5524 2990 5588 ΙιοηόἾοοιξ
3030 5524 3433 5604 ερεςῑειιἼοοιιε
3462 5539 3528 5588 ad
3556 5524 3707 5589 Rom‘.
3733 5546 3795 5610 ιι.

762 5601 909 5648 istnc
937 5594 1080 5648 favet
1118 5596 1136 5648 I
1208 5603 1307 5648 etr.
1345 5611 1405 5648 11.
1442 5598 1527 5648 10.
1585 5599 1628 5630 ⁷³
1659 5602 1787 5648 ἐοω-
1815 5618 1866 5648 κ.
1899 5619 1949 5648 τ.
1989 5601 2036 5648 λ-
2074 5602 2243 5648 Aliter
2283 5602 2439 5648 an-
2478 5619 2547 5648 nr.
2579 5603 2667 5648 (ΞΒ-
2752 5604 2798 5634 ⁷³
2826 5605 2920 5648 καὶ
2944 5606 2989 5648 ὁ-
3023 5607 3064 5648 f‘.
3094 5605 3298 5648 Ki'mm:
3390 5604 3436 5638 ⁷⁸
3467 5604 3590 5648 Bon-
3633 5604 3793 5648 li‘I‘llO.

1173 5598 1307 5649 Petr.
1345 5611 1405 5657 ll,
1442 5598 1527 5651 10.
1585 5599 1628 5630 τ’
1659 5598 1787 5673 ἐρῶ,
1815 5618 1866 5653 κ.
1899 5598 1949 5654 τ.
1989 5601 2036 5656 λ.
2074 5598 2243 5656 Aliter
2283 5598 2449 5657 Rcui.
2476 5619 2549 5665 ιιι.
2579 5603 2667 5658 26.
2752 5604 2798 5634 ⁷³
2826 5605 2920 5657 καὶ
2944 5606 2990 5657 ὁ.
3023 5598 3075 5657 (ξ
3094 5605 3298 5676 Κύριος
3390 5604 3436 5638 ⁷⁸
3466 5604 3591 5658 Dec.
3631 5604 3793 5656 lectio.

1173 5666 1409 5746 ςλνσσταιρἶ
1437 5665 1515 5746 [ια
1553 5684 1790 5746 _quoque
1825 5686 2013 5742 supra,
2057 5688 2110 5742 p.
2165 5672 2287 5728 451.
2336 5673 2439 5729 Alii
2501 5676 2603 5745 leg.
2656 5674 2911 5743 σταφίδος
2986 5676 3031 5707 ⁷⁸
3060 5675 3181 5730 οὐδὲ
3210 5707 3273 5717 -
3305 5674 3422 5746 δήλ.
3487 5675 3641 5728 Ilcbr.
3690 5671 3796 5725 sine

3390 5604 3436 5638 ⁷⁸
3466 5604 3591 5658 Bac.
3631 5604 3793 5656 lectio.
