  <div class='ocr_page' id='page_1' title='image "/cluster/home/n/w/nwhite01/storage/ocr_20150623/81/mdp.39015078384339/824.png"; bbox 0 0 3912 6206; ppageno 0'>
   <div class='ocr_carea' id='block_1_1' title="bbox 94 377 227 439">
    <p class='ocr_par' dir='ltr' id='par_1_1' title="bbox 94 377 227 439">
     <span class='ocr_line' id='line_1_1' title="bbox 94 377 227 439; baseline -0.015 0"><span class='ocrx_word' id='word_1_1' title='bbox 94 377 227 439; x_wconf 66' lang='grc' dir='ltr'><strong>Ῑῦὃθ</strong></span> 
     </span>
    </p>
   </div>
   <div class='ocr_carea' id='block_1_2' title="bbox 1389 367 2025 429">
    <p class='ocr_par' dir='ltr' id='par_1_2' title="bbox 1389 367 2025 429">
     <span class='ocr_line' id='line_1_2' title="bbox 1389 367 2025 429; baseline -0.002 -2"><span class='ocrx_word' id='word_1_2' title='bbox 1389 369 1465 429; x_wconf 66' lang='grc' dir='ltr'><strong>ΙΝ</strong></span> <span class='ocrx_word' id='word_1_3' title='bbox 1495 368 1690 429; x_wconf 80' lang='lat' dir='ltr'><strong>OSEE</strong></span> <span class='ocrx_word' id='word_1_4' title='bbox 1737 368 1895 425; x_wconf 81' lang='lat' dir='ltr'><strong>CAP.</strong></span> <span class='ocrx_word' id='word_1_5' title='bbox 1930 367 2025 428; x_wconf 78' lang='lat' dir='ltr'><strong>IV.</strong></span> 
     </span>
    </p>
   </div>
   <div class='ocr_carea' id='block_1_3' title="bbox 3212 361 3350 427">
    <p class='ocr_par' dir='ltr' id='par_1_3' title="bbox 3212 361 3350 427">
     <span class='ocr_line' id='line_1_3' title="bbox 3212 361 3350 427; baseline 0.022 -3"><span class='ocrx_word' id='word_1_6' title='bbox 3212 361 3350 427; x_wconf 68' lang='lat'><strong>1570</strong></span> 
     </span>
    </p>
   </div>
   <div class='ocr_carea' id='block_1_4' title="bbox 92 474 1696 559">
    <p class='ocr_par' dir='ltr' id='par_1_4' title="bbox 92 479 1665 559">
     <span class='ocr_line' id='line_1_4' title="bbox 92 479 1665 559; baseline -0.006 -19"><span class='ocrx_word' id='word_1_7' title='bbox 92 488 353 559; x_wconf 67' lang='grc' dir='ltr'>μηθείας·</span> <span class='ocrx_word' id='word_1_8' title='bbox 407 485 793 555; x_wconf 72' lang='grc' dir='ltr'><strong>θυσιαστηρίου</strong></span> <span class='ocrx_word' id='word_1_9' title='bbox 840 483 949 555; x_wconf 84' lang='grc' dir='ltr'>γὰρ</span> <span class='ocrx_word' id='word_1_10' title='bbox 1000 482 1099 536; x_wconf 78' lang='grc' dir='ltr'>οὐκ</span> <span class='ocrx_word' id='word_1_11' title='bbox 1132 482 1321 545; x_wconf 79' lang='grc' dir='ltr'>ὄντος,</span> <span class='ocrx_word' id='word_1_12' title='bbox 1378 479 1506 533; x_wconf 86' lang='grc' dir='ltr'>ποία</span> <span class='ocrx_word' id='word_1_13' title='bbox 1556 479 1665 531; x_wconf 92' lang='grc' dir='ltr'>λει-</span> 
     </span>
    </p>
   </div>
   <div class='ocr_carea' id='block_1_5' title="bbox 1805 474 3346 559">
    <p class='ocr_par' dir='ltr' id='par_1_5' title="bbox 1806 474 3346 546">
     <span class='ocr_line' id='line_1_5' title="bbox 1806 474 3346 546; baseline -0.001 -16"><span class='ocrx_word' id='word_1_14' title='bbox 1806 492 1946 545; x_wconf 83' lang='lat' dir='ltr'><strong>eque</strong></span> <span class='ocrx_word' id='word_1_15' title='bbox 1974 492 2070 546; x_wconf 89' lang='lat' dir='ltr'><strong>per</strong></span> <span class='ocrx_word' id='word_1_16' title='bbox 2114 475 2454 543; x_wconf 79' lang='lat' dir='ltr'><strong>sacerdotes,</strong></span> <span class='ocrx_word' id='word_1_17' title='bbox 2508 484 2602 530; x_wconf 88' lang='lat' dir='ltr'><strong>aut</strong></span> <span class='ocrx_word' id='word_1_18' title='bbox 2651 474 2967 545; x_wconf 74' lang='lat' dir='ltr'><strong>prophetas,</strong></span> <span class='ocrx_word' id='word_1_19' title='bbox 3024 476 3242 532; x_wconf 89' lang='lat' dir='ltr'><strong>ostendi</strong></span> <span class='ocrx_word' id='word_1_20' title='bbox 3293 484 3346 530; x_wconf 91' lang='lat' dir='ltr'><strong>et</strong></span> 
     </span>
    </p>
   </div>
   <div class='ocr_carea' id='block_1_6' title="bbox 87 569 1661 647">
    <p class='ocr_par' dir='ltr' id='par_1_6' title="bbox 87 569 1661 647">
     <span class='ocr_line' id='line_1_6' title="bbox 87 569 1661 647; baseline -0.006 -16"><span class='ocrx_word' id='word_1_21' title='bbox 87 575 316 647; x_wconf 78' lang='grc' dir='ltr'>τουργία</span> <span class='ocrx_word' id='word_1_22' title='bbox 344 579 674 647; x_wconf 79' lang='grc' dir='ltr'>γενήσεται;</span> <span class='ocrx_word' id='word_1_23' title='bbox 727 572 867 627; x_wconf 76' lang='grc' dir='ltr'>Οὔτε</span> <span class='ocrx_word' id='word_1_24' title='bbox 898 572 1002 644; x_wconf 85' lang='grc' dir='ltr'><strong>μὴν</strong></span> <span class='ocrx_word' id='word_1_25' title='bbox 1042 572 1111 624; x_wconf 76' lang='grc' dir='ltr'>τὰ</span> <span class='ocrx_word' id='word_1_26' title='bbox 1147 572 1234 624; x_wconf 80' lang='grc' dir='ltr'>διὰ</span> <span class='ocrx_word' id='word_1_27' title='bbox 1271 569 1376 623; x_wconf 89' lang='grc' dir='ltr'><strong>τῶν</strong></span> <span class='ocrx_word' id='word_1_28' title='bbox 1418 569 1661 641; x_wconf 81' lang='grc' dir='ltr'>ἱερέωνῆ</span> 
     </span>
    </p>
   </div>
   <div class='ocr_carea' id='block_1_7' title="bbox 90 661 1665 741">
    <p class='ocr_par' dir='ltr' id='par_1_7' title="bbox 90 661 1665 741">
     <span class='ocr_line' id='line_1_7' title="bbox 90 661 1665 741; baseline -0.005 -19"><span class='ocrx_word' id='word_1_29' title='bbox 90 669 387 741; x_wconf 73' lang='grc' dir='ltr'><strong>προφητῶν</strong></span> <span class='ocrx_word' id='word_1_30' title='bbox 429 667 657 722; x_wconf 75' lang='grc' dir='ltr'><strong>εἰωθότα</strong></span> <span class='ocrx_word' id='word_1_31' title='bbox 704 666 997 738; x_wconf 70' lang='grc' dir='ltr'><strong>δηλοῦσθαι</strong></span> <span class='ocrx_word' id='word_1_32' title='bbox 1037 665 1130 719; x_wconf 74' lang='grc' dir='ltr'>καὶ</span> <span class='ocrx_word' id='word_1_33' title='bbox 1168 661 1665 734; x_wconf 86' lang='grc' dir='ltr'>προσημαίνεσθαι,</span> 
     </span>
    </p>
   </div>
   <div class='ocr_carea' id='block_1_8' title="bbox 86 753 1669 831">
    <p class='ocr_par' dir='ltr' id='par_1_8' title="bbox 86 753 1669 831">
     <span class='ocr_line' id='line_1_8' title="bbox 86 753 1669 831; baseline -0.006 -17"><span class='ocrx_word' id='word_1_34' title='bbox 86 765 196 823; x_wconf 59' lang='grc' dir='ltr'><strong>τῶς</strong></span> <span class='ocrx_word' id='word_1_35' title='bbox 248 759 598 831; x_wconf 79' lang='grc' dir='ltr'><strong>βουλομένοις</strong></span> <span class='ocrx_word' id='word_1_36' title='bbox 652 760 710 811; x_wconf 82' lang='grc' dir='ltr'><strong>ἐν</strong></span> <span class='ocrx_word' id='word_1_37' title='bbox 757 761 821 829; x_wconf 82' lang='grc' dir='ltr'>τῇ</span> <span class='ocrx_word' id='word_1_38' title='bbox 871 757 998 831; x_wconf 84' lang='grc' dir='ltr'>ξένῃ</span> <span class='ocrx_word' id='word_1_39' title='bbox 1047 755 1238 827; x_wconf 78' lang='grc' dir='ltr'>μαθεῖν</span> <span class='ocrx_word' id='word_1_40' title='bbox 1281 755 1344 807; x_wconf 80' lang='grc' dir='ltr'><strong>τὸ</strong></span> <span class='ocrx_word' id='word_1_41' title='bbox 1395 753 1669 825; x_wconf 82' lang='grc' dir='ltr'><strong>πρακτέον</strong></span> 
     </span>
    </p>
   </div>
   <div class='ocr_carea' id='block_1_9' title="bbox 91 844 1670 923">
    <p class='ocr_par' dir='ltr' id='par_1_9' title="bbox 91 844 1670 923">
     <span class='ocr_line' id='line_1_9' title="bbox 91 844 1670 923; baseline -0.006 -19"><span class='ocrx_word' id='word_1_42' title='bbox 91 850 612 923; x_wconf 75' lang='grc' dir='ltr'>προδηλωθήσεταιο</span> <span class='ocrx_word' id='word_1_43' title='bbox 654 850 771 903; x_wconf 88' lang='grc' dir='ltr'>ἀλλ’</span> <span class='ocrx_word' id='word_1_44' title='bbox 811 849 933 902; x_wconf 77' lang='grc' dir='ltr'><strong>οὐδὲ</strong></span> <span class='ocrx_word' id='word_1_45' title='bbox 977 847 1077 918; x_wconf 85' lang='grc' dir='ltr'><strong>τὴν</strong></span> <span class='ocrx_word' id='word_1_46' title='bbox 1112 846 1254 917; x_wconf 73' lang='grc' dir='ltr'>ἐμὴν</span> <span class='ocrx_word' id='word_1_47' title='bbox 1295 847 1478 909; x_wconf 77' lang='grc' dir='ltr'>αὐτοῖς</span> <span class='ocrx_word' id='word_1_48' title='bbox 1505 844 1670 913; x_wconf 87' lang='grc' dir='ltr'>κηδε-</span> 
     </span>
    </p>
   </div>
   <div class='ocr_carea' id='block_1_10' title="bbox 92 935 1673 1014">
    <p class='ocr_par' dir='ltr' id='par_1_10' title="bbox 92 935 1673 1014">
     <span class='ocr_line' id='line_1_10' title="bbox 92 935 1673 1014; baseline -0.005 -18"><span class='ocrx_word' id='word_1_49' title='bbox 92 945 285 1014; x_wconf 85' lang='grc' dir='ltr'>μονίαν</span> <span class='ocrx_word' id='word_1_50' title='bbox 331 942 625 1014; x_wconf 76' lang='grc' dir='ltr'>προφανῶς</span> <span class='ocrx_word' id='word_1_51' title='bbox 681 940 972 1005; x_wconf 77' lang='grc' dir='ltr'>ἐπιδείξω’</span> <span class='ocrx_word' id='word_1_52' title='bbox 1031 942 1125 993; x_wconf 77' lang='grc' dir='ltr'>καὶ</span> <span class='ocrx_word' id='word_1_53' title='bbox 1175 938 1348 992; x_wconf 85' lang='grc' dir='ltr'>ταῦτα</span> <span class='ocrx_word' id='word_1_54' title='bbox 1405 935 1496 989; x_wconf 85' lang='grc' dir='ltr'>διὰ</span> <span class='ocrx_word' id='word_1_55' title='bbox 1545 937 1673 997; x_wconf 84' lang='grc' dir='ltr'>τοὺς</span> 
     </span>
    </p>
   </div>
   <div class='ocr_carea' id='block_1_11' title="bbox 90 1028 1673 1108">
    <p class='ocr_par' dir='ltr' id='par_1_11' title="bbox 90 1028 1673 1108">
     <span class='ocr_line' id='line_1_11' title="bbox 90 1028 1673 1108; baseline -0.007 -17"><span class='ocrx_word' id='word_1_56' title='bbox 90 1039 338 1108; x_wconf 79' lang='grc' dir='ltr'>πατέρας</span> <span class='ocrx_word' id='word_1_57' title='bbox 382 1034 511 1105; x_wconf 77' lang='grc' dir='ltr'>περὶ</span> <span class='ocrx_word' id='word_1_58' title='bbox 558 1033 754 1095; x_wconf 76' lang='grc' dir='ltr'>αὐτοὺς</span> <span class='ocrx_word' id='word_1_59' title='bbox 792 1031 1011 1103; x_wconf 81' lang='grc' dir='ltr'>θερμῶς</span> <span class='ocrx_word' id='word_1_60' title='bbox 1059 1031 1422 1099; x_wconf 82' lang='grc' dir='ltr'>διακείμενος.</span> <span class='ocrx_word' id='word_1_61' title='bbox 1471 1028 1673 1081; x_wconf 80' lang='grc' dir='ltr'><strong>Τούτου</strong></span> 
     </span>
    </p>
   </div>
   <div class='ocr_carea' id='block_1_12' title="bbox 92 1119 1672 1201">
    <p class='ocr_par' dir='ltr' id='par_1_12' title="bbox 92 1119 1672 1201">
     <span class='ocr_line' id='line_1_12' title="bbox 92 1119 1672 1201; baseline -0.009 -16"><span class='ocrx_word' id='word_1_62' title='bbox 92 1132 199 1201; x_wconf 70' lang='grc' dir='ltr'><strong>γάρ</strong></span> <span class='ocrx_word' id='word_1_63' title='bbox 252 1131 416 1200; x_wconf 87' lang='grc' dir='ltr'>χάριν</span> <span class='ocrx_word' id='word_1_64' title='bbox 471 1128 564 1181; x_wconf 75' lang='grc' dir='ltr'>καὶ</span> <span class='ocrx_word' id='word_1_65' title='bbox 615 1125 644 1179; x_wconf 78' lang='grc' dir='ltr'><strong>ό</strong></span> <span class='ocrx_word' id='word_1_66' title='bbox 696 1125 984 1195; x_wconf 81' lang='grc' dir='ltr'><strong>προφήτης</strong></span> <span class='ocrx_word' id='word_1_67' title='bbox 1029 1126 1095 1194; x_wconf 82' lang='grc' dir='ltr'>τῇ</span> <span class='ocrx_word' id='word_1_68' title='bbox 1157 1121 1393 1192; x_wconf 73' lang='grc' dir='ltr'>πονηρία</span> <span class='ocrx_word' id='word_1_69' title='bbox 1454 1119 1672 1189; x_wconf 80' lang='grc' dir='ltr'>συζώσῃ</span> 
     </span>
    </p>
   </div>
   <div class='ocr_carea' id='block_1_13' title="bbox 94 1212 1675 1291">
    <p class='ocr_par' dir='ltr' id='par_1_13' title="bbox 94 1212 1675 1291">
     <span class='ocr_line' id='line_1_13' title="bbox 94 1212 1675 1291; baseline -0.008 -16"><span class='ocrx_word' id='word_1_70' title='bbox 94 1223 315 1291; x_wconf 80' lang='grc' dir='ltr'>γυναικὶ</span> <span class='ocrx_word' id='word_1_71' title='bbox 348 1219 582 1291; x_wconf 80' lang='grc' dir='ltr'>συνῴκει</span> <span class='ocrx_word' id='word_1_72' title='bbox 615 1219 733 1288; x_wconf 82' lang='grc' dir='ltr'>μὲν,</span> <span class='ocrx_word' id='word_1_73' title='bbox 772 1216 847 1280; x_wconf 86' lang='grc' dir='ltr'><strong>ὡς</strong></span> <span class='ocrx_word' id='word_1_74' title='bbox 882 1213 1254 1285; x_wconf 78' lang='grc' dir='ltr'><strong>προσετάχθη,</strong></span> <span class='ocrx_word' id='word_1_75' title='bbox 1286 1213 1384 1282; x_wconf 75' lang='grc' dir='ltr'>τῆς</span> <span class='ocrx_word' id='word_1_76' title='bbox 1423 1212 1479 1264; x_wconf 83' lang='grc' dir='ltr'>δὲ</span> <span class='ocrx_word' id='word_1_77' title='bbox 1512 1226 1675 1279; x_wconf 76' lang='grc' dir='ltr'>γαμιο</span> 
     </span>
    </p>
   </div>
   <div class='ocr_carea' id='block_1_14' title="bbox 96 1301 1677 1384">
    <p class='ocr_par' dir='ltr' id='par_1_14' title="bbox 96 1301 1677 1384">
     <span class='ocr_line' id='line_1_14' title="bbox 96 1301 1677 1384; baseline -0.008 -17"><span class='ocrx_word' id='word_1_78' title='bbox 96 1316 194 1384; x_wconf 82' lang='grc' dir='ltr'><strong>κῆς</strong></span> <span class='ocrx_word' id='word_1_79' title='bbox 246 1312 469 1384; x_wconf 78' lang='grc' dir='ltr'>ὁμιλίας</span> <span class='ocrx_word' id='word_1_80' title='bbox 499 1311 756 1379; x_wconf 84' lang='grc' dir='ltr'>ἀπείχετο</span> <span class='ocrx_word' id='word_1_81' title='bbox 778 1324 791 1338; x_wconf 91' lang='grc'><strong>·</strong></span> <span class='ocrx_word' id='word_1_82' title='bbox 830 1306 1018 1376; x_wconf 77' lang='grc' dir='ltr'>ἐπειδὴ</span> <span class='ocrx_word' id='word_1_83' title='bbox 1050 1306 1145 1358; x_wconf 78' lang='grc' dir='ltr'>καὶ</span> <span class='ocrx_word' id='word_1_84' title='bbox 1177 1307 1205 1358; x_wconf 85' lang='grc' dir='ltr'>ὁ</span> <span class='ocrx_word' id='word_1_85' title='bbox 1223 1303 1332 1357; x_wconf 90' lang='grc' dir='ltr'><strong>τῶν</strong></span> <span class='ocrx_word' id='word_1_86' title='bbox 1361 1303 1496 1356; x_wconf 86' lang='grc' dir='ltr'>ὅλων</span> <span class='ocrx_word' id='word_1_87' title='bbox 1522 1301 1677 1365; x_wconf 78' lang='grc' dir='ltr'>Θεὸς,</span> 
     </span>
    </p>
   </div>
   <div class='ocr_carea' id='block_1_15' title="bbox 96 1391 1678 1471">
    <p class='ocr_par' dir='ltr' id='par_1_15' title="bbox 96 1391 1678 1471">
     <span class='ocr_line' id='line_1_15' title="bbox 96 1391 1678 1471; baseline -0.009 -14"><span class='ocrx_word' id='word_1_88' title='bbox 96 1403 217 1457; x_wconf 70' lang='grc' dir='ltr'>οὔτε</span> <span class='ocrx_word' id='word_1_89' title='bbox 250 1403 435 1470; x_wconf 89' lang='grc' dir='ltr'>πάντη</span> <span class='ocrx_word' id='word_1_90' title='bbox 461 1399 745 1471; x_wconf 74' lang='grc' dir='ltr'>ἐγύμνωσε</span> <span class='ocrx_word' id='word_1_91' title='bbox 774 1397 865 1449; x_wconf 79' lang='grc' dir='ltr'><strong>τὸν</strong></span> <span class='ocrx_word' id='word_1_92' title='bbox 892 1395 1018 1447; x_wconf 81' lang='grc' dir='ltr'>λαὸν</span> <span class='ocrx_word' id='word_1_93' title='bbox 1042 1397 1139 1465; x_wconf 77' lang='grc' dir='ltr'><strong>τῆς</strong></span> <span class='ocrx_word' id='word_1_94' title='bbox 1166 1392 1373 1455; x_wconf 75' lang='grc' dir='ltr'>οἰκείας</span> <span class='ocrx_word' id='word_1_95' title='bbox 1400 1391 1678 1463; x_wconf 83' lang='grc' dir='ltr'>προνοίας,</span> 
     </span>
    </p>
   </div>
   <div class='ocr_carea' id='block_1_16' title="bbox 96 1482 1673 1566">
    <p class='ocr_par' dir='ltr' id='par_1_16' title="bbox 96 1482 1673 1566">
     <span class='ocr_line' id='line_1_16' title="bbox 96 1482 1673 1566; baseline -0.011 -16"><span class='ocrx_word' id='word_1_96' title='bbox 96 1496 216 1550; x_wconf 78' lang='grc' dir='ltr'>οὔτε</span> <span class='ocrx_word' id='word_1_97' title='bbox 256 1492 529 1566; x_wconf 85' lang='grc' dir='ltr'>πρόδηλον</span> <span class='ocrx_word' id='word_1_98' title='bbox 573 1489 777 1559; x_wconf 88' lang='grc' dir='ltr'>ταύτην</span> <span class='ocrx_word' id='word_1_99' title='bbox 835 1488 1018 1550; x_wconf 83' lang='grc' dir='ltr'>αὐτοῖς</span> <span class='ocrx_word' id='word_1_100' title='bbox 1050 1485 1223 1539; x_wconf 79' lang='grc' dir='ltr'>ἐποίει</span> <span class='ocrx_word' id='word_1_101' title='bbox 1277 1483 1372 1537; x_wconf 72' lang='grc' dir='ltr'>καὶ</span> <span class='ocrx_word' id='word_1_102' title='bbox 1414 1482 1673 1553; x_wconf 81' lang='grc' dir='ltr'>φανεράν.</span> 
     </span>
    </p>
   </div>
   <div class='ocr_carea' id='block_1_17' title="bbox 98 1575 1682 1656">
    <p class='ocr_par' dir='ltr' id='par_1_17' title="bbox 98 1575 1682 1656">
     <span class='ocr_line' id='line_1_17' title="bbox 98 1575 1682 1656; baseline -0.011 -13"><span class='ocrx_word' id='word_1_103' title='bbox 98 1588 343 1656; x_wconf 58' lang='lat' dir='ltr'><strong>Aridum;</strong></span> <span class='ocrx_word' id='word_1_104' title='bbox 379 1585 437 1640; x_wconf 81' lang='grc' dir='ltr'>δὲ</span> <span class='ocrx_word' id='word_1_105' title='bbox 473 1583 572 1647; x_wconf 84' lang='grc' dir='ltr'><strong>τὰς</strong></span> <span class='ocrx_word' id='word_1_106' title='bbox 598 1579 1026 1653; x_wconf 81' lang='grc' dir='ltr'>προαγορεύσεις</span> <span class='ocrx_word' id='word_1_107' title='bbox 1061 1578 1160 1641; x_wconf 75' lang='grc' dir='ltr'>τὰς</span> <span class='ocrx_word' id='word_1_108' title='bbox 1191 1575 1340 1640; x_wconf 84' lang='grc' dir='ltr'>θείας</span> <span class='ocrx_word' id='word_1_109' title='bbox 1368 1575 1649 1645; x_wconf 81' lang='grc' dir='ltr'>ὠνόμασεν</span> <span class='ocrx_word' id='word_1_110' title='bbox 1668 1591 1682 1606; x_wconf 70' lang='grc' dir='ltr'><strong><em>ο</em></strong></span> 
     </span>
    </p>
   </div>
   <div class='ocr_carea' id='block_1_18' title="bbox 98 1667 1679 1749">
    <p class='ocr_par' dir='ltr' id='par_1_18' title="bbox 98 1667 1679 1749">
     <span class='ocr_line' id='line_1_18' title="bbox 98 1667 1679 1749; baseline -0.009 -17"><span class='ocrx_word' id='word_1_111' title='bbox 98 1679 289 1749; x_wconf 79' lang='grc' dir='ltr'>ἐπειδὴ</span> <span class='ocrx_word' id='word_1_112' title='bbox 338 1677 435 1732; x_wconf 77' lang='grc' dir='ltr'><strong>καὶ</strong></span> <span class='ocrx_word' id='word_1_113' title='bbox 476 1678 505 1729; x_wconf 83' lang='grc' dir='ltr'><strong>ό</strong></span> <span class='ocrx_word' id='word_1_114' title='bbox 545 1674 833 1746; x_wconf 81' lang='grc' dir='ltr'>ἀρχιερεὺς</span> <span class='ocrx_word' id='word_1_115' title='bbox 861 1671 938 1741; x_wconf 81' lang='grc' dir='ltr'>τῷ</span> <span class='ocrx_word' id='word_1_116' title='bbox 968 1670 1136 1740; x_wconf 84' lang='grc' dir='ltr'><strong>λογίῳ</strong></span> <span class='ocrx_word' id='word_1_117' title='bbox 1176 1668 1276 1738; x_wconf 80' lang='grc' dir='ltr'><strong>τῆς</strong></span> <span class='ocrx_word' id='word_1_118' title='bbox 1314 1668 1550 1740; x_wconf 88' lang='grc' dir='ltr'>κρίσεως</span> <span class='ocrx_word' id='word_1_119' title='bbox 1582 1667 1679 1737; x_wconf 76' lang='grc' dir='ltr'>τὴν</span> 
     </span>
    </p>
   </div>
   <div class='ocr_carea' id='block_1_19' title="bbox 101 1759 1680 1841">
    <p class='ocr_par' dir='ltr' id='par_1_19' title="bbox 101 1759 1680 1841">
     <span class='ocr_line' id='line_1_19' title="bbox 101 1759 1680 1841; baseline -0.009 -17"><span class='ocrx_word' id='word_1_120' title='bbox 101 1771 339 1841; x_wconf 73' lang='grc' dir='ltr'>δήλωσιν</span> <span class='ocrx_word' id='word_1_121' title='bbox 370 1767 665 1838; x_wconf 75' lang='grc' dir='ltr'>ὲλάμὸανε,</span> <span class='ocrx_word' id='word_1_122' title='bbox 692 1766 789 1818; x_wconf 70' lang='grc' dir='ltr'>καὶ</span> <span class='ocrx_word' id='word_1_123' title='bbox 825 1764 925 1834; x_wconf 78' lang='grc' dir='ltr'><strong>τὴν</strong></span> <span class='ocrx_word' id='word_1_124' title='bbox 948 1762 1206 1834; x_wconf 85' lang='grc' dir='ltr'>ἀλήθειαν</span> <span class='ocrx_word' id='word_1_125' title='bbox 1227 1774 1243 1792; x_wconf 84' lang='grc'>⁶</span> <span class='ocrx_word' id='word_1_126' title='bbox 1285 1761 1379 1814; x_wconf 69' lang='grc' dir='ltr'>καὶ</span> <span class='ocrx_word' id='word_1_127' title='bbox 1406 1759 1495 1813; x_wconf 87' lang='grc' dir='ltr'><strong>διά</strong></span> <span class='ocrx_word' id='word_1_128' title='bbox 1516 1776 1680 1811; x_wconf 89' lang='grc' dir='ltr'>τινων</span> 
     </span>
    </p>
   </div>
   <div class='ocr_carea' id='block_1_20' title="bbox 103 1849 1682 1933">
    <p class='ocr_par' dir='ltr' id='par_1_20' title="bbox 103 1849 1682 1933">
     <span class='ocr_line' id='line_1_20' title="bbox 103 1849 1682 1933; baseline -0.009 -17"><span class='ocrx_word' id='word_1_129' title='bbox 103 1863 348 1933; x_wconf 72' lang='grc' dir='ltr'>σημείων</span> <span class='ocrx_word' id='word_1_130' title='bbox 383 1863 439 1914; x_wconf 83' lang='grc' dir='ltr'>ὲν</span> <span class='ocrx_word' id='word_1_131' title='bbox 476 1859 670 1928; x_wconf 71' lang='grc' dir='ltr'>ἐκείνῳ</span> <span class='ocrx_word' id='word_1_132' title='bbox 719 1856 1059 1926; x_wconf 88' lang='grc' dir='ltr'>γιγνομένων</span> <span class='ocrx_word' id='word_1_133' title='bbox 1091 1853 1433 1924; x_wconf 82' lang='grc' dir='ltr'>προηγόρευε</span> <span class='ocrx_word' id='word_1_134' title='bbox 1464 1849 1533 1903; x_wconf 80' lang='grc' dir='ltr'>τὰ</span> <span class='ocrx_word' id='word_1_135' title='bbox 1559 1849 1682 1903; x_wconf 71' lang='grc' dir='ltr'>ὲσόο</span> 
     </span>
    </p>
   </div>
   <div class='ocr_carea' id='block_1_21' title="bbox 106 1941 1683 2024">
    <p class='ocr_par' dir='ltr' id='par_1_21' title="bbox 106 1941 1683 2024">
     <span class='ocr_line' id='line_1_21' title="bbox 106 1941 1683 2024; baseline -0.009 -16"><span class='ocrx_word' id='word_1_136' title='bbox 106 1971 267 2024; x_wconf 81' lang='grc' dir='ltr'>μενα.</span> <span class='ocrx_word' id='word_1_137' title='bbox 294 1952 396 2005; x_wconf 76' lang='grc' dir='ltr'>Διὰ</span> <span class='ocrx_word' id='word_1_138' title='bbox 425 1950 580 2005; x_wconf 80' lang='grc' dir='ltr'>τοῦτο</span> <span class='ocrx_word' id='word_1_139' title='bbox 607 1950 700 2003; x_wconf 77' lang='grc' dir='ltr'><strong>καὶ</strong></span> <span class='ocrx_word' id='word_1_140' title='bbox 726 1949 755 2000; x_wconf 88' lang='grc' dir='ltr'>ὁ</span> <span class='ocrx_word' id='word_1_141' title='bbox 781 1947 953 2019; x_wconf 81' lang='grc' dir='ltr'>μέγας</span> <span class='ocrx_word' id='word_1_142' title='bbox 980 1947 1183 2015; x_wconf 81' lang='grc' dir='ltr'>Μωσῆς</span> <span class='ocrx_word' id='word_1_143' title='bbox 1198 1945 1245 1977; x_wconf 78' lang='grc'><strong>⁷⁸</strong></span> <span class='ocrx_word' id='word_1_144' title='bbox 1272 1944 1369 2015; x_wconf 80' lang='grc' dir='ltr'><strong>τὴν</strong></span> <span class='ocrx_word' id='word_1_145' title='bbox 1406 1941 1683 2012; x_wconf 80' lang='grc' dir='ltr'>ἱερατικὴν</span> 
     </span>
    </p>
   </div>
   <div class='ocr_carea' id='block_1_22' title="bbox 105 2033 1681 2117">
    <p class='ocr_par' dir='ltr' id='par_1_22' title="bbox 105 2033 1681 2117">
     <span class='ocr_line' id='line_1_22' title="bbox 105 2033 1681 2117; baseline -0.009 -17"><span class='ocrx_word' id='word_1_146' title='bbox 105 2046 276 2117; x_wconf 70' lang='grc' dir='ltr'>φυλὴν</span> <span class='ocrx_word' id='word_1_147' title='bbox 311 2043 548 2111; x_wconf 77' lang='grc' dir='ltr'>εὐλογῶν</span> <span class='ocrx_word' id='word_1_148' title='bbox 571 2060 585 2073; x_wconf 81' lang='grc'><em>’</em></span> <span class='ocrx_word' id='word_1_149' title='bbox 624 2042 775 2106; x_wconf 84' lang='grc' dir='ltr'>Δότε,</span> <span class='ocrx_word' id='word_1_150' title='bbox 809 2040 964 2110; x_wconf 76' lang='grc' dir='ltr'>φησὶ,</span> <span class='ocrx_word' id='word_1_151' title='bbox 997 2038 1195 2109; x_wconf 82' lang='grc' dir='ltr'>δήλους</span> <span class='ocrx_word' id='word_1_152' title='bbox 1217 2036 1297 2107; x_wconf 83' lang='grc' dir='ltr'>τῷ</span> <span class='ocrx_word' id='word_1_153' title='bbox 1329 2035 1481 2089; x_wconf 77' lang='grc' dir='ltr'><strong>Λευῖ.</strong></span> <span class='ocrx_word' id='word_1_154' title='bbox 1524 2033 1681 2087; x_wconf 78' lang='grc' dir='ltr'>Οὕτω</span> 
     </span>
    </p>
   </div>
   <div class='ocr_carea' id='block_1_23' title="bbox 103 2124 1681 2207">
    <p class='ocr_par' dir='ltr' id='par_1_23' title="bbox 103 2124 1681 2207">
     <span class='ocr_line' id='line_1_23' title="bbox 103 2124 1681 2207; baseline -0.01 -15"><span class='ocrx_word' id='word_1_155' title='bbox 103 2139 169 2193; x_wconf 75' lang='grc' dir='ltr'><strong>τά</strong></span> <span class='ocrx_word' id='word_1_156' title='bbox 200 2137 429 2207; x_wconf 68' lang='grc' dir='ltr'>λυπηρὰ</span> <span class='ocrx_word' id='word_1_157' title='bbox 459 2133 851 2206; x_wconf 84' lang='grc' dir='ltr'>προθεσπίσας,</span> <span class='ocrx_word' id='word_1_158' title='bbox 888 2129 1213 2201; x_wconf 84' lang='grc' dir='ltr'>ἀναμίγνυσι</span> <span class='ocrx_word' id='word_1_159' title='bbox 1243 2128 1453 2190; x_wconf 84' lang='grc' dir='ltr'>τούτοις</span> <span class='ocrx_word' id='word_1_160' title='bbox 1479 2125 1572 2179; x_wconf 74' lang='grc' dir='ltr'>καὶ</span> <span class='ocrx_word' id='word_1_161' title='bbox 1612 2124 1681 2178; x_wconf 81' lang='grc' dir='ltr'><strong>τά</strong></span> 
     </span>
    </p>
   </div>
   <div class='ocr_carea' id='block_1_24' title="bbox 104 2231 341 2303">
    <p class='ocr_par' dir='ltr' id='par_1_24' title="bbox 104 2231 341 2303">
     <span class='ocr_line' id='line_1_24' title="bbox 104 2231 341 2303; baseline 0.004 -20"><span class='ocrx_word' id='word_1_162' title='bbox 104 2231 341 2303; x_wconf 77' lang='grc' dir='ltr'>χρηστά.</span> 
     </span>
    </p>
   </div>
   <div class='ocr_carea' id='block_1_25' title="bbox 174 2310 1681 2388">
    <p class='ocr_par' dir='ltr' id='par_1_25' title="bbox 174 2310 1681 2388">
     <span class='ocr_line' id='line_1_25' title="bbox 174 2310 1681 2388; baseline -0.009 -14"><span class='ocrx_word' id='word_1_163' title='bbox 174 2330 240 2375; x_wconf 87' lang='grc' dir='ltr'><strong>ε’.</strong></span> <span class='ocrx_word' id='word_1_164' title='bbox 286 2339 305 2372; x_wconf 79' lang='grc' dir='ltr'><strong>ι</strong></span> <span class='ocrx_word' id='word_1_165' title='bbox 344 2319 499 2374; x_wconf 77' lang='grc' dir='ltr'>Μετὰ</span> <span class='ocrx_word' id='word_1_166' title='bbox 525 2316 697 2373; x_wconf 79' lang='grc' dir='ltr'>ταῦτα</span> <span class='ocrx_word' id='word_1_167' title='bbox 731 2316 871 2388; x_wconf 81' lang='grc' dir='ltr'>γάρ,</span> <span class='ocrx_word' id='word_1_168' title='bbox 915 2314 1117 2386; x_wconf 79' lang='grc' dir='ltr'>φησὶν,</span> <span class='ocrx_word' id='word_1_169' title='bbox 1163 2311 1583 2384; x_wconf 67' lang='grc' dir='ltr'>ἐπιστρέφουσιν</span> <span class='ocrx_word' id='word_1_170' title='bbox 1630 2310 1681 2362; x_wconf 78' lang='lat' dir='ltr'><strong>ot</strong></span> 
     </span>
    </p>
   </div>
   <div class='ocr_carea' id='block_1_26' title="bbox 105 2401 1682 2481">
    <p class='ocr_par' dir='ltr' id='par_1_26' title="bbox 105 2401 1682 2481">
     <span class='ocr_line' id='line_1_26' title="bbox 105 2401 1682 2481; baseline -0.008 -15"><span class='ocrx_word' id='word_1_171' title='bbox 105 2415 210 2466; x_wconf 74' lang='grc' dir='ltr'>υἱοὶ</span> <span class='ocrx_word' id='word_1_172' title='bbox 257 2410 493 2481; x_wconf 81' lang='grc' dir='ltr'>Ἰσραὴλ,</span> <span class='ocrx_word' id='word_1_173' title='bbox 523 2410 616 2463; x_wconf 68' lang='grc' dir='ltr'><strong>καὶ</strong></span> <span class='ocrx_word' id='word_1_174' title='bbox 643 2409 938 2480; x_wconf 79' lang='grc' dir='ltr'>ζητήσουσι</span> <span class='ocrx_word' id='word_1_175' title='bbox 962 2406 1167 2476; x_wconf 83' lang='grc' dir='ltr'>Κύριον</span> <span class='ocrx_word' id='word_1_176' title='bbox 1198 2405 1288 2457; x_wconf 77' lang='grc' dir='ltr'>τὸν</span> <span class='ocrx_word' id='word_1_177' title='bbox 1311 2403 1443 2456; x_wconf 77' lang='grc' dir='ltr'>Θεὸν</span> <span class='ocrx_word' id='word_1_178' title='bbox 1481 2401 1682 2463; x_wconf 81' lang='grc' dir='ltr'>αὐτῶν,</span> 
     </span>
    </p>
   </div>
   <div class='ocr_carea' id='block_1_27' title="bbox 107 2492 1688 2571">
    <p class='ocr_par' dir='ltr' id='par_1_27' title="bbox 107 2492 1688 2571">
     <span class='ocr_line' id='line_1_27' title="bbox 107 2492 1688 2571; baseline -0.011 -11"><span class='ocrx_word' id='word_1_179' title='bbox 107 2509 199 2560; x_wconf 70' lang='grc' dir='ltr'>καὶ</span> <span class='ocrx_word' id='word_1_180' title='bbox 234 2504 406 2558; x_wconf 74' lang='grc' dir='ltr'>Δαϐὶδ</span> <span class='ocrx_word' id='word_1_181' title='bbox 444 2502 534 2556; x_wconf 84' lang='grc' dir='ltr'><strong>τὸν</strong></span> <span class='ocrx_word' id='word_1_182' title='bbox 565 2500 787 2571; x_wconf 84' lang='grc' dir='ltr'>βασιλέα</span> <span class='ocrx_word' id='word_1_183' title='bbox 817 2497 1031 2561; x_wconf 80' lang='grc' dir='ltr'>αὐτῶν,</span> <span class='ocrx_word' id='word_1_184' title='bbox 1067 2497 1161 2550; x_wconf 72' lang='grc' dir='ltr'>καὶ</span> <span class='ocrx_word' id='word_1_185' title='bbox 1202 2495 1559 2565; x_wconf 72' lang='grc' dir='ltr'>ἐκστήσονται</span> <span class='ocrx_word' id='word_1_186' title='bbox 1593 2492 1688 2544; x_wconf 75' lang='grc' dir='ltr'><strong>ἐπὶ</strong></span> 
     </span>
    </p>
   </div>
   <div class='ocr_carea' id='block_1_28' title="bbox 107 2586 1689 2668">
    <p class='ocr_par' dir='ltr' id='par_1_28' title="bbox 107 2586 1689 2668">
     <span class='ocr_line' id='line_1_28' title="bbox 107 2586 1689 2668; baseline -0.009 -18"><span class='ocrx_word' id='word_1_187' title='bbox 107 2598 181 2668; x_wconf 81' lang='grc' dir='ltr'>τῷ</span> <span class='ocrx_word' id='word_1_188' title='bbox 213 2596 432 2666; x_wconf 78' lang='grc' dir='ltr'>Κυρίῳ,</span> <span class='ocrx_word' id='word_1_189' title='bbox 463 2594 554 2647; x_wconf 61' lang='grc' dir='ltr'><strong>καὶ⁵</strong></span> <span class='ocrx_word' id='word_1_190' title='bbox 587 2592 680 2664; x_wconf 73' lang='grc' dir='ltr'><strong>έπὶ</strong></span> <span class='ocrx_word' id='word_1_191' title='bbox 715 2594 829 2654; x_wconf 79' lang='grc' dir='ltr'>τοῖς</span> <span class='ocrx_word' id='word_1_192' title='bbox 867 2590 1093 2658; x_wconf 83' lang='grc' dir='ltr'>ἀγαθοῖς</span> <span class='ocrx_word' id='word_1_193' title='bbox 1127 2586 1293 2641; x_wconf 81' lang='grc' dir='ltr'>αὐτοῦ</span> <span class='ocrx_word' id='word_1_194' title='bbox 1321 2587 1408 2638; x_wconf 78' lang='grc' dir='ltr'><strong>ἐπ’</strong></span> <span class='ocrx_word' id='word_1_195' title='bbox 1444 2587 1689 2654; x_wconf 77' lang='grc' dir='ltr'>ἐσχάτων</span> 
     </span>
    </p>
   </div>
   <div class='ocr_carea' id='block_1_29' title="bbox 110 2674 1690 2758">
    <p class='ocr_par' dir='ltr' id='par_1_29' title="bbox 110 2674 1690 2758">
     <span class='ocr_line' id='line_1_29' title="bbox 110 2674 1690 2758; baseline -0.011 -16"><span class='ocrx_word' id='word_1_196' title='bbox 110 2690 217 2742; x_wconf 81' lang='grc' dir='ltr'><strong>τῶν</strong></span> <span class='ocrx_word' id='word_1_197' title='bbox 247 2685 491 2758; x_wconf 71' lang='grc' dir='ltr'>ἡμερῶν.</span> <span class='ocrx_word' id='word_1_198' title='bbox 543 2703 562 2736; x_wconf 86' lang='grc'><strong>›</strong></span> <span class='ocrx_word' id='word_1_199' title='bbox 611 2682 826 2752; x_wconf 81' lang='grc' dir='ltr'>Ἐπειδὴ</span> <span class='ocrx_word' id='word_1_200' title='bbox 866 2682 974 2751; x_wconf 82' lang='grc' dir='ltr'><strong>γὰρ</strong></span> <span class='ocrx_word' id='word_1_201' title='bbox 1003 2681 1057 2732; x_wconf 88' lang='grc' dir='ltr'><strong>αί</strong></span> <span class='ocrx_word' id='word_1_202' title='bbox 1088 2678 1220 2732; x_wconf 87' lang='grc' dir='ltr'>δέκα</span> <span class='ocrx_word' id='word_1_203' title='bbox 1249 2676 1434 2746; x_wconf 68' lang='grc' dir='ltr'>φυλαὶ,</span> <span class='ocrx_word' id='word_1_204' title='bbox 1471 2674 1690 2727; x_wconf 84' lang='grc' dir='ltr'>διαστα-</span> 
     </span>
    </p>
   </div>
   <div class='ocr_carea' id='block_1_30' title="bbox 114 2765 1691 2847">
    <p class='ocr_par' dir='ltr' id='par_1_30' title="bbox 114 2765 1691 2847">
     <span class='ocr_line' id='line_1_30' title="bbox 114 2765 1691 2847; baseline -0.013 -12"><span class='ocrx_word' id='word_1_205' title='bbox 114 2782 377 2835; x_wconf 82' lang='grc' dir='ltr'>σιάσασαι</span> <span class='ocrx_word' id='word_1_206' title='bbox 402 2777 536 2847; x_wconf 83' lang='grc' dir='ltr'>πρὸς</span> <span class='ocrx_word' id='word_1_207' title='bbox 562 2774 689 2838; x_wconf 72' lang='grc' dir='ltr'>τοὺς</span> <span class='ocrx_word' id='word_1_208' title='bbox 719 2775 785 2826; x_wconf 82' lang='grc' dir='ltr'><strong>ὲκ</strong></span> <span class='ocrx_word' id='word_1_209' title='bbox 810 2771 975 2825; x_wconf 70' lang='grc' dir='ltr'><strong>Δαῦὶδ</strong></span> <span class='ocrx_word' id='word_1_210' title='bbox 1006 2768 1280 2841; x_wconf 83' lang='grc' dir='ltr'>βασιλέας,</span> <span class='ocrx_word' id='word_1_211' title='bbox 1315 2766 1446 2819; x_wconf 75' lang='grc' dir='ltr'>ἴδιον</span> <span class='ocrx_word' id='word_1_212' title='bbox 1470 2765 1691 2827; x_wconf 77' lang='grc' dir='ltr'>ἑαυταῖς</span> 
     </span>
    </p>
   </div>
   <div class='ocr_carea' id='block_1_31' title="bbox 111 2856 1692 2943">
    <p class='ocr_par' dir='ltr' id='par_1_31' title="bbox 111 2856 1692 2943">
     <span class='ocr_line' id='line_1_31' title="bbox 111 2856 1692 2943; baseline -0.013 -17"><span class='ocrx_word' id='word_1_213' title='bbox 111 2871 533 2943; x_wconf 79' lang='grc' dir='ltr'>ἐχειροτόνησαν</span> <span class='ocrx_word' id='word_1_214' title='bbox 563 2866 786 2938; x_wconf 82' lang='grc' dir='ltr'>βασιλέα</span> <span class='ocrx_word' id='word_1_215' title='bbox 808 2881 822 2895; x_wconf 74' lang='grc' dir='ltr'><strong><em>ο</em></strong></span> <span class='ocrx_word' id='word_1_216' title='bbox 866 2862 1005 2935; x_wconf 80' lang='grc' dir='ltr'>μετὰ</span> <span class='ocrx_word' id='word_1_217' title='bbox 1036 2862 1093 2915; x_wconf 80' lang='grc' dir='ltr'>δὲ</span> <span class='ocrx_word' id='word_1_218' title='bbox 1136 2859 1234 2931; x_wconf 79' lang='grc' dir='ltr'>τὴν</span> <span class='ocrx_word' id='word_1_219' title='bbox 1278 2860 1342 2911; x_wconf 81' lang='grc' dir='ltr'><strong>ὲκ</strong></span> <span class='ocrx_word' id='word_1_220' title='bbox 1374 2856 1692 2918; x_wconf 77' lang='grc' dir='ltr'>Βαϐυλῶνος</span> 
     </span>
    </p>
   </div>
   <div class='ocr_carea' id='block_1_32' title="bbox 115 2950 1691 3022">
    <p class='ocr_par' dir='ltr' id='par_1_32' title="bbox 115 2950 1691 3022">
     <span class='ocr_line' id='line_1_32' title="bbox 115 2950 1691 3022; baseline -0.013 -3"><span class='ocrx_word' id='word_1_221' title='bbox 115 2963 381 3019; x_wconf 77' lang='grc' dir='ltr'>ἐπάνοδον</span> <span class='ocrx_word' id='word_1_222' title='bbox 413 2960 697 3014; x_wconf 83' lang='grc' dir='ltr'>ὲνωθείσαι</span> <span class='ocrx_word' id='word_1_223' title='bbox 730 2956 824 3011; x_wconf 75' lang='grc' dir='ltr'><strong>καὶ</strong></span> <span class='ocrx_word' id='word_1_224' title='bbox 864 2953 1220 3022; x_wconf 83' lang='grc' dir='ltr'>συναφθεῖσαι</span> <span class='ocrx_word' id='word_1_225' title='bbox 1255 2952 1349 3003; x_wconf 74' lang='grc' dir='ltr'><strong>ἕνα</strong></span> <span class='ocrx_word' id='word_1_226' title='bbox 1378 2950 1533 3018; x_wconf 81' lang='grc' dir='ltr'>ἔσχον</span> <span class='ocrx_word' id='word_1_227' title='bbox 1559 2950 1691 3018; x_wconf 77' lang='grc' dir='ltr'>ἠγε-</span> 
     </span>
    </p>
   </div>
   <div class='ocr_carea' id='block_1_33' title="bbox 120 3040 1692 3128">
    <p class='ocr_par' dir='ltr' id='par_1_33' title="bbox 120 3040 1692 3128">
     <span class='ocr_line' id='line_1_33' title="bbox 120 3040 1692 3128; baseline -0.014 -17"><span class='ocrx_word' id='word_1_228' title='bbox 120 3057 264 3128; x_wconf 81' lang='grc' dir='ltr'>μόνα</span> <span class='ocrx_word' id='word_1_229' title='bbox 292 3055 386 3108; x_wconf 73' lang='grc' dir='ltr'>τὸν</span> <span class='ocrx_word' id='word_1_230' title='bbox 418 3050 766 3123; x_wconf 77' lang='grc' dir='ltr'>Ζοροϐάϐελ,</span> <span class='ocrx_word' id='word_1_231' title='bbox 815 3050 879 3101; x_wconf 80' lang='grc' dir='ltr'><strong>ὲκ</strong></span> <span class='ocrx_word' id='word_1_232' title='bbox 928 3047 1026 3115; x_wconf 83' lang='grc' dir='ltr'><strong>τῆς</strong></span> <span class='ocrx_word' id='word_1_233' title='bbox 1079 3041 1374 3112; x_wconf 75' lang='grc' dir='ltr'>Δαϐιτικῆς</span> <span class='ocrx_word' id='word_1_234' title='bbox 1395 3041 1443 3074; x_wconf 83' lang='grc'><strong>⁴¹⁹</strong></span> <span class='ocrx_word' id='word_1_235' title='bbox 1500 3040 1692 3110; x_wconf 77' lang='grc' dir='ltr'>βεϐλα-</span> 
     </span>
    </p>
   </div>
   <div class='ocr_carea' id='block_1_34' title="bbox 1769 567 3348 638">
    <p class='ocr_par' dir='ltr' id='par_1_34' title="bbox 1769 567 3348 638">
     <span class='ocr_line' id='line_1_34' title="bbox 1769 567 3348 638; baseline 0.002 -19"><span class='ocrx_word' id='word_1_236' title='bbox 1769 567 2181 638; x_wconf 66' lang='lat' dir='ltr'><strong>praesignificari</strong></span> <span class='ocrx_word' id='word_1_237' title='bbox 2207 569 2392 633; x_wconf 89' lang='lat' dir='ltr'><strong>solita,</strong></span> <span class='ocrx_word' id='word_1_238' title='bbox 2425 569 2568 624; x_wconf 87' lang='lat' dir='ltr'><strong>scire</strong></span> <span class='ocrx_word' id='word_1_239' title='bbox 2596 569 2649 622; x_wconf 91' lang='lat' dir='ltr'><strong>in</strong></span> <span class='ocrx_word' id='word_1_240' title='bbox 2676 568 2858 622; x_wconf 81' lang='lat' dir='ltr'><strong>alieno</strong></span> <span class='ocrx_word' id='word_1_241' title='bbox 2887 569 3006 623; x_wconf 90' lang='lat' dir='ltr'><strong>solo</strong></span> <span class='ocrx_word' id='word_1_242' title='bbox 3034 569 3348 625; x_wconf 87' lang='lat' dir='ltr'><strong>volentibus</strong></span> 
     </span>
    </p>
   </div>
   <div class='ocr_carea' id='block_1_35' title="bbox 1767 659 3348 730">
    <p class='ocr_par' dir='ltr' id='par_1_35' title="bbox 1767 659 3348 730">
     <span class='ocr_line' id='line_1_35' title="bbox 1767 659 3348 730; baseline 0.003 -19"><span class='ocrx_word' id='word_1_243' title='bbox 1767 659 1899 728; x_wconf 86' lang='lat' dir='ltr'><strong>quid</strong></span> <span class='ocrx_word' id='word_1_244' title='bbox 1927 659 2198 730; x_wconf 81' lang='lat' dir='ltr'><strong>agendum</strong></span> <span class='ocrx_word' id='word_1_245' title='bbox 2232 660 2342 724; x_wconf 87' lang='lat' dir='ltr'><strong>sit,</strong></span> <span class='ocrx_word' id='word_1_246' title='bbox 2389 660 3002 730; x_wconf 66' lang='lat' dir='ltr'><strong>prmmonstrahuntur:</strong></span> <span class='ocrx_word' id='word_1_247' title='bbox 3036 676 3211 730; x_wconf 90' lang='lat' dir='ltr'><strong>neque</strong></span> <span class='ocrx_word' id='word_1_248' title='bbox 3247 675 3348 714; x_wconf 90' lang='lat' dir='ltr'><strong>cu-</strong></span> 
     </span>
    </p>
   </div>
   <div class='ocr_carea' id='block_1_36' title="bbox 1770 750 3353 821">
    <p class='ocr_par' dir='ltr' id='par_1_36' title="bbox 1770 750 3353 821">
     <span class='ocr_line' id='line_1_36' title="bbox 1770 750 3353 821; baseline 0.001 -19"><span class='ocrx_word' id='word_1_249' title='bbox 1770 766 1885 803; x_wconf 87' lang='lat' dir='ltr'><strong>ram</strong></span> <span class='ocrx_word' id='word_1_250' title='bbox 1926 766 2100 806; x_wconf 85' lang='lat' dir='ltr'><strong>meam</strong></span> <span class='ocrx_word' id='word_1_251' title='bbox 2136 751 2247 806; x_wconf 82' lang='lat' dir='ltr'><strong>illis</strong></span> <span class='ocrx_word' id='word_1_252' title='bbox 2286 758 2472 821; x_wconf 84' lang='lat' dir='ltr'><strong>aperte</strong></span> <span class='ocrx_word' id='word_1_253' title='bbox 2519 750 2831 813; x_wconf 88' lang='lat' dir='ltr'><strong>ostendam,</strong></span> <span class='ocrx_word' id='word_1_254' title='bbox 2867 752 3084 806; x_wconf 75' lang='lat' dir='ltr'><strong>tametsi</strong></span> <span class='ocrx_word' id='word_1_255' title='bbox 3129 760 3353 821; x_wconf 77' lang='lat' dir='ltr'><strong>propter</strong></span> 
     </span>
    </p>
   </div>
   <div class='ocr_carea' id='block_1_37' title="bbox 1771 840 3350 910">
    <p class='ocr_par' dir='ltr' id='par_1_37' title="bbox 1771 840 3350 910">
     <span class='ocr_line' id='line_1_37' title="bbox 1771 840 3350 910; baseline 0 -16"><span class='ocrx_word' id='word_1_256' title='bbox 1771 854 1961 894; x_wconf 85' lang='lat' dir='ltr'><strong>eorum</strong></span> <span class='ocrx_word' id='word_1_257' title='bbox 2012 841 2252 910; x_wconf 85' lang='lat' dir='ltr'><strong>majores</strong></span> <span class='ocrx_word' id='word_1_258' title='bbox 2289 841 2502 896; x_wconf 89' lang='lat' dir='ltr'><strong>ardenti</strong></span> <span class='ocrx_word' id='word_1_259' title='bbox 2548 856 2646 895; x_wconf 90' lang='lat' dir='ltr'><strong>eos</strong></span> <span class='ocrx_word' id='word_1_260' title='bbox 2681 854 2868 894; x_wconf 87' lang='lat' dir='ltr'><strong>amore</strong></span> <span class='ocrx_word' id='word_1_261' title='bbox 2908 854 3229 910; x_wconf 89' lang='lat' dir='ltr'><strong>prosequar.</strong></span> <span class='ocrx_word' id='word_1_262' title='bbox 3262 840 3350 894; x_wconf 92' lang='lat' dir='ltr'><strong>ld-</strong></span> 
     </span>
    </p>
   </div>
   <div class='ocr_carea' id='block_1_38' title="bbox 1773 931 3353 1003">
    <p class='ocr_par' dir='ltr' id='par_1_38' title="bbox 1773 931 3353 1003">
     <span class='ocr_line' id='line_1_38' title="bbox 1773 931 3353 1003; baseline 0.001 -18"><span class='ocrx_word' id='word_1_263' title='bbox 1773 931 1923 986; x_wconf 90' lang='lat' dir='ltr'><strong>circo</strong></span> <span class='ocrx_word' id='word_1_264' title='bbox 1959 932 2102 986; x_wconf 87' lang='lat' dir='ltr'><strong>enim</strong></span> <span class='ocrx_word' id='word_1_265' title='bbox 2139 932 2407 1003; x_wconf 86' lang='lat' dir='ltr'><strong>propheta</strong></span> <span class='ocrx_word' id='word_1_266' title='bbox 2434 933 2598 987; x_wconf 87' lang='lat' dir='ltr'><strong>simul</strong></span> <span class='ocrx_word' id='word_1_267' title='bbox 2625 948 2753 987; x_wconf 89' lang='lat' dir='ltr'><strong>cum</strong></span> <span class='ocrx_word' id='word_1_268' title='bbox 2790 933 3021 987; x_wconf 85' lang='lat' dir='ltr'><strong>muliere</strong></span> <span class='ocrx_word' id='word_1_269' title='bbox 3047 933 3102 986; x_wconf 92' lang='lat' dir='ltr'><strong>in</strong></span> <span class='ocrx_word' id='word_1_270' title='bbox 3125 932 3353 987; x_wconf 81' lang='lat' dir='ltr'><strong>nefariis</strong></span> 
     </span>
    </p>
   </div>
   <div class='ocr_carea' id='block_1_39' title="bbox 1777 1020 3353 1093">
    <p class='ocr_par' dir='ltr' id='par_1_39' title="bbox 1777 1020 3353 1093">
     <span class='ocr_line' id='line_1_39' title="bbox 1777 1020 3353 1093; baseline 0.003 -18"><span class='ocrx_word' id='word_1_271' title='bbox 1777 1020 2120 1078; x_wconf 81' lang='lat' dir='ltr'><strong>facinoribus</strong></span> <span class='ocrx_word' id='word_1_272' title='bbox 2143 1032 2401 1078; x_wconf 77' lang='lat' dir='ltr'><strong>versante</strong></span> <span class='ocrx_word' id='word_1_273' title='bbox 2428 1023 2709 1078; x_wconf 79' lang='lat' dir='ltr'><strong>habitabat</strong></span> <span class='ocrx_word' id='word_1_274' title='bbox 2731 1022 2976 1093; x_wconf 83' lang='lat' dir='ltr'><strong>quidem,</strong></span> <span class='ocrx_word' id='word_1_275' title='bbox 3005 1031 3065 1077; x_wconf 90' lang='lat' dir='ltr'><strong>ut</strong></span> <span class='ocrx_word' id='word_1_276' title='bbox 3087 1022 3353 1079; x_wconf 87' lang='lat' dir='ltr'><strong>Dominus</strong></span> 
     </span>
    </p>
   </div>
   <div class='ocr_carea' id='block_1_40' title="bbox 1773 1112 3357 1183">
    <p class='ocr_par' dir='ltr' id='par_1_40' title="bbox 1773 1112 3357 1183">
     <span class='ocr_line' id='line_1_40' title="bbox 1773 1112 3357 1183; baseline -0.001 -16"><span class='ocrx_word' id='word_1_277' title='bbox 1773 1112 2061 1183; x_wconf 90' lang='lat' dir='ltr'><strong>jusserat,</strong></span> <span class='ocrx_word' id='word_1_278' title='bbox 2128 1123 2509 1169; x_wconf 90' lang='lat' dir='ltr'><strong>verumtamen</strong></span> <span class='ocrx_word' id='word_1_279' title='bbox 2559 1114 2896 1168; x_wconf 87' lang='lat' dir='ltr'><strong>matrimonii</strong></span> <span class='ocrx_word' id='word_1_280' title='bbox 2953 1112 3357 1169; x_wconf 73' lang='lat' dir='ltr'><strong>consuetudine</strong></span> 
     </span>
    </p>
   </div>
   <div class='ocr_carea' id='block_1_41' title="bbox 1779 1203 3355 1277">
    <p class='ocr_par' dir='ltr' id='par_1_41' title="bbox 1779 1203 3355 1277">
     <span class='ocr_line' id='line_1_41' title="bbox 1779 1203 3355 1277; baseline -0.001 -18"><span class='ocrx_word' id='word_1_281' title='bbox 1779 1206 2218 1262; x_wconf 73' lang='lat' dir='ltr'><strong>non&#39;utebatur:</strong></span> <span class='ocrx_word' id='word_1_282' title='bbox 2267 1205 2713 1277; x_wconf 87' lang='lat' dir='ltr'><strong>quandoquidem</strong></span> <span class='ocrx_word' id='word_1_283' title='bbox 2745 1221 2846 1259; x_wconf 91' lang='lat' dir='ltr'><strong>nec</strong></span> <span class='ocrx_word' id='word_1_284' title='bbox 2899 1203 3041 1259; x_wconf 83' lang='lat' dir='ltr'><strong>Deus</strong></span> <span class='ocrx_word' id='word_1_285' title='bbox 3074 1205 3355 1258; x_wconf 82' lang='lat' dir='ltr'><strong>universo-</strong></span> 
     </span>
    </p>
   </div>
   <div class='ocr_carea' id='block_1_42' title="bbox 1779 1294 3373 1367">
    <p class='ocr_par' dir='ltr' id='par_1_42' title="bbox 1779 1294 3373 1367">
     <span class='ocr_line' id='line_1_42' title="bbox 1779 1294 3373 1367; baseline -0.002 -18"><span class='ocrx_word' id='word_1_286' title='bbox 1779 1311 1901 1349; x_wconf 89' lang='lat' dir='ltr'><strong>rum</strong></span> <span class='ocrx_word' id='word_1_287' title='bbox 1938 1297 2160 1367; x_wconf 88' lang='lat' dir='ltr'><strong>penitus</strong></span> <span class='ocrx_word' id='word_1_288' title='bbox 2211 1312 2309 1351; x_wconf 89' lang='lat' dir='ltr'><strong>sua</strong></span> <span class='ocrx_word' id='word_1_289' title='bbox 2355 1297 2697 1367; x_wconf 83' lang='lat' dir='ltr'><strong>providentia</strong></span> <span class='ocrx_word' id='word_1_290' title='bbox 2747 1296 3007 1366; x_wconf 91' lang='lat' dir='ltr'><strong>populum</strong></span> <span class='ocrx_word' id='word_1_291' title='bbox 3065 1294 3317 1364; x_wconf 84' lang='lat' dir='ltr'><strong>spoliavit</strong></span> <span class='ocrx_word' id='word_1_292' title='bbox 3337 1331 3373 1367; x_wconf 30' lang='grc' dir='ltr'>,Ἰ</span> 
     </span>
    </p>
   </div>
   <div class='ocr_carea' id='block_1_43' title="bbox 1781 1384 3354 1458">
    <p class='ocr_par' dir='ltr' id='par_1_43' title="bbox 1781 1384 3354 1458">
     <span class='ocr_line' id='line_1_43' title="bbox 1781 1384 3354 1458; baseline -0.004 -15"><span class='ocrx_word' id='word_1_293' title='bbox 1781 1405 1960 1458; x_wconf 85' lang='lat' dir='ltr'><strong>neque</strong></span> <span class='ocrx_word' id='word_1_294' title='bbox 1993 1398 2173 1443; x_wconf 88' lang='lat' dir='ltr'><strong>tamen</strong></span> <span class='ocrx_word' id='word_1_295' title='bbox 2215 1389 2360 1443; x_wconf 87' lang='lat' dir='ltr'><strong>hanc</strong></span> <span class='ocrx_word' id='word_1_296' title='bbox 2391 1388 2734 1458; x_wconf 87' lang='lat' dir='ltr'><strong>perspicuam</strong></span> <span class='ocrx_word' id='word_1_297' title='bbox 2772 1395 2827 1442; x_wconf 90' lang='lat' dir='ltr'><strong>et</strong></span> <span class='ocrx_word' id='word_1_298' title='bbox 2864 1393 3110 1454; x_wconf 87' lang='lat' dir='ltr'><strong>apertam</strong></span> <span class='ocrx_word' id='word_1_299' title='bbox 3147 1384 3354 1454; x_wconf 92' lang='lat' dir='ltr'><strong>populo</strong></span> 
     </span>
    </p>
   </div>
   <div class='ocr_carea' id='block_1_44' title="bbox 1783 1474 3357 1549">
    <p class='ocr_par' dir='ltr' id='par_1_44' title="bbox 1783 1474 3357 1549">
     <span class='ocr_line' id='line_1_44' title="bbox 1783 1474 3357 1549; baseline -0.004 -14"><span class='ocrx_word' id='word_1_300' title='bbox 1783 1481 2040 1535; x_wconf 80' lang='lat' dir='ltr'><strong>faciebat.</strong></span> <span class='ocrx_word' id='word_1_301' title='bbox 2090 1478 2554 1549; x_wconf 75' lang='lat' dir='ltr'><strong>Manifestationes</strong></span> <span class='ocrx_word' id='word_1_302' title='bbox 2584 1490 2765 1531; x_wconf 86' lang='lat' dir='ltr'><strong>autem</strong></span> <span class='ocrx_word' id='word_1_303' title='bbox 2799 1475 3016 1530; x_wconf 88' lang='lat' dir='ltr'><strong>divinas</strong></span> <span class='ocrx_word' id='word_1_304' title='bbox 3045 1474 3357 1545; x_wconf 55' lang='lat' dir='ltr'><strong>praedictio~</strong></span> 
     </span>
    </p>
   </div>
   <div class='ocr_carea' id='block_1_45' title="bbox 1783 1568 3360 1640">
    <p class='ocr_par' dir='ltr' id='par_1_45' title="bbox 1783 1568 3360 1640">
     <span class='ocr_line' id='line_1_45' title="bbox 1783 1568 3360 1640; baseline -0.005 -13"><span class='ocrx_word' id='word_1_305' title='bbox 1783 1588 1883 1627; x_wconf 90' lang='lat' dir='ltr'><strong>nes</strong></span> <span class='ocrx_word' id='word_1_306' title='bbox 1915 1572 2247 1637; x_wconf 82' lang='lat' dir='ltr'><strong>nominavit,</strong></span> <span class='ocrx_word' id='word_1_307' title='bbox 2289 1579 2402 1625; x_wconf 89' lang='lat' dir='ltr'><strong>tum</strong></span> <span class='ocrx_word' id='word_1_308' title='bbox 2438 1570 2567 1640; x_wconf 89' lang='lat' dir='ltr'><strong>quia</strong></span> <span class='ocrx_word' id='word_1_309' title='bbox 2615 1584 2863 1624; x_wconf 88' lang='lat' dir='ltr'><strong>summus</strong></span> <span class='ocrx_word' id='word_1_310' title='bbox 2892 1569 3150 1623; x_wconf 83' lang='lat' dir='ltr'><strong>sacerdos</strong></span> <span class='ocrx_word' id='word_1_311' title='bbox 3194 1568 3360 1622; x_wconf 87' lang='lat' dir='ltr'><strong>ratic-</strong></span> 
     </span>
    </p>
   </div>
   <div class='ocr_carea' id='block_1_46' title="bbox 1786 1659 3355 1733">
    <p class='ocr_par' dir='ltr' id='par_1_46' title="bbox 1786 1659 3355 1733">
     <span class='ocr_line' id='line_1_46' title="bbox 1786 1659 3355 1733; baseline -0.004 -15"><span class='ocrx_word' id='word_1_312' title='bbox 1786 1666 1896 1718; x_wconf 88' lang='lat' dir='ltr'><strong>nali</strong></span> <span class='ocrx_word' id='word_1_313' title='bbox 1927 1664 2118 1733; x_wconf 88' lang='lat' dir='ltr'><strong>judicii</strong></span> <span class='ocrx_word' id='word_1_314' title='bbox 2159 1664 2374 1733; x_wconf 77' lang='lat'><strong>1326</strong></span> <span class='ocrx_word' id='word_1_315' title='bbox 2406 1661 2906 1716; x_wconf 83' lang='lat' dir='ltr'><strong>manifestationem</strong></span> <span class='ocrx_word' id='word_1_316' title='bbox 2938 1659 3266 1729; x_wconf 78' lang='lat' dir='ltr'><strong>accipiebat,</strong></span> <span class='ocrx_word' id='word_1_317' title='bbox 3299 1668 3355 1711; x_wconf 87' lang='lat' dir='ltr'><strong>et</strong></span> 
     </span>
    </p>
   </div>
   <div class='ocr_carea' id='block_1_47' title="bbox 1786 1751 3360 1825">
    <p class='ocr_par' dir='ltr' id='par_1_47' title="bbox 1786 1751 3360 1825">
     <span class='ocr_line' id='line_1_47' title="bbox 1786 1751 3360 1825; baseline -0.004 -12"><span class='ocrx_word' id='word_1_318' title='bbox 1786 1759 2072 1813; x_wconf 87' lang='lat' dir='ltr'><strong>veritatem</strong></span> <span class='ocrx_word' id='word_1_319' title='bbox 2107 1776 2118 1811; x_wconf 92' lang='lat'><strong>:</strong></span> <span class='ocrx_word' id='word_1_320' title='bbox 2167 1764 2281 1809; x_wconf 92' lang='lat' dir='ltr'><strong>tum</strong></span> <span class='ocrx_word' id='word_1_321' title='bbox 2318 1754 2446 1825; x_wconf 88' lang='lat' dir='ltr'><strong>quia</strong></span> <span class='ocrx_word' id='word_1_322' title='bbox 2484 1769 2579 1824; x_wconf 91' lang='lat' dir='ltr'><strong>per</strong></span> <span class='ocrx_word' id='word_1_323' title='bbox 2623 1751 2891 1822; x_wconf 88' lang='lat' dir='ltr'><strong>quasdam</strong></span> <span class='ocrx_word' id='word_1_324' title='bbox 2930 1751 3360 1822; x_wconf 78' lang='lat' dir='ltr'><strong>significationes</strong></span> 
     </span>
    </p>
   </div>
   <div class='ocr_carea' id='block_1_48' title="bbox 1787 1842 3361 1918">
    <p class='ocr_par' dir='ltr' id='par_1_48' title="bbox 1787 1842 3361 1918">
     <span class='ocr_line' id='line_1_48' title="bbox 1787 1842 3361 1918; baseline -0.004 -14"><span class='ocrx_word' id='word_1_325' title='bbox 1787 1852 1884 1905; x_wconf 92' lang='lat' dir='ltr'><strong>illo</strong></span> <span class='ocrx_word' id='word_1_326' title='bbox 1919 1849 2094 1905; x_wconf 82' lang='lat' dir='ltr'><strong>factas</strong></span> <span class='ocrx_word' id='word_1_327' title='bbox 2124 1848 2309 1903; x_wconf 89' lang='lat' dir='ltr'><strong>futura</strong></span> <span class='ocrx_word' id='word_1_328' title='bbox 2344 1846 2715 1918; x_wconf 67' lang='lat' dir='ltr'><strong>praedicebat;</strong></span> <span class='ocrx_word' id='word_1_329' title='bbox 2741 1844 2887 1899; x_wconf 93' lang='lat' dir='ltr'><strong>unde</strong></span> <span class='ocrx_word' id='word_1_330' title='bbox 2917 1858 3148 1913; x_wconf 79' lang='lat' dir='ltr'><strong>magnus</strong></span> <span class='ocrx_word' id='word_1_331' title='bbox 3182 1842 3361 1898; x_wconf 82' lang='lat' dir='ltr'><strong>Muses</strong></span> 
     </span>
    </p>
   </div>
   <div class='ocr_carea' id='block_1_49' title="bbox 1790 1932 3361 1998">
    <p class='ocr_par' dir='ltr' id='par_1_49' title="bbox 1790 1932 3361 1998">
     <span class='ocr_line' id='line_1_49' title="bbox 1790 1932 3361 1998; baseline -0.008 0"><span class='ocrx_word' id='word_1_332' title='bbox 1790 1940 2120 1998; x_wconf 87' lang='lat' dir='ltr'><strong>sacerdotali</strong></span> <span class='ocrx_word' id='word_1_333' title='bbox 2153 1940 2319 1994; x_wconf 83' lang='lat' dir='ltr'><strong>tribui</strong></span> <span class='ocrx_word' id='word_1_334' title='bbox 2354 1937 2690 1993; x_wconf 88' lang='lat' dir='ltr'><strong>benedicens</strong></span> <span class='ocrx_word' id='word_1_335' title='bbox 2739 1936 2853 1989; x_wconf 90' lang='lat' dir='ltr'><strong>ait:</strong></span> <span class='ocrx_word' id='word_1_336' title='bbox 2911 1935 3046 1988; x_wconf 89' lang='lat' dir='ltr'><strong>Date</strong></span> <span class='ocrx_word' id='word_1_337' title='bbox 3077 1932 3205 1987; x_wconf 88' lang='lat' dir='ltr'><strong>Levi</strong></span> <span class='ocrx_word' id='word_1_338' title='bbox 3245 1949 3361 1987; x_wconf 82' lang='lat' dir='ltr'><strong>ma—</strong></span> 
     </span>
    </p>
   </div>
   <div class='ocr_carea' id='block_1_50' title="bbox 1794 2025 3357 2089">
    <p class='ocr_par' dir='ltr' id='par_1_50' title="bbox 1794 2025 3357 2089">
     <span class='ocr_line' id='line_1_50' title="bbox 1794 2025 3357 2089; baseline -0.007 -1"><span class='ocrx_word' id='word_1_339' title='bbox 1794 2034 2199 2089; x_wconf 83' lang='lat' dir='ltr'><strong>nifestationes.</strong></span> <span class='ocrx_word' id='word_1_340' title='bbox 2230 2033 2246 2052; x_wconf 81' lang='lat'><strong><em>’</em></strong></span> <span class='ocrx_word' id='word_1_341' title='bbox 2283 2031 2363 2084; x_wconf 79' lang='lat' dir='ltr'><strong>Ad</strong></span> <span class='ocrx_word' id='word_1_342' title='bbox 2390 2030 2540 2084; x_wconf 91' lang='lat' dir='ltr'><strong>hunc</strong></span> <span class='ocrx_word' id='word_1_343' title='bbox 2568 2035 2700 2083; x_wconf 81' lang='lat' dir='ltr'><strong>vero</strong></span> <span class='ocrx_word' id='word_1_344' title='bbox 2744 2026 2965 2082; x_wconf 91' lang='lat' dir='ltr'><strong>modum</strong></span> <span class='ocrx_word' id='word_1_345' title='bbox 2999 2025 3177 2080; x_wconf 89' lang='lat' dir='ltr'><strong>tristia</strong></span> <span class='ocrx_word' id='word_1_346' title='bbox 3226 2025 3357 2079; x_wconf 83' lang='lat' dir='ltr'><strong>vati-</strong></span> 
     </span>
    </p>
   </div>
   <div class='ocr_carea' id='block_1_51' title="bbox 1796 2118 2811 2187">
    <p class='ocr_par' dir='ltr' id='par_1_51' title="bbox 1796 2118 2811 2187">
     <span class='ocr_line' id='line_1_51' title="bbox 1796 2118 2811 2187; baseline -0.009 -8"><span class='ocrx_word' id='word_1_347' title='bbox 1796 2125 2029 2187; x_wconf 86' lang='lat' dir='ltr'><strong>cinatus,</strong></span> <span class='ocrx_word' id='word_1_348' title='bbox 2061 2122 2147 2179; x_wconf 89' lang='lat' dir='ltr'><strong>bis</strong></span> <span class='ocrx_word' id='word_1_349' title='bbox 2176 2122 2339 2178; x_wconf 89' lang='lat' dir='ltr'><strong>etiam</strong></span> <span class='ocrx_word' id='word_1_350' title='bbox 2372 2121 2494 2175; x_wconf 64' lang='lat' dir='ltr'><strong>lazta</strong></span> <span class='ocrx_word' id='word_1_351' title='bbox 2525 2118 2811 2174; x_wconf 86' lang='lat' dir='ltr'><strong>admiscet.</strong></span> 
     </span>
    </p>
   </div>
   <div class='ocr_carea' id='block_1_52' title="bbox 1872 2297 3372 2375">
    <p class='ocr_par' dir='ltr' id='par_1_52' title="bbox 1872 2297 3372 2375">
     <span class='ocr_line' id='line_1_52' title="bbox 1872 2297 3372 2375; baseline -0.007 -14"><span class='ocrx_word' id='word_1_352' title='bbox 1872 2307 2033 2363; x_wconf 75' lang='lat' dir='ltr'><strong>Vens.</strong></span> <span class='ocrx_word' id='word_1_353' title='bbox 2063 2307 2117 2361; x_wconf 83' lang='lat'><strong>5.</strong></span> <span class='ocrx_word' id='word_1_354' title='bbox 2154 2324 2173 2358; x_wconf 77' lang='grc' dir='ltr'><strong>ι</strong></span> <span class='ocrx_word' id='word_1_355' title='bbox 2207 2305 2272 2360; x_wconf 84' lang='lat' dir='ltr'><strong>Et</strong></span> <span class='ocrx_word' id='word_1_356' title='bbox 2317 2313 2440 2375; x_wconf 91' lang='lat' dir='ltr'><strong>post</strong></span> <span class='ocrx_word' id='word_1_357' title='bbox 2486 2303 2624 2364; x_wconf 66' lang='lat' dir='ltr'><strong>haec,</strong></span> <span class='ocrx_word' id='word_1_358' title='bbox 2658 2300 2860 2370; x_wconf 87' lang='lat' dir='ltr'><strong>inquit,</strong></span> <span class='ocrx_word' id='word_1_359' title='bbox 2896 2306 3246 2354; x_wconf 78' lang='lat' dir='ltr'><strong>revertentur</strong></span> <span class='ocrx_word' id='word_1_360' title='bbox 3271 2297 3372 2353; x_wconf 81' lang='lat' dir='ltr'><strong>filii</strong></span> 
     </span>
    </p>
   </div>
   <div class='ocr_carea' id='block_1_53' title="bbox 1792 2388 3372 2469">
    <p class='ocr_par' dir='ltr' id='par_1_53' title="bbox 1792 2388 3372 2469">
     <span class='ocr_line' id='line_1_53' title="bbox 1792 2388 3372 2469; baseline -0.008 -14"><span class='ocrx_word' id='word_1_361' title='bbox 1792 2401 2038 2466; x_wconf 90' lang='lat' dir='ltr'><strong>lsraelis,</strong></span> <span class='ocrx_word' id='word_1_362' title='bbox 2066 2409 2118 2455; x_wconf 91' lang='lat' dir='ltr'><strong>ct</strong></span> <span class='ocrx_word' id='word_1_363' title='bbox 2148 2407 2393 2469; x_wconf 74' lang='lat' dir='ltr'><strong>quterent</strong></span> <span class='ocrx_word' id='word_1_364' title='bbox 2425 2396 2710 2450; x_wconf 89' lang='lat' dir='ltr'><strong>Dominum</strong></span> <span class='ocrx_word' id='word_1_365' title='bbox 2756 2392 2927 2448; x_wconf 89' lang='lat' dir='ltr'><strong>Deum</strong></span> <span class='ocrx_word' id='word_1_366' title='bbox 2961 2406 3143 2455; x_wconf 89' lang='lat' dir='ltr'><strong>suum,</strong></span> <span class='ocrx_word' id='word_1_367' title='bbox 3175 2399 3231 2445; x_wconf 89' lang='lat' dir='ltr'><strong>et</strong></span> <span class='ocrx_word' id='word_1_368' title='bbox 3266 2388 3372 2443; x_wconf 86' lang='lat' dir='ltr'><strong>Da-</strong></span> 
     </span>
    </p>
   </div>
   <div class='ocr_carea' id='block_1_54' title="bbox 1788 2482 3368 2563">
    <p class='ocr_par' dir='ltr' id='par_1_54' title="bbox 1788 2482 3368 2563">
     <span class='ocr_line' id='line_1_54' title="bbox 1788 2482 3368 2563; baseline -0.006 -19"><span class='ocrx_word' id='word_1_369' title='bbox 1788 2494 1967 2547; x_wconf 87' lang='lat' dir='ltr'><strong>videm</strong></span> <span class='ocrx_word' id='word_1_370' title='bbox 2008 2506 2190 2563; x_wconf 78' lang='lat' dir='ltr'><strong>regem</strong></span> <span class='ocrx_word' id='word_1_371' title='bbox 2221 2505 2403 2554; x_wconf 88' lang='lat' dir='ltr'><strong>suum,</strong></span> <span class='ocrx_word' id='word_1_372' title='bbox 2440 2500 2493 2542; x_wconf 89' lang='lat' dir='ltr'><strong>et</strong></span> <span class='ocrx_word' id='word_1_373' title='bbox 2520 2487 2824 2557; x_wconf 88' lang='lat' dir='ltr'><strong>stupebunt</strong></span> <span class='ocrx_word' id='word_1_374' title='bbox 2845 2485 2911 2539; x_wconf 84' lang='lat' dir='ltr'><strong>ad</strong></span> <span class='ocrx_word' id='word_1_375' title='bbox 2945 2482 3237 2537; x_wconf 86' lang='lat' dir='ltr'><strong>Dominum</strong></span> <span class='ocrx_word' id='word_1_376' title='bbox 3261 2523 3275 2545; x_wconf 93' lang='lat'><strong>,</strong></span> <span class='ocrx_word' id='word_1_377' title='bbox 3313 2492 3368 2536; x_wconf 88' lang='lat' dir='ltr'><strong>et</strong></span> 
     </span>
    </p>
   </div>
   <div class='ocr_carea' id='block_1_55' title="bbox 1792 2572 3375 2654">
    <p class='ocr_par' dir='ltr' id='par_1_55' title="bbox 1792 2572 3375 2654">
     <span class='ocr_line' id='line_1_55' title="bbox 1792 2572 3375 2654; baseline -0.011 -14"><span class='ocrx_word' id='word_1_378' title='bbox 1792 2583 1956 2654; x_wconf 80' lang='lat' dir='ltr'><strong>super</strong></span> <span class='ocrx_word' id='word_1_379' title='bbox 1986 2584 2146 2638; x_wconf 85' lang='lat' dir='ltr'><strong>bonis</strong></span> <span class='ocrx_word' id='word_1_380' title='bbox 2173 2586 2293 2651; x_wconf 87' lang='lat' dir='ltr'><strong>ejus</strong></span> <span class='ocrx_word' id='word_1_381' title='bbox 2321 2582 2374 2634; x_wconf 93' lang='lat' dir='ltr'><strong>in</strong></span> <span class='ocrx_word' id='word_1_382' title='bbox 2405 2577 2731 2632; x_wconf 86' lang='lat' dir='ltr'><strong>novissimis</strong></span> <span class='ocrx_word' id='word_1_383' title='bbox 2768 2575 2987 2630; x_wconf 89' lang='lat' dir='ltr'><strong>diebus.</strong></span> <span class='ocrx_word' id='word_1_384' title='bbox 3022 2592 3040 2624; x_wconf 75' lang='grc' dir='ltr'><strong>ι</strong></span> <span class='ocrx_word' id='word_1_385' title='bbox 3084 2572 3220 2625; x_wconf 83' lang='lat' dir='ltr'><strong>Nam</strong></span> <span class='ocrx_word' id='word_1_386' title='bbox 3248 2586 3375 2627; x_wconf 89' lang='lat' dir='ltr'><strong>cum</strong></span> 
     </span>
    </p>
   </div>
   <div class='ocr_carea' id='block_1_56' title="bbox 1791 2660 3367 2738">
    <p class='ocr_par' dir='ltr' id='par_1_56' title="bbox 1791 2660 3367 2738">
     <span class='ocr_line' id='line_1_56' title="bbox 1791 2660 3367 2738; baseline -0.011 -8"><span class='ocrx_word' id='word_1_387' title='bbox 1791 2676 1976 2731; x_wconf 86' lang='lat' dir='ltr'><strong>decem</strong></span> <span class='ocrx_word' id='word_1_388' title='bbox 2011 2674 2212 2735; x_wconf 90' lang='lat' dir='ltr'><strong>tribus,</strong></span> <span class='ocrx_word' id='word_1_389' title='bbox 2244 2686 2273 2725; x_wconf 87' lang='lat' dir='ltr'><strong>a</strong></span> <span class='ocrx_word' id='word_1_390' title='bbox 2318 2669 2545 2738; x_wconf 83' lang='lat' dir='ltr'><strong>regibus</strong></span> <span class='ocrx_word' id='word_1_391' title='bbox 2576 2682 2640 2722; x_wconf 86' lang='lat' dir='ltr'><strong>ex</strong></span> <span class='ocrx_word' id='word_1_392' title='bbox 2675 2665 2880 2719; x_wconf 87' lang='lat' dir='ltr'><strong>Davide</strong></span> <span class='ocrx_word' id='word_1_393' title='bbox 2914 2663 3197 2734; x_wconf 82' lang='lat' dir='ltr'><strong>prognatis</strong></span> <span class='ocrx_word' id='word_1_394' title='bbox 3233 2660 3367 2716; x_wconf 81' lang='lat' dir='ltr'><strong>deft-</strong></span> 
     </span>
    </p>
   </div>
   <div class='ocr_carea' id='block_1_57' title="bbox 1796 2754 3371 2833">
    <p class='ocr_par' dir='ltr' id='par_1_57' title="bbox 1796 2754 3371 2833">
     <span class='ocr_line' id='line_1_57' title="bbox 1796 2754 3371 2833; baseline -0.009 -14"><span class='ocrx_word' id='word_1_395' title='bbox 1796 2767 2026 2826; x_wconf 86' lang='lat' dir='ltr'><strong>cicntes,</strong></span> <span class='ocrx_word' id='word_1_396' title='bbox 2069 2762 2352 2833; x_wconf 84' lang='lat' dir='ltr'><strong>preprium</strong></span> <span class='ocrx_word' id='word_1_397' title='bbox 2380 2774 2559 2828; x_wconf 80' lang='lat' dir='ltr'><strong>regem</strong></span> <span class='ocrx_word' id='word_1_398' title='bbox 2591 2757 2697 2813; x_wconf 88' lang='lat' dir='ltr'><strong>sibi</strong></span> <span class='ocrx_word' id='word_1_399' title='bbox 2746 2754 3062 2824; x_wconf 74' lang='lat' dir='ltr'><strong>elegissent,</strong></span> <span class='ocrx_word' id='word_1_400' title='bbox 3113 2762 3235 2820; x_wconf 86' lang='lat' dir='ltr'><strong>post</strong></span> <span class='ocrx_word' id='word_1_401' title='bbox 3279 2768 3371 2805; x_wconf 88' lang='lat' dir='ltr'><strong>re-</strong></span> 
     </span>
    </p>
   </div>
   <div class='ocr_carea' id='block_1_58' title="bbox 1802 2845 3376 2922">
    <p class='ocr_par' dir='ltr' id='par_1_58' title="bbox 1802 2845 3376 2922">
     <span class='ocr_line' id='line_1_58' title="bbox 1802 2845 3376 2922; baseline -0.011 -9"><span class='ocrx_word' id='word_1_402' title='bbox 1802 2859 2111 2913; x_wconf 84' lang='lat' dir='ltr'><strong>versionem</strong></span> <span class='ocrx_word' id='word_1_403' title='bbox 2168 2871 2232 2909; x_wconf 77' lang='lat' dir='ltr'><strong>ex</strong></span> <span class='ocrx_word' id='word_1_404' title='bbox 2299 2852 2576 2922; x_wconf 85' lang='lat' dir='ltr'><strong>Babylone</strong></span> <span class='ocrx_word' id='word_1_405' title='bbox 2631 2848 2941 2916; x_wconf 63' lang='lat' dir='ltr'><strong>conjunctae</strong></span> <span class='ocrx_word' id='word_1_406' title='bbox 2992 2855 3045 2902; x_wconf 90' lang='lat' dir='ltr'><strong>et</strong></span> <span class='ocrx_word' id='word_1_407' title='bbox 3110 2845 3376 2915; x_wconf 69' lang='lat' dir='ltr'><strong>capulata:</strong></span> 
     </span>
    </p>
   </div>
   <div class='ocr_carea' id='block_1_59' title="bbox 1800 2935 3375 3005">
    <p class='ocr_par' dir='ltr' id='par_1_59' title="bbox 1800 2935 3375 3005">
     <span class='ocr_line' id='line_1_59' title="bbox 1800 2935 3375 3005; baseline -0.01 0"><span class='ocrx_word' id='word_1_408' title='bbox 1800 2965 1967 3005; x_wconf 91' lang='lat' dir='ltr'><strong>unum</strong></span> <span class='ocrx_word' id='word_1_409' title='bbox 2001 2948 2309 3003; x_wconf 84' lang='lat' dir='ltr'><strong>habuerunt</strong></span> <span class='ocrx_word' id='word_1_410' title='bbox 2332 2945 2531 2998; x_wconf 89' lang='lat' dir='ltr'><strong>ducem</strong></span> <span class='ocrx_word' id='word_1_411' title='bbox 2567 2940 2962 2995; x_wconf 85' lang='lat' dir='ltr'><strong>Zorobabelem</strong></span> <span class='ocrx_word' id='word_1_412' title='bbox 2994 2954 3059 2993; x_wconf 79' lang='lat' dir='ltr'><strong>ex</strong></span> <span class='ocrx_word' id='word_1_413' title='bbox 3112 2935 3375 2990; x_wconf 82' lang='lat' dir='ltr'><strong>Davidica</strong></span> 
     </span>
    </p>
   </div>
   <div class='ocr_carea' id='block_1_60' title="bbox 1804 3029 3375 3109">
    <p class='ocr_par' dir='ltr' id='par_1_60' title="bbox 1804 3029 3375 3109">
     <span class='ocr_line' id='line_1_60' title="bbox 1804 3029 3375 3109; baseline -0.01 -14"><span class='ocrx_word' id='word_1_414' title='bbox 1804 3041 1948 3095; x_wconf 89' lang='lat' dir='ltr'><strong>tribu</strong></span> <span class='ocrx_word' id='word_1_415' title='bbox 1992 3047 2363 3109; x_wconf 85' lang='lat' dir='ltr'><strong>procreatum,</strong></span> <span class='ocrx_word' id='word_1_416' title='bbox 2418 3034 2522 3089; x_wconf 87' lang='lat' dir='ltr'><strong>sub</strong></span> <span class='ocrx_word' id='word_1_417' title='bbox 2554 3047 2662 3102; x_wconf 91' lang='lat' dir='ltr'><strong>quo</strong></span> <span class='ocrx_word' id='word_1_418' title='bbox 2693 3040 2747 3086; x_wconf 91' lang='lat' dir='ltr'><strong>et</strong></span> <span class='ocrx_word' id='word_1_419' title='bbox 2787 3030 3057 3084; x_wconf 75' lang='lat' dir='ltr'><strong>divinitus</strong></span> <span class='ocrx_word' id='word_1_420' title='bbox 3108 3029 3375 3082; x_wconf 91' lang='lat' dir='ltr'><strong>bonorum</strong></span> 
     </span>
    </p>
   </div>
   <div class='ocr_carea' id='block_1_61' title="bbox 124 3120 1696 3219">
    <p class='ocr_par' dir='ltr' id='par_1_61' title="bbox 124 3120 1696 3219">
     <span class='ocr_line' id='line_1_61' title="bbox 124 3120 1696 3219; baseline -0.012 -17"><span class='ocrx_word' id='word_1_421' title='bbox 124 3120 375 3219; x_wconf 65' lang='lat' dir='ltr'><strong>inmte-ca</strong></span> <span class='ocrx_word' id='word_1_422' title='bbox 408 3120 603 3215; x_wconf 75' lang='grc' dir='ltr'>φυλῆς,</span> <span class='ocrx_word' id='word_1_423' title='bbox 638 3143 723 3210; x_wconf 73' lang='grc' dir='ltr'><strong>ἐφ’</strong></span> <span class='ocrx_word' id='word_1_424' title='bbox 757 3135 816 3194; x_wconf 74' lang='grc' dir='ltr'><strong>οὗ</strong></span> <span class='ocrx_word' id='word_1_425' title='bbox 859 3140 954 3193; x_wconf 70' lang='grc' dir='ltr'>καὶ</span> <span class='ocrx_word' id='word_1_426' title='bbox 994 3137 1103 3189; x_wconf 86' lang='grc' dir='ltr'><strong>τῶν</strong></span> <span class='ocrx_word' id='word_1_427' title='bbox 1157 3134 1448 3188; x_wconf 83' lang='grc' dir='ltr'>θεοσδότων</span> <span class='ocrx_word' id='word_1_428' title='bbox 1478 3132 1696 3200; x_wconf 83' lang='grc' dir='ltr'>ἀγαθῶν</span> 
     </span>
    </p>
   </div>
   <div class='ocr_carea' id='block_1_62' title="bbox 1805 3120 3378 3219">
    <p class='ocr_par' dir='ltr' id='par_1_62' title="bbox 1805 3120 3378 3196">
     <span class='ocr_line' id='line_1_62' title="bbox 1805 3120 3378 3196; baseline -0.01 -11"><span class='ocrx_word' id='word_1_429' title='bbox 1805 3134 2056 3186; x_wconf 87' lang='lat' dir='ltr'><strong>datorum</strong></span> <span class='ocrx_word' id='word_1_430' title='bbox 2085 3128 2324 3181; x_wconf 86' lang='lat' dir='ltr'><strong>fructum</strong></span> <span class='ocrx_word' id='word_1_431' title='bbox 2348 3131 2644 3196; x_wconf 85' lang='lat' dir='ltr'><strong>ceperunt.</strong></span> <span class='ocrx_word' id='word_1_432' title='bbox 2670 3121 2796 3176; x_wconf 69' lang='lat' dir='ltr'><strong>Haec</strong></span> <span class='ocrx_word' id='word_1_433' title='bbox 2826 3120 3031 3185; x_wconf 90' lang='lat' dir='ltr'><strong>omnia,</strong></span> <span class='ocrx_word' id='word_1_434' title='bbox 3061 3120 3378 3190; x_wconf 87' lang='lat' dir='ltr'><strong>priusquam</strong></span> 
     </span>
    </p>
   </div>
   <div class='ocr_carea' id='block_1_63' title="bbox 114 3221 1702 3306">
    <p class='ocr_par' dir='ltr' id='par_1_63' title="bbox 114 3221 1702 3306">
     <span class='ocr_line' id='line_1_63' title="bbox 114 3221 1702 3306; baseline -0.011 -15"><span class='ocrx_word' id='word_1_435' title='bbox 114 3239 380 3302; x_wconf 71' lang='grc' dir='ltr'>ἐδέξαντο</span> <span class='ocrx_word' id='word_1_436' title='bbox 402 3234 499 3306; x_wconf 82' lang='grc' dir='ltr'>τὴν</span> <span class='ocrx_word' id='word_1_437' title='bbox 530 3233 849 3287; x_wconf 74' lang='grc' dir='ltr'>ἀπόλαυσιν.</span> <span class='ocrx_word' id='word_1_438' title='bbox 876 3225 1062 3280; x_wconf 79' lang='grc' dir='ltr'>Ταῦτα</span> <span class='ocrx_word' id='word_1_439' title='bbox 1091 3226 1267 3279; x_wconf 88' lang='grc' dir='ltr'>πάντα</span> <span class='ocrx_word' id='word_1_440' title='bbox 1297 3225 1428 3293; x_wconf 71' lang='grc' dir='ltr'>πρὶν</span> <span class='ocrx_word' id='word_1_441' title='bbox 1449 3221 1702 3290; x_wconf 87' lang='grc' dir='ltr'>γενέσθαι</span> 
     </span>
    </p>
   </div>
   <div class='ocr_carea' id='block_1_64' title="bbox 120 3314 1703 3399">
    <p class='ocr_par' dir='ltr' id='par_1_64' title="bbox 120 3314 1703 3399">
     <span class='ocr_line' id='line_1_64' title="bbox 120 3314 1703 3399; baseline -0.012 -15"><span class='ocrx_word' id='word_1_442' title='bbox 120 3329 315 3399; x_wconf 81' lang='grc' dir='ltr'>σαφῶς</span> <span class='ocrx_word' id='word_1_443' title='bbox 356 3325 739 3392; x_wconf 79' lang='grc' dir='ltr'>ἐπιστάμενος,</span> <span class='ocrx_word' id='word_1_444' title='bbox 781 3320 870 3374; x_wconf 79' lang='grc' dir='ltr'>διὰ</span> <span class='ocrx_word' id='word_1_445' title='bbox 893 3320 991 3389; x_wconf 83' lang='grc' dir='ltr'><strong>τῆς</strong></span> <span class='ocrx_word' id='word_1_446' title='bbox 1022 3315 1369 3387; x_wconf 77' lang='grc' dir='ltr'>προφητικῆς</span> <span class='ocrx_word' id='word_1_447' title='bbox 1398 3314 1703 3377; x_wconf 72' lang='grc' dir='ltr'>θεσπίζειθθ</span> 
     </span>
    </p>
   </div>
   <div class='ocr_carea' id='block_1_65' title="bbox 119 3404 1707 3487">
    <p class='ocr_par' dir='ltr' id='par_1_65' title="bbox 119 3404 1707 3487">
     <span class='ocr_line' id='line_1_65' title="bbox 119 3404 1707 3487; baseline -0.009 -17"><span class='ocrx_word' id='word_1_448' title='bbox 119 3417 333 3487; x_wconf 81' lang='grc' dir='ltr'>φωνῆς.</span> <span class='ocrx_word' id='word_1_449' title='bbox 370 3415 445 3468; x_wconf 86' lang='grc' dir='ltr'>Τὸ</span> <span class='ocrx_word' id='word_1_450' title='bbox 481 3414 539 3467; x_wconf 81' lang='grc' dir='ltr'>δὲ</span> <span class='ocrx_word' id='word_1_451' title='bbox 578 3430 597 3463; x_wconf 78' lang='grc' dir='ltr'><strong>ι</strong></span> <span class='ocrx_word' id='word_1_452' title='bbox 648 3412 769 3464; x_wconf 83' lang='grc' dir='ltr'><strong>Ἐπ’</strong></span> <span class='ocrx_word' id='word_1_453' title='bbox 800 3410 1029 3479; x_wconf 76' lang='grc' dir='ltr'>ἐσχάτου</span> <span class='ocrx_word' id='word_1_454' title='bbox 1078 3406 1186 3458; x_wconf 87' lang='grc' dir='ltr'><strong>τῶν</strong></span> <span class='ocrx_word' id='word_1_455' title='bbox 1237 3404 1485 3475; x_wconf 82' lang='grc' dir='ltr'>ἡμερῶν,</span> <span class='ocrx_word' id='word_1_456' title='bbox 1528 3423 1545 3455; x_wconf 76' lang='grc' dir='ltr'><strong>ι</strong></span> <span class='ocrx_word' id='word_1_457' title='bbox 1581 3405 1707 3457; x_wconf 65' lang='grc' dir='ltr'><strong>ἀντ)⁵</strong></span> 
     </span>
    </p>
   </div>
   <div class='ocr_carea' id='block_1_66' title="bbox 118 3495 1706 3577">
    <p class='ocr_par' dir='ltr' id='par_1_66' title="bbox 118 3495 1706 3577">
     <span class='ocr_line' id='line_1_66' title="bbox 118 3495 1706 3577; baseline -0.011 -15"><span class='ocrx_word' id='word_1_458' title='bbox 118 3509 242 3571; x_wconf 79' lang='grc' dir='ltr'>τοῦ,</span> <span class='ocrx_word' id='word_1_459' title='bbox 284 3506 423 3577; x_wconf 76' lang='grc' dir='ltr'>μετὰ</span> <span class='ocrx_word' id='word_1_460' title='bbox 469 3505 530 3558; x_wconf 75' lang='grc' dir='ltr'><strong>τὸ</strong></span> <span class='ocrx_word' id='word_1_461' title='bbox 560 3503 713 3565; x_wconf 81' lang='grc' dir='ltr'>τέλος</span> <span class='ocrx_word' id='word_1_462' title='bbox 750 3501 861 3555; x_wconf 85' lang='grc' dir='ltr'><strong>τῶν</strong></span> <span class='ocrx_word' id='word_1_463' title='bbox 890 3499 1264 3568; x_wconf 73' lang='grc' dir='ltr'>ἐϐδομήκοντα</span> <span class='ocrx_word' id='word_1_464' title='bbox 1292 3497 1391 3567; x_wconf 81' lang='grc' dir='ltr'>τῆς</span> <span class='ocrx_word' id='word_1_465' title='bbox 1421 3495 1706 3565; x_wconf 76' lang='grc' dir='ltr'>αἰχμαλω-</span> 
     </span>
    </p>
   </div>
   <div class='ocr_carea' id='block_1_67' title="bbox 122 3594 443 3662">
    <p class='ocr_par' dir='ltr' id='par_1_67' title="bbox 122 3594 443 3662">
     <span class='ocr_line' id='line_1_67' title="bbox 122 3594 443 3662; baseline -0.009 -8"><span class='ocrx_word' id='word_1_466' title='bbox 122 3599 248 3662; x_wconf 81' lang='grc' dir='ltr'>σίας</span> <span class='ocrx_word' id='word_1_467' title='bbox 278 3594 443 3651; x_wconf 74' lang='grc' dir='ltr'>ιτῶν.</span> 
     </span>
    </p>
   </div>
   <div class='ocr_carea' id='block_1_68' title="bbox 739 3682 1104 3739">
    <p class='ocr_par' dir='ltr' id='par_1_68' title="bbox 739 3682 1104 3739">
     <span class='ocr_line' id='line_1_68' title="bbox 739 3682 1104 3739; baseline -0.011 0"><span class='ocrx_word' id='word_1_468' title='bbox 739 3685 990 3739; x_wconf 79' lang='grc' dir='ltr'><strong>ΚΕΦΑΛ.</strong></span> <span class='ocrx_word' id='word_1_469' title='bbox 1031 3682 1104 3736; x_wconf 83' lang='lat' dir='ltr'><strong>A&#39;.</strong></span> 
     </span>
    </p>
   </div>
   <div class='ocr_carea' id='block_1_69' title="bbox 199 3767 1709 3846">
    <p class='ocr_par' dir='ltr' id='par_1_69' title="bbox 199 3767 1709 3846">
     <span class='ocr_line' id='line_1_69' title="bbox 199 3767 1709 3846; baseline -0.011 -11"><span class='ocrx_word' id='word_1_470' title='bbox 199 3781 360 3835; x_wconf 74' lang='grc' dir='ltr'>Οὕτω</span> <span class='ocrx_word' id='word_1_471' title='bbox 387 3779 455 3832; x_wconf 77' lang='grc' dir='ltr'>τὰ</span> <span class='ocrx_word' id='word_1_472' title='bbox 493 3776 675 3846; x_wconf 69' lang='grc' dir='ltr'>ἀγαθὰ</span> <span class='ocrx_word' id='word_1_473' title='bbox 723 3774 1084 3846; x_wconf 84' lang='grc' dir='ltr'>προμηνύσας</span> <span class='ocrx_word' id='word_1_474' title='bbox 1112 3813 1125 3835; x_wconf 94' lang='grc'><strong>,</strong></span> <span class='ocrx_word' id='word_1_475' title='bbox 1169 3771 1330 3824; x_wconf 79' lang='grc' dir='ltr'>πάλιν</span> <span class='ocrx_word' id='word_1_476' title='bbox 1368 3769 1477 3823; x_wconf 86' lang='grc' dir='ltr'><strong>τῶν</strong></span> <span class='ocrx_word' id='word_1_477' title='bbox 1524 3767 1709 3830; x_wconf 80' lang='grc' dir='ltr'>κακῶς</span> 
     </span>
    </p>
   </div>
   <div class='ocr_carea' id='block_1_70' title="bbox 126 3848 1708 3941">
    <p class='ocr_par' dir='ltr' id='par_1_70' title="bbox 126 3848 1708 3941">
     <span class='ocr_line' id='line_1_70' title="bbox 126 3848 1708 3941; baseline -0.008 -17"><span class='ocrx_word' id='word_1_478' title='bbox 126 3870 439 3941; x_wconf 72' lang='grc' dir='ltr'>γινομένων</span> <span class='ocrx_word' id='word_1_479' title='bbox 471 3869 569 3939; x_wconf 81' lang='grc' dir='ltr'>τὴν</span> <span class='ocrx_word' id='word_1_480' title='bbox 598 3866 930 3937; x_wconf 83' lang='grc' dir='ltr'>κατηγορίαν</span> <span class='ocrx_word' id='word_1_481' title='bbox 974 3848 1228 3917; x_wconf 68' lang='grc' dir='ltr'>ποιεῖται.</span> <span class='ocrx_word' id='word_1_482' title='bbox 1274 3861 1566 3932; x_wconf 73' lang='grc' dir='ltr'>Ἀληθείας</span> <span class='ocrx_word' id='word_1_483' title='bbox 1581 3860 1708 3930; x_wconf 79' lang='grc' dir='ltr'>γὰρ,</span> 
     </span>
    </p>
   </div>
   <div class='ocr_carea' id='block_1_71' title="bbox 131 3949 1712 4030">
    <p class='ocr_par' dir='ltr' id='par_1_71' title="bbox 131 3949 1712 4030">
     <span class='ocr_line' id='line_1_71' title="bbox 131 3949 1712 4030; baseline -0.008 -16"><span class='ocrx_word' id='word_1_484' title='bbox 131 3961 327 4030; x_wconf 66' lang='grc' dir='ltr'>φησιν,</span> <span class='ocrx_word' id='word_1_485' title='bbox 359 3959 482 4012; x_wconf 80' lang='grc' dir='ltr'>ὲστὲ</span> <span class='ocrx_word' id='word_1_486' title='bbox 507 3958 603 4011; x_wconf 73' lang='grc' dir='ltr'><strong>καὶ</strong></span> <span class='ocrx_word' id='word_1_487' title='bbox 637 3956 1047 4027; x_wconf 78' lang='grc' dir='ltr'>φιλανθρωπίας</span> <span class='ocrx_word' id='word_1_488' title='bbox 1079 3954 1297 4025; x_wconf 79' lang='grc' dir='ltr'>ἔρημοι,</span> <span class='ocrx_word' id='word_1_489' title='bbox 1335 3954 1428 4006; x_wconf 77' lang='grc' dir='ltr'>καὶ</span> <span class='ocrx_word' id='word_1_490' title='bbox 1458 3949 1712 4020; x_wconf 84' lang='grc' dir='ltr'>γνώσεως</span> 
     </span>
    </p>
   </div>
   <div class='ocr_carea' id='block_1_72' title="bbox 90 4044 1711 4125">
    <p class='ocr_par' dir='ltr' id='par_1_72' title="bbox 90 4044 1711 4125">
     <span class='ocr_line' id='line_1_72' title="bbox 90 4044 1711 4125; baseline -0.01 -15"><span class='ocrx_word' id='word_1_491' title='bbox 90 4118 107 4125; x_wconf 35' lang='grc' dir='ltr'><strong><em>η</em></strong></span> <span class='ocrx_word' id='word_1_492' title='bbox 131 4053 287 4118; x_wconf 80' lang='grc' dir='ltr'>θείας</span> <span class='ocrx_word' id='word_1_493' title='bbox 321 4052 675 4123; x_wconf 80' lang='grc' dir='ltr'>ἐστερημένοι</span> <span class='ocrx_word' id='word_1_494' title='bbox 698 4067 715 4082; x_wconf 67' lang='grc' dir='ltr'>θ</span> <span class='ocrx_word' id='word_1_495' title='bbox 748 4050 880 4103; x_wconf 78' lang='grc' dir='ltr'>πολὺ</span> <span class='ocrx_word' id='word_1_496' title='bbox 916 4048 973 4101; x_wconf 87' lang='grc' dir='ltr'>δὲ</span> <span class='ocrx_word' id='word_1_497' title='bbox 1004 4050 1134 4117; x_wconf 83' lang='grc' dir='ltr'>παρ’</span> <span class='ocrx_word' id='word_1_498' title='bbox 1166 4048 1295 4117; x_wconf 82' lang='grc' dir='ltr'>ύμῖν</span> <span class='ocrx_word' id='word_1_499' title='bbox 1321 4048 1364 4077; x_wconf 69' lang='grc' dir='ltr'><strong>εί</strong></span> <span class='ocrx_word' id='word_1_500' title='bbox 1403 4046 1463 4098; x_wconf 80' lang='grc' dir='ltr'>τὸ</span> <span class='ocrx_word' id='word_1_501' title='bbox 1492 4044 1711 4114; x_wconf 71' lang='grc' dir='ltr'>ψεῦδος,</span> 
     </span>
    </p>
   </div>
   <div class='ocr_carea' id='block_1_73' title="bbox 129 4135 1715 4212">
    <p class='ocr_par' dir='ltr' id='par_1_73' title="bbox 129 4135 1715 4212">
     <span class='ocr_line' id='line_1_73' title="bbox 129 4135 1715 4212; baseline -0.01 -11"><span class='ocrx_word' id='word_1_502' title='bbox 129 4148 235 4202; x_wconf 70' lang='grc' dir='ltr'>καὶ</span> <span class='ocrx_word' id='word_1_503' title='bbox 281 4144 453 4208; x_wconf 81' lang='grc' dir='ltr'>ἀδεῶς</span> <span class='ocrx_word' id='word_1_504' title='bbox 495 4146 525 4197; x_wconf 85' lang='grc' dir='ltr'><strong>ὁ</strong></span> <span class='ocrx_word' id='word_1_505' title='bbox 556 4143 715 4212; x_wconf 81' lang='grc' dir='ltr'>φόνος</span> <span class='ocrx_word' id='word_1_506' title='bbox 756 4141 1054 4212; x_wconf 75' lang='grc' dir='ltr'>τολμᾶται,</span> <span class='ocrx_word' id='word_1_507' title='bbox 1109 4140 1203 4192; x_wconf 71' lang='grc' dir='ltr'>καὶ</span> <span class='ocrx_word' id='word_1_508' title='bbox 1257 4136 1365 4190; x_wconf 82' lang='grc' dir='ltr'><strong>τῶν</strong></span> <span class='ocrx_word' id='word_1_509' title='bbox 1420 4135 1715 4203; x_wconf 85' lang='grc' dir='ltr'>ἀλλοτρίων</span> 
     </span>
    </p>
   </div>
   <div class='ocr_carea' id='block_1_74' title="bbox 130 4226 1716 4310">
    <p class='ocr_par' dir='ltr' id='par_1_74' title="bbox 130 4226 1716 4310">
     <span class='ocr_line' id='line_1_74' title="bbox 130 4226 1716 4310; baseline -0.011 -18"><span class='ocrx_word' id='word_1_510' title='bbox 130 4238 418 4310; x_wconf 67' lang='grc' dir='ltr'>ἐφιέμενοι</span> <span class='ocrx_word' id='word_1_511' title='bbox 467 4233 849 4305; x_wconf 77' lang='grc' dir='ltr'>σφετερίζεσθε</span> <span class='ocrx_word' id='word_1_512' title='bbox 907 4231 1119 4293; x_wconf 79' lang='grc' dir='ltr'>ταῦτα,</span> <span class='ocrx_word' id='word_1_513' title='bbox 1170 4229 1262 4281; x_wconf 75' lang='grc' dir='ltr'><strong>καὶ</strong></span> <span class='ocrx_word' id='word_1_514' title='bbox 1310 4229 1423 4289; x_wconf 89' lang='grc' dir='ltr'>τοῖς</span> <span class='ocrx_word' id='word_1_515' title='bbox 1471 4226 1716 4295; x_wconf 84' lang='grc' dir='ltr'>ἀλλήλων</span> 
     </span>
    </p>
   </div>
   <div class='ocr_carea' id='block_1_75' title="bbox 135 4316 1717 4393">
    <p class='ocr_par' dir='ltr' id='par_1_75' title="bbox 135 4316 1717 4393">
     <span class='ocr_line' id='line_1_75' title="bbox 135 4316 1717 4393; baseline -0.01 -11"><span class='ocrx_word' id='word_1_516' title='bbox 135 4325 524 4382; x_wconf 70' lang='grc' dir='ltr'>ἐπιϐουλεύετε</span> <span class='ocrx_word' id='word_1_517' title='bbox 575 4325 801 4393; x_wconf 82' lang='grc' dir='ltr'>γάμοις,</span> <span class='ocrx_word' id='word_1_518' title='bbox 859 4322 936 4385; x_wconf 82' lang='grc' dir='ltr'><strong>ὡς</strong></span> <span class='ocrx_word' id='word_1_519' title='bbox 995 4320 1092 4391; x_wconf 81' lang='grc' dir='ltr'>τὴν</span> <span class='ocrx_word' id='word_1_520' title='bbox 1146 4319 1249 4389; x_wconf 78' lang='grc' dir='ltr'>γῆν</span> <span class='ocrx_word' id='word_1_521' title='bbox 1293 4318 1448 4387; x_wconf 83' lang='grc' dir='ltr'>ὑμῶν</span> <span class='ocrx_word' id='word_1_522' title='bbox 1499 4316 1717 4368; x_wconf 82' lang='grc' dir='ltr'>ἃπασαν</span> 
     </span>
    </p>
   </div>
   <div class='ocr_carea' id='block_1_76' title="bbox 138 4405 1717 4491">
    <p class='ocr_par' dir='ltr' id='par_1_76' title="bbox 138 4405 1717 4491">
     <span class='ocr_line' id='line_1_76' title="bbox 138 4405 1717 4491; baseline -0.012 -16"><span class='ocrx_word' id='word_1_523' title='bbox 138 4421 329 4491; x_wconf 82' lang='grc' dir='ltr'>πλήρη</span> <span class='ocrx_word' id='word_1_524' title='bbox 377 4417 584 4471; x_wconf 84' lang='grc' dir='ltr'>τούτων</span> <span class='ocrx_word' id='word_1_525' title='bbox 624 4413 879 4485; x_wconf 87' lang='grc' dir='ltr'>γενέσθαι</span> <span class='ocrx_word' id='word_1_526' title='bbox 921 4413 1028 4465; x_wconf 84' lang='grc' dir='ltr'><strong>τῶν</strong></span> <span class='ocrx_word' id='word_1_527' title='bbox 1077 4411 1421 4482; x_wconf 85' lang='grc' dir='ltr'>μιασμάτων.</span> <span class='ocrx_word' id='word_1_528' title='bbox 1466 4407 1542 4459; x_wconf 83' lang='grc' dir='ltr'><strong>Δι’</strong></span> <span class='ocrx_word' id='word_1_529' title='bbox 1576 4405 1717 4476; x_wconf 77' lang='grc' dir='ltr'>ἅπερ</span> 
     </span>
    </p>
   </div>
   <div class='ocr_carea' id='block_1_77' title="bbox 1814 3212 3360 3292">
    <p class='ocr_par' dir='ltr' id='par_1_77' title="bbox 1814 3212 3360 3292">
     <span class='ocr_line' id='line_1_77' title="bbox 1814 3212 3360 3292; baseline -0.009 -15"><span class='ocrx_word' id='word_1_530' title='bbox 1814 3225 2026 3286; x_wconf 83' lang='lat' dir='ltr'><strong>fierent,</strong></span> <span class='ocrx_word' id='word_1_531' title='bbox 2062 3230 2256 3292; x_wconf 87' lang='lat' dir='ltr'><strong>aperte</strong></span> <span class='ocrx_word' id='word_1_532' title='bbox 2291 3218 2495 3280; x_wconf 86' lang='lat' dir='ltr'><strong>sciens,</strong></span> <span class='ocrx_word' id='word_1_533' title='bbox 2523 3215 2841 3286; x_wconf 85' lang='lat' dir='ltr'><strong>prephetica</strong></span> <span class='ocrx_word' id='word_1_534' title='bbox 2868 3228 2997 3267; x_wconf 76' lang='lat' dir='ltr'><strong>voce</strong></span> <span class='ocrx_word' id='word_1_535' title='bbox 3026 3212 3360 3282; x_wconf 59' lang='lat' dir='ltr'><strong>praenuntiat</strong></span> 
     </span>
    </p>
   </div>
   <div class='ocr_carea' id='block_1_78' title="bbox 1807 3304 3381 3377">
    <p class='ocr_par' dir='ltr' id='par_1_78' title="bbox 1807 3304 3381 3377">
     <span class='ocr_line' id='line_1_78' title="bbox 1807 3304 3381 3377; baseline -0.007 -9"><span class='ocrx_word' id='word_1_536' title='bbox 1807 3314 1946 3368; x_wconf 88' lang='lat' dir='ltr'><strong>Illud</strong></span> <span class='ocrx_word' id='word_1_537' title='bbox 1985 3328 2137 3377; x_wconf 86' lang='lat' dir='ltr'><strong>vero,</strong></span> <span class='ocrx_word' id='word_1_538' title='bbox 2166 3330 2184 3362; x_wconf 78' lang='grc' dir='ltr'><strong>ι</strong></span> <span class='ocrx_word' id='word_1_539' title='bbox 2219 3311 2274 3363; x_wconf 90' lang='lat' dir='ltr'><strong>in</strong></span> <span class='ocrx_word' id='word_1_540' title='bbox 2312 3307 2634 3364; x_wconf 80' lang='lat' dir='ltr'><strong>novissimis</strong></span> <span class='ocrx_word' id='word_1_541' title='bbox 2676 3306 2892 3370; x_wconf 88' lang='lat' dir='ltr'><strong>diebus,</strong></span> <span class='ocrx_word' id='word_1_542' title='bbox 2925 3322 2942 3355; x_wconf 71' lang='grc' dir='ltr'><strong>ο</strong></span> <span class='ocrx_word' id='word_1_543' title='bbox 2989 3304 3132 3358; x_wconf 91' lang='lat' dir='ltr'><strong>idem</strong></span> <span class='ocrx_word' id='word_1_544' title='bbox 3159 3310 3242 3358; x_wconf 90' lang='lat' dir='ltr'><strong>est</strong></span> <span class='ocrx_word' id='word_1_545' title='bbox 3290 3317 3381 3367; x_wconf 85' lang='lat' dir='ltr'><strong>ac,</strong></span> 
     </span>
    </p>
   </div>
   <div class='ocr_carea' id='block_1_79' title="bbox 1811 3393 3234 3474">
    <p class='ocr_par' dir='ltr' id='par_1_79' title="bbox 1811 3393 3234 3474">
     <span class='ocr_line' id='line_1_79' title="bbox 1811 3393 3234 3474; baseline -0.008 -16"><span class='ocrx_word' id='word_1_546' title='bbox 1811 3411 1932 3474; x_wconf 93' lang='lat' dir='ltr'><strong>post</strong></span> <span class='ocrx_word' id='word_1_547' title='bbox 1975 3402 2137 3456; x_wconf 81' lang='lat' dir='ltr'><strong>finem</strong></span> <span class='ocrx_word' id='word_1_548' title='bbox 2180 3401 2531 3470; x_wconf 79' lang='lat' dir='ltr'><strong>septuaginta</strong></span> <span class='ocrx_word' id='word_1_549' title='bbox 2564 3409 2834 3451; x_wconf 88' lang='lat' dir='ltr'><strong>annorqu</strong></span> <span class='ocrx_word' id='word_1_550' title='bbox 2874 3393 3234 3465; x_wconf 86' lang='lat' dir='ltr'><strong>captivitatis.</strong></span> 
     </span>
    </p>
   </div>
   <div class='ocr_carea' id='block_1_80' title="bbox 2425 3666 2787 3728">
    <p class='ocr_par' dir='ltr' id='par_1_80' title="bbox 2425 3666 2787 3728">
     <span class='ocr_line' id='line_1_80' title="bbox 2425 3666 2787 3728; baseline -0.008 0"><span class='ocrx_word' id='word_1_551' title='bbox 2425 3669 2653 3728; x_wconf 79' lang='lat' dir='ltr'><strong>CAPUT</strong></span> <span class='ocrx_word' id='word_1_552' title='bbox 2686 3666 2755 3723; x_wconf 74' lang='lat' dir='ltr'><strong>IV</strong></span> <span class='ocrx_word' id='word_1_553' title='bbox 2771 3709 2787 3725; x_wconf 93' lang='lat'><strong>.</strong></span> 
     </span>
    </p>
   </div>
   <div class='ocr_carea' id='block_1_81' title="bbox 1884 3756 3390 3843">
    <p class='ocr_par' dir='ltr' id='par_1_81' title="bbox 1884 3756 3390 3843">
     <span class='ocr_line' id='line_1_81' title="bbox 1884 3756 3390 3843; baseline -0.014 -17"><span class='ocrx_word' id='word_1_554' title='bbox 1884 3771 1962 3843; x_wconf 89' lang='lat' dir='ltr'><strong>[l,</strong></span> <span class='ocrx_word' id='word_1_555' title='bbox 1990 3768 2046 3841; x_wconf 72' lang='lat'><strong>2]</strong></span> <span class='ocrx_word' id='word_1_556' title='bbox 2082 3768 2379 3837; x_wconf 90' lang='lat' dir='ltr'><strong>Postquam</strong></span> <span class='ocrx_word' id='word_1_557' title='bbox 2405 3763 2548 3818; x_wconf 90' lang='lat' dir='ltr'><strong>bona</strong></span> <span class='ocrx_word' id='word_1_558' title='bbox 2574 3761 2656 3815; x_wconf 90' lang='lat' dir='ltr'><strong>sic</strong></span> <span class='ocrx_word' id='word_1_559' title='bbox 2689 3756 3156 3830; x_wconf 43' lang='lat' dir='ltr'><strong>praesigniﬁcavrn</strong></span> <span class='ocrx_word' id='word_1_560' title='bbox 3191 3765 3390 3807; x_wconf 78' lang='lat' dir='ltr'><strong>rursus</strong></span> 
     </span>
    </p>
   </div>
   <div class='ocr_carea' id='block_1_82' title="bbox 1813 3845 3388 3918">
    <p class='ocr_par' dir='ltr' id='par_1_82' title="bbox 1813 3845 3388 3918">
     <span class='ocr_line' id='line_1_82' title="bbox 1813 3845 3388 3918; baseline -0.013 0"><span class='ocrx_word' id='word_1_561' title='bbox 1813 3867 1866 3918; x_wconf 92' lang='lat' dir='ltr'><strong>in</strong></span> <span class='ocrx_word' id='word_1_562' title='bbox 1905 3865 2113 3917; x_wconf 83' lang='lat' dir='ltr'><strong>scelera</strong></span> <span class='ocrx_word' id='word_1_563' title='bbox 2140 3852 2437 3914; x_wconf 68' lang='lat' dir='ltr'><strong>commisSa</strong></span> <span class='ocrx_word' id='word_1_564' title='bbox 2470 3852 2879 3907; x_wconf 86' lang='lat' dir='ltr'><strong>accusationem</strong></span> <span class='ocrx_word' id='word_1_565' title='bbox 2925 3846 3186 3902; x_wconf 87' lang='lat' dir='ltr'><strong>instituit.</strong></span> <span class='ocrx_word' id='word_1_566' title='bbox 3238 3845 3388 3900; x_wconf 82' lang='lat' dir='ltr'><strong>Veri-</strong></span> 
     </span>
    </p>
   </div>
   <div class='ocr_carea' id='block_1_83' title="bbox 1815 3937 3390 4020">
    <p class='ocr_par' dir='ltr' id='par_1_83' title="bbox 1815 3937 3390 4020">
     <span class='ocr_line' id='line_1_83' title="bbox 1815 3937 3390 4020; baseline -0.013 -10"><span class='ocrx_word' id='word_1_567' title='bbox 1815 3964 1928 4009; x_wconf 89' lang='lat' dir='ltr'><strong>tate</strong></span> <span class='ocrx_word' id='word_1_568' title='bbox 1958 3957 2122 4015; x_wconf 88' lang='lat' dir='ltr'><strong>enim,</strong></span> <span class='ocrx_word' id='word_1_569' title='bbox 2182 3950 2402 4020; x_wconf 89' lang='lat' dir='ltr'><strong>inquit,</strong></span> <span class='ocrx_word' id='word_1_570' title='bbox 2463 3953 2517 4001; x_wconf 90' lang='lat' dir='ltr'><strong>et</strong></span> <span class='ocrx_word' id='word_1_571' title='bbox 2557 3941 2940 4000; x_wconf 86' lang='lat' dir='ltr'><strong>misericordia</strong></span> <span class='ocrx_word' id='word_1_572' title='bbox 2992 3938 3188 4010; x_wconf 86' lang='lat' dir='ltr'><strong>privati</strong></span> <span class='ocrx_word' id='word_1_573' title='bbox 3233 3937 3390 4001; x_wconf 84' lang='lat' dir='ltr'><strong>estis,</strong></span> 
     </span>
    </p>
   </div>
   <div class='ocr_carea' id='block_1_84' title="bbox 1820 4029 3391 4118">
    <p class='ocr_par' dir='ltr' id='par_1_84' title="bbox 1820 4029 3391 4118">
     <span class='ocr_line' id='line_1_84' title="bbox 1820 4029 3391 4118; baseline -0.011 -17"><span class='ocrx_word' id='word_1_574' title='bbox 1820 4048 2022 4118; x_wconf 78' lang='lat' dir='ltr'><strong>Deique</strong></span> <span class='ocrx_word' id='word_1_575' title='bbox 2067 4043 2384 4115; x_wconf 82' lang='lat' dir='ltr'><strong>cognitione</strong></span> <span class='ocrx_word' id='word_1_576' title='bbox 2422 4039 2711 4100; x_wconf 83' lang='lat' dir='ltr'><strong>destituti,</strong></span> <span class='ocrx_word' id='word_1_577' title='bbox 2745 4037 2979 4091; x_wconf 91' lang='lat' dir='ltr'><strong>multum</strong></span> <span class='ocrx_word' id='word_1_578' title='bbox 3026 4041 3206 4086; x_wconf 91' lang='lat' dir='ltr'><strong>autem</strong></span> <span class='ocrx_word' id='word_1_579' title='bbox 3246 4029 3391 4101; x_wconf 85' lang='lat' dir='ltr'><strong>apud</strong></span> 
     </span>
    </p>
   </div>
   <div class='ocr_carea' id='block_1_85' title="bbox 1816 4121 3393 4206">
    <p class='ocr_par' dir='ltr' id='par_1_85' title="bbox 1816 4121 3393 4206">
     <span class='ocr_line' id='line_1_85' title="bbox 1816 4121 3393 4206; baseline -0.013 -14"><span class='ocrx_word' id='word_1_580' title='bbox 1816 4155 1915 4193; x_wconf 90' lang='lat' dir='ltr'><strong>vos</strong></span> <span class='ocrx_word' id='word_1_581' title='bbox 1947 4137 2095 4206; x_wconf 72' lang='lat' dir='ltr'><strong>viget</strong></span> <span class='ocrx_word' id='word_1_582' title='bbox 2130 4131 2521 4195; x_wconf 85' lang='lat' dir='ltr'><strong>mendacium,</strong></span> <span class='ocrx_word' id='word_1_583' title='bbox 2575 4128 2798 4196; x_wconf 87' lang='lat' dir='ltr'><strong>impune</strong></span> <span class='ocrx_word' id='word_1_584' title='bbox 2856 4124 2917 4177; x_wconf 83' lang='lat' dir='ltr'><strong>ﬁt</strong></span> <span class='ocrx_word' id='word_1_585' title='bbox 2976 4122 3170 4183; x_wconf 65' lang='lat' dir='ltr'><strong>credes,</strong></span> <span class='ocrx_word' id='word_1_586' title='bbox 3217 4121 3393 4175; x_wconf 89' lang='lat' dir='ltr'><strong>aliena</strong></span> 
     </span>
    </p>
   </div>
   <div class='ocr_carea' id='block_1_86' title="bbox 1817 4209 3392 4295">
    <p class='ocr_par' dir='ltr' id='par_1_86' title="bbox 1817 4209 3392 4295">
     <span class='ocr_line' id='line_1_86' title="bbox 1817 4209 3392 4295; baseline -0.012 -14"><span class='ocrx_word' id='word_1_587' title='bbox 1817 4232 2131 4295; x_wconf 76' lang='lat' dir='ltr'><strong>expetentes</strong></span> <span class='ocrx_word' id='word_1_588' title='bbox 2159 4224 2212 4276; x_wconf 93' lang='lat' dir='ltr'><strong>in</strong></span> <span class='ocrx_word' id='word_1_589' title='bbox 2242 4228 2478 4275; x_wconf 84' lang='lat' dir='ltr'><strong>vestram</strong></span> <span class='ocrx_word' id='word_1_590' title='bbox 2510 4233 2623 4270; x_wconf 90' lang='lat' dir='ltr'><strong>rem</strong></span> <span class='ocrx_word' id='word_1_591' title='bbox 2642 4213 3134 4273; x_wconf 84' lang='lat' dir='ltr'><strong>convertitis.alter</strong></span> <span class='ocrx_word' id='word_1_592' title='bbox 3167 4209 3392 4263; x_wconf 90' lang='lat' dir='ltr'><strong>alterius</strong></span> 
     </span>
    </p>
   </div>
   <div class='ocr_carea' id='block_1_87' title="bbox 1820 4296 3393 4370">
    <p class='ocr_par' dir='ltr' id='par_1_87' title="bbox 1820 4296 3393 4370">
     <span class='ocr_line' id='line_1_87' title="bbox 1820 4296 3393 4370; baseline -0.013 0"><span class='ocrx_word' id='word_1_593' title='bbox 1820 4315 1977 4370; x_wconf 69' lang='lat' dir='ltr'><strong>uxori</strong></span> <span class='ocrx_word' id='word_1_594' title='bbox 2011 4311 2386 4367; x_wconf 86' lang='lat' dir='ltr'><strong>insidiamini:</strong></span> <span class='ocrx_word' id='word_1_595' title='bbox 2425 4309 2499 4360; x_wconf 89' lang='lat' dir='ltr'><strong>ita</strong></span> <span class='ocrx_word' id='word_1_596' title='bbox 2536 4314 2594 4360; x_wconf 89' lang='lat' dir='ltr'><strong>ut</strong></span> <span class='ocrx_word' id='word_1_597' title='bbox 2641 4304 2820 4357; x_wconf 89' lang='lat' dir='ltr'><strong>omnis</strong></span> <span class='ocrx_word' id='word_1_598' title='bbox 2870 4310 3015 4356; x_wconf 87' lang='lat' dir='ltr'><strong>terra</strong></span> <span class='ocrx_word' id='word_1_599' title='bbox 3069 4307 3253 4353; x_wconf 89' lang='lat' dir='ltr'><strong>vestra</strong></span> <span class='ocrx_word' id='word_1_600' title='bbox 3308 4296 3393 4350; x_wconf 88' lang='lat' dir='ltr'><strong>his</strong></span> 
     </span>
    </p>
   </div>
   <div class='ocr_carea' id='block_1_88' title="bbox 1824 4388 3394 4467">
    <p class='ocr_par' dir='ltr' id='par_1_88' title="bbox 1824 4388 3394 4467">
     <span class='ocr_line' id='line_1_88' title="bbox 1824 4388 3394 4467; baseline -0.016 -5"><span class='ocrx_word' id='word_1_601' title='bbox 1824 4404 2123 4462; x_wconf 86' lang='lat' dir='ltr'><strong>sceleribus</strong></span> <span class='ocrx_word' id='word_1_602' title='bbox 2165 4400 2448 4455; x_wconf 86' lang='lat' dir='ltr'><strong>redundet.</strong></span> <span class='ocrx_word' id='word_1_603' title='bbox 2486 4395 2572 4467; x_wconf 84' lang='lat'><strong>[5]</strong></span> <span class='ocrx_word' id='word_1_604' title='bbox 2608 4394 2841 4462; x_wconf 86' lang='lat' dir='ltr'><strong>Propter</strong></span> <span class='ocrx_word' id='word_1_605' title='bbox 2870 4406 2989 4460; x_wconf 61' lang='lat' dir='ltr'><strong>quae</strong></span> <span class='ocrx_word' id='word_1_606' title='bbox 3026 4388 3235 4457; x_wconf 82' lang='lat'><strong>1327</strong></span> <span class='ocrx_word' id='word_1_607' title='bbox 3272 4394 3394 4439; x_wconf 83' lang='lat' dir='ltr'><strong>tan—</strong></span> 
     </span>
    </p>
   </div>
   <div class='ocr_carea' id='block_1_89' title="bbox 137 4479 1696 4577">
    <p class='ocr_par' dir='ltr' id='par_1_89' title="bbox 137 4499 1692 4577">
     <span class='ocr_line' id='line_1_89' title="bbox 137 4499 1692 4577; baseline -0.01 -13"><span class='ocrx_word' id='word_1_608' title='bbox 137 4511 404 4566; x_wconf 75' lang='grc' dir='ltr'>τοσοῦτον</span> <span class='ocrx_word' id='word_1_609' title='bbox 423 4510 467 4541; x_wconf 71' lang='grc' dir='ltr'>θ’</span> <span class='ocrx_word' id='word_1_610' title='bbox 502 4506 775 4577; x_wconf 87' lang='grc' dir='ltr'>πολεμίων</span> <span class='ocrx_word' id='word_1_611' title='bbox 802 4506 929 4576; x_wconf 79' lang='grc' dir='ltr'>ὑμῖν</span> <span class='ocrx_word' id='word_1_612' title='bbox 954 4501 1139 4567; x_wconf 76' lang='grc' dir='ltr'>ἐπάξω</span> <span class='ocrx_word' id='word_1_613' title='bbox 1169 4499 1395 4571; x_wconf 83' lang='grc' dir='ltr'>πλῆθος,</span> <span class='ocrx_word' id='word_1_614' title='bbox 1420 4499 1494 4560; x_wconf 83' lang='grc' dir='ltr'>ὡς</span> <span class='ocrx_word' id='word_1_615' title='bbox 1524 4513 1692 4550; x_wconf 87' lang='grc' dir='ltr'>παντε</span> 
     </span>
    </p>
   </div>
   <div class='ocr_carea' id='block_1_90' title="bbox 1805 4479 3395 4577">
    <p class='ocr_par' dir='ltr' id='par_1_90' title="bbox 1825 4479 3395 4553">
     <span class='ocr_line' id='line_1_90' title="bbox 1825 4479 3395 4553; baseline -0.016 -2"><span class='ocrx_word' id='word_1_616' title='bbox 1825 4506 1934 4553; x_wconf 90' lang='lat' dir='ltr'><strong>tam</strong></span> <span class='ocrx_word' id='word_1_617' title='bbox 1989 4493 2233 4548; x_wconf 85' lang='lat' dir='ltr'><strong>hostium</strong></span> <span class='ocrx_word' id='word_1_618' title='bbox 2296 4486 2704 4542; x_wconf 89' lang='lat' dir='ltr'><strong>multitudinem</strong></span> <span class='ocrx_word' id='word_1_619' title='bbox 2767 4482 2922 4536; x_wconf 89' lang='lat' dir='ltr'><strong>vobis</strong></span> <span class='ocrx_word' id='word_1_620' title='bbox 2986 4479 3295 4539; x_wconf 83' lang='lat' dir='ltr'><strong>immittam,</strong></span> <span class='ocrx_word' id='word_1_621' title='bbox 3337 4484 3395 4528; x_wconf 88' lang='lat' dir='ltr'><strong>ut</strong></span> 
     </span>
    </p>
   </div>
   <div class='ocr_carea' id='block_1_91' title="bbox 140 4589 1718 4670">
    <p class='ocr_par' dir='ltr' id='par_1_91' title="bbox 140 4589 1718 4670">
     <span class='ocr_line' id='line_1_91' title="bbox 140 4589 1718 4670; baseline -0.01 -16"><span class='ocrx_word' id='word_1_622' title='bbox 140 4600 253 4667; x_wconf 77' lang='grc' dir='ltr'><strong>λῶς</strong></span> <span class='ocrx_word' id='word_1_623' title='bbox 281 4596 675 4670; x_wconf 82' lang='grc' dir='ltr'>δαπανηθῆναι,</span> <span class='ocrx_word' id='word_1_624' title='bbox 709 4598 770 4651; x_wconf 84' lang='grc' dir='ltr'>ού</span> <span class='ocrx_word' id='word_1_625' title='bbox 805 4597 962 4667; x_wconf 89' lang='grc' dir='ltr'>μόνον</span> <span class='ocrx_word' id='word_1_626' title='bbox 1004 4596 1128 4656; x_wconf 78' lang='grc' dir='ltr'>τοὺς</span> <span class='ocrx_word' id='word_1_627' title='bbox 1160 4591 1388 4664; x_wconf 75' lang='grc' dir='ltr'>εὐπορίᾳ</span> <span class='ocrx_word' id='word_1_628' title='bbox 1421 4589 1718 4654; x_wconf 78' lang='grc' dir='ltr'>συζῶντας,</span> 
     </span>
    </p>
   </div>
   <div class='ocr_carea' id='block_1_92' title="bbox 139 4677 1722 4761">
    <p class='ocr_par' dir='ltr' id='par_1_92' title="bbox 139 4677 1722 4761">
     <span class='ocr_line' id='line_1_92' title="bbox 139 4677 1722 4761; baseline -0.011 -15"><span class='ocrx_word' id='word_1_629' title='bbox 139 4693 243 4747; x_wconf 69' lang='lat' dir='ltr'><strong>atat</strong></span> <span class='ocrx_word' id='word_1_630' title='bbox 282 4690 491 4761; x_wconf 87' lang='grc' dir='ltr'>θηρίων</span> <span class='ocrx_word' id='word_1_631' title='bbox 536 4689 692 4759; x_wconf 87' lang='grc' dir='ltr'>δίκην</span> <span class='ocrx_word' id='word_1_632' title='bbox 750 4686 846 4739; x_wconf 74' lang='grc' dir='ltr'>καὶ</span> <span class='ocrx_word' id='word_1_633' title='bbox 899 4683 1147 4755; x_wconf 79' lang='grc' dir='ltr'>ἑρπετῶν</span> <span class='ocrx_word' id='word_1_634' title='bbox 1201 4684 1312 4744; x_wconf 89' lang='grc' dir='ltr'>τοῖς</span> <span class='ocrx_word' id='word_1_635' title='bbox 1375 4677 1722 4748; x_wconf 81' lang='grc' dir='ltr'>πενεστέροις</span> 
     </span>
    </p>
   </div>
   <div class='ocr_carea' id='block_1_93' title="bbox 140 4771 1724 4847">
    <p class='ocr_par' dir='ltr' id='par_1_93' title="bbox 140 4771 1724 4847">
     <span class='ocr_line' id='line_1_93' title="bbox 140 4771 1724 4847; baseline -0.012 -8"><span class='ocrx_word' id='word_1_636' title='bbox 140 4784 427 4845; x_wconf 72' lang='grc' dir='ltr'>ἐπιόντας,</span> <span class='ocrx_word' id='word_1_637' title='bbox 456 4780 549 4836; x_wconf 73' lang='grc' dir='ltr'><strong>καὶ</strong></span> <span class='ocrx_word' id='word_1_638' title='bbox 572 4777 681 4833; x_wconf 79' lang='grc' dir='ltr'>οἷόν</span> <span class='ocrx_word' id='word_1_639' title='bbox 712 4795 824 4831; x_wconf 86' lang='grc' dir='ltr'>τισι</span> <span class='ocrx_word' id='word_1_640' title='bbox 858 4779 1074 4847; x_wconf 87' lang='grc' dir='ltr'>πτεροῖς</span> <span class='ocrx_word' id='word_1_641' title='bbox 1093 4777 1158 4846; x_wconf 80' lang='grc' dir='ltr'>τῇ</span> <span class='ocrx_word' id='word_1_642' title='bbox 1197 4771 1488 4842; x_wconf 82' lang='grc' dir='ltr'>δυναστείᾳ</span> <span class='ocrx_word' id='word_1_643' title='bbox 1518 4787 1724 4839; x_wconf 82' lang='grc' dir='ltr'>κεχρη-</span> 
     </span>
    </p>
   </div>
   <div class='ocr_carea' id='block_1_94' title="bbox 144 4860 1724 4947">
    <p class='ocr_par' dir='ltr' id='par_1_94' title="bbox 144 4860 1724 4947">
     <span class='ocr_line' id='line_1_94' title="bbox 144 4860 1724 4947; baseline -0.013 -19"><span class='ocrx_word' id='word_1_644' title='bbox 144 4874 354 4947; x_wconf 85' lang='grc' dir='ltr'>μένους</span> <span class='ocrx_word' id='word_1_645' title='bbox 374 4889 388 4904; x_wconf 90' lang='grc'><strong>·</strong></span> <span class='ocrx_word' id='word_1_646' title='bbox 423 4870 559 4925; x_wconf 82' lang='grc' dir='ltr'>ἀλλὰ</span> <span class='ocrx_word' id='word_1_647' title='bbox 588 4871 681 4923; x_wconf 72' lang='grc' dir='ltr'><strong>καὶ</strong></span> <span class='ocrx_word' id='word_1_648' title='bbox 708 4870 838 4931; x_wconf 84' lang='grc' dir='ltr'>τοὺς</span> <span class='ocrx_word' id='word_1_649' title='bbox 863 4867 1056 4929; x_wconf 79' lang='grc' dir='ltr'>ἄλλους</span> <span class='ocrx_word' id='word_1_650' title='bbox 1086 4865 1351 4926; x_wconf 76' lang='grc' dir='ltr'>ἅπαντας,</span> <span class='ocrx_word' id='word_1_651' title='bbox 1382 4862 1430 4914; x_wconf 86' lang='grc' dir='ltr'><strong>οἳ</strong></span> <span class='ocrx_word' id='word_1_652' title='bbox 1471 4860 1724 4927; x_wconf 85' lang='grc' dir='ltr'>καθάπερ</span> 
     </span>
    </p>
   </div>
   <div class='ocr_carea' id='block_1_95' title="bbox 139 4951 1725 5036">
    <p class='ocr_par' dir='ltr' id='par_1_95' title="bbox 139 4951 1725 5036">
     <span class='ocr_line' id='line_1_95' title="bbox 139 4951 1725 5036; baseline -0.013 -16"><span class='ocrx_word' id='word_1_653' title='bbox 139 4966 295 5029; x_wconf 78' lang='grc' dir='ltr'>τινὲς</span> <span class='ocrx_word' id='word_1_654' title='bbox 335 4963 516 5036; x_wconf 80' lang='grc' dir='ltr'>ἰχθύες</span> <span class='ocrx_word' id='word_1_655' title='bbox 542 4963 889 5032; x_wconf 85' lang='grc' dir='ltr'>διανήχοντοιι</span> <span class='ocrx_word' id='word_1_656' title='bbox 928 4959 1021 5010; x_wconf 81' lang='grc' dir='ltr'>τοῦ</span> <span class='ocrx_word' id='word_1_657' title='bbox 1055 4957 1170 5027; x_wconf 86' lang='grc' dir='ltr'>βίου</span> <span class='ocrx_word' id='word_1_658' title='bbox 1203 4956 1263 5008; x_wconf 77' lang='grc' dir='ltr'>τὸ</span> <span class='ocrx_word' id='word_1_659' title='bbox 1305 4954 1558 5019; x_wconf 80' lang='grc' dir='ltr'>πέλαγος.</span> <span class='ocrx_word' id='word_1_660' title='bbox 1585 4951 1725 5020; x_wconf 86' lang='grc' dir='ltr'><strong>Τρο-</strong></span> 
     </span>
    </p>
   </div>
   <div class='ocr_carea' id='block_1_96' title="bbox 142 5039 1725 5126">
    <p class='ocr_par' dir='ltr' id='par_1_96' title="bbox 142 5039 1725 5126">
     <span class='ocr_line' id='line_1_96' title="bbox 142 5039 1725 5126; baseline -0.013 -14"><span class='ocrx_word' id='word_1_661' title='bbox 142 5057 335 5120; x_wconf 85' lang='grc' dir='ltr'>πικῶς</span> <span class='ocrx_word' id='word_1_662' title='bbox 378 5057 490 5126; x_wconf 75' lang='grc' dir='ltr'>γὰρ</span> <span class='ocrx_word' id='word_1_663' title='bbox 536 5054 701 5125; x_wconf 89' lang='grc' dir='ltr'>θηρία</span> <span class='ocrx_word' id='word_1_664' title='bbox 750 5052 880 5122; x_wconf 76' lang='grc' dir='ltr'>μὲν,</span> <span class='ocrx_word' id='word_1_665' title='bbox 936 5050 1032 5103; x_wconf 66' lang='grc' dir='ltr'>καὶ</span> <span class='ocrx_word' id='word_1_666' title='bbox 1078 5045 1294 5116; x_wconf 77' lang='grc' dir='ltr'>ἑρπετὰ</span> <span class='ocrx_word' id='word_1_667' title='bbox 1333 5044 1432 5097; x_wconf 81' lang='grc' dir='ltr'><strong>καὶ</strong></span> <span class='ocrx_word' id='word_1_668' title='bbox 1463 5039 1725 5102; x_wconf 81' lang='grc' dir='ltr'>πετεινὰ,</span> 
     </span>
    </p>
   </div>
   <div class='ocr_carea' id='block_1_97' title="bbox 142 5134 1729 5212">
    <p class='ocr_par' dir='ltr' id='par_1_97' title="bbox 142 5134 1729 5212">
     <span class='ocr_line' id='line_1_97' title="bbox 142 5134 1729 5212; baseline -0.014 -9"><span class='ocrx_word' id='word_1_669' title='bbox 142 5151 280 5212; x_wconf 68' lang='grc' dir='ltr'>τοὺς</span> <span class='ocrx_word' id='word_1_670' title='bbox 304 5145 573 5206; x_wconf 79' lang='grc' dir='ltr'>δυνατοὺς</span> <span class='ocrx_word' id='word_1_671' title='bbox 610 5141 1074 5212; x_wconf 83' lang='grc' dir='ltr'>προσηγόρευσεν,</span> <span class='ocrx_word' id='word_1_672' title='bbox 1108 5136 1316 5204; x_wconf 71' lang='grc' dir='ltr'>ἰχθύας</span> <span class='ocrx_word' id='word_1_673' title='bbox 1341 5134 1395 5186; x_wconf 76' lang='grc' dir='ltr'>δὲ</span> <span class='ocrx_word' id='word_1_674' title='bbox 1421 5134 1546 5195; x_wconf 74' lang='grc' dir='ltr'>τοὺς</span> <span class='ocrx_word' id='word_1_675' title='bbox 1572 5147 1729 5183; x_wconf 88' lang='grc' dir='ltr'>πενε-</span> 
     </span>
    </p>
   </div>
   <div class='ocr_carea' id='block_1_98' title="bbox 147 5223 1727 5309">
    <p class='ocr_par' dir='ltr' id='par_1_98' title="bbox 147 5223 1727 5309">
     <span class='ocr_line' id='line_1_98' title="bbox 147 5223 1727 5309; baseline -0.011 -17"><span class='ocrx_word' id='word_1_676' title='bbox 147 5239 383 5309; x_wconf 86' lang='grc' dir='ltr'>στέρους</span> <span class='ocrx_word' id='word_1_677' title='bbox 437 5234 710 5304; x_wconf 83' lang='grc' dir='ltr'>ὠνόμασε.</span> <span class='ocrx_word' id='word_1_678' title='bbox 761 5230 966 5283; x_wconf 73' lang='grc' dir='ltr'>Τούτου</span> <span class='ocrx_word' id='word_1_679' title='bbox 1024 5229 1113 5291; x_wconf 82' lang='grc' dir='ltr'><strong>δὲ,</strong></span> <span class='ocrx_word' id='word_1_680' title='bbox 1178 5227 1351 5295; x_wconf 75' lang='grc' dir='ltr'>φησὶ,</span> <span class='ocrx_word' id='word_1_681' title='bbox 1412 5223 1727 5292; x_wconf 83' lang='grc' dir='ltr'>γενομένου,</span> 
     </span>
    </p>
   </div>
   <div class='ocr_carea' id='block_1_99' title="bbox 147 5315 1729 5402">
    <p class='ocr_par' dir='ltr' id='par_1_99' title="bbox 147 5315 1729 5402">
     <span class='ocr_line' id='line_1_99' title="bbox 147 5315 1729 5402; baseline -0.014 -16"><span class='ocrx_word' id='word_1_682' title='bbox 147 5333 365 5402; x_wconf 73' lang='grc' dir='ltr'>ἔρημος</span> <span class='ocrx_word' id='word_1_683' title='bbox 402 5329 434 5398; x_wconf 83' lang='grc' dir='ltr'>ἡ</span> <span class='ocrx_word' id='word_1_684' title='bbox 476 5327 550 5396; x_wconf 81' lang='grc' dir='ltr'>γῆ</span> <span class='ocrx_word' id='word_1_685' title='bbox 596 5325 690 5379; x_wconf 70' lang='grc' dir='ltr'>καὶ</span> <span class='ocrx_word' id='word_1_686' title='bbox 732 5323 841 5378; x_wconf 89' lang='grc' dir='ltr'><strong>τῶν</strong></span> <span class='ocrx_word' id='word_1_687' title='bbox 880 5322 1210 5386; x_wconf 76' lang='grc' dir='ltr'>δικαζόντων</span> <span class='ocrx_word' id='word_1_688' title='bbox 1246 5319 1340 5372; x_wconf 78' lang='grc' dir='ltr'>καὶ</span> <span class='ocrx_word' id='word_1_689' title='bbox 1383 5315 1489 5370; x_wconf 86' lang='grc' dir='ltr'><strong>τῶν</strong></span> <span class='ocrx_word' id='word_1_690' title='bbox 1514 5316 1729 5378; x_wconf 74' lang='grc' dir='ltr'>δικαζο-</span> 
     </span>
    </p>
   </div>
   <div class='ocr_carea' id='block_1_100' title="bbox 151 5403 1734 5496">
    <p class='ocr_par' dir='ltr' id='par_1_100' title="bbox 151 5403 1734 5496">
     <span class='ocr_line' id='line_1_100' title="bbox 151 5403 1734 5496; baseline -0.014 -19"><span class='ocrx_word' id='word_1_691' title='bbox 151 5424 337 5496; x_wconf 79' lang='grc' dir='ltr'>μένων</span> <span class='ocrx_word' id='word_1_692' title='bbox 388 5419 698 5491; x_wconf 79' lang='grc' dir='ltr'>γενήσεται.</span> <span class='ocrx_word' id='word_1_693' title='bbox 752 5435 769 5466; x_wconf 78' lang='grc' dir='ltr'><strong>ι</strong></span> <span class='ocrx_word' id='word_1_694' title='bbox 826 5417 883 5465; x_wconf 85' lang='lat'><strong>&#39;0</strong></span> <span class='ocrx_word' id='word_1_695' title='bbox 929 5414 983 5466; x_wconf 79' lang='grc' dir='ltr'>δὲ</span> <span class='ocrx_word' id='word_1_696' title='bbox 1036 5413 1162 5474; x_wconf 79' lang='grc' dir='ltr'>λαός</span> <span class='ocrx_word' id='word_1_697' title='bbox 1216 5427 1355 5480; x_wconf 85' lang='grc' dir='ltr'>μου,</span> <span class='ocrx_word' id='word_1_698' title='bbox 1408 5407 1609 5478; x_wconf 74' lang='grc' dir='ltr'>φησὶν,</span> <span class='ocrx_word' id='word_1_699' title='bbox 1658 5403 1734 5466; x_wconf 82' lang='grc' dir='ltr'><strong>ὡς</strong></span> 
     </span>
    </p>
   </div>
   <div class='ocr_carea' id='block_1_101' title="bbox 1827 4567 3392 4652">
    <p class='ocr_par' dir='ltr' id='par_1_101' title="bbox 1827 4567 3392 4652">
     <span class='ocr_line' id='line_1_101' title="bbox 1827 4567 3392 4652; baseline -0.015 -10"><span class='ocrx_word' id='word_1_700' title='bbox 1827 4587 2083 4643; x_wconf 86' lang='lat' dir='ltr'><strong>funditus</strong></span> <span class='ocrx_word' id='word_1_701' title='bbox 2129 4588 2374 4652; x_wconf 86' lang='lat' dir='ltr'><strong>pereant,</strong></span> <span class='ocrx_word' id='word_1_702' title='bbox 2413 4592 2521 4633; x_wconf 93' lang='lat' dir='ltr'><strong>non</strong></span> <span class='ocrx_word' id='word_1_703' title='bbox 2560 4575 2738 4631; x_wconf 90' lang='lat' dir='ltr'><strong>solum</strong></span> <span class='ocrx_word' id='word_1_704' title='bbox 2773 4573 2867 4642; x_wconf 86' lang='lat' dir='ltr'><strong>qui</strong></span> <span class='ocrx_word' id='word_1_705' title='bbox 2900 4569 3111 4624; x_wconf 86' lang='lat' dir='ltr'><strong>divitiis</strong></span> <span class='ocrx_word' id='word_1_706' title='bbox 3150 4567 3392 4630; x_wconf 76' lang='lat' dir='ltr'><strong>afﬂuunt,</strong></span> 
     </span>
    </p>
   </div>
   <div class='ocr_carea' id='block_1_102' title="bbox 1830 4657 3396 4741">
    <p class='ocr_par' dir='ltr' id='par_1_102' title="bbox 1830 4657 3396 4741">
     <span class='ocr_line' id='line_1_102' title="bbox 1830 4657 3396 4741; baseline -0.015 -8"><span class='ocrx_word' id='word_1_707' title='bbox 1830 4695 1895 4735; x_wconf 90' lang='lat' dir='ltr'><strong>ac</strong></span> <span class='ocrx_word' id='word_1_708' title='bbox 1932 4681 2172 4733; x_wconf 88' lang='lat' dir='ltr'><strong>ferarum</strong></span> <span class='ocrx_word' id='word_1_709' title='bbox 2207 4682 2261 4729; x_wconf 90' lang='lat' dir='ltr'><strong>et</strong></span> <span class='ocrx_word' id='word_1_710' title='bbox 2289 4670 2570 4741; x_wconf 88' lang='lat' dir='ltr'><strong>reptilium</strong></span> <span class='ocrx_word' id='word_1_711' title='bbox 2618 4681 2771 4721; x_wconf 89' lang='lat' dir='ltr'><strong>more</strong></span> <span class='ocrx_word' id='word_1_712' title='bbox 2816 4676 3083 4734; x_wconf 86' lang='lat' dir='ltr'><strong>pauperes</strong></span> <span class='ocrx_word' id='word_1_713' title='bbox 3115 4657 3396 4719; x_wconf 86' lang='lat' dir='ltr'><strong>Invadunt,</strong></span> 
     </span>
    </p>
   </div>
   <div class='ocr_carea' id='block_1_103' title="bbox 1830 4760 3399 4838">
    <p class='ocr_par' dir='ltr' id='par_1_103' title="bbox 1830 4760 3399 4838">
     <span class='ocr_line' id='line_1_103' title="bbox 1830 4760 3399 4838; baseline -0.017 -10"><span class='ocrx_word' id='word_1_714' title='bbox 1830 4782 1885 4829; x_wconf 87' lang='lat' dir='ltr'><strong>et</strong></span> <span class='ocrx_word' id='word_1_715' title='bbox 1912 4770 2074 4826; x_wconf 83' lang='lat' dir='ltr'><strong>veluti</strong></span> <span class='ocrx_word' id='word_1_716' title='bbox 2100 4767 2429 4838; x_wconf 88' lang='lat' dir='ltr'><strong>quibusdam</strong></span> <span class='ocrx_word' id='word_1_717' title='bbox 2456 4762 2559 4815; x_wconf 91' lang='lat' dir='ltr'><strong>alis</strong></span> <span class='ocrx_word' id='word_1_718' title='bbox 2580 4760 2777 4813; x_wconf 88' lang='lat' dir='ltr'><strong>robore</strong></span> <span class='ocrx_word' id='word_1_719' title='bbox 2799 4770 2898 4811; x_wconf 91' lang='lat' dir='ltr'><strong>suo</strong></span> <span class='ocrx_word' id='word_1_720' title='bbox 2921 4762 3151 4808; x_wconf 88' lang='lat' dir='ltr'><strong>utuntur</strong></span> <span class='ocrx_word' id='word_1_721' title='bbox 3173 4770 3187 4804; x_wconf 83' lang='lat'><strong>;</strong></span> <span class='ocrx_word' id='word_1_722' title='bbox 3213 4764 3399 4805; x_wconf 89' lang='lat' dir='ltr'><strong>verum</strong></span> 
     </span>
    </p>
   </div>
   <div class='ocr_carea' id='block_1_104' title="bbox 1832 4841 3404 4922">
    <p class='ocr_par' dir='ltr' id='par_1_104' title="bbox 1832 4841 3404 4922">
     <span class='ocr_line' id='line_1_104' title="bbox 1832 4841 3404 4922; baseline -0.015 -6"><span class='ocrx_word' id='word_1_723' title='bbox 1832 4863 1995 4917; x_wconf 87' lang='lat' dir='ltr'><strong>etiam</strong></span> <span class='ocrx_word' id='word_1_724' title='bbox 2025 4873 2215 4912; x_wconf 87' lang='lat' dir='ltr'><strong>omnes</strong></span> <span class='ocrx_word' id='word_1_725' title='bbox 2248 4855 2359 4918; x_wconf 89' lang='lat' dir='ltr'><strong>alii,</strong></span> <span class='ocrx_word' id='word_1_726' title='bbox 2401 4850 2493 4922; x_wconf 89' lang='lat' dir='ltr'><strong>qui</strong></span> <span class='ocrx_word' id='word_1_727' title='bbox 2540 4859 2599 4903; x_wconf 89' lang='lat' dir='ltr'><strong>ut</strong></span> <span class='ocrx_word' id='word_1_728' title='bbox 2651 4848 2831 4917; x_wconf 89' lang='lat' dir='ltr'><strong>pisces</strong></span> <span class='ocrx_word' id='word_1_729' title='bbox 2879 4844 3135 4912; x_wconf 79' lang='lat' dir='ltr'><strong>navigant</strong></span> <span class='ocrx_word' id='word_1_730' title='bbox 3173 4841 3228 4894; x_wconf 93' lang='lat' dir='ltr'><strong>in</strong></span> <span class='ocrx_word' id='word_1_731' title='bbox 3280 4841 3404 4893; x_wconf 81' lang='lat' dir='ltr'><strong>vitae</strong></span> 
     </span>
    </p>
   </div>
   <div class='ocr_carea' id='block_1_105' title="bbox 1835 4934 3404 5025">
    <p class='ocr_par' dir='ltr' id='par_1_105' title="bbox 1835 4934 3404 5025">
     <span class='ocr_line' id='line_1_105' title="bbox 1835 4934 3404 5025; baseline -0.015 -18"><span class='ocrx_word' id='word_1_732' title='bbox 1835 4953 2045 5025; x_wconf 76' lang='lat' dir='ltr'><strong>pelago.</strong></span> <span class='ocrx_word' id='word_1_733' title='bbox 2079 4949 2311 5017; x_wconf 87' lang='lat' dir='ltr'><strong>Tropice</strong></span> <span class='ocrx_word' id='word_1_734' title='bbox 2340 4946 2511 5007; x_wconf 90' lang='lat' dir='ltr'><strong>enim,</strong></span> <span class='ocrx_word' id='word_1_735' title='bbox 2548 4940 2758 5008; x_wconf 78' lang='lat' dir='ltr'><strong>reptilia</strong></span> <span class='ocrx_word' id='word_1_736' title='bbox 2789 4947 2838 4992; x_wconf 83' lang='lat' dir='ltr'><strong>et</strong></span> <span class='ocrx_word' id='word_1_737' title='bbox 2876 4934 3116 4991; x_wconf 81' lang='lat' dir='ltr'><strong>volatilia</strong></span> <span class='ocrx_word' id='word_1_738' title='bbox 3154 4940 3404 5003; x_wconf 81' lang='lat' dir='ltr'><strong>potentes</strong></span> 
     </span>
    </p>
   </div>
   <div class='ocr_carea' id='block_1_106' title="bbox 1839 5021 3403 5105">
    <p class='ocr_par' dir='ltr' id='par_1_106' title="bbox 1839 5021 3403 5105">
     <span class='ocr_line' id='line_1_106' title="bbox 1839 5021 3403 5105; baseline -0.015 -10"><span class='ocrx_word' id='word_1_739' title='bbox 1839 5021 2095 5103; x_wconf 77' lang='lat' dir='ltr'><strong>vocavit;</strong></span> <span class='ocrx_word' id='word_1_740' title='bbox 2129 5037 2295 5105; x_wconf 79' lang='lat' dir='ltr'><strong>pisces</strong></span> <span class='ocrx_word' id='word_1_741' title='bbox 2341 5047 2472 5087; x_wconf 89' lang='lat' dir='ltr'><strong>vero</strong></span> <span class='ocrx_word' id='word_1_742' title='bbox 2530 5030 2722 5098; x_wconf 89' lang='lat' dir='ltr'><strong>inopes</strong></span> <span class='ocrx_word' id='word_1_743' title='bbox 2784 5027 3035 5080; x_wconf 84' lang='lat' dir='ltr'><strong>homines</strong></span> <span class='ocrx_word' id='word_1_744' title='bbox 3091 5021 3403 5092; x_wconf 85' lang='lat' dir='ltr'><strong>appellavit.</strong></span> 
     </span>
    </p>
   </div>
   <div class='ocr_carea' id='block_1_107' title="bbox 1840 5111 3407 5202">
    <p class='ocr_par' dir='ltr' id='par_1_107' title="bbox 1840 5111 3407 5202">
     <span class='ocr_line' id='line_1_107' title="bbox 1840 5111 3407 5202; baseline -0.013 -18"><span class='ocrx_word' id='word_1_745' title='bbox 1840 5131 1917 5202; x_wconf 63' lang='grc'><strong>[4,</strong></span> <span class='ocrx_word' id='word_1_746' title='bbox 1947 5128 2003 5199; x_wconf 79' lang='grc'><strong>5]</strong></span> <span class='ocrx_word' id='word_1_747' title='bbox 2040 5128 2097 5181; x_wconf 89' lang='lat' dir='ltr'><strong>Id</strong></span> <span class='ocrx_word' id='word_1_748' title='bbox 2147 5135 2327 5179; x_wconf 86' lang='lat' dir='ltr'><strong>autem</strong></span> <span class='ocrx_word' id='word_1_749' title='bbox 2369 5123 2413 5177; x_wconf 90' lang='lat' dir='ltr'><strong>si</strong></span> <span class='ocrx_word' id='word_1_750' title='bbox 2459 5120 2573 5183; x_wconf 78' lang='lat' dir='ltr'><strong>fiet,</strong></span> <span class='ocrx_word' id='word_1_751' title='bbox 2609 5119 2809 5187; x_wconf 82' lang='lat' dir='ltr'><strong>inquit,</strong></span> <span class='ocrx_word' id='word_1_752' title='bbox 2845 5125 2990 5170; x_wconf 85' lang='lat' dir='ltr'><strong>terra</strong></span> <span class='ocrx_word' id='word_1_753' title='bbox 3034 5111 3407 5182; x_wconf 71' lang='lat' dir='ltr'><strong>iudicantibus</strong></span> 
     </span>
    </p>
   </div>
   <div class='ocr_carea' id='block_1_108' title="bbox 1838 5207 3405 5289">
    <p class='ocr_par' dir='ltr' id='par_1_108' title="bbox 1838 5207 3405 5289">
     <span class='ocr_line' id='line_1_108' title="bbox 1838 5207 3405 5289; baseline -0.014 -13"><span class='ocrx_word' id='word_1_754' title='bbox 1838 5232 1890 5276; x_wconf 90' lang='lat' dir='ltr'><strong>et</strong></span> <span class='ocrx_word' id='word_1_755' title='bbox 1923 5219 2269 5289; x_wconf 79' lang='lat' dir='ltr'><strong>litigantibus</strong></span> <span class='ocrx_word' id='word_1_756' title='bbox 2301 5214 2653 5270; x_wconf 88' lang='lat' dir='ltr'><strong>destituctur.</strong></span> <span class='ocrx_word' id='word_1_757' title='bbox 2694 5228 2711 5260; x_wconf 80' lang='grc' dir='ltr'><strong>ι</strong></span> <span class='ocrx_word' id='word_1_758' title='bbox 2744 5207 2987 5278; x_wconf 87' lang='lat' dir='ltr'><strong>Populus</strong></span> <span class='ocrx_word' id='word_1_759' title='bbox 3016 5211 3195 5258; x_wconf 89' lang='lat' dir='ltr'><strong>autem</strong></span> <span class='ocrx_word' id='word_1_760' title='bbox 3229 5216 3405 5263; x_wconf 87' lang='lat' dir='ltr'><strong>meus,</strong></span> 
     </span>
    </p>
   </div>
   <div class='ocr_carea' id='block_1_109' title="bbox 1841 5292 3409 5382">
    <p class='ocr_par' dir='ltr' id='par_1_109' title="bbox 1841 5292 3409 5382">
     <span class='ocr_line' id='line_1_109' title="bbox 1841 5292 3409 5382; baseline -0.017 -15"><span class='ocrx_word' id='word_1_761' title='bbox 1841 5313 2039 5382; x_wconf 86' lang='lat' dir='ltr'><strong>inquit,</strong></span> <span class='ocrx_word' id='word_1_762' title='bbox 2065 5310 2219 5379; x_wconf 77' lang='lat' dir='ltr'><strong>quasi</strong></span> <span class='ocrx_word' id='word_1_763' title='bbox 2262 5304 2521 5361; x_wconf 87' lang='lat' dir='ltr'><strong>sacerdos</strong></span> <span class='ocrx_word' id='word_1_764' title='bbox 2560 5303 2647 5356; x_wconf 86' lang='lat' dir='ltr'><strong>cui</strong></span> <span class='ocrx_word' id='word_1_765' title='bbox 2686 5297 3126 5354; x_wconf 86' lang='lat' dir='ltr'><strong>contradicitur:</strong></span> <span class='ocrx_word' id='word_1_766' title='bbox 3169 5301 3221 5347; x_wconf 90' lang='lat' dir='ltr'><strong>ct</strong></span> <span class='ocrx_word' id='word_1_767' title='bbox 3257 5292 3409 5345; x_wconf 68' lang='lat' dir='ltr'><strong>intir~</strong></span> 
     </span>
    </p>
   </div>
   <div class='ocr_carea' id='block_1_110' title="bbox 1845 5381 3408 5470">
    <p class='ocr_par' dir='ltr' id='par_1_110' title="bbox 1845 5381 3408 5470">
     <span class='ocr_line' id='line_1_110' title="bbox 1845 5381 3408 5470; baseline -0.017 -13"><span class='ocrx_word' id='word_1_768' title='bbox 1845 5381 2083 5457; x_wconf 83' lang='lat' dir='ltr'><strong>mahitur</strong></span> <span class='ocrx_word' id='word_1_769' title='bbox 2122 5416 2216 5470; x_wconf 84' lang='lat' dir='ltr'><strong>per</strong></span> <span class='ocrx_word' id='word_1_770' title='bbox 2242 5399 2410 5460; x_wconf 87' lang='lat' dir='ltr'><strong>diem,</strong></span> <span class='ocrx_word' id='word_1_771' title='bbox 2456 5402 2509 5450; x_wconf 89' lang='lat' dir='ltr'><strong>et</strong></span> <span class='ocrx_word' id='word_1_772' title='bbox 2536 5392 2906 5447; x_wconf 85' lang='lat' dir='ltr'><strong>intirmabitur</strong></span> <span class='ocrx_word' id='word_1_773' title='bbox 2937 5389 3096 5443; x_wconf 88' lang='lat' dir='ltr'><strong>etiam</strong></span> <span class='ocrx_word' id='word_1_774' title='bbox 3146 5381 3408 5454; x_wconf 80' lang='lat' dir='ltr'><strong>propheta</strong></span> 
     </span>
    </p>
   </div>
   <div class='ocr_carea' id='block_1_111' title="bbox 1450 5572 2120 5636">
    <p class='ocr_par' dir='ltr' id='par_1_111' title="bbox 1450 5572 2120 5636">
     <span class='ocr_line' id='line_1_111' title="bbox 1450 5572 2120 5636; baseline -0.012 0"><span class='ocrx_word' id='word_1_775' title='bbox 1450 5578 1681 5636; x_wconf 71' lang='lat' dir='ltr'><strong>VARIA‘J</strong></span> <span class='ocrx_word' id='word_1_776' title='bbox 1715 5572 2120 5631; x_wconf 66' lang='lat' dir='ltr'><strong>LEC&#39;l‘lUNES.</strong></span> 
     </span>
    </p>
   </div>
   <div class='ocr_carea' id='block_1_112' title="bbox 222 5688 2217 5787">
    <p class='ocr_par' dir='ltr' id='par_1_112' title="bbox 222 5688 2217 5787">
     <span class='ocr_line' id='line_1_112' title="bbox 222 5688 2217 5787; baseline -0.018 -11"><span class='ocrx_word' id='word_1_777' title='bbox 222 5721 275 5753; x_wconf 81' lang='lat'><em>&quot;</em></span> <span class='ocrx_word' id='word_1_778' title='bbox 315 5720 353 5774; x_wconf 73' lang='grc' dir='ltr'><strong>(Ζ</strong></span> <span class='ocrx_word' id='word_1_779' title='bbox 403 5718 661 5787; x_wconf 75' lang='grc' dir='ltr'><strong>Μωῡσῆς.</strong></span> <span class='ocrx_word' id='word_1_780' title='bbox 709 5717 753 5748; x_wconf 72' lang='grc'><strong>⁷³</strong></span> <span class='ocrx_word' id='word_1_781' title='bbox 824 5712 864 5767; x_wconf 89' lang='lat' dir='ltr'>C</span> <span class='ocrx_word' id='word_1_782' title='bbox 917 5707 1223 5777; x_wconf 78' lang='grc' dir='ltr'>Δαυῖδικῆς.</span> <span class='ocrx_word' id='word_1_783' title='bbox 1299 5705 1342 5735; x_wconf 76' lang='grc' dir='ltr'><strong>⁸ο</strong></span> <span class='ocrx_word' id='word_1_784' title='bbox 1395 5701 1434 5756; x_wconf 71' lang='lat' dir='ltr'><strong>tl</strong></span> <span class='ocrx_word' id='word_1_785' title='bbox 1488 5695 1858 5769; x_wconf 80' lang='grc' dir='ltr'>προθεσπίζει.</span> <span class='ocrx_word' id='word_1_786' title='bbox 1937 5693 1978 5725; x_wconf 75' lang='grc'><strong>⁸¹</strong></span> <span class='ocrx_word' id='word_1_787' title='bbox 2010 5690 2049 5744; x_wconf 90' lang='lat' dir='ltr'><strong>C</strong></span> <span class='ocrx_word' id='word_1_788' title='bbox 2081 5688 2217 5759; x_wconf 60' lang='grc' dir='ltr'>ὑμῶπ</span> 
     </span>
    </p>
   </div>
   <div class='ocr_carea' id='block_1_113' title="bbox 150 5794 423 5846">
    <p class='ocr_par' dir='ltr' id='par_1_113' title="bbox 150 5794 423 5846">
     <span class='ocr_line' id='line_1_113' title="bbox 150 5794 423 5846; baseline 0 -4"><span class='ocrx_word' id='word_1_789' title='bbox 150 5812 175 5842; x_wconf 64' lang='grc' dir='ltr'>ῖ</span> <span class='ocrx_word' id='word_1_790' title='bbox 186 5794 423 5846; x_wconf 71' lang='grc' dir='ltr'>οσϐύτων</span> 
     </span>
    </p>
   </div>
   <div class='ocr_carea' id='block_1_114' title="bbox 2360 5662 3408 5739">
    <p class='ocr_par' dir='ltr' id='par_1_114' title="bbox 2360 5662 3408 5739">
     <span class='ocr_line' id='line_1_114' title="bbox 2360 5662 3408 5739; baseline -0.02 -1"><span class='ocrx_word' id='word_1_791' title='bbox 2360 5688 2403 5719; x_wconf 76' lang='grc'><strong>⁸²</strong></span> <span class='ocrx_word' id='word_1_792' title='bbox 2446 5700 2554 5737; x_wconf 82' lang='grc' dir='ltr'>τοσ.</span> <span class='ocrx_word' id='word_1_793' title='bbox 2591 5683 2668 5733; x_wconf 90' lang='lat' dir='ltr'><strong>lla</strong></span> <span class='ocrx_word' id='word_1_794' title='bbox 2697 5691 2818 5733; x_wconf 91' lang='lat' dir='ltr'><strong>cum</strong></span> <span class='ocrx_word' id='word_1_795' title='bbox 2859 5673 2898 5728; x_wconf 92' lang='lat' dir='ltr'>C</span> <span class='ocrx_word' id='word_1_796' title='bbox 2945 5670 3193 5739; x_wconf 79' lang='lat' dir='ltr'><strong>legimus.</strong></span> <span class='ocrx_word' id='word_1_797' title='bbox 3240 5662 3408 5721; x_wconf 80' lang='lat' dir='ltr'><strong>Strm.</strong></span> 
     </span>
    </p>
   </div>
  </div>
