3912 6206
600 323 731 388 1371

1586 324 2077 387 THEODORETI
2103 328 2441 389 EPISCOPI
2478 328 2842 390 CYRENSIS
3666 345 3759 411 1572

595 453 719 491 cum
748 449 837 491 eo.
877 453 896 487 ι
929 432 1240 498 Sacerdoti,
1266 434 1466 504 inquit,
1491 438 1803 505 reprobate.
1835 444 1890 490 et
1928 438 2023 505 qui
2061 449 2151 491 sua

2269 439 2679 512 ἀντιλεγόμενος
2727 441 2906 512 ἱερεὺς
2929 482 2942 504 ,
3001 443 3093 495 καὶ
3124 444 3406 517 ἀσθενήσει
3452 451 3662 523 ἡμέρας,
3693 468 3760 516 καὶ

595 528 861 598 dignitate
897 526 1129 591 excidit,
1184 526 1394 582 similes
1424 526 1578 583 eritis
1601 568 1616 592 ,
1658 544 1776 584 mea
1825 530 2167 599 providentia

598 620 780 674 orbati
816 635 831 683 ;
858 631 922 671 ac
945 632 1042 684 per
1070 617 1277 673 multos
1312 615 1433 673 dies
1463 618 1517 672 in
1546 616 1686 674 hanc
1718 632 1891 674 meam
1922 617 2169 687 discipli-

597 726 725 766 nam
758 710 1073 776 tradentini,
1122 725 1229 766 una
1260 724 1386 765 cum
1422 709 1703 781 prophetis
1750 711 1844 781 qui
1880 709 2166 765 mendacia

597 803 752 859 vobis
810 802 1123 858 enuntiant.
1188 800 1510 871 Propheta»:
1557 802 1702 857 enim
1741 816 1893 857 nunc
1947 802 2167 857 vocavit

596 891 1155 960 pseudoprophetam,
1187 906 1251 946 ex
1285 891 1711 954 consuetudine,
1744 905 1868 960 quae
1894 890 2037 961 apud
2067 905 2165 946 eos

593 982 922 1059 invaluerat.
959 1002 978 1035 ι
1016 981 1081 1037 Ει
1110 982 1262 1038 nocti
1289 982 1591 1040 assimilavi
1618 990 1848 1042 matrem
1877 986 1894 1005 '
1935 991 2105 1040 tuam.
2138 1000 2158 1034 ι

593 1069 658 1125 Et
689 1070 897 1129 docens
920 1088 1091 1145 quam
1137 1082 1370 1129 matrem
1403 1081 1560 1129 vocet
1585 1091 1600 1128 :

661 1353 832 1410 Vsus.
890 1354 943 1411 6.
1014 1373 1032 1405 ι
1096 1353 1452 1409 Assimilatus
1504 1361 1610 1419 est,
1671 1352 1871 1424 inquit,
1924 1354 2162 1424 populus

589 1447 748 1516 quasi
780 1444 1068 1501 scientiam
1096 1459 1202 1497 non
1244 1443 1477 1498 habens.
1518 1463 1537 1496 ι
1591 1443 1729 1499 Nam
1759 1446 1887 1515 quia
1921 1446 1977 1500 in
2013 1454 2161 1500 tene-

590 1540 720 1593 bras
742 1537 1067 1607 ignorantiae
1089 1537 1303 1605 seipsos
1333 1535 1704 1603 tradiderunt,
1732 1546 1881 1593 utne
1908 1538 2160 1607 exiguam

586 1630 808 1696 quidem
840 1630 1017 1683 lucem
1049 1628 1273 1683 luminis
1304 1628 1372 1682 ad
1409 1616 1501 1683 Dei
1545 1629 1826 1684 notionem
1859 1629 2164 1702 perducen-

589 1725 660 1780 tis
691 1725 970 1792 suscipere
999 1722 1196 1786 velint,
1230 1722 1429 1775 merito
1463 1731 1858 1792 comparantur
1887 1724 2036 1778 nocti
2065 1722 2159 1793 qui

2270 532 2559 604 ἀσθενήσει
2626 534 2720 589 καὶ
2781 536 3068 607 προφήτης
3121 539 3236 607 μετ’
3285 539 3512 598 anteit”.
3556 564 3571 596 ι
3627 548 3756 621 Ἱερεί,

2269 624 2455 692 φησὶν,
2483 622 2736 694 ἀδοκίμῳ
2764 623 2984 693 φανέντι
3004 665 3019 690 ,
3061 629 3154 679 καὶ
3199 626 3296 691 τὰς
3321 629 3511 694 οἰκείας
3536 631 3667 700 ἀξίας
3692 640 3757 692 ὲκ.

2267 713 2580 767 πεπτωκότι
2631 714 3075 785 όμοιωθήσεσθε,
3127 717 3227 788 τῆς
3280 719 3414 790 ἐμῆς
3456 725 3758 791 γυμνωθέντες

2268 806 2549 876 προνοίας,
2583 807 2674 861 καὶ
2702 808 2795 860 ἐπὶ
2834 807 3056 873 πολλαῖς
3085 809 3143 863 δέ
3176 810 3410 883 ἡμέραις
3439 816 3590 886 ταύτῃ
3631 837 3741 892 παρα

2265 896 2558 966 δοθήσεσθε
2581 901 2648 969 τῇ
2677 899 2897 970 παιδείᾳ
2924 900 3020 953 σὺν
3046 903 3160 965 τοῖς
3198 902 3268 955 τά
3296 903 3464 975 ψευδῆ
3494 913 3759 981 προαγορεύ.

2274 1004 2430 1042 ουσιν
2463 989 2591 1059 ὑμῖν
2619 991 2948 1061 προφήταις.
2976 991 3303 1061 Προφήτην
3339 993 3441 1065 γὰρ
3462 994 3548 1050 νῦν
3574 999 3649 1053 τδν
3668 1001 3758 1069 ψευ-

2266 1079 2611 1151 δοπροφήτην
2657 1079 2978 1152 ὠνόμασεν,
3022 1083 3132 1135 ἀπὸ
3185 1083 3287 1153 τῆς
3328 1086 3634 1157 κατεχούσης
3665 1094 3756 1164 παρ’

2265 1170 2449 1235 αὐτοῖς
2491 1171 2796 1243 συνηθείας.
2837 1190 2857 1225 ι
2892 1174 3004 1229 Καὶ
3021 1174 3069 1206 εδ
3111 1175 3269 1228 νυκτὶ
3300 1175 3545 1247 ὡμοίωσα
3583 1180 3662 1253 τὴν
3690 1201 3757 1254 μη-

2263 1263 2396 1334 τέρα
2423 1280 2538 1318 σου.
2569 1282 2591 1318 ι
2625 1265 2732 1319 Καὶ
2760 1266 2976 1330 δεικνὺς
3006 1269 3129 1322 τίνα
3157 1268 3371 1341 μητέρα
3398 1270 3572 1337 καλεῖ,

2335 1358 2409 1416 ς’.
2453 1371 2472 1407 ι
2520 1353 2810 1426 Ὡμοιώθη,
2839 1356 3026 1426 φησιν,
3064 1359 3093 1410 ό
3120 1357 3250 1421 λαός
3286 1376 3406 1428 μου,
3432 1359 3502 1423 ὼς
3541 1362 3627 1417 οὐκ
3659 1363 3753 1435 ἔχων

2262 1444 2558 1513 ἐπίγνωσιν
2572 1445 2640 1499 ⁸⁸.
2675 1464 2693 1499 ι
2745 1446 2987 1523 Ἐπειδὴᾼ
3016 1448 3129 1520 γάρ
3159 1448 3239 1517 τῷ
3277 1447 3422 1521 ζόφῳ
3460 1455 3549 1523 τῆς
3592 1455 3753 1522 ἀγνοίας

2264 1540 2405 1606 σφᾶς
2436 1538 2632 1603 αὐτοὺς
2671 1520 3031 1604 ἐκδεδώκασι,
3061 1542 3161 1595 καὶ
3184 1541 3307 1594 ούδέ
3352 1520 3589 1614 βραχείαν
3614 1520 3752 1620 αἴγλην

2260 1626 2356 1679 τοῦ
2396 1626 2496 1698 τῆς
2540 1627 2878 1696 θεογνωσίας
2912 1630 3093 1698 φωτὸς
3145 1630 3496 1696 ὐποδέξασθαι
3526 1633 3751 1703 βούλονται,

2260 1718 2489 1784 εἰκότως
2548 1721 2941 1786 ἀπεικάζονται
2996 1724 3156 1778 νυκτί¹
3210 1725 3435 1797 τοιούτῳ
3482 1730 3752 1801 κατεχόμενα

588 1814 684 1868 tali
710 1813 946 1883 caligine
971 1811 1220 1882 Oppressi
1247 1817 1399 1866 sunt.
1431 1808 1663 1864 Hatram
1701 1820 1884 1866 autem
1930 1811 2151 1882 appellat

2267 1810 2444 1881 σκότῳ
2468 1826 2481 1840 ’
2510 1812 2742 1882 μητέρα
2773 1813 2830 1866 δὲ
2861 1814 3021 1867 καλεῖ
3047 1815 3150 1885 τὴν
3195 1818 3534 1891 Συναγωγὴν,
3558 1822 3680 1876 λαόν
3698 1824 3751 1883 δὲ,

586 1904 934 1976 Synagogam
958 1944 971 1968 ,
1007 1902 1259 1972 populum
1306 1916 1436 1956 vero
1483 1918 1550 1958 ex
1582 1917 1646 1957 ea
1688 1911 2003 1973 prognatos.
2048 1902 2161 1959 lloc

586 1999 751 2053 etiam
807 1995 950 2066 apud
1004 1996 1202 2050 lsaiam
1248 1994 1603 2051 invenimus:
1646 2013 1665 2047 ι
1705 1994 1898 2061 Qualis
1953 2003 2039 2051 est
2070 1995 2161 2050 hic

586 2090 725 2144 liber
752 2088 965 2158 repudii
996 2087 1188 2142 matris
1216 2093 1414 2141 vestra:
1435 2086 1505 2139 ιιῖ
1547 2105 1566 2139 ι
1626 2087 1789 2156 Ergo,
1829 2105 1848 2138 ι
1889 2084 2029 2152 Quia
2064 2095 2119 2140 tu
2140 2127 2156 2153 ,

591 2179 807 2251 1328
833 2179 1032 2248 inquit,
1061 2176 1351 2232 scientiam
1389 2177 1663 2246 repulisti,
1696 2185 1749 2232 et
1779 2191 1879 2247 ego
1900 2177 2157 2246 repellam

587 2281 661 2335 te,
693 2288 762 2326 ne
787 2269 1097 2325 sacerdotio
1128 2267 1377 2339 fungaris
1421 2282 1609 2324 coram
1645 2283 1729 2323 me
1756 2287 1768 2322 :
1811 2277 1867 2324 et
1898 2269 2156 2338 quoniam

586 2363 758 2441 oblita
805 2377 866 2416 es
896 2361 1029 2430 legis
1060 2359 1157 2414 Dei
1208 2346 1315 2421 tui,
1342 2368 1396 2413 et
1431 2373 1535 2428 ego
1580 2358 1878 2414 obliviscar
1918 2360 2155 2414 ﬁliorum

587 2468 823 2512 tuorum.
867 2473 886 2506 ι
944 2452 1007 2507 Ει
1064 2450 1380 2506 distinctius
1430 2449 1729 2506 ostendens
1766 2451 2155 2523 benignitatem

584 2563 765 2611 suam,
795 2554 849 2600 et
875 2545 1149 2612 ingratum
1179 2555 1370 2597 eorum
1402 2541 1646 2595 animum
1682 2560 1697 2597 :

653 2652 817 2708 Vens.
844 2651 896 2705 7.
933 2668 952 2702 ι
996 2648 1317 2704 Secundum
1357 2647 1763 2702 multitudinem
1797 2663 2008 2714 eorum,
2057 2649 2153 2713 ait,

580 2749 658 2803 ita
700 2740 1247 2817 peccaveruntmihi,
1281 2757 1302 2792 ι
1338 2738 1394 2794 id
1421 2748 1530 2803 est,
1558 2753 1663 2809 ego
1693 2746 1754 2792 ut
1786 2738 1892 2809 ipsi
1924 2752 2155 2793 numero

582 2837 801 2909 plurimi
825 2843 1027 2898 essent,
1060 2832 1256 2888 eﬂeci:
1292 2831 1371 2885 illi
1404 2844 1536 2885 vero
1573 2837 1767 2885 contra
1801 2845 1889 2884 me
1927 2844 2156 2900 peccare

579 2933 1095 3001 perseveraverunt.
1129 2924 1213 2990 Qu
1224 2937 1319 2978 are

650 3018 818 3073 Vens.
853 3016 905 3071 8.
938 3034 956 3067 ι
1011 3015 1211 3069 Eorum
1247 3013 1472 3084 gloriam
1526 3012 1581 3066 in
1614 3010 1968 3082 ignominiam
2023 3026 2154 3066 con-

579 3118 816 3168 vertam.
893 3107 1129 3163 Peccata
1187 3105 1375 3177 populi
1432 3104 1538 3159 mei
1602 3102 1931 3157 comedent:
1980 3111 2035 3158 et
2093 3103 2148 3157 in

579 3200 959 3273 iniquitatibus
1009 3212 1200 3255 eorum
1255 3195 1529 3265 accipient
1578 3194 1761 3264 populi
1808 3194 2023 3249 animas
2055 3208 2150 3249 eo-

579 3309 721 3350 rum.
771 3312 791 3345 ›
825 3292 883 3347 Id
913 3300 1028 3357 est,
1065 3294 1268 3344 metent
1317 3301 1438 3356 qua:
1472 3285 1837 3353 seminarunt,
1871 3291 1927 3339 et
1956 3299 2150 3355 pecca-

577 3394 758 3440 torum
815 3398 1043 3441 suorum
1118 3380 1357 3433 fructum
1415 3376 1853 3432 vindemiabunt.
1910 3375 2148 3443 Quidam

576 3489 708 3531 vero
755 3474 986 3538 dicunt,
1023 3485 1119 3541 per
1173 3471 1289 3523 hare
1335 3467 1615 3540 designari
1662 3467 1982 3523 sacerdotes
2030 3468 2145 3538 qui,

575 3582 702 3622 cum
761 3560 1162 3621 cat-sacriﬁciis
1220 3574 1322 3631 pro
1375 3562 1623 3631 peccatis
1679 3560 1879 3616 oblatis
1942 3568 2146 3616 certam

560 3653 871 3725 quamdam
913 3650 1219 3723 portionem
1256 3648 1557 3703 secundum
1602 3647 1773 3717 legem
1810 3648 2143 3718 acciperent,

575 3748 682 3801 hoc
710 3743 976 3800 beneﬁcio
1007 3740 1272 3806 fruentes,
1300 3739 1564 3796 scelerate
1595 3739 1862 3807 viventes,
1885 3754 2149 3795 accusare

575 3837 867 3900 nolebant;
929 3832 1282 3903 quamobrem
1356 3828 1600 3885 olfensus
1673 3828 1936 3884 Dominus
2019 3830 2142 3886 ait:

576 3928 847 3994 Quoniam
900 3922 1191 3980 sacriﬁciis
1223 3934 1325 3992 pro
1366 3920 1613 3990 peccatis
1659 3920 1862 3975 oblatis
1912 3920 2149 3975 delecta-

572 4020 732 4087 mini,
764 4025 819 4073 et
879 4030 1179 4087 congruam
1244 4012 1590 4068 curationem
1653 4012 1972 4068 labentibus
2034 4028 2145 4069 non

572 4108 902 4174 admovetis,
928 4107 1128 4161 horum
1155 4104 1481 4160 delictorum
1524 4116 1716 4171 poenas
1747 4101 1971 4170 dabitis,
2013 4106 2144 4161 alie-

570 4206 663 4262 nis
699 4203 954 4275 gentibus
999 4200 1067 4254 ad
1101 4199 1305 4256 caedem
1337 4193 1550 4251 traditi.
1601 4193 1758 4262 Quod
1799 4197 2146 4255 manifestius

568 4292 799 4360 docens,
830 4289 1080 4363 adiungit
1106 4307 1121 4344 :

641 4554 807 4611 Vens.
829 4553 886 4609 9.
920 4569 940 4602 ι
970 4550 1036 4603 Et
1050 4551 1155 4604 erit
1174 4548 1325 4606 sicut
1353 4550 1608 4618 populus,
1634 4549 1714 4604 sic
1726 4559 1783 4605 et
1807 4552 2082 4610 sacerdos.
2111 4575 2130 4607 ι

566 4647 629 4703 ἰὰ
657 4647 776 4716 εειξ,
809 4642 1067 4700 similiter
1095 4649 1153 4694 ut
1190 4642 1429 4711 papulus
1459 4655 1676 4711 poenam
1708 4644 1874 4698 vestri
1908 4645 2138 4702 sceleris

568 4735 872 4795 sutl‘eretis,
902 4733 1033 4801 quia
1082 4732 1272 4802 populi
1336 4733 1682 4788 curationem
1740 4748 1864 4788 cum
1902 4738 2142 4806 recepis-

566 4826 725 4890 sctis,
758 4826 813 4878 in
850 4838 1059 4879 summa
1091 4824 1289 4878 inertia
1320 4824 1484 4878 vitam
1514 4824 1886 4890 traducentes,
1921 4842 2137 4883 onmem

568 4912 1062 4967 male'babcntium
1083 4927 1273 4968 curam
1302 4913 1605 4982 abjecistis.
1646 4914 1829 4980 Quare
1860 4916 1973 4970 ait:
2019 4935 2036 4967 ι
2072 4918 2136 4971 Et

565 5005 806 5060 ulciscar
855 5021 1022 5075 super
1055 5021 1153 5063 eos
1212 5006 1332 5060 vias
1378 5020 1616 5060 eorum:
1665 5017 1719 5061 ct
1776 5008 2137 5077 cOgitationes

563 5095 715 5150 illius
746 5095 966 5150 reddam
1012 5097 1082 5150 ci.
1125 5114 1144 5148 ι
1175 5093 1293 5150 Non
1350 5095 1495 5149 cutim
1551 5096 1726 5151 solum
1789 5096 2002 5167 1329
2040 5112 2137 5166 pro

632 5285 663 5315 υ
697 5273 804 5329 lsa.
832 5289 882 5339 L,
921 5275 972 5329 ί.

2260 1902 2387 1967 τοὺς
2421 1903 2488 1957 ἐκ
2521 1903 2729 1975 ταύτης
2750 1905 3075 1976 φυομένους.
3121 1907 3296 1962 Τοῦτο
3334 1908 3437 1980 γάρ
3459 1909 3543 1963 καὶ
3568 1911 3683 1983 παρᾶ
3701 1914 3750 1985 τῷ

2271 1992 2468 2066 Ἡσαΐᾳ
2489 1995 2835 2068 εὑρίσκομεν.
2857 2016 2876 2049 ι
2897 1997 3053 2053 Ποῖον
3070 1998 3204 2070 γὰρ,
3230 2001 3381 2071 φησι,
3398 2001 3597 2056 τοῦτοτδ
3610 2004 3750 2073 βιϐλίον

2258 2082 2353 2136 τοῦ
2386 2084 2716 2142 ἀποστασίου
2740 2089 2837 2160 τῆς
2855 2090 3056 2161 μητρὸς
3094 2090 3252 2161 ὑμῶν
3278 2109 3292 2160 ;
3318 2110 3337 2144 ι
3361 2122 3424 2133 -
3446 2111 3462 2144 ι
3484 2094 3661 2165 Ἐπειδὴ
3677 2098 3749 2149 τοξ-

2259 2192 2377 2240 νυν,
2412 2180 2568 2247 φησὶ,
2584 2181 2761 2236 καὶσὺ
2780 2182 3074 2250 ἐπίγνωσιν
3094 2183 3323 2249 ἀπώσω,
3337 2185 3598 2257 ἀπώσομαι
3622 2206 3665 2242 σε
3685 2191 3749 2241 κά-

2259 2268 2362 2338 γὼ,
2387 2269 2479 2324 τοῦ
2512 2272 2587 2342 μὴ
2603 2272 2650 2305 ⁸⁸
2678 2273 2978 2344 ἱερατεύειν
2999 2292 3111 2344 μοι·
3133 2277 3231 2331 καὶ⁵
3245 2277 3428 2348 ἐπειδὴ
3455 2278 3673 2334 ἐπελάθου
3690 2280 3747 2333 τοῦ

2258 2361 2424 2431 νόμου
2468 2362 2564 2416 τοῦ
2592 2363 2727 2417 Θεοῦ
2763 2383 2860 2419 σου
2888 2405 2902 2430 ,
2941 2366 3102 2435 κάγὼ
3133 2368 3462 2440 ἐπιλήσομαι
3489 2370 3585 2424 τῶν
3608 2371 3748 2425 τέκνων

2260 2468 2373 2504 σου.
2418 2471 2437 2503 ι
2469 2454 2577 2508 Καὶ
2607 2454 2823 2521 δεικνὺς
2852 2458 3194 2529 σαφέστερον
3221 2460 3323 2530 τήν
3349 2477 3407 2514 τε
3445 2460 3621 2515 οίκείαν
3645 2463 3748 2532 εὐερ-

2258 2543 2471 2611 γεσίαν,
2506 2545 2601 2599 καὶ
2626 2546 2726 2616 τὴν
2768 2548 2993 2603 ἐκείνων
3019 2549 3436 2621 ἀγνωμοσύνην,

2328 2632 2393 2697 ζ’.
2427 2653 2445 2685 ι
2479 2636 2633 2690 Κατά
2667 2637 2728 2691 τὸ
2757 2638 2964 2709 πλῆθος
2994 2640 3204 2705 αὐτῶν,
3232 2641 3419 2709 φησὶν,
3461 2642 3608 2705 οὕτως
3624 2643 3745 2711 ἦμαρ-

2257 2729 2348 2781 τόν
2407 2747 2516 2799 μοι.
2577 2751 2597 2784 ι
2670 2731 2812 2800 Ἐγὼ
2871 2731 2975 2803 μὲν
3031 2732 3148 2802 γὰρ
3230 2732 3426 2797 αὐτοὺς
3481 2732 3745 2803 actamnisi;

2256 2818 2531 2889 ἀπέφηνα.
2578 2822 2732 2876 αὐτοὶ
2774 2822 2830 2877 δέ
2883 2822 3340 2894 παρανομοῦντες
3373 2825 3447 2887 είς
3479 2824 3565 2895 ἐμὲ
3586 2824 3744 2879 διετέλε-

2259 2926 2380 2965 σαν.
2412 2913 2507 2966 Διδ

2326 3008 2395 3077 η’.
2460 3027 2478 3059 ι
2528 3007 2638 3079 Τὴν
2682 3007 2841 3073 δόξαν
2901 3008 3079 3061 αὐτῶν
3157 3008 3240 3072 είς
3311 3007 3519 3079 ἀτιμίαν
3559 3007 3741 3077 θήσομαι.

2268 3100 2566 3171 Ἀμαρτίας
2620 3099 2751 3153 λαοῦ
2806 3116 2908 3169 μου
2959 3101 3248 3168 φάγονται,
3304 3100 3394 3155 καὶ
3435 3103 3488 3154 ἐν
3533 3101 3631 3162 ταῖς
3668 3097 3742 3151 ἁδι-

2252 3192 2399 3255 κίαις
2448 3191 2629 3244 αὐτῶν
2659 3190 2923 3261 λήψονται
2966 3190 3089 3245 λαοὶ
3104 3191 3151 3223 ⁸⁷
3194 3191 3295 3255 τὰς
3344 3190 3512 3262 ψυχάς
3553 3189 3736 3243 αὐτῶν.»

2264 3281 2409 3336 Ἀντλ¹
2433 3281 2550 3348 τοῦ,
2583 3281 2854 3353 θεριοῦσιν
2881 3276 2961 3345 οἷς
2988 3282 3328 3351 ἐσπᾶρκασι,
3357 3286 3448 3336 καὶ
3475 3282 3567 3334 τῶν
3590 3277 3740 3332 οἰκείων

2251 3373 2738 3446 πλημμελημάτων
2796 3374 3137 3445 τρυγήσουσι
3182 3372 3314 3436 τοὺς
3369 3371 3604 3444 καρπούς.
3631 3368 3738 3428 Τινὲς

2247 3467 2307 3521 δέ
2337 3484 2467 3536 φασι
2521 3468 2617 3521 καὶ
2661 3467 2788 3530 τοὺς
2845 3467 3025 3538 ἱερέας
3065 3465 3158 3520 διὰ
3205 3465 3409 3519 τούτων
3450 3459 3735 3518 αίνίττεσθαιο

2250 3560 2438 3630 ἐπειδὴ
2466 3558 2574 3612 τῶν
2603 3558 2744 3628 ὑπὲρ
2774 3557 3196 3629 ἁμαρτημάτων
3223 3541 3319 3610 καὶ
3345 3552 3737 3626 πλημμελημάτων

2252 3649 2711 3722 προσφερομένων
2749 3648 2949 3701 θυσιῶν
2992 3648 3241 3719 φανεράν
3272 3663 3393 3701 τινα
3443 3648 3608 3716 μοῖραν
3643 3639 3734 3697 κατὰ

2251 3744 2416 3811 νόμον
2485 3740 2825 3811 ἐλάμϐανον,
2887 3742 2984 3795 καὶ
3037 3740 3249 3811 ταύτης
3321 3733 3639 3799 ἀπολαύοντες
3672 3734 3733 3801 τῆς

2252 3831 2550 3902 θεραπείας
2606 3826 2903 3902 διελέγχειν
2952 3833 3053 3887 οὐκ
3097 3831 3390 3902 ἠϐούλοντο
3419 3832 3533 3895 τοὺς
3573 3826 3732 3897 πονηρίι

2250 3922 2556 3986 συζῶνταςο
2577 3924 2769 3977 τούτου
2790 3923 2948 3995 χάριν
2974 3923 3305 3991 ἀγανακτῶν
3356 3924 3481 3984 Θεὸς
3498 3961 3511 3983 ,
3564 3917 3732 3984 Ἐπειδὴ.

2249 4012 2420 4084 φησι,
2478 4015 2600 4076 ταῖς
2654 4014 2753 4083 μὲν
2809 4013 2949 4086 ὑπὲρ
3000 4015 3294 4085 ἁμαρτιῶν
3353 4006 3732 4084 προσφερομένας

2248 4106 2553 4176 ἐντρυφᾶτε
2579 4105 2812 4169 θυσίαις,
2839 4106 2939 4176 τὴν
2964 4106 3024 4159 δὲ
3048 4108 3433 4178 προσήκουσαν
3456 4107 3554 4166 τοῖς
3570 4100 3731 4153 πταίου-

2250 4212 2334 4248 σιν
2363 4196 2426 4248 ού
2462 4196 2804 4268 προσφέρετε
2842 4197 3161 4269 θεραπείαν,
3210 4197 3321 4252 τῶν
3367 4193 3570 4250 ἀδικιῶν
3591 4189 3730 4245 τούτων

2248 4287 2449 4341 δώσετε
2480 4287 2640 4351 δίκας
2663 4327 2677 4350 ,
2717 4286 3036 4356 ἀλλοφύλοις
3073 4286 3284 4341 ἔθνεσιν
3316 4288 3395 4351 είς
3428 4284 3612 4355 σφαγὴν
3633 4278 3729 4333 ἐκδο-

2247 4379 2450 4442 θέντες.
2510 4380 2623 4432 Καὶ
2689 4377 2849 4432 τοῦτο
2902 4379 3173 4433 διδάσκων
3232 4378 3578 4449 σαφέστερον,
3623 4369 3729 4429 εῠθὶις

2177 4484 2222 4542 D
2249 4472 2526 4542 ἐπήγαγε⁸

2317 4555 2382 4609 θ’.
2414 4576 2433 4607 ι
2470 4556 2579 4609 Καὶ
2606 4554 2760 4608 ἔσται
2794 4556 2980 4619 καθὼς
3029 4559 3057 4609 ό
3098 4557 3250 4620 λαὸς,
3287 4556 3455 4618 οὕτως
3480 4549 3653 4608 καὶ⁸⁸ό
3683 4547 3727 4599 ῐιι

2248 4649 2393 4719 ρεύς.
2436 4666 2454 4698 ι
2497 4646 2903 4717 Παραπλησίως
2949 4647 3059 4718 γὰρ
3109 4647 3190 4716 τῷ
3240 4646 3355 4717 λαῴ
3404 4647 3492 4701 καὶ
3536 4642 3659 4714 ὑμεέ
3686 4637 3728 4703 τί

2244 4738 2485 4810 τιμωρίᾳ
2531 4736 2977 4809 παραδοθήσεσθε
3002 4779 3019 4804 ,
3073 4738 3265 4808 ἐπειδὴ
3318 4736 3410 4791 τοῦ
3437 4734 3552 4789 λαοῦ
3578 4732 3654 4800 τὴν
3676 4728 3725 4777 ἱι·
3832 4756 3833 4793 1

2244 4829 2430 4898 τρείαν
2468 4826 2899 4898 ἐγχειρισθέντες
2950 4827 3205 4900 ῥᾳστώνῃ
3245 4828 3501 4892 συζῶντες
3543 4817 3726 4887 οὐδεμίαι

2246 4917 2572 4987 ἐποιήσασθε
2609 4917 2717 4972 τῶν
2744 4916 3047 4991 ἀρρώστως
3083 4918 3439 4989 διακειμένων
3462 4907 3726 4986 κηδεμονίαν-

2244 5007 2334 5060 Διό
2367 5024 2530 5076 φησιν
2556 5024 2569 5039 -
2597 5027 2615 5059 ι
2656 5008 2962 5079 Ἐκδικήσω
2988 5010 3077 5062 ἐπ’
3104 5010 3303 5074 αὐτοὺς
3323 5009 3369 5042 ι’
3398 5009 3488 5072 τὰς
3518 5004 3642 5063 ὁδοὺς
3664 4996 3727 5050 αὑι

2245 5099 2373 5162 τῶν,
2404 5101 2499 5152 καὶ
2532 5099 2599 5151 τὰ
2650 5099 2930 5154 διαὸούλια
2973 5100 3139 5156 αὐτοῦ
3181 5099 3530 5155 ἀνταποδώσω
3566 5088 3726 5160 dimi“

1866 5425 2096 5482 VARUE
2134 5426 2523 5486 LECTIONES

641 5589 687 5621 ⁸³
720 5587 838 5659 μετ’
896 5587 1018 5659 αύᾼτ.
1063 5584 1258 5659 Rosius
1309 5585 1400 5659 ad_
1437 5586 1807 5659 Ιι.1.,Νιιειι·ο
1854 5586 2053 5659 tribuit
2110 5588 2396 5642 lectionem
2448 5592 2584 5659 μετὰ
2626 5592 2734 5644 σοῦ.
2816 5594 2861 5624 ⁸ι
2914 5596 3023 5647 καί.
3062 5594 3183 5649 Des.
3240 5596 3291 5647 in
3339 5591 3394 5645 C.
3467 5582 3705 5659 "tundet.

570 5652 843 5735 [rudest
869 5656 1088 5735 γνῶσιν.
1158 5656 1206 5735 _‘_“
1241 5659 1348 5735 pi}.
1373 5654 1719 5735 nuclei-uta
1755 5656 1917 5735 Hebr.
1958 5658 2178 5735 additur
2209 5652 2754 5735 a‘Nustrnsahkattis
2789 5666 3081 5719 omittitur.
3160 5667 3202 5695 ⁸⁷
3237 5664 3365 5718 λαοί.
3393 5660 3504 5715 lies.
3529 5659 3573 5711 in
3595 5652 3717 5707 Hebr-

578 5728 621 5758 ι’
659 5731 747 5783 καί
794 5730 985 5782 Deerat
1020 5728 1072 5780 in
1106 5727 1236 5781 edit.
1274 5726 1461 5793 priori.

1541 5728 1584 5757 θ’
1620 5726 1735 5779 αὖε.
1777 5728 1879 5779 ,χιιι
1918 5728 2102 5791 αὐτόν,
2137 5740 2189 5784 et
2226 5732 2422 5786 deiu‘lc
2458 5732 2645 5784 αὑτοῦ.
