  <div class='ocr_page' id='page_1' title='image "/cluster/home/n/w/nwhite01/storage/ocr_20150623/81/mdp.39015078384339/827.png"; bbox 0 0 3912 6206; ppageno 0'>
   <div class='ocr_carea' id='block_1_1' title="bbox 491 307 626 372">
    <p class='ocr_par' dir='ltr' id='par_1_1' title="bbox 491 307 626 372">
     <span class='ocr_line' id='line_1_1' title="bbox 491 307 626 372; baseline 0 -1"><span class='ocrx_word' id='word_1_1' title='bbox 491 307 626 372; x_wconf 71' lang='grc'><strong>1575</strong></span> 
     </span>
    </p>
   </div>
   <div class='ocr_carea' id='block_1_2' title="bbox 483 402 2051 479">
    <p class='ocr_par' dir='ltr' id='par_1_2' title="bbox 483 402 2051 479">
     <span class='ocr_line' id='line_1_2' title="bbox 483 402 2051 479; baseline -0.01 -9"><span class='ocrx_word' id='word_1_2' title='bbox 483 418 648 469; x_wconf 87' lang='lat' dir='ltr'><strong>etiam</strong></span> <span class='ocrx_word' id='word_1_3' title='bbox 681 409 882 479; x_wconf 73' lang='lat' dir='ltr'><strong>lingua:</strong></span> <span class='ocrx_word' id='word_1_4' title='bbox 919 406 1198 462; x_wconf 72' lang='lat' dir='ltr'><strong>liebraicre</strong></span> <span class='ocrx_word' id='word_1_5' title='bbox 1256 406 1607 476; x_wconf 88' lang='lat' dir='ltr'><strong>interpretes.</strong></span> <span class='ocrx_word' id='word_1_6' title='bbox 1668 404 1802 458; x_wconf 85' lang='lat' dir='ltr'><strong>Nam</strong></span> <span class='ocrx_word' id='word_1_7' title='bbox 1854 402 2051 474; x_wconf 83' lang='lat' dir='ltr'><strong>Aquila</strong></span> 
     </span>
    </p>
   </div>
   <div class='ocr_carea' id='block_1_3' title="bbox 483 496 2051 567">
    <p class='ocr_par' dir='ltr' id='par_1_3' title="bbox 483 496 2051 567">
     <span class='ocr_line' id='line_1_3' title="bbox 483 496 2051 567; baseline -0.008 -8"><span class='ocrx_word' id='word_1_8' title='bbox 483 515 538 559; x_wconf 86' lang='lat' dir='ltr'><strong>et</strong></span> <span class='ocrx_word' id='word_1_9' title='bbox 569 500 879 555; x_wconf 83' lang='lat' dir='ltr'><strong>Theodotio</strong></span> <span class='ocrx_word' id='word_1_10' title='bbox 936 500 1149 552; x_wconf 84' lang='lat' dir='ltr'><strong>domum</strong></span> <span class='ocrx_word' id='word_1_11' title='bbox 1202 498 1448 551; x_wconf 70' lang='lat' dir='ltr'><strong>inutilem</strong></span> <span class='ocrx_word' id='word_1_12' title='bbox 1507 496 1853 567; x_wconf 85' lang='lat' dir='ltr'><strong>interpretati</strong></span> <span class='ocrx_word' id='word_1_13' title='bbox 1897 502 2051 558; x_wconf 90' lang='lat' dir='ltr'><strong>sunt,</strong></span> 
     </span>
    </p>
   </div>
   <div class='ocr_carea' id='block_1_4' title="bbox 483 587 2054 660">
    <p class='ocr_par' dir='ltr' id='par_1_4' title="bbox 483 587 2054 660">
     <span class='ocr_line' id='line_1_4' title="bbox 483 587 2054 660; baseline -0.003 -16"><span class='ocrx_word' id='word_1_14' title='bbox 483 590 848 660; x_wconf 82' lang='lat' dir='ltr'><strong>Symmachus</strong></span> <span class='ocrx_word' id='word_1_15' title='bbox 879 589 1091 642; x_wconf 83' lang='lat' dir='ltr'><strong>domum</strong></span> <span class='ocrx_word' id='word_1_16' title='bbox 1154 588 1502 657; x_wconf 75' lang='lat' dir='ltr'><strong>iniquitatis:</strong></span> <span class='ocrx_word' id='word_1_17' title='bbox 1551 587 1696 657; x_wconf 91' lang='lat' dir='ltr'><strong>quod</strong></span> <span class='ocrx_word' id='word_1_18' title='bbox 1755 595 2054 655; x_wconf 86' lang='lat' dir='ltr'><strong>utrumque</strong></span> 
     </span>
    </p>
   </div>
   <div class='ocr_carea' id='block_1_5' title="bbox 482 676 2053 749">
    <p class='ocr_par' dir='ltr' id='par_1_5' title="bbox 482 676 2053 749">
     <span class='ocr_line' id='line_1_5' title="bbox 482 676 2053 749; baseline -0.003 -13"><span class='ocrx_word' id='word_1_19' title='bbox 482 681 611 736; x_wconf 83' lang='lat' dir='ltr'><strong>huic</strong></span> <span class='ocrx_word' id='word_1_20' title='bbox 638 680 749 735; x_wconf 79' lang='lat' dir='ltr'><strong>rei‘</strong></span> <span class='ocrx_word' id='word_1_21' title='bbox 792 680 1072 736; x_wconf 88' lang='lat' dir='ltr'><strong>convenit.</strong></span> <span class='ocrx_word' id='word_1_22' title='bbox 1107 676 1243 733; x_wconf 87' lang='lat' dir='ltr'><strong>Nam</strong></span> <span class='ocrx_word' id='word_1_23' title='bbox 1278 678 1373 749; x_wconf 89' lang='lat' dir='ltr'><strong>qui</strong></span> <span class='ocrx_word' id='word_1_24' title='bbox 1410 678 1483 734; x_wconf 89' lang='lat' dir='ltr'><strong>ibi</strong></span> <span class='ocrx_word' id='word_1_25' title='bbox 1524 677 1896 749; x_wconf 59' lang='lat' dir='ltr'><strong>praefuerunt,</strong></span> <span class='ocrx_word' id='word_1_26' title='bbox 1942 692 2053 731; x_wconf 90' lang='lat' dir='ltr'><strong>non</strong></span> 
     </span>
    </p>
   </div>
   <div class='ocr_carea' id='block_1_6' title="bbox 482 766 2054 839">
    <p class='ocr_par' dir='ltr' id='par_1_6' title="bbox 482 766 2054 839">
     <span class='ocr_line' id='line_1_6' title="bbox 482 766 2054 839; baseline -0.003 -14"><span class='ocrx_word' id='word_1_27' title='bbox 482 773 645 827; x_wconf 88' lang='lat' dir='ltr'><strong>modo</strong></span> <span class='ocrx_word' id='word_1_28' title='bbox 678 771 891 825; x_wconf 91' lang='lat' dir='ltr'><strong>nullum</strong></span> <span class='ocrx_word' id='word_1_29' title='bbox 942 780 1212 839; x_wconf 67' lang='lat' dir='ltr'><strong>quastttm</strong></span> <span class='ocrx_word' id='word_1_30' title='bbox 1265 769 1553 835; x_wconf 76' lang='lat' dir='ltr'><strong>fecerunt,</strong></span> <span class='ocrx_word' id='word_1_31' title='bbox 1588 768 1684 826; x_wconf 91' lang='lat' dir='ltr'><strong>sed</strong></span> <span class='ocrx_word' id='word_1_32' title='bbox 1718 767 1887 824; x_wconf 88' lang='lat' dir='ltr'><strong>etiam</strong></span> <span class='ocrx_word' id='word_1_33' title='bbox 1926 766 2054 822; x_wconf 88' lang='lat' dir='ltr'><strong>inde</strong></span> 
     </span>
    </p>
   </div>
   <div class='ocr_carea' id='block_1_7' title="bbox 480 859 2055 934">
    <p class='ocr_par' dir='ltr' id='par_1_7' title="bbox 480 859 2055 934">
     <span class='ocr_line' id='line_1_7' title="bbox 480 859 2055 934; baseline -0.004 -15"><span class='ocrx_word' id='word_1_34' title='bbox 480 868 738 920; x_wconf 85' lang='lat' dir='ltr'><strong>damnum</strong></span> <span class='ocrx_word' id='word_1_35' title='bbox 802 862 1009 934; x_wconf 77' lang='lat'><strong>1331</strong></span> <span class='ocrx_word' id='word_1_36' title='bbox 1068 876 1327 931; x_wconf 85' lang='lat' dir='ltr'><strong>magnum</strong></span> <span class='ocrx_word' id='word_1_37' title='bbox 1369 869 1730 930; x_wconf 85' lang='lat' dir='ltr'><strong>acceperunt,</strong></span> <span class='ocrx_word' id='word_1_38' title='bbox 1782 859 1959 929; x_wconf 87' lang='lat' dir='ltr'><strong>iniqui</strong></span> <span class='ocrx_word' id='word_1_39' title='bbox 1999 866 2055 912; x_wconf 88' lang='lat' dir='ltr'><strong>et</strong></span> 
     </span>
    </p>
   </div>
   <div class='ocr_carea' id='block_1_8' title="bbox 1470 291 2740 358">
    <p class='ocr_par' dir='ltr' id='par_1_8' title="bbox 1470 291 2740 358">
     <span class='ocr_line' id='line_1_8' title="bbox 1470 291 2740 358; baseline -0.006 1"><span class='ocrx_word' id='word_1_40' title='bbox 1470 296 1960 358; x_wconf 81' lang='lat' dir='ltr'><strong>THEODORETI</strong></span> <span class='ocrx_word' id='word_1_41' title='bbox 2000 292 2340 353; x_wconf 84' lang='lat' dir='ltr'><strong>EPISCOPI</strong></span> <span class='ocrx_word' id='word_1_42' title='bbox 2377 291 2740 352; x_wconf 74' lang='lat' dir='ltr'><strong>CYRENSIS</strong></span> 
     </span>
    </p>
   </div>
   <div class='ocr_carea' id='block_1_9' title="bbox 3540 299 3649 368">
    <p class='ocr_par' dir='ltr' id='par_1_9' title="bbox 3540 299 3649 368">
     <span class='ocr_line' id='line_1_9' title="bbox 3540 299 3649 368; baseline 0.046 -4"><span class='ocrx_word' id='word_1_43' title='bbox 3540 299 3649 368; x_wconf 70' lang='lat'><strong>1576</strong></span> 
     </span>
    </p>
   </div>
   <div class='ocr_carea' id='block_1_10' title="bbox 2083 398 3652 475">
    <p class='ocr_par' dir='ltr' id='par_1_10' title="bbox 2083 398 3652 475">
     <span class='ocr_line' id='line_1_10' title="bbox 2083 398 3652 475; baseline 0.006 -24"><span class='ocrx_word' id='word_1_44' title='bbox 2083 407 2131 461; x_wconf 74' lang='grc' dir='ltr'>Α</span> <span class='ocrx_word' id='word_1_45' title='bbox 2158 400 2402 467; x_wconf 81' lang='grc' dir='ltr'><strong>ἐδίδαξαν</strong></span> <span class='ocrx_word' id='word_1_46' title='bbox 2434 398 2688 470; x_wconf 77' lang='grc' dir='ltr'><strong>γλώσσης</strong></span> <span class='ocrx_word' id='word_1_47' title='bbox 2720 400 3073 472; x_wconf 87' lang='grc' dir='ltr'>έρμηνευταί.</span> <span class='ocrx_word' id='word_1_48' title='bbox 3117 401 3174 454; x_wconf 87' lang='grc' dir='ltr'>Ὀ</span> <span class='ocrx_word' id='word_1_49' title='bbox 3204 402 3294 472; x_wconf 81' lang='grc' dir='ltr'>μὲν</span> <span class='ocrx_word' id='word_1_50' title='bbox 3326 401 3421 473; x_wconf 73' lang='grc' dir='ltr'><strong>γὰρ</strong></span> <span class='ocrx_word' id='word_1_51' title='bbox 3463 405 3652 475; x_wconf 80' lang='grc' dir='ltr'>Ἀκύλας</span> 
     </span>
    </p>
   </div>
   <div class='ocr_carea' id='block_1_11' title="bbox 2157 488 3652 564">
    <p class='ocr_par' dir='ltr' id='par_1_11' title="bbox 2157 488 3652 564">
     <span class='ocr_line' id='line_1_11' title="bbox 2157 488 3652 564; baseline 0.006 -18"><span class='ocrx_word' id='word_1_52' title='bbox 2157 492 2249 546; x_wconf 78' lang='grc' dir='ltr'>καὶ</span> <span class='ocrx_word' id='word_1_53' title='bbox 2277 491 2569 545; x_wconf 84' lang='grc' dir='ltr'>Θεοδοτίων</span> <span class='ocrx_word' id='word_1_54' title='bbox 2608 488 2779 546; x_wconf 76' lang='grc' dir='ltr'>οἷκον</span> <span class='ocrx_word' id='word_1_55' title='bbox 2808 491 3088 563; x_wconf 73' lang='grc' dir='ltr'>ἀνωφελῆ</span> <span class='ocrx_word' id='word_1_56' title='bbox 3120 493 3493 564; x_wconf 82' lang='grc' dir='ltr'>ἠρμηνεύκασιν</span> <span class='ocrx_word' id='word_1_57' title='bbox 3513 515 3525 528; x_wconf 90' lang='grc'>·</span> <span class='ocrx_word' id='word_1_58' title='bbox 3561 501 3586 553; x_wconf 85' lang='grc' dir='ltr'><strong>ό</strong></span> <span class='ocrx_word' id='word_1_59' title='bbox 3607 501 3652 555; x_wconf 67' lang='grc' dir='ltr'>δὲ</span> 
     </span>
    </p>
   </div>
   <div class='ocr_carea' id='block_1_12' title="bbox 2155 578 3653 660">
    <p class='ocr_par' dir='ltr' id='par_1_12' title="bbox 2155 578 3653 660">
     <span class='ocr_line' id='line_1_12' title="bbox 2155 578 3653 660; baseline 0.007 -26"><span class='ocrx_word' id='word_1_60' title='bbox 2155 582 2451 654; x_wconf 82' lang='grc' dir='ltr'><strong>Σύμμαχος</strong></span> <span class='ocrx_word' id='word_1_61' title='bbox 2482 578 2653 637; x_wconf 75' lang='grc' dir='ltr'>οἷκον</span> <span class='ocrx_word' id='word_1_62' title='bbox 2679 582 2912 649; x_wconf 78' lang='grc' dir='ltr'><strong>ἀδικίας</strong></span> <span class='ocrx_word' id='word_1_63' title='bbox 2930 584 2951 615; x_wconf 86' lang='grc'>⁸</span> <span class='ocrx_word' id='word_1_64' title='bbox 2979 601 2993 616; x_wconf 92' lang='grc'><strong>·</strong></span> <span class='ocrx_word' id='word_1_65' title='bbox 3037 584 3313 655; x_wconf 83' lang='grc' dir='ltr'>ἀμφότερα</span> <span class='ocrx_word' id='word_1_66' title='bbox 3339 585 3390 641; x_wconf 80' lang='grc' dir='ltr'>δὲ</span> <span class='ocrx_word' id='word_1_67' title='bbox 3419 589 3653 660; x_wconf 75' lang='grc' dir='ltr'>συμϐαίνει</span> 
     </span>
    </p>
   </div>
   <div class='ocr_carea' id='block_1_13' title="bbox 2152 673 3653 752">
    <p class='ocr_par' dir='ltr' id='par_1_13' title="bbox 2152 673 3653 752">
     <span class='ocr_line' id='line_1_13' title="bbox 2152 673 3653 752; baseline 0.004 -23"><span class='ocrx_word' id='word_1_68' title='bbox 2152 673 2230 745; x_wconf 81' lang='grc' dir='ltr'>τῷ</span> <span class='ocrx_word' id='word_1_69' title='bbox 2255 676 2560 747; x_wconf 84' lang='grc' dir='ltr'>πράγματι.</span> <span class='ocrx_word' id='word_1_70' title='bbox 2591 676 2654 728; x_wconf 76' lang='lat' dir='ltr'><strong>Oi</strong></span> <span class='ocrx_word' id='word_1_71' title='bbox 2683 674 2791 747; x_wconf 80' lang='grc' dir='ltr'>γὰρ</span> <span class='ocrx_word' id='word_1_72' title='bbox 2826 674 3012 729; x_wconf 80' lang='grc' dir='ltr'><strong>αὐτόθι</strong></span> <span class='ocrx_word' id='word_1_73' title='bbox 3039 676 3433 748; x_wconf 83' lang='grc' dir='ltr'><strong>προεδρεύοντες</strong></span> <span class='ocrx_word' id='word_1_74' title='bbox 3451 681 3505 733; x_wconf 82' lang='grc' dir='ltr'><strong>οὐ</strong></span> <span class='ocrx_word' id='word_1_75' title='bbox 3528 683 3653 752; x_wconf 85' lang='grc' dir='ltr'>μόνον</span> 
     </span>
    </p>
   </div>
   <div class='ocr_carea' id='block_1_14' title="bbox 2153 768 3656 846">
    <p class='ocr_par' dir='ltr' id='par_1_14' title="bbox 2153 768 3656 846">
     <span class='ocr_line' id='line_1_14' title="bbox 2153 768 3656 846; baseline 0.003 -22"><span class='ocrx_word' id='word_1_76' title='bbox 2153 770 2362 824; x_wconf 76' lang='grc' dir='ltr'>ἐκεῖθεν</span> <span class='ocrx_word' id='word_1_77' title='bbox 2380 771 2401 801; x_wconf 78' lang='grc'>⁸</span> <span class='ocrx_word' id='word_1_78' title='bbox 2428 769 2686 840; x_wconf 76' lang='grc' dir='ltr'><strong>οὐδεμίαν</strong></span> <span class='ocrx_word' id='word_1_79' title='bbox 2719 768 3008 838; x_wconf 84' lang='grc' dir='ltr'>ὠφέλειαν,</span> <span class='ocrx_word' id='word_1_80' title='bbox 3034 768 3170 823; x_wconf 85' lang='grc' dir='ltr'><strong>ἀλλά</strong></span> <span class='ocrx_word' id='word_1_81' title='bbox 3198 770 3288 824; x_wconf 72' lang='grc' dir='ltr'><strong>καὶ</strong></span> <span class='ocrx_word' id='word_1_82' title='bbox 3306 768 3470 843; x_wconf 75' lang='grc' dir='ltr'>λώϐην</span> <span class='ocrx_word' id='word_1_83' title='bbox 3490 774 3656 846; x_wconf 79' lang='grc' dir='ltr'>ἐδέχον-</span> 
     </span>
    </p>
   </div>
   <div class='ocr_carea' id='block_1_15' title="bbox 2152 859 3658 930">
    <p class='ocr_par' dir='ltr' id='par_1_15' title="bbox 2152 859 3658 930">
     <span class='ocr_line' id='line_1_15' title="bbox 2152 859 3658 930; baseline 0.002 -16"><span class='ocrx_word' id='word_1_84' title='bbox 2152 878 2232 924; x_wconf 92' lang='grc' dir='ltr'><strong>το,</strong></span> <span class='ocrx_word' id='word_1_85' title='bbox 2275 859 2452 915; x_wconf 74' lang='grc' dir='ltr'>ἄδικοι</span> <span class='ocrx_word' id='word_1_86' title='bbox 2482 861 2576 914; x_wconf 80' lang='grc' dir='ltr'>καὶ</span> <span class='ocrx_word' id='word_1_87' title='bbox 2603 859 2918 930; x_wconf 81' lang='grc' dir='ltr'><strong>ἀγνώμονες</strong></span> <span class='ocrx_word' id='word_1_88' title='bbox 2951 859 3077 930; x_wconf 71' lang='grc' dir='ltr'>περὶ</span> <span class='ocrx_word' id='word_1_89' title='bbox 3110 859 3200 913; x_wconf 81' lang='grc' dir='ltr'>τὸν</span> <span class='ocrx_word' id='word_1_90' title='bbox 3246 861 3385 929; x_wconf 84' lang='grc' dir='ltr'>σφῶν</span> <span class='ocrx_word' id='word_1_91' title='bbox 3410 862 3565 916; x_wconf 84' lang='grc' dir='ltr'>αὐτῶν</span> <span class='ocrx_word' id='word_1_92' title='bbox 3589 866 3658 918; x_wconf 80' lang='grc' dir='ltr'>εύ-</span> 
     </span>
    </p>
   </div>
   <div class='ocr_carea' id='block_1_16' title="bbox 480 948 2058 1028">
    <p class='ocr_par' dir='ltr' id='par_1_16' title="bbox 480 948 2054 1024">
     <span class='ocr_line' id='line_1_16' title="bbox 480 948 2054 1024; baseline -0.004 -16"><span class='ocrx_word' id='word_1_93' title='bbox 480 954 680 1024; x_wconf 77' lang='lat' dir='ltr'><strong>ingrati</strong></span> <span class='ocrx_word' id='word_1_94' title='bbox 712 969 840 1023; x_wconf 78' lang='lat' dir='ltr'><strong>erga</strong></span> <span class='ocrx_word' id='word_1_95' title='bbox 884 967 1043 1007; x_wconf 88' lang='lat' dir='ltr'><strong>suum</strong></span> <span class='ocrx_word' id='word_1_96' title='bbox 1102 951 1509 1006; x_wconf 81' lang='lat' dir='ltr'><strong>benefactorem</strong></span> <span class='ocrx_word' id='word_1_97' title='bbox 1561 950 1760 1007; x_wconf 77' lang='lat' dir='ltr'><strong>effecti.</strong></span> <span class='ocrx_word' id='word_1_98' title='bbox 1826 948 2054 1022; x_wconf 81' lang='lat' dir='ltr'><strong>Galgala</strong></span> 
     </span>
    </p>
   </div>
   <div class='ocr_carea' id='block_1_17' title="bbox 2154 948 3655 1028">
    <p class='ocr_par' dir='ltr' id='par_1_17' title="bbox 2154 949 3655 1028">
     <span class='ocr_line' id='line_1_17' title="bbox 2154 949 3655 1028; baseline 0.002 -22"><span class='ocrx_word' id='word_1_99' title='bbox 2154 952 2384 1024; x_wconf 83' lang='grc' dir='ltr'>εργέτην</span> <span class='ocrx_word' id='word_1_100' title='bbox 2411 950 2783 1023; x_wconf 73' lang='grc' dir='ltr'>γιγνόμενοιτ.</span> <span class='ocrx_word' id='word_1_101' title='bbox 2813 950 3103 1019; x_wconf 72' lang='grc' dir='ltr'>Γάλγαλα</span> <span class='ocrx_word' id='word_1_102' title='bbox 3120 950 3177 1003; x_wconf 81' lang='grc' dir='ltr'>δὲ</span> <span class='ocrx_word' id='word_1_103' title='bbox 3202 950 3347 1015; x_wconf 79' lang='grc' dir='ltr'>πόλις</span> <span class='ocrx_word' id='word_1_104' title='bbox 3373 949 3435 1023; x_wconf 78' lang='grc' dir='ltr'>ἦν</span> <span class='ocrx_word' id='word_1_105' title='bbox 3455 954 3535 1007; x_wconf 71' lang='grc' dir='ltr'>καὶ</span> <span class='ocrx_word' id='word_1_106' title='bbox 3550 954 3655 1028; x_wconf 78' lang='grc' dir='ltr'>αύτὴ</span> 
     </span>
    </p>
   </div>
   <div class='ocr_carea' id='block_1_18' title="bbox 480 1040 2058 1115">
    <p class='ocr_par' dir='ltr' id='par_1_18' title="bbox 480 1040 2053 1111">
     <span class='ocr_line' id='line_1_18' title="bbox 480 1040 2053 1111; baseline -0.003 -10"><span class='ocrx_word' id='word_1_107' title='bbox 480 1053 666 1102; x_wconf 88' lang='lat' dir='ltr'><strong>autem</strong></span> <span class='ocrx_word' id='word_1_108' title='bbox 698 1044 832 1098; x_wconf 83' lang='lat' dir='ltr'><strong>urbs</strong></span> <span class='ocrx_word' id='word_1_109' title='bbox 860 1052 944 1099; x_wconf 91' lang='lat' dir='ltr'><strong>cst</strong></span> <span class='ocrx_word' id='word_1_110' title='bbox 973 1042 1165 1097; x_wconf 87' lang='lat' dir='ltr'><strong>umltis</strong></span> <span class='ocrx_word' id='word_1_111' title='bbox 1195 1052 1249 1099; x_wconf 89' lang='lat' dir='ltr'><strong>et</strong></span> <span class='ocrx_word' id='word_1_112' title='bbox 1284 1043 1401 1111; x_wconf 89' lang='lat' dir='ltr'><strong>ipsa</strong></span> <span class='ocrx_word' id='word_1_113' title='bbox 1440 1042 1698 1097; x_wconf 89' lang='lat' dir='ltr'><strong>dedicata</strong></span> <span class='ocrx_word' id='word_1_114' title='bbox 1736 1041 1919 1109; x_wconf 85' lang='lat' dir='ltr'><strong>idolis,</strong></span> <span class='ocrx_word' id='word_1_115' title='bbox 1959 1040 2053 1096; x_wconf 89' lang='lat' dir='ltr'><strong>ubi</strong></span> 
     </span>
    </p>
   </div>
   <div class='ocr_carea' id='block_1_19' title="bbox 2154 1040 3660 1115">
    <p class='ocr_par' dir='ltr' id='par_1_19' title="bbox 2155 1040 3660 1115">
     <span class='ocr_line' id='line_1_19' title="bbox 2155 1040 3660 1115; baseline 0 -16"><span class='ocrx_word' id='word_1_116' title='bbox 2155 1045 2394 1107; x_wconf 77' lang='grc' dir='ltr'><strong>εἰδώλοις</strong></span> <span class='ocrx_word' id='word_1_117' title='bbox 2415 1042 2750 1113; x_wconf 82' lang='grc' dir='ltr'>ἀνακειμένη</span> <span class='ocrx_word' id='word_1_118' title='bbox 2782 1040 2996 1103; x_wconf 80' lang='grc' dir='ltr'>πολλοῖς</span> <span class='ocrx_word' id='word_1_119' title='bbox 3020 1058 3033 1072; x_wconf 79' lang='grc' dir='ltr'><strong><em>ο</em></strong></span> <span class='ocrx_word' id='word_1_120' title='bbox 3072 1043 3128 1094; x_wconf 86' lang='grc' dir='ltr'>ὲν</span> <span class='ocrx_word' id='word_1_121' title='bbox 3156 1040 3322 1112; x_wconf 78' lang='grc' dir='ltr'>ταύτῃ</span> <span class='ocrx_word' id='word_1_122' title='bbox 3347 1042 3400 1096; x_wconf 74' lang='grc' dir='ltr'>δὲ</span> <span class='ocrx_word' id='word_1_123' title='bbox 3432 1044 3660 1115; x_wconf 82' lang='grc' dir='ltr'>’1ησοῦς,ό</span> 
     </span>
    </p>
   </div>
   <div class='ocr_carea' id='block_1_20' title="bbox 478 1131 2058 1207">
    <p class='ocr_par' dir='ltr' id='par_1_20' title="bbox 478 1133 2053 1203">
     <span class='ocr_line' id='line_1_20' title="bbox 478 1133 2053 1203; baseline -0.004 -12"><span class='ocrx_word' id='word_1_124' title='bbox 478 1136 654 1193; x_wconf 82' lang='lat' dir='ltr'><strong>Josua</strong></span> <span class='ocrx_word' id='word_1_125' title='bbox 689 1136 834 1191; x_wconf 78' lang='lat' dir='ltr'><strong>(ilius</strong></span> <span class='ocrx_word' id='word_1_126' title='bbox 864 1134 1013 1190; x_wconf 83' lang='lat' dir='ltr'><strong>Nave</strong></span> <span class='ocrx_word' id='word_1_127' title='bbox 1041 1149 1151 1189; x_wconf 91' lang='lat' dir='ltr'><strong>non</strong></span> <span class='ocrx_word' id='word_1_128' title='bbox 1179 1134 1545 1190; x_wconf 91' lang='lat' dir='ltr'><strong>circumcisos</strong></span> <span class='ocrx_word' id='word_1_129' title='bbox 1579 1134 1645 1188; x_wconf 88' lang='lat' dir='ltr'><strong>de</strong></span> <span class='ocrx_word' id='word_1_130' title='bbox 1675 1133 1878 1203; x_wconf 86' lang='lat' dir='ltr'><strong>popqu</strong></span> <span class='ocrx_word' id='word_1_131' title='bbox 1928 1133 2053 1188; x_wconf 78' lang='lat' dir='ltr'><strong>cul-</strong></span> 
     </span>
    </p>
   </div>
   <div class='ocr_carea' id='block_1_21' title="bbox 2154 1131 3658 1207">
    <p class='ocr_par' dir='ltr' id='par_1_21' title="bbox 2154 1131 3658 1207">
     <span class='ocr_line' id='line_1_21' title="bbox 2154 1131 3658 1207; baseline 0 -19"><span class='ocrx_word' id='word_1_132' title='bbox 2154 1134 2250 1189; x_wconf 87' lang='grc' dir='ltr'><strong>τοῦ</strong></span> <span class='ocrx_word' id='word_1_133' title='bbox 2288 1133 2465 1204; x_wconf 80' lang='grc' dir='ltr'>Ναυῆ,</span> <span class='ocrx_word' id='word_1_134' title='bbox 2514 1133 2638 1197; x_wconf 79' lang='grc' dir='ltr'>τοὺς</span> <span class='ocrx_word' id='word_1_135' title='bbox 2688 1132 3098 1203; x_wconf 85' lang='grc' dir='ltr'>ἀπεριτμήτους</span> <span class='ocrx_word' id='word_1_136' title='bbox 3133 1131 3227 1185; x_wconf 91' lang='grc' dir='ltr'><strong>τοῦ</strong></span> <span class='ocrx_word' id='word_1_137' title='bbox 3271 1131 3394 1187; x_wconf 86' lang='grc' dir='ltr'>λαοῦ</span> <span class='ocrx_word' id='word_1_138' title='bbox 3418 1137 3658 1207; x_wconf 79' lang='grc' dir='ltr'>περιέτεμε</span> 
     </span>
    </p>
   </div>
   <div class='ocr_carea' id='block_1_22' title="bbox 479 1223 2058 1299">
    <p class='ocr_par' dir='ltr' id='par_1_22' title="bbox 479 1225 2057 1299">
     <span class='ocr_line' id='line_1_22' title="bbox 479 1225 2057 1299; baseline -0.003 -17"><span class='ocrx_word' id='word_1_139' title='bbox 479 1228 585 1284; x_wconf 88' lang='lat' dir='ltr'><strong>tris</strong></span> <span class='ocrx_word' id='word_1_140' title='bbox 620 1227 855 1299; x_wconf 82' lang='lat' dir='ltr'><strong>lapideis</strong></span> <span class='ocrx_word' id='word_1_141' title='bbox 886 1225 1307 1281; x_wconf 79' lang='lat' dir='ltr'><strong>circumcidit&#39;:</strong></span> <span class='ocrx_word' id='word_1_142' title='bbox 1344 1226 1400 1281; x_wconf 91' lang='lat' dir='ltr'><strong>in</strong></span> <span class='ocrx_word' id='word_1_143' title='bbox 1454 1227 1558 1281; x_wconf 88' lang='lat' dir='ltr'><strong>hac</strong></span> <span class='ocrx_word' id='word_1_144' title='bbox 1605 1225 1793 1281; x_wconf 87' lang='lat' dir='ltr'><strong>eadem</strong></span> <span class='ocrx_word' id='word_1_145' title='bbox 1847 1225 2057 1280; x_wconf 85' lang='lat' dir='ltr'><strong>duode-</strong></span> 
     </span>
    </p>
   </div>
   <div class='ocr_carea' id='block_1_23' title="bbox 2154 1223 3660 1299">
    <p class='ocr_par' dir='ltr' id='par_1_23' title="bbox 2155 1223 3660 1298">
     <span class='ocr_line' id='line_1_23' title="bbox 2155 1223 3660 1298; baseline -0.004 -17"><span class='ocrx_word' id='word_1_146' title='bbox 2155 1230 2274 1291; x_wconf 84' lang='grc' dir='ltr'>ταῖς</span> <span class='ocrx_word' id='word_1_147' title='bbox 2304 1224 2584 1297; x_wconf 77' lang='grc' dir='ltr'><strong>πετρίναις</strong></span> <span class='ocrx_word' id='word_1_148' title='bbox 2612 1224 2908 1296; x_wconf 83' lang='grc' dir='ltr'>μαχαίραις</span> <span class='ocrx_word' id='word_1_149' title='bbox 2932 1223 3275 1294; x_wconf 80' lang='grc' dir='ltr'>χρησάμενος</span> <span class='ocrx_word' id='word_1_150' title='bbox 3345 1226 3399 1279; x_wconf 75' lang='grc' dir='ltr'>ἐν</span> <span class='ocrx_word' id='word_1_151' title='bbox 3419 1227 3538 1298; x_wconf 75' lang='grc' dir='ltr'>αὐτῇ</span> <span class='ocrx_word' id='word_1_152' title='bbox 3560 1228 3660 1281; x_wconf 75' lang='grc' dir='ltr'>καὶι</span> 
     </span>
    </p>
   </div>
   <div class='ocr_carea' id='block_1_24' title="bbox 481 1313 2058 1391">
    <p class='ocr_par' dir='ltr' id='par_1_24' title="bbox 481 1315 2056 1389">
     <span class='ocr_line' id='line_1_24' title="bbox 481 1315 2056 1389; baseline -0.002 -14"><span class='ocrx_word' id='word_1_153' title='bbox 481 1321 591 1375; x_wconf 84' lang='lat' dir='ltr'><strong>eim</strong></span> <span class='ocrx_word' id='word_1_154' title='bbox 642 1319 856 1389; x_wconf 87' lang='lat' dir='ltr'><strong>lapides</strong></span> <span class='ocrx_word' id='word_1_155' title='bbox 915 1318 1186 1389; x_wconf 87' lang='lat' dir='ltr'><strong>reposuit,</strong></span> <span class='ocrx_word' id='word_1_156' title='bbox 1240 1332 1380 1388; x_wconf 90' lang='lat' dir='ltr'><strong>quos</strong></span> <span class='ocrx_word' id='word_1_157' title='bbox 1434 1333 1502 1373; x_wconf 77' lang='lat' dir='ltr'><strong>ex</strong></span> <span class='ocrx_word' id='word_1_158' title='bbox 1558 1317 1737 1372; x_wconf 89' lang='lat' dir='ltr'><strong>medio</strong></span> <span class='ocrx_word' id='word_1_159' title='bbox 1798 1315 2056 1372; x_wconf 81' lang='lat' dir='ltr'><strong>Jordanis</strong></span> 
     </span>
    </p>
   </div>
   <div class='ocr_carea' id='block_1_25' title="bbox 2154 1313 3662 1391">
    <p class='ocr_par' dir='ltr' id='par_1_25' title="bbox 2155 1313 3662 1391">
     <span class='ocr_line' id='line_1_25' title="bbox 2155 1313 3662 1391; baseline -0.001 -18"><span class='ocrx_word' id='word_1_160' title='bbox 2155 1321 2281 1383; x_wconf 78' lang='grc' dir='ltr'>τοὺς</span> <span class='ocrx_word' id='word_1_161' title='bbox 2308 1317 2517 1371; x_wconf 85' lang='grc' dir='ltr'>δώδεκα</span> <span class='ocrx_word' id='word_1_162' title='bbox 2550 1316 2733 1379; x_wconf 90' lang='grc' dir='ltr'>λίθους</span> <span class='ocrx_word' id='word_1_163' title='bbox 2761 1314 3015 1378; x_wconf 84' lang='grc' dir='ltr'>ἀπέθετο,</span> <span class='ocrx_word' id='word_1_164' title='bbox 3053 1313 3150 1378; x_wconf 85' lang='grc' dir='ltr'><strong>οὒς</strong></span> <span class='ocrx_word' id='word_1_165' title='bbox 3183 1316 3246 1368; x_wconf 77' lang='grc' dir='ltr'>ὲκ</span> <span class='ocrx_word' id='word_1_166' title='bbox 3276 1315 3429 1385; x_wconf 82' lang='grc' dir='ltr'>μέσου</span> <span class='ocrx_word' id='word_1_167' title='bbox 3449 1316 3531 1370; x_wconf 87' lang='grc' dir='ltr'><strong>τοῦ</strong></span> <span class='ocrx_word' id='word_1_168' title='bbox 3560 1319 3662 1391; x_wconf 78' lang='grc' dir='ltr'>Ἰορο</span> 
     </span>
    </p>
   </div>
   <div class='ocr_carea' id='block_1_26' title="bbox 484 1400 2058 1481">
    <p class='ocr_par' dir='ltr' id='par_1_26' title="bbox 484 1409 2054 1481">
     <span class='ocr_line' id='line_1_26' title="bbox 484 1409 2054 1481; baseline -0.003 -14"><span class='ocrx_word' id='word_1_169' title='bbox 484 1415 643 1469; x_wconf 85' lang='lat' dir='ltr'><strong>alveo</strong></span> <span class='ocrx_word' id='word_1_170' title='bbox 676 1411 1028 1481; x_wconf 85' lang='lat' dir='ltr'><strong>accipiendos</strong></span> <span class='ocrx_word' id='word_1_171' title='bbox 1059 1410 1310 1480; x_wconf 85' lang='lat' dir='ltr'><strong>jusserat</strong></span> <span class='ocrx_word' id='word_1_172' title='bbox 1345 1410 1609 1465; x_wconf 87' lang='lat' dir='ltr'><strong>Dominus</strong></span> <span class='ocrx_word' id='word_1_173' title='bbox 1628 1418 1676 1473; x_wconf 74' lang='grc' dir='ltr'>ι,</span> <span class='ocrx_word' id='word_1_174' title='bbox 1708 1417 1765 1463; x_wconf 83' lang='grc' dir='ltr'><strong>ιιι</strong></span> <span class='ocrx_word' id='word_1_175' title='bbox 1804 1409 2054 1464; x_wconf 84' lang='lat' dir='ltr'><strong>beneﬁcii</strong></span> 
     </span>
    </p>
   </div>
   <div class='ocr_carea' id='block_1_27' title="bbox 2154 1400 3664 1481">
    <p class='ocr_par' dir='ltr' id='par_1_27' title="bbox 2155 1400 3664 1479">
     <span class='ocr_line' id='line_1_27' title="bbox 2155 1400 3664 1479; baseline 0 -15"><span class='ocrx_word' id='word_1_176' title='bbox 2155 1410 2313 1464; x_wconf 78' lang='grc' dir='ltr'>δὰνού</span> <span class='ocrx_word' id='word_1_177' title='bbox 2346 1409 2530 1462; x_wconf 81' lang='grc' dir='ltr'>λαόεἰν</span> <span class='ocrx_word' id='word_1_178' title='bbox 2562 1405 2890 1478; x_wconf 81' lang='grc' dir='ltr'>προσέταξεν</span> <span class='ocrx_word' id='word_1_179' title='bbox 2915 1409 2942 1460; x_wconf 88' lang='grc' dir='ltr'>ὁ</span> <span class='ocrx_word' id='word_1_180' title='bbox 2974 1404 3130 1470; x_wconf 80' lang='grc' dir='ltr'>Θεὸς,</span> <span class='ocrx_word' id='word_1_181' title='bbox 3160 1404 3226 1459; x_wconf 78' lang='grc' dir='ltr'>ἵν’</span> <span class='ocrx_word' id='word_1_182' title='bbox 3254 1400 3350 1461; x_wconf 84' lang='grc' dir='ltr'><strong>ὧσι</strong></span> <span class='ocrx_word' id='word_1_183' title='bbox 3381 1411 3664 1479; x_wconf 78' lang='grc' dir='ltr'>μνημόσυνον</span> 
     </span>
    </p>
   </div>
   <div class='ocr_carea' id='block_1_28' title="bbox 483 1496 2058 1574">
    <p class='ocr_par' dir='ltr' id='par_1_28' title="bbox 483 1502 2055 1574">
     <span class='ocr_line' id='line_1_28' title="bbox 483 1502 2055 1574; baseline -0.002 -16"><span class='ocrx_word' id='word_1_184' title='bbox 483 1505 697 1574; x_wconf 89' lang='lat' dir='ltr'><strong>accepti</strong></span> <span class='ocrx_word' id='word_1_185' title='bbox 730 1513 917 1559; x_wconf 89' lang='lat' dir='ltr'><strong>essent</strong></span> <span class='ocrx_word' id='word_1_186' title='bbox 966 1511 1407 1565; x_wconf 75' lang='lat' dir='ltr'><strong>monumentum,</strong></span> <span class='ocrx_word' id='word_1_187' title='bbox 1466 1516 1530 1557; x_wconf 89' lang='lat' dir='ltr'><strong>ac</strong></span> <span class='ocrx_word' id='word_1_188' title='bbox 1573 1517 1667 1572; x_wconf 91' lang='lat' dir='ltr'><strong>per</strong></span> <span class='ocrx_word' id='word_1_189' title='bbox 1709 1502 1811 1558; x_wconf 89' lang='lat' dir='ltr'><strong>hos</strong></span> <span class='ocrx_word' id='word_1_190' title='bbox 1848 1515 2055 1571; x_wconf 77' lang='lat' dir='ltr'><strong>cegno-</strong></span> 
     </span>
    </p>
   </div>
   <div class='ocr_carea' id='block_1_29' title="bbox 2154 1496 3663 1574">
    <p class='ocr_par' dir='ltr' id='par_1_29' title="bbox 2156 1496 3663 1572">
     <span class='ocr_line' id='line_1_29' title="bbox 2156 1496 3663 1572; baseline -0.001 -17"><span class='ocrx_word' id='word_1_191' title='bbox 2156 1502 2257 1572; x_wconf 79' lang='grc' dir='ltr'>τῆς</span> <span class='ocrx_word' id='word_1_192' title='bbox 2284 1498 2583 1570; x_wconf 84' lang='grc' dir='ltr'>γενομένης</span> <span class='ocrx_word' id='word_1_193' title='bbox 2629 1496 2968 1568; x_wconf 78' lang='grc' dir='ltr'>εὐεργεσίας,</span> <span class='ocrx_word' id='word_1_194' title='bbox 3007 1497 3100 1549; x_wconf 69' lang='grc' dir='ltr'>καὶ</span> <span class='ocrx_word' id='word_1_195' title='bbox 3132 1496 3199 1550; x_wconf 82' lang='grc' dir='ltr'>δι’</span> <span class='ocrx_word' id='word_1_196' title='bbox 3231 1497 3442 1552; x_wconf 63' lang='grc' dir='ltr'>ἐκείνων</span> <span class='ocrx_word' id='word_1_197' title='bbox 3469 1498 3663 1569; x_wconf 79' lang='grc' dir='ltr'>μάθωσιν</span> 
     </span>
    </p>
   </div>
   <div class='ocr_carea' id='block_1_30' title="bbox 484 1587 2058 1665">
    <p class='ocr_par' dir='ltr' id='par_1_30' title="bbox 484 1591 2054 1665">
     <span class='ocr_line' id='line_1_30' title="bbox 484 1591 2054 1665; baseline -0.005 -13"><span class='ocrx_word' id='word_1_198' title='bbox 484 1605 711 1652; x_wconf 83' lang='lat' dir='ltr'><strong>sccrent</strong></span> <span class='ocrx_word' id='word_1_199' title='bbox 739 1595 970 1665; x_wconf 86' lang='lat' dir='ltr'><strong>posteri,</strong></span> <span class='ocrx_word' id='word_1_200' title='bbox 1004 1594 1148 1663; x_wconf 88' lang='lat' dir='ltr'><strong>quod</strong></span> <span class='ocrx_word' id='word_1_201' title='bbox 1180 1595 1331 1648; x_wconf 88' lang='lat' dir='ltr'><strong>sicco</strong></span> <span class='ocrx_word' id='word_1_202' title='bbox 1361 1592 1499 1665; x_wconf 86' lang='lat' dir='ltr'><strong>pede</strong></span> <span class='ocrx_word' id='word_1_203' title='bbox 1549 1593 1789 1663; x_wconf 89' lang='lat' dir='ltr'><strong>p0pulus</strong></span> <span class='ocrx_word' id='word_1_204' title='bbox 1851 1591 2054 1645; x_wconf 82' lang='lat' dir='ltr'><strong>ilutnen</strong></span> 
     </span>
    </p>
   </div>
   <div class='ocr_carea' id='block_1_31' title="bbox 2154 1587 3666 1665">
    <p class='ocr_par' dir='ltr' id='par_1_31' title="bbox 2156 1587 3666 1662">
     <span class='ocr_line' id='line_1_31' title="bbox 2156 1587 3666 1662; baseline -0.002 -15"><span class='ocrx_word' id='word_1_205' title='bbox 2156 1595 2205 1647; x_wconf 92' lang='grc' dir='ltr'>οἱ</span> <span class='ocrx_word' id='word_1_206' title='bbox 2235 1594 2314 1656; x_wconf 75' lang='grc' dir='ltr'>εἰς</span> <span class='ocrx_word' id='word_1_207' title='bbox 2365 1591 2591 1662; x_wconf 81' lang='grc' dir='ltr'>ὓστερον</span> <span class='ocrx_word' id='word_1_208' title='bbox 2616 1590 2887 1660; x_wconf 75' lang='grc' dir='ltr'>ἐσόμενοι,</span> <span class='ocrx_word' id='word_1_209' title='bbox 2936 1587 3012 1651; x_wconf 86' lang='grc' dir='ltr'><strong>ώς</strong></span> <span class='ocrx_word' id='word_1_210' title='bbox 3047 1588 3198 1660; x_wconf 78' lang='grc' dir='ltr'>ξηρῷ</span> <span class='ocrx_word' id='word_1_211' title='bbox 3224 1590 3299 1659; x_wconf 84' lang='grc' dir='ltr'>τῷ</span> <span class='ocrx_word' id='word_1_212' title='bbox 3325 1590 3464 1662; x_wconf 84' lang='grc' dir='ltr'>πόρῳ</span> <span class='ocrx_word' id='word_1_213' title='bbox 3503 1593 3666 1662; x_wconf 63' lang='lat' dir='ltr'><strong>xequa-</strong></span> 
     </span>
    </p>
   </div>
   <div class='ocr_carea' id='block_1_32' title="bbox 481 1680 2058 1756">
    <p class='ocr_par' dir='ltr' id='par_1_32' title="bbox 481 1683 2056 1755">
     <span class='ocr_line' id='line_1_32' title="bbox 481 1683 2056 1755; baseline -0.003 -14"><span class='ocrx_word' id='word_1_214' title='bbox 481 1688 915 1742; x_wconf 86' lang='lat' dir='ltr'><strong>transmisisset.</strong></span> <span class='ocrx_word' id='word_1_215' title='bbox 990 1685 1226 1739; x_wconf 76' lang='lat' dir='ltr'><strong>Maxime</strong></span> <span class='ocrx_word' id='word_1_216' title='bbox 1256 1684 1459 1755; x_wconf 75' lang='lat' dir='ltr'><strong>ingrati</strong></span> <span class='ocrx_word' id='word_1_217' title='bbox 1521 1684 1707 1754; x_wconf 89' lang='lat' dir='ltr'><strong>itaque</strong></span> <span class='ocrx_word' id='word_1_218' title='bbox 1763 1684 1930 1737; x_wconf 89' lang='lat' dir='ltr'><strong>animi</strong></span> <span class='ocrx_word' id='word_1_219' title='bbox 1980 1683 2056 1737; x_wconf 84' lang='lat' dir='ltr'><strong>si-</strong></span> 
     </span>
    </p>
   </div>
   <div class='ocr_carea' id='block_1_33' title="bbox 2154 1680 3668 1756">
    <p class='ocr_par' dir='ltr' id='par_1_33' title="bbox 2163 1680 3668 1756">
     <span class='ocr_line' id='line_1_33' title="bbox 2163 1680 3668 1756; baseline -0.001 -19"><span class='ocrx_word' id='word_1_220' title='bbox 2163 1702 2321 1756; x_wconf 85' lang='grc' dir='ltr'>μενος</span> <span class='ocrx_word' id='word_1_221' title='bbox 2352 1686 2381 1738; x_wconf 84' lang='grc' dir='ltr'><strong>ὁ</strong></span> <span class='ocrx_word' id='word_1_222' title='bbox 2413 1682 2542 1746; x_wconf 79' lang='grc' dir='ltr'>λαὸς</span> <span class='ocrx_word' id='word_1_223' title='bbox 2573 1682 2672 1752; x_wconf 77' lang='grc' dir='ltr'><strong>τὴν</strong></span> <span class='ocrx_word' id='word_1_224' title='bbox 2699 1680 2932 1752; x_wconf 79' lang='grc' dir='ltr'>πάροδον</span> <span class='ocrx_word' id='word_1_225' title='bbox 2965 1682 3276 1751; x_wconf 79' lang='grc' dir='ltr'>ἐποιήσατο.</span> <span class='ocrx_word' id='word_1_226' title='bbox 3322 1683 3567 1754; x_wconf 79' lang='grc' dir='ltr'>Μεγίστης</span> <span class='ocrx_word' id='word_1_227' title='bbox 3587 1684 3668 1737; x_wconf 83' lang='grc' dir='ltr'>τοί-</span> 
     </span>
    </p>
   </div>
   <div class='ocr_carea' id='block_1_34' title="bbox 484 1752 2058 1852">
    <p class='ocr_par' dir='ltr' id='par_1_34' title="bbox 484 1774 2055 1852">
     <span class='ocr_line' id='line_1_34' title="bbox 484 1774 2055 1852; baseline -0.003 -19"><span class='ocrx_word' id='word_1_228' title='bbox 484 1795 652 1852; x_wconf 75' lang='lat' dir='ltr'><strong>gnum</strong></span> <span class='ocrx_word' id='word_1_229' title='bbox 688 1790 795 1841; x_wconf 85' lang='lat' dir='ltr'><strong>est,</strong></span> <span class='ocrx_word' id='word_1_230' title='bbox 827 1778 1021 1833; x_wconf 80' lang='lat' dir='ltr'><strong>urbem</strong></span> <span class='ocrx_word' id='word_1_231' title='bbox 1077 1778 1252 1841; x_wconf 72' lang='lat' dir='ltr'><strong>illam,</strong></span> <span class='ocrx_word' id='word_1_232' title='bbox 1286 1778 1340 1831; x_wconf 93' lang='lat' dir='ltr'><strong>in</strong></span> <span class='ocrx_word' id='word_1_233' title='bbox 1385 1792 1494 1846; x_wconf 88' lang='lat' dir='ltr'><strong>qua</strong></span> <span class='ocrx_word' id='word_1_234' title='bbox 1539 1784 1688 1830; x_wconf 88' lang='lat' dir='ltr'><strong>tanta</strong></span> <span class='ocrx_word' id='word_1_235' title='bbox 1724 1775 1926 1829; x_wconf 67' lang='lat' dir='ltr'><strong>divina!</strong></span> <span class='ocrx_word' id='word_1_236' title='bbox 1961 1774 2055 1829; x_wconf 84' lang='lat' dir='ltr'><strong>be-</strong></span> 
     </span>
    </p>
   </div>
   <div class='ocr_carea' id='block_1_35' title="bbox 2154 1752 3666 1852">
    <p class='ocr_par' dir='ltr' id='par_1_35' title="bbox 2162 1752 3666 1849">
     <span class='ocr_line' id='line_1_35' title="bbox 2162 1752 3666 1849; baseline -0.002 -18"><span class='ocrx_word' id='word_1_237' title='bbox 2162 1752 2256 1832; x_wconf 79' lang='grc' dir='ltr'><strong>νυν</strong></span> <span class='ocrx_word' id='word_1_238' title='bbox 2295 1775 2613 1846; x_wconf 79' lang='grc' dir='ltr'>ἀχαριστίας</span> <span class='ocrx_word' id='word_1_239' title='bbox 2638 1774 2938 1843; x_wconf 83' lang='grc' dir='ltr'>τεκμήριον</span> <span class='ocrx_word' id='word_1_240' title='bbox 2960 1772 3019 1825; x_wconf 72' lang='grc' dir='ltr'>τὸ</span> <span class='ocrx_word' id='word_1_241' title='bbox 3044 1771 3142 1842; x_wconf 84' lang='grc' dir='ltr'><strong>τὴν</strong></span> <span class='ocrx_word' id='word_1_242' title='bbox 3170 1773 3316 1827; x_wconf 75' lang='grc' dir='ltr'>πόλιν</span> <span class='ocrx_word' id='word_1_243' title='bbox 3348 1752 3556 1846; x_wconf 75' lang='grc' dir='ltr'>ἐκείνην,</span> <span class='ocrx_word' id='word_1_244' title='bbox 3578 1769 3666 1849; x_wconf 76' lang='grc' dir='ltr'><strong>ὲνῇ</strong></span> 
     </span>
    </p>
   </div>
   <div class='ocr_carea' id='block_1_36' title="bbox 484 1857 2058 1940">
    <p class='ocr_par' dir='ltr' id='par_1_36' title="bbox 484 1866 2057 1940">
     <span class='ocr_line' id='line_1_36' title="bbox 484 1866 2057 1940; baseline -0.001 -15"><span class='ocrx_word' id='word_1_245' title='bbox 484 1870 779 1940; x_wconf 79' lang='lat' dir='ltr'><strong>nignitatis</strong></span> <span class='ocrx_word' id='word_1_246' title='bbox 810 1876 1166 1923; x_wconf 89' lang='lat' dir='ltr'><strong>monumenta</strong></span> <span class='ocrx_word' id='word_1_247' title='bbox 1190 1867 1566 1937; x_wconf 85' lang='lat' dir='ltr'><strong>accepissent,</strong></span> <span class='ocrx_word' id='word_1_248' title='bbox 1601 1866 1905 1937; x_wconf 87' lang='lat' dir='ltr'><strong>impietatis</strong></span> <span class='ocrx_word' id='word_1_249' title='bbox 1934 1881 2057 1923; x_wconf 88' lang='lat' dir='ltr'><strong>esse</strong></span> 
     </span>
    </p>
   </div>
   <div class='ocr_carea' id='block_1_37' title="bbox 2154 1857 3668 1940">
    <p class='ocr_par' dir='ltr' id='par_1_37' title="bbox 2162 1857 3668 1937">
     <span class='ocr_line' id='line_1_37' title="bbox 2162 1857 3668 1937; baseline -0.001 -17"><span class='ocrx_word' id='word_1_250' title='bbox 2162 1865 2407 1921; x_wconf 80' lang='grc' dir='ltr'>τοσαῦτα</span> <span class='ocrx_word' id='word_1_251' title='bbox 2449 1867 2685 1936; x_wconf 79' lang='grc' dir='ltr'>μνημεῖα</span> <span class='ocrx_word' id='word_1_252' title='bbox 2726 1862 2827 1932; x_wconf 85' lang='grc' dir='ltr'><strong>τῆς</strong></span> <span class='ocrx_word' id='word_1_253' title='bbox 2857 1861 3009 1925; x_wconf 80' lang='grc' dir='ltr'>θείας</span> <span class='ocrx_word' id='word_1_254' title='bbox 3053 1857 3199 1932; x_wconf 75' lang='grc' dir='ltr'>εἶχον</span> <span class='ocrx_word' id='word_1_255' title='bbox 3231 1865 3538 1937; x_wconf 75' lang='grc' dir='ltr'>εὐεργεσίας,</span> <span class='ocrx_word' id='word_1_256' title='bbox 3571 1866 3668 1919; x_wconf 80' lang='grc' dir='ltr'>ἀσε-</span> 
     </span>
    </p>
   </div>
   <div class='ocr_carea' id='block_1_38' title="bbox 484 1956 2058 2031">
    <p class='ocr_par' dir='ltr' id='par_1_38' title="bbox 484 1958 2057 2031">
     <span class='ocr_line' id='line_1_38' title="bbox 484 1958 2057 2031; baseline -0.002 -16"><span class='ocrx_word' id='word_1_257' title='bbox 484 1964 685 2016; x_wconf 80' lang='lat' dir='ltr'><strong>factam</strong></span> <span class='ocrx_word' id='word_1_258' title='bbox 718 1960 1069 2031; x_wconf 90' lang='lat' dir='ltr'><strong>metropolin.</strong></span> <span class='ocrx_word' id='word_1_259' title='bbox 1106 1960 1220 2015; x_wconf 90' lang='lat' dir='ltr'><strong>lloc</strong></span> <span class='ocrx_word' id='word_1_260' title='bbox 1250 1968 1431 2014; x_wconf 87' lang='lat' dir='ltr'><strong>autem</strong></span> <span class='ocrx_word' id='word_1_261' title='bbox 1469 1979 1481 2014; x_wconf 91' lang='lat'><strong>:</strong></span> <span class='ocrx_word' id='word_1_262' title='bbox 1517 1979 1534 2010; x_wconf 82' lang='grc' dir='ltr'><strong>ι</strong></span> <span class='ocrx_word' id='word_1_263' title='bbox 1576 1958 1653 2013; x_wconf 80' lang='lat' dir='ltr'><strong>Ne</strong></span> <span class='ocrx_word' id='word_1_264' title='bbox 1700 1958 1901 2028; x_wconf 81' lang='lat' dir='ltr'><strong>juretis</strong></span> <span class='ocrx_word' id='word_1_265' title='bbox 1960 1974 2057 2029; x_wconf 86' lang='lat' dir='ltr'><strong>per</strong></span> 
     </span>
    </p>
   </div>
   <div class='ocr_carea' id='block_1_39' title="bbox 2154 1956 3669 2031">
    <p class='ocr_par' dir='ltr' id='par_1_39' title="bbox 2164 1956 3669 2030">
     <span class='ocr_line' id='line_1_39' title="bbox 2164 1956 3669 2030; baseline -0.001 -17"><span class='ocrx_word' id='word_1_266' title='bbox 2164 1960 2319 2024; x_wconf 79' lang='grc' dir='ltr'>ϐείας</span> <span class='ocrx_word' id='word_1_267' title='bbox 2346 1960 2621 2030; x_wconf 75' lang='grc' dir='ltr'>ἀποφῆναι</span> <span class='ocrx_word' id='word_1_268' title='bbox 2664 1956 3018 2028; x_wconf 77' lang='grc' dir='ltr'>μητρόπολιν.</span> <span class='ocrx_word' id='word_1_269' title='bbox 3070 1958 3149 2011; x_wconf 81' lang='grc' dir='ltr'>Τὸ</span> <span class='ocrx_word' id='word_1_270' title='bbox 3189 1958 3266 2023; x_wconf 77' lang='grc' dir='ltr'>δὲ,</span> <span class='ocrx_word' id='word_1_271' title='bbox 3317 1975 3334 2007; x_wconf 84' lang='grc' dir='ltr'><strong>ι</strong></span> <span class='ocrx_word' id='word_1_272' title='bbox 3368 1956 3453 2029; x_wconf 80' lang='grc' dir='ltr'><strong>Μὴ</strong></span> <span class='ocrx_word' id='word_1_273' title='bbox 3490 1958 3669 2030; x_wconf 71' lang='grc' dir='ltr'>ὀμνύετε</span> 
     </span>
    </p>
   </div>
   <div class='ocr_carea' id='block_1_40' title="bbox 483 2047 2057 2112">
    <p class='ocr_par' dir='ltr' id='par_1_40' title="bbox 483 2047 2057 2112">
     <span class='ocr_line' id='line_1_40' title="bbox 483 2047 2057 2112; baseline -0.001 -9"><span class='ocrx_word' id='word_1_274' title='bbox 483 2049 777 2106; x_wconf 89' lang='lat' dir='ltr'><strong>Dominum</strong></span> <span class='ocrx_word' id='word_1_275' title='bbox 824 2050 1107 2103; x_wconf 72' lang='lat' dir='ltr'><strong>.viventem</strong></span> <span class='ocrx_word' id='word_1_276' title='bbox 1135 2088 1150 2112; x_wconf 90' lang='lat'><strong>,</strong></span> <span class='ocrx_word' id='word_1_277' title='bbox 1192 2067 1211 2099; x_wconf 73' lang='grc' dir='ltr'><strong>ι</strong></span> <span class='ocrx_word' id='word_1_278' title='bbox 1283 2063 1392 2102; x_wconf 91' lang='lat' dir='ltr'><strong>non</strong></span> <span class='ocrx_word' id='word_1_279' title='bbox 1457 2049 1557 2103; x_wconf 85' lang='lat' dir='ltr'><strong>abs</strong></span> <span class='ocrx_word' id='word_1_280' title='bbox 1617 2064 1677 2103; x_wconf 87' lang='lat' dir='ltr'><strong>re</strong></span> <span class='ocrx_word' id='word_1_281' title='bbox 1735 2054 1883 2103; x_wconf 84' lang='lat' dir='ltr'><strong>vetat</strong></span> <span class='ocrx_word' id='word_1_282' title='bbox 1914 2062 1929 2101; x_wconf 89' lang='lat'><strong>:</strong></span> <span class='ocrx_word' id='word_1_283' title='bbox 1957 2047 2057 2102; x_wconf 90' lang='lat' dir='ltr'><strong>sed</strong></span> 
     </span>
    </p>
   </div>
   <div class='ocr_carea' id='block_1_41' title="bbox 483 2136 2059 2209">
    <p class='ocr_par' dir='ltr' id='par_1_41' title="bbox 483 2136 2059 2209">
     <span class='ocr_line' id='line_1_41' title="bbox 483 2136 2059 2209; baseline 0 -18"><span class='ocrx_word' id='word_1_284' title='bbox 483 2147 777 2209; x_wconf 86' lang='lat' dir='ltr'><strong>propterea</strong></span> <span class='ocrx_word' id='word_1_285' title='bbox 812 2137 958 2206; x_wconf 91' lang='lat' dir='ltr'><strong>quod</strong></span> <span class='ocrx_word' id='word_1_286' title='bbox 989 2138 1081 2206; x_wconf 90' lang='lat' dir='ltr'><strong>qui</strong></span> <span class='ocrx_word' id='word_1_287' title='bbox 1147 2137 1254 2206; x_wconf 90' lang='lat' dir='ltr'><strong>ipsi</strong></span> <span class='ocrx_word' id='word_1_288' title='bbox 1306 2136 1387 2191; x_wconf 87' lang='lat' dir='ltr'><strong>On</strong></span> <span class='ocrx_word' id='word_1_289' title='bbox 1424 2137 1804 2200; x_wconf 64' lang='lat' dir='ltr'><strong>adhaeserant,</strong></span> <span class='ocrx_word' id='word_1_290' title='bbox 1851 2146 1906 2191; x_wconf 87' lang='lat' dir='ltr'><strong>et</strong></span> <span class='ocrx_word' id='word_1_291' title='bbox 1961 2151 2059 2207; x_wconf 82' lang='lat' dir='ltr'><strong>per</strong></span> 
     </span>
    </p>
   </div>
   <div class='ocr_carea' id='block_1_42' title="bbox 484 2226 2060 2298">
    <p class='ocr_par' dir='ltr' id='par_1_42' title="bbox 484 2226 2060 2298">
     <span class='ocr_line' id='line_1_42' title="bbox 484 2226 2060 2298; baseline -0.001 -16"><span class='ocrx_word' id='word_1_292' title='bbox 484 2230 590 2284; x_wconf 88' lang='lat' dir='ltr'><strong>hoc</strong></span> <span class='ocrx_word' id='word_1_293' title='bbox 626 2228 837 2283; x_wconf 82' lang='lat' dir='ltr'><strong>idolum</strong></span> <span class='ocrx_word' id='word_1_294' title='bbox 868 2228 1151 2298; x_wconf 87' lang='lat' dir='ltr'><strong>jurabant,</strong></span> <span class='ocrx_word' id='word_1_295' title='bbox 1186 2228 1459 2283; x_wconf 89' lang='lat' dir='ltr'><strong>viventem</strong></span> <span class='ocrx_word' id='word_1_296' title='bbox 1492 2226 1779 2282; x_wconf 90' lang='lat' dir='ltr'><strong>Dominum</strong></span> <span class='ocrx_word' id='word_1_297' title='bbox 1809 2227 1863 2281; x_wconf 89' lang='lat' dir='ltr'><strong>id</strong></span> <span class='ocrx_word' id='word_1_298' title='bbox 1894 2242 2060 2281; x_wconf 88' lang='lat' dir='ltr'><strong>voca-</strong></span> 
     </span>
    </p>
   </div>
   <div class='ocr_carea' id='block_1_43' title="bbox 485 2316 2056 2389">
    <p class='ocr_par' dir='ltr' id='par_1_43' title="bbox 485 2316 2056 2389">
     <span class='ocr_line' id='line_1_43' title="bbox 485 2316 2056 2389; baseline -0.001 -16"><span class='ocrx_word' id='word_1_299' title='bbox 485 2322 642 2373; x_wconf 89' lang='lat' dir='ltr'><strong>bant.</strong></span> <span class='ocrx_word' id='word_1_300' title='bbox 688 2320 868 2389; x_wconf 87' lang='lat' dir='ltr'><strong>Atque</strong></span> <span class='ocrx_word' id='word_1_301' title='bbox 916 2319 1019 2373; x_wconf 68' lang='lat' dir='ltr'><strong>lzoc</strong></span> <span class='ocrx_word' id='word_1_302' title='bbox 1076 2318 1299 2373; x_wconf 85' lang='lat' dir='ltr'><strong>aliunde</strong></span> <span class='ocrx_word' id='word_1_303' title='bbox 1356 2318 1487 2374; x_wconf 84' lang='lat' dir='ltr'><strong>licet</strong></span> <span class='ocrx_word' id='word_1_304' title='bbox 1546 2333 1899 2388; x_wconf 79' lang='lat' dir='ltr'><strong>cognoscere.</strong></span> <span class='ocrx_word' id='word_1_305' title='bbox 1941 2337 1959 2369; x_wconf 75' lang='grc' dir='ltr'><strong>ι</strong></span> <span class='ocrx_word' id='word_1_306' title='bbox 1998 2316 2056 2372; x_wconf 90' lang='lat' dir='ltr'><strong>Si</strong></span> 
     </span>
    </p>
   </div>
   <div class='ocr_carea' id='block_1_44' title="bbox 483 2410 2057 2481">
    <p class='ocr_par' dir='ltr' id='par_1_44' title="bbox 483 2410 2057 2481">
     <span class='ocr_line' id='line_1_44' title="bbox 483 2410 2057 2481; baseline 0 -16"><span class='ocrx_word' id='word_1_307' title='bbox 483 2412 628 2465; x_wconf 87' lang='lat' dir='ltr'><strong>enim</strong></span> <span class='ocrx_word' id='word_1_308' title='bbox 656 2411 982 2476; x_wconf 88' lang='lat' dir='ltr'><strong>abstuleris,</strong></span> <span class='ocrx_word' id='word_1_309' title='bbox 1028 2411 1229 2480; x_wconf 90' lang='lat' dir='ltr'><strong>inquit,</strong></span> <span class='ocrx_word' id='word_1_310' title='bbox 1260 2410 1468 2465; x_wconf 89' lang='lat' dir='ltr'><strong>Baalim</strong></span> <span class='ocrx_word' id='word_1_311' title='bbox 1505 2411 1571 2466; x_wconf 84' lang='lat' dir='ltr'><strong>d&#39;e</strong></span> <span class='ocrx_word' id='word_1_312' title='bbox 1598 2425 1694 2466; x_wconf 88' lang='lat' dir='ltr'><strong>ore</strong></span> <span class='ocrx_word' id='word_1_313' title='bbox 1728 2418 1845 2475; x_wconf 89' lang='lat' dir='ltr'><strong>tuo,</strong></span> <span class='ocrx_word' id='word_1_314' title='bbox 1875 2420 1929 2467; x_wconf 89' lang='lat' dir='ltr'><strong>et</strong></span> <span class='ocrx_word' id='word_1_315' title='bbox 1966 2411 2057 2481; x_wconf 88' lang='lat' dir='ltr'><strong>ju-</strong></span> 
     </span>
    </p>
   </div>
   <div class='ocr_carea' id='block_1_45' title="bbox 485 2501 2055 2570">
    <p class='ocr_par' dir='ltr' id='par_1_45' title="bbox 485 2501 2055 2570">
     <span class='ocr_line' id='line_1_45' title="bbox 485 2501 2055 2570; baseline -0.001 -13"><span class='ocrx_word' id='word_1_316' title='bbox 485 2503 700 2557; x_wconf 86' lang='lat' dir='ltr'><strong>raveris</strong></span> <span class='ocrx_word' id='word_1_317' title='bbox 738 2521 753 2556; x_wconf 90' lang='lat'><strong>:</strong></span> <span class='ocrx_word' id='word_1_318' title='bbox 789 2501 941 2555; x_wconf 81' lang='lat' dir='ltr'><strong>Vivit</strong></span> <span class='ocrx_word' id='word_1_319' title='bbox 982 2501 1417 2563; x_wconf 77' lang='lat' dir='ltr'><strong>Doniinus.cunt</strong></span> <span class='ocrx_word' id='word_1_320' title='bbox 1455 2502 1720 2570; x_wconf 86' lang='lat' dir='ltr'><strong>veritate;</strong></span> <span class='ocrx_word' id='word_1_321' title='bbox 1758 2521 1777 2556; x_wconf 75' lang='grc' dir='ltr'><strong>ι</strong></span> <span class='ocrx_word' id='word_1_322' title='bbox 1813 2503 1919 2556; x_wconf 91' lang='lat' dir='ltr'><strong>hoc</strong></span> <span class='ocrx_word' id='word_1_323' title='bbox 1950 2511 2055 2570; x_wconf 86' lang='lat' dir='ltr'><strong>est,</strong></span> 
     </span>
    </p>
   </div>
   <div class='ocr_carea' id='block_1_46' title="bbox 485 2592 2058 2663">
    <p class='ocr_par' dir='ltr' id='par_1_46' title="bbox 485 2592 2058 2663">
     <span class='ocr_line' id='line_1_46' title="bbox 485 2592 2058 2663; baseline -0.001 -13"><span class='ocrx_word' id='word_1_324' title='bbox 485 2593 534 2650; x_wconf 85' lang='lat' dir='ltr'><strong>si</strong></span> <span class='ocrx_word' id='word_1_325' title='bbox 572 2592 844 2648; x_wconf 90' lang='lat' dir='ltr'><strong>idolorum</strong></span> <span class='ocrx_word' id='word_1_326' title='bbox 896 2592 1224 2663; x_wconf 76' lang='lat' dir='ltr'><strong>deposueris</strong></span> <span class='ocrx_word' id='word_1_327' title='bbox 1276 2593 1601 2648; x_wconf 87' lang='lat' dir='ltr'><strong>memoriam</strong></span> <span class='ocrx_word' id='word_1_328' title='bbox 1630 2633 1645 2658; x_wconf 91' lang='lat'><strong>,</strong></span> <span class='ocrx_word' id='word_1_329' title='bbox 1690 2601 1745 2649; x_wconf 91' lang='lat' dir='ltr'><strong>et</strong></span> <span class='ocrx_word' id='word_1_330' title='bbox 1793 2593 1928 2649; x_wconf 88' lang='lat' dir='ltr'><strong>mihi</strong></span> <span class='ocrx_word' id='word_1_331' title='bbox 1958 2608 2058 2649; x_wconf 88' lang='lat' dir='ltr'><strong>co-</strong></span> 
     </span>
    </p>
   </div>
   <div class='ocr_carea' id='block_1_47' title="bbox 486 2684 2058 2753">
    <p class='ocr_par' dir='ltr' id='par_1_47' title="bbox 486 2684 2058 2753">
     <span class='ocr_line' id='line_1_47' title="bbox 486 2684 2058 2753; baseline 0.002 -15"><span class='ocrx_word' id='word_1_332' title='bbox 486 2685 649 2739; x_wconf 87' lang='lat' dir='ltr'><strong>lendo</strong></span> <span class='ocrx_word' id='word_1_333' title='bbox 671 2684 890 2739; x_wconf 88' lang='lat' dir='ltr'><strong>dederis</strong></span> <span class='ocrx_word' id='word_1_334' title='bbox 918 2698 1162 2753; x_wconf 89' lang='lat' dir='ltr'><strong>operam,</strong></span> <span class='ocrx_word' id='word_1_335' title='bbox 1200 2693 1274 2748; x_wconf 88' lang='lat' dir='ltr'><strong>et,</strong></span> <span class='ocrx_word' id='word_1_336' title='bbox 1315 2685 1592 2739; x_wconf 85' lang='lat' dir='ltr'><strong>viventem</strong></span> <span class='ocrx_word' id='word_1_337' title='bbox 1629 2685 1919 2740; x_wconf 89' lang='lat' dir='ltr'><strong>Dominum</strong></span> <span class='ocrx_word' id='word_1_338' title='bbox 1972 2702 2058 2742; x_wconf 87' lang='lat' dir='ltr'><strong>me</strong></span> 
     </span>
    </p>
   </div>
   <div class='ocr_carea' id='block_1_48' title="bbox 486 2775 2059 2847">
    <p class='ocr_par' dir='ltr' id='par_1_48' title="bbox 486 2775 2059 2847">
     <span class='ocr_line' id='line_1_48' title="bbox 486 2775 2059 2847; baseline 0.001 -18"><span class='ocrx_word' id='word_1_339' title='bbox 486 2776 792 2847; x_wconf 85' lang='lat' dir='ltr'><strong>appellans.</strong></span> <span class='ocrx_word' id='word_1_340' title='bbox 822 2775 1100 2844; x_wconf 86' lang='lat' dir='ltr'><strong>juraveris</strong></span> <span class='ocrx_word' id='word_1_341' title='bbox 1139 2775 1195 2830; x_wconf 90' lang='lat' dir='ltr'><strong>in</strong></span> <span class='ocrx_word' id='word_1_342' title='bbox 1224 2775 1479 2831; x_wconf 84' lang='lat' dir='ltr'><strong>veritatis</strong></span> <span class='ocrx_word' id='word_1_343' title='bbox 1517 2775 1781 2832; x_wconf 85' lang='lat' dir='ltr'><strong>honorem</strong></span> <span class='ocrx_word' id='word_1_344' title='bbox 1817 2785 1871 2833; x_wconf 88' lang='lat' dir='ltr'><strong>et</strong></span> <span class='ocrx_word' id='word_1_345' title='bbox 1904 2792 2059 2831; x_wconf 90' lang='lat' dir='ltr'><strong>men-</strong></span> 
     </span>
    </p>
   </div>
   <div class='ocr_carea' id='block_1_49' title="bbox 485 2866 1111 2923">
    <p class='ocr_par' dir='ltr' id='par_1_49' title="bbox 485 2866 1111 2923">
     <span class='ocr_line' id='line_1_49' title="bbox 485 2866 1111 2923; baseline -0.002 -1"><span class='ocrx_word' id='word_1_346' title='bbox 485 2868 630 2923; x_wconf 91' lang='lat' dir='ltr'><strong>dacii</strong></span> <span class='ocrx_word' id='word_1_347' title='bbox 668 2866 1111 2922; x_wconf 84' lang='lat' dir='ltr'><strong>detestationem.</strong></span> 
     </span>
    </p>
   </div>
   <div class='ocr_carea' id='block_1_50' title="bbox 556 2956 2057 3032">
    <p class='ocr_par' dir='ltr' id='par_1_50' title="bbox 556 2956 2057 3032">
     <span class='ocr_line' id='line_1_50' title="bbox 556 2956 2057 3032; baseline 0.003 -19"><span class='ocrx_word' id='word_1_348' title='bbox 556 2958 719 3014; x_wconf 73' lang='lat' dir='ltr'><strong>Vens.</strong></span> <span class='ocrx_word' id='word_1_349' title='bbox 756 2957 843 3013; x_wconf 82' lang='grc'><strong>16.</strong></span> <span class='ocrx_word' id='word_1_350' title='bbox 880 2975 899 3009; x_wconf 79' lang='grc' dir='ltr'><strong>ι</strong></span> <span class='ocrx_word' id='word_1_351' title='bbox 942 2956 1218 3023; x_wconf 83' lang='lat' dir='ltr'><strong>Quoniam</strong></span> <span class='ocrx_word' id='word_1_352' title='bbox 1249 2958 1397 3013; x_wconf 85' lang='lat' dir='ltr'><strong>sicut</strong></span> <span class='ocrx_word' id='word_1_353' title='bbox 1435 2974 1602 3016; x_wconf 84' lang='lat' dir='ltr'><strong>vacca</strong></span> <span class='ocrx_word' id='word_1_354' title='bbox 1630 2967 1801 3016; x_wconf 86' lang='lat' dir='ltr'><strong>oestro</strong></span> <span class='ocrx_word' id='word_1_355' title='bbox 1846 2962 2057 3032; x_wconf 86' lang='lat' dir='ltr'><strong>percita</strong></span> 
     </span>
    </p>
   </div>
   <div class='ocr_carea' id='block_1_51' title="bbox 486 3045 2058 3118">
    <p class='ocr_par' dir='ltr' id='par_1_51' title="bbox 486 3045 2058 3118">
     <span class='ocr_line' id='line_1_51' title="bbox 486 3045 2058 3118; baseline 0.003 -15"><span class='ocrx_word' id='word_1_356' title='bbox 486 3048 757 3105; x_wconf 89' lang='lat' dir='ltr'><strong>insanivit</strong></span> <span class='ocrx_word' id='word_1_357' title='bbox 781 3045 954 3103; x_wconf 87' lang='lat' dir='ltr'><strong>lsrael</strong></span> <span class='ocrx_word' id='word_1_358' title='bbox 993 3064 1007 3102; x_wconf 88' lang='lat'><strong>:</strong></span> <span class='ocrx_word' id='word_1_359' title='bbox 1039 3063 1192 3102; x_wconf 91' lang='lat' dir='ltr'><strong>nunc</strong></span> <span class='ocrx_word' id='word_1_360' title='bbox 1230 3055 1425 3118; x_wconf 87' lang='lat' dir='ltr'><strong>pascet</strong></span> <span class='ocrx_word' id='word_1_361' title='bbox 1451 3064 1549 3106; x_wconf 90' lang='lat' dir='ltr'><strong>eos</strong></span> <span class='ocrx_word' id='word_1_362' title='bbox 1604 3051 1872 3106; x_wconf 88' lang='lat' dir='ltr'><strong>Dominus</strong></span> <span class='ocrx_word' id='word_1_363' title='bbox 1914 3054 2058 3108; x_wconf 90' lang='lat' dir='ltr'><strong>sicut</strong></span> 
     </span>
    </p>
   </div>
   <div class='ocr_carea' id='block_1_52' title="bbox 486 3136 2061 3212">
    <p class='ocr_par' dir='ltr' id='par_1_52' title="bbox 486 3136 2061 3212">
     <span class='ocr_line' id='line_1_52' title="bbox 486 3136 2061 3212; baseline 0.003 -20"><span class='ocrx_word' id='word_1_364' title='bbox 486 3152 688 3210; x_wconf 76' lang='lat' dir='ltr'><strong>agnum</strong></span> <span class='ocrx_word' id='word_1_365' title='bbox 726 3137 782 3191; x_wconf 90' lang='lat' dir='ltr'><strong>in</strong></span> <span class='ocrx_word' id='word_1_366' title='bbox 814 3137 935 3191; x_wconf 76' lang='lat' dir='ltr'><strong>loco</strong></span> <span class='ocrx_word' id='word_1_367' title='bbox 961 3136 1231 3206; x_wconf 84' lang='lat' dir='ltr'><strong>spatioso.</strong></span> <span class='ocrx_word' id='word_1_368' title='bbox 1263 3156 1281 3190; x_wconf 80' lang='grc' dir='ltr'><strong>ι</strong></span> <span class='ocrx_word' id='word_1_369' title='bbox 1321 3136 1558 3194; x_wconf 75' lang='lat' dir='ltr'><strong>(Estrus</strong></span> <span class='ocrx_word' id='word_1_370' title='bbox 1588 3155 1780 3195; x_wconf 88' lang='lat' dir='ltr'><strong>musca</strong></span> <span class='ocrx_word' id='word_1_371' title='bbox 1810 3142 2061 3212; x_wconf 59' lang='lat' dir='ltr'><strong>quaedam</strong></span> 
     </span>
    </p>
   </div>
   <div class='ocr_carea' id='block_1_53' title="bbox 485 3226 2060 3299">
    <p class='ocr_par' dir='ltr' id='par_1_53' title="bbox 485 3226 2060 3299">
     <span class='ocr_line' id='line_1_53' title="bbox 485 3226 2060 3299; baseline 0.003 -17"><span class='ocrx_word' id='word_1_372' title='bbox 485 3235 571 3284; x_wconf 87' lang='lat' dir='ltr'><strong>est</strong></span> <span class='ocrx_word' id='word_1_373' title='bbox 612 3227 796 3283; x_wconf 87' lang='lat' dir='ltr'><strong>vaccis</strong></span> <span class='ocrx_word' id='word_1_374' title='bbox 848 3226 1235 3292; x_wconf 77' lang='lat' dir='ltr'><strong>infestissima,</strong></span> <span class='ocrx_word' id='word_1_375' title='bbox 1283 3244 1407 3299; x_wconf 65' lang='lat' dir='ltr'><strong>qua:</strong></span> <span class='ocrx_word' id='word_1_376' title='bbox 1440 3245 1543 3285; x_wconf 91' lang='lat' dir='ltr'><strong>suo</strong></span> <span class='ocrx_word' id='word_1_377' title='bbox 1591 3245 1784 3287; x_wconf 89' lang='lat' dir='ltr'><strong>morsu</strong></span> <span class='ocrx_word' id='word_1_378' title='bbox 1848 3241 2060 3287; x_wconf 90' lang='lat' dir='ltr'><strong>tantum</strong></span> 
     </span>
    </p>
   </div>
   <div class='ocr_carea' id='block_1_54' title="bbox 486 3317 2063 3390">
    <p class='ocr_par' dir='ltr' id='par_1_54' title="bbox 486 3317 2063 3390">
     <span class='ocr_line' id='line_1_54' title="bbox 486 3317 2063 3390; baseline 0.003 -17"><span class='ocrx_word' id='word_1_379' title='bbox 486 3334 714 3373; x_wconf 87' lang='lat' dir='ltr'><strong>sensum</strong></span> <span class='ocrx_word' id='word_1_380' title='bbox 746 3317 959 3372; x_wconf 89' lang='lat' dir='ltr'><strong>doloris</strong></span> <span class='ocrx_word' id='word_1_381' title='bbox 1009 3317 1206 3388; x_wconf 79' lang='lat' dir='ltr'><strong>inﬁgit,</strong></span> <span class='ocrx_word' id='word_1_382' title='bbox 1243 3327 1303 3372; x_wconf 92' lang='lat' dir='ltr'><strong>ut</strong></span> <span class='ocrx_word' id='word_1_383' title='bbox 1332 3332 1537 3383; x_wconf 68' lang='lat' dir='ltr'><strong>vacete,</strong></span> <span class='ocrx_word' id='word_1_384' title='bbox 1599 3320 1801 3390; x_wconf 89' lang='lat' dir='ltr'><strong>quibus</strong></span> <span class='ocrx_word' id='word_1_385' title='bbox 1854 3322 2063 3378; x_wconf 88' lang='lat' dir='ltr'><strong>admoti</strong></span> 
     </span>
    </p>
   </div>
   <div class='ocr_carea' id='block_1_55' title="bbox 486 3409 2061 3480">
    <p class='ocr_par' dir='ltr' id='par_1_55' title="bbox 486 3409 2061 3480">
     <span class='ocr_line' id='line_1_55' title="bbox 486 3409 2061 3480; baseline 0.004 -18"><span class='ocrx_word' id='word_1_386' title='bbox 486 3409 693 3465; x_wconf 82' lang='lat' dir='ltr'><strong>iuerint</strong></span> <span class='ocrx_word' id='word_1_387' title='bbox 728 3410 848 3480; x_wconf 90' lang='lat' dir='ltr'><strong>ejus</strong></span> <span class='ocrx_word' id='word_1_388' title='bbox 879 3410 1113 3476; x_wconf 88' lang='lat' dir='ltr'><strong>stimuli,</strong></span> <span class='ocrx_word' id='word_1_389' title='bbox 1166 3425 1274 3464; x_wconf 92' lang='lat' dir='ltr'><strong>non</strong></span> <span class='ocrx_word' id='word_1_390' title='bbox 1335 3425 1470 3466; x_wconf 90' lang='lat' dir='ltr'><strong>vocc</strong></span> <span class='ocrx_word' id='word_1_391' title='bbox 1524 3412 1752 3467; x_wconf 87' lang='lat' dir='ltr'><strong>bubulci</strong></span> <span class='ocrx_word' id='word_1_392' title='bbox 1812 3416 2061 3471; x_wconf 89' lang='lat' dir='ltr'><strong>revocari</strong></span> 
     </span>
    </p>
   </div>
   <div class='ocr_carea' id='block_1_56' title="bbox 487 3501 2062 3575">
    <p class='ocr_par' dir='ltr' id='par_1_56' title="bbox 487 3501 2062 3575">
     <span class='ocr_line' id='line_1_56' title="bbox 487 3501 2062 3575; baseline 0.006 -20"><span class='ocrx_word' id='word_1_393' title='bbox 487 3501 741 3571; x_wconf 82' lang='lat' dir='ltr'><strong>possint,</strong></span> <span class='ocrx_word' id='word_1_394' title='bbox 794 3516 973 3570; x_wconf 90' lang='lat' dir='ltr'><strong>neque</strong></span> <span class='ocrx_word' id='word_1_395' title='bbox 1027 3516 1151 3555; x_wconf 87' lang='lat' dir='ltr'><strong>cum</strong></span> <span class='ocrx_word' id='word_1_396' title='bbox 1202 3502 1432 3572; x_wconf 88' lang='lat' dir='ltr'><strong>reliquis</strong></span> <span class='ocrx_word' id='word_1_397' title='bbox 1480 3504 1660 3561; x_wconf 86' lang='lat' dir='ltr'><strong>vaccis</strong></span> <span class='ocrx_word' id='word_1_398' title='bbox 1717 3506 1906 3575; x_wconf 89' lang='lat' dir='ltr'><strong>pasci,</strong></span> <span class='ocrx_word' id='word_1_399' title='bbox 1963 3508 2062 3564; x_wconf 86' lang='lat' dir='ltr'><strong>sed</strong></span> 
     </span>
    </p>
   </div>
   <div class='ocr_carea' id='block_1_57' title="bbox 490 3592 2060 3666">
    <p class='ocr_par' dir='ltr' id='par_1_57' title="bbox 490 3592 2060 3666">
     <span class='ocr_line' id='line_1_57' title="bbox 490 3592 2060 3666; baseline 0.007 -21"><span class='ocrx_word' id='word_1_400' title='bbox 490 3592 704 3662; x_wconf 76' lang='lat'><strong>1332</strong></span> <span class='ocrx_word' id='word_1_401' title='bbox 732 3601 957 3647; x_wconf 90' lang='lat' dir='ltr'><strong>currant</strong></span> <span class='ocrx_word' id='word_1_402' title='bbox 988 3592 1210 3648; x_wconf 86' lang='lat' dir='ltr'><strong>assidue</strong></span> <span class='ocrx_word' id='word_1_403' title='bbox 1234 3631 1248 3657; x_wconf 89' lang='lat'><strong>,</strong></span> <span class='ocrx_word' id='word_1_404' title='bbox 1287 3603 1341 3649; x_wconf 89' lang='lat' dir='ltr'><strong>et</strong></span> <span class='ocrx_word' id='word_1_405' title='bbox 1369 3610 1465 3664; x_wconf 88' lang='lat' dir='ltr'><strong>per</strong></span> <span class='ocrx_word' id='word_1_406' title='bbox 1498 3596 1734 3666; x_wconf 88' lang='lat' dir='ltr'><strong>abrupta</strong></span> <span class='ocrx_word' id='word_1_407' title='bbox 1778 3597 2060 3655; x_wconf 90' lang='lat' dir='ltr'><strong>interdum</strong></span> 
     </span>
    </p>
   </div>
   <div class='ocr_carea' id='block_1_58' title="bbox 480 3682 2061 3759">
    <p class='ocr_par' dir='ltr' id='par_1_58' title="bbox 480 3682 2061 3759">
     <span class='ocr_line' id='line_1_58' title="bbox 480 3682 2061 3759; baseline 0.005 -21"><span class='ocrx_word' id='word_1_408' title='bbox 480 3684 799 3753; x_wconf 61' lang='lat' dir='ltr'><strong>,pra‘cipites</strong></span> <span class='ocrx_word' id='word_1_409' title='bbox 820 3692 1072 3754; x_wconf 75' lang='lat' dir='ltr'><strong>agantur,</strong></span> <span class='ocrx_word' id='word_1_410' title='bbox 1101 3682 1215 3750; x_wconf 87' lang='lat' dir='ltr'><strong>liis,</strong></span> <span class='ocrx_word' id='word_1_411' title='bbox 1245 3684 1442 3755; x_wconf 89' lang='lat' dir='ltr'><strong>inquit,</strong></span> <span class='ocrx_word' id='word_1_412' title='bbox 1462 3688 1660 3743; x_wconf 88' lang='lat' dir='ltr'><strong>similis</strong></span> <span class='ocrx_word' id='word_1_413' title='bbox 1678 3696 1766 3743; x_wconf 88' lang='lat' dir='ltr'><strong>est</strong></span> <span class='ocrx_word' id='word_1_414' title='bbox 1782 3688 2061 3759; x_wconf 86' lang='lat' dir='ltr'><strong>Ephraim,</strong></span> 
     </span>
    </p>
   </div>
   <div class='ocr_carea' id='block_1_59' title="bbox 488 3770 2061 3847">
    <p class='ocr_par' dir='ltr' id='par_1_59' title="bbox 488 3770 2061 3847">
     <span class='ocr_line' id='line_1_59' title="bbox 488 3770 2061 3847; baseline 0.008 -27"><span class='ocrx_word' id='word_1_415' title='bbox 488 3770 584 3839; x_wconf 89' lang='lat' dir='ltr'><strong>qui</strong></span> <span class='ocrx_word' id='word_1_416' title='bbox 620 3770 893 3824; x_wconf 88' lang='lat' dir='ltr'><strong>idolorum</strong></span> <span class='ocrx_word' id='word_1_417' title='bbox 923 3771 1279 3826; x_wconf 90' lang='lat' dir='ltr'><strong>colendorum</strong></span> <span class='ocrx_word' id='word_1_418' title='bbox 1310 3782 1485 3829; x_wconf 54' lang='lat' dir='ltr'><strong>uestro</strong></span> <span class='ocrx_word' id='word_1_419' title='bbox 1516 3775 1757 3845; x_wconf 82' lang='lat' dir='ltr'><strong>agitatur</strong></span> <span class='ocrx_word' id='word_1_420' title='bbox 1782 3776 2061 3847; x_wconf 78' lang='lat' dir='ltr'><strong>(Ep/traim</strong></span> 
     </span>
    </p>
   </div>
   <div class='ocr_carea' id='block_1_60' title="bbox 486 3848 2058 3939">
    <p class='ocr_par' dir='ltr' id='par_1_60' title="bbox 486 3848 2058 3939">
     <span class='ocr_line' id='line_1_60' title="bbox 486 3848 2058 3939; baseline 0.005 -22"><span class='ocrx_word' id='word_1_421' title='bbox 486 3877 619 3917; x_wconf 73' lang='lat' dir='ltr'><strong>vero</strong></span> <span class='ocrx_word' id='word_1_422' title='bbox 656 3862 845 3916; x_wconf 88' lang='lat' dir='ltr'><strong>decem</strong></span> <span class='ocrx_word' id='word_1_423' title='bbox 878 3863 1077 3927; x_wconf 87' lang='lat' dir='ltr'><strong>tribus,</strong></span> <span class='ocrx_word' id='word_1_424' title='bbox 1115 3871 1171 3915; x_wconf 87' lang='lat' dir='ltr'><strong>ut</strong></span> <span class='ocrx_word' id='word_1_425' title='bbox 1203 3878 1373 3933; x_wconf 87' lang='lat' dir='ltr'><strong>supra</strong></span> <span class='ocrx_word' id='word_1_426' title='bbox 1412 3865 1691 3930; x_wconf 80' lang='lat' dir='ltr'><strong>diximus,</strong></span> <span class='ocrx_word' id='word_1_427' title='bbox 1742 3848 2058 3939; x_wconf 87' lang='lat' dir='ltr'><strong>nominat):</strong></span> 
     </span>
    </p>
   </div>
   <div class='ocr_carea' id='block_1_61' title="bbox 486 3953 2081 4023">
    <p class='ocr_par' dir='ltr' id='par_1_61' title="bbox 486 3953 2081 4023">
     <span class='ocr_line' id='line_1_61' title="bbox 486 3953 2081 4023; baseline 0.005 -18"><span class='ocrx_word' id='word_1_428' title='bbox 486 3966 584 4005; x_wconf 88' lang='lat' dir='ltr'><strong>eos</strong></span> <span class='ocrx_word' id='word_1_429' title='bbox 607 3962 808 4016; x_wconf 86' lang='lat' dir='ltr'><strong>tamen,</strong></span> <span class='ocrx_word' id='word_1_430' title='bbox 826 3953 929 4006; x_wconf 89' lang='lat' dir='ltr'><strong>etsi</strong></span> <span class='ocrx_word' id='word_1_431' title='bbox 958 3968 986 4005; x_wconf 88' lang='lat' dir='ltr'><strong>a</strong></span> <span class='ocrx_word' id='word_1_432' title='bbox 1020 3968 1103 4007; x_wconf 90' lang='lat' dir='ltr'><strong>me</strong></span> <span class='ocrx_word' id='word_1_433' title='bbox 1127 3954 1201 4006; x_wconf 88' lang='lat' dir='ltr'><strong>ita</strong></span> <span class='ocrx_word' id='word_1_434' title='bbox 1229 3956 1622 4023; x_wconf 76' lang='lat' dir='ltr'><strong>abhorrentes,</strong></span> <span class='ocrx_word' id='word_1_435' title='bbox 1648 3972 1757 4012; x_wconf 91' lang='lat' dir='ltr'><strong>non</strong></span> <span class='ocrx_word' id='word_1_436' title='bbox 1785 3958 1903 4014; x_wconf 89' lang='lat' dir='ltr'><strong>sine</strong></span> <span class='ocrx_word' id='word_1_437' title='bbox 1928 3954 2081 4015; x_wconf 12' lang='lat' dir='ltr'><strong>cura}</strong></span> 
     </span>
    </p>
   </div>
   <div class='ocr_carea' id='block_1_62' title="bbox 490 4041 2063 4116">
    <p class='ocr_par' dir='ltr' id='par_1_62' title="bbox 490 4041 2063 4116">
     <span class='ocr_line' id='line_1_62' title="bbox 490 4041 2063 4116; baseline 0.008 -21"><span class='ocrx_word' id='word_1_438' title='bbox 490 4041 781 4112; x_wconf 83' lang='lat' dir='ltr'><strong>pastoritia</strong></span> <span class='ocrx_word' id='word_1_439' title='bbox 812 4042 1141 4111; x_wconf 88' lang='lat' dir='ltr'><strong>relinquam,</strong></span> <span class='ocrx_word' id='word_1_440' title='bbox 1198 4045 1292 4099; x_wconf 88' lang='lat' dir='ltr'><strong>sed</strong></span> <span class='ocrx_word' id='word_1_441' title='bbox 1330 4047 1583 4116; x_wconf 79' lang='lat' dir='ltr'><strong>captivos</strong></span> <span class='ocrx_word' id='word_1_442' title='bbox 1629 4063 1728 4116; x_wconf 90' lang='lat' dir='ltr'><strong>per</strong></span> <span class='ocrx_word' id='word_1_443' title='bbox 1771 4063 1858 4103; x_wconf 83' lang='lat' dir='ltr'><strong>tne</strong></span> <span class='ocrx_word' id='word_1_444' title='bbox 1887 4048 2063 4107; x_wconf 82' lang='lat' dir='ltr'><strong>factos</strong></span> 
     </span>
    </p>
   </div>
   <div class='ocr_carea' id='block_1_63' title="bbox 495 4136 2064 4208">
    <p class='ocr_par' dir='ltr' id='par_1_63' title="bbox 495 4136 2064 4208">
     <span class='ocr_line' id='line_1_63' title="bbox 495 4136 2064 4208; baseline 0.006 -19"><span class='ocrx_word' id='word_1_445' title='bbox 495 4136 656 4205; x_wconf 75' lang='lat' dir='ltr'><strong>longe</strong></span> <span class='ocrx_word' id='word_1_446' title='bbox 682 4136 897 4205; x_wconf 89' lang='lat' dir='ltr'><strong>lateque</strong></span> <span class='ocrx_word' id='word_1_447' title='bbox 925 4136 1234 4208; x_wconf 81' lang='lat' dir='ltr'><strong>dispergam</strong></span> <span class='ocrx_word' id='word_1_448' title='bbox 1259 4178 1274 4200; x_wconf 86' lang='lat'><strong>,</strong></span> <span class='ocrx_word' id='word_1_449' title='bbox 1309 4146 1368 4191; x_wconf 89' lang='lat' dir='ltr'><strong>ut</strong></span> <span class='ocrx_word' id='word_1_450' title='bbox 1420 4138 1487 4192; x_wconf 89' lang='lat' dir='ltr'><strong>ab</strong></span> <span class='ocrx_word' id='word_1_451' title='bbox 1542 4152 1683 4208; x_wconf 83' lang='lat' dir='ltr'><strong>agno</strong></span> <span class='ocrx_word' id='word_1_452' title='bbox 1728 4148 1971 4205; x_wconf 87' lang='lat' dir='ltr'><strong>errante,</strong></span> <span class='ocrx_word' id='word_1_453' title='bbox 2007 4150 2064 4198; x_wconf 84' lang='lat' dir='ltr'><strong>et</strong></span> 
     </span>
    </p>
   </div>
   <div class='ocr_carea' id='block_1_64' title="bbox 490 4228 2063 4313">
    <p class='ocr_par' dir='ltr' id='par_1_64' title="bbox 490 4228 2063 4313">
     <span class='ocr_line' id='line_1_64' title="bbox 490 4228 2063 4313; baseline 0.006 -32"><span class='ocrx_word' id='word_1_454' title='bbox 490 4228 667 4282; x_wconf 83' lang='lat' dir='ltr'><strong>ubera</strong></span> <span class='ocrx_word' id='word_1_455' title='bbox 695 4229 887 4283; x_wconf 89' lang='lat' dir='ltr'><strong>matris</strong></span> <span class='ocrx_word' id='word_1_456' title='bbox 934 4230 1274 4299; x_wconf 82' lang='lat' dir='ltr'><strong>requirente,</strong></span> <span class='ocrx_word' id='word_1_457' title='bbox 1344 4229 1479 4283; x_wconf 87' lang='lat' dir='ltr'><strong>nihil</strong></span> <span class='ocrx_word' id='word_1_458' title='bbox 1512 4228 1791 4286; x_wconf 76' lang='lat' dir='ltr'><strong>diﬂ‘erant.</strong></span> <span class='ocrx_word' id='word_1_459' title='bbox 1838 4233 2063 4313; x_wconf 64' lang='lat'><strong>“7,181</strong></span> 
     </span>
    </p>
   </div>
   <div class='ocr_carea' id='block_1_65' title="bbox 492 4319 2063 4392">
    <p class='ocr_par' dir='ltr' id='par_1_65' title="bbox 492 4319 2063 4392">
     <span class='ocr_line' id='line_1_65' title="bbox 492 4319 2063 4392; baseline 0.006 -17"><span class='ocrx_word' id='word_1_460' title='bbox 492 4319 620 4375; x_wconf 65' lang='lat' dir='ltr'><strong>Hinc</strong></span> <span class='ocrx_word' id='word_1_461' title='bbox 649 4330 832 4376; x_wconf 88' lang='lat' dir='ltr'><strong>autem</strong></span> <span class='ocrx_word' id='word_1_462' title='bbox 866 4321 1108 4391; x_wconf 90' lang='lat' dir='ltr'><strong>patietur</strong></span> <span class='ocrx_word' id='word_1_463' title='bbox 1143 4319 1450 4391; x_wconf 70' lang='lat' dir='ltr'><strong>(Ephraim)</strong></span> <span class='ocrx_word' id='word_1_464' title='bbox 1471 4362 1487 4387; x_wconf 92' lang='lat'><strong>,</strong></span> <span class='ocrx_word' id='word_1_465' title='bbox 1516 4321 1693 4392; x_wconf 85' lang='lat' dir='ltr'><strong>quod,</strong></span> <span class='ocrx_word' id='word_1_466' title='bbox 1737 4324 1943 4382; x_wconf 86' lang='lat' dir='ltr'><strong>vitulas</strong></span> <span class='ocrx_word' id='word_1_467' title='bbox 1976 4342 2063 4385; x_wconf 83' lang='lat' dir='ltr'><strong>re-</strong></span> 
     </span>
    </p>
   </div>
   <div class='ocr_carea' id='block_1_66' title="bbox 489 4411 2059 4485">
    <p class='ocr_par' dir='ltr' id='par_1_66' title="bbox 489 4411 2059 4485">
     <span class='ocr_line' id='line_1_66' title="bbox 489 4411 2059 4485; baseline 0.005 -20"><span class='ocrx_word' id='word_1_468' title='bbox 489 4412 756 4481; x_wconf 86' lang='lat' dir='ltr'><strong>liquaque</strong></span> <span class='ocrx_word' id='word_1_469' title='bbox 791 4413 959 4473; x_wconf 84' lang='lat' dir='ltr'><strong>idola,</strong></span> <span class='ocrx_word' id='word_1_470' title='bbox 1009 4420 1268 4481; x_wconf 89' lang='lat' dir='ltr'><strong>tanquam</strong></span> <span class='ocrx_word' id='word_1_471' title='bbox 1326 4411 1654 4468; x_wconf 82' lang='lat' dir='ltr'><strong>oll&#39;endicula</strong></span> <span class='ocrx_word' id='word_1_472' title='bbox 1708 4417 1955 4485; x_wconf 67' lang='lat' dir='ltr'><strong>quaedam</strong></span> <span class='ocrx_word' id='word_1_473' title='bbox 2004 4427 2059 4473; x_wconf 90' lang='lat' dir='ltr'><strong>et</strong></span> 
     </span>
    </p>
   </div>
   <div class='ocr_carea' id='block_1_67' title="bbox 486 4492 2059 4578">
    <p class='ocr_par' dir='ltr' id='par_1_67' title="bbox 486 4492 2059 4578">
     <span class='ocr_line' id='line_1_67' title="bbox 486 4492 2059 4578; baseline 0.006 -23"><span class='ocrx_word' id='word_1_474' title='bbox 486 4502 717 4572; x_wconf 77' lang='lat' dir='ltr'><strong>laqueos</strong></span> <span class='ocrx_word' id='word_1_475' title='bbox 751 4503 856 4559; x_wconf 88' lang='lat' dir='ltr'><strong>sibi</strong></span> <span class='ocrx_word' id='word_1_476' title='bbox 911 4492 1263 4572; x_wconf 74' lang='lat' dir='ltr'><strong>proponens,</strong></span> <span class='ocrx_word' id='word_1_477' title='bbox 1310 4502 1747 4560; x_wconf 74' lang='lat' dir='ltr'><strong>Chananzeorum</strong></span> <span class='ocrx_word' id='word_1_478' title='bbox 1805 4509 2059 4578; x_wconf 86' lang='lat' dir='ltr'><strong>impieta-</strong></span> 
     </span>
    </p>
   </div>
   <div class='ocr_carea' id='block_1_68' title="bbox 489 4595 2056 4666">
    <p class='ocr_par' dir='ltr' id='par_1_68' title="bbox 489 4595 2056 4666">
     <span class='ocr_line' id='line_1_68' title="bbox 489 4595 2056 4666; baseline 0.006 -20"><span class='ocrx_word' id='word_1_479' title='bbox 489 4606 597 4649; x_wconf 88' lang='lat' dir='ltr'><strong>tem</strong></span> <span class='ocrx_word' id='word_1_480' title='bbox 632 4595 705 4650; x_wconf 89' lang='lat' dir='ltr'><strong>sit</strong></span> <span class='ocrx_word' id='word_1_481' title='bbox 743 4595 1016 4659; x_wconf 71' lang='lat' dir='ltr'><strong>temulata,</strong></span> <span class='ocrx_word' id='word_1_482' title='bbox 1050 4596 1420 4665; x_wconf 90' lang='lat' dir='ltr'><strong>superbiaque</strong></span> <span class='ocrx_word' id='word_1_483' title='bbox 1475 4605 1673 4650; x_wconf 86' lang='lat' dir='ltr'><strong>contra</strong></span> <span class='ocrx_word' id='word_1_484' title='bbox 1727 4613 1814 4652; x_wconf 89' lang='lat' dir='ltr'><strong>me</strong></span> <span class='ocrx_word' id='word_1_485' title='bbox 1871 4607 2056 4666; x_wconf 87' lang='lat' dir='ltr'><strong>utens,</strong></span> 
     </span>
    </p>
   </div>
   <div class='ocr_carea' id='block_1_69' title="bbox 488 4684 2057 4747">
    <p class='ocr_par' dir='ltr' id='par_1_69' title="bbox 488 4684 2057 4747">
     <span class='ocr_line' id='line_1_69' title="bbox 488 4684 2057 4747; baseline 0.006 -10"><span class='ocrx_word' id='word_1_486' title='bbox 488 4684 765 4739; x_wconf 87' lang='lat' dir='ltr'><strong>idolorum</strong></span> <span class='ocrx_word' id='word_1_487' title='bbox 800 4684 1208 4739; x_wconf 82' lang='lat' dir='ltr'><strong>observantiam</strong></span> <span class='ocrx_word' id='word_1_488' title='bbox 1243 4701 1366 4740; x_wconf 89' lang='lat' dir='ltr'><strong>meo</strong></span> <span class='ocrx_word' id='word_1_489' title='bbox 1413 4687 1585 4741; x_wconf 92' lang='lat' dir='ltr'><strong>cultui</strong></span> <span class='ocrx_word' id='word_1_490' title='bbox 1617 4696 1669 4741; x_wconf 89' lang='lat' dir='ltr'><strong>et</strong></span> <span class='ocrx_word' id='word_1_491' title='bbox 1714 4691 2057 4747; x_wconf 89' lang='lat' dir='ltr'><strong>venerationi</strong></span> 
     </span>
    </p>
   </div>
   <div class='ocr_carea' id='block_1_70' title="bbox 484 4772 2057 4846">
    <p class='ocr_par' dir='ltr' id='par_1_70' title="bbox 484 4772 2057 4846">
     <span class='ocr_line' id='line_1_70' title="bbox 484 4772 2057 4846; baseline 0.006 -20"><span class='ocrx_word' id='word_1_492' title='bbox 484 4774 829 4827; x_wconf 84' lang='lat' dir='ltr'><strong>antetulerit.</strong></span> <span class='ocrx_word' id='word_1_493' title='bbox 902 4791 920 4824; x_wconf 79' lang='grc' dir='ltr'><strong>ι</strong></span> <span class='ocrx_word' id='word_1_494' title='bbox 990 4772 1490 4829; x_wconf 84' lang='lat' dir='ltr'><strong>Dilexeruntcnim</strong></span> <span class='ocrx_word' id='word_1_495' title='bbox 1554 4776 1919 4846; x_wconf 81' lang='lat' dir='ltr'><strong>ignominiam</strong></span> <span class='ocrx_word' id='word_1_496' title='bbox 1990 4795 2057 4836; x_wconf 77' lang='lat' dir='ltr'><strong>ex</strong></span> 
     </span>
    </p>
   </div>
   <div class='ocr_carea' id='block_1_71' title="bbox 486 4860 1853 4942">
    <p class='ocr_par' dir='ltr' id='par_1_71' title="bbox 486 4860 1853 4942">
     <span class='ocr_line' id='line_1_71' title="bbox 486 4860 1853 4942; baseline 0.002 -27"><span class='ocrx_word' id='word_1_497' title='bbox 486 4861 712 4917; x_wconf 68' lang='lat' dir='ltr'><strong>fremitu</strong></span> <span class='ocrx_word' id='word_1_498' title='bbox 732 4861 874 4932; x_wconf 85' lang='lat' dir='ltr'><strong>ejus.</strong></span> <span class='ocrx_word' id='word_1_499' title='bbox 907 4882 925 4915; x_wconf 79' lang='grc' dir='ltr'><strong>ι</strong></span> <span class='ocrx_word' id='word_1_500' title='bbox 967 4860 1076 4917; x_wconf 85' lang='lat' dir='ltr'><strong>Sed</strong></span> <span class='ocrx_word' id='word_1_501' title='bbox 1108 4863 1180 4918; x_wconf 90' lang='lat' dir='ltr'><strong>ob</strong></span> <span class='ocrx_word' id='word_1_502' title='bbox 1222 4864 1275 4917; x_wconf 92' lang='lat' dir='ltr'><strong>id</strong></span> <span class='ocrx_word' id='word_1_503' title='bbox 1318 4864 1562 4933; x_wconf 79' lang='lat' dir='ltr'><strong>ipsum&#39;:</strong></span> <span class='ocrx_word' id='word_1_504' title='bbox 1848 4938 1853 4942; x_wconf 12' lang='grc' dir='ltr'>ἦ</span> 
     </span>
    </p>
   </div>
   <div class='ocr_carea' id='block_1_72' title="bbox 558 4951 2057 5026">
    <p class='ocr_par' dir='ltr' id='par_1_72' title="bbox 558 4951 2057 5026">
     <span class='ocr_line' id='line_1_72' title="bbox 558 4951 2057 5026; baseline 0.009 -21"><span class='ocrx_word' id='word_1_505' title='bbox 558 4951 724 5008; x_wconf 74' lang='lat' dir='ltr'><strong>Vens.</strong></span> <span class='ocrx_word' id='word_1_506' title='bbox 759 4954 845 5008; x_wconf 76' lang='lat' dir='ltr'><strong>i9.</strong></span> <span class='ocrx_word' id='word_1_507' title='bbox 878 4974 899 5008; x_wconf 78' lang='grc' dir='ltr'><strong>ι</strong></span> <span class='ocrx_word' id='word_1_508' title='bbox 941 4954 1127 5011; x_wconf 85' lang='lat' dir='ltr'><strong>Turbo</strong></span> <span class='ocrx_word' id='word_1_509' title='bbox 1155 4956 1389 5026; x_wconf 84' lang='lat' dir='ltr'><strong>spiritus</strong></span> <span class='ocrx_word' id='word_1_510' title='bbox 1431 4957 1553 5026; x_wconf 89' lang='lat' dir='ltr'><strong>ejus</strong></span> <span class='ocrx_word' id='word_1_511' title='bbox 1587 4957 1834 5014; x_wconf 79' lang='lat' dir='ltr'><strong>sibilabit</strong></span> <span class='ocrx_word' id='word_1_512' title='bbox 1866 4961 1921 5015; x_wconf 94' lang='lat' dir='ltr'><strong>in</strong></span> <span class='ocrx_word' id='word_1_513' title='bbox 1956 4963 2057 5019; x_wconf 91' lang='lat' dir='ltr'><strong>alis</strong></span> 
     </span>
    </p>
   </div>
   <div class='ocr_carea' id='block_1_73' title="bbox 483 5042 2058 5120">
    <p class='ocr_par' dir='ltr' id='par_1_73' title="bbox 483 5042 2058 5120">
     <span class='ocr_line' id='line_1_73' title="bbox 483 5042 2058 5120; baseline 0.009 -21"><span class='ocrx_word' id='word_1_514' title='bbox 483 5042 629 5113; x_wconf 83' lang='lat' dir='ltr'><strong>ejus.</strong></span> <span class='ocrx_word' id='word_1_515' title='bbox 669 5063 687 5096; x_wconf 77' lang='grc' dir='ltr'><strong>ι</strong></span> <span class='ocrx_word' id='word_1_516' title='bbox 725 5043 880 5102; x_wconf 86' lang='lat' dir='ltr'><strong>Sicut</strong></span> <span class='ocrx_word' id='word_1_517' title='bbox 925 5048 1070 5104; x_wconf 88' lang='lat' dir='ltr'><strong>enim</strong></span> <span class='ocrx_word' id='word_1_518' title='bbox 1132 5049 1367 5113; x_wconf 87' lang='lat' dir='ltr'><strong>alarum,</strong></span> <span class='ocrx_word' id='word_1_519' title='bbox 1431 5049 1632 5120; x_wconf 84' lang='lat' dir='ltr'><strong>inquit,</strong></span> <span class='ocrx_word' id='word_1_520' title='bbox 1685 5058 2058 5114; x_wconf 84' lang='lat' dir='ltr'><strong>commotione</strong></span> 
     </span>
    </p>
   </div>
   <div class='ocr_carea' id='block_1_74' title="bbox 558 5182 1484 5253">
    <p class='ocr_par' dir='ltr' id='par_1_74' title="bbox 558 5182 1484 5253">
     <span class='ocr_line' id='line_1_74' title="bbox 558 5182 1484 5253; baseline 0.005 -14"><span class='ocrx_word' id='word_1_521' title='bbox 558 5191 587 5221; x_wconf 73' lang='grc' dir='ltr'><strong>ν</strong></span> <span class='ocrx_word' id='word_1_522' title='bbox 620 5182 788 5241; x_wconf 88' lang='lat' dir='ltr'><strong>Josue</strong></span> <span class='ocrx_word' id='word_1_523' title='bbox 812 5204 863 5253; x_wconf 91' lang='lat' dir='ltr'><strong>v,</strong></span> <span class='ocrx_word' id='word_1_524' title='bbox 896 5188 948 5241; x_wconf 83' lang='grc'>5.</span> <span class='ocrx_word' id='word_1_525' title='bbox 1028 5200 1055 5228; x_wconf 79' lang='grc' dir='ltr'><strong><em>ι</em></strong></span> <span class='ocrx_word' id='word_1_526' title='bbox 1080 5185 1246 5243; x_wconf 85' lang='lat' dir='ltr'><strong>Josue</strong></span> <span class='ocrx_word' id='word_1_527' title='bbox 1283 5204 1355 5253; x_wconf 82' lang='lat' dir='ltr'><strong>tv,</strong></span> <span class='ocrx_word' id='word_1_528' title='bbox 1391 5186 1484 5244; x_wconf 75' lang='lat'><strong>20.</strong></span> 
     </span>
    </p>
   </div>
   <div class='ocr_carea' id='block_1_75' title="bbox 2165 2048 3667 2121">
    <p class='ocr_par' dir='ltr' id='par_1_75' title="bbox 2165 2048 3667 2121">
     <span class='ocr_line' id='line_1_75' title="bbox 2165 2048 3667 2121; baseline -0.003 -16"><span class='ocrx_word' id='word_1_529' title='bbox 2165 2051 2342 2117; x_wconf 79' lang='grc' dir='ltr'>ζῶντα</span> <span class='ocrx_word' id='word_1_530' title='bbox 2367 2050 2591 2121; x_wconf 80' lang='grc' dir='ltr'>Κύριον,</span> <span class='ocrx_word' id='word_1_531' title='bbox 2624 2068 2643 2101; x_wconf 73' lang='grc' dir='ltr'><strong>ι</strong></span> <span class='ocrx_word' id='word_1_532' title='bbox 2672 2049 2768 2119; x_wconf 86' lang='grc' dir='ltr'><strong>οὐχ</strong></span> <span class='ocrx_word' id='word_1_533' title='bbox 2793 2048 2981 2113; x_wconf 86' lang='grc' dir='ltr'>ἀπλῶς</span> <span class='ocrx_word' id='word_1_534' title='bbox 3003 2048 3333 2120; x_wconf 77' lang='grc' dir='ltr'>ἀπαγορεύει</span> <span class='ocrx_word' id='word_1_535' title='bbox 3357 2065 3370 2078; x_wconf 65' lang='grc'><strong>⁸</strong></span> <span class='ocrx_word' id='word_1_536' title='bbox 3404 2048 3507 2101; x_wconf 81' lang='grc' dir='ltr'>ἀλλ’</span> <span class='ocrx_word' id='word_1_537' title='bbox 3527 2049 3667 2118; x_wconf 49' lang='lat' dir='ltr'><strong>emas</strong></span> 
     </span>
    </p>
   </div>
   <div class='ocr_carea' id='block_1_76' title="bbox 2163 2137 3669 2209">
    <p class='ocr_par' dir='ltr' id='par_1_76' title="bbox 2163 2137 3669 2209">
     <span class='ocr_line' id='line_1_76' title="bbox 2163 2137 3669 2209; baseline -0.001 -16"><span class='ocrx_word' id='word_1_538' title='bbox 2163 2142 2213 2193; x_wconf 88' lang='grc' dir='ltr'><strong>οί</strong></span> <span class='ocrx_word' id='word_1_539' title='bbox 2259 2138 2335 2209; x_wconf 85' lang='grc' dir='ltr'>τῷ</span> <span class='ocrx_word' id='word_1_540' title='bbox 2377 2139 2472 2191; x_wconf 87' lang='grc' dir='ltr'>Ὢν</span> <span class='ocrx_word' id='word_1_541' title='bbox 2522 2140 2988 2208; x_wconf 82' lang='grc' dir='ltr'>προστετηκότες,</span> <span class='ocrx_word' id='word_1_542' title='bbox 3042 2138 3142 2192; x_wconf 74' lang='grc' dir='ltr'>καὶ</span> <span class='ocrx_word' id='word_1_543' title='bbox 3185 2137 3321 2191; x_wconf 86' lang='grc' dir='ltr'><strong>κατά</strong></span> <span class='ocrx_word' id='word_1_544' title='bbox 3365 2137 3536 2191; x_wconf 80' lang='grc' dir='ltr'>τούτου</span> <span class='ocrx_word' id='word_1_545' title='bbox 3575 2140 3669 2202; x_wconf 68' lang='grc' dir='ltr'>τοὺς</span> 
     </span>
    </p>
   </div>
   <div class='ocr_carea' id='block_1_77' title="bbox 2163 2229 3670 2305">
    <p class='ocr_par' dir='ltr' id='par_1_77' title="bbox 2163 2229 3670 2305">
     <span class='ocr_line' id='line_1_77' title="bbox 2163 2229 3670 2305; baseline -0.001 -19"><span class='ocrx_word' id='word_1_546' title='bbox 2163 2233 2360 2305; x_wconf 81' lang='grc' dir='ltr'>ὅρκους</span> <span class='ocrx_word' id='word_1_547' title='bbox 2408 2230 2741 2301; x_wconf 84' lang='grc' dir='ltr'>ποιούμενοι,</span> <span class='ocrx_word' id='word_1_548' title='bbox 2791 2229 2971 2295; x_wconf 75' lang='grc' dir='ltr'>ζῶντα</span> <span class='ocrx_word' id='word_1_549' title='bbox 3014 2230 3223 2303; x_wconf 84' lang='grc' dir='ltr'>Κύριον</span> <span class='ocrx_word' id='word_1_550' title='bbox 3269 2230 3421 2285; x_wconf 78' lang='grc' dir='ltr'>αὐτὸν</span> <span class='ocrx_word' id='word_1_551' title='bbox 3455 2234 3670 2301; x_wconf 76' lang='grc' dir='ltr'>προσηγό-</span> 
     </span>
    </p>
   </div>
   <div class='ocr_carea' id='block_1_78' title="bbox 2168 2323 3668 2398">
    <p class='ocr_par' dir='ltr' id='par_1_78' title="bbox 2168 2323 3668 2398">
     <span class='ocr_line' id='line_1_78' title="bbox 2168 2323 3668 2398; baseline -0.002 -18"><span class='ocrx_word' id='word_1_552' title='bbox 2168 2343 2344 2398; x_wconf 84' lang='grc' dir='ltr'>ρευον.</span> <span class='ocrx_word' id='word_1_553' title='bbox 2375 2326 2484 2379; x_wconf 74' lang='grc' dir='ltr'><strong>Καὶ</strong></span> <span class='ocrx_word' id='word_1_554' title='bbox 2508 2323 2667 2378; x_wconf 87' lang='grc' dir='ltr'>τοῦτο</span> <span class='ocrx_word' id='word_1_555' title='bbox 2691 2323 2986 2394; x_wconf 83' lang='grc' dir='ltr'>ἀλλαχόθεν</span> <span class='ocrx_word' id='word_1_556' title='bbox 3010 2324 3129 2379; x_wconf 74' lang='grc' dir='ltr'>ἔστι</span> <span class='ocrx_word' id='word_1_557' title='bbox 3158 2324 3363 2395; x_wconf 87' lang='grc' dir='ltr'>μαθεῖν.</span> <span class='ocrx_word' id='word_1_558' title='bbox 3414 2342 3432 2375; x_wconf 83' lang='grc' dir='ltr'><strong>ι</strong></span> <span class='ocrx_word' id='word_1_559' title='bbox 3451 2323 3557 2377; x_wconf 82' lang='grc' dir='ltr'><strong>Ἐὰν</strong></span> <span class='ocrx_word' id='word_1_560' title='bbox 3572 2324 3668 2395; x_wconf 78' lang='grc' dir='ltr'>γὰρ,</span> 
     </span>
    </p>
   </div>
   <div class='ocr_carea' id='block_1_79' title="bbox 2165 2413 3670 2487">
    <p class='ocr_par' dir='ltr' id='par_1_79' title="bbox 2165 2413 3670 2487">
     <span class='ocr_line' id='line_1_79' title="bbox 2165 2413 3670 2487; baseline -0.001 -20"><span class='ocrx_word' id='word_1_561' title='bbox 2165 2414 2351 2485; x_wconf 69' lang='grc' dir='ltr'>φησὶν,</span> <span class='ocrx_word' id='word_1_562' title='bbox 2387 2414 2587 2487; x_wconf 77' lang='grc' dir='ltr'>ὲξάρης</span> <span class='ocrx_word' id='word_1_563' title='bbox 2613 2413 2682 2468; x_wconf 79' lang='grc' dir='ltr'><strong>τὰ</strong></span> <span class='ocrx_word' id='word_1_564' title='bbox 2710 2414 2960 2485; x_wconf 70' lang='grc' dir='ltr'>Βααλὶμ*</span> <span class='ocrx_word' id='word_1_565' title='bbox 2989 2415 3052 2468; x_wconf 80' lang='grc' dir='ltr'>ὲκ</span> <span class='ocrx_word' id='word_1_566' title='bbox 3079 2413 3178 2468; x_wconf 85' lang='grc' dir='ltr'><strong>τοῦ</strong></span> <span class='ocrx_word' id='word_1_567' title='bbox 3211 2415 3463 2486; x_wconf 84' lang='grc' dir='ltr'>στόματός</span> <span class='ocrx_word' id='word_1_568' title='bbox 3488 2431 3583 2477; x_wconf 90' lang='grc' dir='ltr'>σου,</span> <span class='ocrx_word' id='word_1_569' title='bbox 3602 2417 3670 2467; x_wconf 78' lang='lat' dir='ltr'><strong>ul</strong></span> 
     </span>
    </p>
   </div>
   <div class='ocr_carea' id='block_1_80' title="bbox 2164 2504 3668 2578">
    <p class='ocr_par' dir='ltr' id='par_1_80' title="bbox 2164 2504 3668 2578">
     <span class='ocr_line' id='line_1_80' title="bbox 2164 2504 3668 2578; baseline -0.002 -18"><span class='ocrx_word' id='word_1_570' title='bbox 2164 2507 2449 2578; x_wconf 81' lang='grc' dir='ltr'>ὀμόσῃς¹⁰,</span> <span class='ocrx_word' id='word_1_571' title='bbox 2480 2508 2556 2577; x_wconf 76' lang='grc' dir='ltr'><strong>Ζῇ</strong></span> <span class='ocrx_word' id='word_1_572' title='bbox 2605 2504 2828 2577; x_wconf 81' lang='grc' dir='ltr'>Κύριος,</span> <span class='ocrx_word' id='word_1_573' title='bbox 2879 2507 2996 2575; x_wconf 85' lang='grc' dir='ltr'>μετ’</span> <span class='ocrx_word' id='word_1_574' title='bbox 3022 2505 3300 2576; x_wconf 84' lang='grc' dir='ltr'>ἀληθείας.</span> <span class='ocrx_word' id='word_1_575' title='bbox 3344 2523 3363 2557; x_wconf 74' lang='grc' dir='ltr'><strong>ι</strong></span> <span class='ocrx_word' id='word_1_576' title='bbox 3415 2504 3668 2568; x_wconf 84' lang='grc' dir='ltr'>Τουτέστιν,</span> 
     </span>
    </p>
   </div>
   <div class='ocr_carea' id='block_1_81' title="bbox 2165 2596 3667 2670">
    <p class='ocr_par' dir='ltr' id='par_1_81' title="bbox 2165 2596 3667 2670">
     <span class='ocr_line' id='line_1_81' title="bbox 2165 2596 3667 2670; baseline -0.001 -18"><span class='ocrx_word' id='word_1_577' title='bbox 2165 2598 2260 2652; x_wconf 78' lang='grc' dir='ltr'><strong>ἐὰν</strong></span> <span class='ocrx_word' id='word_1_578' title='bbox 2292 2598 2402 2654; x_wconf 77' lang='grc' dir='ltr'>τῶν</span> <span class='ocrx_word' id='word_1_579' title='bbox 2451 2596 2683 2652; x_wconf 82' lang='grc' dir='ltr'>εἰδώλων</span> <span class='ocrx_word' id='word_1_580' title='bbox 2715 2596 2963 2670; x_wconf 79' lang='grc' dir='ltr'>ἐξορίσῃς</span> <span class='ocrx_word' id='word_1_581' title='bbox 2990 2597 3091 2669; x_wconf 79' lang='grc' dir='ltr'>τὴν</span> <span class='ocrx_word' id='word_1_582' title='bbox 3129 2599 3368 2670; x_wconf 78' lang='grc' dir='ltr'>μνήμην,</span> <span class='ocrx_word' id='word_1_583' title='bbox 3400 2598 3486 2652; x_wconf 73' lang='grc' dir='ltr'><strong>καὶ</strong></span> <span class='ocrx_word' id='word_1_584' title='bbox 3509 2599 3564 2668; x_wconf 80' lang='grc' dir='ltr'>τῇ</span> <span class='ocrx_word' id='word_1_585' title='bbox 3590 2599 3667 2668; x_wconf 75' lang='grc' dir='ltr'>ίμῇ</span> 
     </span>
    </p>
   </div>
   <div class='ocr_carea' id='block_1_82' title="bbox 2165 2690 3668 2764">
    <p class='ocr_par' dir='ltr' id='par_1_82' title="bbox 2165 2690 3668 2764">
     <span class='ocr_line' id='line_1_82' title="bbox 2165 2690 3668 2764; baseline -0.002 -19"><span class='ocrx_word' id='word_1_586' title='bbox 2165 2690 2434 2763; x_wconf 76' lang='grc' dir='ltr'>θεραπείᾳ</span> <span class='ocrx_word' id='word_1_587' title='bbox 2463 2693 2764 2763; x_wconf 80' lang='grc' dir='ltr'>προσέχων,</span> <span class='ocrx_word' id='word_1_588' title='bbox 2791 2690 2888 2744; x_wconf 77' lang='grc' dir='ltr'>καὶ</span> <span class='ocrx_word' id='word_1_589' title='bbox 2910 2691 3089 2755; x_wconf 79' lang='grc' dir='ltr'>ζῶντά</span> <span class='ocrx_word' id='word_1_590' title='bbox 3117 2710 3187 2764; x_wconf 85' lang='grc' dir='ltr'><strong>με</strong></span> <span class='ocrx_word' id='word_1_591' title='bbox 3214 2691 3409 2764; x_wconf 83' lang='grc' dir='ltr'>Κύριον</span> <span class='ocrx_word' id='word_1_592' title='bbox 3426 2690 3668 2763; x_wconf 76' lang='grc' dir='ltr'>ὀνομάζων,</span> 
     </span>
    </p>
   </div>
   <div class='ocr_carea' id='block_1_83' title="bbox 2164 2782 3670 2858">
    <p class='ocr_par' dir='ltr' id='par_1_83' title="bbox 2164 2782 3670 2858">
     <span class='ocr_line' id='line_1_83' title="bbox 2164 2782 3670 2858; baseline -0.002 -20"><span class='ocrx_word' id='word_1_593' title='bbox 2164 2785 2371 2858; x_wconf 81' lang='grc' dir='ltr'>ὀμόσῃς</span> <span class='ocrx_word' id='word_1_594' title='bbox 2414 2784 2589 2856; x_wconf 84' lang='grc' dir='ltr'>τιμῶν</span> <span class='ocrx_word' id='word_1_595' title='bbox 2637 2784 2737 2855; x_wconf 84' lang='grc' dir='ltr'>τὴν</span> <span class='ocrx_word' id='word_1_596' title='bbox 2781 2783 3039 2856; x_wconf 84' lang='grc' dir='ltr'>ἀλήθειαν</span> <span class='ocrx_word' id='word_1_597' title='bbox 3081 2785 3180 2840; x_wconf 68' lang='grc' dir='ltr'><strong>καὶ</strong></span> <span class='ocrx_word' id='word_1_598' title='bbox 3227 2784 3592 2856; x_wconf 78' lang='grc' dir='ltr'>μυσαττόμενος</span> <span class='ocrx_word' id='word_1_599' title='bbox 3623 2782 3670 2835; x_wconf 69' lang='grc' dir='ltr'>τὸ</span> 
     </span>
    </p>
   </div>
   <div class='ocr_carea' id='block_1_84' title="bbox 2164 2875 2358 2947">
    <p class='ocr_par' dir='ltr' id='par_1_84' title="bbox 2164 2875 2358 2947">
     <span class='ocr_line' id='line_1_84' title="bbox 2164 2875 2358 2947; baseline -0.005 -17"><span class='ocrx_word' id='word_1_600' title='bbox 2164 2875 2358 2947; x_wconf 75' lang='grc' dir='ltr'>ψεῦδος</span> 
     </span>
    </p>
   </div>
   <div class='ocr_carea' id='block_1_85' title="bbox 2238 2965 3673 3042">
    <p class='ocr_par' dir='ltr' id='par_1_85' title="bbox 2238 2965 3673 3042">
     <span class='ocr_line' id='line_1_85' title="bbox 2238 2965 3673 3042; baseline -0.003 -21"><span class='ocrx_word' id='word_1_601' title='bbox 2238 2974 2334 3033; x_wconf 89' lang='grc' dir='ltr'>ις’,</span> <span class='ocrx_word' id='word_1_602' title='bbox 2383 2986 2401 3020; x_wconf 80' lang='grc' dir='ltr'><strong>ι</strong></span> <span class='ocrx_word' id='word_1_603' title='bbox 2428 2968 2547 3022; x_wconf 82' lang='grc' dir='ltr'>’Ότι</span> <span class='ocrx_word' id='word_1_604' title='bbox 2571 2969 2646 3033; x_wconf 83' lang='grc' dir='ltr'>ὡς</span> <span class='ocrx_word' id='word_1_605' title='bbox 2665 2965 2903 3041; x_wconf 80' lang='grc' dir='ltr'>δάμαλις</span> <span class='ocrx_word' id='word_1_606' title='bbox 2927 2969 3318 3042; x_wconf 82' lang='grc' dir='ltr'>παροιστρῶσα</span> <span class='ocrx_word' id='word_1_607' title='bbox 3340 2966 3673 3040; x_wconf 80' lang='grc' dir='ltr'>παροίστρησιν</span> 
     </span>
    </p>
   </div>
   <div class='ocr_carea' id='block_1_86' title="bbox 2087 3057 3671 3160">
    <p class='ocr_par' dir='ltr' id='par_1_86' title="bbox 2087 3057 3671 3160">
     <span class='ocr_line' id='line_1_86' title="bbox 2087 3057 3671 3160; baseline -0.004 -44"><span class='ocrx_word' id='word_1_608' title='bbox 2087 3103 2130 3160; x_wconf 78' lang='lat' dir='ltr'>C</span> <span class='ocrx_word' id='word_1_609' title='bbox 2179 3060 2398 3131; x_wconf 78' lang='grc' dir='ltr'>Ἰσραήλ</span> <span class='ocrx_word' id='word_1_610' title='bbox 2416 3061 2455 3091; x_wconf 84' lang='grc'>¹²</span> <span class='ocrx_word' id='word_1_611' title='bbox 2481 3077 2494 3093; x_wconf 93' lang='grc'><strong>·</strong></span> <span class='ocrx_word' id='word_1_612' title='bbox 2524 3059 2621 3114; x_wconf 91' lang='grc' dir='ltr'><strong>νῦν</strong></span> <span class='ocrx_word' id='word_1_613' title='bbox 2644 3063 2875 3132; x_wconf 82' lang='grc' dir='ltr'>νεμήσει</span> <span class='ocrx_word' id='word_1_614' title='bbox 2902 3062 3101 3127; x_wconf 75' lang='grc' dir='ltr'>αὐτοὺς</span> <span class='ocrx_word' id='word_1_615' title='bbox 3131 3061 3354 3134; x_wconf 80' lang='grc' dir='ltr'>Κύριος,</span> <span class='ocrx_word' id='word_1_616' title='bbox 3382 3060 3452 3125; x_wconf 86' lang='grc' dir='ltr'>ὡς</span> <span class='ocrx_word' id='word_1_617' title='bbox 3473 3057 3611 3131; x_wconf 79' lang='grc' dir='ltr'>ἀμνὸν</span> <span class='ocrx_word' id='word_1_618' title='bbox 3630 3058 3671 3110; x_wconf 69' lang='grc' dir='ltr'>δν</span> 
     </span>
    </p>
   </div>
   <div class='ocr_carea' id='block_1_87' title="bbox 2142 3149 3671 3229">
    <p class='ocr_par' dir='ltr' id='par_1_87' title="bbox 2142 3149 3671 3229">
     <span class='ocr_line' id='line_1_87' title="bbox 2142 3149 3671 3229; baseline -0.004 -23"><span class='ocrx_word' id='word_1_619' title='bbox 2142 3151 2479 3229; x_wconf 67' lang='grc' dir='ltr'>εὐρυχώρῳ.</span> <span class='ocrx_word' id='word_1_620' title='bbox 2521 3170 2539 3203; x_wconf 81' lang='grc' dir='ltr'><strong>ι</strong></span> <span class='ocrx_word' id='word_1_621' title='bbox 2595 3149 2826 3224; x_wconf 80' lang='grc' dir='ltr'>υῖστρός</span> <span class='ocrx_word' id='word_1_622' title='bbox 2872 3153 2991 3207; x_wconf 77' lang='grc' dir='ltr'>ἐστι</span> <span class='ocrx_word' id='word_1_623' title='bbox 3044 3153 3184 3224; x_wconf 83' lang='grc' dir='ltr'><strong>μυῖά</strong></span> <span class='ocrx_word' id='word_1_624' title='bbox 3245 3171 3328 3218; x_wconf 87' lang='grc' dir='ltr'><strong>τις</strong></span> <span class='ocrx_word' id='word_1_625' title='bbox 3379 3154 3491 3215; x_wconf 81' lang='grc' dir='ltr'>ταῖς</span> <span class='ocrx_word' id='word_1_626' title='bbox 3532 3149 3671 3221; x_wconf 71' lang='grc' dir='ltr'>βουσὶν</span> 
     </span>
    </p>
   </div>
   <div class='ocr_carea' id='block_1_88' title="bbox 2165 3239 3671 3316">
    <p class='ocr_par' dir='ltr' id='par_1_88' title="bbox 2165 3239 3671 3316">
     <span class='ocr_line' id='line_1_88' title="bbox 2165 3239 3671 3316; baseline 0.001 -21"><span class='ocrx_word' id='word_1_627' title='bbox 2165 3241 2415 3308; x_wconf 72' lang='grc' dir='ltr'>ἐπιοῦσα,</span> <span class='ocrx_word' id='word_1_628' title='bbox 2456 3244 2551 3297; x_wconf 74' lang='grc' dir='ltr'><strong>καὶ</strong></span> <span class='ocrx_word' id='word_1_629' title='bbox 2573 3242 2845 3315; x_wconf 89' lang='grc' dir='ltr'>τοσαύτην</span> <span class='ocrx_word' id='word_1_630' title='bbox 2878 3243 3135 3316; x_wconf 74' lang='grc' dir='ltr'>αἴσθησιν</span> <span class='ocrx_word' id='word_1_631' title='bbox 3164 3242 3458 3316; x_wconf 77' lang='grc' dir='ltr'>ἐμποιοῦσα</span> <span class='ocrx_word' id='word_1_632' title='bbox 3481 3243 3574 3304; x_wconf 80' lang='grc' dir='ltr'>τοῖς</span> <span class='ocrx_word' id='word_1_633' title='bbox 3597 3239 3671 3308; x_wconf 81' lang='grc' dir='ltr'><strong>δή·</strong></span> 
     </span>
    </p>
   </div>
   <div class='ocr_carea' id='block_1_89' title="bbox 2160 3331 3672 3408">
    <p class='ocr_par' dir='ltr' id='par_1_89' title="bbox 2160 3331 3672 3408">
     <span class='ocr_line' id='line_1_89' title="bbox 2160 3331 3672 3408; baseline 0.003 -19"><span class='ocrx_word' id='word_1_634' title='bbox 2160 3351 2388 3404; x_wconf 88' lang='grc' dir='ltr'>γμασιν,</span> <span class='ocrx_word' id='word_1_635' title='bbox 2420 3334 2496 3398; x_wconf 89' lang='grc' dir='ltr'><strong>ώς</strong></span> <span class='ocrx_word' id='word_1_636' title='bbox 2540 3334 2638 3398; x_wconf 80' lang='grc' dir='ltr'>τὰς</span> <span class='ocrx_word' id='word_1_637' title='bbox 2687 3335 2779 3388; x_wconf 80' lang='grc' dir='ltr'>ὑπ’</span> <span class='ocrx_word' id='word_1_638' title='bbox 2810 3335 3025 3408; x_wconf 69' lang='grc' dir='ltr'>ἐκείνης</span> <span class='ocrx_word' id='word_1_639' title='bbox 3074 3336 3403 3408; x_wconf 83' lang='grc' dir='ltr'>νυττομένας</span> <span class='ocrx_word' id='word_1_640' title='bbox 3445 3336 3561 3405; x_wconf 76' lang='grc' dir='ltr'>μήτε</span> <span class='ocrx_word' id='word_1_641' title='bbox 3598 3331 3672 3400; x_wconf 77' lang='grc' dir='ltr'>τῆς</span> 
     </span>
    </p>
   </div>
   <div class='ocr_carea' id='block_1_90' title="bbox 2160 3422 3672 3500">
    <p class='ocr_par' dir='ltr' id='par_1_90' title="bbox 2160 3422 3672 3500">
     <span class='ocr_line' id='line_1_90' title="bbox 2160 3422 3672 3500; baseline 0.003 -20"><span class='ocrx_word' id='word_1_642' title='bbox 2160 3426 2269 3480; x_wconf 78' lang='grc' dir='ltr'>τῶν</span> <span class='ocrx_word' id='word_1_643' title='bbox 2301 3426 2569 3497; x_wconf 86' lang='grc' dir='ltr'>βουκόλων</span> <span class='ocrx_word' id='word_1_644' title='bbox 2614 3426 2900 3497; x_wconf 84' lang='grc' dir='ltr'>ἀνέχεσθαι</span> <span class='ocrx_word' id='word_1_645' title='bbox 2945 3428 3166 3499; x_wconf 72' lang='grc' dir='ltr'>φωνῆς,</span> <span class='ocrx_word' id='word_1_646' title='bbox 3223 3430 3355 3500; x_wconf 86' lang='grc' dir='ltr'>μήτε</span> <span class='ocrx_word' id='word_1_647' title='bbox 3397 3428 3503 3488; x_wconf 86' lang='grc' dir='ltr'>ταῖς</span> <span class='ocrx_word' id='word_1_648' title='bbox 3529 3422 3672 3485; x_wconf 71' lang='grc' dir='ltr'>ἄλλαις</span> 
     </span>
    </p>
   </div>
   <div class='ocr_carea' id='block_1_91' title="bbox 2164 3512 3672 3590">
    <p class='ocr_par' dir='ltr' id='par_1_91' title="bbox 2164 3512 3672 3590">
     <span class='ocr_line' id='line_1_91' title="bbox 2164 3512 3672 3590; baseline -0.004 -18"><span class='ocrx_word' id='word_1_649' title='bbox 2164 3518 2521 3590; x_wconf 81' lang='grc' dir='ltr'>συννέμεσθαι</span> <span class='ocrx_word' id='word_1_650' title='bbox 2569 3517 2791 3589; x_wconf 75' lang='grc' dir='ltr'>βουσὶν,</span> <span class='ocrx_word' id='word_1_651' title='bbox 2838 3519 2974 3574; x_wconf 86' lang='grc' dir='ltr'><strong>ἀλλά</strong></span> <span class='ocrx_word' id='word_1_652' title='bbox 3021 3520 3168 3575; x_wconf 84' lang='grc' dir='ltr'>θέειν</span> <span class='ocrx_word' id='word_1_653' title='bbox 3217 3521 3416 3585; x_wconf 84' lang='grc' dir='ltr'>ἀπλῶς,</span> <span class='ocrx_word' id='word_1_654' title='bbox 3457 3517 3538 3573; x_wconf 77' lang='grc' dir='ltr'>καὶ</span> <span class='ocrx_word' id='word_1_655' title='bbox 3567 3512 3672 3567; x_wconf 68' lang='grc' dir='ltr'>κατὰ</span> 
     </span>
    </p>
   </div>
   <div class='ocr_carea' id='block_1_92' title="bbox 2162 3606 3671 3683">
    <p class='ocr_par' dir='ltr' id='par_1_92' title="bbox 2162 3606 3671 3683">
     <span class='ocr_line' id='line_1_92' title="bbox 2162 3606 3671 3683; baseline -0.005 -18"><span class='ocrx_word' id='word_1_656' title='bbox 2162 3610 2423 3682; x_wconf 83' lang='grc' dir='ltr'>κρημνῶν</span> <span class='ocrx_word' id='word_1_657' title='bbox 2453 3610 2600 3663; x_wconf 76' lang='grc' dir='ltr'>ἐστιν</span> <span class='ocrx_word' id='word_1_658' title='bbox 2631 3611 2718 3664; x_wconf 81' lang='grc' dir='ltr'><strong>ὅτε</strong></span> <span class='ocrx_word' id='word_1_659' title='bbox 2750 3611 3029 3683; x_wconf 81' lang='grc' dir='ltr'>φέρεσθαι.</span> <span class='ocrx_word' id='word_1_660' title='bbox 3064 3612 3320 3676; x_wconf 87' lang='grc' dir='ltr'>Ταύταις,</span> <span class='ocrx_word' id='word_1_661' title='bbox 3353 3610 3519 3681; x_wconf 81' lang='grc' dir='ltr'>φησὶν,</span> <span class='ocrx_word' id='word_1_662' title='bbox 3540 3606 3671 3659; x_wconf 77' lang='grc' dir='ltr'>ἔοικεν</span> 
     </span>
    </p>
   </div>
   <div class='ocr_carea' id='block_1_93' title="bbox 2162 3695 3672 3775">
    <p class='ocr_par' dir='ltr' id='par_1_93' title="bbox 2162 3695 3672 3775">
     <span class='ocr_line' id='line_1_93' title="bbox 2162 3695 3672 3775; baseline -0.005 -18"><span class='ocrx_word' id='word_1_663' title='bbox 2162 3705 2190 3757; x_wconf 86' lang='grc' dir='ltr'><strong>ὁ</strong></span> <span class='ocrx_word' id='word_1_664' title='bbox 2231 3701 2492 3773; x_wconf 78' lang='grc' dir='ltr'>Ἐφραῒμ,</span> <span class='ocrx_word' id='word_1_665' title='bbox 2536 3702 2637 3771; x_wconf 77' lang='grc' dir='ltr'>τῆς</span> <span class='ocrx_word' id='word_1_666' title='bbox 2667 3702 2776 3756; x_wconf 85' lang='grc' dir='ltr'><strong>τῶν</strong></span> <span class='ocrx_word' id='word_1_667' title='bbox 2813 3702 3048 3756; x_wconf 73' lang='grc' dir='ltr'>εἰδώλων</span> <span class='ocrx_word' id='word_1_668' title='bbox 3077 3702 3371 3775; x_wconf 86' lang='grc' dir='ltr'>θεραπείας</span> <span class='ocrx_word' id='word_1_669' title='bbox 3393 3702 3475 3755; x_wconf 81' lang='grc' dir='ltr'><strong>τὸν</strong></span> <span class='ocrx_word' id='word_1_670' title='bbox 3507 3695 3672 3765; x_wconf 71' lang='grc' dir='ltr'>οἶστρον</span> 
     </span>
    </p>
   </div>
   <div class='ocr_carea' id='block_1_94' title="bbox 2162 3778 3671 3864">
    <p class='ocr_par' dir='ltr' id='par_1_94' title="bbox 2162 3778 3671 3864">
     <span class='ocr_line' id='line_1_94' title="bbox 2162 3778 3671 3864; baseline -0.003 -18"><span class='ocrx_word' id='word_1_671' title='bbox 2162 3778 2453 3862; x_wconf 81' lang='grc' dir='ltr'>δεξάμενος</span> <span class='ocrx_word' id='word_1_672' title='bbox 2473 3808 2487 3825; x_wconf 80' lang='grc'><strong><em>⁸</em></strong></span> <span class='ocrx_word' id='word_1_673' title='bbox 2537 3793 2783 3862; x_wconf 70' lang='grc' dir='ltr'>Ἐφραῒμ</span> <span class='ocrx_word' id='word_1_674' title='bbox 2816 3792 2874 3847; x_wconf 81' lang='grc' dir='ltr'>δὲ</span> <span class='ocrx_word' id='word_1_675' title='bbox 2899 3794 2997 3858; x_wconf 80' lang='grc' dir='ltr'><strong>τὰς</strong></span> <span class='ocrx_word' id='word_1_676' title='bbox 3027 3793 3162 3848; x_wconf 85' lang='grc' dir='ltr'>δέκα</span> <span class='ocrx_word' id='word_1_677' title='bbox 3203 3793 3391 3864; x_wconf 78' lang='grc' dir='ltr'>φυλὰς,</span> <span class='ocrx_word' id='word_1_678' title='bbox 3422 3792 3491 3855; x_wconf 85' lang='grc' dir='ltr'>ὡς</span> <span class='ocrx_word' id='word_1_679' title='bbox 3528 3786 3671 3859; x_wconf 80' lang='grc' dir='ltr'>προεί-</span> 
     </span>
    </p>
   </div>
   <div class='ocr_carea' id='block_1_95' title="bbox 2163 3877 3673 3955">
    <p class='ocr_par' dir='ltr' id='par_1_95' title="bbox 2163 3877 3673 3955">
     <span class='ocr_line' id='line_1_95' title="bbox 2163 3877 3673 3955; baseline 0.002 -20"><span class='ocrx_word' id='word_1_680' title='bbox 2163 3899 2369 3952; x_wconf 89' lang='grc' dir='ltr'>πομεν,</span> <span class='ocrx_word' id='word_1_681' title='bbox 2423 3882 2702 3953; x_wconf 76' lang='grc' dir='ltr'>ὀνομάζει.</span> <span class='ocrx_word' id='word_1_682' title='bbox 2758 3884 2895 3937; x_wconf 79' lang='grc' dir='ltr'>Ἀλλ’</span> <span class='ocrx_word' id='word_1_683' title='bbox 2954 3884 3105 3955; x_wconf 85' lang='grc' dir='ltr'>ὅμως</span> <span class='ocrx_word' id='word_1_684' title='bbox 3151 3885 3272 3938; x_wconf 77' lang='grc' dir='ltr'>οὐδὲ</span> <span class='ocrx_word' id='word_1_685' title='bbox 3321 3884 3483 3941; x_wconf 79' lang='grc' dir='ltr'>οὕτως</span> <span class='ocrx_word' id='word_1_686' title='bbox 3522 3877 3673 3938; x_wconf 69' lang='grc' dir='ltr'>αὐτοὺς</span> 
     </span>
    </p>
   </div>
   <div class='ocr_carea' id='block_1_96' title="bbox 2162 3969 3672 4047">
    <p class='ocr_par' dir='ltr' id='par_1_96' title="bbox 2162 3969 3672 4047">
     <span class='ocr_line' id='line_1_96' title="bbox 2162 3969 3672 4047; baseline -0.005 -19"><span class='ocrx_word' id='word_1_687' title='bbox 2162 3974 2532 4042; x_wconf 86' lang='grc' dir='ltr'>ἀποιμάντους</span> <span class='ocrx_word' id='word_1_688' title='bbox 2599 3975 2949 4045; x_wconf 79' lang='grc' dir='ltr'>καταλείψω,</span> <span class='ocrx_word' id='word_1_689' title='bbox 3011 3974 3154 4029; x_wconf 87' lang='grc' dir='ltr'><strong>ἀλλά</strong></span> <span class='ocrx_word' id='word_1_690' title='bbox 3209 3972 3554 4047; x_wconf 87' lang='grc' dir='ltr'>δορυαλώτους</span> <span class='ocrx_word' id='word_1_691' title='bbox 3591 3969 3672 4021; x_wconf 81' lang='grc' dir='ltr'>ἀπ-</span> 
     </span>
    </p>
   </div>
   <div class='ocr_carea' id='block_1_97' title="bbox 2162 4058 3672 4138">
    <p class='ocr_par' dir='ltr' id='par_1_97' title="bbox 2162 4058 3672 4138">
     <span class='ocr_line' id='line_1_97' title="bbox 2162 4058 3672 4138; baseline -0.007 -17"><span class='ocrx_word' id='word_1_692' title='bbox 2162 4064 2395 4136; x_wconf 83' lang='grc' dir='ltr'>αχθῆναι</span> <span class='ocrx_word' id='word_1_693' title='bbox 2425 4067 2679 4138; x_wconf 87' lang='grc' dir='ltr'>ποιήσας,</span> <span class='ocrx_word' id='word_1_694' title='bbox 2706 4067 2834 4137; x_wconf 82' lang='grc' dir='ltr'>τῇδε</span> <span class='ocrx_word' id='word_1_695' title='bbox 2863 4067 3087 4121; x_wconf 86' lang='grc' dir='ltr'>κάκεῖσε</span> <span class='ocrx_word' id='word_1_696' title='bbox 3112 4066 3409 4138; x_wconf 85' lang='grc' dir='ltr'>διασπερῶ,</span> <span class='ocrx_word' id='word_1_697' title='bbox 3452 4063 3518 4127; x_wconf 83' lang='grc' dir='ltr'>ὡς</span> <span class='ocrx_word' id='word_1_698' title='bbox 3547 4058 3672 4131; x_wconf 76' lang='grc' dir='ltr'>μηδὲν</span> 
     </span>
    </p>
   </div>
   <div class='ocr_carea' id='block_1_98' title="bbox 2161 4154 3672 4231">
    <p class='ocr_par' dir='ltr' id='par_1_98' title="bbox 2161 4154 3672 4231">
     <span class='ocr_line' id='line_1_98' title="bbox 2161 4154 3672 4231; baseline -0.003 -21"><span class='ocrx_word' id='word_1_699' title='bbox 2161 4155 2443 4228; x_wconf 83' lang='grc' dir='ltr'>διαφέρειν</span> <span class='ocrx_word' id='word_1_700' title='bbox 2468 4157 2640 4227; x_wconf 80' lang='grc' dir='ltr'>ἀμνοῦ</span> <span class='ocrx_word' id='word_1_701' title='bbox 2676 4158 3031 4231; x_wconf 85' lang='grc' dir='ltr'>πλανωμένου</span> <span class='ocrx_word' id='word_1_702' title='bbox 3071 4160 3169 4214; x_wconf 62' lang='grc' dir='ltr'><strong>καλ⁸</strong></span> <span class='ocrx_word' id='word_1_703' title='bbox 3196 4160 3297 4231; x_wconf 84' lang='grc' dir='ltr'>τὴν</span> <span class='ocrx_word' id='word_1_704' title='bbox 3326 4154 3560 4230; x_wconf 78' lang='grc' dir='ltr'>μητρῴαν</span> <span class='ocrx_word' id='word_1_705' title='bbox 3579 4154 3672 4205; x_wconf 77' lang='grc' dir='ltr'>ἐπι·</span> 
     </span>
    </p>
   </div>
   <div class='ocr_carea' id='block_1_99' title="bbox 2164 4248 3671 4322">
    <p class='ocr_par' dir='ltr' id='par_1_99' title="bbox 2164 4248 3671 4322">
     <span class='ocr_line' id='line_1_99' title="bbox 2164 4248 3671 4322; baseline -0.001 -20"><span class='ocrx_word' id='word_1_706' title='bbox 2164 4248 2452 4319; x_wconf 77' lang='grc' dir='ltr'>ζητοῦντος</span> <span class='ocrx_word' id='word_1_707' title='bbox 2486 4249 2676 4322; x_wconf 81' lang='grc' dir='ltr'>θηλήν.</span> <span class='ocrx_word' id='word_1_708' title='bbox 2729 4251 2915 4306; x_wconf 87' lang='grc' dir='ltr'>Ταῦτα</span> <span class='ocrx_word' id='word_1_709' title='bbox 2944 4253 3002 4306; x_wconf 85' lang='grc' dir='ltr'>δὲ</span> <span class='ocrx_word' id='word_1_710' title='bbox 3032 4253 3300 4317; x_wconf 85' lang='grc' dir='ltr'>πείσεται,</span> <span class='ocrx_word' id='word_1_711' title='bbox 3328 4250 3502 4320; x_wconf 72' lang='grc' dir='ltr'>ἐπειδὴ</span> <span class='ocrx_word' id='word_1_712' title='bbox 3528 4248 3606 4309; x_wconf 71' lang='grc' dir='ltr'>τᾶς</span> <span class='ocrx_word' id='word_1_713' title='bbox 3629 4259 3671 4297; x_wconf 75' lang='grc' dir='ltr'><strong>τι</strong></span> 
     </span>
    </p>
   </div>
   <div class='ocr_carea' id='block_1_100' title="bbox 2162 4335 3671 4413">
    <p class='ocr_par' dir='ltr' id='par_1_100' title="bbox 2162 4335 3671 4413">
     <span class='ocr_line' id='line_1_100' title="bbox 2162 4335 3671 4413; baseline -0.006 -18"><span class='ocrx_word' id='word_1_714' title='bbox 2162 4340 2444 4411; x_wconf 81' lang='grc' dir='ltr'>δαμάλεις,</span> <span class='ocrx_word' id='word_1_715' title='bbox 2476 4343 2571 4397; x_wconf 73' lang='grc' dir='ltr'><strong>καὶ</strong></span> <span class='ocrx_word' id='word_1_716' title='bbox 2602 4341 2673 4395; x_wconf 78' lang='grc' dir='ltr'>τὰ</span> <span class='ocrx_word' id='word_1_717' title='bbox 2697 4343 2861 4397; x_wconf 85' lang='grc' dir='ltr'>λοιπὰ</span> <span class='ocrx_word' id='word_1_718' title='bbox 2884 4343 3095 4409; x_wconf 72' lang='grc' dir='ltr'>εἴδωλα,</span> <span class='ocrx_word' id='word_1_719' title='bbox 3126 4344 3376 4413; x_wconf 83' lang='grc' dir='ltr'>καθάπερ</span> <span class='ocrx_word' id='word_1_720' title='bbox 3411 4339 3521 4394; x_wconf 74' lang='grc' dir='ltr'>τινὰ</span> <span class='ocrx_word' id='word_1_721' title='bbox 3548 4335 3671 4388; x_wconf 72' lang='grc' dir='ltr'>σκάνο</span> 
     </span>
    </p>
   </div>
   <div class='ocr_carea' id='block_1_101' title="bbox 2091 4428 3673 4507">
    <p class='ocr_par' dir='ltr' id='par_1_101' title="bbox 2091 4428 3673 4507">
     <span class='ocr_line' id='line_1_101' title="bbox 2091 4428 3673 4507; baseline -0.008 -19"><span class='ocrx_word' id='word_1_722' title='bbox 2091 4452 2135 4507; x_wconf 79' lang='grc' dir='ltr'><strong>ι)</strong></span> <span class='ocrx_word' id='word_1_723' title='bbox 2163 4434 2298 4488; x_wconf 84' lang='grc' dir='ltr'>δαλα</span> <span class='ocrx_word' id='word_1_724' title='bbox 2332 4434 2425 4487; x_wconf 74' lang='grc' dir='ltr'><strong>καὶ</strong></span> <span class='ocrx_word' id='word_1_725' title='bbox 2454 4435 2636 4503; x_wconf 83' lang='grc' dir='ltr'>πάγας</span> <span class='ocrx_word' id='word_1_726' title='bbox 2667 4435 2845 4507; x_wconf 82' lang='grc' dir='ltr'>ἐαυτῷ</span> <span class='ocrx_word' id='word_1_727' title='bbox 2880 4435 3263 4507; x_wconf 76' lang='grc' dir='ltr'>προ-τεθεικώς,</span> <span class='ocrx_word' id='word_1_728' title='bbox 3297 4435 3392 4504; x_wconf 81' lang='grc' dir='ltr'><strong>τὴν</strong></span> <span class='ocrx_word' id='word_1_729' title='bbox 3417 4430 3513 4485; x_wconf 83' lang='grc' dir='ltr'>τῶν</span> <span class='ocrx_word' id='word_1_730' title='bbox 3537 4428 3673 4481; x_wconf 78' lang='grc' dir='ltr'>Χανα-</span> 
     </span>
    </p>
   </div>
   <div class='ocr_carea' id='block_1_102' title="bbox 2160 4513 3671 4597">
    <p class='ocr_par' dir='ltr' id='par_1_102' title="bbox 2160 4513 3671 4597">
     <span class='ocr_line' id='line_1_102' title="bbox 2160 4513 3671 4597; baseline -0.003 -18"><span class='ocrx_word' id='word_1_731' title='bbox 2160 4524 2319 4579; x_wconf 84' lang='grc' dir='ltr'>νιτῶν</span> <span class='ocrx_word' id='word_1_732' title='bbox 2350 4525 2392 4556; x_wconf 83' lang='grc'>¹¹</span> <span class='ocrx_word' id='word_1_733' title='bbox 2451 4525 2770 4580; x_wconf 80' lang='grc' dir='ltr'>δυσσέϐειαν</span> <span class='ocrx_word' id='word_1_734' title='bbox 2819 4516 3091 4597; x_wconf 77' lang='grc' dir='ltr'>ὲζήλωσέ,</span> <span class='ocrx_word' id='word_1_735' title='bbox 3138 4526 3235 4581; x_wconf 70' lang='grc' dir='ltr'>καὶ</span> <span class='ocrx_word' id='word_1_736' title='bbox 3275 4520 3543 4591; x_wconf 66' lang='grc' dir='ltr'>ἀλαζονείᾳ</span> <span class='ocrx_word' id='word_1_737' title='bbox 3579 4513 3671 4569; x_wconf 78' lang='grc' dir='ltr'>κατ’</span> 
     </span>
    </p>
   </div>
   <div class='ocr_carea' id='block_1_103' title="bbox 2159 4605 3673 4688">
    <p class='ocr_par' dir='ltr' id='par_1_103' title="bbox 2159 4605 3673 4688">
     <span class='ocr_line' id='line_1_103' title="bbox 2159 4605 3673 4688; baseline -0.014 -4"><span class='ocrx_word' id='word_1_738' title='bbox 2159 4615 2294 4685; x_wconf 75' lang='grc' dir='ltr'>ἐμοῦ</span> <span class='ocrx_word' id='word_1_739' title='bbox 2343 4616 2715 4688; x_wconf 84' lang='grc' dir='ltr'>χρησάμενος,</span> <span class='ocrx_word' id='word_1_740' title='bbox 2763 4618 2864 4687; x_wconf 82' lang='grc' dir='ltr'><strong>τὴν</strong></span> <span class='ocrx_word' id='word_1_741' title='bbox 2915 4619 3024 4673; x_wconf 85' lang='grc' dir='ltr'>τῶν</span> <span class='ocrx_word' id='word_1_742' title='bbox 3061 4618 3296 4672; x_wconf 74' lang='grc' dir='ltr'>εἰδώλων</span> <span class='ocrx_word' id='word_1_743' title='bbox 3338 4613 3568 4684; x_wconf 76' lang='grc' dir='ltr'>λατρείαν</span> <span class='ocrx_word' id='word_1_744' title='bbox 3600 4605 3673 4673; x_wconf 77' lang='grc' dir='ltr'><strong>τῆς</strong></span> 
     </span>
    </p>
   </div>
   <div class='ocr_carea' id='block_1_104' title="bbox 2162 4697 3672 4779">
    <p class='ocr_par' dir='ltr' id='par_1_104' title="bbox 2162 4697 3672 4779">
     <span class='ocr_line' id='line_1_104' title="bbox 2162 4697 3672 4779; baseline -0.015 -1"><span class='ocrx_word' id='word_1_745' title='bbox 2162 4707 2299 4777; x_wconf 74' lang='grc' dir='ltr'><strong>ἑμῆιῖ</strong></span> <span class='ocrx_word' id='word_1_746' title='bbox 2325 4707 2622 4778; x_wconf 82' lang='grc' dir='ltr'>θεραπείας</span> <span class='ocrx_word' id='word_1_747' title='bbox 2644 4709 2944 4778; x_wconf 84' lang='grc' dir='ltr'>προείλετο.</span> <span class='ocrx_word' id='word_1_748' title='bbox 2978 4729 2997 4762; x_wconf 85' lang='grc' dir='ltr'><strong>ι</strong></span> <span class='ocrx_word' id='word_1_749' title='bbox 3035 4710 3355 4779; x_wconf 80' lang='grc' dir='ltr'>Ἠγάπησαν</span> <span class='ocrx_word' id='word_1_750' title='bbox 3376 4707 3476 4776; x_wconf 85' lang='grc' dir='ltr'>γὰρ</span> <span class='ocrx_word' id='word_1_751' title='bbox 3495 4697 3672 4769; x_wconf 73' lang='grc' dir='ltr'>ἀτιμίαν</span> 
     </span>
    </p>
   </div>
   <div class='ocr_carea' id='block_1_105' title="bbox 2160 4796 3535 4870">
    <p class='ocr_par' dir='ltr' id='par_1_105' title="bbox 2160 4796 3535 4870">
     <span class='ocr_line' id='line_1_105' title="bbox 2160 4796 3535 4870; baseline 0.007 -22"><span class='ocrx_word' id='word_1_752' title='bbox 2160 4797 2224 4849; x_wconf 81' lang='grc' dir='ltr'>ὲκ</span> <span class='ocrx_word' id='word_1_753' title='bbox 2257 4796 2613 4867; x_wconf 80' lang='grc' dir='ltr'>φρυάγματος</span> <span class='ocrx_word' id='word_1_754' title='bbox 2640 4800 2834 4870; x_wconf 79' lang='grc' dir='ltr'>αὐτῆς.</span> <span class='ocrx_word' id='word_1_755' title='bbox 2867 4820 2885 4853; x_wconf 79' lang='grc' dir='ltr'><strong>ι</strong></span> <span class='ocrx_word' id='word_1_756' title='bbox 2944 4800 3107 4854; x_wconf 84' lang='grc' dir='ltr'>Ἀλλά</span> <span class='ocrx_word' id='word_1_757' title='bbox 3134 4800 3323 4855; x_wconf 84' lang='grc' dir='ltr'>τούτου</span> <span class='ocrx_word' id='word_1_758' title='bbox 3354 4797 3535 4869; x_wconf 70' lang='grc' dir='ltr'>χάριν,</span> 
     </span>
    </p>
   </div>
   <div class='ocr_carea' id='block_1_106' title="bbox 2240 4965 3672 5065">
    <p class='ocr_par' dir='ltr' id='par_1_106' title="bbox 2240 4965 3672 5065">
     <span class='ocr_line' id='line_1_106' title="bbox 2240 4965 3672 5065; baseline -0.007 -36"><span class='ocrx_word' id='word_1_759' title='bbox 2240 4976 2325 5030; x_wconf 77' lang='grc' dir='ltr'>ιϐ’.</span> <span class='ocrx_word' id='word_1_760' title='bbox 2373 4997 2391 5027; x_wconf 79' lang='grc' dir='ltr'><strong>ι</strong></span> <span class='ocrx_word' id='word_1_761' title='bbox 2420 4978 2705 5051; x_wconf 78' lang='grc' dir='ltr'>Συστροφὴ</span> <span class='ocrx_word' id='word_1_762' title='bbox 2754 4981 3063 5052; x_wconf 85' lang='grc' dir='ltr'>πνεύματος</span> <span class='ocrx_word' id='word_1_763' title='bbox 3104 4977 3269 5034; x_wconf 80' lang='grc' dir='ltr'>αὐτοῦ</span> <span class='ocrx_word' id='word_1_764' title='bbox 3309 4975 3475 5046; x_wconf 85' lang='grc' dir='ltr'>συριεῖ</span> <span class='ocrx_word' id='word_1_765' title='bbox 3500 4972 3549 5023; x_wconf 73' lang='grc' dir='ltr'>ἐν</span> <span class='ocrx_word' id='word_1_766' title='bbox 3583 4965 3672 5065; x_wconf 53' lang='grc' dir='ltr'>ταῖς</span> 
     </span>
    </p>
   </div>
   <div class='ocr_carea' id='block_1_107' title="bbox 2169 5063 3674 5145">
    <p class='ocr_par' dir='ltr' id='par_1_107' title="bbox 2169 5063 3674 5145">
     <span class='ocr_line' id='line_1_107' title="bbox 2169 5063 3674 5145; baseline 0.002 -26"><span class='ocrx_word' id='word_1_767' title='bbox 2169 5068 2423 5138; x_wconf 74' lang='grc' dir='ltr'>πτέρυξιν</span> <span class='ocrx_word' id='word_1_768' title='bbox 2453 5070 2642 5140; x_wconf 79' lang='grc' dir='ltr'>αὐτῆς.</span> <span class='ocrx_word' id='word_1_769' title='bbox 2681 5091 2698 5124; x_wconf 78' lang='grc' dir='ltr'><strong>ι</strong></span> <span class='ocrx_word' id='word_1_770' title='bbox 2735 5072 3000 5143; x_wconf 81' lang='grc' dir='ltr'>Καθάπερ</span> <span class='ocrx_word' id='word_1_771' title='bbox 3029 5071 3160 5145; x_wconf 84' lang='grc' dir='ltr'><strong>γάρ,</strong></span> <span class='ocrx_word' id='word_1_772' title='bbox 3189 5068 3342 5141; x_wconf 74' lang='grc' dir='ltr'>φησὶ,</span> <span class='ocrx_word' id='word_1_773' title='bbox 3374 5064 3439 5120; x_wconf 80' lang='grc' dir='ltr'>τὰ</span> <span class='ocrx_word' id='word_1_774' title='bbox 3463 5063 3603 5132; x_wconf 75' lang='grc' dir='ltr'>δρνεσι</span> <span class='ocrx_word' id='word_1_775' title='bbox 3625 5063 3674 5122; x_wconf 75' lang='grc' dir='ltr'>τι]</span> 
     </span>
    </p>
   </div>
   <div class='ocr_carea' id='block_1_108' title="bbox 1782 5300 2454 5360">
    <p class='ocr_par' dir='ltr' id='par_1_108' title="bbox 1782 5300 2454 5360">
     <span class='ocr_line' id='line_1_108' title="bbox 1782 5300 2454 5360; baseline 0.013 -8"><span class='ocrx_word' id='word_1_776' title='bbox 1782 5300 2013 5356; x_wconf 65' lang='grc' dir='ltr'>νΑιιιΑΞ</span> <span class='ocrx_word' id='word_1_777' title='bbox 2053 5300 2454 5360; x_wconf 75' lang='lat' dir='ltr'><strong>LECTIONES.</strong></span> 
     </span>
    </p>
   </div>
   <div class='ocr_carea' id='block_1_109' title="bbox 578 5386 3673 5470">
    <p class='ocr_par' dir='ltr' id='par_1_109' title="bbox 578 5386 3673 5470">
     <span class='ocr_line' id='line_1_109' title="bbox 578 5386 3673 5470; baseline 0.002 -28"><span class='ocrx_word' id='word_1_778' title='bbox 578 5386 789 5470; x_wconf 43' lang='grc' dir='ltr'>’.ἀ-δικ.</span> <span class='ocrx_word' id='word_1_779' title='bbox 822 5386 1024 5470; x_wconf 41' lang='grc' dir='ltr'>Μριιιί..</span> <span class='ocrx_word' id='word_1_780' title='bbox 1048 5390 1102 5470; x_wconf 69' lang='lat' dir='ltr'><strong>ip</strong></span> <span class='ocrx_word' id='word_1_781' title='bbox 1138 5388 1362 5470; x_wconf 49' lang='grc' dir='ltr'><strong>ηαλμ).</strong></span> <span class='ocrx_word' id='word_1_782' title='bbox 1397 5389 1562 5470; x_wconf 63' lang='lat' dir='ltr'><strong>adh.</strong></span> <span class='ocrx_word' id='word_1_783' title='bbox 1670 5400 1724 5446; x_wconf 92' lang='lat' dir='ltr'><strong>et</strong></span> <span class='ocrx_word' id='word_1_784' title='bbox 1745 5389 1940 5470; x_wconf 68' lang='lat' dir='ltr'><strong>Bosius</strong></span> <span class='ocrx_word' id='word_1_785' title='bbox 1971 5392 2036 5446; x_wconf 86' lang='lat' dir='ltr'><strong>ad</strong></span> <span class='ocrx_word' id='word_1_786' title='bbox 2070 5393 2139 5470; x_wconf 43' lang='lat' dir='ltr'><strong>th</strong></span> <span class='ocrx_word' id='word_1_787' title='bbox 2162 5394 2198 5470; x_wconf 64' lang='grc' dir='ltr'><strong>ί.</strong></span> <span class='ocrx_word' id='word_1_788' title='bbox 2230 5394 2431 5470; x_wconf 78' lang='lat' dir='ltr'><strong>habent</strong></span> <span class='ocrx_word' id='word_1_789' title='bbox 2461 5393 2669 5470; x_wconf 51' lang='lat' dir='ltr'><strong>apag,</strong></span> <span class='ocrx_word' id='word_1_790' title='bbox 2693 5404 2758 5470; x_wconf 75' lang='lat' dir='ltr'><strong>.et_</strong></span> <span class='ocrx_word' id='word_1_791' title='bbox 2786 5408 2977 5456; x_wconf 82' lang='lat' dir='ltr'><strong>nostro</strong></span> <span class='ocrx_word' id='word_1_792' title='bbox 3001 5399 3219 5470; x_wconf 79' lang='lat' dir='ltr'><strong>insuper</strong></span> <span class='ocrx_word' id='word_1_793' title='bbox 3252 5399 3364 5470; x_wconf 68' lang='lat' dir='ltr'><strong>haec</strong></span> <span class='ocrx_word' id='word_1_794' title='bbox 3391 5394 3673 5470; x_wconf 67' lang='lat' dir='ltr'><strong>ascribunt:</strong></span> 
     </span>
    </p>
   </div>
   <div class='ocr_carea' id='block_1_110' title="bbox 488 5458 3672 5539">
    <p class='ocr_par' dir='ltr' id='par_1_110' title="bbox 488 5458 3672 5539">
     <span class='ocr_line' id='line_1_110' title="bbox 488 5458 3672 5539; baseline 0.003 -28"><span class='ocrx_word' id='word_1_795' title='bbox 488 5459 584 5539; x_wconf 63' lang='grc' dir='ltr'>ξιαὶ</span> <span class='ocrx_word' id='word_1_796' title='bbox 615 5460 654 5539; x_wconf 50' lang='grc' dir='ltr'><strong>ὁ.</strong></span> <span class='ocrx_word' id='word_1_797' title='bbox 668 5458 840 5539; x_wconf 77' lang='grc' dir='ltr'>Σύρος</span> <span class='ocrx_word' id='word_1_798' title='bbox 877 5459 933 5539; x_wconf 77' lang='grc' dir='ltr'>δὲ</span> <span class='ocrx_word' id='word_1_799' title='bbox 967 5459 1192 5539; x_wconf 66' lang='grc' dir='ltr'>αύτδτδ</span> <span class='ocrx_word' id='word_1_800' title='bbox 1247 5458 1536 5539; x_wconf 69' lang='grc' dir='ltr'>Ἑδραῖκδν</span> <span class='ocrx_word' id='word_1_801' title='bbox 1562 5461 1803 5539; x_wconf 69' lang='grc' dir='ltr'>τέθεικεν</span> <span class='ocrx_word' id='word_1_802' title='bbox 1844 5462 2041 5539; x_wconf 66' lang='grc' dir='ltr'><strong>⁵όνομα.</strong></span> <span class='ocrx_word' id='word_1_803' title='bbox 2262 5466 2438 5539; x_wconf 77' lang='lat' dir='ltr'><strong>schol.</strong></span> <span class='ocrx_word' id='word_1_804' title='bbox 2482 5465 2574 5539; x_wconf 69' lang='lat'><strong>26.</strong></span> <span class='ocrx_word' id='word_1_805' title='bbox 2608 5458 2933 5539; x_wconf 5' lang='lat' dir='ltr'><strong>Lectionemq</strong></span> <span class='ocrx_word' id='word_1_806' title='bbox 2964 5458 3175 5533; x_wconf 75' lang='grc' dir='ltr'>ἀδικίας</span> <span class='ocrx_word' id='word_1_807' title='bbox 3213 5469 3373 5524; x_wconf 79' lang='lat' dir='ltr'><strong>habet</strong></span> <span class='ocrx_word' id='word_1_808' title='bbox 3404 5468 3553 5539; x_wconf 73' lang='lat' dir='ltr'><strong>etiam</strong></span> <span class='ocrx_word' id='word_1_809' title='bbox 3571 5462 3672 5539; x_wconf 65' lang='lat' dir='ltr'><strong>Cyl}</strong></span> 
     </span>
    </p>
   </div>
   <div class='ocr_carea' id='block_1_111' title="bbox 486 5526 3438 5613">
    <p class='ocr_par' dir='ltr' id='par_1_111' title="bbox 486 5526 3438 5613">
     <span class='ocr_line' id='line_1_111' title="bbox 486 5526 3438 5613; baseline 0.004 -34"><span class='ocrx_word' id='word_1_810' title='bbox 486 5526 603 5613; x_wconf 44' lang='lat' dir='ltr'><strong>ita;</strong></span> <span class='ocrx_word' id='word_1_811' title='bbox 635 5527 694 5582; x_wconf 87' lang='lat' dir='ltr'><strong>In</strong></span> <span class='ocrx_word' id='word_1_812' title='bbox 715 5526 1191 5613; x_wconf 38' lang='lat' dir='ltr'><strong>Cpostpﬁspiav</strong></span> <span class='ocrx_word' id='word_1_813' title='bbox 1214 5526 1468 5613; x_wconf 54' lang='lat' dir='ltr'><strong>ponitur.</strong></span> <span class='ocrx_word' id='word_1_814' title='bbox 1503 5532 1522 5561; x_wconf 82' lang='grc'><strong>⁷</strong></span> <span class='ocrx_word' id='word_1_815' title='bbox 1549 5548 1695 5613; x_wconf 14' lang='grc' dir='ltr'>γιᾲγν.</span> <span class='ocrx_word' id='word_1_816' title='bbox 1721 5530 1762 5584; x_wconf 86' lang='lat' dir='ltr'>C</span> <span class='ocrx_word' id='word_1_817' title='bbox 1791 5526 1960 5613; x_wconf 45' lang='lat' dir='ltr'><strong>addit}</strong></span> <span class='ocrx_word' id='word_1_818' title='bbox 1993 5534 2129 5613; x_wconf 75' lang='grc' dir='ltr'>καὶὸ</span> <span class='ocrx_word' id='word_1_819' title='bbox 2149 5533 2315 5613; x_wconf 78' lang='grc' dir='ltr'>Σύρος</span> <span class='ocrx_word' id='word_1_820' title='bbox 2360 5535 2651 5613; x_wconf 50' lang='lat' dir='ltr'><strong>asciscere</strong></span> <span class='ocrx_word' id='word_1_821' title='bbox 2692 5526 3229 5613; x_wconf 58' lang='grc' dir='ltr'>Ἐϐραῖκὸντέθεικεν</span> <span class='ocrx_word' id='word_1_822' title='bbox 3257 5540 3438 5613; x_wconf 73' lang='grc' dir='ltr'>δνομα.</span> 
     </span>
    </p>
   </div>
   <div class='ocr_carea' id='block_1_112' title="bbox 1372 5602 2712 5677">
    <p class='ocr_par' dir='ltr' id='par_1_112' title="bbox 1372 5602 2712 5677">
     <span class='ocr_line' id='line_1_112' title="bbox 1372 5602 2712 5677; baseline 0.005 -23"><span class='ocrx_word' id='word_1_823' title='bbox 1372 5602 1412 5633; x_wconf 88' lang='grc'>¹⁰</span> <span class='ocrx_word' id='word_1_824' title='bbox 1446 5602 1538 5672; x_wconf 88' lang='grc' dir='ltr'>ὀμ.</span> <span class='ocrx_word' id='word_1_825' title='bbox 1575 5604 1653 5655; x_wconf 87' lang='lat' dir='ltr'><strong>ita</strong></span> <span class='ocrx_word' id='word_1_826' title='bbox 1702 5618 1824 5657; x_wconf 84' lang='lat' dir='ltr'><strong>cum</strong></span> <span class='ocrx_word' id='word_1_827' title='bbox 1862 5602 1902 5657; x_wconf 83' lang='lat' dir='ltr'><strong>C</strong></span> <span class='ocrx_word' id='word_1_828' title='bbox 1933 5603 2178 5671; x_wconf 71' lang='lat' dir='ltr'><strong>legimus.</strong></span> <span class='ocrx_word' id='word_1_829' title='bbox 2214 5602 2379 5660; x_wconf 74' lang='lat' dir='ltr'><strong>Sirm.</strong></span> <span class='ocrx_word' id='word_1_830' title='bbox 2420 5607 2712 5677; x_wconf 79' lang='grc' dir='ltr'>ὀνομάσῃς.</span> 
     </span>
    </p>
   </div>
   <div class='ocr_carea' id='block_1_113' title="bbox 488 5599 1289 5670">
    <p class='ocr_par' dir='ltr' id='par_1_113' title="bbox 488 5599 1289 5670">
     <span class='ocr_line' id='line_1_113' title="bbox 488 5599 1289 5670; baseline -0.001 -18"><span class='ocrx_word' id='word_1_831' title='bbox 488 5600 529 5670; x_wconf 69' lang='lat' dir='ltr'><strong>C.</strong></span> <span class='ocrx_word' id='word_1_832' title='bbox 554 5615 738 5667; x_wconf 62' lang='lat' dir='ltr'><strong>praem.</strong></span> <span class='ocrx_word' id='word_1_833' title='bbox 767 5599 843 5653; x_wconf 85' lang='grc' dir='ltr'><strong>δέ.</strong></span> <span class='ocrx_word' id='word_1_834' title='bbox 918 5601 939 5631; x_wconf 73' lang='grc'><strong><em>⁸</em></strong></span> <span class='ocrx_word' id='word_1_835' title='bbox 960 5599 999 5654; x_wconf 86' lang='lat' dir='ltr'><strong>C</strong></span> <span class='ocrx_word' id='word_1_836' title='bbox 1033 5600 1289 5670; x_wconf 83' lang='grc' dir='ltr'>Βααλείμ.</span> 
     </span>
    </p>
   </div>
   <div class='ocr_carea' id='block_1_114' title="bbox 506 5668 1321 5736">
    <p class='ocr_par' dir='ltr' id='par_1_114' title="bbox 506 5668 1321 5736">
     <span class='ocr_line' id='line_1_114' title="bbox 506 5668 1321 5736; baseline 0.01 -18"><span class='ocrx_word' id='word_1_837' title='bbox 506 5668 759 5736; x_wconf 73' lang='grc' dir='ltr'>Ἑφρσῖμ.</span> <span class='ocrx_word' id='word_1_838' title='bbox 843 5673 883 5701; x_wconf 81' lang='grc'>¹¹</span> <span class='ocrx_word' id='word_1_839' title='bbox 912 5669 949 5724; x_wconf 82' lang='lat' dir='ltr'><strong>C</strong></span> <span class='ocrx_word' id='word_1_840' title='bbox 986 5668 1321 5727; x_wconf 69' lang='grc' dir='ltr'>Χαναναίων.</span> 
     </span>
    </p>
   </div>
   <div class='ocr_carea' id='block_1_115' title="bbox 3534 5533 3673 5581">
    <p class='ocr_par' dir='ltr' id='par_1_115' title="bbox 3534 5533 3673 5581">
     <span class='ocr_line' id='line_1_115' title="bbox 3534 5533 3673 5581; baseline -0.014 0"><span class='ocrx_word' id='word_1_841' title='bbox 3534 5533 3553 5564; x_wconf 88' lang='grc'><strong><em>⁸</em></strong></span> <span class='ocrx_word' id='word_1_842' title='bbox 3578 5533 3673 5581; x_wconf 77' lang='grc' dir='ltr'>καί.</span> 
     </span>
    </p>
   </div>
   <div class='ocr_carea' id='block_1_116' title="bbox 2794 5597 3668 5681">
    <p class='ocr_par' dir='ltr' id='par_1_116' title="bbox 2794 5597 3668 5681">
     <span class='ocr_line' id='line_1_116' title="bbox 2794 5597 3668 5681; baseline -0.002 -18"><span class='ocrx_word' id='word_1_843' title='bbox 2794 5597 2832 5639; x_wconf 72' lang='grc' dir='ltr'>ίι</span> <span class='ocrx_word' id='word_1_844' title='bbox 2887 5609 3015 5678; x_wconf 85' lang='grc' dir='ltr'>Ἰσρ.</span> <span class='ocrx_word' id='word_1_845' title='bbox 3054 5608 3250 5681; x_wconf 84' lang='lat' dir='ltr'><strong>Supra,</strong></span> <span class='ocrx_word' id='word_1_846' title='bbox 3283 5618 3322 5664; x_wconf 83' lang='grc' dir='ltr'><strong>ι.</strong></span> <span class='ocrx_word' id='word_1_847' title='bbox 3348 5597 3399 5674; x_wconf 83' lang='grc'><strong>’1,</strong></span> <span class='ocrx_word' id='word_1_848' title='bbox 3431 5619 3536 5677; x_wconf 73' lang='lat' dir='ltr'><strong>pag.</strong></span> <span class='ocrx_word' id='word_1_849' title='bbox 3570 5597 3668 5652; x_wconf 75' lang='lat'><strong>753-</strong></span> 
     </span>
    </p>
   </div>
  </div>
