  <div class='ocr_page' id='page_1' title='image "/cluster/home/n/w/nwhite01/storage/ocr_20150623/81/mdp.39015078384339/828.png"; bbox 0 0 3912 6206; ppageno 0'>
   <div class='ocr_carea' id='block_1_1' title="bbox 275 281 1679 350">
    <p class='ocr_par' dir='ltr' id='par_1_1' title="bbox 275 281 1679 350">
     <span class='ocr_line' id='line_1_1' title="bbox 275 281 1679 350; baseline 0.001 -2"><span class='ocrx_word' id='word_1_1' title='bbox 275 281 408 350; x_wconf 80' lang='lat'><strong>1577</strong></span> <span class='ocrx_word' id='word_1_2' title='bbox 1603 289 1679 349; x_wconf 80' lang='lat' dir='ltr'><strong>IN</strong></span> 
     </span>
    </p>
   </div>
   <div class='ocr_carea' id='block_1_2' title="bbox 1746 289 2206 352">
    <p class='ocr_par' dir='ltr' id='par_1_2' title="bbox 1746 289 2206 352">
     <span class='ocr_line' id='line_1_2' title="bbox 1746 289 2206 352; baseline 0.009 -4"><span class='ocrx_word' id='word_1_3' title='bbox 1746 289 1932 350; x_wconf 90' lang='lat' dir='ltr'><strong>OSEE</strong></span> <span class='ocrx_word' id='word_1_4' title='bbox 1968 290 2126 349; x_wconf 73' lang='lat' dir='ltr'><strong>CAP.</strong></span> <span class='ocrx_word' id='word_1_5' title='bbox 2162 292 2206 352; x_wconf 86' lang='lat' dir='ltr'><strong>V</strong></span> 
     </span>
    </p>
   </div>
   <div class='ocr_carea' id='block_1_3' title="bbox 3369 292 3504 358">
    <p class='ocr_par' dir='ltr' id='par_1_3' title="bbox 3369 292 3504 358">
     <span class='ocr_line' id='line_1_3' title="bbox 3369 292 3504 358; baseline 0.015 -2"><span class='ocrx_word' id='word_1_6' title='bbox 3369 292 3504 358; x_wconf 85' lang='lat'><strong>1578</strong></span> 
     </span>
    </p>
   </div>
   <div class='ocr_carea' id='block_1_4' title="bbox 272 392 1845 470">
    <p class='ocr_par' dir='ltr' id='par_1_4' title="bbox 272 392 1838 468">
     <span class='ocr_line' id='line_1_4' title="bbox 272 392 1838 468; baseline 0.002 -20"><span class='ocrx_word' id='word_1_7' title='bbox 272 395 481 466; x_wconf 75' lang='grc' dir='ltr'><strong>κινήσει</strong></span> <span class='ocrx_word' id='word_1_8' title='bbox 533 392 641 447; x_wconf 80' lang='grc' dir='ltr'><strong>τῶν</strong></span> <span class='ocrx_word' id='word_1_9' title='bbox 691 395 906 467; x_wconf 82' lang='grc' dir='ltr'><strong>πτερῶν</strong></span> <span class='ocrx_word' id='word_1_10' title='bbox 953 396 1044 450; x_wconf 77' lang='grc' dir='ltr'><strong>τὸν</strong></span> <span class='ocrx_word' id='word_1_11' title='bbox 1087 396 1223 468; x_wconf 84' lang='grc' dir='ltr'>ἀέρα</span> <span class='ocrx_word' id='word_1_12' title='bbox 1273 397 1369 450; x_wconf 77' lang='grc' dir='ltr'><strong>σὺν</strong></span> <span class='ocrx_word' id='word_1_13' title='bbox 1403 399 1520 467; x_wconf 76' lang='grc' dir='ltr'><strong>ήχῳ</strong></span> <span class='ocrx_word' id='word_1_14' title='bbox 1566 398 1673 450; x_wconf 77' lang='grc' dir='ltr'>τινὶ</span> <span class='ocrx_word' id='word_1_15' title='bbox 1726 399 1838 451; x_wconf 86' lang='grc' dir='ltr'>δια-</span> 
     </span>
    </p>
   </div>
   <div class='ocr_carea' id='block_1_5' title="bbox 1958 392 3504 470">
    <p class='ocr_par' dir='ltr' id='par_1_5' title="bbox 1958 398 3504 470">
     <span class='ocr_line' id='line_1_5' title="bbox 1958 398 3504 470; baseline 0.006 -19"><span class='ocrx_word' id='word_1_16' title='bbox 1958 413 2125 451; x_wconf 75' lang='lat' dir='ltr'><strong>ierem</strong></span> <span class='ocrx_word' id='word_1_17' title='bbox 2157 413 2284 452; x_wconf 86' lang='lat' dir='ltr'><strong>aves</strong></span> <span class='ocrx_word' id='word_1_18' title='bbox 2313 413 2436 452; x_wconf 90' lang='lat' dir='ltr'><strong>cum</strong></span> <span class='ocrx_word' id='word_1_19' title='bbox 2480 415 2616 454; x_wconf 86' lang='lat' dir='ltr'><strong>sono</strong></span> <span class='ocrx_word' id='word_1_20' title='bbox 2646 398 2879 470; x_wconf 83' lang='lat' dir='ltr'><strong>quodam</strong></span> <span class='ocrx_word' id='word_1_21' title='bbox 2903 399 3181 456; x_wconf 87' lang='lat' dir='ltr'><strong>dissecant</strong></span> <span class='ocrx_word' id='word_1_22' title='bbox 3215 418 3226 454; x_wconf 96' lang='lat'>:</span> <span class='ocrx_word' id='word_1_23' title='bbox 3267 403 3338 457; x_wconf 89' lang='lat' dir='ltr'><strong>ita</strong></span> <span class='ocrx_word' id='word_1_24' title='bbox 3367 405 3504 465; x_wconf 78' lang='lat' dir='ltr'><strong>haec,</strong></span> 
     </span>
    </p>
   </div>
   <div class='ocr_carea' id='block_1_6' title="bbox 270 483 1836 559">
    <p class='ocr_par' dir='ltr' id='par_1_6' title="bbox 270 483 1836 559">
     <span class='ocr_line' id='line_1_6' title="bbox 270 483 1836 559; baseline 0.003 -21"><span class='ocrx_word' id='word_1_25' title='bbox 270 485 452 554; x_wconf 79' lang='grc' dir='ltr'><strong>τέμνει</strong></span> <span class='ocrx_word' id='word_1_26' title='bbox 479 501 494 515; x_wconf 66' lang='grc' dir='ltr'><strong>ν</strong></span> <span class='ocrx_word' id='word_1_27' title='bbox 543 485 713 548; x_wconf 76' lang='grc' dir='ltr'>οὕτως</span> <span class='ocrx_word' id='word_1_28' title='bbox 754 487 890 557; x_wconf 84' lang='grc' dir='ltr'>αὕτη</span> <span class='ocrx_word' id='word_1_29' title='bbox 925 483 1036 542; x_wconf 73' lang='grc' dir='ltr'>οἶόν</span> <span class='ocrx_word' id='word_1_30' title='bbox 1065 505 1146 551; x_wconf 88' lang='grc' dir='ltr'><strong>τις</strong></span> <span class='ocrx_word' id='word_1_31' title='bbox 1177 488 1480 557; x_wconf 79' lang='grc' dir='ltr'><strong>ὑπόπτερος</strong></span> <span class='ocrx_word' id='word_1_32' title='bbox 1506 491 1583 552; x_wconf 88' lang='grc' dir='ltr'><strong>εἰς</strong></span> <span class='ocrx_word' id='word_1_33' title='bbox 1618 490 1716 559; x_wconf 80' lang='grc' dir='ltr'><strong>τὴν</strong></span> <span class='ocrx_word' id='word_1_34' title='bbox 1744 491 1836 543; x_wconf 87' lang='grc' dir='ltr'>ἀλ-</span> 
     </span>
    </p>
   </div>
   <div class='ocr_carea' id='block_1_7' title="bbox 269 575 1837 653">
    <p class='ocr_par' dir='ltr' id='par_1_7' title="bbox 269 575 1837 653">
     <span class='ocr_line' id='line_1_7' title="bbox 269 575 1837 653; baseline 0.005 -26"><span class='ocrx_word' id='word_1_35' title='bbox 269 575 484 647; x_wconf 73' lang='grc' dir='ltr'>λοτρίαν</span> <span class='ocrx_word' id='word_1_36' title='bbox 517 577 912 646; x_wconf 84' lang='grc' dir='ltr'>ἀπαχθήσεται,</span> <span class='ocrx_word' id='word_1_37' title='bbox 955 580 1208 650; x_wconf 87' lang='grc' dir='ltr'>καθάπερ</span> <span class='ocrx_word' id='word_1_38' title='bbox 1236 580 1383 640; x_wconf 83' lang='grc' dir='ltr'>τινὸς</span> <span class='ocrx_word' id='word_1_39' title='bbox 1411 583 1718 653; x_wconf 78' lang='grc' dir='ltr'><strong>συστροφῆς</strong></span> <span class='ocrx_word' id='word_1_40' title='bbox 1739 584 1837 652; x_wconf 87' lang='grc' dir='ltr'>τῆς</span> 
     </span>
    </p>
   </div>
   <div class='ocr_carea' id='block_1_8' title="bbox 269 663 1838 740">
    <p class='ocr_par' dir='ltr' id='par_1_8' title="bbox 269 663 1838 740">
     <span class='ocr_line' id='line_1_8' title="bbox 269 663 1838 740; baseline 0.007 -27"><span class='ocrx_word' id='word_1_41' title='bbox 269 664 405 732; x_wconf 77' lang='grc' dir='ltr'>ἐμῆς</span> <span class='ocrx_word' id='word_1_42' title='bbox 427 663 596 734; x_wconf 83' lang='grc' dir='ltr'>ὀργῆς</span> <span class='ocrx_word' id='word_1_43' title='bbox 625 667 999 738; x_wconf 86' lang='grc' dir='ltr'>ὑποσυρούσης</span> <span class='ocrx_word' id='word_1_44' title='bbox 1028 669 1218 739; x_wconf 83' lang='grc' dir='ltr'>αὐτὴν,</span> <span class='ocrx_word' id='word_1_45' title='bbox 1247 671 1410 722; x_wconf 84' lang='grc' dir='ltr'>κάκεῖ</span> <span class='ocrx_word' id='word_1_46' title='bbox 1439 670 1645 739; x_wconf 83' lang='grc' dir='ltr'><strong>διάγειν</strong></span> <span class='ocrx_word' id='word_1_47' title='bbox 1673 673 1838 740; x_wconf 83' lang='grc' dir='ltr'>ἀναγ-</span> 
     </span>
    </p>
   </div>
   <div class='ocr_carea' id='block_1_9' title="bbox 268 755 1840 830">
    <p class='ocr_par' dir='ltr' id='par_1_9' title="bbox 268 755 1840 830">
     <span class='ocr_line' id='line_1_9' title="bbox 268 755 1840 830; baseline 0.006 -22"><span class='ocrx_word' id='word_1_48' title='bbox 268 755 540 828; x_wconf 77' lang='grc' dir='ltr'>καζούσης</span> <span class='ocrx_word' id='word_1_49' title='bbox 564 773 578 786; x_wconf 70' lang='grc' dir='ltr'><strong>θ</strong></span> <span class='ocrx_word' id='word_1_50' title='bbox 624 759 884 830; x_wconf 87' lang='grc' dir='ltr'>ὑπομενεῖ</span> <span class='ocrx_word' id='word_1_51' title='bbox 906 761 964 813; x_wconf 86' lang='grc' dir='ltr'><strong>δὲ</strong></span> <span class='ocrx_word' id='word_1_52' title='bbox 997 762 1170 814; x_wconf 86' lang='grc' dir='ltr'>ταῦτα</span> <span class='ocrx_word' id='word_1_53' title='bbox 1198 762 1306 816; x_wconf 89' lang='grc' dir='ltr'><strong>τῶν</strong></span> <span class='ocrx_word' id='word_1_54' title='bbox 1333 763 1626 817; x_wconf 85' lang='grc' dir='ltr'>εἰδωλικῶν</span> <span class='ocrx_word' id='word_1_55' title='bbox 1653 763 1840 817; x_wconf 81' lang='grc' dir='ltr'>θυσια-</span> 
     </span>
    </p>
   </div>
   <div class='ocr_carea' id='block_1_10' title="bbox 271 849 1299 924">
    <p class='ocr_par' dir='ltr' id='par_1_10' title="bbox 271 849 1299 924">
     <span class='ocr_line' id='line_1_10' title="bbox 271 849 1299 924; baseline 0.008 -26"><span class='ocrx_word' id='word_1_56' title='bbox 271 849 504 917; x_wconf 80' lang='grc' dir='ltr'>στηρίων</span> <span class='ocrx_word' id='word_1_57' title='bbox 535 849 660 913; x_wconf 64' lang='grc' dir='ltr'>τοὺς</span> <span class='ocrx_word' id='word_1_58' title='bbox 687 852 934 920; x_wconf 75' lang='grc' dir='ltr'>καρποὺς</span> <span class='ocrx_word' id='word_1_59' title='bbox 969 853 1299 924; x_wconf 83' lang='grc' dir='ltr'>δρεπομένη.</span> 
     </span>
    </p>
   </div>
   <div class='ocr_carea' id='block_1_11' title="bbox 871 941 1236 997">
    <p class='ocr_par' dir='ltr' id='par_1_11' title="bbox 871 941 1236 997">
     <span class='ocr_line' id='line_1_11' title="bbox 871 941 1236 997; baseline 0.011 -5"><span class='ocrx_word' id='word_1_60' title='bbox 871 943 916 992; x_wconf 85' lang='grc' dir='ltr'>Κ</span> <span class='ocrx_word' id='word_1_61' title='bbox 927 941 1096 997; x_wconf 81' lang='grc' dir='ltr'><strong>ΕΦΑΛ</strong></span> <span class='ocrx_word' id='word_1_62' title='bbox 1109 982 1124 996; x_wconf 89' lang='grc'><strong>.</strong></span> <span class='ocrx_word' id='word_1_63' title='bbox 1162 945 1236 996; x_wconf 85' lang='lat' dir='ltr'><strong>E&#39;.</strong></span> 
     </span>
    </p>
   </div>
   <div class='ocr_carea' id='block_1_12' title="bbox 335 1030 1840 1108">
    <p class='ocr_par' dir='ltr' id='par_1_12' title="bbox 335 1030 1840 1108">
     <span class='ocr_line' id='line_1_12' title="bbox 335 1030 1840 1108; baseline 0.005 -27"><span class='ocrx_word' id='word_1_64' title='bbox 335 1030 574 1092; x_wconf 82' lang='grc' dir='ltr'><strong>Ταύταις</strong></span> <span class='ocrx_word' id='word_1_65' title='bbox 613 1032 790 1084; x_wconf 81' lang='grc' dir='ltr'>τοίνυν</span> <span class='ocrx_word' id='word_1_66' title='bbox 815 1035 937 1096; x_wconf 87' lang='grc' dir='ltr'>ταῖς</span> <span class='ocrx_word' id='word_1_67' title='bbox 973 1035 1227 1098; x_wconf 78' lang='grc' dir='ltr'><strong>ἀπειλαῖς</strong></span> <span class='ocrx_word' id='word_1_68' title='bbox 1257 1037 1352 1089; x_wconf 78' lang='grc' dir='ltr'><strong>καὶ</strong></span> <span class='ocrx_word' id='word_1_69' title='bbox 1393 1038 1547 1106; x_wconf 85' lang='grc' dir='ltr'>ὑμεῖς</span> <span class='ocrx_word' id='word_1_70' title='bbox 1576 1040 1624 1089; x_wconf 89' lang='grc' dir='ltr'>οἱ</span> <span class='ocrx_word' id='word_1_71' title='bbox 1677 1039 1840 1108; x_wconf 82' lang='grc' dir='ltr'>ἱερεῖς</span> 
     </span>
    </p>
   </div>
   <div class='ocr_carea' id='block_1_13' title="bbox 269 1120 1842 1195">
    <p class='ocr_par' dir='ltr' id='par_1_13' title="bbox 269 1120 1842 1195">
     <span class='ocr_line' id='line_1_13' title="bbox 269 1120 1842 1195; baseline 0.006 -24"><span class='ocrx_word' id='word_1_72' title='bbox 269 1120 726 1195; x_wconf 51' lang='grc' dir='ltr'>προσέχετεηκαὶ</span> <span class='ocrx_word' id='word_1_73' title='bbox 772 1122 918 1187; x_wconf 77' lang='grc' dir='ltr'>ἀπας</span> <span class='ocrx_word' id='word_1_74' title='bbox 943 1125 999 1176; x_wconf 77' lang='grc' dir='ltr'>δὲ</span> <span class='ocrx_word' id='word_1_75' title='bbox 1042 1127 1071 1178; x_wconf 86' lang='grc' dir='ltr'><strong>ό</strong></span> <span class='ocrx_word' id='word_1_76' title='bbox 1100 1125 1247 1190; x_wconf 89' lang='grc' dir='ltr'>λαὸς,</span> <span class='ocrx_word' id='word_1_77' title='bbox 1285 1128 1379 1181; x_wconf 75' lang='grc' dir='ltr'>καὶ</span> <span class='ocrx_word' id='word_1_78' title='bbox 1421 1128 1660 1192; x_wconf 78' lang='grc' dir='ltr'>ἅπαντες</span> <span class='ocrx_word' id='word_1_79' title='bbox 1702 1132 1752 1180; x_wconf 81' lang='grc' dir='ltr'>οἱ</span> <span class='ocrx_word' id='word_1_80' title='bbox 1785 1132 1842 1180; x_wconf 84' lang='grc' dir='ltr'><strong>ἐν</strong></span> 
     </span>
    </p>
   </div>
   <div class='ocr_carea' id='block_1_14' title="bbox 270 1210 1842 1290">
    <p class='ocr_par' dir='ltr' id='par_1_14' title="bbox 270 1210 1842 1290">
     <span class='ocr_line' id='line_1_14' title="bbox 270 1210 1842 1290; baseline 0.006 -29"><span class='ocrx_word' id='word_1_81' title='bbox 270 1213 378 1273; x_wconf 86' lang='grc' dir='ltr'>τοῖς</span> <span class='ocrx_word' id='word_1_82' title='bbox 403 1210 695 1280; x_wconf 77' lang='grc' dir='ltr'><strong>βασιλείοις</strong></span> <span class='ocrx_word' id='word_1_83' title='bbox 716 1213 1010 1282; x_wconf 82' lang='grc' dir='ltr'><strong>διάγοντες,</strong></span> <span class='ocrx_word' id='word_1_84' title='bbox 1032 1221 1140 1280; x_wconf 89' lang='grc' dir='ltr'>τοῖς</span> <span class='ocrx_word' id='word_1_85' title='bbox 1163 1218 1266 1271; x_wconf 74' lang='grc' dir='ltr'>ὠσὶ</span> <span class='ocrx_word' id='word_1_86' title='bbox 1298 1218 1366 1272; x_wconf 81' lang='grc' dir='ltr'>τὰ</span> <span class='ocrx_word' id='word_1_87' title='bbox 1391 1219 1655 1290; x_wconf 77' lang='grc' dir='ltr'><strong>εἰρημένα</strong></span> <span class='ocrx_word' id='word_1_88' title='bbox 1683 1235 1842 1289; x_wconf 80' lang='grc' dir='ltr'>προσ·</span> 
     </span>
    </p>
   </div>
   <div class='ocr_carea' id='block_1_15' title="bbox 270 1299 712 1366">
    <p class='ocr_par' dir='ltr' id='par_1_15' title="bbox 270 1299 712 1366">
     <span class='ocr_line' id='line_1_15' title="bbox 270 1299 712 1366; baseline 0.009 -14"><span class='ocrx_word' id='word_1_89' title='bbox 270 1299 508 1366; x_wconf 78' lang='grc' dir='ltr'>δέξασθε.</span> <span class='ocrx_word' id='word_1_90' title='bbox 540 1303 682 1356; x_wconf 90' lang='grc' dir='ltr'>Διότι</span> <span class='ocrx_word' id='word_1_91' title='bbox 699 1321 712 1334; x_wconf 83' lang='lat'><strong><em>°</em></strong></span> 
     </span>
    </p>
   </div>
   <div class='ocr_carea' id='block_1_16' title="bbox 345 1365 1873 1473">
    <p class='ocr_par' dir='ltr' id='par_1_16' title="bbox 345 1365 1873 1473">
     <span class='ocr_line' id='line_1_16' title="bbox 345 1365 1873 1473; baseline 0.008 -30"><span class='ocrx_word' id='word_1_92' title='bbox 345 1411 364 1442; x_wconf 76' lang='grc' dir='ltr'>ι</span> <span class='ocrx_word' id='word_1_93' title='bbox 397 1392 540 1462; x_wconf 87' lang='grc' dir='ltr'>Πρὸς</span> <span class='ocrx_word' id='word_1_94' title='bbox 569 1395 715 1462; x_wconf 78' lang='grc' dir='ltr'>ὑμᾶς</span> <span class='ocrx_word' id='word_1_95' title='bbox 747 1395 863 1448; x_wconf 87' lang='grc' dir='ltr'>ἐστι</span> <span class='ocrx_word' id='word_1_96' title='bbox 890 1395 950 1449; x_wconf 86' lang='grc' dir='ltr'><strong>τὸ</strong></span> <span class='ocrx_word' id='word_1_97' title='bbox 978 1398 1172 1467; x_wconf 89' lang='grc' dir='ltr'>κρῖμα,</span> <span class='ocrx_word' id='word_1_98' title='bbox 1204 1399 1284 1451; x_wconf 84' lang='grc' dir='ltr'>ὅτι</span> <span class='ocrx_word' id='word_1_99' title='bbox 1318 1401 1486 1468; x_wconf 60' lang='grc' dir='ltr'>παγίς</span> <span class='ocrx_word' id='word_1_100' title='bbox 1517 1365 1873 1473; x_wconf 30' lang='grc' dir='ltr'>ἐγεννήθητεχ</span> 
     </span>
    </p>
   </div>
   <div class='ocr_carea' id='block_1_17' title="bbox 270 1485 1846 1560">
    <p class='ocr_par' dir='ltr' id='par_1_17' title="bbox 270 1485 1846 1560">
     <span class='ocr_line' id='line_1_17' title="bbox 270 1485 1846 1560; baseline 0.008 -25"><span class='ocrx_word' id='word_1_101' title='bbox 270 1485 331 1552; x_wconf 76' lang='grc' dir='ltr'>τῇ</span> <span class='ocrx_word' id='word_1_102' title='bbox 362 1485 640 1554; x_wconf 55' lang='lat' dir='ltr'><strong>oronti&quot;,</strong></span> <span class='ocrx_word' id='word_1_103' title='bbox 670 1486 763 1537; x_wconf 75' lang='grc' dir='ltr'>καὶ</span> <span class='ocrx_word' id='word_1_104' title='bbox 787 1485 862 1550; x_wconf 82' lang='grc' dir='ltr'>ὡς</span> <span class='ocrx_word' id='word_1_105' title='bbox 886 1487 1099 1541; x_wconf 84' lang='grc' dir='ltr'>δίκτυον</span> <span class='ocrx_word' id='word_1_106' title='bbox 1121 1490 1482 1560; x_wconf 77' lang='grc' dir='ltr'><strong>ἐκτεταμένον</strong></span> <span class='ocrx_word' id='word_1_107' title='bbox 1508 1494 1598 1545; x_wconf 86' lang='grc' dir='ltr'>ἐπί</span> <span class='ocrx_word' id='word_1_108' title='bbox 1620 1494 1680 1545; x_wconf 88' lang='grc' dir='ltr'><strong>τὸ</strong></span> <span class='ocrx_word' id='word_1_109' title='bbox 1712 1495 1846 1547; x_wconf 83' lang='grc' dir='ltr'>Ἰτα-</span> 
     </span>
    </p>
   </div>
   <div class='ocr_carea' id='block_1_18' title="bbox 267 1574 1837 1654">
    <p class='ocr_par' dir='ltr' id='par_1_18' title="bbox 267 1574 1837 1654">
     <span class='ocr_line' id='line_1_18' title="bbox 267 1574 1837 1654; baseline 0.007 -28"><span class='ocrx_word' id='word_1_110' title='bbox 267 1574 454 1644; x_wconf 87' lang='grc' dir='ltr'>ϐύριον</span> <span class='ocrx_word' id='word_1_111' title='bbox 473 1577 535 1629; x_wconf 57' lang='grc' dir='ltr'><strong>ιδ.</strong></span> <span class='ocrx_word' id='word_1_112' title='bbox 565 1577 676 1645; x_wconf 75' lang='grc' dir='ltr'><strong>(β’.)</strong></span> <span class='ocrx_word' id='word_1_113' title='bbox 709 1579 774 1630; x_wconf 88' lang='grc' dir='ltr'><em>Ὃ</em></span> <span class='ocrx_word' id='word_1_114' title='bbox 796 1577 1119 1646; x_wconf 79' lang='grc' dir='ltr'>ἀγρεύοντες</span> <span class='ocrx_word' id='word_1_115' title='bbox 1139 1581 1236 1650; x_wconf 82' lang='grc' dir='ltr'><strong>τὴν</strong></span> <span class='ocrx_word' id='word_1_116' title='bbox 1258 1581 1428 1653; x_wconf 85' lang='grc' dir='ltr'>θήραν</span> <span class='ocrx_word' id='word_1_117' title='bbox 1454 1584 1786 1654; x_wconf 81' lang='grc' dir='ltr'>κατέπηξαν.</span> <span class='ocrx_word' id='word_1_118' title='bbox 1820 1604 1837 1635; x_wconf 74' lang='grc' dir='ltr'>ι</span> 
     </span>
    </p>
   </div>
   <div class='ocr_carea' id='block_1_19' title="bbox 269 1667 1840 1745">
    <p class='ocr_par' dir='ltr' id='par_1_19' title="bbox 269 1667 1840 1745">
     <span class='ocr_line' id='line_1_19' title="bbox 269 1667 1840 1745; baseline 0.007 -28"><span class='ocrx_word' id='word_1_119' title='bbox 269 1667 505 1730; x_wconf 78' lang='grc' dir='ltr'>Πάντας,</span> <span class='ocrx_word' id='word_1_120' title='bbox 553 1669 738 1736; x_wconf 73' lang='grc' dir='ltr'>φησὶν,</span> <span class='ocrx_word' id='word_1_121' title='bbox 791 1669 934 1738; x_wconf 78' lang='grc' dir='ltr'>ὑμᾶς</span> <span class='ocrx_word' id='word_1_122' title='bbox 981 1671 1074 1722; x_wconf 72' lang='grc' dir='ltr'><strong>ἐπὶ</strong></span> <span class='ocrx_word' id='word_1_123' title='bbox 1124 1671 1221 1740; x_wconf 84' lang='grc' dir='ltr'><strong>τὴν</strong></span> <span class='ocrx_word' id='word_1_124' title='bbox 1269 1673 1408 1745; x_wconf 79' lang='grc' dir='ltr'>ἐμὴν</span> <span class='ocrx_word' id='word_1_125' title='bbox 1456 1674 1568 1740; x_wconf 78' lang='grc' dir='ltr'><strong>ἄξω</strong></span> <span class='ocrx_word' id='word_1_126' title='bbox 1621 1676 1840 1744; x_wconf 82' lang='grc' dir='ltr'>κρίσιν·</span> 
     </span>
    </p>
   </div>
   <div class='ocr_carea' id='block_1_20' title="bbox 1942 488 3509 560">
    <p class='ocr_par' dir='ltr' id='par_1_20' title="bbox 1942 488 3509 560">
     <span class='ocr_line' id='line_1_20' title="bbox 1942 488 3509 560; baseline 0.004 -21"><span class='ocrx_word' id='word_1_127' title='bbox 1942 488 2108 540; x_wconf 88' lang='lat' dir='ltr'><strong>veluti</strong></span> <span class='ocrx_word' id='word_1_128' title='bbox 2162 489 2326 551; x_wconf 86' lang='lat' dir='ltr'><strong>alata,</strong></span> <span class='ocrx_word' id='word_1_129' title='bbox 2365 488 2422 541; x_wconf 90' lang='lat' dir='ltr'><strong>in</strong></span> <span class='ocrx_word' id='word_1_130' title='bbox 2471 490 2709 542; x_wconf 85' lang='lat' dir='ltr'><strong>alienam</strong></span> <span class='ocrx_word' id='word_1_131' title='bbox 2748 498 2952 544; x_wconf 87' lang='lat' dir='ltr'><strong>terram</strong></span> <span class='ocrx_word' id='word_1_132' title='bbox 3012 489 3334 560; x_wconf 86' lang='lat' dir='ltr'><strong>abripietur,</strong></span> <span class='ocrx_word' id='word_1_133' title='bbox 3387 501 3509 546; x_wconf 85' lang='lat' dir='ltr'><strong>tan-</strong></span> 
     </span>
    </p>
   </div>
   <div class='ocr_carea' id='block_1_21' title="bbox 1943 579 3504 650">
    <p class='ocr_par' dir='ltr' id='par_1_21' title="bbox 1943 579 3504 650">
     <span class='ocr_line' id='line_1_21' title="bbox 1943 579 3504 650; baseline 0.004 -22"><span class='ocrx_word' id='word_1_134' title='bbox 1943 593 2106 646; x_wconf 88' lang='lat' dir='ltr'><strong>quam</strong></span> <span class='ocrx_word' id='word_1_135' title='bbox 2137 579 2355 632; x_wconf 88' lang='lat' dir='ltr'><strong>turbine</strong></span> <span class='ocrx_word' id='word_1_136' title='bbox 2390 581 2627 650; x_wconf 87' lang='lat' dir='ltr'><strong>quodam</strong></span> <span class='ocrx_word' id='word_1_137' title='bbox 2659 581 2754 634; x_wconf 67' lang='lat' dir='ltr'><strong>ira:</strong></span> <span class='ocrx_word' id='word_1_138' title='bbox 2779 595 2909 634; x_wconf 82' lang='lat' dir='ltr'><strong>meae</strong></span> <span class='ocrx_word' id='word_1_139' title='bbox 2935 580 3298 637; x_wconf 84' lang='lat' dir='ltr'><strong>subtrahente</strong></span> <span class='ocrx_word' id='word_1_140' title='bbox 3329 583 3504 650; x_wconf 83' lang='lat' dir='ltr'><strong>illam,</strong></span> 
     </span>
    </p>
   </div>
   <div class='ocr_carea' id='block_1_22' title="bbox 1944 671 3510 747">
    <p class='ocr_par' dir='ltr' id='par_1_22' title="bbox 1944 671 3510 747">
     <span class='ocr_line' id='line_1_22' title="bbox 1944 671 3510 747; baseline 0.006 -23"><span class='ocrx_word' id='word_1_141' title='bbox 1944 671 2129 740; x_wconf 86' lang='lat' dir='ltr'><strong>ibique</strong></span> <span class='ocrx_word' id='word_1_142' title='bbox 2160 674 2491 727; x_wconf 86' lang='lat' dir='ltr'><strong>commorari</strong></span> <span class='ocrx_word' id='word_1_143' title='bbox 2525 682 2756 742; x_wconf 79' lang='lat' dir='ltr'><strong>cogente</strong></span> <span class='ocrx_word' id='word_1_144' title='bbox 2783 693 2795 728; x_wconf 92' lang='lat'>:</span> <span class='ocrx_word' id='word_1_145' title='bbox 2823 674 2938 729; x_wconf 60' lang='lat' dir='ltr'><strong>base</strong></span> <span class='ocrx_word' id='word_1_146' title='bbox 2958 685 3139 730; x_wconf 91' lang='lat' dir='ltr'><strong>autem</strong></span> <span class='ocrx_word' id='word_1_147' title='bbox 3167 679 3510 747; x_wconf 77' lang='lat' dir='ltr'><strong>perpetietur</strong></span> 
     </span>
    </p>
   </div>
   <div class='ocr_carea' id='block_1_23' title="bbox 1941 763 3378 836">
    <p class='ocr_par' dir='ltr' id='par_1_23' title="bbox 1941 763 3378 836">
     <span class='ocr_line' id='line_1_23' title="bbox 1941 763 3378 836; baseline 0.005 -21"><span class='ocrx_word' id='word_1_148' title='bbox 1941 777 2005 816; x_wconf 77' lang='lat' dir='ltr'><strong>ex</strong></span> <span class='ocrx_word' id='word_1_149' title='bbox 2043 763 2315 817; x_wconf 82' lang='lat' dir='ltr'><strong>idolorum</strong></span> <span class='ocrx_word' id='word_1_150' title='bbox 2350 765 2618 820; x_wconf 86' lang='lat' dir='ltr'><strong>altaribus</strong></span> <span class='ocrx_word' id='word_1_151' title='bbox 2643 765 2855 820; x_wconf 87' lang='lat' dir='ltr'><strong>fructus</strong></span> <span class='ocrx_word' id='word_1_152' title='bbox 2885 767 3022 821; x_wconf 90' lang='lat' dir='ltr'><strong>istos</strong></span> <span class='ocrx_word' id='word_1_153' title='bbox 3048 769 3378 836; x_wconf 81' lang='lat' dir='ltr'><strong>percipiens.</strong></span> 
     </span>
    </p>
   </div>
   <div class='ocr_carea' id='block_1_24' title="bbox 2563 946 2891 1002">
    <p class='ocr_par' dir='ltr' id='par_1_24' title="bbox 2563 946 2891 1002">
     <span class='ocr_line' id='line_1_24' title="bbox 2563 946 2891 1002; baseline 0.006 -2"><span class='ocrx_word' id='word_1_154' title='bbox 2563 946 2790 1002; x_wconf 78' lang='lat' dir='ltr'><strong>CAPUT</strong></span> <span class='ocrx_word' id='word_1_155' title='bbox 2827 947 2891 1002; x_wconf 83' lang='lat' dir='ltr'><strong>V.</strong></span> 
     </span>
    </p>
   </div>
   <div class='ocr_carea' id='block_1_25' title="bbox 2016 1033 3513 1106">
    <p class='ocr_par' dir='ltr' id='par_1_25' title="bbox 2016 1033 3513 1106">
     <span class='ocr_line' id='line_1_25' title="bbox 2016 1033 3513 1106; baseline 0.008 -20"><span class='ocrx_word' id='word_1_156' title='bbox 2016 1033 2093 1106; x_wconf 70' lang='grc' dir='ltr'>μ]</span> <span class='ocrx_word' id='word_1_157' title='bbox 2124 1033 2233 1090; x_wconf 86' lang='lat' dir='ltr'><strong>Vos</strong></span> <span class='ocrx_word' id='word_1_158' title='bbox 2270 1036 2473 1106; x_wconf 88' lang='lat' dir='ltr'><strong>itaque,</strong></span> <span class='ocrx_word' id='word_1_159' title='bbox 2491 1037 2830 1103; x_wconf 85' lang='lat' dir='ltr'><strong>sacerdotes,</strong></span> <span class='ocrx_word' id='word_1_160' title='bbox 2866 1039 2932 1093; x_wconf 88' lang='lat' dir='ltr'><strong>ad</strong></span> <span class='ocrx_word' id='word_1_161' title='bbox 2986 1041 3084 1096; x_wconf 86' lang='lat' dir='ltr'><strong>has</strong></span> <span class='ocrx_word' id='word_1_162' title='bbox 3114 1043 3292 1097; x_wconf 90' lang='lat' dir='ltr'><strong>minas</strong></span> <span class='ocrx_word' id='word_1_163' title='bbox 3336 1052 3513 1098; x_wconf 84' lang='lat' dir='ltr'><strong>atten-</strong></span> 
     </span>
    </p>
   </div>
   <div class='ocr_carea' id='block_1_26' title="bbox 1943 1122 3514 1204">
    <p class='ocr_par' dir='ltr' id='par_1_26' title="bbox 1943 1122 3514 1204">
     <span class='ocr_line' id='line_1_26' title="bbox 1943 1122 3514 1204; baseline 0.007 -28"><span class='ocrx_word' id='word_1_164' title='bbox 1943 1122 2072 1184; x_wconf 86' lang='lat' dir='ltr'><strong>dite,</strong></span> <span class='ocrx_word' id='word_1_165' title='bbox 2115 1127 2410 1194; x_wconf 80' lang='lat' dir='ltr'><strong>oinuisque</strong></span> <span class='ocrx_word' id='word_1_166' title='bbox 2461 1126 2731 1196; x_wconf 82' lang='lat' dir='ltr'><strong>pOpulus,</strong></span> <span class='ocrx_word' id='word_1_167' title='bbox 2763 1136 2819 1181; x_wconf 90' lang='lat' dir='ltr'><strong>et</strong></span> <span class='ocrx_word' id='word_1_168' title='bbox 2874 1143 3068 1184; x_wconf 86' lang='lat' dir='ltr'><strong>omnes</strong></span> <span class='ocrx_word' id='word_1_169' title='bbox 3127 1133 3221 1200; x_wconf 88' lang='lat' dir='ltr'><strong>qui</strong></span> <span class='ocrx_word' id='word_1_170' title='bbox 3256 1133 3312 1186; x_wconf 90' lang='lat' dir='ltr'><strong>in</strong></span> <span class='ocrx_word' id='word_1_171' title='bbox 3366 1135 3514 1204; x_wconf 69' lang='lat' dir='ltr'><strong>regia</strong></span> 
     </span>
    </p>
   </div>
   <div class='ocr_carea' id='block_1_27' title="bbox 1945 1216 3334 1292">
    <p class='ocr_par' dir='ltr' id='par_1_27' title="bbox 1945 1216 3334 1292">
     <span class='ocr_line' id='line_1_27' title="bbox 1945 1216 3334 1292; baseline 0.006 -25"><span class='ocrx_word' id='word_1_172' title='bbox 1945 1217 2112 1268; x_wconf 82' lang='lat' dir='ltr'><strong>vitam</strong></span> <span class='ocrx_word' id='word_1_173' title='bbox 2141 1216 2325 1287; x_wconf 80' lang='lat' dir='ltr'><strong>agitis,</strong></span> <span class='ocrx_word' id='word_1_174' title='bbox 2355 1219 2589 1272; x_wconf 80' lang='lat' dir='ltr'><strong>attentis</strong></span> <span class='ocrx_word' id='word_1_175' title='bbox 2612 1220 2840 1276; x_wconf 86' lang='lat' dir='ltr'><strong>auribus</strong></span> <span class='ocrx_word' id='word_1_176' title='bbox 2872 1220 3021 1275; x_wconf 85' lang='lat' dir='ltr'><strong>dicta</strong></span> <span class='ocrx_word' id='word_1_177' title='bbox 3055 1224 3295 1292; x_wconf 85' lang='lat' dir='ltr'><strong>excipite</strong></span> <span class='ocrx_word' id='word_1_178' title='bbox 3321 1240 3334 1276; x_wconf 90' lang='lat'><strong>:</strong></span> 
     </span>
    </p>
   </div>
   <div class='ocr_carea' id='block_1_28' title="bbox 2021 1396 3514 1476">
    <p class='ocr_par' dir='ltr' id='par_1_28' title="bbox 2021 1396 3514 1476">
     <span class='ocr_line' id='line_1_28' title="bbox 2021 1396 3514 1476; baseline 0.01 -30"><span class='ocrx_word' id='word_1_179' title='bbox 2021 1414 2040 1446; x_wconf 81' lang='grc' dir='ltr'>ι</span> <span class='ocrx_word' id='word_1_180' title='bbox 2070 1396 2149 1450; x_wconf 85' lang='lat' dir='ltr'><strong>Ad</strong></span> <span class='ocrx_word' id='word_1_181' title='bbox 2181 1413 2278 1452; x_wconf 87' lang='lat' dir='ltr'><strong>vos</strong></span> <span class='ocrx_word' id='word_1_182' title='bbox 2327 1399 2474 1452; x_wconf 90' lang='lat' dir='ltr'><strong>enim</strong></span> <span class='ocrx_word' id='word_1_183' title='bbox 2513 1401 2754 1468; x_wconf 85' lang='lat' dir='ltr'><strong>pertinet</strong></span> <span class='ocrx_word' id='word_1_184' title='bbox 2789 1401 3083 1470; x_wconf 84' lang='lat' dir='ltr'><strong>judicium,</strong></span> <span class='ocrx_word' id='word_1_185' title='bbox 3133 1403 3229 1474; x_wconf 90' lang='lat' dir='ltr'><strong>qui</strong></span> <span class='ocrx_word' id='word_1_186' title='bbox 3283 1405 3514 1476; x_wconf 86' lang='lat' dir='ltr'><strong>laqueus</strong></span> 
     </span>
    </p>
   </div>
   <div class='ocr_carea' id='block_1_29' title="bbox 1949 1485 3516 1566">
    <p class='ocr_par' dir='ltr' id='par_1_29' title="bbox 1949 1485 3516 1566">
     <span class='ocr_line' id='line_1_29' title="bbox 1949 1485 3516 1566; baseline 0.006 -27"><span class='ocrx_word' id='word_1_187' title='bbox 1949 1485 2074 1542; x_wconf 72' lang='lat' dir='ltr'><strong>facti</strong></span> <span class='ocrx_word' id='word_1_188' title='bbox 2119 1490 2259 1543; x_wconf 89' lang='lat' dir='ltr'><strong>estis</strong></span> <span class='ocrx_word' id='word_1_189' title='bbox 2314 1492 2703 1559; x_wconf 87' lang='lat' dir='ltr'><strong>speculationi,</strong></span> <span class='ocrx_word' id='word_1_190' title='bbox 2735 1500 2790 1547; x_wconf 87' lang='lat' dir='ltr'><strong>et</strong></span> <span class='ocrx_word' id='word_1_191' title='bbox 2817 1504 2932 1548; x_wconf 89' lang='lat' dir='ltr'><strong>rete</strong></span> <span class='ocrx_word' id='word_1_192' title='bbox 2982 1509 3284 1562; x_wconf 77' lang='lat' dir='ltr'><strong>expansum</strong></span> <span class='ocrx_word' id='word_1_193' title='bbox 3349 1512 3516 1566; x_wconf 82' lang='lat' dir='ltr'><strong>super</strong></span> 
     </span>
    </p>
   </div>
   <div class='ocr_carea' id='block_1_30' title="bbox 1946 1579 3518 1659">
    <p class='ocr_par' dir='ltr' id='par_1_30' title="bbox 1946 1579 3518 1659">
     <span class='ocr_line' id='line_1_30' title="bbox 1946 1579 3518 1659; baseline 0.007 -26"><span class='ocrx_word' id='word_1_194' title='bbox 1946 1581 2265 1651; x_wconf 85' lang='lat' dir='ltr'><strong>ltabyrium.</strong></span> <span class='ocrx_word' id='word_1_195' title='bbox 2294 1581 2478 1651; x_wconf 70' lang='lat' dir='ltr'><strong>(Vens.</strong></span> <span class='ocrx_word' id='word_1_196' title='bbox 2503 1584 2580 1652; x_wconf 77' lang='grc'><strong>2.)</strong></span> <span class='ocrx_word' id='word_1_197' title='bbox 2611 1585 2769 1650; x_wconf 86' lang='lat' dir='ltr'><strong>Quod</strong></span> <span class='ocrx_word' id='word_1_198' title='bbox 2801 1587 2896 1655; x_wconf 89' lang='lat' dir='ltr'><strong>qui</strong></span> <span class='ocrx_word' id='word_1_199' title='bbox 2921 1587 3165 1656; x_wconf 85' lang='lat' dir='ltr'><strong>capiunt,</strong></span> <span class='ocrx_word' id='word_1_200' title='bbox 3195 1579 3404 1659; x_wconf 79' lang='lat'><strong>1333</strong></span> <span class='ocrx_word' id='word_1_201' title='bbox 3426 1605 3518 1644; x_wconf 87' lang='lat' dir='ltr'><strong>ve-</strong></span> 
     </span>
    </p>
   </div>
   <div class='ocr_carea' id='block_1_31' title="bbox 1948 1671 3516 1746">
    <p class='ocr_par' dir='ltr' id='par_1_31' title="bbox 1948 1671 3516 1746">
     <span class='ocr_line' id='line_1_31' title="bbox 1948 1671 3516 1746; baseline 0.004 -25"><span class='ocrx_word' id='word_1_202' title='bbox 1948 1671 2223 1724; x_wconf 87' lang='lat' dir='ltr'><strong>nationem</strong></span> <span class='ocrx_word' id='word_1_203' title='bbox 2258 1671 2589 1726; x_wconf 74' lang='lat' dir='ltr'><strong>tleﬁxeruiit.</strong></span> <span class='ocrx_word' id='word_1_204' title='bbox 2633 1693 2653 1725; x_wconf 73' lang='grc' dir='ltr'>ι</span> <span class='ocrx_word' id='word_1_205' title='bbox 2689 1673 2892 1728; x_wconf 84' lang='lat' dir='ltr'><strong>Omnes</strong></span> <span class='ocrx_word' id='word_1_206' title='bbox 2927 1690 3046 1738; x_wconf 89' lang='lat' dir='ltr'><strong>vos,</strong></span> <span class='ocrx_word' id='word_1_207' title='bbox 3087 1675 3299 1745; x_wconf 87' lang='lat' dir='ltr'><strong>inquit,</strong></span> <span class='ocrx_word' id='word_1_208' title='bbox 3336 1678 3390 1730; x_wconf 90' lang='lat' dir='ltr'><strong>in</strong></span> <span class='ocrx_word' id='word_1_209' title='bbox 3421 1677 3516 1746; x_wconf 87' lang='lat' dir='ltr'><strong>ju-</strong></span> 
     </span>
    </p>
   </div>
   <div class='ocr_carea' id='block_1_32' title="bbox 270 1748 1845 1835">
    <p class='ocr_par' dir='ltr' id='par_1_32' title="bbox 270 1759 1845 1835">
     <span class='ocr_line' id='line_1_32' title="bbox 270 1759 1845 1835; baseline 0.004 -23"><span class='ocrx_word' id='word_1_210' title='bbox 270 1759 508 1820; x_wconf 77' lang='grc' dir='ltr'>ἅπαντες</span> <span class='ocrx_word' id='word_1_211' title='bbox 556 1760 666 1830; x_wconf 71' lang='grc' dir='ltr'><strong>γὰρ</strong></span> <span class='ocrx_word' id='word_1_212' title='bbox 714 1761 855 1813; x_wconf 84' lang='grc' dir='ltr'>κατὰ</span> <span class='ocrx_word' id='word_1_213' title='bbox 889 1760 996 1814; x_wconf 87' lang='grc' dir='ltr'><strong>τῶν</strong></span> <span class='ocrx_word' id='word_1_214' title='bbox 1024 1762 1172 1831; x_wconf 85' lang='grc' dir='ltr'>ἐμῶν</span> <span class='ocrx_word' id='word_1_215' title='bbox 1219 1764 1515 1834; x_wconf 77' lang='grc' dir='ltr'><strong>προφητῶν</strong></span> <span class='ocrx_word' id='word_1_216' title='bbox 1546 1766 1716 1835; x_wconf 89' lang='grc' dir='ltr'>μυρία</span> <span class='ocrx_word' id='word_1_217' title='bbox 1745 1766 1845 1818; x_wconf 83' lang='grc' dir='ltr'>ὅσα</span> 
     </span>
    </p>
   </div>
   <div class='ocr_carea' id='block_1_33' title="bbox 1958 1748 3516 1835">
    <p class='ocr_par' dir='ltr' id='par_1_33' title="bbox 1958 1762 3516 1823">
     <span class='ocr_line' id='line_1_33' title="bbox 1958 1762 3516 1823; baseline 0.004 -8"><span class='ocrx_word' id='word_1_218' title='bbox 1958 1762 2154 1815; x_wconf 78' lang='lat' dir='ltr'><strong>dieium</strong></span> <span class='ocrx_word' id='word_1_219' title='bbox 2203 1779 2380 1817; x_wconf 85' lang='lat' dir='ltr'><strong>meum</strong></span> <span class='ocrx_word' id='word_1_220' title='bbox 2444 1764 2715 1818; x_wconf 82' lang='lat' dir='ltr'><strong>adducam</strong></span> <span class='ocrx_word' id='word_1_221' title='bbox 2755 1784 2768 1818; x_wconf 87' lang='lat'><strong>:</strong></span> <span class='ocrx_word' id='word_1_222' title='bbox 2804 1781 2930 1820; x_wconf 89' lang='lat' dir='ltr'><strong>nam</strong></span> <span class='ocrx_word' id='word_1_223' title='bbox 2982 1779 3173 1820; x_wconf 72' lang='lat' dir='ltr'><strong>omnes</strong></span> <span class='ocrx_word' id='word_1_224' title='bbox 3227 1771 3516 1823; x_wconf 84' lang='lat' dir='ltr'><strong>innumera</strong></span> 
     </span>
    </p>
   </div>
   <div class='ocr_carea' id='block_1_34' title="bbox 268 1847 1846 1922">
    <p class='ocr_par' dir='ltr' id='par_1_34' title="bbox 268 1847 1846 1922">
     <span class='ocr_line' id='line_1_34' title="bbox 268 1847 1846 1922; baseline 0.006 -21"><span class='ocrx_word' id='word_1_225' title='bbox 268 1850 631 1919; x_wconf 82' lang='grc' dir='ltr'>ἐτεκτήνασθε</span> <span class='ocrx_word' id='word_1_226' title='bbox 661 1851 825 1916; x_wconf 81' lang='grc' dir='ltr'>κακὰ,</span> <span class='ocrx_word' id='word_1_227' title='bbox 857 1847 967 1906; x_wconf 74' lang='grc' dir='ltr'>οἷόν</span> <span class='ocrx_word' id='word_1_228' title='bbox 1004 1870 1127 1907; x_wconf 88' lang='grc' dir='ltr'>τινα</span> <span class='ocrx_word' id='word_1_229' title='bbox 1173 1854 1361 1908; x_wconf 83' lang='grc' dir='ltr'>δίκτυα</span> <span class='ocrx_word' id='word_1_230' title='bbox 1391 1857 1513 1908; x_wconf 85' lang='grc' dir='ltr'>κατ’</span> <span class='ocrx_word' id='word_1_231' title='bbox 1551 1856 1730 1910; x_wconf 84' lang='grc' dir='ltr'>αὐτῶν</span> <span class='ocrx_word' id='word_1_232' title='bbox 1759 1856 1846 1922; x_wconf 79' lang='grc' dir='ltr'>ἐξ·</span> 
     </span>
    </p>
   </div>
   <div class='ocr_carea' id='block_1_35' title="bbox 268 1941 1847 2020">
    <p class='ocr_par' dir='ltr' id='par_1_35' title="bbox 268 1941 1847 2020">
     <span class='ocr_line' id='line_1_35' title="bbox 268 1941 1847 2020; baseline 0.003 -25"><span class='ocrx_word' id='word_1_233' title='bbox 268 1941 566 2004; x_wconf 77' lang='grc' dir='ltr'>απλοῦντες</span> <span class='ocrx_word' id='word_1_234' title='bbox 597 1945 693 2004; x_wconf 78' lang='grc' dir='ltr'>τὰς</span> <span class='ocrx_word' id='word_1_235' title='bbox 727 1945 998 2015; x_wconf 81' lang='grc' dir='ltr'>ὑμετέρας</span> <span class='ocrx_word' id='word_1_236' title='bbox 1046 1947 1358 2010; x_wconf 73' lang='grc' dir='ltr'>ἐπιϐουλὰς,</span> <span class='ocrx_word' id='word_1_237' title='bbox 1405 1948 1500 2001; x_wconf 76' lang='grc' dir='ltr'><strong>καὶ</strong></span> <span class='ocrx_word' id='word_1_238' title='bbox 1529 1951 1642 2012; x_wconf 87' lang='grc' dir='ltr'>τοῖς</span> <span class='ocrx_word' id='word_1_239' title='bbox 1685 1951 1742 2002; x_wconf 84' lang='grc' dir='ltr'><strong>ἐν</strong></span> <span class='ocrx_word' id='word_1_240' title='bbox 1768 1949 1847 2020; x_wconf 84' lang='grc' dir='ltr'>τῷ</span> 
     </span>
    </p>
   </div>
   <div class='ocr_carea' id='block_1_36' title="bbox 280 2033 1846 2112">
    <p class='ocr_par' dir='ltr' id='par_1_36' title="bbox 280 2033 1846 2112">
     <span class='ocr_line' id='line_1_36' title="bbox 280 2033 1846 2112; baseline 0.004 -25"><span class='ocrx_word' id='word_1_241' title='bbox 280 2033 562 2107; x_wconf 81' lang='grc' dir='ltr'>Ἰταϐυρίῳ</span> <span class='ocrx_word' id='word_1_242' title='bbox 590 2053 602 2066; x_wconf 83' lang='grc'><strong>·</strong></span> <span class='ocrx_word' id='word_1_243' title='bbox 659 2035 782 2105; x_wconf 75' lang='grc' dir='ltr'>ὅρος</span> <span class='ocrx_word' id='word_1_244' title='bbox 809 2036 864 2089; x_wconf 87' lang='grc' dir='ltr'>δὲ</span> <span class='ocrx_word' id='word_1_245' title='bbox 893 2038 1052 2091; x_wconf 77' lang='grc' dir='ltr'>τοῦτό</span> <span class='ocrx_word' id='word_1_246' title='bbox 1082 2041 1196 2093; x_wconf 89' lang='grc' dir='ltr'>ἐστι</span> <span class='ocrx_word' id='word_1_247' title='bbox 1242 2041 1412 2110; x_wconf 82' lang='grc' dir='ltr'>Θήρας</span> <span class='ocrx_word' id='word_1_248' title='bbox 1455 2040 1714 2109; x_wconf 81' lang='grc' dir='ltr'>διαφόρου</span> <span class='ocrx_word' id='word_1_249' title='bbox 1748 2058 1846 2112; x_wconf 85' lang='grc' dir='ltr'>με-</span> 
     </span>
    </p>
   </div>
   <div class='ocr_carea' id='block_1_37' title="bbox 271 2126 1845 2202">
    <p class='ocr_par' dir='ltr' id='par_1_37' title="bbox 271 2126 1845 2202">
     <span class='ocr_line' id='line_1_37' title="bbox 271 2126 1845 2202; baseline 0.005 -25"><span class='ocrx_word' id='word_1_250' title='bbox 271 2126 396 2178; x_wconf 86' lang='grc' dir='ltr'>στόν</span> <span class='ocrx_word' id='word_1_251' title='bbox 421 2142 435 2155; x_wconf 84' lang='lat'><strong><em>°</em></strong></span> <span class='ocrx_word' id='word_1_252' title='bbox 489 2127 559 2178; x_wconf 76' lang='grc' dir='ltr'>τὰ</span> <span class='ocrx_word' id='word_1_253' title='bbox 603 2126 834 2197; x_wconf 72' lang='grc' dir='ltr'>θήραςη</span> <span class='ocrx_word' id='word_1_254' title='bbox 875 2130 1354 2199; x_wconf 81' lang='grc' dir='ltr'>καταπηγνύουσιν</span> <span class='ocrx_word' id='word_1_255' title='bbox 1397 2131 1624 2200; x_wconf 77' lang='grc' dir='ltr'>ὄργανα,</span> <span class='ocrx_word' id='word_1_256' title='bbox 1665 2150 1845 2202; x_wconf 83' lang='grc' dir='ltr'>παρα-</span> 
     </span>
    </p>
   </div>
   <div class='ocr_carea' id='block_1_38' title="bbox 271 2217 1848 2292">
    <p class='ocr_par' dir='ltr' id='par_1_38' title="bbox 271 2217 1848 2292">
     <span class='ocr_line' id='line_1_38' title="bbox 271 2217 1848 2292; baseline 0.003 -22"><span class='ocrx_word' id='word_1_257' title='bbox 271 2217 517 2286; x_wconf 86' lang='grc' dir='ltr'>πλησίως</span> <span class='ocrx_word' id='word_1_258' title='bbox 543 2218 697 2287; x_wconf 86' lang='grc' dir='ltr'>ὑμεῖς</span> <span class='ocrx_word' id='word_1_259' title='bbox 718 2219 815 2282; x_wconf 81' lang='grc' dir='ltr'>τὰς</span> <span class='ocrx_word' id='word_1_260' title='bbox 854 2221 954 2290; x_wconf 78' lang='grc' dir='ltr'>τῆς</span> <span class='ocrx_word' id='word_1_261' title='bbox 978 2221 1270 2288; x_wconf 78' lang='grc' dir='ltr'>ἐπιϐουλῆς</span> <span class='ocrx_word' id='word_1_262' title='bbox 1312 2222 1572 2274; x_wconf 85' lang='grc' dir='ltr'>καττύετε</span> <span class='ocrx_word' id='word_1_263' title='bbox 1602 2223 1848 2292; x_wconf 86' lang='grc' dir='ltr'>μηχανὰς</span> 
     </span>
    </p>
   </div>
   <div class='ocr_carea' id='block_1_39' title="bbox 268 2305 1848 2381">
    <p class='ocr_par' dir='ltr' id='par_1_39' title="bbox 268 2305 1848 2381">
     <span class='ocr_line' id='line_1_39' title="bbox 268 2305 1848 2381; baseline 0.004 -24"><span class='ocrx_word' id='word_1_264' title='bbox 268 2306 414 2358; x_wconf 83' lang='grc' dir='ltr'><strong>κατά</strong></span> <span class='ocrx_word' id='word_1_265' title='bbox 453 2305 560 2358; x_wconf 86' lang='grc' dir='ltr'><strong>τῶν</strong></span> <span class='ocrx_word' id='word_1_266' title='bbox 602 2308 1080 2379; x_wconf 85' lang='grc' dir='ltr'>ἀποστελλομένων</span> <span class='ocrx_word' id='word_1_267' title='bbox 1122 2311 1212 2362; x_wconf 82' lang='grc' dir='ltr'>ὑπ’</span> <span class='ocrx_word' id='word_1_268' title='bbox 1253 2311 1386 2380; x_wconf 86' lang='grc' dir='ltr'>ἐμοῦ</span> <span class='ocrx_word' id='word_1_269' title='bbox 1412 2311 1710 2381; x_wconf 80' lang='grc' dir='ltr'>προφητῶν</span> <span class='ocrx_word' id='word_1_270' title='bbox 1750 2312 1848 2381; x_wconf 81' lang='grc' dir='ltr'><strong>τῆς</strong></span> 
     </span>
    </p>
   </div>
   <div class='ocr_carea' id='block_1_40' title="bbox 269 2397 1848 2474">
    <p class='ocr_par' dir='ltr' id='par_1_40' title="bbox 269 2397 1848 2474">
     <span class='ocr_line' id='line_1_40' title="bbox 269 2397 1848 2474; baseline 0.004 -24"><span class='ocrx_word' id='word_1_271' title='bbox 269 2397 545 2469; x_wconf 82' lang='grc' dir='ltr'>ὑμετέρας</span> <span class='ocrx_word' id='word_1_272' title='bbox 587 2399 772 2452; x_wconf 73' lang='grc' dir='ltr'>ἕνεκεν</span> <span class='ocrx_word' id='word_1_273' title='bbox 810 2399 1103 2471; x_wconf 81' lang='grc' dir='ltr'>σωτηρίας.</span> <span class='ocrx_word' id='word_1_274' title='bbox 1146 2402 1414 2455; x_wconf 80' lang='grc' dir='ltr'>Σκοπιὰν</span> <span class='ocrx_word' id='word_1_275' title='bbox 1436 2402 1567 2474; x_wconf 82' lang='grc' dir='ltr'>γὰρ,</span> <span class='ocrx_word' id='word_1_276' title='bbox 1610 2402 1701 2455; x_wconf 86' lang='grc' dir='ltr'><strong>τὸν</strong></span> <span class='ocrx_word' id='word_1_277' title='bbox 1739 2403 1848 2457; x_wconf 87' lang='grc' dir='ltr'><strong>τῶν</strong></span> 
     </span>
    </p>
   </div>
   <div class='ocr_carea' id='block_1_41' title="bbox 270 2491 1847 2565">
    <p class='ocr_par' dir='ltr' id='par_1_41' title="bbox 270 2491 1847 2565">
     <span class='ocr_line' id='line_1_41' title="bbox 270 2491 1847 2565; baseline 0.004 -25"><span class='ocrx_word' id='word_1_278' title='bbox 270 2491 569 2560; x_wconf 75' lang='grc' dir='ltr'>προφητῶν</span> <span class='ocrx_word' id='word_1_279' title='bbox 593 2492 1003 2562; x_wconf 74' lang='grc' dir='ltr'>προσηγόρευσε</span> <span class='ocrx_word' id='word_1_280' title='bbox 1038 2492 1292 2560; x_wconf 86' lang='grc' dir='ltr'>σύλλογον</span> <span class='ocrx_word' id='word_1_281' title='bbox 1318 2510 1332 2524; x_wconf 77' lang='grc' dir='ltr'><strong>ο</strong></span> <span class='ocrx_word' id='word_1_282' title='bbox 1373 2493 1468 2546; x_wconf 78' lang='grc' dir='ltr'><strong>καὶ</strong></span> <span class='ocrx_word' id='word_1_283' title='bbox 1505 2493 1612 2565; x_wconf 80' lang='grc' dir='ltr'><strong>γὰρ</strong></span> <span class='ocrx_word' id='word_1_284' title='bbox 1637 2494 1713 2564; x_wconf 82' lang='grc' dir='ltr'>τῷ</span> <span class='ocrx_word' id='word_1_285' title='bbox 1751 2496 1847 2547; x_wconf 86' lang='grc' dir='ltr'><strong>Ἰε-</strong></span> 
     </span>
    </p>
   </div>
   <div class='ocr_carea' id='block_1_42' title="bbox 271 2582 1842 2658">
    <p class='ocr_par' dir='ltr' id='par_1_42' title="bbox 271 2582 1842 2658">
     <span class='ocr_line' id='line_1_42' title="bbox 271 2582 1842 2658; baseline 0.003 -23"><span class='ocrx_word' id='word_1_286' title='bbox 271 2582 464 2654; x_wconf 78' lang='grc' dir='ltr'>ζεκιὴλ</span> <span class='ocrx_word' id='word_1_287' title='bbox 486 2583 589 2652; x_wconf 75' lang='grc' dir='ltr'>ἔφη</span> <span class='ocrx_word' id='word_1_288' title='bbox 612 2601 626 2612; x_wconf 89' lang='grc'><strong>·</strong></span> <span class='ocrx_word' id='word_1_289' title='bbox 670 2604 688 2634; x_wconf 80' lang='grc' dir='ltr'>ι</span> <span class='ocrx_word' id='word_1_290' title='bbox 712 2585 921 2638; x_wconf 84' lang='grc' dir='ltr'>Σκοπὸν</span> <span class='ocrx_word' id='word_1_291' title='bbox 954 2585 1163 2639; x_wconf 80' lang='grc' dir='ltr'>δέδωκά</span> <span class='ocrx_word' id='word_1_292' title='bbox 1208 2603 1266 2638; x_wconf 89' lang='grc' dir='ltr'><strong>σε</strong></span> <span class='ocrx_word' id='word_1_293' title='bbox 1292 2586 1369 2656; x_wconf 85' lang='grc' dir='ltr'>τῷ</span> <span class='ocrx_word' id='word_1_294' title='bbox 1389 2587 1523 2656; x_wconf 78' lang='grc' dir='ltr'>οἴκῳ</span> <span class='ocrx_word' id='word_1_295' title='bbox 1559 2587 1790 2658; x_wconf 89' lang='grc' dir='ltr'>Ἰσραήλ.</span> <span class='ocrx_word' id='word_1_296' title='bbox 1823 2607 1842 2639; x_wconf 73' lang='grc' dir='ltr'>ι</span> 
     </span>
    </p>
   </div>
   <div class='ocr_carea' id='block_1_43' title="bbox 270 2672 1845 2744">
    <p class='ocr_par' dir='ltr' id='par_1_43' title="bbox 270 2672 1845 2744">
     <span class='ocr_line' id='line_1_43' title="bbox 270 2672 1845 2744; baseline 0.002 -18"><span class='ocrx_word' id='word_1_297' title='bbox 270 2672 475 2726; x_wconf 88' lang='grc' dir='ltr'>Τούτου</span> <span class='ocrx_word' id='word_1_298' title='bbox 519 2673 676 2743; x_wconf 82' lang='grc' dir='ltr'>χάριν</span> <span class='ocrx_word' id='word_1_299' title='bbox 712 2674 846 2744; x_wconf 69' lang='grc' dir='ltr'>φησι</span> <span class='ocrx_word' id='word_1_300' title='bbox 890 2673 971 2739; x_wconf 82' lang='grc' dir='ltr'>τῷ</span> <span class='ocrx_word' id='word_1_301' title='bbox 1032 2674 1281 2743; x_wconf 59' lang='grc' dir='ltr'>Ἐφραῒμ</span> <span class='ocrx_word' id='word_1_302' title='bbox 1310 2675 1408 2728; x_wconf 80' lang='grc' dir='ltr'>καὶ</span> <span class='ocrx_word' id='word_1_303' title='bbox 1440 2673 1520 2739; x_wconf 83' lang='grc' dir='ltr'>τῷ</span> <span class='ocrx_word' id='word_1_304' title='bbox 1574 2675 1845 2742; x_wconf 83' lang='grc' dir='ltr'>Ἰσραὴλ,</span> 
     </span>
    </p>
   </div>
   <div class='ocr_carea' id='block_1_44' title="bbox 271 2764 1847 2836">
    <p class='ocr_par' dir='ltr' id='par_1_44' title="bbox 271 2764 1847 2836">
     <span class='ocr_line' id='line_1_44' title="bbox 271 2764 1847 2836; baseline 0 -18"><span class='ocrx_word' id='word_1_305' title='bbox 271 2765 397 2818; x_wconf 76' lang='grc' dir='ltr'>ἀντὶ</span> <span class='ocrx_word' id='word_1_306' title='bbox 442 2764 554 2828; x_wconf 75' lang='grc' dir='ltr'>τοῦ,</span> <span class='ocrx_word' id='word_1_307' title='bbox 600 2766 763 2818; x_wconf 77' lang='grc' dir='ltr'>παντὶ</span> <span class='ocrx_word' id='word_1_308' title='bbox 801 2765 878 2835; x_wconf 84' lang='grc' dir='ltr'>τῷ</span> <span class='ocrx_word' id='word_1_309' title='bbox 909 2766 1021 2836; x_wconf 86' lang='grc' dir='ltr'><strong>λαῷ</strong></span> <span class='ocrx_word' id='word_1_310' title='bbox 1056 2767 1153 2836; x_wconf 86' lang='grc' dir='ltr'>τὴν</span> <span class='ocrx_word' id='word_1_311' title='bbox 1189 2766 1438 2820; x_wconf 74' lang='grc' dir='ltr'>παιδείαν</span> <span class='ocrx_word' id='word_1_312' title='bbox 1474 2764 1678 2830; x_wconf 80' lang='grc' dir='ltr'>ἐπάξω.</span> <span class='ocrx_word' id='word_1_313' title='bbox 1729 2765 1847 2829; x_wconf 83' lang='grc' dir='ltr'><strong>Ἐξ-</strong></span> 
     </span>
    </p>
   </div>
   <div class='ocr_carea' id='block_1_45' title="bbox 272 2855 1850 2930">
    <p class='ocr_par' dir='ltr' id='par_1_45' title="bbox 272 2855 1850 2930">
     <span class='ocr_line' id='line_1_45' title="bbox 272 2855 1850 2930; baseline 0.003 -21"><span class='ocrx_word' id='word_1_314' title='bbox 272 2857 568 2925; x_wconf 82' lang='grc' dir='ltr'>επὸρνευσε</span> <span class='ocrx_word' id='word_1_315' title='bbox 591 2855 719 2927; x_wconf 75' lang='grc' dir='ltr'>γὰρ,</span> <span class='ocrx_word' id='word_1_316' title='bbox 753 2857 844 2909; x_wconf 74' lang='grc' dir='ltr'><strong>καὶ</strong></span> <span class='ocrx_word' id='word_1_317' title='bbox 867 2858 1100 2928; x_wconf 83' lang='grc' dir='ltr'>ἐμιάνθη</span> <span class='ocrx_word' id='word_1_318' title='bbox 1121 2860 1218 2923; x_wconf 70' lang='grc' dir='ltr'><strong>τῆς</strong></span> <span class='ocrx_word' id='word_1_319' title='bbox 1242 2860 1381 2929; x_wconf 82' lang='grc' dir='ltr'>ἐμῆς</span> <span class='ocrx_word' id='word_1_320' title='bbox 1415 2859 1659 2923; x_wconf 87' lang='grc' dir='ltr'>ἀποστὰς</span> <span class='ocrx_word' id='word_1_321' title='bbox 1690 2860 1850 2930; x_wconf 87' lang='grc' dir='ltr'>θερα-</span> 
     </span>
    </p>
   </div>
   <div class='ocr_carea' id='block_1_46' title="bbox 272 2947 1230 3019">
    <p class='ocr_par' dir='ltr' id='par_1_46' title="bbox 272 2947 1230 3019">
     <span class='ocr_line' id='line_1_46' title="bbox 272 2947 1230 3019; baseline 0.004 -21"><span class='ocrx_word' id='word_1_322' title='bbox 272 2947 458 3008; x_wconf 84' lang='grc' dir='ltr'>πείας.</span> <span class='ocrx_word' id='word_1_323' title='bbox 1156 3015 1161 3019; x_wconf 22' lang='grc' dir='ltr'><strong>η</strong></span> <span class='ocrx_word' id='word_1_324' title='bbox 1224 2969 1230 2977; x_wconf 60' lang='grc' dir='ltr'><strong>ε</strong></span> 
     </span>
    </p>
   </div>
   <div class='ocr_carea' id='block_1_47' title="bbox 345 3037 1845 3104">
    <p class='ocr_par' dir='ltr' id='par_1_47' title="bbox 345 3037 1845 3104">
     <span class='ocr_line' id='line_1_47' title="bbox 345 3037 1845 3104; baseline 0.002 -14"><span class='ocrx_word' id='word_1_325' title='bbox 345 3038 408 3092; x_wconf 86' lang='grc' dir='ltr'>δ’.</span> <span class='ocrx_word' id='word_1_326' title='bbox 444 3056 464 3092; x_wconf 81' lang='grc' dir='ltr'>ι</span> <span class='ocrx_word' id='word_1_327' title='bbox 494 3039 603 3092; x_wconf 69' lang='grc' dir='ltr'>Καὶ</span> <span class='ocrx_word' id='word_1_328' title='bbox 644 3038 744 3092; x_wconf 85' lang='grc' dir='ltr'><strong>οὑκ</strong></span> <span class='ocrx_word' id='word_1_329' title='bbox 797 3037 1003 3092; x_wconf 80' lang='grc' dir='ltr'>ἔδωκαν</span> <span class='ocrx_word' id='word_1_330' title='bbox 1061 3039 1129 3091; x_wconf 74' lang='grc' dir='ltr'>τὰ</span> <span class='ocrx_word' id='word_1_331' title='bbox 1181 3038 1463 3094; x_wconf 87' lang='grc' dir='ltr'>διαϐούλια</span> <span class='ocrx_word' id='word_1_332' title='bbox 1501 3040 1702 3104; x_wconf 84' lang='grc' dir='ltr'>αὐτῶν,</span> <span class='ocrx_word' id='word_1_333' title='bbox 1752 3039 1845 3094; x_wconf 75' lang='grc' dir='ltr'>τοῦ</span> 
     </span>
    </p>
   </div>
   <div class='ocr_carea' id='block_1_48' title="bbox 274 3131 1848 3204">
    <p class='ocr_par' dir='ltr' id='par_1_48' title="bbox 274 3131 1848 3204">
     <span class='ocr_line' id='line_1_48' title="bbox 274 3131 1848 3204; baseline 0.001 -20"><span class='ocrx_word' id='word_1_334' title='bbox 274 3131 753 3202; x_wconf 77' lang='grc' dir='ltr'>ἐπιστρέψαιπρὸς</span> <span class='ocrx_word' id='word_1_335' title='bbox 770 3131 860 3184; x_wconf 88' lang='grc' dir='ltr'><strong>τὸν</strong></span> <span class='ocrx_word' id='word_1_336' title='bbox 877 3131 1008 3184; x_wconf 83' lang='grc' dir='ltr'>Θεὸν</span> <span class='ocrx_word' id='word_1_337' title='bbox 1023 3131 1200 3184; x_wconf 84' lang='grc' dir='ltr'>αὑτῶν</span> <span class='ocrx_word' id='word_1_338' title='bbox 1211 3133 1320 3196; x_wconf 70' lang='grc' dir='ltr'>ίὸτι,</span> <span class='ocrx_word' id='word_1_339' title='bbox 1347 3132 1566 3204; x_wconf 82' lang='grc' dir='ltr'>πνεῦμα</span> <span class='ocrx_word' id='word_1_340' title='bbox 1590 3132 1848 3203; x_wconf 86' lang='grc' dir='ltr'>πορνείας</span> 
     </span>
    </p>
   </div>
   <div class='ocr_carea' id='block_1_49' title="bbox 273 3222 1843 3293">
    <p class='ocr_par' dir='ltr' id='par_1_49' title="bbox 273 3222 1843 3293">
     <span class='ocr_line' id='line_1_49' title="bbox 273 3222 1843 3293; baseline -0.001 -18"><span class='ocrx_word' id='word_1_341' title='bbox 273 3222 425 3276; x_wconf 66' lang='grc' dir='ltr'>ἐστὶν</span> <span class='ocrx_word' id='word_1_342' title='bbox 449 3222 494 3253; x_wconf 79' lang='grc'><strong>¹⁶</strong></span> <span class='ocrx_word' id='word_1_343' title='bbox 546 3224 604 3275; x_wconf 84' lang='grc' dir='ltr'><strong>ἐν</strong></span> <span class='ocrx_word' id='word_1_344' title='bbox 658 3223 862 3285; x_wconf 76' lang='grc' dir='ltr'>αὐτοῖς,</span> <span class='ocrx_word' id='word_1_345' title='bbox 899 3222 990 3274; x_wconf 87' lang='grc' dir='ltr'><strong>τὸν</strong></span> <span class='ocrx_word' id='word_1_346' title='bbox 1023 3222 1078 3276; x_wconf 88' lang='grc' dir='ltr'><strong>δέ</strong></span> <span class='ocrx_word' id='word_1_347' title='bbox 1103 3222 1305 3293; x_wconf 79' lang='grc' dir='ltr'>Κύριον</span> <span class='ocrx_word' id='word_1_348' title='bbox 1335 3224 1436 3276; x_wconf 88' lang='grc' dir='ltr'><strong>οὐκ</strong></span> <span class='ocrx_word' id='word_1_349' title='bbox 1466 3224 1843 3290; x_wconf 78' lang='grc' dir='ltr'>ἐπέγνωσαν.»</span> 
     </span>
    </p>
   </div>
   <div class='ocr_carea' id='block_1_50' title="bbox 273 3313 1850 3385">
    <p class='ocr_par' dir='ltr' id='par_1_50' title="bbox 273 3313 1850 3385">
     <span class='ocr_line' id='line_1_50' title="bbox 273 3313 1850 3385; baseline -0.002 -16"><span class='ocrx_word' id='word_1_350' title='bbox 273 3315 572 3383; x_wconf 81' lang='grc' dir='ltr'>Δογισμοῖς</span> <span class='ocrx_word' id='word_1_351' title='bbox 592 3314 698 3385; x_wconf 76' lang='grc' dir='ltr'><strong>γὰρ</strong></span> <span class='ocrx_word' id='word_1_352' title='bbox 729 3313 952 3376; x_wconf 84' lang='grc' dir='ltr'>ἀτόποις</span> <span class='ocrx_word' id='word_1_353' title='bbox 989 3314 1347 3384; x_wconf 80' lang='grc' dir='ltr'>χρησάμενοι,</span> <span class='ocrx_word' id='word_1_354' title='bbox 1373 3315 1470 3383; x_wconf 84' lang='grc' dir='ltr'>τῆς</span> <span class='ocrx_word' id='word_1_355' title='bbox 1501 3314 1598 3384; x_wconf 82' lang='grc' dir='ltr'>μὲν</span> <span class='ocrx_word' id='word_1_356' title='bbox 1619 3313 1850 3385; x_wconf 84' lang='grc' dir='ltr'>ἀληθοῦς</span> 
     </span>
    </p>
   </div>
   <div class='ocr_carea' id='block_1_51' title="bbox 274 3405 1851 3476">
    <p class='ocr_par' dir='ltr' id='par_1_51' title="bbox 274 3405 1851 3476">
     <span class='ocr_line' id='line_1_51' title="bbox 274 3405 1851 3476; baseline -0.003 -14"><span class='ocrx_word' id='word_1_357' title='bbox 274 3407 608 3475; x_wconf 81' lang='grc' dir='ltr'>θεογνωσίας</span> <span class='ocrx_word' id='word_1_358' title='bbox 657 3405 939 3470; x_wconf 76' lang='grc' dir='ltr'>ἐξέπεσον,</span> <span class='ocrx_word' id='word_1_359' title='bbox 976 3409 1041 3476; x_wconf 83' lang='grc' dir='ltr'>τῇ</span> <span class='ocrx_word' id='word_1_360' title='bbox 1088 3406 1144 3458; x_wconf 79' lang='grc' dir='ltr'>δὲ</span> <span class='ocrx_word' id='word_1_361' title='bbox 1185 3406 1292 3460; x_wconf 87' lang='grc' dir='ltr'><strong>τῶν</strong></span> <span class='ocrx_word' id='word_1_362' title='bbox 1326 3405 1559 3458; x_wconf 70' lang='grc' dir='ltr'>εἰδώλων</span> <span class='ocrx_word' id='word_1_363' title='bbox 1586 3405 1851 3476; x_wconf 74' lang='grc' dir='ltr'>θεραπείᾳ</span> 
     </span>
    </p>
   </div>
   <div class='ocr_carea' id='block_1_52' title="bbox 276 3497 1844 3569">
    <p class='ocr_par' dir='ltr' id='par_1_52' title="bbox 276 3497 1844 3569">
     <span class='ocr_line' id='line_1_52' title="bbox 276 3497 1844 3569; baseline -0.001 -18"><span class='ocrx_word' id='word_1_364' title='bbox 276 3497 582 3568; x_wconf 80' lang='grc' dir='ltr'>προσέσχον</span> <span class='ocrx_word' id='word_1_365' title='bbox 605 3515 617 3526; x_wconf 92' lang='grc'><strong>·</strong></span> <span class='ocrx_word' id='word_1_366' title='bbox 659 3497 738 3549; x_wconf 90' lang='grc' dir='ltr'><strong>διὸ</strong></span> <span class='ocrx_word' id='word_1_367' title='bbox 787 3497 996 3550; x_wconf 87' lang='grc' dir='ltr'>τίσουσι</span> <span class='ocrx_word' id='word_1_368' title='bbox 1045 3499 1277 3568; x_wconf 77' lang='grc' dir='ltr'>ταυτησὶ</span> <span class='ocrx_word' id='word_1_369' title='bbox 1305 3498 1401 3567; x_wconf 83' lang='grc' dir='ltr'>τῆς</span> <span class='ocrx_word' id='word_1_370' title='bbox 1425 3497 1638 3569; x_wconf 80' lang='grc' dir='ltr'>ὕϐρεως</span> <span class='ocrx_word' id='word_1_371' title='bbox 1667 3498 1844 3562; x_wconf 89' lang='grc' dir='ltr'>δίκας,</span> 
     </span>
    </p>
   </div>
   <div class='ocr_carea' id='block_1_53' title="bbox 274 3588 1847 3660">
    <p class='ocr_par' dir='ltr' id='par_1_53' title="bbox 274 3588 1847 3660">
     <span class='ocr_line' id='line_1_53' title="bbox 274 3588 1847 3660; baseline 0.001 -20"><span class='ocrx_word' id='word_1_372' title='bbox 274 3588 572 3660; x_wconf 81' lang='grc' dir='ltr'>προφανῶς</span> <span class='ocrx_word' id='word_1_373' title='bbox 626 3588 856 3657; x_wconf 88' lang='grc' dir='ltr'>ὁρῶντες</span> <span class='ocrx_word' id='word_1_374' title='bbox 905 3590 1086 3652; x_wconf 84' lang='grc' dir='ltr'>ὁποῖος</span> <span class='ocrx_word' id='word_1_375' title='bbox 1115 3590 1143 3640; x_wconf 89' lang='grc' dir='ltr'><strong>ό</strong></span> <span class='ocrx_word' id='word_1_376' title='bbox 1174 3588 1272 3658; x_wconf 83' lang='grc' dir='ltr'>τῆς</span> <span class='ocrx_word' id='word_1_377' title='bbox 1299 3589 1578 3652; x_wconf 78' lang='grc' dir='ltr'>εὐσεϐείας</span> <span class='ocrx_word' id='word_1_378' title='bbox 1617 3590 1847 3660; x_wconf 88' lang='grc' dir='ltr'>καρπός.</span> 
     </span>
    </p>
   </div>
   <div class='ocr_carea' id='block_1_54' title="bbox 274 3676 1848 3751">
    <p class='ocr_par' dir='ltr' id='par_1_54' title="bbox 274 3676 1848 3751">
     <span class='ocr_line' id='line_1_54' title="bbox 274 3676 1848 3751; baseline -0.001 -18"><span class='ocrx_word' id='word_1_379' title='bbox 274 3679 449 3733; x_wconf 82' lang='grc' dir='ltr'>Τοῦτο</span> <span class='ocrx_word' id='word_1_380' title='bbox 487 3679 593 3750; x_wconf 81' lang='grc' dir='ltr'>γὰρ</span> <span class='ocrx_word' id='word_1_381' title='bbox 643 3676 824 3734; x_wconf 82' lang='grc' dir='ltr'>εἷπεν·</span> <span class='ocrx_word' id='word_1_382' title='bbox 867 3700 884 3732; x_wconf 88' lang='grc' dir='ltr'>ι</span> <span class='ocrx_word' id='word_1_383' title='bbox 931 3681 1025 3743; x_wconf 78' lang='grc' dir='ltr'><strong>Εἰς</strong></span> <span class='ocrx_word' id='word_1_384' title='bbox 1079 3681 1368 3751; x_wconf 87' lang='grc' dir='ltr'>πρόσωπον</span> <span class='ocrx_word' id='word_1_385' title='bbox 1420 3680 1616 3734; x_wconf 76' lang='grc' dir='ltr'>αὑτοῦ·</span> <span class='ocrx_word' id='word_1_386' title='bbox 1669 3682 1764 3734; x_wconf 72' lang='lat' dir='ltr'><strong>zai.</strong></span> <span class='ocrx_word' id='word_1_387' title='bbox 1807 3681 1848 3712; x_wconf 75' lang='grc'><strong>⁸⁷</strong></span> 
     </span>
    </p>
   </div>
   <div class='ocr_carea' id='block_1_55' title="bbox 290 3771 1851 3843">
    <p class='ocr_par' dir='ltr' id='par_1_55' title="bbox 290 3771 1851 3843">
     <span class='ocr_line' id='line_1_55' title="bbox 290 3771 1851 3843; baseline 0.002 -20"><span class='ocrx_word' id='word_1_388' title='bbox 290 3771 511 3842; x_wconf 83' lang='grc' dir='ltr'>Ἰσραὴλ</span> <span class='ocrx_word' id='word_1_389' title='bbox 541 3771 637 3824; x_wconf 71' lang='grc' dir='ltr'><strong>καὶ</strong></span> <span class='ocrx_word' id='word_1_390' title='bbox 682 3771 920 3842; x_wconf 78' lang='grc' dir='ltr'>Ἑφραῒμ</span> <span class='ocrx_word' id='word_1_391' title='bbox 949 3772 1339 3843; x_wconf 87' lang='grc' dir='ltr'>ἀσθενήσουσιν</span> <span class='ocrx_word' id='word_1_392' title='bbox 1370 3774 1427 3827; x_wconf 85' lang='grc' dir='ltr'>ἐν</span> <span class='ocrx_word' id='word_1_393' title='bbox 1461 3776 1581 3837; x_wconf 88' lang='grc' dir='ltr'>ταῖς</span> <span class='ocrx_word' id='word_1_394' title='bbox 1618 3773 1851 3837; x_wconf 86' lang='grc' dir='ltr'>ἀδικίαις</span> 
     </span>
    </p>
   </div>
   <div class='ocr_carea' id='block_1_56' title="bbox 275 3860 1840 3933">
    <p class='ocr_par' dir='ltr' id='par_1_56' title="bbox 275 3860 1840 3933">
     <span class='ocr_line' id='line_1_56' title="bbox 275 3860 1840 3933; baseline 0.001 -20"><span class='ocrx_word' id='word_1_395' title='bbox 275 3860 458 3913; x_wconf 84' lang='grc' dir='ltr'>αὐτῶν</span> <span class='ocrx_word' id='word_1_396' title='bbox 484 3877 497 3890; x_wconf 85' lang='lat'><strong><em>°</em></strong></span> <span class='ocrx_word' id='word_1_397' title='bbox 539 3862 634 3914; x_wconf 73' lang='grc' dir='ltr'>καὶ</span> <span class='ocrx_word' id='word_1_398' title='bbox 664 3862 949 3932; x_wconf 82' lang='grc' dir='ltr'>ἀσθενήσει</span> <span class='ocrx_word' id='word_1_399' title='bbox 1011 3863 1104 3916; x_wconf 67' lang='grc' dir='ltr'><strong>καλ⁵</strong></span> <span class='ocrx_word' id='word_1_400' title='bbox 1163 3863 1362 3925; x_wconf 84' lang='grc' dir='ltr'>Ἰούδας</span> <span class='ocrx_word' id='word_1_401' title='bbox 1421 3865 1537 3933; x_wconf 81' lang='grc' dir='ltr'>μετ’</span> <span class='ocrx_word' id='word_1_402' title='bbox 1581 3863 1778 3919; x_wconf 83' lang='grc' dir='ltr'>αὐτῶν,</span> <span class='ocrx_word' id='word_1_403' title='bbox 1821 3882 1840 3914; x_wconf 75' lang='grc' dir='ltr'>ι</span> 
     </span>
    </p>
   </div>
   <div class='ocr_carea' id='block_1_57' title="bbox 292 3952 1850 4024">
    <p class='ocr_par' dir='ltr' id='par_1_57' title="bbox 292 3952 1850 4024">
     <span class='ocr_line' id='line_1_57' title="bbox 292 3952 1850 4024; baseline 0.001 -18"><span class='ocrx_word' id='word_1_404' title='bbox 292 3952 511 4024; x_wconf 84' lang='grc' dir='ltr'>Ἐπειδὴ</span> <span class='ocrx_word' id='word_1_405' title='bbox 532 3953 732 4005; x_wconf 77' lang='grc' dir='ltr'>αίδέκα</span> <span class='ocrx_word' id='word_1_406' title='bbox 766 3954 927 4019; x_wconf 72' lang='grc' dir='ltr'>φυλαὶ</span> <span class='ocrx_word' id='word_1_407' title='bbox 955 3953 1215 4024; x_wconf 83' lang='grc' dir='ltr'>πρότερον</span> <span class='ocrx_word' id='word_1_408' title='bbox 1244 3952 1285 3985; x_wconf 80' lang='grc'><strong>³⁸</strong></span> <span class='ocrx_word' id='word_1_409' title='bbox 1304 3955 1394 4008; x_wconf 88' lang='grc' dir='ltr'><strong>τὸν</strong></span> <span class='ocrx_word' id='word_1_410' title='bbox 1421 3954 1850 4024; x_wconf 75' lang='grc' dir='ltr'>ἀνδραποδισμὸν</span> 
     </span>
    </p>
   </div>
   <div class='ocr_carea' id='block_1_58' title="bbox 275 4044 1848 4118">
    <p class='ocr_par' dir='ltr' id='par_1_58' title="bbox 275 4044 1848 4118">
     <span class='ocr_line' id='line_1_58' title="bbox 275 4044 1848 4118; baseline 0.001 -19"><span class='ocrx_word' id='word_1_411' title='bbox 275 4045 378 4099; x_wconf 75' lang='grc' dir='ltr'><strong>καὶ</strong></span> <span class='ocrx_word' id='word_1_412' title='bbox 409 4045 508 4115; x_wconf 82' lang='grc' dir='ltr'><strong>τὴν</strong></span> <span class='ocrx_word' id='word_1_413' title='bbox 535 4044 775 4096; x_wconf 83' lang='grc' dir='ltr'>δουλείαν</span> <span class='ocrx_word' id='word_1_414' title='bbox 797 4045 1117 4114; x_wconf 84' lang='grc' dir='ltr'>ὑπέμειναν,</span> <span class='ocrx_word' id='word_1_415' title='bbox 1144 4047 1367 4110; x_wconf 89' lang='grc' dir='ltr'>εἰκότως</span> <span class='ocrx_word' id='word_1_416' title='bbox 1396 4047 1574 4100; x_wconf 85' lang='grc' dir='ltr'>αὐτῶν</span> <span class='ocrx_word' id='word_1_417' title='bbox 1605 4047 1848 4118; x_wconf 84' lang='grc' dir='ltr'>ἐμνήσθη</span> 
     </span>
    </p>
   </div>
   <div class='ocr_carea' id='block_1_59' title="bbox 277 4137 1843 4208">
    <p class='ocr_par' dir='ltr' id='par_1_59' title="bbox 277 4137 1843 4208">
     <span class='ocr_line' id='line_1_59' title="bbox 277 4137 1843 4208; baseline 0.001 -19"><span class='ocrx_word' id='word_1_418' title='bbox 277 4137 545 4208; x_wconf 80' lang='grc' dir='ltr'>πρότερον</span> <span class='ocrx_word' id='word_1_419' title='bbox 567 4137 629 4200; x_wconf 74' lang='grc'><strong>’⁸,</strong></span> <span class='ocrx_word' id='word_1_420' title='bbox 663 4137 912 4204; x_wconf 81' lang='grc' dir='ltr'>Ἰσραὴλ</span> <span class='ocrx_word' id='word_1_421' title='bbox 937 4138 1105 4200; x_wconf 82' lang='grc' dir='ltr'>αὑτὰς</span> <span class='ocrx_word' id='word_1_422' title='bbox 1133 4139 1225 4190; x_wconf 73' lang='grc' dir='ltr'><strong>καὶ</strong></span> <span class='ocrx_word' id='word_1_423' title='bbox 1260 4139 1508 4206; x_wconf 71' lang='grc' dir='ltr'>Ἔφραῒμ</span> <span class='ocrx_word' id='word_1_424' title='bbox 1532 4139 1805 4208; x_wconf 84' lang='grc' dir='ltr'>ὀνομάσας</span> <span class='ocrx_word' id='word_1_425' title='bbox 1830 4154 1843 4167; x_wconf 82' lang='lat'><strong><em>°</em></strong></span> 
     </span>
    </p>
   </div>
   <div class='ocr_carea' id='block_1_60' title="bbox 274 4227 1848 4298">
    <p class='ocr_par' dir='ltr' id='par_1_60' title="bbox 274 4227 1848 4298">
     <span class='ocr_line' id='line_1_60' title="bbox 274 4227 1848 4298; baseline 0.001 -20"><span class='ocrx_word' id='word_1_426' title='bbox 274 4229 368 4279; x_wconf 84' lang='grc' dir='ltr'><strong>τὸν</strong></span> <span class='ocrx_word' id='word_1_427' title='bbox 396 4227 452 4278; x_wconf 77' lang='grc' dir='ltr'><strong>δὲ</strong></span> <span class='ocrx_word' id='word_1_428' title='bbox 497 4227 694 4280; x_wconf 81' lang='grc' dir='ltr'>Ἰούδαν</span> <span class='ocrx_word' id='word_1_429' title='bbox 725 4228 992 4297; x_wconf 82' lang='grc' dir='ltr'>ἁρμοδίως</span> <span class='ocrx_word' id='word_1_430' title='bbox 1038 4228 1244 4280; x_wconf 81' lang='grc' dir='ltr'>τέθεικε</span> <span class='ocrx_word' id='word_1_431' title='bbox 1295 4229 1632 4291; x_wconf 85' lang='grc' dir='ltr'>τελευταῖον,</span> <span class='ocrx_word' id='word_1_432' title='bbox 1662 4229 1848 4298; x_wconf 81' lang='grc' dir='ltr'>ἐπειδὴ</span> 
     </span>
    </p>
   </div>
   <div class='ocr_carea' id='block_1_61' title="bbox 278 4314 1850 4388">
    <p class='ocr_par' dir='ltr' id='par_1_61' title="bbox 278 4314 1850 4388">
     <span class='ocr_line' id='line_1_61' title="bbox 278 4314 1850 4388; baseline 0.003 -20"><span class='ocrx_word' id='word_1_433' title='bbox 278 4320 399 4387; x_wconf 78' lang='grc' dir='ltr'>μετ’</span> <span class='ocrx_word' id='word_1_434' title='bbox 427 4317 666 4381; x_wconf 82' lang='grc' dir='ltr'>ἐκείνους</span> <span class='ocrx_word' id='word_1_435' title='bbox 690 4319 787 4388; x_wconf 80' lang='grc' dir='ltr'>τὴν</span> <span class='ocrx_word' id='word_1_436' title='bbox 838 4319 1211 4388; x_wconf 76' lang='grc' dir='ltr'>αἰχμαλωσίαν</span> <span class='ocrx_word' id='word_1_437' title='bbox 1257 4319 1568 4388; x_wconf 83' lang='grc' dir='ltr'>ὑπέμεινεν.</span> <span class='ocrx_word' id='word_1_438' title='bbox 1603 4314 1736 4371; x_wconf 76' lang='grc' dir='ltr'>Εἶτα</span> <span class='ocrx_word' id='word_1_439' title='bbox 1770 4319 1850 4372; x_wconf 89' lang='grc' dir='ltr'>δι-</span> 
     </span>
    </p>
   </div>
   <div class='ocr_carea' id='block_1_62' title="bbox 1844 2960 1887 3013">
    <p class='ocr_par' dir='ltr' id='par_1_62' title="bbox 1844 2960 1887 3013">
     <span class='ocr_line' id='line_1_62' title="bbox 1844 2960 1887 3013; baseline 0 -2"><span class='ocrx_word' id='word_1_440' title='bbox 1844 2960 1887 3013; x_wconf 60' lang='grc' dir='ltr'>ξε</span> 
     </span>
    </p>
   </div>
   <div class='ocr_carea' id='block_1_63' title="bbox 1950 1855 3515 1926">
    <p class='ocr_par' dir='ltr' id='par_1_63' title="bbox 1950 1855 3515 1926">
     <span class='ocr_line' id='line_1_63' title="bbox 1950 1855 3515 1926; baseline 0.005 -20"><span class='ocrx_word' id='word_1_441' title='bbox 1950 1855 2094 1907; x_wconf 88' lang='lat' dir='ltr'><strong>mala</strong></span> <span class='ocrx_word' id='word_1_442' title='bbox 2125 1865 2318 1909; x_wconf 88' lang='lat' dir='ltr'><strong>contra</strong></span> <span class='ocrx_word' id='word_1_443' title='bbox 2368 1857 2664 1926; x_wconf 78' lang='lat' dir='ltr'><strong>prephetas</strong></span> <span class='ocrx_word' id='word_1_444' title='bbox 2713 1873 2864 1912; x_wconf 89' lang='lat' dir='ltr'><strong>meos</strong></span> <span class='ocrx_word' id='word_1_445' title='bbox 2904 1858 3205 1912; x_wconf 84' lang='lat' dir='ltr'><strong>machinati</strong></span> <span class='ocrx_word' id='word_1_446' title='bbox 3261 1860 3427 1924; x_wconf 88' lang='lat' dir='ltr'><strong>estis,</strong></span> <span class='ocrx_word' id='word_1_447' title='bbox 3463 1869 3515 1914; x_wconf 89' lang='lat' dir='ltr'><strong>et</strong></span> 
     </span>
    </p>
   </div>
   <div class='ocr_carea' id='block_1_64' title="bbox 1951 1946 3516 2021">
    <p class='ocr_par' dir='ltr' id='par_1_64' title="bbox 1951 1946 3516 2021">
     <span class='ocr_line' id='line_1_64' title="bbox 1951 1946 3516 2021; baseline 0.005 -23"><span class='ocrx_word' id='word_1_448' title='bbox 1951 1946 2182 2001; x_wconf 84' lang='lat' dir='ltr'><strong>insidias</strong></span> <span class='ocrx_word' id='word_1_449' title='bbox 2232 1957 2448 2002; x_wconf 88' lang='lat' dir='ltr'><strong>vestras</strong></span> <span class='ocrx_word' id='word_1_450' title='bbox 2506 1959 2766 2018; x_wconf 85' lang='lat' dir='ltr'><strong>tanquam</strong></span> <span class='ocrx_word' id='word_1_451' title='bbox 2827 1951 2962 2005; x_wconf 87' lang='lat' dir='ltr'><strong>retia</strong></span> <span class='ocrx_word' id='word_1_452' title='bbox 3020 1953 3265 2021; x_wconf 64' lang='lat' dir='ltr'><strong>quaedam</strong></span> <span class='ocrx_word' id='word_1_453' title='bbox 3319 1962 3516 2006; x_wconf 90' lang='lat' dir='ltr'><strong>contra</strong></span> 
     </span>
    </p>
   </div>
   <div class='ocr_carea' id='block_1_65' title="bbox 1949 2039 3517 2114">
    <p class='ocr_par' dir='ltr' id='par_1_65' title="bbox 1949 2039 3517 2114">
     <span class='ocr_line' id='line_1_65' title="bbox 1949 2039 3517 2114; baseline 0.006 -25"><span class='ocrx_word' id='word_1_454' title='bbox 1949 2053 2042 2092; x_wconf 88' lang='lat' dir='ltr'><strong>eos</strong></span> <span class='ocrx_word' id='word_1_455' title='bbox 2065 2039 2407 2108; x_wconf 81' lang='lat' dir='ltr'><strong>explieuistis</strong></span> <span class='ocrx_word' id='word_1_456' title='bbox 2435 2058 2448 2094; x_wconf 94' lang='lat'><strong>:</strong></span> <span class='ocrx_word' id='word_1_457' title='bbox 2480 2056 2583 2095; x_wconf 90' lang='lat' dir='ltr'><strong>nec</strong></span> <span class='ocrx_word' id='word_1_458' title='bbox 2611 2042 2787 2106; x_wconf 87' lang='lat' dir='ltr'><strong>aliter,</strong></span> <span class='ocrx_word' id='word_1_459' title='bbox 2822 2057 2986 2110; x_wconf 89' lang='lat' dir='ltr'><strong>quam</strong></span> <span class='ocrx_word' id='word_1_460' title='bbox 3030 2044 3123 2112; x_wconf 88' lang='lat' dir='ltr'><strong>qui</strong></span> <span class='ocrx_word' id='word_1_461' title='bbox 3179 2043 3231 2097; x_wconf 92' lang='lat' dir='ltr'><strong>in</strong></span> <span class='ocrx_word' id='word_1_462' title='bbox 3280 2042 3517 2114; x_wconf 83' lang='lat' dir='ltr'><strong>ltabyrio</strong></span> 
     </span>
    </p>
   </div>
   <div class='ocr_carea' id='block_1_66' title="bbox 1950 2131 3518 2200">
    <p class='ocr_par' dir='ltr' id='par_1_66' title="bbox 1950 2131 3518 2200">
     <span class='ocr_line' id='line_1_66' title="bbox 1950 2131 3518 2200; baseline 0.007 -21"><span class='ocrx_word' id='word_1_463' title='bbox 1950 2137 2158 2194; x_wconf 88' lang='lat' dir='ltr'><strong>monte,</strong></span> <span class='ocrx_word' id='word_1_464' title='bbox 2191 2131 2501 2185; x_wconf 86' lang='lat' dir='ltr'><strong>venationis</strong></span> <span class='ocrx_word' id='word_1_465' title='bbox 2528 2132 2795 2185; x_wconf 87' lang='lat' dir='ltr'><strong>varietate</strong></span> <span class='ocrx_word' id='word_1_466' title='bbox 2825 2133 3010 2200; x_wconf 92' lang='lat' dir='ltr'><strong>pleno,</strong></span> <span class='ocrx_word' id='word_1_467' title='bbox 3043 2135 3366 2189; x_wconf 88' lang='lat' dir='ltr'><strong>venatorias</strong></span> <span class='ocrx_word' id='word_1_468' title='bbox 3399 2150 3518 2190; x_wconf 81' lang='lat' dir='ltr'><strong>ma-</strong></span> 
     </span>
    </p>
   </div>
   <div class='ocr_carea' id='block_1_67' title="bbox 1949 2221 3521 2290">
    <p class='ocr_par' dir='ltr' id='par_1_67' title="bbox 1949 2221 3521 2290">
     <span class='ocr_line' id='line_1_67' title="bbox 1949 2221 3521 2290; baseline 0.004 -18"><span class='ocrx_word' id='word_1_469' title='bbox 1949 2221 2142 2275; x_wconf 86' lang='lat' dir='ltr'><strong>chinas</strong></span> <span class='ocrx_word' id='word_1_470' title='bbox 2178 2221 2442 2290; x_wconf 80' lang='lat' dir='ltr'><strong>deﬁgunt,</strong></span> <span class='ocrx_word' id='word_1_471' title='bbox 2484 2223 2810 2277; x_wconf 86' lang='lat' dir='ltr'><strong>insidiarum</strong></span> <span class='ocrx_word' id='word_1_472' title='bbox 2872 2223 3094 2278; x_wconf 82' lang='lat' dir='ltr'><strong>fraudes</strong></span> <span class='ocrx_word' id='word_1_473' title='bbox 3127 2224 3393 2279; x_wconf 89' lang='lat' dir='ltr'><strong>molimini</strong></span> <span class='ocrx_word' id='word_1_474' title='bbox 3425 2226 3521 2279; x_wconf 84' lang='lat' dir='ltr'><strong>ad-</strong></span> 
     </span>
    </p>
   </div>
   <div class='ocr_carea' id='block_1_68' title="bbox 1956 2313 3522 2382">
    <p class='ocr_par' dir='ltr' id='par_1_68' title="bbox 1956 2313 3522 2382">
     <span class='ocr_line' id='line_1_68' title="bbox 1956 2313 3522 2382; baseline 0.004 -20"><span class='ocrx_word' id='word_1_475' title='bbox 1956 2326 2146 2366; x_wconf 82' lang='lat' dir='ltr'><strong>versus</strong></span> <span class='ocrx_word' id='word_1_476' title='bbox 2185 2313 2481 2382; x_wconf 84' lang='lat' dir='ltr'><strong>prOphetas</strong></span> <span class='ocrx_word' id='word_1_477' title='bbox 2529 2322 2726 2367; x_wconf 66' lang='lat' dir='ltr'><strong>vestrm</strong></span> <span class='ocrx_word' id='word_1_478' title='bbox 2766 2314 2962 2368; x_wconf 91' lang='lat' dir='ltr'><strong>salutis</strong></span> <span class='ocrx_word' id='word_1_479' title='bbox 3002 2329 3170 2368; x_wconf 87' lang='lat' dir='ltr'><strong>causa</strong></span> <span class='ocrx_word' id='word_1_480' title='bbox 3207 2330 3238 2366; x_wconf 91' lang='lat' dir='ltr'><strong>a</strong></span> <span class='ocrx_word' id='word_1_481' title='bbox 3269 2330 3359 2368; x_wconf 86' lang='lat' dir='ltr'><strong>me</strong></span> <span class='ocrx_word' id='word_1_482' title='bbox 3389 2315 3522 2369; x_wconf 86' lang='lat' dir='ltr'><strong>mis-</strong></span> 
     </span>
    </p>
   </div>
   <div class='ocr_carea' id='block_1_69' title="bbox 1951 2401 3518 2476">
    <p class='ocr_par' dir='ltr' id='par_1_69' title="bbox 1951 2401 3518 2476">
     <span class='ocr_line' id='line_1_69' title="bbox 1951 2401 3518 2476; baseline 0.003 -19"><span class='ocrx_word' id='word_1_483' title='bbox 1951 2418 2065 2458; x_wconf 90' lang='lat' dir='ltr'><strong>sos.</strong></span> <span class='ocrx_word' id='word_1_484' title='bbox 2132 2401 2558 2470; x_wconf 77' lang='lat' dir='ltr'><strong>Speculatiouem</strong></span> <span class='ocrx_word' id='word_1_485' title='bbox 2627 2406 2771 2459; x_wconf 89' lang='lat' dir='ltr'><strong>enim</strong></span> <span class='ocrx_word' id='word_1_486' title='bbox 2844 2403 3237 2476; x_wconf 70' lang='lat' dir='ltr'><strong>prophetarum</strong></span> <span class='ocrx_word' id='word_1_487' title='bbox 3315 2415 3518 2461; x_wconf 72' lang='lat' dir='ltr'><strong>coetum</strong></span> 
     </span>
    </p>
   </div>
   <div class='ocr_carea' id='block_1_70' title="bbox 1951 2492 3520 2565">
    <p class='ocr_par' dir='ltr' id='par_1_70' title="bbox 1951 2492 3520 2565">
     <span class='ocr_line' id='line_1_70' title="bbox 1951 2492 3520 2565; baseline 0.002 -18"><span class='ocrx_word' id='word_1_488' title='bbox 1951 2501 2131 2547; x_wconf 80' lang='lat' dir='ltr'><strong>vocat.</strong></span> <span class='ocrx_word' id='word_1_489' title='bbox 2168 2492 2445 2548; x_wconf 84' lang='lat' dir='ltr'><strong>Ezecbieli</strong></span> <span class='ocrx_word' id='word_1_490' title='bbox 2473 2496 2620 2548; x_wconf 87' lang='lat' dir='ltr'><strong>enim</strong></span> <span class='ocrx_word' id='word_1_491' title='bbox 2652 2494 2794 2548; x_wconf 78' lang='lat' dir='ltr'><strong>dixit</strong></span> <span class='ocrx_word' id='word_1_492' title='bbox 2833 2513 2846 2548; x_wconf 89' lang='lat'>:</span> <span class='ocrx_word' id='word_1_493' title='bbox 2892 2513 2909 2546; x_wconf 86' lang='grc' dir='ltr'>ι</span> <span class='ocrx_word' id='word_1_494' title='bbox 2941 2495 3358 2565; x_wconf 87' lang='lat' dir='ltr'><strong>Speculatorem</strong></span> <span class='ocrx_word' id='word_1_495' title='bbox 3391 2496 3520 2551; x_wconf 91' lang='lat' dir='ltr'><strong>dedi</strong></span> 
     </span>
    </p>
   </div>
   <div class='ocr_carea' id='block_1_71' title="bbox 1950 2583 3517 2654">
    <p class='ocr_par' dir='ltr' id='par_1_71' title="bbox 1950 2583 3517 2654">
     <span class='ocr_line' id='line_1_71' title="bbox 1950 2583 3517 2654; baseline 0.001 -18"><span class='ocrx_word' id='word_1_496' title='bbox 1950 2593 2002 2636; x_wconf 86' lang='lat' dir='ltr'><strong>te</strong></span> <span class='ocrx_word' id='word_1_497' title='bbox 2051 2583 2236 2637; x_wconf 86' lang='lat' dir='ltr'><strong>domui</strong></span> <span class='ocrx_word' id='word_1_498' title='bbox 2301 2585 2523 2637; x_wconf 79' lang='lat' dir='ltr'><strong>lsraelis</strong></span> <span class='ocrx_word' id='word_1_499' title='bbox 2547 2592 2596 2636; x_wconf 69' lang='grc' dir='ltr'>γ.</span> <span class='ocrx_word' id='word_1_500' title='bbox 2643 2603 2660 2634; x_wconf 74' lang='grc' dir='ltr'>ι</span> <span class='ocrx_word' id='word_1_501' title='bbox 2729 2583 2808 2654; x_wconf 78' lang='grc'><strong>[5]</strong></span> <span class='ocrx_word' id='word_1_502' title='bbox 2863 2583 2992 2637; x_wconf 82' lang='lat' dir='ltr'><strong>Eam</strong></span> <span class='ocrx_word' id='word_1_503' title='bbox 3047 2586 3119 2639; x_wconf 88' lang='lat' dir='ltr'><strong>ob</strong></span> <span class='ocrx_word' id='word_1_504' title='bbox 3182 2600 3296 2639; x_wconf 90' lang='lat' dir='ltr'><strong>rem</strong></span> <span class='ocrx_word' id='word_1_505' title='bbox 3347 2585 3517 2638; x_wconf 87' lang='lat' dir='ltr'><strong>dicit:</strong></span> 
     </span>
    </p>
   </div>
   <div class='ocr_carea' id='block_1_72' title="bbox 1954 2673 3522 2744">
    <p class='ocr_par' dir='ltr' id='par_1_72' title="bbox 1954 2673 3522 2744">
     <span class='ocr_line' id='line_1_72' title="bbox 1954 2673 3522 2744; baseline 0.002 -18"><span class='ocrx_word' id='word_1_506' title='bbox 1954 2673 2242 2741; x_wconf 83' lang='lat' dir='ltr'><strong>Ephraimo</strong></span> <span class='ocrx_word' id='word_1_507' title='bbox 2275 2683 2327 2727; x_wconf 77' lang='lat' dir='ltr'><strong>et</strong></span> <span class='ocrx_word' id='word_1_508' title='bbox 2357 2673 2574 2736; x_wconf 81' lang='lat' dir='ltr'><strong>Israeli,</strong></span> <span class='ocrx_word' id='word_1_509' title='bbox 2610 2674 2663 2727; x_wconf 89' lang='lat' dir='ltr'><strong>id</strong></span> <span class='ocrx_word' id='word_1_510' title='bbox 2697 2684 2802 2736; x_wconf 86' lang='lat' dir='ltr'><strong>est,</strong></span> <span class='ocrx_word' id='word_1_511' title='bbox 2849 2674 3000 2728; x_wconf 88' lang='lat' dir='ltr'><strong>omni</strong></span> <span class='ocrx_word' id='word_1_512' title='bbox 3065 2675 3293 2744; x_wconf 88' lang='lat' dir='ltr'><strong>populo,</strong></span> <span class='ocrx_word' id='word_1_513' title='bbox 3331 2689 3522 2729; x_wconf 85' lang='lat' dir='ltr'><strong>corre-</strong></span> 
     </span>
    </p>
   </div>
   <div class='ocr_carea' id='block_1_73' title="bbox 1949 2763 3537 2843">
    <p class='ocr_par' dir='ltr' id='par_1_73' title="bbox 1949 2763 3537 2843">
     <span class='ocr_line' id='line_1_73' title="bbox 1949 2763 3537 2843; baseline -0.001 -24"><span class='ocrx_word' id='word_1_514' title='bbox 1949 2765 2186 2819; x_wconf 89' lang='lat' dir='ltr'><strong>ctionem</strong></span> <span class='ocrx_word' id='word_1_515' title='bbox 2233 2764 2489 2818; x_wconf 84' lang='lat' dir='ltr'><strong>inferam.</strong></span> <span class='ocrx_word' id='word_1_516' title='bbox 2525 2763 2738 2818; x_wconf 81' lang='lat' dir='ltr'><strong>Etenim</strong></span> <span class='ocrx_word' id='word_1_517' title='bbox 2797 2764 3112 2819; x_wconf 83' lang='lat' dir='ltr'><strong>fornicatus</strong></span> <span class='ocrx_word' id='word_1_518' title='bbox 3151 2775 3237 2819; x_wconf 88' lang='lat' dir='ltr'><strong>est</strong></span> <span class='ocrx_word' id='word_1_519' title='bbox 3271 2772 3325 2820; x_wconf 91' lang='lat' dir='ltr'><strong>et</strong></span> <span class='ocrx_word' id='word_1_520' title='bbox 3365 2778 3537 2843; x_wconf 88' lang='lat' dir='ltr'><strong>com-_</strong></span> 
     </span>
    </p>
   </div>
   <div class='ocr_carea' id='block_1_74' title="bbox 1951 2854 3260 2920">
    <p class='ocr_par' dir='ltr' id='par_1_74' title="bbox 1951 2854 3260 2920">
     <span class='ocr_line' id='line_1_74' title="bbox 1951 2854 3260 2920; baseline 0.003 -10"><span class='ocrx_word' id='word_1_521' title='bbox 1951 2857 2258 2910; x_wconf 86' lang='lat' dir='ltr'><strong>maculatus</strong></span> <span class='ocrx_word' id='word_1_522' title='bbox 2293 2864 2400 2920; x_wconf 87' lang='lat' dir='ltr'><strong>est,</strong></span> <span class='ocrx_word' id='word_1_523' title='bbox 2433 2871 2557 2909; x_wconf 90' lang='lat' dir='ltr'><strong>cum</strong></span> <span class='ocrx_word' id='word_1_524' title='bbox 2589 2854 2851 2910; x_wconf 86' lang='lat' dir='ltr'><strong>defecerit</strong></span> <span class='ocrx_word' id='word_1_525' title='bbox 2875 2870 2905 2908; x_wconf 88' lang='lat' dir='ltr'><strong>a</strong></span> <span class='ocrx_word' id='word_1_526' title='bbox 2929 2857 3080 2911; x_wconf 90' lang='lat' dir='ltr'><strong>cultu</strong></span> <span class='ocrx_word' id='word_1_527' title='bbox 3117 2871 3260 2914; x_wconf 85' lang='lat' dir='ltr'><strong>meo.</strong></span> 
     </span>
    </p>
   </div>
   <div class='ocr_carea' id='block_1_75' title="bbox 2027 3036 3521 3106">
    <p class='ocr_par' dir='ltr' id='par_1_75' title="bbox 2027 3036 3521 3106">
     <span class='ocr_line' id='line_1_75' title="bbox 2027 3036 3521 3106; baseline 0.003 -19"><span class='ocrx_word' id='word_1_528' title='bbox 2027 3038 2192 3092; x_wconf 68' lang='lat' dir='ltr'><strong>Vens.</strong></span> <span class='ocrx_word' id='word_1_529' title='bbox 2223 3038 2274 3092; x_wconf 72' lang='grc'>4.</span> <span class='ocrx_word' id='word_1_530' title='bbox 2319 3038 2447 3090; x_wconf 81' lang='grc' dir='ltr'><strong>(ἘΙ.</strong></span> <span class='ocrx_word' id='word_1_531' title='bbox 2483 3054 2590 3092; x_wconf 91' lang='lat' dir='ltr'><strong>non</strong></span> <span class='ocrx_word' id='word_1_532' title='bbox 2618 3036 2887 3092; x_wconf 86' lang='lat' dir='ltr'><strong>dederunt</strong></span> <span class='ocrx_word' id='word_1_533' title='bbox 2937 3037 3307 3106; x_wconf 80' lang='lat' dir='ltr'><strong>cogitationes</strong></span> <span class='ocrx_word' id='word_1_534' title='bbox 3364 3051 3521 3100; x_wconf 86' lang='lat' dir='ltr'><strong>suas,</strong></span> 
     </span>
    </p>
   </div>
   <div class='ocr_carea' id='block_1_76' title="bbox 1956 3126 3523 3196">
    <p class='ocr_par' dir='ltr' id='par_1_76' title="bbox 1956 3126 3523 3196">
     <span class='ocr_line' id='line_1_76' title="bbox 1956 3126 3523 3196; baseline -0.003 -12"><span class='ocrx_word' id='word_1_535' title='bbox 1956 3141 2017 3184; x_wconf 91' lang='lat' dir='ltr'><strong>ut</strong></span> <span class='ocrx_word' id='word_1_536' title='bbox 2052 3137 2463 3185; x_wconf 80' lang='lat' dir='ltr'><strong>reverterentur</strong></span> <span class='ocrx_word' id='word_1_537' title='bbox 2513 3128 2581 3182; x_wconf 88' lang='lat' dir='ltr'><strong>ad</strong></span> <span class='ocrx_word' id='word_1_538' title='bbox 2637 3127 2807 3180; x_wconf 87' lang='lat' dir='ltr'><strong>Deum</strong></span> <span class='ocrx_word' id='word_1_539' title='bbox 2875 3141 3061 3191; x_wconf 89' lang='lat' dir='ltr'><strong>suum,</strong></span> <span class='ocrx_word' id='word_1_540' title='bbox 3111 3126 3240 3196; x_wconf 89' lang='lat' dir='ltr'><strong>quia</strong></span> <span class='ocrx_word' id='word_1_541' title='bbox 3295 3126 3523 3196; x_wconf 84' lang='lat' dir='ltr'><strong>spiritus</strong></span> 
     </span>
    </p>
   </div>
   <div class='ocr_carea' id='block_1_77' title="bbox 1957 3217 3523 3282">
    <p class='ocr_par' dir='ltr' id='par_1_77' title="bbox 1957 3217 3523 3282">
     <span class='ocr_line' id='line_1_77' title="bbox 1957 3217 3523 3282; baseline -0.001 -9"><span class='ocrx_word' id='word_1_542' title='bbox 1957 3221 2344 3276; x_wconf 87' lang='lat' dir='ltr'><strong>fornicationis</strong></span> <span class='ocrx_word' id='word_1_543' title='bbox 2377 3229 2463 3274; x_wconf 89' lang='lat' dir='ltr'><strong>est</strong></span> <span class='ocrx_word' id='word_1_544' title='bbox 2504 3221 2557 3272; x_wconf 88' lang='lat' dir='ltr'><strong>in</strong></span> <span class='ocrx_word' id='word_1_545' title='bbox 2589 3219 2692 3282; x_wconf 89' lang='lat' dir='ltr'><strong>eis,</strong></span> <span class='ocrx_word' id='word_1_546' title='bbox 2722 3217 3014 3272; x_wconf 88' lang='lat' dir='ltr'><strong>Dominum</strong></span> <span class='ocrx_word' id='word_1_547' title='bbox 3049 3226 3234 3271; x_wconf 87' lang='lat' dir='ltr'><strong>autem</strong></span> <span class='ocrx_word' id='word_1_548' title='bbox 3273 3231 3382 3272; x_wconf 92' lang='lat' dir='ltr'><strong>non</strong></span> <span class='ocrx_word' id='word_1_549' title='bbox 3420 3232 3523 3272; x_wconf 90' lang='lat' dir='ltr'><strong>eo-</strong></span> 
     </span>
    </p>
   </div>
   <div class='ocr_carea' id='block_1_78' title="bbox 1953 3309 3522 3381">
    <p class='ocr_par' dir='ltr' id='par_1_78' title="bbox 1953 3309 3522 3381">
     <span class='ocr_line' id='line_1_78' title="bbox 1953 3309 3522 3381; baseline 0 -17"><span class='ocrx_word' id='word_1_550' title='bbox 1953 3321 2276 3381; x_wconf 81' lang='lat' dir='ltr'><strong>gnoverunt.</strong></span> <span class='ocrx_word' id='word_1_551' title='bbox 2322 3331 2340 3364; x_wconf 76' lang='grc' dir='ltr'>ι</span> <span class='ocrx_word' id='word_1_552' title='bbox 2393 3311 2528 3364; x_wconf 84' lang='lat' dir='ltr'><strong>Nam</strong></span> <span class='ocrx_word' id='word_1_553' title='bbox 2578 3325 2704 3364; x_wconf 90' lang='lat' dir='ltr'><strong>eum</strong></span> <span class='ocrx_word' id='word_1_554' title='bbox 2757 3309 3012 3364; x_wconf 90' lang='lat' dir='ltr'><strong>absurdis</strong></span> <span class='ocrx_word' id='word_1_555' title='bbox 3088 3309 3522 3379; x_wconf 82' lang='lat' dir='ltr'><strong>cogitationibus</strong></span> 
     </span>
    </p>
   </div>
   <div class='ocr_carea' id='block_1_79' title="bbox 1955 3398 3523 3466">
    <p class='ocr_par' dir='ltr' id='par_1_79' title="bbox 1955 3398 3523 3466">
     <span class='ocr_line' id='line_1_79' title="bbox 1955 3398 3523 3466; baseline 0.001 -14"><span class='ocrx_word' id='word_1_556' title='bbox 1955 3406 2264 3463; x_wconf 84' lang='lat' dir='ltr'><strong>uterentur,</strong></span> <span class='ocrx_word' id='word_1_557' title='bbox 2291 3413 2320 3452; x_wconf 90' lang='lat' dir='ltr'><strong>a</strong></span> <span class='ocrx_word' id='word_1_558' title='bbox 2355 3414 2481 3452; x_wconf 85' lang='lat' dir='ltr'><strong>vera</strong></span> <span class='ocrx_word' id='word_1_559' title='bbox 2521 3398 2617 3451; x_wconf 91' lang='lat' dir='ltr'><strong>Dei</strong></span> <span class='ocrx_word' id='word_1_560' title='bbox 2643 3398 2872 3453; x_wconf 89' lang='lat' dir='ltr'><strong>notione</strong></span> <span class='ocrx_word' id='word_1_561' title='bbox 2902 3398 3302 3454; x_wconf 87' lang='lat' dir='ltr'><strong>aberraverunt</strong></span> <span class='ocrx_word' id='word_1_562' title='bbox 3325 3439 3342 3466; x_wconf 94' lang='lat'><strong>,</strong></span> <span class='ocrx_word' id='word_1_563' title='bbox 3377 3408 3430 3456; x_wconf 85' lang='lat' dir='ltr'><strong>et</strong></span> <span class='ocrx_word' id='word_1_564' title='bbox 3453 3400 3523 3454; x_wconf 84' lang='lat' dir='ltr'><strong>ad</strong></span> 
     </span>
    </p>
   </div>
   <div class='ocr_carea' id='block_1_80' title="bbox 1953 3487 3524 3560">
    <p class='ocr_par' dir='ltr' id='par_1_80' title="bbox 1953 3487 3524 3560">
     <span class='ocr_line' id='line_1_80' title="bbox 1953 3487 3524 3560; baseline 0.001 -16"><span class='ocrx_word' id='word_1_565' title='bbox 1953 3490 2097 3544; x_wconf 87' lang='lat' dir='ltr'><strong>idola</strong></span> <span class='ocrx_word' id='word_1_566' title='bbox 2143 3490 2371 3544; x_wconf 88' lang='lat' dir='ltr'><strong>colenda</strong></span> <span class='ocrx_word' id='word_1_567' title='bbox 2417 3505 2474 3544; x_wconf 90' lang='lat' dir='ltr'><strong>se</strong></span> <span class='ocrx_word' id='word_1_568' title='bbox 2520 3490 2810 3542; x_wconf 89' lang='lat' dir='ltr'><strong>dederunt.</strong></span> <span class='ocrx_word' id='word_1_569' title='bbox 2871 3487 2947 3560; x_wconf 82' lang='lat'><strong>[5]</strong></span> <span class='ocrx_word' id='word_1_570' title='bbox 3005 3488 3372 3555; x_wconf 82' lang='lat' dir='ltr'><strong>Quamobrem</strong></span> <span class='ocrx_word' id='word_1_571' title='bbox 3423 3506 3524 3560; x_wconf 87' lang='lat' dir='ltr'><strong>pro</strong></span> 
     </span>
    </p>
   </div>
   <div class='ocr_carea' id='block_1_81' title="bbox 1955 3581 3524 3652">
    <p class='ocr_par' dir='ltr' id='par_1_81' title="bbox 1955 3581 3524 3652">
     <span class='ocr_line' id='line_1_81' title="bbox 1955 3581 3524 3652; baseline 0.003 -17"><span class='ocrx_word' id='word_1_572' title='bbox 1955 3582 2056 3635; x_wconf 83' lang='lat' dir='ltr'><strong>huc</strong></span> <span class='ocrx_word' id='word_1_573' title='bbox 2079 3581 2412 3635; x_wconf 86' lang='lat' dir='ltr'><strong>contumelia</strong></span> <span class='ocrx_word' id='word_1_574' title='bbox 2446 3597 2637 3650; x_wconf 75' lang='lat' dir='ltr'><strong>pmnas</strong></span> <span class='ocrx_word' id='word_1_575' title='bbox 2674 3581 2782 3636; x_wconf 89' lang='lat' dir='ltr'><strong>Deo</strong></span> <span class='ocrx_word' id='word_1_576' title='bbox 2807 3583 3038 3645; x_wconf 89' lang='lat' dir='ltr'><strong>dabunt,</strong></span> <span class='ocrx_word' id='word_1_577' title='bbox 3075 3583 3255 3652; x_wconf 88' lang='lat' dir='ltr'><strong>palam</strong></span> <span class='ocrx_word' id='word_1_578' title='bbox 3287 3599 3524 3639; x_wconf 83' lang='lat' dir='ltr'><strong>cernen-</strong></span> 
     </span>
    </p>
   </div>
   <div class='ocr_carea' id='block_1_82' title="bbox 1955 3673 3518 3743">
    <p class='ocr_par' dir='ltr' id='par_1_82' title="bbox 1955 3673 3518 3743">
     <span class='ocr_line' id='line_1_82' title="bbox 1955 3673 3518 3743; baseline 0.001 -16"><span class='ocrx_word' id='word_1_579' title='bbox 1955 3682 2056 3738; x_wconf 85' lang='lat' dir='ltr'><strong>tes,</strong></span> <span class='ocrx_word' id='word_1_580' title='bbox 2093 3673 2271 3743; x_wconf 81' lang='lat' dir='ltr'><strong>qualis</strong></span> <span class='ocrx_word' id='word_1_581' title='bbox 2305 3673 2378 3728; x_wconf 90' lang='lat' dir='ltr'><strong>sit</strong></span> <span class='ocrx_word' id='word_1_582' title='bbox 2419 3674 2724 3742; x_wconf 89' lang='lat' dir='ltr'><strong>impietatis</strong></span> <span class='ocrx_word' id='word_1_583' title='bbox 2754 3673 2992 3730; x_wconf 90' lang='lat' dir='ltr'><strong>fructus.</strong></span> <span class='ocrx_word' id='word_1_584' title='bbox 3026 3674 3140 3729; x_wconf 84' lang='lat' dir='ltr'><strong>Hoc</strong></span> <span class='ocrx_word' id='word_1_585' title='bbox 3161 3676 3306 3730; x_wconf 89' lang='lat' dir='ltr'><strong>enim</strong></span> <span class='ocrx_word' id='word_1_586' title='bbox 3341 3675 3518 3730; x_wconf 82' lang='lat' dir='ltr'><strong>dixit:</strong></span> 
     </span>
    </p>
   </div>
   <div class='ocr_carea' id='block_1_83' title="bbox 1959 3765 3521 3836">
    <p class='ocr_par' dir='ltr' id='par_1_83' title="bbox 1959 3765 3521 3836">
     <span class='ocr_line' id='line_1_83' title="bbox 1959 3765 3521 3836; baseline 0.004 -20"><span class='ocrx_word' id='word_1_587' title='bbox 1959 3784 1978 3816; x_wconf 89' lang='grc' dir='ltr'>ι</span> <span class='ocrx_word' id='word_1_588' title='bbox 2011 3765 2064 3818; x_wconf 90' lang='lat' dir='ltr'><strong>In</strong></span> <span class='ocrx_word' id='word_1_589' title='bbox 2100 3765 2299 3820; x_wconf 88' lang='lat' dir='ltr'><strong>faciem</strong></span> <span class='ocrx_word' id='word_1_590' title='bbox 2331 3766 2452 3834; x_wconf 86' lang='lat' dir='ltr'><strong>ejus</strong></span> <span class='ocrx_word' id='word_1_591' title='bbox 2489 3782 2502 3817; x_wconf 92' lang='lat'>:</span> <span class='ocrx_word' id='word_1_592' title='bbox 2531 3767 2698 3820; x_wconf 90' lang='lat' dir='ltr'><strong>lsrael</strong></span> <span class='ocrx_word' id='word_1_593' title='bbox 2724 3775 2777 3819; x_wconf 90' lang='lat' dir='ltr'><strong>et</strong></span> <span class='ocrx_word' id='word_1_594' title='bbox 2802 3765 3064 3836; x_wconf 86' lang='lat' dir='ltr'><strong>Ephraim</strong></span> <span class='ocrx_word' id='word_1_595' title='bbox 3091 3767 3521 3822; x_wconf 81' lang='lat' dir='ltr'><strong>inlirmabuntur</strong></span> 
     </span>
    </p>
   </div>
   <div class='ocr_carea' id='block_1_84' title="bbox 1953 3857 3520 3927">
    <p class='ocr_par' dir='ltr' id='par_1_84' title="bbox 1953 3857 3520 3927">
     <span class='ocr_line' id='line_1_84' title="bbox 1953 3857 3520 3927; baseline 0.003 -17"><span class='ocrx_word' id='word_1_596' title='bbox 1953 3858 2010 3911; x_wconf 90' lang='lat' dir='ltr'><strong>in</strong></span> <span class='ocrx_word' id='word_1_597' title='bbox 2042 3857 2431 3927; x_wconf 84' lang='lat' dir='ltr'><strong>iniquitatibus</strong></span> <span class='ocrx_word' id='word_1_598' title='bbox 2475 3857 2612 3920; x_wconf 90' lang='lat' dir='ltr'><strong>suis,</strong></span> <span class='ocrx_word' id='word_1_599' title='bbox 2660 3865 2714 3912; x_wconf 84' lang='lat' dir='ltr'><strong>et</strong></span> <span class='ocrx_word' id='word_1_600' title='bbox 2767 3857 3138 3913; x_wconf 84' lang='lat' dir='ltr'><strong>infirmabitur</strong></span> <span class='ocrx_word' id='word_1_601' title='bbox 3196 3857 3337 3914; x_wconf 81' lang='lat' dir='ltr'><strong>Juda</strong></span> <span class='ocrx_word' id='word_1_602' title='bbox 3391 3874 3520 3914; x_wconf 86' lang='lat' dir='ltr'><strong>cum</strong></span> 
     </span>
    </p>
   </div>
   <div class='ocr_carea' id='block_1_85' title="bbox 1952 3948 3521 4019">
    <p class='ocr_par' dir='ltr' id='par_1_85' title="bbox 1952 3948 3521 4019">
     <span class='ocr_line' id='line_1_85' title="bbox 1952 3948 3521 4019; baseline 0.001 -16"><span class='ocrx_word' id='word_1_603' title='bbox 1952 3949 2055 4003; x_wconf 89' lang='lat' dir='ltr'><strong>eis.</strong></span> <span class='ocrx_word' id='word_1_604' title='bbox 2096 3967 2115 3999; x_wconf 74' lang='grc' dir='ltr'>ι</span> <span class='ocrx_word' id='word_1_605' title='bbox 2148 3948 2288 4014; x_wconf 88' lang='lat' dir='ltr'><strong>Quia</strong></span> <span class='ocrx_word' id='word_1_606' title='bbox 2322 3949 2508 4003; x_wconf 90' lang='lat' dir='ltr'><strong>decem</strong></span> <span class='ocrx_word' id='word_1_607' title='bbox 2541 3949 2720 4003; x_wconf 87' lang='lat' dir='ltr'><strong>tribus</strong></span> <span class='ocrx_word' id='word_1_608' title='bbox 2767 3950 2978 4018; x_wconf 81' lang='lat' dir='ltr'><strong>priores</strong></span> <span class='ocrx_word' id='word_1_609' title='bbox 3029 3950 3082 4002; x_wconf 93' lang='lat' dir='ltr'><strong>in</strong></span> <span class='ocrx_word' id='word_1_610' title='bbox 3143 3950 3521 4019; x_wconf 85' lang='lat' dir='ltr'><strong>captivitatem</strong></span> 
     </span>
    </p>
   </div>
   <div class='ocr_carea' id='block_1_86' title="bbox 1952 4040 3521 4111">
    <p class='ocr_par' dir='ltr' id='par_1_86' title="bbox 1952 4040 3521 4111">
     <span class='ocr_line' id='line_1_86' title="bbox 1952 4040 3521 4111; baseline 0.001 -16"><span class='ocrx_word' id='word_1_611' title='bbox 1952 4048 2006 4095; x_wconf 90' lang='lat' dir='ltr'><strong>et</strong></span> <span class='ocrx_word' id='word_1_612' title='bbox 2047 4041 2372 4096; x_wconf 86' lang='lat' dir='ltr'><strong>servitutem</strong></span> <span class='ocrx_word' id='word_1_613' title='bbox 2423 4042 2671 4094; x_wconf 78' lang='lat' dir='ltr'><strong>abductae</strong></span> <span class='ocrx_word' id='word_1_614' title='bbox 2704 4040 2943 4104; x_wconf 81' lang='lat' dir='ltr'><strong>fuerunt,</strong></span> <span class='ocrx_word' id='word_1_615' title='bbox 2975 4041 3098 4110; x_wconf 89' lang='lat' dir='ltr'><strong>jure</strong></span> <span class='ocrx_word' id='word_1_616' title='bbox 3141 4042 3294 4111; x_wconf 89' lang='lat' dir='ltr'><strong>prius</strong></span> <span class='ocrx_word' id='word_1_617' title='bbox 3332 4056 3521 4096; x_wconf 86' lang='lat' dir='ltr'><strong>earum</strong></span> 
     </span>
    </p>
   </div>
   <div class='ocr_carea' id='block_1_87' title="bbox 1955 4131 3524 4202">
    <p class='ocr_par' dir='ltr' id='par_1_87' title="bbox 1955 4131 3524 4202">
     <span class='ocr_line' id='line_1_87' title="bbox 1955 4131 3524 4202; baseline 0 -16"><span class='ocrx_word' id='word_1_618' title='bbox 1955 4134 2223 4196; x_wconf 85' lang='lat' dir='ltr'><strong>meminit,</strong></span> <span class='ocrx_word' id='word_1_619' title='bbox 2282 4131 2458 4186; x_wconf 78' lang='lat' dir='ltr'><strong>Israel</strong></span> <span class='ocrx_word' id='word_1_620' title='bbox 2510 4149 2603 4187; x_wconf 87' lang='lat' dir='ltr'><strong>eas</strong></span> <span class='ocrx_word' id='word_1_621' title='bbox 2655 4134 2962 4202; x_wconf 86' lang='lat' dir='ltr'><strong>appellans,</strong></span> <span class='ocrx_word' id='word_1_622' title='bbox 2996 4142 3048 4186; x_wconf 91' lang='lat' dir='ltr'><strong>et</strong></span> <span class='ocrx_word' id='word_1_623' title='bbox 3085 4134 3340 4200; x_wconf 84' lang='lat' dir='ltr'><strong>Ephraim</strong></span> <span class='ocrx_word' id='word_1_624' title='bbox 3373 4149 3391 4186; x_wconf 90' lang='lat'><strong><em>:</em></strong></span> <span class='ocrx_word' id='word_1_625' title='bbox 3425 4132 3524 4187; x_wconf 86' lang='lat' dir='ltr'><strong>Ju-</strong></span> 
     </span>
    </p>
   </div>
   <div class='ocr_carea' id='block_1_88' title="bbox 1955 4222 3523 4291">
    <p class='ocr_par' dir='ltr' id='par_1_88' title="bbox 1955 4222 3523 4291">
     <span class='ocr_line' id='line_1_88' title="bbox 1955 4222 3523 4291; baseline -0.001 -16"><span class='ocrx_word' id='word_1_626' title='bbox 1955 4222 2080 4275; x_wconf 90' lang='lat' dir='ltr'><strong>dam</strong></span> <span class='ocrx_word' id='word_1_627' title='bbox 2115 4238 2244 4276; x_wconf 84' lang='lat' dir='ltr'><strong>vero</strong></span> <span class='ocrx_word' id='word_1_628' title='bbox 2285 4234 2430 4275; x_wconf 88' lang='lat' dir='ltr'><strong>recte</strong></span> <span class='ocrx_word' id='word_1_629' title='bbox 2464 4223 2658 4275; x_wconf 90' lang='lat' dir='ltr'><strong>ultimo</strong></span> <span class='ocrx_word' id='word_1_630' title='bbox 2694 4223 2815 4276; x_wconf 89' lang='lat' dir='ltr'><strong>loco</strong></span> <span class='ocrx_word' id='word_1_631' title='bbox 2850 4223 3068 4290; x_wconf 87' lang='lat' dir='ltr'><strong>posuit,</strong></span> <span class='ocrx_word' id='word_1_632' title='bbox 3102 4223 3361 4290; x_wconf 80' lang='lat' dir='ltr'><strong>quoniam</strong></span> <span class='ocrx_word' id='word_1_633' title='bbox 3396 4230 3523 4291; x_wconf 85' lang='lat' dir='ltr'><strong>post</strong></span> 
     </span>
    </p>
   </div>
   <div class='ocr_carea' id='block_1_89' title="bbox 1956 4312 3523 4383">
    <p class='ocr_par' dir='ltr' id='par_1_89' title="bbox 1956 4312 3523 4383">
     <span class='ocr_line' id='line_1_89' title="bbox 1956 4312 3523 4383; baseline 0 -17"><span class='ocrx_word' id='word_1_634' title='bbox 1956 4313 2078 4367; x_wconf 86' lang='lat' dir='ltr'><strong>illos</strong></span> <span class='ocrx_word' id='word_1_635' title='bbox 2135 4313 2347 4382; x_wconf 66' lang='grc'><strong>1334.</strong></span> <span class='ocrx_word' id='word_1_636' title='bbox 2398 4314 2757 4368; x_wconf 79' lang='lat' dir='ltr'><strong>servitutem&#39;</strong></span> <span class='ocrx_word' id='word_1_637' title='bbox 2805 4312 3087 4366; x_wconf 88' lang='lat' dir='ltr'><strong>sustinuit.</strong></span> <span class='ocrx_word' id='word_1_638' title='bbox 3146 4312 3222 4383; x_wconf 83' lang='lat'><strong>[6]</strong></span> <span class='ocrx_word' id='word_1_639' title='bbox 3261 4312 3394 4367; x_wconf 88' lang='lat' dir='ltr'><strong>Post</strong></span> <span class='ocrx_word' id='word_1_640' title='bbox 3453 4329 3523 4367; x_wconf 82' lang='lat' dir='ltr'><strong>ea</strong></span> 
     </span>
    </p>
   </div>
   <div class='ocr_carea' id='block_1_90' title="bbox 269 4402 1845 4494">
    <p class='ocr_par' dir='ltr' id='par_1_90' title="bbox 269 4407 1845 4479">
     <span class='ocr_line' id='line_1_90' title="bbox 269 4407 1845 4479; baseline 0 -19"><span class='ocrx_word' id='word_1_641' title='bbox 269 4407 487 4470; x_wconf 83' lang='grc' dir='ltr'>δάσκει,</span> <span class='ocrx_word' id='word_1_642' title='bbox 543 4409 687 4472; x_wconf 83' lang='grc' dir='ltr'>ὅπως</span> <span class='ocrx_word' id='word_1_643' title='bbox 729 4409 869 4461; x_wconf 87' lang='grc' dir='ltr'><strong>κατά</strong></span> <span class='ocrx_word' id='word_1_644' title='bbox 921 4410 1115 4462; x_wconf 78' lang='grc' dir='ltr'>ταύτὸν</span> <span class='ocrx_word' id='word_1_645' title='bbox 1167 4411 1398 4479; x_wconf 81' lang='grc' dir='ltr'>μόσχους</span> <span class='ocrx_word' id='word_1_646' title='bbox 1449 4410 1723 4474; x_wconf 80' lang='grc' dir='ltr'>λαϐόντες,</span> <span class='ocrx_word' id='word_1_647' title='bbox 1756 4409 1845 4460; x_wconf 62' lang='grc' dir='ltr'>καὶ</span> 
     </span>
    </p>
   </div>
   <div class='ocr_carea' id='block_1_91' title="bbox 1958 4402 3523 4494">
    <p class='ocr_par' dir='ltr' id='par_1_91' title="bbox 1958 4402 3523 4459">
     <span class='ocr_line' id='line_1_91' title="bbox 1958 4402 3523 4459; baseline 0 -3"><span class='ocrx_word' id='word_1_648' title='bbox 1958 4404 2119 4456; x_wconf 87' lang='lat' dir='ltr'><strong>docet</strong></span> <span class='ocrx_word' id='word_1_649' title='bbox 2151 4403 2267 4456; x_wconf 86' lang='lat' dir='ltr'><strong>fore</strong></span> <span class='ocrx_word' id='word_1_650' title='bbox 2301 4413 2361 4456; x_wconf 88' lang='lat' dir='ltr'><strong>ut</strong></span> <span class='ocrx_word' id='word_1_651' title='bbox 2397 4404 2560 4457; x_wconf 90' lang='lat' dir='ltr'><strong>simul</strong></span> <span class='ocrx_word' id='word_1_652' title='bbox 2597 4403 2806 4456; x_wconf 76' lang='lat' dir='ltr'><strong>vitulos</strong></span> <span class='ocrx_word' id='word_1_653' title='bbox 2849 4409 3068 4456; x_wconf 88' lang='lat' dir='ltr'><strong>sumant</strong></span> <span class='ocrx_word' id='word_1_654' title='bbox 3103 4412 3158 4456; x_wconf 92' lang='lat' dir='ltr'><strong>et</strong></span> <span class='ocrx_word' id='word_1_655' title='bbox 3190 4402 3386 4457; x_wconf 86' lang='lat' dir='ltr'><strong>ovibus</strong></span> <span class='ocrx_word' id='word_1_656' title='bbox 3429 4418 3523 4459; x_wconf 85' lang='lat' dir='ltr'><strong>sa-</strong></span> 
     </span>
    </p>
   </div>
   <div class='ocr_carea' id='block_1_92' title="bbox 271 4496 1846 4569">
    <p class='ocr_par' dir='ltr' id='par_1_92' title="bbox 271 4496 1846 4569">
     <span class='ocr_line' id='line_1_92' title="bbox 271 4496 1846 4569; baseline 0.001 -19"><span class='ocrx_word' id='word_1_657' title='bbox 271 4496 545 4568; x_wconf 86' lang='grc' dir='ltr'>πρόϐατα,</span> <span class='ocrx_word' id='word_1_658' title='bbox 598 4498 787 4560; x_wconf 88' lang='grc' dir='ltr'>θυσίας</span> <span class='ocrx_word' id='word_1_659' title='bbox 838 4501 1240 4553; x_wconf 83' lang='grc' dir='ltr'>ἐπιτελέσουσιν</span> <span class='ocrx_word' id='word_1_660' title='bbox 1287 4501 1331 4530; x_wconf 78' lang='grc' dir='ltr'><strong>³ο</strong></span> <span class='ocrx_word' id='word_1_661' title='bbox 1364 4500 1717 4569; x_wconf 78' lang='grc' dir='ltr'>ἐκζητοῦντες</span> <span class='ocrx_word' id='word_1_662' title='bbox 1757 4499 1846 4552; x_wconf 88' lang='grc' dir='ltr'><strong>τὸν</strong></span> 
     </span>
    </p>
   </div>
   <div class='ocr_carea' id='block_1_93' title="bbox 269 4587 1847 4660">
    <p class='ocr_par' dir='ltr' id='par_1_93' title="bbox 269 4587 1847 4660">
     <span class='ocr_line' id='line_1_93' title="bbox 269 4587 1847 4660; baseline 0 -18"><span class='ocrx_word' id='word_1_663' title='bbox 269 4587 502 4657; x_wconf 81' lang='grc' dir='ltr'>Κύριον,</span> <span class='ocrx_word' id='word_1_664' title='bbox 534 4589 629 4640; x_wconf 76' lang='grc' dir='ltr'><strong>καὶ</strong></span> <span class='ocrx_word' id='word_1_665' title='bbox 663 4591 724 4642; x_wconf 84' lang='grc' dir='ltr'><strong>ού</strong></span> <span class='ocrx_word' id='word_1_666' title='bbox 773 4590 849 4660; x_wconf 81' lang='grc' dir='ltr'>μὴ</span> <span class='ocrx_word' id='word_1_667' title='bbox 899 4589 1131 4660; x_wconf 76' lang='grc' dir='ltr'>εὕρωσιν</span> <span class='ocrx_word' id='word_1_668' title='bbox 1161 4591 1321 4644; x_wconf 78' lang='grc' dir='ltr'>αὐτόν</span> <span class='ocrx_word' id='word_1_669' title='bbox 1347 4609 1359 4621; x_wconf 88' lang='grc'><strong>·</strong></span> <span class='ocrx_word' id='word_1_670' title='bbox 1415 4591 1702 4644; x_wconf 83' lang='grc' dir='ltr'>ἐκκέκλικε</span> <span class='ocrx_word' id='word_1_671' title='bbox 1739 4591 1847 4660; x_wconf 84' lang='grc' dir='ltr'><strong>γάρ</strong></span> 
     </span>
    </p>
   </div>
   <div class='ocr_carea' id='block_1_94' title="bbox 266 4679 1660 4753">
    <p class='ocr_par' dir='ltr' id='par_1_94' title="bbox 266 4679 1660 4753">
     <span class='ocr_line' id='line_1_94' title="bbox 266 4679 1660 4753; baseline 0 -19"><span class='ocrx_word' id='word_1_672' title='bbox 266 4679 368 4734; x_wconf 80' lang='grc' dir='ltr'>ἀπ’</span> <span class='ocrx_word' id='word_1_673' title='bbox 391 4680 588 4736; x_wconf 78' lang='grc' dir='ltr'>αὐτῶν.</span> <span class='ocrx_word' id='word_1_674' title='bbox 619 4680 726 4736; x_wconf 79' lang='grc' dir='ltr'>Καὶ</span> <span class='ocrx_word' id='word_1_675' title='bbox 747 4680 844 4752; x_wconf 81' lang='grc' dir='ltr'>τὴν</span> <span class='ocrx_word' id='word_1_676' title='bbox 884 4683 1060 4736; x_wconf 89' lang='grc' dir='ltr'>αίτίαν</span> <span class='ocrx_word' id='word_1_677' title='bbox 1088 4683 1320 4749; x_wconf 84' lang='grc' dir='ltr'>δεικνὺς,</span> <span class='ocrx_word' id='word_1_678' title='bbox 1353 4683 1660 4753; x_wconf 81' lang='grc' dir='ltr'>ἐπήγαγεν’</span> 
     </span>
    </p>
   </div>
   <div class='ocr_carea' id='block_1_95' title="bbox 341 4769 1848 4845">
    <p class='ocr_par' dir='ltr' id='par_1_95' title="bbox 341 4769 1848 4845">
     <span class='ocr_line' id='line_1_95' title="bbox 341 4769 1848 4845; baseline 0.002 -21"><span class='ocrx_word' id='word_1_679' title='bbox 341 4769 408 4833; x_wconf 78' lang='grc' dir='ltr'><strong>ζ’.</strong></span> <span class='ocrx_word' id='word_1_680' title='bbox 437 4789 456 4820; x_wconf 83' lang='grc' dir='ltr'>ι</span> <span class='ocrx_word' id='word_1_681' title='bbox 482 4771 598 4824; x_wconf 84' lang='grc' dir='ltr'>Ὀτι</span> <span class='ocrx_word' id='word_1_682' title='bbox 634 4771 724 4824; x_wconf 92' lang='grc' dir='ltr'><strong>τὸν</strong></span> <span class='ocrx_word' id='word_1_683' title='bbox 745 4772 950 4844; x_wconf 83' lang='grc' dir='ltr'>Κύριον</span> <span class='ocrx_word' id='word_1_684' title='bbox 966 4776 1342 4842; x_wconf 81' lang='grc' dir='ltr'>ἐγκατέλιπον.</span> <span class='ocrx_word' id='word_1_685' title='bbox 1372 4794 1390 4826; x_wconf 77' lang='grc' dir='ltr'>ι</span> <span class='ocrx_word' id='word_1_686' title='bbox 1421 4775 1531 4827; x_wconf 76' lang='grc' dir='ltr'><strong>Καὶ</strong></span> <span class='ocrx_word' id='word_1_687' title='bbox 1563 4775 1644 4827; x_wconf 85' lang='grc' dir='ltr'><strong>ὅτι</strong></span> <span class='ocrx_word' id='word_1_688' title='bbox 1669 4791 1848 4845; x_wconf 78' lang='grc' dir='ltr'>παρα-</span> 
     </span>
    </p>
   </div>
   <div class='ocr_carea' id='block_1_96' title="bbox 266 4859 1846 4933">
    <p class='ocr_par' dir='ltr' id='par_1_96' title="bbox 266 4859 1846 4933">
     <span class='ocr_line' id='line_1_96' title="bbox 266 4859 1846 4933; baseline 0.003 -19"><span class='ocrx_word' id='word_1_689' title='bbox 266 4859 454 4931; x_wconf 86' lang='grc' dir='ltr'>νόμως</span> <span class='ocrx_word' id='word_1_690' title='bbox 492 4862 824 4932; x_wconf 81' lang='grc' dir='ltr'>ἀλλοφύλους</span> <span class='ocrx_word' id='word_1_691' title='bbox 887 4865 1143 4928; x_wconf 88' lang='grc' dir='ltr'>λαϐόντες</span> <span class='ocrx_word' id='word_1_692' title='bbox 1194 4869 1480 4933; x_wconf 81' lang='grc' dir='ltr'>γυναῖκας,</span> <span class='ocrx_word' id='word_1_693' title='bbox 1521 4865 1580 4929; x_wconf 86' lang='grc' dir='ltr'>ἐξ</span> <span class='ocrx_word' id='word_1_694' title='bbox 1625 4867 1846 4919; x_wconf 89' lang='grc' dir='ltr'>ἐκείνων</span> 
     </span>
    </p>
   </div>
   <div class='ocr_carea' id='block_1_97' title="bbox 262 4952 1844 5028">
    <p class='ocr_par' dir='ltr' id='par_1_97' title="bbox 262 4952 1844 5028">
     <span class='ocr_line' id='line_1_97' title="bbox 262 4952 1844 5028; baseline 0.009 -22"><span class='ocrx_word' id='word_1_695' title='bbox 262 4952 733 5024; x_wconf 76' lang='grc' dir='ltr'>ἐπαιδοποίησαν·</span> <span class='ocrx_word' id='word_1_696' title='bbox 787 4956 945 5011; x_wconf 77' lang='grc' dir='ltr'>τοῦτο</span> <span class='ocrx_word' id='word_1_697' title='bbox 991 4957 1098 5027; x_wconf 76' lang='grc' dir='ltr'><strong>γὰρ</strong></span> <span class='ocrx_word' id='word_1_698' title='bbox 1161 4957 1431 5027; x_wconf 85' lang='grc' dir='ltr'>ἐδήλωσεν</span> <span class='ocrx_word' id='word_1_699' title='bbox 1479 4959 1522 4990; x_wconf 74' lang='grc' dir='ltr'>’ί</span> <span class='ocrx_word' id='word_1_700' title='bbox 1572 4957 1844 5028; x_wconf 77' lang='grc' dir='ltr'>εἰρηκώς⁹</span> 
     </span>
    </p>
   </div>
   <div class='ocr_carea' id='block_1_98' title="bbox 272 5045 1843 5120">
    <p class='ocr_par' dir='ltr' id='par_1_98' title="bbox 272 5045 1843 5120">
     <span class='ocr_line' id='line_1_98' title="bbox 272 5045 1843 5120; baseline 0.004 -23"><span class='ocrx_word' id='word_1_701' title='bbox 272 5061 296 5097; x_wconf 67' lang='grc' dir='ltr'><strong><em>ι</em></strong></span> <span class='ocrx_word' id='word_1_702' title='bbox 334 5045 457 5098; x_wconf 87' lang='grc' dir='ltr'>Ὅτι</span> <span class='ocrx_word' id='word_1_703' title='bbox 498 5045 665 5100; x_wconf 84' lang='grc' dir='ltr'>τέκνα</span> <span class='ocrx_word' id='word_1_704' title='bbox 723 5048 980 5120; x_wconf 86' lang='grc' dir='ltr'>ἀλλότρια</span> <span class='ocrx_word' id='word_1_705' title='bbox 1039 5051 1405 5120; x_wconf 78' lang='grc' dir='ltr'>ἐγεννήθησαν</span> <span class='ocrx_word' id='word_1_706' title='bbox 1459 5050 1676 5113; x_wconf 83' lang='grc' dir='ltr'>αὐτοῖς·</span> <span class='ocrx_word' id='word_1_707' title='bbox 1723 5049 1843 5118; x_wconf 64' lang='grc' dir='ltr'>(διὸ)</span> 
     </span>
    </p>
   </div>
   <div class='ocr_carea' id='block_1_99' title="bbox 330 5227 903 5292">
    <p class='ocr_par' dir='ltr' id='par_1_99' title="bbox 330 5227 903 5292">
     <span class='ocr_line' id='line_1_99' title="bbox 330 5227 903 5292; baseline 0.003 -14"><span class='ocrx_word' id='word_1_708' title='bbox 330 5237 364 5278; x_wconf 70' lang='grc'><strong><em>1</em></strong></span> <span class='ocrx_word' id='word_1_709' title='bbox 393 5227 586 5284; x_wconf 86' lang='lat' dir='ltr'><strong>Ezecb.</strong></span> <span class='ocrx_word' id='word_1_710' title='bbox 629 5243 820 5292; x_wconf 74' lang='lat' dir='ltr'><strong>xxxiii,</strong></span> <span class='ocrx_word' id='word_1_711' title='bbox 853 5229 903 5280; x_wconf 92' lang='lat'><strong>7.</strong></span> 
     </span>
    </p>
   </div>
   <div class='ocr_carea' id='block_1_100' title="bbox 1954 4492 3520 4563">
    <p class='ocr_par' dir='ltr' id='par_1_100' title="bbox 1954 4492 3520 4563">
     <span class='ocr_line' id='line_1_100' title="bbox 1954 4492 3520 4563; baseline 0.001 -15"><span class='ocrx_word' id='word_1_712' title='bbox 1954 4509 2048 4549; x_wconf 88' lang='lat' dir='ltr'><strong>cra</strong></span> <span class='ocrx_word' id='word_1_713' title='bbox 2083 4493 2309 4557; x_wconf 88' lang='lat' dir='ltr'><strong>faciant,</strong></span> <span class='ocrx_word' id='word_1_714' title='bbox 2341 4494 2727 4563; x_wconf 85' lang='lat' dir='ltr'><strong>perquirentes</strong></span> <span class='ocrx_word' id='word_1_715' title='bbox 2780 4492 3091 4556; x_wconf 87' lang='lat' dir='ltr'><strong>Dominum,</strong></span> <span class='ocrx_word' id='word_1_716' title='bbox 3141 4495 3234 4550; x_wconf 87' lang='lat' dir='ltr'><strong>sed</strong></span> <span class='ocrx_word' id='word_1_717' title='bbox 3271 4509 3381 4550; x_wconf 90' lang='lat' dir='ltr'><strong>non</strong></span> <span class='ocrx_word' id='word_1_718' title='bbox 3430 4495 3520 4549; x_wconf 90' lang='lat' dir='ltr'><strong>in-</strong></span> 
     </span>
    </p>
   </div>
   <div class='ocr_carea' id='block_1_101' title="bbox 1953 4571 3542 4661">
    <p class='ocr_par' dir='ltr' id='par_1_101' title="bbox 1953 4571 3542 4661">
     <span class='ocr_line' id='line_1_101' title="bbox 1953 4571 3542 4661; baseline 0.001 -21"><span class='ocrx_word' id='word_1_719' title='bbox 1953 4587 2174 4640; x_wconf 85' lang='lat' dir='ltr'><strong>veniant</strong></span> <span class='ocrx_word' id='word_1_720' title='bbox 2199 4601 2322 4639; x_wconf 90' lang='lat' dir='ltr'><strong>cum</strong></span> <span class='ocrx_word' id='word_1_721' title='bbox 2362 4603 2374 4638; x_wconf 90' lang='lat'>:</span> <span class='ocrx_word' id='word_1_722' title='bbox 2412 4600 2533 4638; x_wconf 92' lang='lat' dir='ltr'><strong>nam</strong></span> <span class='ocrx_word' id='word_1_723' title='bbox 2563 4585 2864 4640; x_wconf 87' lang='lat' dir='ltr'><strong>declinavit</strong></span> <span class='ocrx_word' id='word_1_724' title='bbox 2909 4584 2976 4639; x_wconf 87' lang='lat' dir='ltr'><strong>ab</strong></span> <span class='ocrx_word' id='word_1_725' title='bbox 3007 4585 3137 4641; x_wconf 90' lang='lat' dir='ltr'><strong>illis.</strong></span> <span class='ocrx_word' id='word_1_726' title='bbox 3201 4586 3266 4640; x_wconf 83' lang='lat' dir='ltr'><strong>Et</strong></span> <span class='ocrx_word' id='word_1_727' title='bbox 3295 4571 3542 4661; x_wconf 28' lang='lat' dir='ltr'><strong>causam:</strong></span> 
     </span>
    </p>
   </div>
   <div class='ocr_carea' id='block_1_102' title="bbox 1954 4677 2606 4745">
    <p class='ocr_par' dir='ltr' id='par_1_102' title="bbox 1954 4677 2606 4745">
     <span class='ocr_line' id='line_1_102' title="bbox 1954 4677 2606 4745; baseline 0.005 -18"><span class='ocrx_word' id='word_1_728' title='bbox 1954 4678 2251 4732; x_wconf 85' lang='lat' dir='ltr'><strong>ostendens</strong></span> <span class='ocrx_word' id='word_1_729' title='bbox 2287 4677 2606 4745; x_wconf 80' lang='lat' dir='ltr'><strong>subjunxit:</strong></span> 
     </span>
    </p>
   </div>
   <div class='ocr_carea' id='block_1_103' title="bbox 2024 4755 3542 4837">
    <p class='ocr_par' dir='ltr' id='par_1_103' title="bbox 2024 4755 3542 4837">
     <span class='ocr_line' id='line_1_103' title="bbox 2024 4755 3542 4837; baseline -0.001 -13"><span class='ocrx_word' id='word_1_730' title='bbox 2024 4770 2189 4824; x_wconf 67' lang='lat' dir='ltr'><strong>Vens.</strong></span> <span class='ocrx_word' id='word_1_731' title='bbox 2225 4771 2280 4823; x_wconf 90' lang='lat'><strong>7.</strong></span> <span class='ocrx_word' id='word_1_732' title='bbox 2314 4789 2331 4820; x_wconf 87' lang='grc' dir='ltr'>ι</span> <span class='ocrx_word' id='word_1_733' title='bbox 2374 4770 2515 4834; x_wconf 85' lang='lat' dir='ltr'><strong>Quia</strong></span> <span class='ocrx_word' id='word_1_734' title='bbox 2568 4768 2857 4822; x_wconf 84' lang='lat' dir='ltr'><strong>Dominum</strong></span> <span class='ocrx_word' id='word_1_735' title='bbox 2915 4767 3354 4837; x_wconf 88' lang='lat' dir='ltr'><strong>dereliquerunt.</strong></span> <span class='ocrx_word' id='word_1_736' title='bbox 3403 4787 3422 4820; x_wconf 76' lang='grc' dir='ltr'>ι</span> <span class='ocrx_word' id='word_1_737' title='bbox 3453 4755 3542 4822; x_wconf 75' lang='grc' dir='ltr'><strong>Ει</strong></span> 
     </span>
    </p>
   </div>
   <div class='ocr_carea' id='block_1_104' title="bbox 1953 4858 3522 4933">
    <p class='ocr_par' dir='ltr' id='par_1_104' title="bbox 1953 4858 3522 4933">
     <span class='ocr_line' id='line_1_104' title="bbox 1953 4858 3522 4933; baseline -0.002 -16"><span class='ocrx_word' id='word_1_738' title='bbox 1953 4863 2084 4933; x_wconf 88' lang='lat' dir='ltr'><strong>quia</strong></span> <span class='ocrx_word' id='word_1_739' title='bbox 2112 4861 2398 4931; x_wconf 80' lang='lat' dir='ltr'><strong>illegitime</strong></span> <span class='ocrx_word' id='word_1_740' title='bbox 2444 4876 2509 4915; x_wconf 88' lang='lat' dir='ltr'><strong>ex</strong></span> <span class='ocrx_word' id='word_1_741' title='bbox 2564 4858 2895 4914; x_wconf 86' lang='lat' dir='ltr'><strong>mulieribus</strong></span> <span class='ocrx_word' id='word_1_742' title='bbox 2947 4858 3176 4923; x_wconf 80' lang='lat' dir='ltr'><strong>exteris,</strong></span> <span class='ocrx_word' id='word_1_743' title='bbox 3216 4873 3358 4927; x_wconf 87' lang='lat' dir='ltr'><strong>quas</strong></span> <span class='ocrx_word' id='word_1_744' title='bbox 3403 4874 3522 4914; x_wconf 86' lang='lat' dir='ltr'><strong>ma-</strong></span> 
     </span>
    </p>
   </div>
   <div class='ocr_carea' id='block_1_105' title="bbox 1950 4948 3518 5021">
    <p class='ocr_par' dir='ltr' id='par_1_105' title="bbox 1950 4948 3518 5021">
     <span class='ocr_line' id='line_1_105' title="bbox 1950 4948 3518 5021; baseline -0.001 -13"><span class='ocrx_word' id='word_1_745' title='bbox 1950 4953 2213 5008; x_wconf 89' lang='lat' dir='ltr'><strong>trimonio</strong></span> <span class='ocrx_word' id='word_1_746' title='bbox 2253 4952 2360 5008; x_wconf 91' lang='lat' dir='ltr'><strong>sibi</strong></span> <span class='ocrx_word' id='word_1_747' title='bbox 2406 4951 2803 5021; x_wconf 80' lang='lat' dir='ltr'><strong>adjunxerant,</strong></span> <span class='ocrx_word' id='word_1_748' title='bbox 2836 4948 3046 5005; x_wconf 86' lang='lat' dir='ltr'><strong>liberos</strong></span> <span class='ocrx_word' id='word_1_749' title='bbox 3106 4961 3518 5021; x_wconf 89' lang='lat' dir='ltr'><strong>susceperunt;</strong></span> 
     </span>
    </p>
   </div>
   <div class='ocr_carea' id='block_1_106' title="bbox 1952 5042 3516 5112">
    <p class='ocr_par' dir='ltr' id='par_1_106' title="bbox 1952 5042 3516 5112">
     <span class='ocr_line' id='line_1_106' title="bbox 1952 5042 3516 5112; baseline -0.003 -9"><span class='ocrx_word' id='word_1_750' title='bbox 1952 5049 2058 5105; x_wconf 88' lang='lat' dir='ltr'><strong>hoc</strong></span> <span class='ocrx_word' id='word_1_751' title='bbox 2095 5049 2241 5104; x_wconf 91' lang='lat' dir='ltr'><strong>enim</strong></span> <span class='ocrx_word' id='word_1_752' title='bbox 2292 5047 2614 5112; x_wconf 89' lang='lat' dir='ltr'><strong>declaravit,</strong></span> <span class='ocrx_word' id='word_1_753' title='bbox 2659 5045 2894 5101; x_wconf 88' lang='lat' dir='ltr'><strong>dicens:</strong></span> <span class='ocrx_word' id='word_1_754' title='bbox 2931 5061 2950 5095; x_wconf 85' lang='grc' dir='ltr'>ι</span> <span class='ocrx_word' id='word_1_755' title='bbox 2988 5042 3130 5108; x_wconf 88' lang='lat' dir='ltr'><strong>Quia</strong></span> <span class='ocrx_word' id='word_1_756' title='bbox 3192 5043 3291 5099; x_wconf 84' lang='lat' dir='ltr'><strong>filii</strong></span> <span class='ocrx_word' id='word_1_757' title='bbox 3347 5045 3516 5102; x_wconf 86' lang='lat' dir='ltr'><strong>alieni</strong></span> 
     </span>
    </p>
   </div>
   <div class='ocr_carea' id='block_1_107' title="bbox 1568 5378 2240 5434">
    <p class='ocr_par' dir='ltr' id='par_1_107' title="bbox 1568 5378 2240 5434">
     <span class='ocr_line' id='line_1_107' title="bbox 1568 5378 2240 5434; baseline 0.001 -1"><span class='ocrx_word' id='word_1_758' title='bbox 1568 5380 1799 5434; x_wconf 63' lang='lat' dir='ltr'><strong>VARUS</strong></span> <span class='ocrx_word' id='word_1_759' title='bbox 1838 5378 2240 5434; x_wconf 80' lang='lat' dir='ltr'><strong>LECTIONES.</strong></span> 
     </span>
    </p>
   </div>
   <div class='ocr_carea' id='block_1_108' title="bbox 339 5497 3539 5594">
    <p class='ocr_par' dir='ltr' id='par_1_108' title="bbox 339 5497 3539 5594">
     <span class='ocr_line' id='line_1_108' title="bbox 339 5497 3539 5594; baseline -0.002 -22"><span class='ocrx_word' id='word_1_760' title='bbox 339 5520 469 5594; x_wconf 54' lang='grc' dir='ltr'><strong>ξξτῇ</strong></span> <span class='ocrx_word' id='word_1_761' title='bbox 493 5535 604 5594; x_wconf 34' lang='lat' dir='ltr'><strong>nox.</strong></span> <span class='ocrx_word' id='word_1_762' title='bbox 643 5515 830 5594; x_wconf 80' lang='lat' dir='ltr'><strong>Hebr._</strong></span> <span class='ocrx_word' id='word_1_763' title='bbox 860 5517 913 5569; x_wconf 94' lang='lat' dir='ltr'><strong>in</strong></span> <span class='ocrx_word' id='word_1_764' title='bbox 968 5514 1162 5594; x_wconf 56' lang='lat' dir='ltr'><strong>bliapa.</strong></span> <span class='ocrx_word' id='word_1_765' title='bbox 1192 5587 1206 5594; x_wconf 87' lang='lat'><strong>_</strong></span> <span class='ocrx_word' id='word_1_766' title='bbox 1248 5517 1416 5594; x_wconf 53' lang='grc' dir='ltr'><strong>¹⁵Πὲπὶ</strong></span> <span class='ocrx_word' id='word_1_767' title='bbox 1454 5517 1514 5570; x_wconf 84' lang='grc' dir='ltr'><strong>τὸ</strong></span> <span class='ocrx_word' id='word_1_768' title='bbox 1562 5518 1740 5594; x_wconf 25' lang='grc' dir='ltr'>ΑἸτ-αϐ.</span> <span class='ocrx_word' id='word_1_769' title='bbox 1787 5517 2010 5594; x_wconf 80' lang='lat' dir='ltr'><strong>Rectius</strong></span> <span class='ocrx_word' id='word_1_770' title='bbox 2057 5517 2464 5594; x_wconf 60' lang='lat' dir='ltr'><strong>goriipl._juxla</strong></span> <span class='ocrx_word' id='word_1_771' title='bbox 2514 5514 2680 5594; x_wconf 51' lang='lat' dir='ltr'><strong>llebr.</strong></span> <span class='ocrx_word' id='word_1_772' title='bbox 2730 5515 2821 5568; x_wconf 74' lang='grc' dir='ltr'>ἐπὶ</span> <span class='ocrx_word' id='word_1_773' title='bbox 2869 5512 3238 5594; x_wconf 34' lang='grc' dir='ltr'>ΤαϐΙὼρκΑιὶἰ</span> <span class='ocrx_word' id='word_1_774' title='bbox 3287 5497 3539 5589; x_wconf 33' lang='grc' dir='ltr'>Θασϐὠρλ</span> 
     </span>
    </p>
   </div>
   <div class='ocr_carea' id='block_1_109' title="bbox 258 5583 3503 5660">
    <p class='ocr_par' dir='ltr' id='par_1_109' title="bbox 258 5583 3503 5660">
     <span class='ocr_line' id='line_1_109' title="bbox 258 5583 3503 5660; baseline -0.003 -17"><span class='ocrx_word' id='word_1_775' title='bbox 258 5594 307 5626; x_wconf 75' lang='grc'><strong>’⁵</strong></span> <span class='ocrx_word' id='word_1_776' title='bbox 329 5583 525 5660; x_wconf 72' lang='grc' dir='ltr'>θήρζὈ</span> <span class='ocrx_word' id='word_1_777' title='bbox 557 5602 741 5660; x_wconf 51' lang='lat' dir='ltr'><strong>praeui.</strong></span> <span class='ocrx_word' id='word_1_778' title='bbox 770 5585 942 5660; x_wconf 47' lang='lat'><strong>1:11;.&quot;</strong></span> <span class='ocrx_word' id='word_1_779' title='bbox 972 5587 1013 5616; x_wconf 78' lang='grc'>¹⁶</span> <span class='ocrx_word' id='word_1_780' title='bbox 1045 5583 1155 5660; x_wconf 69' lang='grc' dir='ltr'>ἐστ.</span> <span class='ocrx_word' id='word_1_781' title='bbox 1190 5587 1247 5640; x_wconf 89' lang='lat' dir='ltr'><strong>ln</strong></span> <span class='ocrx_word' id='word_1_782' title='bbox 1278 5588 1318 5641; x_wconf 89' lang='lat' dir='ltr'><strong>C</strong></span> <span class='ocrx_word' id='word_1_783' title='bbox 1353 5596 1490 5660; x_wconf 80' lang='lat' dir='ltr'><strong>post</strong></span> <span class='ocrx_word' id='word_1_784' title='bbox 1517 5588 1698 5660; x_wconf 80' lang='grc' dir='ltr'>αὐτοῖς</span> <span class='ocrx_word' id='word_1_785' title='bbox 1729 5588 1984 5660; x_wconf 85' lang='lat' dir='ltr'><strong>ponitur.</strong></span> <span class='ocrx_word' id='word_1_786' title='bbox 2043 5590 2106 5660; x_wconf 55' lang='lat' dir='ltr'><strong>f7</strong></span> <span class='ocrx_word' id='word_1_787' title='bbox 2133 5583 2402 5660; x_wconf 54' lang='lat' dir='ltr'><strong>Xii._Dt:S.</strong></span> <span class='ocrx_word' id='word_1_788' title='bbox 2444 5589 2498 5642; x_wconf 79' lang='lat' dir='ltr'><strong>in</strong></span> <span class='ocrx_word' id='word_1_789' title='bbox 2525 5585 2785 5660; x_wconf 78' lang='lat' dir='ltr'><strong>C,_q_u_e_m</strong></span> <span class='ocrx_word' id='word_1_790' title='bbox 2821 5583 3190 5660; x_wconf 72' lang='lat' dir='ltr'><strong>secu_ti_colon</strong></span> <span class='ocrx_word' id='word_1_791' title='bbox 3223 5583 3503 5648; x_wconf 74' lang='lat' dir='ltr'><strong>posuimus</strong></span> 
     </span>
    </p>
   </div>
   <div class='ocr_carea' id='block_1_110' title="bbox 265 5655 1260 5731">
    <p class='ocr_par' dir='ltr' id='par_1_110' title="bbox 265 5655 1260 5731">
     <span class='ocr_line' id='line_1_110' title="bbox 265 5655 1260 5731; baseline -0.021 -14"><span class='ocrx_word' id='word_1_792' title='bbox 265 5662 328 5717; x_wconf 83' lang='lat' dir='ltr'><strong>ad</strong></span> <span class='ocrx_word' id='word_1_793' title='bbox 368 5655 529 5731; x_wconf 68' lang='lat' dir='ltr'><strong>praec.</strong></span> <span class='ocrx_word' id='word_1_794' title='bbox 558 5655 751 5710; x_wconf 61' lang='grc' dir='ltr'>ἀύτοῦ.</span> <span class='ocrx_word' id='word_1_795' title='bbox 831 5657 873 5686; x_wconf 76' lang='grc'><strong>¹⁸</strong></span> <span class='ocrx_word' id='word_1_796' title='bbox 905 5655 944 5708; x_wconf 81' lang='lat' dir='ltr'>C</span> <span class='ocrx_word' id='word_1_797' title='bbox 984 5657 1260 5725; x_wconf 60' lang='grc' dir='ltr'>πρότεραι,</span> 
     </span>
    </p>
   </div>
   <div class='ocr_carea' id='block_1_111' title="bbox 584 5752 1308 5815">
    <p class='ocr_par' dir='ltr' id='par_1_111' title="bbox 584 5752 1308 5815">
     <span class='ocr_line' id='line_1_111' title="bbox 584 5752 1308 5815; baseline 0 -1"><span class='ocrx_word' id='word_1_798' title='bbox 584 5755 852 5814; x_wconf 74' lang='grc' dir='ltr'>ΡΑτιιοι..</span> <span class='ocrx_word' id='word_1_799' title='bbox 896 5753 1010 5812; x_wconf 76' lang='lat' dir='ltr'><strong>Gn.</strong></span> <span class='ocrx_word' id='word_1_800' title='bbox 1052 5752 1308 5815; x_wconf 72' lang='lat' dir='ltr'>LXXXI.</span> 
     </span>
    </p>
   </div>
   <div class='ocr_carea' id='block_1_112' title="bbox 1344 5657 2458 5728">
    <p class='ocr_par' dir='ltr' id='par_1_112' title="bbox 1344 5657 2458 5728">
     <span class='ocr_line' id='line_1_112' title="bbox 1344 5657 2458 5728; baseline -0.002 -16"><span class='ocrx_word' id='word_1_801' title='bbox 1344 5659 1381 5689; x_wconf 80' lang='grc'><strong>¹⁰</strong></span> <span class='ocrx_word' id='word_1_802' title='bbox 1421 5659 1553 5714; x_wconf 82' lang='lat' dir='ltr'><strong>Ibid.</strong></span> <span class='ocrx_word' id='word_1_803' title='bbox 1575 5657 1876 5728; x_wconf 84' lang='grc' dir='ltr'>προτέρων.</span> <span class='ocrx_word' id='word_1_804' title='bbox 1953 5660 1999 5691; x_wconf 82' lang='grc'><strong>²⁰</strong></span> <span class='ocrx_word' id='word_1_805' title='bbox 2029 5657 2070 5713; x_wconf 87' lang='lat' dir='ltr'><strong>C</strong></span> <span class='ocrx_word' id='word_1_806' title='bbox 2104 5658 2458 5711; x_wconf 79' lang='grc' dir='ltr'>ἐπιτελοῦσιν.</span> 
     </span>
    </p>
   </div>
   <div class='ocr_carea' id='block_1_113' title="bbox 2565 5652 3193 5725">
    <p class='ocr_par' dir='ltr' id='par_1_113' title="bbox 2565 5652 3193 5725">
     <span class='ocr_line' id='line_1_113' title="bbox 2565 5652 3193 5725; baseline -0.011 -15"><span class='ocrx_word' id='word_1_807' title='bbox 2565 5658 2606 5686; x_wconf 87' lang='grc'><strong>²¹</strong></span> <span class='ocrx_word' id='word_1_808' title='bbox 2632 5652 2762 5710; x_wconf 81' lang='lat' dir='ltr'><strong>ibid.</strong></span> <span class='ocrx_word' id='word_1_809' title='bbox 2795 5652 3193 5725; x_wconf 80' lang='grc' dir='ltr'>παρεδήλωσεν.</span> 
     </span>
    </p>
   </div>
   <div class='ocr_carea' id='block_1_114' title="bbox 3046 5744 3126 5802">
    <p class='ocr_par' dir='ltr' id='par_1_114' title="bbox 3046 5744 3126 5802">
     <span class='ocr_line' id='line_1_114' title="bbox 3046 5744 3126 5802; baseline 0.013 -1"><span class='ocrx_word' id='word_1_810' title='bbox 3046 5744 3126 5802; x_wconf 84' lang='grc'><strong>50</strong></span> 
     </span>
    </p>
   </div>
  </div>
