3912 6206
474 251 618 319 1579

1464 248 1948 307 TIIEDDOBETI
1990 247 2325 311 EPISCOI’I
2364 248 2727 309 CYRENSIS

3548 254 3659 323 1580

477 366 591 421 nati
635 369 762 419 sunt
800 359 949 424 illis;
987 356 1237 428 (idcirco)
1297 373 1442 411 nunc
1494 358 1778 412 devorabit
1814 374 1909 413 eos
1954 375 2036 411 ru-

2145 358 2239 412 νῦν
2281 360 2650 430 καταφάγεταί
2705 360 2902 423 αὐτοὺς
2942 359 2975 430 ἡ
3010 357 3254 429 ἐρυσίϐη,
3292 360 3379 413 καὶ
3417 365 3526 427 τοὶ-ς
3552 367 3662 439 alii...

476 456 634 527 bigo,
662 463 717 509 et
750 460 926 508 sortes
976 464 1194 504 eorum.
1242 468 1259 499 ι
1301 448 1609 516 Rubiginem
1665 458 1847 502 autem
1883 456 2044 501 vet-at

480 544 678 597 vitium
713 538 847 594 illud
905 535 1050 606 quod
1088 553 1154 590 ex
1194 537 1322 591 t-(cli
1374 537 1703 606 intemperie
1732 545 1898 591 terra:
1933 538 2044 590 fru-

477 639 640 708 gibus
665 632 903 697 accidit,
934 630 1144 698 tropice
1175 644 1306 683 vero
1329 629 1497 683 etiam
1530 630 1744 695 hostes,
1772 630 2045 699 rubiginis

478 743 628 782 more
654 739 847 779 omnes
897 729 1339 791 corrumpentcs.
1370 720 1552 791 Atque
1589 722 1696 776 hoc
1725 721 2045 778 distinctius

476 820 877 886 interpretans,
917 828 1039 867 mox
1076 813 1327 882 adjungit
1371 832 1383 866 :

546 908 712 962 Vsus.
744 908 795 970 8,
823 907 874 960 9.
901 925 919 956 ι
960 904 1208 974 Clangite
1259 905 1391 958 tuba
1425 920 1591 974 super
1639 905 1836 967 colles,
1893 918 2044 958 reso-

474 1011 603 1056 nate
659 1016 824 1070 super
887 999 1132 1062 excelsa,
1170 997 1467 1068 praedicata
1499 998 1551 1050 in
1583 996 1748 1051 domo
1779 997 1858 1051 0n
1891 1014 1903 1050 :
1935 994 2046 1049 Ob-

471 1094 682 1164 stupuit
713 1092 1020 1161 Benjamin.
1052 1089 1316 1159 Ephrairn
1347 1090 1400 1143 in
1426 1091 1831 1145 desolationem
1861 1090 2041 1146 factus

469 1189 645 1243 estin
678 1187 876 1241 diebus
928 1186 1324 1255 correptionis,
1389 1187 1444 1240 in
1509 1185 1765 1240 tribubus
1822 1185 2043 1241 lsraelis

470 1278 686 1334 ostendi
724 1279 924 1332 fidelia.
958 1296 975 1328 ι
1017 1275 1114 1331 llis
1144 1278 1290 1331 enim
1337 1277 1621 1341 omnibus,
1656 1292 1778 1346 quae
1809 1276 1919 1332 illis
1948 1292 2042 1346 per

459 1371 770 1446 prophetas
812 1368 1258 1440 prmsigniﬁcavi,
1291 1368 1447 1423 fidem
1488 1383 1595 1421 non
1633 1368 1921 1433 dederunt,
1949 1368 2044 1421 da-

459 1465 605 1519 bunt
639 1471 821 1517 autem
859 1472 985 1532 post
1035 1461 1434 1531 experientiam
1491 1474 1674 1513 rerum
1711 1478 1726 1513 :
1761 1467 1813 1514 et
1846 1459 2043 1528 iniqui-

473 1564 614 1608 tates
678 1554 951 1623 puniens,
1003 1553 1283 1622 propheta:
1359 1551 1774 1621 praedictionem
1853 1566 2038 1605 veram

464 1644 778 1701 ostendam.
814 1643 961 1697 Scite
1011 1649 1197 1697 autem
1231 1640 1492 1695 deridens
1555 1639 1828 1693 idolorum
1889 1638 2040 1692 inﬁr-

2152 467 2276 519 ρους
2311 451 2510 506 αὐτῶν.
2558 471 2576 502 ι
2629 451 2956 519 Ἐρυσίϐην
2990 449 3046 502 δὲ
3082 448 3229 502 καλεῖ
3260 450 3349 520 μὲν
3376 453 3461 504 καὶ
3489 455 3599 509 αδδ-ιδ
3614 460 3664 513 τὸ

2148 544 2212 595 ὲκ
2261 542 2360 611 τῆς
2396 541 2490 596 τοῦ
2542 543 2702 613 ἀέρος
2742 542 3057 611 ἀνωμαλίας
3101 543 3208 604 τοῖς
3242 543 3298 593 ἐν
3330 547 3432 605 τοῖς
3467 551 3662 617 κκρποίς

2146 635 2540 704 ἐπισυμϐαἷνον
2587 636 2756 698 πάθος
2790 651 2801 663 ·
2832 633 2987 687 καλεῖ
3040 633 3096 686 δὲ
3148 635 3411 705 τροπικῶς
3452 639 3535 690 καὶ
3561 641 3663 705 τοὺς

2147 727 2461 797 πολεμίους,
2496 726 2758 798 ἐρυσίϐης
2789 727 2946 798 δίκην
2998 727 3238 788 ἅπαντας
3279 728 3661 799 διαφθείροντας.

2146 820 2256 873 Καὶ
2288 820 2446 873 τοῦτο
2504 821 2834 892 σαφέστερον
2867 817 3184 890 ἑρμηνεύων
3216 818 3368 883 εὐθὺς
3419 821 3662 892 ἐπήγαγε·

2216 911 2356 983 η’,θ¹,
2388 930 2406 963 ι
2430 912 2735 965 Σαλπίσατε
2768 911 3028 980 σάλπιγγι
3055 910 3146 963 ἐπὶ
3166 912 3289 973 τοὺς
3314 910 3534 981 βουνοδςά
3558 916 3665 987 ἠχή·

2147 1021 2275 1058 σατε
2318 1004 2409 1057 ἐπὶ
2469 1003 2577 1057 τῶν
2637 1003 2879 1073 ὑψηλῶν,
2919 1002 3191 1074 κηρύξατε
3232 1003 3288 1054 ἐν
3322 1001 3395 1073 τῷ
3429 1004 3549 1074 οἴκῳ
3570 1007 3663 1058 Ὧν·

2157 1093 2379 1165 Ἐξέστη
2409 1096 2453 1126 ²²
2487 1095 2765 1164 Βενιαμίν.
2808 1094 3047 1164 Ἐφραῒμ
3066 1096 3144 1159 είς
3168 1094 3459 1165 ἀφανισμὸν
3487 1098 3666 1164 ἐγένετο

2144 1184 2202 1234 ἐν
2262 1181 2498 1253 ἡμέραις
2546 1182 2792 1253 ἐλέγχου,
2842 1184 2899 1237 ἐν
2950 1186 3069 1246 ταῖς
3120 1183 3309 1253 φυλαῖς
3347 1183 3435 1237 τοῦ
3490 1188 3666 1258 Ἰσραὴλ

2144 1274 2321 1339 ἔδειξα
2351 1275 2537 1329 πιστά.
2584 1295 2604 1326 ι
2644 1275 2831 1330 Ταῦτα
2855 1276 2964 1346 γὰρ
3000 1276 3218 1330 ἅπαντα
3245 1276 3330 1330 διὰ
3359 1277 3458 1329 τῶν
3487 1296 3665 1352 προφη-

2142 1368 2252 1421 τῶν
2279 1370 2461 1433 αὐτοῖς
2482 1371 2835 1441 προμηνύων,
2864 1371 2958 1425 καὶ
2994 1369 3411 1439 ἀπιστούμενος,
3446 1374 3564 1442 μετὰ
3587 1374 3665 1442 τὴν

2143 1463 2341 1532 πεῖραν
2392 1464 2827 1533 πιστευθήσομαι
2897 1463 3008 1516 τῶν
3068 1462 3422 1532 πραγμάτων,
3469 1465 3665 1534 καὶτῆς

2142 1555 2486 1625 παρανομίας
2534 1557 2659 1619 τοὺς
2708 1555 2963 1625 ἐλέγχους
3030 1552 3367 1623 ποιούμενος,
3424 1554 3559 1619 δείξω
3589 1557 3665 1624 τῆς

2143 1648 2492 1719 προφητικῆς
2542 1648 2899 1719 προρρήσεως
2946 1646 3047 1717 τὴν
3085 1646 3363 1714 ἀλήθειαν.
3405 1646 3579 1711 Καλῶς
3620 1648 3664 1700 δὲ

460 1737 710 1795 ῐηίιᾶῑθηὶ
751 1755 764 1789 ε
805 1755 823 1786 ί
856 1732 1174 1796 Ρκθίιῖοκθν
1210 1732 1414 1803 inquit.
1456 1731 1511 1785 in
1544 1731 1708 1786 domo
1735 1729 1858 1797 0“;
1892 1750 1910 1782 ι
1939 1747 2034 1785 93-
2072 1714 2115 1774 B
2143 1714 2422 1812 κιυμιρδῶν
2446 1714 2553 1809 ⁷τὴν
2579 1714 2950 1792 εἰδώλων
2995 1714 3313 1790 (ίισθένειι-ιν⁸
3346 1755 3365 1788 ι
3401 1737 3662 1807 Κηρύξατε,

464 1831 654 1895 citate,
712 1826 912 1897 inquit,
949 1826 1005 1880 in
1039 1825 1309 1879 auxilium
1357 1839 1454 1879 eos
1503 1823 1708 1893 quibus
1771 1823 2038 1878 honorem

460 1921 690 1977 habetis
729 1939 743 1976 :
780 1934 999 1974 cessare
1028 1916 1236 1972 faciant
1270 1932 1408 1986 quas
1436 1916 1599 1972 vobis
1638 1915 1833 1971 infero
1853 1914 2038 1996 casti-

458 2017 740 2087 gationes.
770 2012 1033 2068 Conferte
1071 2026 1168 2066 vos
1218 2011 1277 2065 in
1330 2010 1673 2066 editissimos
1727 2010 1923 2075 colles,
1981 2009 2037 2063 in

454 2107 674 2176 quibus
701 2106 851 2160 omni
885 2105 1039 2159 cultu
1076 2103 1227 2157 idola
1268 2102 1541 2167 coluistis,
1586 2100 1907 2172 impertiant
1941 2117 2039 2155 vo-

454 2198 551 2254 bis
573 2206 890 2268 opportuno
941 2200 1188 2263 tempore
1240 2192 1450 2263 1335
1502 2191 1810 2247 subsidium
1854 2206 2035 2246 suum.

451 2288 728 2360 Congrue
791 2295 971 2342 autem
1031 2285 1371 2356 Benjaminis
1429 2286 1635 2354 pariter
1694 2285 2034 2340 mentionem

468 2381 620 2447 facit,
655 2379 919 2450 quoniam
948 2376 1102 2433 Judaa
1139 2392 1359 2448 quoque
1396 2377 1730 2432 mentionem
1761 2375 2032 2447 adjungit.

524 2561 697 2617 Vens.
741 2561 827 2616 10.
871 2580 889 2614 ι
914 2559 1077 2615 Facti
1115 2559 1259 2615 enim
1295 2567 1447 2623 sunt,
1488 2559 1688 2629 inquit,
1746 2559 2025 2630 principes

450 2653 636 2717 dudm,
683 2653 842 2723 quasi
901 2649 1297 2708 transferentes
1349 2651 1613 2705 terminos
1665 2668 1678 2704 :
1730 2666 1897 2720 super
1941 2665 2037 2705 eos

450 2745 737 2802 eﬂ‘undam
768 2745 1032 2815 impetum
1067 2759 1247 2799 meum
1293 2745 1438 2798 sicut
1476 2758 1697 2812 aquam.
1734 2761 1752 2794 ι
1785 2742 1920 2797 Nam
1955 2743 2036 2797 le»

462 2854 557 2908 ges
588 2853 737 2893 meas
772 2836 912 2892 adeo
937 2835 1289 2905 impudenter
1315 2835 1818 2904 transgrediuntur,
1854 2843 1915 2889 ut
1941 2836 2033 2905 qui

465 2929 674 2998 lapides
707 2928 998 2991 terminos,
1031 2941 1219 2997 agrum
1261 2925 1331 2980 ab
1364 2940 1496 2996 agro
1544 2923 1875 2992 dividentes,
1914 2925 2035 2980 loco

452 3034 686 3075 .movere
737 3025 792 3072 et
843 3017 1146 3073 transferre
1195 3014 1569 3071 inverecunde
1606 3016 2032 3087 aggrediuntur.

458 3111 826 3179 Quamobrem
868 3108 1129 3163 torrentis
1159 3108 1333 3162 instar
1360 3121 1548 3177 poenas
1580 3109 1634 3162 in
1666 3123 1762 3163 eos
1788 3123 2036 3179 exagge—

460 3205 617 3259 raho.
647 3201 805 3256 Patet
835 3208 1037 3265 autem,
1064 3214 1189 3253 cum
1219 3198 1587 3269 Benjaminem
1618 3207 2034 3263 commemoret,

456 3310 592 3351 cum
641 3306 863 3363 quoque
916 3290 1120 3345 tribum
1165 3287 1322 3344 ludas
1353 3291 1672 3360 complecti,
1726 3298 1779 3344 et
1818 3305 2032 3355 rursus,

452 3401 588 3443 cum
623 3383 823 3439 ludam
871 3390 1117 3449 accuset,
1168 3381 1543 3449 Benjaminem
1598 3382 1855 3435 similiter
1905 3397 2035 3437 con—

450 3477 691 3547 iungere
723 3493 737 3529 :
766 3489 889 3529 nam
922 3472 1028 3528 sub
1056 3486 1169 3526 uno
1194 3485 1366 3541 regno
1395 3469 1689 3538 degebant.
1718 3469 2035 3540 Eodemque

465 3570 646 3633 modo,
692 3582 815 3621 cum
836 3565 1100 3634 prraim
1152 3563 1305 3626 dicit,
1359 3560 1544 3614 decem
1589 3562 1767 3616 tribus
1810 3561 2032 3617 lsraelis

456 3661 759 3715 nominat:
825 3671 1061 3726 eumque
1107 3652 1364 3707 Israelem
1420 3660 1834 3718 commemorat,
1889 3652 2030 3707 idem

404 3766 415 3777 ί
463 3752 641 3822 ipsum
667 3748 958 3819 signiﬁcat.

557 3843 727 3898 Vsus.
790 3844 877 3897 tl.
934 3860 952 3894 ι
993 3837 1280 3910 Oppressit
1343 3835 1599 3904 Ephraim
1657 3836 2030 3891 adversarium

2142 1827 2316 1898 εἶπεν,
2348 1831 2407 1883 ἐν
2428 1829 2505 1899 τῷ
2541 1830 2674 1900 οἴκῳ
2699 1830 2796 1882 Ὤν
2823 1846 2835 1860 ·
2864 1848 2882 1881 ι
2920 1827 3250 1899 διεγείρατε,
3284 1828 3458 1899 φησιν,
3482 1829 3666 1900 είςβοή-

2142 1922 2321 1994 θειανν
2344 1923 2469 1991 τοὺς
2488 1922 2532 1953 ²³
2565 1922 2654 1990 ὑφ’
2692 1920 2845 1992 ὑμῶν
2871 1920 3218 1991 τιμωμένους
3235 1936 3249 1950 ⁸
3282 1921 3660 1974 παυσάτωσανκ

2139 2013 2240 2077 τὰς
2275 2014 2365 2066 ὑπ’
2392 2010 2524 2084 ἐμοῦ
2557 2013 3007 2083 προσφερομένας
3059 2012 3191 2082 ὑμῖν
3226 2012 3499 2076 παιδείας·
3530 2027 3666 2066 κατα-

2139 2105 2332 2159 λάὁετε
2359 2106 2484 2166 τοὺς
2519 2103 2884 2175 ὑψηλοτάτους
2926 2102 3173 2174 βουνοὺς,
3211 2104 3268 2156 ἐν
3289 2099 3366 2168 οἷς
3400 2106 3556 2158 πᾶσαν
3575 2106 3665 2169 τοὶς

2139 2197 2379 2261 εἰδώλοις
2410 2197 2781 2268 προσεφέρετε
2812 2195 3112 2265 θεραπείαν
3131 2212 3147 2226 ·
3183 2197 3541 2268 μεταδότωσαν
3564 2197 3665 2267 ὑμῖν

2139 2291 2218 2352 εἰς
2250 2288 2441 2360 καιρὸν
2485 2289 2584 2358 τῆς
2611 2288 2820 2351 οἰκείας
2864 2288 3208 2358 ἐπικουρίας.
3265 2287 3492 2351 Εἰκότως
3515 2288 3563 2340 δὲ
3591 2289 3665 2341 καὶ

2135 2380 2231 2434 τοῦ
2259 2379 2515 2451 Βενιαμὶν
2534 2379 2964 2450 ἐμνημόνευσεν,
2995 2379 3191 2450 ἐπειδὴ
3226 2378 3479 2433 συνάπτει
3492 2380 3576 2433 καὶ
3591 2380 3665 2432 τοῦ

2152 2474 2323 2528 Ἰούδα
2353 2473 2451 2545 τὴν
2484 2472 2724 2544 μνήμην.

2212 2573 2262 2620 ι’.
2302 2585 2320 2618 ι
2369 2565 2649 2633 Ἐγένοντο
2711 2564 2840 2633 γὰρ,
2894 2563 3080 2634 φησὶν,
3134 2564 3191 2616 oi
3222 2564 3469 2635 ἄρχοντες
3503 2562 3660 2627 Ἰούδα,

2134 2660 2213 2721 ὼς
2269 2657 2653 2729 μετατιθέντες
2691 2657 2851 2726 ὅρια’
2887 2657 2973 2708 ἐπ’
3004 2657 3208 2720 αὐτοὺς
3261 2656 3428 2726 ἐκχεῶ
3457 2657 3523 2718 ὡς
3552 2655 3663 2724 ὕδωρ

2135 2750 2198 2804 τὸ
2241 2748 2471 2821 ὅρμημα
2524 2765 2647 2818 μου,
2697 2746 2854 2800 Οὕτω
2888 2746 2996 2817 γὰρ
3046 2746 3288 2810 ἀναιδῶς
3324 2747 3441 2806 τοὺς
3460 2744 3662 2815 ὑπ’ἐμώ

2135 2841 2389 2905 τεθέντας
2413 2831 2844 2911 παραϐαίνουσιν
2876 2840 3035 2911 ὅρους
3088 2839 3161 2903 ’⁸,
3207 2840 3281 2902 ὡς
3310 2840 3358 2892 οί
3392 2840 3504 2902 τοὺς
3535 2837 3664 2907 διορί-

2138 2936 2329 3001 ζοντας
2357 2934 2555 2997 λίθους,
2587 2933 2681 2985 καὶ
2712 2931 2918 3002 ταύτην
2950 2932 3045 2984 ἀπ’
3076 2931 3300 3001 ἐκείνης
3326 2931 3419 3003 τὴν
3472 2932 3663 3001 ἄρουραν

2137 3026 2519 3096 διατέμνοντας
2539 3023 2869 3094 μεταφέρειν
2895 3023 3273 3092 ἀναισχύντως
3293 3021 3659 3092 ἐπιχειροῦντες

2137 3118 2218 3171 διὸ
2256 3117 2556 3189 χειμάρρου
2599 3116 2754 3187 δίκην
2805 3116 2987 3178 αὐτοῖς
3030 3113 3243 3167 ἐποίσω
3285 3113 3380 3176 τὰς
3423 3110 3660 3183 τιμωρίας.

2139 3207 2307 3277 Δῆλον
2340 3208 2416 3268 δὲ,
2454 3208 2529 3268 ὡς
2561 3206 2657 3259 καὶ
2685 3204 2778 3258 τοῦ
2808 3205 3094 3274 Βενιαμὶν
3133 3202 3478 3274 μνημονεύων
3502 3215 3663 3269 συμπεο

2140 3299 2462 3371 ριλαμόἀνει
2492 3299 2590 3371 τὴν
2623 3297 2794 3353 Ἰούδα
2822 3298 3016 3368 φυλὴν,
3054 3299 3150 3351 καὶ
3175 3297 3271 3351 τοῦ
3316 3297 3499 3351 Ἰοὺδα
3534 3292 3661 3347 πάλιν

2138 3393 2479 3465 κατηγορῶν,
2519 3393 2613 3446 καὶ
2660 3391 2749 3447 τὸν
2805 3392 3064 3462 Βενιαμὶν
3102 3390 3367 3453 ὡσαύτως
3402 3389 3657 3442 συνάπτει·

2138 3485 2242 3537 ὑπὸ
2267 3485 2395 3555 μίαν
2421 3483 2554 3557 ,γὰρ
2600 3482 2813 3536 ἐτέλουν
2850 3482 3166 3552 βασιλείανο
3209 3481 3350 3535 οὕτω
3376 3479 3428 3532 δὲ
3474 3477 3557 3531 καί
3592 3473 3661 3527 τὸν

2150 3575 2399 3644 Ἐφρατμ
2427 3574 2623 3644 λέγων,
2652 3572 2748 3635 τὰς
2781 3571 2913 3625 δέκα
2944 3572 3117 3640 φυλὰς
3139 3572 3236 3625 τοῦ
3271 3569 3478 3642 Ἰσραὴλ
3506 3566 3661 3633 ὀνομά-

2136 3668 2239 3731 ζει,
2274 3668 2369 3720 καὶ
2395 3667 2575 3737 μέντοι
2605 3666 2698 3718 καὶ
2736 3665 2826 3718 τὸν
2868 3663 3120 3733 Ἰσραὴλ
3147 3661 3509 3737 μνημονεύων,
3535 3653 3661 3711 ταύτὸ

2134 3756 2292 3813 τοῦτο
2324 3775 2388 3827 ση
2399 3757 2595 3827 μαίνει.

2211 3854 2302 3901 ια’.
2335 3866 2354 3899 ι
2396 3848 2910 3902 Κατεδυνάστευσεν
2990 3846 3235 3920 Ἐφραίμ
3300 3849 3390 3903 τὸν
3439 3846 3662 3903 ἀντίδικον

465 3951 627 3995 suum
668 3953 681 3989 :
735 3927 1437 3998 conculcavit‘judicium,
1485 3927 1614 3995 quia
1664 3928 1831 3996 caepit
1884 3928 2035 3982 abire

2141 3935 2324 4003 αὑτοῦ,
2378 3936 2840 3991 κατεδυνάστευσε
2858 3936 2920 3991 τὸ
2965 3941 3145 4009 κρῖμα
3169 3941 3237 4005 ⁸⁸,
3273 3941 3352 3993 ὅτι
3376 3938 3561 4010 ήρξατο
3583 3953 3659 3988 που

453 4040 585 4101 post
614 4038 775 4081 vana.
809 4042 827 4074 ι
867 4021 1069 4085 Causa,
1103 4017 1308 4087 inquit,
1347 4015 1658 4084 iniquitatis
1681 4015 1823 4084 ejus,
1858 4015 2035 4069 idolo-

2141 4024 2390 4096 ρεύεσθαι
2439 4027 2614 4079 ὀπίσω
2666 4026 2774 4079 τῶν
2839 4025 3109 4097 ματαίων.
3143 4045 3162 4079 ι
3200 4027 3378 4093 Αίτία,
3423 4027 3561 4097 φησὶ,
3587 4024 3661 4092 τῆς

451 4119 790 4177 τιιιιιοουὶῑιιε
837 4115 959 4171 fuit.
1008 4111 1142 4166 Nam
1174 4111 1221 4166 si
1269 4126 1353 4165 me
1383 4109 1754 4178 cognovisset,
1798 4126 1865 4164 ex
1900 4110 2034 4181 legi-

2141 4116 2347 4178 ἀδικίας
2368 4116 2532 4170 αὐτοῦ
2571 4118 2604 4187 ή
2653 4115 2762 4169 τῶν
2788 4115 3024 4170 εἰδώλων
3066 4117 3289 4185 ἐγένετο
3334 4113 3661 4188 θεραπεία·εί

463 4215 567 4268 bus
626 4210 767 4266 meis
819 4207 885 4261 ad
957 4205 1248 4259 honestum
1314 4199 1687 4270 decorumque
1746 4200 2033 4257 institutus

2141 4204 2243 4276 γὰρ
2274 4205 2371 4278 τὴν
2405 4206 2543 4277 ἐμὴν
2595 4201 2708 4277 εἶχε
2739 4206 2965 4276 γνῶσιν,
3000 4208 3063 4260 ἐκ
3090 4210 3192 4278 τῆς
3218 4210 3357 4279 ἐμῆς
3391 4203 3661 4279 νομοθεσίας

463 4305 679 4361 fuisset.
1763 4319 1766 4322 ~

2141 4298 2449 4353 ἐπαιδεύετο
2471 4299 2531 4352 τὸ
2552 4298 2688 4354 δέον.

535 4396 698 4452 Vsus.
730 4394 817 4448 12.
854 4410 872 4443 ι
909 4390 972 4443 Et
997 4402 1099 4459 ego
1130 4385 1290 4457 quasi
1322 4385 1670 4441 conturbatio
1701 4399 1796 4440 ere
1827 4384 2033 4455 Eplll'a-

2211 4390 2293 4464 ιβ’.
2336 4412 2354 4443 ι
2392 4393 2501 4447 Kal
2552 4392 2664 4462 ἐγὼ
2705 4393 2781 4458 ὡς
2840 4395 3054 4467 ταραχὴ
3084 4395 3130 4427 ’⁷
3153 4394 3234 4466 τῷ
3277 4392 3555 4465 Ἐφρραῒμ,
3590 4387 3660 4442 καὶ

456 4491 591 4554 imo,
624 4493 677 4542 et
704 4483 859 4554 quasi
891 4479 1146 4537 stimulus
1179 4477 1366 4533 domui
1396 4476 1569 4532 Judze.
1604 4497 1622 4529 ι
1658 4476 1769 4532 lloe
1797 4487 1903 4547 est,
1937 4480 2034 4533 hoe

2141 4482 2213 4544 ὡς
2270 4484 2493 4554 κέντρον
2547 4482 2625 4553 τῷ
2668 4481 2803 4550 οἴκῳ
2841 4483 3030 4536 Ἰούδα.
3064 4501 3082 4531 ι
3136 4483 3286 4536 Ἀντὶ
3327 4481 3437 4545 τοῦ,
3462 4480 3550 4551 τὴν
3579 4475 3662 4529 τῶν

460 4579 626 4634 stium
657 4571 1134 4631 conturbationem
1167 4570 1224 4623 in
1256 4583 1353 4625 eos
1377 4568 1654 4633 inducam,
1687 4578 1742 4624 et
1771 4577 2029 4640 tanquam

2141 4574 2414 4643 πολεμίων
2487 4574 2672 4638 αὐτοῖς
2721 4573 2910 4638 ἐπάξω
2949 4573 3218 4645 ταραχὴν,
3277 4572 3370 4629 καὶ
3411 4565 3512 4625 οἷον
3546 4564 3660 4620 exibi

461 4668 683 4724 stimulo
712 4662 945 4735 quodam
977 4658 1224 4731 pungeus
1284 4668 1337 4715 et
1379 4661 1592 4725 aculeo,
1641 4662 1900 4718 ultionem
1937 4677 2034 4732 per

2141 4666 2245 4719 τινὶ
2276 4665 2437 4731 νύξω,
2469 4665 2564 4719 καὶ
2594 4665 2820 4737 κέντρον
2853 4664 2952 4736 τὴν
2975 4665 3042 4720 δι’
3068 4664 3294 4720 ἐκείνων
3325 4664 3499 4726 αὐτοῖς
3523 4661 3662 4713 ἐπιτι-

452 4761 652 4814 hostes
688 4756 769 4811 eis
801 4752 1123 4808 admovebo.

532 4849 699 4905 Vens.
727 4849 825 4904 d5.
863 4865 882 4898 ι
917 4846 985 4900 Ει
1007 4843 1419 4916 viditEphraim
1449 4844 1822 4901 infirmitatem
1849 4861 2027 4912 suam,

456 4954 515 5000 et
542 4941 717 4997 'Judas
752 4939 994 4996 dolorem
1028 4952 1211 4994 suum.
1259 4955 1277 4989 ι
1326 4935 1460 4991 Nam
1496 4938 1869 5008 experimento
1914 4953 2030 4993 ma-

456 5036 636 5089 lorum
676 5046 898 5088 causam
942 5029 1152 5087 didicit.
1200 5049 1219 5081 ι
1254 5027 1320 5082 Et
1353 5027 1485 5084 abiit
1513 5027 1772 5098 Ephraim
1825 5028 1893 5083 ad
1922 5030 2027 5085 As-

460 5129 661 5201 syrios.
713 5146 730 5177 )
785 5123 919 5179 Nam
967 5138 1090 5178 cum
1140 5120 1265 5193 Syri
1320 5120 1371 5176 ei
1408 5120 1610 5175 bellum
1670 5119 2024 5185 intulissent,

2132 4757 2250 4821 θεὶς
2281 4757 2569 4828 τιμωρίαν.

2208 4850 2299 4919 ιγ’.
2334 4868 2353 4901 ι
2394 4850 2504 4903 Καὶ
2553 4845 2692 4903 εἶδεν
2721 4849 2961 4921 Ἐφραίμ
3018 4849 3115 4919 τὴν
3170 4851 3325 4903 νόσον
3373 4844 3545 4905 αὐτοῦ,
3588 4837 3661 4893 καὶ

2150 4939 2352 5004 Ἰούδας
2382 4940 2481 5010 τὴν
2507 4940 2700 5011 ὀδύνην
2728 4941 2916 4995 αὐτοῦ.
2946 4960 2965 4995 ι
2994 4940 3072 5011 Τῇ
3116 4941 3284 5011 πείρᾳ
3313 4939 3417 5009 γὰρ
3441 4928 3661 5006 ἔμαθεν¹⁸

2137 5032 2243 5085 τῶν
2273 5030 2458 5086 κακῶν
2473 5031 2574 5103 τὴν
2596 5032 2793 5086 αἰτίαν.
2831 5051 2849 5083 ι
2876 5033 2988 5085 Kal.
3020 5030 3287 5103 ἐπορεύθη
3320 5026 3539 5100 Ἐῳραῒμ
3555 5020 3661 5092 πρὸς

2148 5122 2480 5194 ’Λσσυρίους.
2511 5142 2528 5175 ι
2567 5122 2705 5175 Ὑπὸ
2732 5122 2840 5192 γὰρ
2865 5123 2973 5176 τῶν
2997 5122 3181 5194 Σύρων
3209 5123 3255 5155 ²⁹
3286 5117 3658 5190 πολεμούμενος,

1762 5293 1995 5350 VARUE
2038 5295 2437 5352 LECTIONES.

438 5494 441 5497 .
529 5442 575 5473 ²¹
605 5437 848 5506 Ἐξέστη.
878 5434 1038 5488 Hebr.
1070 5439 1193 5501 post
1224 5438 1339 5506 te.“
1372 5431 1418 5461 "
1450 5429 1491 5483 C
1518 5429 1605 5506 τον
1631 5435 1682 5483 et
1711 5428 1903 5506 deinde
1933 5428 2260 5506 τιμώμεκρν.
2331 5429 2377 5506 τ’*
2405 5429 2541 5506 lb_i_d.
2581 5432 2893 5506 ’παυεῖιέι-ιω,Δ
2936 5434 2981 5506 'f
3005 5432 3087 5503 ὄρ.
3113 5431 3152 5486 C
3181 5433 3390 5506 νόμους,
3413 5426 3592 5480 omisso
3614 5438 3653 5474 ν.

460 5497 845 5580 ἐφελκ.,’(ιυοὶι
881 5497 1154 5575 praecedit.
1224 5500 1269 5531 “
1378 5500 1720 5567 κατεπάτησε
1751 5501 1944 5602 κρῖμα,
1980 5497 2040 5552 ut
2069 5497 2122 5552 in
2160 5499 2371 5580 Compl.
2452 5501 2494 5531 ³⁷
2521 5517 2643 5568 ταρ.
2677 5501 2842 5556 Grab.
2873 5497 3102 5573 ἀράχνῃ,
3134 5517 3198 5555 ex
3245 5497 3537 5568 conjectura
3551 5505 3656 5615 cge-

464 5582 567 5615 ρης.
628 5586 903 5615 nit-noun“!
952 5571 1189 5615 Cahelln-
1238 5568 1373 5615 Crit.
1415 5567 1498 5615 Β.-
1527 5569 1563 5615 Ι.
1598 5571 1650 5615 ι.
1698 5583 1745 5615 c.
1786 5569 1836 5615 .l-
1871 5568 1974 5615 Sed
2026 5570 2201 5615 solent
2236 5582 2397 5615 etiam
2444 5572 2487 5615 oi
2543 5570 2698 5615 LXX
2758 5573 2983 5615 vnrlmm
3032 5570 3173 5615 rm
3207 5586 3298 5615 nor
3337 5565 3547 5615 ταοάττε
3606 5573 3650 5611 αι

463 5565 592 5642 suit,
628 5565 1189 5649 p'rzéeurné_'gabello,
1238 5567 1563 5649 C‘rit_._S.,_l_.
1598 5565 1652 5628 4,
1698 5565 1974 5649 c.1t‘)._'Sed
2026 5570 2201 5649 solent
2236 5565 2397 5649 etiam
2444 5572 2487 5622 οί
2536 5565 2700 5649 LXX.
2758 5565 3173 5635 verbiini'm
3204 5586 3298 5642 per
3337 5565 3650 5639 ταράττεσθαι

462 5636 753 5719 exponere.
824 5645 869 5678 ’⁸
898 5643 937 5699 C
968 5640 1189 5713 ἔμαθον.
1268 5639 1311 5670 ’⁸
1347 5637 1473 5708 Σύρ.
1514 5636 1586 5691 Ita
1618 5651 1742 5691 cum
1767 5638 1806 5693 (Ξ
1833 5638 2080 5710 legimus.
2117 5640 2282 5694 Sirm.
2323 5640 2645 5711 Ἀσσυρίων.
