3912 6206
283 355 414 424 1581

1585 357 1665 419 ΙΝ
1697 356 1885 418 OSEE
1917 356 2074 418 CAP.
2104 358 2205 420 VI.

3392 358 3530 428 1582

277 473 370 526 τῦν
399 470 566 533 Φουὰ.
591 469 838 540 βασιλεὺς
875 466 930 522 δὲ
960 458 1114 532 οὗτος
1133 461 1200 540 ἦν
1238 468 1557 538 Ἀσσυρίων,
1594 471 1839 524 ἐκάλεσει

1962 468 2176 540 1336
2229 467 2381 523 Phua
2442 483 2624 540 regem
2694 467 3046 541 Assyriorum
3089 471 3144 526 in
3220 474 3526 534 subsidium

274 565 357 630 εἰς
383 561 655 638 βοήθειαν.
685 579 703 612 ι
727 561 839 614 Καὶ
857 559 1143 614 ἀπέστειλε
1165 559 1425 632 πρέσϐεις
1461 559 1600 631 πρὸς
1629 560 1853 631 βασιλέα

290 652 492 725 Ἰαρεὶό
520 651 587 716 ⁸⁸,
622 651 717 704 καὶ
758 648 920 712 αὐτὸς
947 649 1048 702 οὐκ
1079 647 1317 720 ἠδυνήθη
1373 649 1640 720 ῥύσασθαι
1683 651 1848 720 ὑμᾶς,

275 747 369 800 καὶ
393 745 457 800 ού
489 743 562 816 μὴ
581 741 854 814 διαπαύσῃ
883 742 942 808 ἐξ
966 741 994 794 ύ
1003 742 1120 812 μῶν
1145 740 1325 814 ὀδύνη.
1356 761 1374 792 ι
1401 741 1570 796 Πάλιν
1589 741 1716 813 ὑμῖν
1743 744 1852 796 τῶν

287 835 590 905 Ἀσσυρίων
613 833 968 897 ἐπελθόντων,
994 832 1397 900 πρεσϐεύσεσθε
1423 834 1494 897 ⁸¹,
1525 834 1683 902 φησὶ,
1715 835 1853 906 πρὸς

271 927 363 980 τὸν
393 924 673 994 Αἰγύπτου
722 923 966 994 βασιλέα,
1022 923 1121 994 τὴν
1165 922 1377 976 ἐκεῖθεν
1417 921 1696 986 αἰτοῦντες
1729 925 1847 976 ἐπι-

273 1017 500 1087 κουρία)
530 1033 544 1048 ·
581 1013 696 1068 ἀλλ’
725 1016 875 1086 ὅμως
918 1013 1040 1067 οὐδὲ
1069 1015 1170 1084 τῆς
1207 1013 1416 1072 ἐκεῖθεν
1447 1013 1700 1080 τεύξεσθε
1720 1013 1850 1084 βοη-

273 1107 448 1172 θείας,
467 1107 583 1161 ἀλλ’
613 1105 825 1170 ὀδύναις
854 1105 1182 1177 ἐπαλλήλοις
1216 1105 1688 1177 παραδοθήσεσθε.
1725 1107 1848 1160 Ὀτι

269 1201 326 1252 δέ
360 1200 454 1253 τὸν
489 1199 714 1270 βασιλέα
754 1186 968 1266 Ἷαρείϐ
993 1197 1085 1250 τὸν
1115 1196 1392 1266 Αἰγύπτου
1420 1197 1578 1252 καλεῖ
1603 1197 1846 1268 βασιλέα,

269 1291 333 1346 ἐκ
364 1292 472 1346 τῶν
498 1291 636 1362 μετὰ
675 1291 850 1346 ταῦτα
888 1291 1068 1364 ρᾁιον
1121 1289 1334 1362 μαθεῖν.
1377 1298 1398 1342 ι
1447 1289 1697 1360 Ἐγένετο
1739 1289 1849 1362 γὰρ

282 1381 542 1453 Ἐφρατμ,
577 1381 653 1446 ὼς
686 1381 984 1452 περιστερὰ
1022 1380 1202 1445 ἄνους,
1231 1380 1333 1432 οὐκ
1365 1378 1564 1450 ἔχουσα
1594 1380 1846 1451 καρδίαν,

267 1475 544 1543 Αἴγυπτον
566 1473 908 1538 ἐπεκαλεῖτο,
926 1473 1018 1526 καὶ
1034 1473 1114 1536 είς
1130 1471 1449 1542 Ἀσσυρίους
1467 1472 1842 1542 ἐπορεύοντο.»

267 1567 396 1620 Δέον
427 1567 536 1637 γὰρ
565 1564 664 1636 τὴν
693 1565 831 1636 ἐμὴν
877 1562 1102 1632 αἰτῆσαι
1145 1561 1420 1634 βοήθειαν,
1478 1563 1572 1615 καὶ
1614 1563 1848 1624 δυνατὴν

267 1655 454 1723 οὖσαν,
513 1657 610 1712 καὶ
659 1656 781 1710 λίαν
835 1653 986 1726 αύτῷ
1043 1653 1405 1719 πελάζουσαν,
1453 1654 1581 1724 τῇδε
1620 1654 1846 1708 κάκεῖσε

267 1747 501 1803 δ.ετέλει
549 1746 902 1819 περινοστῶν,
962 1745 1057 1799 καὶ
1095 1746 1196 1808 τὰς
1242 1744 1487 1808 ἀσθενεῖς
1521 1743 1846 1814 ἐπικουρίας

268 1842 438 1898 αἰτῶν
457 1859 473 1874 ·
504 1841 756 1910 οὐδεμίαν
773 1841 817 1872 ³⁸
842 1838 899 1892 δὲ
929 1839 1116 1908 ὄνησιν
1148 1837 1212 1890 ἐκ
1245 1836 1345 1907 τῆς
1375 1835 1583 1890 τούτων
1622 1837 1846 1891 ἐπικου-
1877 1829 1918 1886 Β

266 1933 392 2006 ρίας
425 1931 816 2004 προσλήψεται.

343 2025 424 2079 ιδ’.
457 2043 476 2076 ι
516 2025 682 2088 Διότι,
747 2022 910 2092 φησὶν
929 2021 997 2084 ³³,
1055 2020 1168 2090 ἐγώ
1223 2023 1338 2092 είμι
1390 2020 1466 2084 ὡς
1506 2021 1724 2092 πάνθηρ
1764 2017 1842 2094 τῷ

278 2116 537 2188 Ἐφραῒμ,
562 2117 656 2169 καὶ
673 2115 748 2178 ὼς
789 2114 927 2168 λέων
954 2115 1032 2185 τῷ
1071 2113 1204 2185 οίκῳ
1241 2113 1432 2176 Ἰούδα,
1473 2115 1566 2166 καὶ
1595 2113 1706 2183 ἐγὼ
1741 2115 1842 2185 ἁρ-

267 2207 480 2280 πῶμαι,
521 2208 617 2262 καὶ
639 2207 998 2278 πορεύσομαι,
1027 2205 1120 2259 καὶ
1149 2205 1414 2276 λήψομαι,
1441 2207 1534 2259 καὶ
1563 2207 1664 2259 ούκ
1691 2206 1842 2260 ἐσται

263 2301 293 2354 ὁ
324 2299 728 2371 ἐξαιρούμενος.
759 2316 776 2349 ι
805 2299 901 2362 Τίς
950 2298 1057 2370 γὰρ
1088 2297 1404 2367 ἀντιστῆναι
1443 2300 1556 2360 τοῖς
1579 2298 1672 2350 ὑπ’
1705 2297 1841 2368 ἐμοῦ

263 2391 613 2462 γιγνομένοις
631 2391 961 2460 ’δυνήσεταη
985 2390 1069 2452 τίς
1092 2389 1148 2440 δὲ
1171 2389 1299 2450 τοὺς
1327 2389 1420 2442 ὑπ’
1453 2387 1589 2458 ἐμοῦ
1620 2373 1844 2452 κολαζοέ

264 2485 462 2554 μένους
485 2482 864 2552 ἐξαιρήσεται;

335 2581 418 2628 ιε’.
451 2595 469 2626 ι
499 2575 609 2627 Καὶ
639 2573 1006 2644 πορεύσομαι,
1040 2573 1134 2625 καὶ
1178 2569 1490 2640 ἐπιστρέψω
1519 2571 1598 2632 εἰς
1624 2570 1718 2622 τὸν
1748 2570 1841 2622 τό·

261 2682 366 2721 πον
397 2685 522 2737 μου,
554 2665 660 2728 ἓως
684 2659 745 2718 οὗ
770 2663 1162 2734 ἀφανισθῶσιν.
1189 2682 1211 2716 s
1247 2663 1528 2732 Ἐπέμεινε
1549 2664 1614 2731 τῇ
1641 2663 1838 2733 τροπῇ.

273 2759 496 2830 Ἐπειδὴ
525 2758 635 2827 γὰρ
657 2743 808 2810 εἶπεν
831 2775 844 2786 ·
866 2778 883 2808 ι
907 2757 994 2820 Ὠς
1022 2755 1257 2825 πάνθηρ,
1286 2755 1381 2807 καὶ
1397 2754 1472 2816 ὡς
1497 2753 1633 2806 λέων
1659 2754 1842 2816 αὐτοῖς

259 2853 481 2922 ἔσομαι,
514 2871 533 2902 ι
566 2851 836 2922 ἁρμοδίως
895 2850 1145 2920 ἐπήγαγε
1183 2847 1244 2900 τό
1267 2862 1280 2878 ο
1328 2865 1347 2897 ι
1396 2843 1740 2914 Ἐπιστρέψιο
1762 2844 1842 2906 είς

259 2944 355 2998 τὸν
382 2945 548 2998 τόπον
593 2961 734 3014 μου,
783 2943 886 3006 ἕως
931 2939 990 2996 οὗ
1050 2939 1442 3010 ἀφανισθῶσιν.
1477 2957 1495 2988 ι
1525 2937 1688 3000 Ἔθος
1732 2935 1842 3006 γὰρ

259 3035 360 3089 καὶ
387 3037 500 3096 τοῖς
533 3033 740 3104 θηρίοις
770 3033 1019 3095 ἐκείνοις,
1073 3033 1202 3084 ὃταν
1227 3047 1278 3082 τι
1298 3030 1344 3061 ³⁵
1373 3027 1734 3100 θηρεύσωσιν,
1763 3028 1843 3088 εἰς

260 3129 390 3190 τοὺς
428 3122 680 3194 συνήθεις
733 3122 1010 3176 ἐπανιέναι
1066 3121 1290 3184 τόπους,
1322 3121 1416 3172 καὶ
1453 3119 1546 3172 τὸν
1597 3119 1705 3170 ἀπὸ
1741 3116 1842 3186 τῆς

257 3216 438 3289 θήρας
463 3215 818 3285 ἐγγενόμενον
847 3213 1201 3268 διαναπαύειν
1225 3213 1408 3267 πόνον.
1436 3210 1607 3280 Κάγὼ
1634 3211 1836 3275 τοίνυν,

259 3309 422 3378 φησι,
445 3308 600 3377 δίκην
629 3308 906 3380 πάνθηρος
924 3307 1018 3360 καὶ
1051 3307 1286 3368 λέοντος,
1319 3305 1408 3358 διὰ
1431 3303 1539 3356 τῶν
1565 3303 1839 3372 πολεμίων

259 3400 393 3470 ὑμῖν
415 3398 675 3465 ἐπελθὼν,
700 3399 818 3453 κατ’
840 3399 1074 3469 ἐμαυτὸν
1119 3397 1303 3450 λοιπὸν
1331 3396 1547 3468 ἔσομαι,
1581 3394 1839 3466 προνοίας

262 3492 411 3563 ὑμᾶς
435 3491 554 3544 οὐδε
563 3491 690 3562 μιᾶς
722 3489 857 3556 ἁξιῶ
880 3491 948 3544 ³⁸.
1775 3479 1780 3483 ’

827 3599 1223 3654 ΚΕΦΛΛΛΙΟΝ
1259 3604 1332 3664 ς’.

332 3691 552 3748 Τούτων
603 3692 680 3760 δὲ,
729 3692 884 3763 φησι,
923 3692 1243 3762 γινομένων,
1280 3691 1379 3760 τὴν
1427 3689 1565 3760 ἐμὴν
1608 3689 1840 3759 κηδεμο-

253 3787 386 3841 νίαν
433 3785 844 3856 ἐπιζητήσουσι,
896 3786 989 3838 καὶ
1037 3783 1286 3854 ἀλλήλοις
1341 3780 1839 3852 παρακελεύσονται

256 3879 354 3932 τὸν
385 3877 484 3941 τὰς
507 3876 748 3938 παιδείας
779 3876 1129 3945 ἐπαγαγόντα
1159 3871 1434 3927 ἱκετεῦσαι
1464 3871 1617 3937 θεὸν,
1645 3870 1840 3925 κατάλ-

256 3971 424 4038 ληλον
452 3968 717 4022 ἐπιθεῖναι
743 3971 852 4032 τοῖς
881 3968 1156 4038 τραύμασι
1187 3969 1498 4038 φάρμακον.
1541 3983 1559 4016 ι
1587 3965 1708 4016 Ὅτι
1738 3961 1838 4015 αύ-

253 4059 372 4122 τὸς,
399 4059 551 4128 φησι,
587 4058 822 4110 πέπαικε
849 4057 914 4120 ³⁸,
947 4056 1038 4109 καὶ
1071 4056 1278 4109 ἰάσεται
1309 4056 1454 4124 ἡμᾶς
1476 4072 1488 4086 ·
1520 4051 1750 4116 πατάξει
1769 4051 1834 4119 ³⁷,

257 4150 358 4205 καὶ
389 4148 619 4220 μοτὼσει
650 4149 815 4220 ἡμᾶς.
850 4167 868 4197 ι
905 4147 1014 4200 Καὶ
1051 4147 1111 4200 τὸ
1161 4145 1427 4214 σύντομον
1481 4143 1584 4213 τῆς
1639 4145 1834 4206 ἰάσεως

261 4241 589 4313 παραδηλῶν
617 4259 631 4274 ο

333 4335 398 4406 β’.
435 4355 453 4386 ι
502 4335 744 4404 ’Υγιάσει
769 4335 913 4404 ἡμᾶς
942 4331 1079 4402 μετὰ
1104 4331 1194 4382 δύο
1222 4327 1454 4400 ἡμέρας,
1489 4329 1546 4380 ἐν
1581 4330 1646 4398 τῇ
1679 4327 1836 4398 τρίτῃ

255 4425 448 4498 ἡμέρᾳ
485 4423 901 4496 ἀναστησόμεθα
923 4423 966 4454 ³⁸
1006 4442 1023 4473 ι
1057 4422 1132 4474 Ού
1160 4422 1330 4473 δεῖται
1387 4418 1496 4488 γὰρ
1542 4419 1622 4480 εἰς
1669 4417 1830 4487 θεραο

1957 559 2270 614 accersivit.
2322 577 2342 612 ι
2367 559 2432 614 Et
2451 559 2598 614 misit
2625 559 2832 631 legatos
2848 561 2911 616 ad
2940 575 3118 632 regem
3135 563 3306 630 Jarib,
3331 577 3385 621 et
3410 567 3530 638 ipse

1953 663 2064 706 non
2113 651 2290 719 potuit
2334 651 2568 706 liberare
2597 666 2717 716 vos,
2751 667 2852 708 nec
2897 653 3134 709 cessabit
3179 670 3211 710 a
3236 657 3392 713 vobis
3421 659 3529 714 do-

1953 740 2056 795 lor.
2097 761 2116 794 ι
2146 740 2282 796 Cum
2314 757 2510 799 rursus
2537 742 2748 814 Assyrii
2779 744 2922 800 bello
2952 761 3050 802 vos
3080 747 3422 816 adorienlur,
3457 753 3528 809 de

1954 831 2160 886 auxilio
2209 832 2444 903 petendo
2475 833 2686 906 legatos
2723 834 2954 890 mittetis
2985 837 3050 890 ad
3097 837 3294 911 (Jarib)
3340 856 3527 913 regem

1953 921 2226 992 Egypti:
2277 923 2424 979 unde
2471 934 2652 1006 tamen
2705 927 2970 981 auxilium
3009 944 3118 983 non
3171 931 3526 1004 obtinebitis,

1953 1015 2048 1069 sed
2099 1015 2350 1069 dolorum
2399 1030 2594 1071 acervo
2638 1019 3075 1075 cumulabimini.
3133 1021 3292 1089 Quod
3341 1035 3523 1083 autem

1951 1121 2134 1178 regem
2159 1105 2314 1161 Jarib
2386 1108 2608 1180 Egypti
2640 1126 2820 1181 regem
2855 1123 3035 1176 vocet,
3061 1129 3125 1168 ex
3160 1119 3520 1186 sequentibus

1955 1197 2118 1254 facile
2170 1201 2544 1270 cognoscitur.
2603 1221 2622 1254 ι
2693 1201 2895 1260 Factus
2955 1206 3102 1260 enim
3172 1217 3276 1275 est,
3313 1211 3516 1282 inquit,

1951 1287 2210 1356 Ephraim
2237 1291 2394 1359 quasi
2421 1291 2672 1348 columba
2701 1293 2990 1364 insipiens,
3023 1312 3132 1352 non
3168 1298 3374 1356 habens
3402 1317 3521 1370 cor,

1953 1376 2248 1450 Egyptum
2284 1381 2590 1447 invocabat,
2630 1392 2685 1438 et
2721 1383 2788 1438 ad
2841 1385 3101 1456 Assyrios
3131 1389 3388 1446 abierunt
3427 1402 3473 1448 ι.
3497 1414 3520 1446 ι

1950 1469 2085 1524 Nam
2148 1486 2272 1526 cum
2320 1486 2351 1526 a
2397 1487 2485 1529 me
2539 1475 2648 1544 peti
2706 1486 2985 1547 Oporteret
3030 1481 3314 1550 auxilium,
3373 1487 3521 1556 quod

1950 1563 2200 1620 sullicere
2235 1572 2449 1634 poterat
2477 1574 2532 1621 et
2577 1567 2628 1622 ei
2656 1568 2898 1624 vicinum
2941 1587 3004 1626 ac
3033 1576 3340 1642 proximum
3381 1587 3521 1646 erat,

1949 1656 2057 1711 huc
2097 1663 2150 1710 et
2180 1656 2310 1711 illuc
2352 1658 2620 1712 continuo
2655 1661 2932 1725 currebat,
2965 1672 3020 1718 et
3065 1665 3278 1722 inﬁrma
3311 1684 3524 1740 quaere-

1947 1746 2043 1800 bat
2080 1747 2318 1815 auxilia,
2350 1763 2474 1818 qua:
2515 1759 2696 1806 tamen
2733 1755 2870 1807 nulli
2903 1764 3068 1810 erunt
3105 1757 3154 1812 ei
3182 1759 3520 1830 adiumento.

2019 2015 2183 2074 Vens.
2222 2020 2308 2074 M.
2345 2038 2364 2074 ι
2403 2019 2542 2088 Quia
2590 2037 2690 2093 ego
2725 2039 2871 2089 sum,
2933 2027 3131 2098 inquit,
3176 2033 3333 2100 quasi
3381 2051 3520 2106 pan-

1944 2111 2101 2166 thera
2163 2111 2497 2180 Ephraimo,
2533 2121 2587 2170 et
2639 2117 2798 2185 quasi
2847 2119 2930 2173 leo
2979 2121 3164 2176 domui
3208 2123 3364 2182 Iuda:
3406 2146 3420 2183 :
3464 2140 3520 2186 et

1945 2217 2048 2273 ego
2073 2202 2310 2272 rapiam,
2342 2212 2395 2257 et
2425 2203 2640 2271 Vadam,
2665 2215 2720 2261 et
2749 2209 2936 2262 tollam
2967 2227 2980 2264 :
3029 2219 3084 2266 et
3131 2228 3239 2268 non
3267 2216 3370 2270 erit
3421 2221 3518 2289 qui

1943 2302 2121 2352 eruat.
2157 2313 2176 2345 ι
2217 2293 2352 2360 Quis
2386 2297 2532 2351 enim
2583 2297 2652 2354 iis
2704 2313 2828 2368 qua:
2867 2315 2897 2352 a
2945 2316 3032 2356 me
3076 2304 3214 2358 llum
3257 2323 3316 2362 se
3346 2324 3520 2381 oppe-

1944 2400 2076 2440 nere
2108 2384 2348 2452 poterit?
2389 2386 2514 2456 quis
2543 2402 2638 2444 eos
2691 2389 2787 2458 qui
2829 2403 2860 2443 a
2891 2405 2979 2446 me
3009 2393 3322 2462 plec'tnntur
3381 2400 3521 2458 libe-

1943 2477 2125 2532 rabit‘.’

2015 2567 2183 2626 Vens.
2231 2571 2315 2626 l5.
2367 2588 2387 2622 ι
2425 2571 2546 2633 Ibo,
2599 2581 2652 2626 et
2687 2581 2930 2626 revertar
2981 2574 3036 2629 in
3077 2575 3256 2631 locum
3312 2594 3518 2649 meum,

1944 2659 2119 2716 donec
2150 2663 2487 2732 dispereant.
2516 2681 2535 2714 ι
2563 2661 2809 2718 Perstitit
2842 2663 2896 2718 in
2923 2666 3203 2736 allegoria.
3235 2668 3367 2725 Nam
3387 2675 3518 2744 quia

1943 2751 2125 2806 dixit:
2169 2771 2188 2805 ι
2251 2754 2408 2808 Sicut
2465 2753 2753 2823 panthera,
2796 2765 2852 2811 et
2899 2757 3044 2812 sicut
3083 2759 3165 2815 leo
3214 2762 3296 2818 eis
3337 2779 3450 2832 ero,
3491 2787 3513 2820 ι

1943 2845 2192 2913 apposite
2237 2845 2511 2914 adjunxit.
2572 2864 2592 2898 ι
2633 2843 2898 2901 Revertar
2943 2849 2998 2902 in
3049 2850 3228 2906 locum
3294 2871 3513 2926 meum,

1943 2935 2116 2990 donec
2147 2936 2484 3006 dispeream.
2525 2956 2544 2988 ι
2592 2936 2860 3004 Quoniam
2920 2956 3039 2998 mos
3089 2954 3173 3000 est
3212 2946 3296 3002 his
3335 2948 3466 3007 feris
3493 2993 3512 3015 ,
3573 3014 3578 3018 η

1944 3041 2068 3081 cum
2105 3027 2384 3098 quidpiam
2419 3037 2627 3084 venata:
2651 3029 2876 3094 fuerint,
2913 3031 2980 3086 ad
3017 3033 3134 3090 loca
3177 3051 3276 3091 sua
3306 3041 3510 3108 redire,

1946 3117 2132 3187 ibique
2159 3134 2218 3174 se
2258 3135 2505 3175 recreare
2535 3135 2565 3174 a
2607 3121 2815 3187 labore,
2848 3139 3010 3193 quem
3039 3130 3290 3184 venando
3322 3147 3516 3191 susce-

1943 3219 2174 3278 perant;
2233 3225 2355 3279 ego,
2398 3211 2600 3280 inquit,
2652 3227 2804 3266 more
2861 3215 3141 3283 pantherae
3191 3227 3244 3274 et
3303 3223 3516 3296 1337

1942 3299 2140 3362 leonis,
2181 3315 2307 3353 cum
2360 3316 2458 3370 per
2504 3302 2690 3358 hostes
2749 3303 2805 3358 in
2859 3320 2960 3362 vos
3015 3308 3250 3377 irruero,
3313 3314 3514 3374 deinde

1942 3390 2173 3445 seorsim
2207 3389 2419 3461 degant,
2459 3392 2663 3447 nullam
2696 3395 2850 3450 vobis
2882 3411 3070 3452 curam
3101 3401 3443 3472 impertiens.

2539 3591 2769 3649 CAPUT
2823 3596 2910 3652 Vl.

2012 3679 2092 3753 [1]
2159 3679 2292 3736 Cum
2347 3681 2486 3746 haec,
2541 3685 2740 3754 inquit,
2793 3687 2867 3740 ita
2906 3688 3057 3752 ﬁent,
3110 3693 3514 3760 providentiam

1941 3785 2116 3826 meam
2163 3771 2486 3842 requirent:
2540 3784 2594 3830 et
2625 3783 2816 3830 mutuo
2847 3794 2907 3832 se
2955 3780 3396 3840 exhortabnutur
3443 3791 3514 3844 ad

1941 3863 2360 3932 supplicandum
2390 3864 2498 3920 Deo
2525 3869 2930 3923 correctionum
2973 3874 3207 3936 auctori,
3241 3883 3298 3929 ut
3321 3893 3514 3934 eorum

1941 3955 2257 4011 vulneribus
2282 3956 2620 4012 commodam
2655 3944 2974 4015 medicinam
3017 3962 3292 4022 adhibeat.
3335 3966 3515 4034 «Quia

1941 4047 2056 4114 ipse
2086 4047 2414 4115 verberavit,
2452 4059 2506 4102 et
2553 4041 2772 4104 sanabit
2804 4041 2906 4106 nos
2945 4070 2958 4106 :
3007 4057 3297 4123 percutiet,
3331 4067 3388 4112 et
3414 4075 3516 4114 cu-

1939 4137 2082 4226 rabit
2113 4152 2234 4192 nos.
2273 4158 2292 4189 ι
2346 4139 2410 4192 Et
2450 4141 2788 4196 celeritatem
2839 4143 3120 4199 medicina:
3163 4148 3508 4210 ostendens;

2009 4315 2172 4370 Vens.
2211 4318 2267 4371 2.
2297 4337 2315 4368 ι
2352 4318 2581 4373 Sanabit
2609 4335 2709 4375 nos
2739 4331 2863 4390 post
2888 4321 3028 4376 duos
3062 4321 3198 4386 dies,
3229 4325 3393 4378 tertio
3421 4325 3535 4383 re?

1938 4423 2246 4476 surgemus.
2271 4427 2289 4459 ι
2320 4408 2438 4461 Νοη
2463 4410 2610 4462 enim
2647 4410 2853 4480 indiget
2889 4411 3121 4465 circuitu
3156 4417 3414 4482 temporis
3447 4421 3514 4472 ad

254 4519 420 4571 πείαν
445 4518 699 4587 χρονικῆς
732 4515 998 4585 περιόδου,
1051 4512 1166 4566 ἀλλ’
1211 4509 1412 4581 ἀθρόαν
1466 4507 1692 4579 παρέξει
1738 4509 1837 4576 τὴν

1951 4499 2288 4565 medendum,
2319 4500 2414 4552 sed
2447 4500 2678 4554 celerem
2710 4501 2994 4556 sanitatem
3022 4503 3230 4559 aﬂ‘eret.
3265 4505 3364 4561 Per
3395 4507 3512 4564 lucc

253 4609 470 4678 ὑγίειαν
489 4609 553 4640 ³9⁸
570 4608 862 4661 αἰνίττεται
884 4605 940 4658 δέ
969 4606 1056 4658 διὰ
1081 4603 1284 4657 τούτων
1311 4603 1404 4655 καί⁸
1428 4600 1525 4670 τὴν
1551 4599 1638 4651 διὰ
1663 4596 1830 4670 τριῶν

251 4697 481 4769 ἡμερῶν
531 4697 826 4766 γενομένην
885 4693 976 4746 τοῦ
1023 4690 1272 4761 Σωτῆρος
1319 4689 1636 4749 ἀνάστασιν,
1671 4687 1704 4758 ἢ
1735 4687 1832 4756 τῆς

251 4790 442 4859 κοινῆς
497 4789 846 4848 ἀναστάσεως
893 4785 1108 4853 ἐγένετο
1165 4781 1438 4852 πρόξενος,
1506 4779 1599 4832 καὶ
1665 4780 1828 4831 πᾶσιν

247 4883 385 4951 ἡμῖν
415 4879 718 4951 δεδώρηται
742 4877 838 4948 τὴν
881 4875 982 4944 τῆς
1035 4875 1330 4934 ἀθανασίας
1375 4871 1584 4935 ἐλπίδα,
1615 4871 1702 4922 διὰ
1732 4869 1830 4938 τῆς

248 4973 334 5034 είς
379 4971 470 5024 τὸν
510 4971 640 5023 Θεὸν
686 4968 1030 5037 ἐπιγνώσεως
1087 4963 1445 5033 ἐγγινομένην
1473 4963 1538 5017 ⁵ο.
1574 4981 1591 5012 ι
1629 4962 1716 5016 Ἐν
1761 4963 1827 5032 τῇ

249 5061 416 5135 τρίτῃ
455 5061 584 5131 γὰρ,
625 5057 810 5132 φησὶν,
855 5057 1038 5130 ἡμέρα
1067 5054 1506 5126 ἀναστησόμεθα,
1533 5054 1624 5106 καὶ
1662 5052 1826 5122 ζησό-

327 5249 352 5276 ι
374 5236 480 5295 Isa.
511 5253 606 5305 vn,
634 5236 712 5294 Η.

1940 4597 2118 4643 autem
2146 4589 2396 4659 designat
2421 4590 2584 4644 etiam
2616 4601 2740 4660 post
2769 4601 2882 4648 tres
2917 4592 3036 4648 dies
3073 4594 3269 4649 factam
3325 4595 3513 4654 Salva-

1939 4681 2074 4735 toris
2099 4681 2582 4745 resurrectionem,
2603 4698 2721 4752 quae
2743 4683 3020 4752 publicam
3042 4687 3508 4745 resurrectionem

1940 4776 2272 4842 conciliavit,
2305 4777 2672 4846 omnibusque
2707 4778 2870 4833 nobis
2898 4793 3049 4848 spem
3079 4780 3511 4839 immortalitatis

1938 4869 2107 4930 dedit,
2136 4884 2200 4921 ex
2239 4868 2330 4922 Dei
2385 4867 2698 4939 cognitione
2751 4871 3014 4924 innatam.
3059 4889 3077 4922 ι
3122 4871 3306 4927 Tertio
3361 4877 3509 4930 enim

1937 4962 2043 5027 die,
2075 4961 2272 5030 inquit,
2309 4977 2684 5031 resurgemus,
2731 4971 2784 5017 et
2821 4961 3074 5018 vivemus
3103 4978 3288 5018 coram
3325 4982 3412 5033 eo,
3453 4977 3512 5023 et

1935 5069 2350 5122 cognoscemus.
2395 5070 2414 5106 ι
2460 5053 2593 5108 Nam
2642 5060 2764 5122 post
2815 5053 3298 5124 resurrectionem,
3331 5057 3512 5128 inquit

1526 5383 1758 5440 mnu-13
1801 5383 2203 5442 LECTIONES.
2309 5414 2315 5418 -
3375 5351 3438 5432 ς

329 5537 376 5568 ³ο
407 5533 448 5590 C
484 5529 820 5605 ΊῂαρείμᾏΙιιι
849 5543 1063 5605 quinque
1097 5525 1319 5605 deinde.
1341 5595 1361 5605 _
1389 5527 1430 5605 ξι
1465 5543 1566 5605 πρ..
1590 5520 1748 5605 .Edi‘t.
1794 5542 1839 5594 pl

1973 5524 2100 5605 halt.
2154 5524 2613 5605 ἐπρεσϐεύσασθε.
2685 5526 2730 5605 ξ’
2787 5524 2992 5605 οῦδὲ

3053 5527 3200 5594 eis»
3287 5519 3338 5594 1’
3369 5535 3504 5594 φησι

251 5607 378 5662 Des.
413 5581 470 5658 in
495 5581 878 5658 ὃξβῗῖόῧτ*
899 5581 1067 5652 alia.
1144 5598 1188 5628 ³⁸
1221 5597 1261 5650 C
1297 5595 1480 5660 ἀξιῶν.
1511 5581 1621 5649 Ἀι)
1664 5597 1767 5648 alia
1794 5581 1837 5646 ἰ

1957 5612 1985 5644 ιι
2042 5597 2094 5646 in
2148 5581 2320 5662 marg.
2377 5597 2642 5659 additum,
2692 5598 2748 5648 ἐν
2799 5596 2974 5662 θλίψει
3021 5581 3255 5662 αἷῦτῶνκ
3285 5581 3504 5662 “ﬁtfit.

610 5680 694 5726 est
733 5671 974 5740 ἥρπακε.
1025 5669 1088 5740 7"
1117 5655 1492 5740 πατπέ-ἤμᾷς.
1520 5667 1600 5740 ab
1630 5666 1839 5740 alianta

1962 5667 2014 5716 in
2044 5665 2082 5716 C
2115 5655 2447 5740 suppletum.
2525 5668 2568 5698 ³⁸
2597 5655 2788 5720 ἀναστ.
2819 5666 2858 5718 C.
2890 5655 3059 5724 addit,
3093 5660 3187 5713 καὶ
3224 5655 3506 5726 ζησόμεθα

251 5747 492 5804 ἐναντίον
532 5741 720 5806 αὑτοῦ,
743 5734 834 5793 καὶ
860 5739 1202 5808 γνωσόμεθα.
1279 5739 1320 5768 ³³
1361 5734 1400 5791 C
1429 5737 1636 5804 ὑγείαν.
1715 5738 1758 5766 ιο
1779 5736 1820 5790 C.
1851 5734 2266 5806 ἐγγιγνομένην,
