3912 6206
505 307 641 375 1583

1483 311 1965 374 TIIEODORETI
1993 314 2331 376 EPISCOPI
2365 317 2728 377 CYRENSIS

3572 325 3680 392 i581

500 419 825 491 Apostolus,
868 433 1219 489 cognoscam,
1281 420 1424 476 sicut
1475 432 1530 478 et
1582 431 1836 494 cognitus
1895 440 2059 480 sum:

2171 429 2309 500 μεθα
2339 430 2582 484 ἐναντίον
2626 427 2810 493 αὑτοῦ,
2861 430 2954 484 καὶ
3007 430 3334 501 γνωσόμεθα.
3364 451 3382 484 ι
3411 436 3552 494 Μετὰ
3590 446 3679 515 γὰρ

501 529 526 565 ι
558 511 713 566 Nunc
742 512 898 585 ,enim
943 522 1215 581 cognosco
1244 527 1310 567 ex
1359 521 1535 582 parte,
1568 521 1701 569 tunc
1752 525 1937 571 autem
1970 532 2067 570 co-

489 617 758 673 gnoscam
815 600 958 654 sicut
992 606 1047 654 et
1077 601 1329 671 cognitus
1360 617 1482 657 sum
1518 613 1565 655 ο.
1616 620 1634 652 ι
1674 602 1757 675 [5}
1791 604 1943 659 Tunc
1969 605 2067 676 igi-

500 702 610 758 tur,
639 689 836 760 inquit,
870 689 1267 745 accuratiorem
1294 706 1476 745 rerum
1509 692 1790 748 notionem
1832 694 2068 766 accipie—

496 797 621 838 mus
652 800 665 836 :
704 799 723 834 ι
758 779 913 836 Nunc
948 796 1347 852 persequamur
1373 791 1432 839 ut
1459 798 1863 853 cognoscamus
1887 784 2067 840 Donni-

495 890 649 931 num.
692 894 711 927 ι
743 873 1021 941 Studiose,
1061 875 1264 947 inquit,
1300 887 1356 932 et
1401 877 1659 933 alacrier
1691 878 2063 948 requiramus.

493 967 631 1024 Nam
673 987 691 1020 ι
734 968 889 1038 quasi
944 983 1103 1024 mane
1151 978 1400 1039 paratum
1465 970 1808 1027 inveniemus
1849 987 1999 1028 cuin.
2042 990 2061 1026 ›

497 1056 652 1113 Sicut
679 1059 824 1113 enim
877 1057 1179 1114 diluculum
1243 1060 1421 1118 noctis
1474 1061 1736 1118 tenebras
1790 1062 2065 1126 dissolvit,

499 1148 714 1220 1338
747 1150 828 1205 sic
856 1152 973 1219 ipse
1005 1150 1167 1206 nobis
1213 1152 1562 1211 imminentes
1601 1155 1932 1211 tcntationcs
1976 1170 2066 1212 re-

494 1241 676 1312 pellet.
710 1253 763 1297 et
793 1239 1154 1311 providentiae
1191 1257 1306 1299 sua:
1354 1245 1567 1300 radium
1603 1246 1889 1315 praebebit.
1936 1265 1954 1298 ι
2000 1246 2065 1301 Et

495 1330 674 1387 veniet
728 1333 888 1387 nobis
949 1333 1109 1403 quasi
1166 1335 1349 1403 pluvia
1400 1337 1689 1393 matutina.
1715 1345 1770 1393 et
1823 1338 2064 1393 serotina

485 1431 674 1477 terrae.
708 1440 727 1475 ι
791 1422 1046 1478 Omnium
1100 1424 1246 1478 enim
1309 1425 1581 1483 bonorum
1634 1427 1851 1495 copiam
1906 1427 2065 1482 nobis

492 1508 683 1566 faciet.
713 1510 840 1566 Post
869 1511 1010 1566 hanc
1036 1511 1257 1568 illorum
1293 1514 1345 1569 in
1383 1514 1582 1575 melius
1620 1516 2060 1582 conversionem,

499 1611 757 1672 tanquam
790 1613 942 1673 pater
964 1601 1263 1663 liberorum
1287 1606 1699 1663 amantissimus
1729 1606 1797 1662 ad
1826 1623 1922 1665 eos
1943 1623 2064 1664 rep

496 1693 561 1749 ba
599 1693 746 1749 facit.

561 1880 726 1936 Vens.
766 1881 820 1936 4.
858 1898 876 1932 ι
915 1878 1057 1947 Quid
1100 1878 1296 1935 faciam
1344 1879 1466 1947 tibi,
1502 1878 1948 1952 Ephraim?quid
1986 1880 2063 1935 fa-

490 1975 629 2029 ciam
676 1974 799 2035 tibi,
825 1971 999 2026 Juda?
1043 1971 1420 2028 misericordia
1462 1980 1644 2027 autem
1689 1982 1871 2029 vestra
1905 1974 2061 2044 quasi

491 2064 664 2118 nubes
697 2064 984 2128 matutina,
1012 2070 1064 2117 et
1091 2063 1252 2133 quasi
1290 2079 1382 2120 ros
1423 2079 1584 2119 mane
1610 2066 2007 2135 pertransicns.
2036 2082 2056 2123 ι

493 2155 622 2225 Ego,
658 2155 856 2225 inquit,
885 2156 1033 2209 omni
1085 2154 1424 2224 benignitate
1466 2170 1565 2212 vos
1608 2155 1823 2211 allicere
1856 2158 2059 2226 cupio:

493 2252 547 2298 at
578 2255 756 2299 vestra
791 2243 1111 2313 pmnitentia
1162 2253 1516 2314 temporanea
1565 2253 1668 2309 est,
1726 2253 1780 2299 et
1810 2261 1918 2299 non
1961 2244 2057 2301 diu

490 2343 794 2405 permanet,
816 2335 931 2389 reri
960 2335 1158 2404 exiguo
1185 2334 1500 2404 persimilis.
1527 2336 1617 2406 qui
1648 2351 1679 2389 α
1709 2336 1825 2391 sole
1852 2337 2060 2391 exhau-

489 2425 651 2488 ritur,
687 2434 740 2478 et
773 2424 1004 2490 nebulai,
1035 2439 1154 2493 qua:
1187 2439 1345 2478 mane
1374 2424 1733 2494 conspicitur,
1768 2432 1823 2478 et
1856 2439 1887 2477 a
1926 2423 2059 2481 solis

487 2515 660 2572 radiis
697 2514 1018 2585 dissipatur.
1062 2513 1397 2574 Pmuitentia:
1428 2521 1612 2569 autem
1641 2526 2059 2569 commcnsura-

487 2616 578 2663 tur
626 2604 1028 2662 misericordia.
1091 2603 1349 2660 Attamen
1408 2619 1508 2660 vos
1552 2603 1639 2659 vel
1702 2603 1777 2657 ita
1835 2604 2060 2659 allectos

485 2697 636 2753 omni
687 2711 818 2753 cura
865 2695 1122 2767 prosequi
1174 2697 1543 2767 perseveravi,
1598 2696 1673 2751 ita
1752 2703 1812 2750 ut
1868 2704 2063 2750 auctor

485 2789 681 2844 mortis
713 2788 1105 2858 prophetarum
1129 2802 1375 2843 meorum
1408 2788 1605 2844 fuerim
1639 2806 1651 2843 :
1702 2804 1828 2844 nam
1860 2788 1930 2843 ad
1963 2803 2060 2843 vos

486 2877 856 2933 instituendos
878 2892 974 2932 eos
1004 2877 1274 2944 mittens“,
1305 2877 1388 2935 eis
1413 2888 1644 2935 mortem
1678 2893 1708 2934 a
1742 2878 1901 2935 vobis
1927 2892 2060 2933 con-

472 2969 689 3025 ciliavi.
724 2966 849 3024 Hrec
875 2970 1025 3025 enim
1055 2970 1296 3037 ostendit
1348 2985 1474 3026 cum
1506 2970 1648 3026 dixit
1684 2988 1699 3026 :

558 3265 727 3321 Vens.
767 3265 823 3320 5.
852 3284 873 3317 ι
917 3263 1213 3337 Propterea
1244 3264 1456 3320 succidi
1506 3266 1798 3337 prophetas
1824 3278 2057 3336 vestros,

476 3354 666 3413 occidi
694 3369 791 3411 eos
816 3356 985 3412 verbo
1009 3358 1124 3412 oris
1155 3355 1286 3419 mei,
1318 3362 1373 3410 et
1401 3355 1665 3427 judicium
1698 3374 1877 3413 meum
1903 3362 2061 3430 quasi

478 3444 585 3499 *lux
634 3445 965 3515 egredietur.
1001 3465 1020 3499 ι
1072 3444 1206 3499 Nam
1250 3446 1354 3502 etsi
1411 3462 1601 3504 omnes
1648 3451 1942 3520 prophetas
1994 3453 2063 3510 de

492 3535 673 3591 medio
703 3537 928 3601 tollatis,
964 3544 1146 3591 tamen
1190 3552 1298 3592 non
1328 3538 1540 3595 'l'alsam
1573 3542 1865 3597 ostendere
1911 3554 2060 3613 pole-

492 3628 611 3682 ritis
642 3628 986 3698 prophetiam
1019 3649 1030 3683 :
1069 3644 1193 3685 nam
1243 3638 1501 3701 tanquam
1546 3633 1734 3690 lumen
1781 3635 2058 3704 quoddam

488 3719 770 3775 veritatem
814 3720 934 3790 ejus
963 3722 1271 3777 ostendam.

556 3810 724 3868 Vens.
765 3810 820 3878 6,
857 3812 908 3867 7.
945 3829 963 3864 ι
1004 3810 1144 3879 Quia
1194 3814 1632 3872 misericordiam
1668 3815 1814 3882 volo,
1861 3824 1916 3872 et
1948 3832 2057 3873 non

486 3906 851 3964 sacriﬁcium:
883 3906 1168 3961 scientiam
1194 3905 1290 3964 Dei
1323 3908 1495 3979 magis
1519 3923 1682 3979 quam
1713 3909 2058 3967 holocausta.

487 3998 592 4068 Ipsi
627 4012 756 4053 vero
782 4004 912 4053 sunt
946 3997 1091 4054 sicut
1118 3998 1284 4053 homo
1317 3998 1726 4070 transgrediens
1754 4000 1956 4066 fmdus,
1984 4000 2061 4059 ibi

491 4088 705 4159 1339
740 4088 885 4144 enim
924 4096 1380 4160 contempserunt
1415 4104 1522 4146 me.
1550 4108 1570 4142 ι
1605 4089 1904 4149 Sacriﬁciis
1937 4092 2060 4163 qui-

486 4178 632 4244 deni,
657 4177 852 4248 inquit,
872 4192 981 4231 non
1009 4193 1161 4249 egeo,
1183 4178 1426 4248 suscipio
1448 4186 1627 4234 tamen
1648 4178 1739 4235 illa
1768 4181 1839 4236 ob
1866 4190 2060 4238 vestra:

485 4270 685 4325 mentis
709 4268 1103 4325 inﬁrmitatem.
1146 4268 1265 4324 Duo
1310 4277 1496 4325 autem
1526 4269 1644 4325 haec
1679 4273 1862 4344 exigo,
1903 4289 2057 4329 amo-

486 4376 599 4417 rem
628 4375 758 4431 erga
791 4375 898 4425 me,
929 4369 984 4417 et
1017 4375 1145 4431 erga
1172 4360 1487 4431 proximum
1523 4361 1895 4421 dilectionem.
1928 4365 2055 4423 Haec

483 4452 630 4508 enim
660 4452 771 4507 duo
796 4454 972 4521 prima
1003 4451 1179 4520 posui,
1213 4466 1338 4507 cum
1368 4452 1513 4524 leges
1544 4455 1871 4512 candorem:
1914 4477 1933 4510 ι
1956 4457 2051 4513 Di-

483 4542 619 4612 liges
648 4539 935 4596 Dominum
984 4537 1155 4595 Deum
1193 4549 1349 4597 tuum
1379 4557 1449 4598 ex
1487 4551 1603 4599 toto
1646 4547 1810 4602 corde
1840 4554 1956 4614 tuo,
1998 4564 2047 4605 et

472 4649 551 4687 cx
582 4641 694 4686 tota
740 4631 922 4685 anima
961 4642 1074 4696 tua,
1108 4640 1163 4688 et
1207 4648 1273 4692 ex
1313 4641 1429 4690 tota
1482 4644 1666 4693 mente
1717 4645 1831 4704 tua,
1890 4648 1947 4696 et
1982 4652 2047 4697 ex

480 4723 742 4778 omnibus
771 4723 981 4779 viribus
1017 4726 1130 4781 tuis
1164 4744 1177 4780 :
1225 4734 1280 4783 et
1320 4726 1515 4800 diliges
1554 4729 1861 4800 proximum
1897 4739 2049 4788 tuum

484 4813 626 4867 sicut
660 4820 712 4866 te
744 4812 1009 4889 ipsum).
1068 4836 1087 4868 ι
1124 4816 1324 4873 Verum
1368 4817 1484 4873 hate
1532 4834 1632 4890 ego
1679 4821 1899 4891 quidem
1934 4823 2050 4894 lege

484 4903 641 4958 sanxi
677 4923 691 4960 :
737 4913 792 4960 at
821 4907 923 4977 ipsi
955 4910 1163 4966 similes
1195 4909 1321 4965 laeti
1368 4920 1498 4967 sunt
1546 4911 1772 4977 homini,
1813 4917 1907 4985 qui
1936 4916 2052 4971 vio-

474 4997 559 5052 ‘lat
587 5005 744 5067 pacta
786 5006 907 5071 qua:
939 5016 1064 5057 cum
1102 5002 1291 5073 aliquo
1326 5003 1469 5058 iniit.
1509 5000 1774 5060 Similiter
1820 5006 1968 5060 enim
1995 5014 2050 5062 et

482 5087 598 5152 isti,
656 5088 973 5158 patientiam
1034 5107 1211 5148 meam
1261 5100 1715 5158 contemnentes,
1770 5095 1916 5167 leges
1969 5097 2051 5153 eis

483 5177 767 5250 impositas
797 5183 1209 5237 conculcarunt.

522 5354 578 5399 η
613 5358 629 5412 1
660 5358 785 5415 Cor.
825 5377 945 5427 xm,
983 5362 1070 5417 12.
1149 5364 1175 5403 h
1205 5362 1371 5420 Marc.
1414 5381 1510 5428 xu,
1551 5366 1639 5429 '50,
1673 5366 1763 5420 5|.

1820 5459 1902 5514 VA
1913 5457 2053 5516 ΒΙΑΣ

554 5563 595 5594 “
619 5562 660 5617 Ο
688 5562 1005 5643 γιγνομένη,
1058 5563 1122 5643 ’⁸³
1150 5563 1270 5643 αιΰτ.
1306 5564 1480 5635 Supra
1527 5568 1578 5621 in
1627 5570 1965 5643 Prooem._ad
1998 5570 2059 5625 De

2175 5571 2242 5626 δι’
2269 5573 2414 5643 ὑμᾶς
2446 5574 2571 5638 τοὺς

482 5632 647 5707 nitur.
678 5631 770 5707 _“
798 5631 891 5688 καὶ
922 5631 1017 5707 oti.
1058 5631 1132 5688 lta
1175 5633 1355 5696 Alcm,
1389 5631 1551 5707 quem
1589 5641 1836 5707 sequitur
1875 5640 2021 5696 Hier.
2058 5642 2164 5696 Sed
2198 5631 2422 5697 lectioni
2452 5631 2576 5701 cod'.

1913 5711 1958 5742 “
1983 5728 2115 5781 φησ.
2159 5711 2283 5767 Des.
2311 5713 2365 5768 in
2399 5712 2463 5769 C.

490 5703 608 5756 tuli.
644 5703 859 5774 aliique.
930 5704 972 5736 ⁸⁸
1003 5705 1087 5757 ἐκ.
1151 5720 1272 5757 κατ.
1325 5703 1445 5775 μου.
1497 5705 1617 5763 Des.
1647 5703 1699 5762 iii
1746 5710 1805 5763 Ο.

2166 521 2267 592 τὴν
2327 522 2653 587 ἀνάστασιν,
2704 522 2869 593 φησὶν
2895 523 2925 576 ὁ
2963 522 3295 589 ’Λπόστολος,
3328 527 3682 603 ἐπιγνώσομαι,

2169 613 2350 678 καθὼς
2373 615 2467 668 καὶ
2502 614 2854 686 ἐπεγνώσθην
2879 631 2892 644 ·
2934 634 2953 666 ι
2987 614 3147 685 ’Ἄρτι
3172 615 3274 686 γὰρ
3289 618 3519 686 γινώσκω
3536 626 3589 676 ἐκ
3609 626 3686 696 μέ-

2170 704 2451 773 ρους,τότε
2466 702 2935 776 δὲὲπιγνώσομαι,
2961 704 3145 770 καθὼς
3176 707 3270 761 καὶ
3309 708 3641 783 ἐπεγνώσθην.
3660 733 3676 766 ι

2167 796 2298 849 Τότε
2318 795 2517 860 τοίνυν,
2542 794 3146 868 φησὶν,ἀκρι6εστέραν
3164 796 3270 850 τῶν
3284 800 3587 870 πραγμάτων
3602 804 3682 874 τὴν

2166 886 2367 955 γνῶσιν
2395 886 2659 959 δεξόμεθα
2677 905 2692 920 ·
2735 908 2753 942 ι
2780 888 2895 942 Νῦν
2919 889 2975 942 δὲ
3000 888 3277 962 διώξωμεν
3303 891 3389 946 τοῦ
3415 893 3587 960 γνῶναι
3612 898 3683 950 τὸν

2169 976 2395 1050 Κύριον.
2427 996 2447 1031 a
2477 979 2809 1044 Σπουδαίως,
2825 981 2983 1052 φησὶ,
3004 981 3096 1035 καὶ
3116 981 3513 1053 προθυμοτέροις
3532 986 3684 1057 ἐπιζη-

2164 1071 2439 1141 τήσωμεν.
2472 1088 2490 1122 ι
2515 1070 2600 1134 Ὠς
2618 1070 2727 1142 γὰρ
2744 1071 2940 1144 ὄρθρον
2960 1072 3178 1143 ἕτοιμον
3200 1074 3486 1144 εὑρήσομεν
3504 1077 3676 1132 αὑτόν.ι

2166 1160 2433 1233 Καθάπερ
2471 1162 2576 1233 γάρ
2600 1164 2630 1215 ὁ
2653 1161 2848 1234 ὄρθρος
2887 1163 3005 1217 λύει
3037 1165 3135 1235 τῆς
3161 1164 3347 1227 νυκτὸς
3370 1166 3426 1219 τὸ
3455 1166 3678 1234 ζοφῶδες,

2164 1252 2339 1319 οὕτως
2377 1254 2538 1319 αὐτὸς
2569 1254 2677 1311 τῶν
2700 1255 3069 1325 ἐπικειμένων
3098 1258 3244 1328 ἡμᾶς
3287 1258 3558 1324 ἀπαλλάξει
3584 1277 3679 1313 πει-

2168 1346 2412 1419 ρασμῶν,
2446 1348 2667 1419 καὶτῆς
2714 1345 2883 1403 αὑτοῦ
2927 1347 3184 1418 προνοίας
3222 1349 3318 1421 τὴν
3357 1350 3530 1403 ἀκτῖνα
3566 1366 3681 1422 παρ-

2164 1439 2294 1506 έξει.
2331 1459 2351 1492 ι
2375 1441 2484 1494 Καὶ
2517 1439 2637 1510 ἥξει
2662 1442 2794 1511 ἡμῖν
2818 1440 2894 1504 ὡς
2939 1440 3091 1504 ὑετὸς
3139 1439 3379 1512 πριᾶμος
3414 1444 3497 1496 καὶ
3527 1443 3682 1514 etme;

2163 1532 2231 1602 τῇ
2259 1533 2351 1602 γῇ.
2382 1549 2401 1582 ›
2436 1531 2659 1585 Πάντων
2701 1533 2810 1604 γὰρ
2837 1533 2969 1602 ἡμῖν
2999 1532 3110 1587 τῶν
3137 1534 3352 1602 ἀγαθῶν
3379 1535 3577 1607 παρέξει
3607 1538 3681 1609 τὴν

2164 1621 2445 1691 ἀφθονίαν.
2486 1623 2643 1678 Μετά
2688 1623 2894 1694 ταύτην
2930 1624 3112 1680 αὐτῶν
3144 1626 3243 1697 τὴν
3279 1627 3369 1680 ἐπὶ
3401 1627 3457 1680 τὸ
3486 1631 3681 1697 κρεῖττον

2167 1713 2469 1786 μεταϐολὴν
2493 1755 2506 1777 ,
2565 1714 2819 1786 καθάπερ
2871 1733 2959 1778 τις
3018 1718 3202 1788 πατὴρ
3245 1717 3566 1786 φιλόστοργος
3607 1720 3680 1790 τὴν

2099 1794 2143 1852 Β
2175 1803 2309 1875 πρὸς
2339 1804 2535 1868 αὐτοὺς
2564 1808 2798 1860 ποιεῖται
2830 1806 3088 1874 διάλεξιν.

2234 1896 2297 1951 δ’.
2337 1897 2447 1950 «Τί
2501 1915 2584 1952 σοι
2641 1899 2873 1970 ποιήσω,
2915 1899 3202 1970 Ἐφραῒμ;
3249 1908 3307 1962 τί
3353 1915 3433 1951 σοι
3491 1899 3676 1968 ποιήσω,

2174 1985 2339 2040 Ἰούδα
2369 2003 2385 2053 ;
2430 1988 2503 2041 Τὸ
2543 1988 2601 2041 δὲ
2645 1987 2791 2053 ἔλεος
2826 1988 2999 2059 ὑμῶν,
3030 1989 3107 2054 ὡς
3140 1989 3332 2059 νεφέλη
3367 1991 3577 2061 πρωῖνὴ,
3609 1992 3678 2043 καὶ

2161 2078 2238 2145 ὡς
2278 2080 2467 2150 δρόσος
2508 2080 2732 2153 ὀρθρινὴ
2784 2081 3151 2153 πορευομένη.
3188 2099 3207 2132 ι
3251 2079 3388 2148 Ἐγὼ
3441 2082 3528 2151 μὲν
3565 2081 3676 2152 γὰρ,

2162 2170 2319 2242 φησι,
2352 2170 2532 2240 πάσης
2561 2171 2706 2241 ὑμᾶς
2749 2171 2978 2239 ἀξιῶσαι
3038 2171 3438 2242 φιλανθρωπίας
3473 2172 3675 2242 ἐθέλω-ἠ

2159 2260 2217 2314 δὲ
2272 2261 2401 2330 παρ’
2452 2257 2605 2331 ὑμῶν
2653 2263 2975 2334 γινομένηδι
3015 2264 3345 2334 μεταμέλεια
3395 2263 3672 2334 πρόσκαιρός

2160 2351 2297 2415 ἐστι,
2332 2352 2427 2406 καὶ
2458 2353 2520 2405 οὐ
2553 2351 2805 2424 διαρκὴς,
2838 2354 2933 2407 καὶ
2959 2352 3101 2406 ἔοικε
3145 2354 3319 2427 δρόσῳ
3351 2353 3558 2425 βραχείᾳ
3582 2370 3677 2406 ουν-

2162 2440 2446 2514 ισταμένῃ,
2474 2444 2567 2496 καὶ
2609 2444 2715 2497 ὑπὸ
2758 2444 2911 2515 ⁴ίιλίου
2950 2444 3344 2518 δαπανωμένη,
3392 2448 3477 2499 καὶ
3526 2444 3677 2514 νεφέλῃ

2156 2530 2325 2587 ἔωθεν
2351 2535 2786 2606 προφαινομένῃ,
2822 2536 2916 2588 καὶ
2950 2535 3055 2589 ὑπὸ
3086 2536 3196 2588 τῶν
3245 2537 3467 2590 ἀκτίνων
3495 2535 3672 2589 σκεδαν-

2159 2622 2366 2694 νυμένῃ
2391 2640 2404 2656 ⁸
2430 2626 2499 2695 τῇ
2529 2623 2587 2677 δὲ
2631 2625 2963 2697 μεταμελείᾳ
2999 2630 3434 2697 παραμετρεῖται
3468 2627 3521 2680 τὸ
3548 2626 3673 2689 ἔλεος.

2174 2713 2312 2768 Ἀλλ’
2334 2716 2482 2785 ὅμως
2507 2716 2599 2769 καὶ
2620 2714 2793 2781 οὕτως
2820 2717 2962 2788 ὑμᾶς
2988 2717 3367 2789 διακειμένους
3393 2717 3675 2785 παντοδαπῆς

2160 2805 2478 2877 ἐπιμελείας
2525 2807 2691 2874 ἀξιῶν
2738 2808 3038 2877 διετέλεσα,
3073 2811 3154 2875 ὡς
3200 2811 3292 2864 καὶ
3337 2814 3441 2875 τοῖς
3490 2808 3674 2881 ἐμαυτοῦ

2162 2901 2466 2969 προφήταις
2518 2900 2691 2963 αἴτιος
2728 2900 2959 2956 θανάτου
3010 2901 3268 2970 γενέσθαι
3296 2918 3310 2933 ο
3340 2906 3414 2966 είς
3464 2901 3675 2974 ὑμετέραν

2160 2990 2270 3061 γάρ
2297 2991 2495 3055 αὐτοὺς
2536 2991 2878 3047 ἀποστέλλων
2903 2992 3277 3055 διδασκαλίαν,
3310 2995 3397 3047 τὸν
3422 2993 3535 3063 παρ’
3560 2991 3675 3062 ὑμῶν

2163 3081 2346 3146 αὐτοῖς
2371 3083 2712 3155 προύξένησα
2739 3082 2987 3140 θάνατον.
3014 3083 3203 3138 Ταῦτα
3224 3085 3335 3155 γάρ
3356 3084 3588 3155 ἐδήλωσεν
3616 3081 3672 3132 εἱ-

2166 3173 2371 3246 ρηκώς.

2231 3260 2295 3317 ε’.
2331 3282 2351 3315 ι
2385 3263 2483 3318 Διά
2523 3263 2679 3319 τοῦτο
2724 3262 3029 3336 ἀπεθέρισα
3073 3265 3204 3330 τοὺς
3237 3264 3502 3337 προφήτας
3539 3261 3672 3332 ὓμῶνο

2159 3350 2457 3409 ἀπέκτεινα
2479 3353 2675 3418 αὐτοὺς
2703 3353 2747 3383 δ’
2781 3354 2837 3406 ὲν
2871 3355 3077 3424 ῥήματι
3109 3354 3376 3427 στόματός
3399 3372 3508 3425 μου,
3539 3350 3675 3404 καὶτὸ

2168 3443 2347 3514 κρῖμά
2381 3459 2482 3515 μου
2517 3442 2592 3507 ὡς
2633 3443 2748 3512 φῶς
2798 3441 3159 3508 ἐξελεύσεται.
3198 3465 3217 3498 ι
3256 3446 3364 3500 Καὶ
3410 3446 3509 3515 γὰρ
3546 3443 3673 3497 ᾶπαν-

2158 3551 2259 3599 τας
2283 3536 2409 3597 τοὺς
2448 3536 2732 3606 προφήτας
2762 3533 2829 3588 ἂν
2853 3536 3106 3608 ἀνέλητε,
3138 3540 3199 3591 οὐ
3230 3536 3507 3610 δυνήσεσθε
3544 3533 3672 3597 δεῖξαι

2160 3625 2258 3697 τὴν
2288 3626 2621 3700 προφητείαν
2650 3624 2822 3697 ψευδῆ
2843 3642 2857 3657 ·
2891 3619 3003 3681 οἷόν
3035 3646 3087 3682 τι
3111 3628 3158 3661 ’⁵⁸
3184 3632 3293 3701 γὰρ
3337 3630 3449 3700 φῶς
3474 3624 3559 3696 τὴν
3574 3622 3670 3676 ταύ-

2160 3734 2261 3788 την
2286 3717 2541 3786 ἀλήθειαν
2574 3718 2850 3784 ἐπιδείξω.

2233 3817 2306 3876 ς’.
2348 3829 2366 3863 ι
2405 3810 2551 3864 Διὸτι
2574 3810 2722 3866 ἔλεον
2758 3813 2917 3879 θέλω,
2958 3813 3051 3867 καὶ
3083 3815 3146 3868 οὐ
3175 3812 3220 3846 ⁸⁸
3254 3811 3465 3866 θυσίαν
3491 3802 3669 3860 καὶέπὶ-

2158 3919 2357 3973 γνωσιν
2398 3901 2556 3967 Θεοῦ,
2599 3902 2632 3975 ἦ
2684 3903 3141 3977 ὁλοκαυτώματα.
3177 3904 3340 3959 Δὺτοὶ
3383 3902 3436 3956 δέ
3480 3896 3669 3957 είσινῦς

2158 3992 2443 4064 ἄνθρωπος
2470 3995 2823 4066 παραϐαίνων
2850 3997 3141 4071 διαθήκην,
3173 3999 3291 4052 ἐκεῖ
3318 3988 3666 4064 κατεφρόνησῶι

2161 4099 2263 4154 μου
2290 4082 2355 4138 ⁸⁵.
2392 4103 2410 4136 ι
2441 4084 2658 4139 Θυσιῶν
2703 4087 2802 4158 μὲν
2831 4089 2957 4161 γάρ,
2988 4087 3241 4160 φησὶν,⁸⁶
3275 4087 3333 4142 οὐ
3380 4082 3666 4158 προσδέομαι,

2155 4171 2380 4245 δέχομαι
2428 4173 2486 4228 δὲ
2532 4175 2733 4242 ταύτας
2761 4181 2828 4251 τῇ
2880 4179 2981 4248 τῆς
3012 4178 3286 4251 ὑμετέρας
3313 4178 3519 4249 γνώμης
3545 4171 3665 4227 ἀσθε-

2158 4265 2281 4339 νείᾳ
2328 4268 2798 4337 συγκαταϐαίνων.
2842 4271 3085 4325 Ἀπαιτῶ
3110 4271 3169 4326 δὲ
3193 4272 3261 4325 τὰ
3282 4272 3371 4325 δύο
3394 4267 3563 4328 ταῦτα.
3593 4262 3663 4331 τήν

2157 4374 2217 4411 τε
2264 4359 2393 4431 περὶ
2424 4359 2526 4431 ἐμὲ
2556 4358 2794 4429 εὔνοιαν,
2824 4363 2919 4416 καὶ
2945 4364 3044 4435 τὴν
3094 4364 3175 4427 είς
3205 4362 3294 4416 τὸν
3328 4360 3483 4423 πέλας
3520 4353 3661 4424 φιλαν-

2085 4475 2128 4529 0
2157 4447 2420 4520 θρωπίαν.
2452 4449 2637 4509 Ταῦτα
2663 4452 2770 4525 γάρ
2792 4454 2883 4507 καὶ
2911 4453 3217 4525 νομοθετῶν
3245 4451 3430 4525 πρῶτα
3456 4450 3660 4503 τέθεικα’

2161 4561 2181 4595 ι
2222 4543 2553 4616 Ἀγαπήσεις
2582 4543 2787 4616 Κύριον
2821 4545 2913 4600 τὸν
2938 4546 3069 4600 Θεόν
3096 4563 3191 4600 σου
3226 4545 3285 4611 ἐξ
3312 4545 3431 4613 ὅλης
3455 4542 3541 4611 τῆς
3563 4551 3661 4604 καθ’

2142 4632 2263 4698 δίας
2309 4654 2423 4701 σου,
2460 4638 2554 4691 aut
2586 4637 2644 4704 ἐξ
2689 4637 2816 4708 ὅλης
2860 4640 2959 4709 τῆς
2980 4640 3160 4711 ψυχῆς
3201 4656 3315 4703 σου,
3342 4638 3429 4691 καὶ
3471 4634 3523 4699 ἐξ
3557 4629 3651 4698 ὅλης

2146 4728 2248 4797 τῆς
2279 4727 2513 4790 διανοίας
2559 4745 2676 4790 σου,
2712 4731 2807 4783 καὶ
2841 4729 2901 4795 ἐξ
2952 4729 3078 4803 ὅλης
3122 4732 3224 4802 τῆς
3267 4724 3522 4799 δυνάμεώς
3546 4732 3655 4773 σου·

2151 4819 2245 4871 καὶ
2277 4818 2581 4889 ἀγαπήσεις
2610 4819 2704 4872 τὸν
2744 4821 2970 4893 πλησίον
3005 4840 3120 4886 σου,
3150 4824 3226 4888 ὡς
3260 4819 3487 4876 σεαυτόν.
3508 4834 3525 4868 ι
3559 4806 3660 4865 Ἀλλ’

2151 4911 2263 4974 ὲγω
2304 4911 2402 4980 μὲν
2431 4911 2607 4965 ταῦτα
2630 4912 3032 4985 νενομοθέτηκα
3058 4931 3071 4944 ·
3096 4915 3253 4968 αὐτοὶ
3286 4913 3341 4967 δὲ
3366 4910 3574 4964 ἐοίκασιν
3595 4902 3660 4954 ἄν·

2157 5001 2358 5073 θρώπφ
2383 5004 2481 5067 τὰς
2524 5006 2889 5076 συγκειμένας
2932 5006 3081 5078 αὑτῷ
3115 5007 3251 5077 πρός
3281 5022 3394 5060 τινα
3442 4992 3660 5069 παρασαε·

2157 5109 2303 5146 νοντι
2335 5093 2628 5165 συνθήκας.
2680 5097 3085 5169 ῐΙαραπλησίως
3130 5097 3239 5169 γάρ
3283 5097 3371 5150 καὶ
3411 5088 3557 5147 οὗτοι.
3583 5082 3657 5148 τῆς

2160 5183 2302 5252 έμῆς
2361 5169 2739 5256 μακροθυμίας
2772 5188 3269 5260 καταφρονοῦντες,
3303 5185 3421 5249 τοὺς
3453 5176 3657 5236 τεθέντας

2160 5276 2341 5339 αὐτοῖς
2366 5276 2646 5348 ὲπάτησαν
2670 5278 2883 5350 νόμους.

2090 3139 2136 3203 C

2093 5458 2501 5518 LECTIONES.
2864 5440 2907 5481 λ

2754 5594 2908 5699 adradi;
2914 5578 3033 5699 σίιξν
3059 5575 3224 5699 ἓν(ξὲ
3230 5573 3310 5699 tBl
3315 5576 3552 5699 ιὲἶόιὲιέἱῗη

2706 5643 2745 5700 ιζ
2775 5643 2813 5718 ἢ
2845 5647 3033 5704 θυσίαν
3066 5647 3251 5705 favent
3290 5643 3518 5701 Irenaeus,
3545 5643 3647 5684 ἰα’-

3805 4474 3807 4591 i

3801 4880 3803 4967 ι
