3912 6206
278 365 413 431 1585

1554 375 1634 433 IN
1674 374 1860 433 OSEE
1898 373 2057 434 CAP.
2097 372 2226 433 VII.

3399 366 3534 432 1586

338 489 412 549 η’,
448 481 515 534 θ’.
551 500 568 531 ι
613 483 1001 552 Κατεφρὸνησέ
1053 503 1154 555 μου
1188 487 1229 517 ⁸⁷
1282 487 1532 556 Γάλγαλα
1581 487 1649 553 ιθ,
1698 488 1841 551 πόλις

2028 485 2189 541 Vens.
2223 486 2276 548 8,
2307 485 2361 539 9.
2397 482 2776 552 «Cuntempsit
2812 496 2895 535 me
2921 480 3162 552 Galgala,
3197 480 3391 536 civitas
3412 497 3535 552 quae

270 572 617 645 ἐργαζομένη
675 574 902 643 μάταια,
954 578 1299 647 ταράττουσα
1333 579 1377 612 ⁸⁸
1431 578 1595 650 being.
1656 580 1759 633 Καὶ
1814 582 1847 651 ή

274 664 428 734 ἰσχύς
484 680 577 717 σου
624 663 818 735 ἀνδρὸς
868 669 1147 737 πειρατοῦ.
1183 690 1201 722 ι
1234 671 1451 742 Ταύτης
1479 671 1573 725 καὶ
1597 672 1710 726 ἄνω
1751 672 1850 741 τῆς

270 753 484 817 πόλεως
536 754 985 825 ἐμνημόνευσεν,
1034 758 1111 822 ὼς
1164 760 1402 827 εἰδώλοις
1456 764 1845 834 ἀνακειμένης,

271 846 367 897 καὶ
398 845 628 907 πολλοὺς
658 847 738 908 εἰς
766 846 1020 900 ἀσέϐειαν
1055 851 1483 923 ἐκκαλουμένης.
1516 851 1852 921 ΐαράσσειν

268 931 326 984 δὲ
367 933 563 995 αὐτοὺς
613 932 717 1002 ἐφη
748 932 936 1003 ὕδωρ,
971 938 1031 988 τὸ
1075 940 1315 1011 καθαρὸν
1366 942 1467 1011 τῆς
1521 942 1849 1010 θεογνωσίας

267 1022 645 1076 ἐπιθολοῦσαν.
675 1025 930 1095 Πειρατῇ
958 1028 1015 1080 δὲ
1037 1028 1136 1100 τὴν
1160 1032 1312 1101 ἰσχὺν
1334 1034 1503 1103 αὐτῆς
1524 1034 1846 1095 ἀπείκασεν,

267 1113 457 1183 ἐπειδὴ
492 1117 777 1183 γοητικαίς
824 1120 1186 1186 μαγγανείαις
1235 1123 1329 1174 καὶ
1379 1124 1676 1195 σοφίσμασί
1736 1140 1848 1177 τισι

271 1206 779 1274 μεμηχανημένοις,
811 1207 909 1271 τὰς
939 1209 1046 1262 τῶν
1088 1211 1323 1265 εἰδώλων
1372 1215 1654 1268 ἐποιοῦντο
1692 1217 1849 1286 κινή-

269 1314 402 1358 σεις.
441 1296 703 1369 Καθάπερ
737 1300 847 1370 γάρ
882 1301 931 1353 οἱ
988 1305 1246 1373 πειραταὶ
1282 1305 1519 1376 κρύϐδην
1565 1311 1679 1370 τοῖς
1721 1326 1849 1362 ναυ-

265 1388 601 1457 τιλλομένοις
635 1392 889 1456 ἐπιᾶσιν,
949 1392 1124 1457 οὕτως
1156 1397 1203 1447 οἱ
1252 1396 1360 1450 τῶν
1400 1399 1637 1453 εἰδώλων
1687 1399 1847 1470 θερα-

268 1480 492 1545 πευταὶ,
529 1481 604 1551 μὴ
633 1482 919 1552 δυνάμενοι
960 1485 1130 1552 δεῖξαι
1175 1489 1469 1559 προφανῶς
1513 1493 1612 1561 τὴν
1642 1493 1848 1546 τούτων

265 1572 571 1641 ἐνέργειαν,
608 1573 695 1628 διὰ
747 1575 854 1628 τῶν
900 1581 1378 1650 μεμηχανημένων
1429 1583 1611 1647 αὐτοῖς
1653 1601 1847 1654 τεχνα-

267 1662 494 1730 σμάτων
545 1663 857 1729 ἐξαπατῶσι
905 1673 1033 1732 τοὺς
1098 1671 1379 1743 ἀνοήτους.
1434 1675 1562 1727 Δέον
1610 1676 1668 1729 δὲ
1722 1678 1850 1739 τοὺς

264 1747 446 1814 θείους
478 1749 659 1821 ἱερέας
717 1752 854 1822 μετὰ
901 1756 1215 1826 παρρησίας
1259 1758 1505 1828 ἐλέγχειν
1536 1759 1637 1831 τὴν
1668 1761 1850 1815 τετολ-

1955 587 2217 650 operatur
2260 591 2401 631 vana
2438 584 2493 629 ct
2539 573 2834 629 conturbat
2889 586 3107 642 aquam.
3166 571 3231 625 Et
3270 572 3537 627 fortitudo

1955 680 2047 725 tua
2083 670 2185 725 viri
2221 670 2432 740 piratae.
2475 687 2492 720 ι
2547 666 2722 735 llujus
2754 665 2906 720 urbis
2940 663 3101 719 etiam
3151 678 3317 733 supra
3379 678 3535 717 men-

1955 762 2156 816 tionem
2206 760 2353 824 fecit,
2388 769 2447 813 ut
2482 757 2644 812 idolis
2676 755 2895 816 deditae.
2922 765 2975 808 et
3006 755 3210 807 multos
3244 753 3311 806 ad
3349 753 3535 822 impie-

1953 860 2118 907 tatem
2151 850 2510 922 provocantis
2569 849 2634 901 Et
2663 848 2979 902 conturbare
3024 860 3120 901 eos
3155 862 3344 915 aquam
3370 846 3532 911 dixit,

1952 959 2072 1012 (iure
2106 943 2369 997 nimirum
2416 941 2508 996 Dei
2557 939 2841 995 notionem
2893 951 3085 1006 puram
3121 934 3377 990 sordibus
3410 935 3532 989 iuti-

1950 1035 2152 1090 ciebat.
2188 1033 2390 1087 Pirum:
2428 1046 2560 1086 vero
2590 1042 2785 1084 eorum
2821 1024 3197 1081 fortitudinem
3222 1029 3527 1092 comparat,

1950 1124 2094 1195 quod
2125 1124 2525 1194 praestigiarum
2572 1120 2749 1192 plenis
2802 1116 3310 1172 machinationibus
3343 1124 3395 1168 ct
3427 1115 3530 1168 fal-

1952 1216 2109 1271 laciis
2138 1213 2471 1286 quibusdam
2503 1212 2644 1267 idola
2688 1209 2893 1265 moveri
2924 1206 3185 1264 iacerent.
3222 1205 3439 1261 Etenim
3476 1216 3530 1259 ct

1950 1308 2042 1379 qui
2080 1307 2366 1378 piraticam
2412 1304 2656 1367 faciunt,
2706 1301 2922 1357 occulte
2976 1299 3296 1369 navigantes
3349 1298 3531 1353 adori-

1953 1408 2121 1454 untur
2154 1416 2169 1453 :
2204 1398 2285 1454 sic
2319 1396 2590 1452 idolorum
2628 1394 2894 1459 cultores,
2926 1406 3034 1446 non
3067 1400 3254 1461 aperte
3290 1389 3530 1445 valentes

1951 1493 2186 1547 istorum
2231 1488 2525 1545 eliicaciam
2558 1487 2957 1548 demonstrare,
2989 1482 3316 1552 insipientes
3360 1497 3529 1536 exco-

1949 1579 2135 1650 gitatis
2174 1578 2508 1650 quibusdam
2558 1576 2848 1631 fraudibus
2899 1572 3113 1628 fallunt.
3165 1573 3302 1628 Cum
3345 1580 3528 1628 autem

1951 1687 2052 1741 par
2104 1679 2277 1734 esset,
2316 1678 2523 1725 tantam
2563 1667 2894 1738 impietatem
2931 1681 2961 1720 a
3016 1665 3109 1720 Dei
3144 1663 3531 1721 sacerdotibus

1950 1762 2119 1819 libere
2151 1761 2503 1834 reprehendi,
2537 1759 2762 1816 silentio
2804 1756 3181 1828 praeteribant,
3234 1754 3526 1824 impiorum

267 1841 520 1913 μημένην
544 1843 825 1909 ἀσέϐειαν,
849 1846 1072 1915 ἐσίγων,
1114 1849 1216 1919 τὴν
1242 1849 1351 1903 τῶν
1385 1829 1728 1907 ἀσεϐούντων
1755 1853 1841 1907 δε-

1951 1829 2232 1911 ιῑιιιεηιεέ
2258 1853 2553 1910 insaniam.
2577 1849 2755 1908 Justis
2812 1851 2980 1921 igitur
3016 1847 3230 1920 13w
3252 1850 3319 1904 de
3343 1847 3530 1903 causis

260 1932 435 1997 διότες
470 1935 687 2006 μανίαν.
742 1936 979 2001 Εἰκότως
1008 1938 1187 1992 τοίνυν
1217 1940 1397 1996 αὐτῶν
1432 1943 1525 1998 καὶ
1570 1944 1718 2015 μάλα
1766 1947 1844 1999 δι-

264 2023 437 2088 καίως
463 2029 780 2096 κατηγορεῖ,
816 2025 990 2095 λέγων
1006 2042 1020 2057 ·

337 2135 357 2167 ι
398 2116 682 2188 Ἕκρυψαν
727 2120 888 2189 ἱερεῖς
923 2119 1039 2173 ὁδὸν
1070 2121 1275 2192 Κυρίου
1303 2124 1373 2189 ⁸η,
1425 2124 1721 2191 ἐφόνευσαν
1752 2127 1839 2180 Σί-

261 2226 439 2278 κημα,
468 2208 550 2261 ὅτι
579 2208 808 2279 ἀνομίαν
838 2210 1098 2281 ἐποίησαν
1120 2211 1186 2266 ⁸⁸.
1216 2213 1292 2284 (ι’,
1319 2216 1433 2283 ια’.)
1473 2216 1560 2268 Ἐν
1594 2216 1671 2286 τῷ
1704 2219 1839 2289 οἴκῳ

273 2294 491 2368 Ἰσραὴλ
527 2293 668 2352 εἶδον
713 2299 958 2371 φρικώδη
1002 2303 1121 2354 ἐκεῖ
1149 2306 1404 2375 πορνείαν
1436 2306 1532 2358 τοῦ
1573 2307 1835 2380 Ἐφραῒμ,

259 2391 495 2460 ἐμιάνθη
533 2390 766 2461 Ἰσραήλ.
804 2391 912 2445 Καὶ
956 2393 1124 2447 Ἰούδα
1144 2397 1188 2427 ⁸³
1235 2397 1414 2466 ἀφῆκε
1444 2398 1700 2471 θερισμὸν
1737 2402 1838 2455 αὑ-

258 2480 378 2536 τοῦ.
394 2500 414 2534 ι
448 2484 514 2535 Ὃ
533 2482 591 2535 δὲ
618 2482 783 2549 λέγει.
799 2483 1037 2539 τοιοῦτόν
1057 2487 1191 2542 ἐστι.
1224 2488 1357 2542 Λευῒ
1374 2491 1442 2554 ³³,
1459 2494 1486 2544 ὁ
1506 2492 1613 2546 τῶν
1646 2494 1834 2564 ἱερέων

260 2573 587 2645 προπάτωρ,
625 2572 703 2643 τῷ
755 2574 981 2645 Συμεὼν
1030 2581 1374 2650 χρησάμενος
1410 2585 1677 2656 συνεργῷ,
1733 2588 1834 2658 τὴν

257 2660 553 2730 Σικιμιτῶν
589 2665 740 2716 πόλιν
770 2665 938 2735 ἄρδην
958 2667 1222 2736 ἠφάνισεν
1245 2669 1483 2737 ἃπασαν,
1506 2674 1603 2744 τῆς
1631 2677 1711 2739 είς
1733 2677 1832 2747 τὴν

256 2752 492 2825 ἀδελφὴν
560 2755 772 2827 ὕϐρεως
843 2760 1034 2829 ποινὴν
1090 2761 1214 2824 τοὺς
1272 2768 1736 2835 πεπαρῳνηκότας
1784 2769 1832 2801 ⁸⁸

256 2847 655 2916 πραττόμενος.
689 2849 943 2919 Ἐγκαλεῖ
965 2856 1080 2917 τοῖς
1128 2855 1383 2925 ἱερεῦσιν.
1417 2858 1497 2911 ὅτι
1517 2873 1530 2886 '
1573 2861 1828 2914 Ἑκείνιιιν

255 2938 410 3002 ὅντες
450 2939 726 3008 ἀπόγονοι,
755 2943 864 2997 τῶν
892 2945 1136 3014 ἐκείνων,
1180 2949 1365 3017 φησιν,
1409 2949 1507 3003 οὐκ
1559 2952 1829 3022 ἐσχήκατε

256 3026 441 3094 ζῆλον.
484 3030 711 3083 Ἐκεῖνοι
743 3032 842 3101 μὲν
868 3033 977 3103 γὰρ
1023 3035 1370 3107 ἐτιμώρησαν
1412 3037 1716 3111 ὴδ⁵κημένῃ
1761 3042 1827 3112 τῇ

256 3120 490 3191 ἀδελφῇ,
540 3121 633 3175 καὶ
670 3123 810 3194 ὑπὲρ
856 3125 956 3195 τῆς
1007 3125 1267 3198 πατρῴας
1302 3130 1480 3193 oixia;
1505 3130 1783 3203 ἐζήλωσαν
1812 3149 1826 3163 '

256 3209 419 3279 ὑμεῖς
445 3210 523 3276 δὲ,
563 3214 739 3283 πάσης
772 3216 935 3286 τιμῆς
970 3216 1355 3284 ἀπολαύοντες,
1404 3220 1525 3274 οὐδὲ
1567 3222 1837 3292 διελέγξαι

252 3302 360 3374 τὴν
388 3305 471 3367 εἰς
492 3304 592 3375 ἐμὲ
618 3307 948 3380 γιγνομένην
973 3312 1320 3382 παρανομίαν
1341 3314 1656 3384 ἠνέσχεσθε.
1699 3317 1838 3371 Ἀλλ’

256 3392 502 3463 ὁρῶντες
532 3396 602 3450 τὰ
633 3399 878 3471 φρικώδη
907 3402 1089 3455 ἐκεῖνα
1122 3403 1218 3456 καὶ
1253 3404 1393 3474 μετὰ
1416 3404 1571 3470 δέους
1597 3408 1842 3480 μιάσμαο

257 3503 353 3548 τα,
381 3487 480 3556 οὐχ
510 3488 601 3556 ὑφ’
628 3489 747 3553 ἑνὸς
776 3488 1064 3563 ἀνθρώπου
1091 3494 1439 3565 τολμώμενα,
1470 3497 1605 3551 ἀλλὰ
1643 3500 1842 3565 παντὸς

260 3577 359 3630 τιιῦ
386 3595 445 3632 τε
483 3580 721 3652 Ἐφραῒμ
741 3584 948 3637 καὶτοῦ
982 3586 1170 3649 Ἰούδα,
1196 3587 1454 3655 σιγῶντες
1482 3590 1838 3649 διετελέσατε.

261 3668 340 3721 Τὸ
367 3669 426 3722 δὲ
476 3671 693 3725 πάντων
719 3675 1108 3747 ἀνιαρώτατον,
1142 3678 1223 3731 ὅτι
1257 3679 1380 3732 καθ’
1411 3680 1470 3733 ὃν
1519 3680 1624 3734 ἔδει
1651 3682 1843 3754 καιρὸν

260 3760 504 3832 θερίζειν
559 3765 650 3819 τὸν
717 3763 915 3820 Ἰούδαν
970 3769 1079 3822 τῶν
1130 3769 1289 3825 θείων
1330 3772 1671 3842 ἐπαγγελιῶν
1716 3776 1841 3840 τοὺς

262 3854 536 3922 καρποὺς,
569 3855 689 3908 τότε
718 3858 809 3910 τὸν
838 3859 1047 3929 ἁμητδν
1081 3861 1363 3933 ἀθέριστον
1400 3866 1791 3922 καταλέλοιπεν
1823 3883 1839 3897 ⁸

262 3941 406 3995 ἀλλά
453 3946 555 4016 τῆς
599 3946 887 4019 ὀλιγωρίας
933 3952 1027 4004 καὶ
1084 3953 1367 4025 ῥᾳστώνης
1397 3958 1767 4029 παυσάμενος,
1798 3953 1846 4013 ὦ

277 4033 486 4089 Ἰούδα⁴
528 4055 549 4089 ι
580 4039 783 4110 ’Λρχου
811 4045 1018 4114 τρυγᾷν
1044 4046 1254 4117 σεαυτῷ
1303 4049 1360 4100 ἐν
1388 4048 1466 4120 τῷ
1497 4050 1845 4122 ἐπιστρέφειν

266 4142 344 4197 με
376 4128 477 4198 τὴν
512 4130 883 4201 αἰχμαλωσίαν
935 4135 1026 4187 τοῦ
1059 4135 1190 4190 λαοῦ
1224 4156 1346 4208 μου,
1383 4141 1439 4191 ἐν
1468 4140 1512 4172 ⁵⁸
1551 4140 1628 4211 τῷ
1663 4142 1845 4195 ἰᾶσθαί

269 4234 342 4289 με
371 4219 465 4273 τὸν
494 4220 729 4293 Ἰσραήλ.
747 4241 765 4276 ι
811 4225 1050 4300 Ἐπειδὴ,
1086 4231 1239 4301 φησι,
1267 4232 1373 4303 πρὸ
1398 4235 1494 4303 τῆς
1519 4234 1629 4287 τῶν
1656 4235 1845 4289 κακῶν

266 4310 489 4383 πείρας,
511 4314 611 4368 οὐκ
626 4315 900 4387 ἠθέλησας
927 4322 1055 4384 τοὺς
1076 4324 1175 4390 τῆς
1202 4323 1549 4396 δικαιοσύνης
1574 4328 1845 4397 τρυγῆσαι

265 4403 541 4473 καρποὺς,
589 4403 685 4461 νῦν
733 4407 782 4439 ⁸⁸
840 4410 979 4480 μετὰ
1030 4412 1128 4483 τὴν
1189 4416 1403 4484 πεῖραν,
1436 4416 1528 4469 καὶ
1563 4417 1702 4486 μετά
1747 4415 1845 4488 τὴν

1951 1961 2044 2002 eos
2069 1954 2310 2010 accusat,
2352 1944 2541 1999 dicens
2564 1961 2580 1996 :

2024 2131 2482 2188 «Absconderuut
2530 2125 2848 2184 sacerdotes
2881 2125 3025 2179 viam
3072 2121 3526 2178 Dominizinter-

1946 2227 2195 2281 fecerunt
2226 2221 2505 2285 Siehema,
2539 2220 2667 2290 quia
2713 2219 3061 2288 iniquitatem
3105 2215 3316 2286 operati
3372 2225 3524 2270 sunt.

1945 2321 1962 2386 (
1996 2315 2158 2371 Vsus.
2188 2314 2270 2381 I0,
2308 2313 2441 2383 II.)
2481 2311 2542 2365 In
2572 2310 2736 2365 domo
2776 2308 3000 2364 Israelis
3051 2308 3166 2361 vidi
3206 2306 3526 2361 horribilem

1943 2408 2016 2463 ibi
2084 2406 2508 2461 fornicationem
2586 2402 2914 2473 Ephraimi,
2964 2400 3374 2454 contaminatus
3446 2408 3531 2450 est

1943 2498 2132 2553 Israel.
2160 2495 2385 2552 EtJuda
2413 2494 2623 2550 dimisit
2648 2508 2884 2549 messem
2919 2507 3096 2548 suam.
3138 2509 3157 2543 ι
3190 2488 3346 2556 Quod
3375 2491 3529 2560 (pro-

1940 2590 2121 2661 pheta)
2142 2590 2239 2654 ait,
2265 2586 2537 2658 ejusmodi
2556 2594 2672 2641 est:
2705 2585 2855 2645 Levi,
2883 2583 3288 2640 sacerdotum"
3307 2597 3529 2652 parens,

1941 2683 2198 2737 Simeone
2218 2695 2352 2735 usus
2386 2675 3095 2746 adjutore,Sichemitarum
3124 2675 3311 2729 urbem
3346 2672 3528 2727 fundi-

1939 2783 2028 2830 tus
2060 2773 2281 2835 delevit,
2314 2786 2528 2842 pinnam
2562 2785 2787 2826 sumens
2829 2785 2926 2838 pro
2965 2766 3293 2823 contumelia
3341 2763 3522 2819 sorori

1938 2867 2110 2929 illata,
2136 2864 2203 2919 de
2245 2863 2330 2919 his
2365 2863 2456 2933 qui
2492 2862 2600 2917 tale
2630 2860 2849 2915 facinus
2900 2859 3240 2915 admiserant
3266 2867 3315 2909 θ.
3344 2855 3529 2910 Incre-

1940 2962 2030 3026 pat
2079 2968 2210 3024 ergo
2258 2951 2599 3015 sacerdotes,
2644 2948 2800 3020 quasi
2837 2947 3075 3003 dicens:
3122 2946 3256 3000 Cum
3307 2944 3525 2997 illorum

1938 3045 2144 3118 posteri
2174 3044 2316 3110 sitis,
2351 3043 2474 3098 illos
2509 3057 2619 3097 non
2669 3043 2804 3096 estis
2832 3038 3095 3094 aemulati.
3143 3037 3226 3091 Illi
3256 3036 3400 3091 enim
3434 3049 3527 3090 so—

1940 3152 2120 3191 rorem
2189 3136 2389 3206 injuria
2441 3133 2690 3189 aﬂ‘ectam
2749 3132 2851 3187 ulti
2906 3138 3075 3205 sunt,
3114 3139 3169 3185 et
3220 3144 3320 3199 pro
3363 3129 3529 3183 domo

1941 3240 2169 3300 paterna
2192 3229 2545 3284 vehementer
2581 3233 2959 3298 pugnaverunt
2987 3245 3001 3277 :
3032 3237 3127 3279 vos
3155 3231 3336 3278 autem
3378 3223 3524 3276 omni

1942 3322 2149 3376 honore
2169 3319 2373 3388 affecti,
2403 3335 2470 3376 ne
2492 3333 2723 3389 arguere
2742 3318 2963 3390 quidem
3005 3316 3063 3370 in
3101 3331 3187 3371 me
3226 3314 3525 3369 commissa

1943 3413 2188 3468 facinora
2231 3413 2495 3469 curastis.
2544 3409 2712 3477 Quin,
2740 3424 2863 3465 eum
2917 3407 3177 3463 videretis
3245 3405 3524 3460 horribilia

1943 3505 2034 3558 illa
2066 3511 2122 3560 et
2166 3503 2459 3560 metuenda
2498 3502 2708 3558 scelera
2737 3517 2847 3556 non
2876 3500 2945 3555 ab
2976 3513 3086 3555 uno
3131 3497 3397 3559 admissa,
3430 3495 3526 3552 sed

1947 3592 2018 3652 ab
2068 3596 2218 3652 omni
2270 3595 2572 3666 Ephraimo
2600 3603 2654 3650 et
2688 3592 2851 3658 Iuda,
2893 3601 3157 3663 perpetuo
3206 3589 3427 3646 silentio
3460 3605 3525 3643 ea

1946 3688 2267 3745 transiistis.
2300 3688 2459 3756 Quod
2505 3701 2639 3742 vero
2683 3685 2926 3741 omnium
2965 3692 3051 3738 est
3083 3681 3524 3742 acerbissimum,

1946 3795 2054 3853 quo
2078 3790 2331 3852 tempore
2361 3778 2604 3834 metendi
2648 3785 2803 3832 erant
2831 3791 2862 3831 a
2887 3774 3028 3831 Iuda
3051 3775 3367 3831 divinorum
3397 3786 3527 3842 pro-

1943 3875 2242 3932 missorum
2274 3872 2509 3937 fructus,
2541 3885 2774 3927 messem
2808 3885 2919 3924 non
2949 3868 3236 3925 collectam
3270 3864 3519 3934 reliquit.

1947 3966 2332 4023 Verumtamen
2358 3979 2597 4021 excusso
2625 3963 2777 4019 omni
2822 3969 3045 4032 torpore
3090 3972 3256 4030 atque
3300 3955 3525 4017 inertia,

1945 4075 1979 4117 o
2011 4058 2172 4127 Juda,
2207 4059 2432 4129 «Incipe
2479 4056 2821 4113 vindemiare
2849 4054 2974 4120 tibi,
3027 4068 3152 4108 cum
3204 4055 3527 4106 convertero

1946 4150 2312 4221 captivitatem
2340 4148 2524 4219 populi
2550 4148 2677 4211 mei,
2719 4161 2844 4201 cum
2877 4158 3073 4201 sanare
3105 4140 3333 4196 voluero
3356 4137 3526 4193 Israe-

1945 4241 2074 4297 lem.
2118 4260 2138 4293 ι
2172 4240 2465 4307 Quoniam,
2502 4239 2702 4309 inquit,
2739 4244 3033 4304 antequam
3078 4232 3219 4285 mala
3267 4234 3526 4298 expertus

1947 4345 2124 4397 esses,
2144 4330 2374 4401 iustitiae
2395 4329 2611 4384 fructus
2640 4328 2924 4398 percipere
2953 4324 3200 4382 noluisti.
3223 4333 3371 4374 nunc
3396 4324 3518 4387 post

1946 4423 2403 4494 experimentum,
2429 4427 2484 4474 et
2502 4426 2625 4488 post
2652 4417 2884 4473 reditum
2910 4430 2941 4469 e
2961 4414 3300 4483 captivitate.
3325 4424 3524 4464 secun-

263 4493 379 4547 ἀπὸ
412 4495 459 4528 ⁸⁷
506 4500 606 4569 τῆς
656 4500 1035 4571 αἰχμαλωσίας
1086 4505 1362 4573 ἐπάνοδον,
1410 4507 1646 4579 ἐννόμως
1688 4509 1841 4563 πολι-

1950 4514 2080 4570 dum
2107 4514 2279 4584 legem
2311 4513 2452 4578 vive,
2488 4510 2697 4583 135.1
2731 4509 3055 4576 fructusque
3104 4505 3232 4559 inde
3271 4501 3526 4573 proveni-

263 4585 451 4654 τεύου,
471 4592 565 4642 καὶ
591 4591 718 4655 τοὺς
741 4593 990 4650 ἐντεῦθεν
1019 4598 1324 4669 φυομένους
1347 4598 1544 4670 δρέπου
1577 4601 1843 4671 καρπούς.

268 4678 606 4751 Προσφόρως
652 4683 710 4738 δὲ
763 4681 950 4741 εἶπεν
988 4707 1007 4739 ι
1053 4690 1256 4760 Ἀρχου
1288 4693 1494 4763 τρυγᾷν
1528 4693 1740 4765 σεαυτῷ
1767 4709 1783 4724 ·
1822 4713 1841 4746 ι

263 4770 331 4823 ού
383 4772 494 4843 γὰρ
536 4773 614 4846 τῷ
660 4776 779 4848 Θεῷ
824 4797 876 4832 τι
919 4782 1227 4853 παρέχομεν
1276 4784 1516 4856 ἐννόμως
1559 4786 1843 4840 πολιτευό-

269 4880 465 4931 μενοι,
514 4866 632 4921 ἀλλ’
666 4871 796 4942 ἡμῖν
839 4872 1022 4938 αὐτοῖς
1051 4875 1121 4929 τὰ
1147 4877 1398 4931 ἐντεῦθεν
1446 4877 1851 4949 προξενούμενα

267 4955 479 5025 ἀγαθά.

886 5057 1135 5112 ΚΕΦΑΛ.
1176 5061 1252 5114 Ζ’.

341 5157 414 5215 α’.
449 5184 470 5215 ‹
502 5164 614 5219 Καὶ
655 5169 1177 5241 ἀποκαλυφθήσεται
1228 5174 1261 5242 ἠ
1327 5174 1512 5227 ἀδικία
1582 5173 1843 5245 Ἐφραῖμ,

345 5305 373 5335 ι
408 5296 547 5354 Gen.
578 5316 766 5368 mm,
808 5301 899 5358 25.

1949 4613 2103 4662 entes
2131 4603 2385 4674 decerpe.
2418 4603 2673 4673 (longrue
2706 4606 2891 4654 autem
2933 4595 3093 4661 dixit,
3131 4613 3150 4645 ι
3182 4594 3369 4662 Incipe
3406 4592 3523 4646 vino

1949 4696 2191 4751 demiare
2216 4693 2311 4747 tibi
2338 4711 2352 4747 :
2385 4711 2404 4745 ι
2444 4708 2570 4747 nam
2605 4690 2715 4747 Deo
2745 4689 2879 4744 nihil
2905 4689 3199 4750 donamus,
3225 4698 3349 4738 cum
3376 4681 3526 4751 juste

1950 4788 2209 4864 vivimus,
2266 4784 2361 4841 sed
2396 4784 2555 4841 nobis
2603 4783 2738 4854 ipsis
2774 4780 2902 4837 inde
2944 4779 3086 4834 bona
3121 4780 3522 4845 comparamus.

2556 5050 2786 5109 CAPUT
2816 5050 2935 5107 VII.

2026 5172 2193 5229 Vsus.
2228 5172 2278 5227 I.
2330 5191 2348 5224 ι
2386 5172 2455 5226 Et
2481 5168 2818 5226 revelabitur
2852 5164 3120 5240 iniquitas
3154 5163 3434 5236 Ephraimi
3475 5173 3527 5219 et

1581 5434 1810 5489 VARIJE
1850 5433 2258 5491 LECTIONES.

346 5599 392 5685 ξς
422 5599 579 5685 Κατ;⁵
617 5616 742 5685 μου.
803 5603 926 5685 Des.
966 5604 1021 5658 h.
1060 5604 1125 5685 1..
1150 5605 1292 5685 apud
1340 5603 1505 5685 L_XX.
1544 5604 1601 5685 In
1633 5604 1671 5659 C
1698 5621 1908 5685 p_ra3n_1._
1947 5609 2095 5685 éza!_._
2136 5605 2402 5685 fratr.
2453 5605 2630 5685 LX},
2659 5606 2907 5685 _I‘a)ta_d6.
2975 5605 3034 5685 ,ξ’
3063 5601 3521 5685 CJugdgr'cqgoa-

267 5673 321 5746 9
346 5670 490 5746 159?-
538 5667 954 5746 EXSIat._et_iam
986 5675 1127 5746 apud
1160 5667 1312 5746 Cyr.,
1364 5679 1479 5731 des.
1514 5667 1782 5730 autern'in
1817 5677 1978 5732 Hebr.
2056 5679 2095 5709 ³⁸
2130 5677 2171 5731 C
2222 5667 2446 5746 ἐποίησε
2497 5676 2576 5746 τῷ
2617 5667 2761 5746 ὀἴκῳ
2817 5674 3077 5746 Ἱσραήλη
3125 5673 3170 5703 δ’
3220 5667 3260 5724 C
3298 5667 3522 5746 :Iotidag.

267 5743 320 5776 ⁸³
347 5739 497 5814 Edit2
563 5741 717 5814 prior
765 5743 892 5798 hab.
970 5739 1165 5814 Λέυής.
1199 5739 1260 5800 (Σ.
1300 5739 1488 5808 Λευίς.

1589 5745 1634 5777 ⁸⁵
1664 5763 1803 5819 negt.
1835 5747 1907 5801 Ita
1939 5748 2143 5819 cuni
2174 5742 2409 5819 legimus
2444 5742 2609 5819 sini}.
2648 5742 3198 5819 πεπαρανομηκόταςὲ

3297 5738 3526 5788 aut»...

283 5810 529 5882 Ἰσραήλ.
564 5807 665 5867 λιι.
697 5825 746 5868 c.
794 5830 866 5870 vn
923 5814 971 5881 l,
1027 5807 1141 5873 hzc'c
1178 5807 1475 5887 pertinent,
1516 5814 1669 5885 juxta
1711 5816 1873 5875 llcbz'.
1909 5827 1960 5876 ct
1992 5817 2153 5876 LXX.
2226 5807 2279 5851 ἵε
2308 5817 2420 5871 νῦν.
2454 5817 2494 5872 G
2525 5816 2618 5870 νῦν
2651 5818 2701 5884 γ’
2741 5807 2855 5867 οὖν.
2931 5812 2974 5843 δ’
3000 5807 3128 5867 ἀπό.
3170 5809 3242 5864 Ex
3268 5807 3308 5862 ϐ
3342 5807 3522 5876 suppl.
