3912 6206
459 276 479 339 1
493 280 593 342 587

1440 284 1928 343 THEODORETI
1968 286 2306 345 EPISCOPI
2345 285 2707 345 CYRENSIS

3520 283 3628 351 1388

458 394 668 448 malitia
701 394 983 457 Samaria),
1037 391 1166 460 quia
1215 391 1531 447 dilexerunt
1584 393 1959 448 mendacium.
2009 413 2025 445 ι

2138 396 2230 449 καὶ
2267 398 2301 467 ή
2329 396 2496 450 κακία
2526 393 2842 467 Σαμαρείας
2863 433 2879 459 ,
2929 393 3011 445 ὃτι
3051 392 3328 461 ἠγάπησαν
3348 394 3388 426 ⁸⁸
3418 397 3579 467 ψευδῆ.
3608 417 3627 454 ι

457 484 728 555 iniquitas
760 499 945 537 eorum
975 500 1071 553 per
1102 484 1310 538 illatam
1338 484 1600 540 ultionem
1629 487 1888 541 omnibus
1916 501 2031 538 ma-

455 575 657 631 nifesta
694 575 804 628 lict.
842 594 858 625 ι
901 574 963 626 Et
991 573 1079 627 fur
1107 574 1175 628 ad
1209 590 1334 630 eum
1371 574 1734 644 ingredietur,
1782 577 2029 646 spolians

453 668 597 722 latro
628 667 683 720 in
716 667 804 719 via
852 665 996 734 ejus.
1037 685 1054 715 ι
1096 666 1233 732 Quia
1288 666 1437 722 enim
1472 683 1663 722 verum
1723 668 1891 723 Deum
1937 684 2031 723 co-

454 772 726 827 gnoscere
766 759 1153 827 neglexerunt,
1197 766 1253 814 et
1300 759 1570 814 idolorum
1618 763 1907 817 erroribus
1969 778 2029 818 se

452 850 860 912 astrinxerunt,
894 850 1083 905 hostes
1110 851 1285 906 instar
1329 852 1607 906 latronum
1639 860 1694 907 et
1723 852 1904 907 furum
1934 870 2029 909 cos

453 941 802 1008 invadentes,
854 941 960 995 alia
1020 944 1340 1009 incendent,
1405 955 1460 999 et
1529 945 1849 1006 vastabunt,
1920 946 2027 1000 alia

450 1032 871 1099 praedabuntur,
904 1034 1176 1103 bonisque
1203 1035 1462 1090 omnibus
1486 1051 1583 1090 eos
1616 1037 1951 1105 spoliabant.

523 1214 691 1270 Vens.
721 1216 775 1268 2.
813 1239 830 1267 ι
870 1215 939 1271 Ut
968 1217 1269 1272 concinant
1298 1218 1457 1289 quasi
1483 1226 1748 1274 canentes
1801 1221 1855 1275 in
1898 1236 2020 1276 cor-

451 1309 618 1364 dibus
653 1309 792 1366 suis.
836 1329 856 1362 ›
889 1309 1013 1364 Haec
1045 1319 1227 1364 autem
1253 1327 1376 1366 cum
1411 1312 1559 1378 fient,
1587 1313 1788 1382 inquit,
1820 1313 2027 1366 lamen-

451 1400 722 1454 tabuntur
759 1399 1010 1466 assiduo,
1040 1408 1094 1455 et
1121 1401 1466 1455 mterebunt:
1501 1416 1604 1456 nec
1635 1417 1769 1456 voce
1789 1403 2026 1456 lamenta

452 1491 619 1546 edere
650 1490 953 1557 audebunt,
986 1492 1082 1547 sed
1105 1494 1306 1547 tacitos
1341 1494 1394 1546 in
1422 1494 1608 1549 animo
1634 1494 1874 1564 gemitus
1907 1511 2027 1564 pre-

454 1592 626 1639 ment.
665 1603 685 1635 c
754 1583 946 1640 Omnis
984 1585 1129 1639 enim
1188 1586 1413 1641 malitiae
1468 1602 1655 1641 eorum
1702 1587 2027 1643 recordatus

452 1690 619 1731 sum:
655 1692 803 1731 nunc
855 1675 1345 1732 circumdederunt
1395 1694 1492 1733 eos
1529 1679 1896 1748 cogitationes
1931 1696 2025 1733 eoo

2132 490 2276 560 Δήλη
2330 490 2497 542 πᾶσιν
2531 491 2563 558 ἡ
2596 486 2911 557 παρανομία
2962 485 3139 538 αὐτῶν
3168 486 3251 538 διὰ
3278 486 3365 556 τῆς
3409 492 3631 559 τιμωρίας

2130 583 2420 652 γενήσεται
2445 580 2512 632 ⁸⁸.
2555 598 2574 631 ι
2611 579 2721 632 Καὶ
2767 577 3009 646 κλέπτης
3060 575 3192 648 πρὸς
3240 577 3389 630 αὐτὸν
3434 581 3631 633 εἰσελεὺ-

2131 692 2304 741 σεται,
2333 672 2660 727 ὲκδιδύσκων
2689 670 2892 744 λῃστὴς
2912 671 2970 723 ὲν
2991 671 3055 738 τῇ
3080 668 3181 738 ὁδῷ
3203 667 3373 722 αὑτοῦ.
3404 688 3421 720 ι
3453 671 3632 744 Ἐπειδὴ

2128 767 2257 837 γὰρ,
2281 767 2382 835 τῆς
2401 765 2636 833 ἀληθοῦς
2657 763 2987 833 θεογνωσίας
3022 760 3396 830 ἀμελήσαντες,
3424 763 3533 833 περὶ
3557 764 3634 835 τήν

2129 859 2236 913 τῶν
2273 857 2510 911 εἰδώλων
2555 856 2873 925 διετέθησαν
2912 853 3143 924 πλάνην,
3182 852 3380 924 λῃστῶν
3405 854 3538 925 δίκην
3561 858 3637 910 καὶ

2134 952 2386 1005 κλεπτῶν
2440 949 2763 1011 ἐπελθόντες
2810 947 2996 1009 αὐτοῖς
3042 946 3091 998 οἱ
3157 944 3419 1014 πολέμιοι,
3465 946 3521 998 τὰ
3560 948 3636 1016 μὲν

2129 1043 2475 1115 ἐμπρήσουσι
2510 1041 2605 1095 καὶ
2641 1039 2911 1111 δῃώσουσι
2933 1039 3009 1102 ⁸⁸,
3049 1038 3120 1090 τὰ
3164 1037 3219 1090 δὲ
3257 1036 3535 1108 ληῖσονται,
3566 1039 3639 1091 καὶ

2130 1137 2347 1192 πάντων
2375 1136 2571 1198 αὐτοὺς
2598 1134 2921 1204 στερήσουσι
2947 1131 3056 1184 τῶν
3082 1130 3312 1198 ἀγαθῶν.

2201 1229 2267 1301 β’.
2304 1249 2323 1281 t
2362 1230 2548 1291 Ὅπως
2582 1225 2882 1298 συνᾴδωσιν
2902 1265 2917 1286 ,
2948 1223 3025 1286 ώς
3065 1222 3279 1295 ᾄδοντες
3319 1223 3372 1275 ὲν
3405 1226 3510 1288 ταῖς
3532 1241 3639 1293 mp-

2076 1290 2095 1309 .
2127 1290 2325 1378 δίαις⁶¹
2375 1290 2574 1367 αὐτῶν.
2616 1333 2635 1365 ι
2690 1290 2911 1366 ίΓούτων
2965 1290 3086 1373 δὲ(
3123 1311 3283 1375 φησι,
3336 1290 3640 1385 γιγνομὲνων,

2132 1404 2314 1475 θρηνῳ
2328 1401 2547 1464 δοῦντες
2582 1402 2676 1454 καὶ
2708 1398 3100 1470 ὀλοφυρόμενοι
3141 1398 3523 1467 διατελέσουσιν,
3549 1402 3642 1455 οὐδὲ

2133 1496 2272 1567 μετά
2306 1493 2491 1564 φωνῆς
2523 1492 2667 1563 ᾄδειν
2711 1492 2841 1554 τοὺς
2898 1490 3132 1562 θρήνους
3173 1490 3491 1561 τολμῶντες,
3535 1493 3642 1547 ἀλλά

2128 1587 2270 1641 κατά
2319 1585 2556 1640 διάνοιαν
2582 1585 2682 1648 τὰς
2722 1584 3041 1653 ὀλοφύρσεις
3081 1581 3404 1652 ποιούμενοι.
3441 1603 3458 1632 ς
3485 1583 3644 1637 Πασῶν

2128 1681 2237 1751 γὰρ
2260 1680 2368 1735 τῶν
2396 1677 2605 1733 κακιῶν
2646 1677 2826 1729 αὐτῶν
2848 1677 2891 1708 θ’
2933 1674 3214 1746 ἐμνήσθην
3231 1692 3245 1705 ο
3276 1674 3363 1728 νῦν
3388 1674 3644 1729 ὲκύκλωσεν

452 1781 600 1830 rum,
632 1777 829 1823 contra
869 1769 1059 1825 faciem
1090 1785 1264 1826 meam
1298 1768 1454 1824 facta:
1486 1778 1635 1825 sunt.
1677 1789 1694 1821 ι
1729 1769 2024 1839 Postquam

2129 1773 2325 1836 αὐτοὺς
2351 1770 2422 1824 τὰ
2445 1768 2723 1824 διαὸούλια
2753 1765 2951 1828 αὐτῶν,
2987 1765 3249 1819 ἀπέναντι
3279 1762 3368 1817 τοῦ
3396 1762 3643 1834 προσώπου

454 1856 793 1923 diutissime,
856 1860 1076 1930 inquit,
1128 1861 1402 1930 patienter
1446 1860 1576 1924 tuli,
1612 1862 1772 1931 quasi
1813 1861 2027 1916 viderer

454 1964 565 2002 non
619 1965 845 2006 cernere
874 1955 1108 2005 eorum‘
1165 1950 1434 2013 facinora,
1475 1966 1626 2005 nunc
1687 1960 1875 2022 aperte
1934 1953 2027 2006 illa

456 2040 750 2109 perspicio,
791 2056 915 2096 cum
961 2042 1227 2097 ultionem
1258 2041 1326 2095 de
1355 2043 1441 2097 his
1472 2042 1795 2098 sumendam
1828 2044 2026 2099 statui.

452 2133 638 2195 Quare
684 2133 879 2188 beatus
914 2131 1086 2187 David
1136 2135 1449 2188 exclamat:
1487 2153 1507 2184 ι
1566 2134 1767 2190 Averte
1825 2135 2022 2190 faciem

456 2232 606 2275 tuam
642 2238 673 2275 a
720 2223 962 2291 peccatis
1021 2224 1162 2278 meis
1189 2222 1281 2278 ⁸..
1349 2243 1367 2275 ι
1425 2223 1783 2295 Cogitationes
1843 2235 2024 2280 autem

454 2310 658 2379 Aquila
690 2296 766 2366 ὀι
820 2311 1186 2382 Symmachus
1236 2313 1417 2367 studia
1480 2313 1823 2383 interpretati
1857 2322 2023 2376 sunt,

453 2402 604 2472 quod
645 2401 790 2457 idem
823 2419 963 2472 pene
993 2404 1287 2473 signiﬁcat.
1321 2406 1680 2474 Septuaginta
1729 2404 1875 2458 enim
1916 2405 2027 2474 pri-

454 2507 601 2546 mam
637 2493 847 2564 1342
879 2493 1048 2548 animi
1098 2495 1394 2548 motionem
1427 2495 1771 2564 cogitationes
1822 2510 2026 2564 posue-

455 2591 587 2636 runt
616 2600 629 2636 :
658 2584 855 2654 Aquila
881 2593 935 2639 et
972 2583 1338 2655 Symmachus
1370 2600 1436 2638 ex
1458 2585 1544 2639 his
1578 2583 1822 2655 profecta
1847 2585 2027 2639 studia

453 2680 511 2728 et
540 2688 727 2743 opera.

530 2763 690 2820 Vens.
727 2766 781 2819 '5.
821 2785 839 2818 ι
881 2766 1104 2823 Malitiis
1141 2769 1259 2824 suis
1285 2769 1709 2825 laetiﬁcaverunt
1742 2786 1920 2841 reges.
1971 2774 2027 2824 et

453 2857 760 2911 mendaciis
819 2858 938 2912 suis
992 2859 1294 2929 principes.
1364 2881 1380 2911 ι
1445 2862 1578 2916 Nam
1633 2863 1910 2932 proclives
1956 2859 2022 2914 ad

456 2945 754 3014 perniciem
786 2946 913 3000 facti
942 2959 1165 3019 propter
1213 2968 1370 3006 suam
1420 2952 1791 3022 iniquitatem,
1839 2952 2027 3007 lmtitia

455 3037 806 3095 adversarios
835 3056 967 3097 suos
991 3043 1371 3112 perfudcrttnt.

531 3240 693 3297 Vens.
727 3243 780 3297 4.
812 3263 830 3294 ‹
900 3242 1104 3299 Omnes
1145 3242 1521 3298 adulterantes
1554 3244 1713 3312 quasi
1767 3243 2026 3300 clibanus

459 3330 663 3387 ardens
693 3333 761 3387 ad
789 3333 1162 3404 coquendum.
1195 3352 1213 3384 ι
1251 3331 1477 3399 Omnes,
1524 3333 1728 3403 inquit,
1780 3334 1872 3403 qui
1911 3333 2027 3390 dis-

458 3423 645 3478 soluto
700 3432 832 3479 sunt
881 3426 1088 3491 animo,
1123 3424 1334 3479 similes
1370 3433 1500 3480 sunt
1526 3425 1755 3481 incenso
1785 3426 2027 3491 clibano,

454 3525 650 3584 parato
677 3515 744 3569 ad
774 3515 1158 3586 excipiendum
1199 3513 1554 3578 fermentum,
1591 3518 1738 3585 quod
1772 3517 1837 3570 ad
1870 3516 2030 3587 panis

453 3606 858 3663 confectionem
886 3613 1251 3675 temperatum
1297 3616 1404 3663 est.
1445 3627 1464 3659 ‹
1520 3607 1792 3662 lncendet
1823 3608 1947 3663 illos
1999 3623 2028 3661 a

452 3700 692 3754 ﬂamma.
734 3720 753 3752 ι
788 3699 847 3752 ld
876 3708 987 3763 est,
1033 3699 1330 3754 libidinum
1388 3702 1535 3771 ignis
1573 3701 1829 3756 hostilem
1875 3700 2031 3754 ﬂam-

457 3806 600 3845 mam
632 3792 743 3846 illis
768 3790 989 3846 infcret.
1041 3810 1060 3841 ‹
1100 3790 1147 3845 Α
1177 3794 1567 3848 commistione
1618 3793 1894 3855 fermenti,
1928 3792 2029 3845 do-

455 3896 557 3937 nec
591 3882 1010 3938 fermentaretur
1043 3892 1239 3948 totum,
1271 3883 1390 3940 dies
1417 3900 1606 3954 regum
1639 3894 1970 3940 vestrorum.
2003 3905 2021 3935 ι

454 3970 590 4025 Nam
624 3973 773 4027 sicut
831 3971 1163 4028 fermentum
1211 3974 1559 4028 commistam
1615 3972 1847 4027 farinam
1898 3989 2028 4026 con-

452 4065 622 4119 vertit
645 4065 699 4119 in
729 4073 984 4119 naturam
1010 4080 1167 4121 suam
1189 4107 1204 4132 ,
1238 4067 1313 4119 ita
1336 4065 1639 4135 impietatis
1676 4064 2026 4129 fermentum,

455 4171 487 4211 a
521 4154 855 4211 Jeroboamo
906 4157 1086 4227 primo
1142 4171 1271 4227 rege
1319 4163 1502 4211 vestro
1551 4155 1940 4225 importatum,
1976 4163 2030 4209 et

455 4261 554 4302 vos
583 4256 640 4302 et
681 4261 777 4302 eos
827 4248 920 4317 qui
965 4263 1064 4310 pro
1103 4254 1353 4316 tempore
1384 4262 1542 4317 reges
1579 4248 1747 4303 vestri
1784 4246 2027 4310 fuerunt,

456 4337 650 4394 fetoris
694 4338 781 4394 sui
844 4353 1039 4393 omnes
1101 4339 1401 4407 participes
1460 4338 1610 4394 fecit.
1663 4337 1740 4411 [5]
1793 4340 2031 4395 Accusat

2132 1883 2232 1937 μου
2272 1863 2538 1932 ἐγένοντο.
2577 1880 2593 1911 ι
2642 1859 2766 1912 Ἐπὶ
2813 1857 3101 1921 πλεῖστον,
3136 1855 3302 1924 φησὶ,
3343 1854 3646 1925 μακροθυμή-

2130 1977 2248 2023 σας,
2286 1957 2379 2010 καὶ⁴
2416 1954 2604 2025 ὥσπερ
2654 1953 2788 2023 ὁρᾷν
2817 1950 2876 2003 οὗ
2907 1946 3081 2002 δοκῶν
3111 1946 3184 2000 τά
3210 1944 3511 2017 τολμώμενα
3533 1987 3545 2009 ,
3574 1944 3645 1997 νῖν

2131 2050 2315 2120 σαφῶς
2338 2047 2479 2101 αὐτὰ
2503 2044 2712 2119 θεωρῶ,
2733 2042 3007 2114 τιμωρίαν
3023 2041 3210 2102 αὐτοῖς
3234 2040 3513 2106 ἐπαγαγεῖν
3532 2038 3648 2089 δοκι-

2130 2143 2327 2213 μάσας.
2352 2140 2555 2193 Τούτου
2583 2137 2744 2209 χάριν
2774 2139 2803 2188 ὁ
2835 2134 3105 2205 μακάριος
3138 2131 3242 2203 βοᾷ
3264 2130 3418 2184 Δαϐίδ
3439 2146 3451 2157 ·
3474 2148 3491 2181 ι
3526 2127 3649 2181 Ἀπὸ·

2130 2232 2358 2305 στρεψον
2384 2232 2445 2284 τὸ
2468 2228 2757 2300 πρόσωπόν
2787 2243 2880 2279 σου
2914 2223 3022 2277 ἀπὸ
3052 2222 3165 2276 τῶν
3197 2222 3467 2294 ἁμαρτιῶν
3490 2238 3595 2291 μου.
3624 2237 3640 2271 ο

2127 2326 2443 2380 Διαϐοὐλια
2465 2324 2522 2376 δὲ
2557 2320 2790 2383 ’Δκύλας
2819 2319 2915 2373 καὶ
2945 2317 3268 2386 Σύμμαχος,
3292 2315 3362 2367 τὰ
3388 2312 3652 2379 ἐπιτηδεύο

2122 2432 2281 2486 ματα
2317 2415 2666 2485 ήρμήνευσαν
2684 2412 2758 2445 ⁶³’
2824 2408 2987 2464 ταύτὸ
3037 2409 3092 2461 δὲ
3146 2407 3417 2477 σημαίνει.
3474 2407 3527 2457 Oi
3572 2403 3648 2472 μὲν

2126 2508 2234 2578 γὰρ
2275 2506 2680 2576 Ἐϐδομήκοντα
2732 2502 2833 2573 τὴν
2888 2499 3108 2571 πρώτην
3166 2496 3338 2568 ὁρμὴν
3381 2497 3470 2567 τῆς
3510 2492 3651 2564 ψυχῆς

2126 2600 2267 2663 τοὺς
2300 2596 2631 2666 λογισμοὺς
2668 2594 2977 2648 τεθείκασιν
3002 2608 3015 2623 ⁸
3059 2593 3108 2644 οἱ
3172 2590 3226 2642 δὲ
3274 2588 3340 2641 τὰ
3380 2589 3439 2640 ὲκ
3487 2585 3653 2637 τούτων

2126 2690 2386 2761 τεχθέντα
2417 2686 2853 2755 ἐπιτηδεύματά
2879 2702 2938 2737 τε
2964 2684 3057 2737 καὶ
3089 2682 3251 2753 ἔργα.

2196 2787 2265 2848 γ’.
2311 2800 2329 2832 ί
2374 2781 2462 2833 Ἐν
2512 2781 2632 2841 ταῖς
2679 2777 2895 2839 κακίαις
2940 2774 3118 2829 αὐτῶν
3163 2768 3503 2842 ηὖφραναν⁶⁸
3530 2767 3648 2836 βασι-

2127 2873 2259 2938 λεῖς,
2290 2872 2386 2926 καὶ
2419 2873 2477 2925 ὲν
2515 2873 2628 2933 τοῖς
2674 2868 2929 2939 ψεύδεσιν
2964 2865 3149 2919 αὐτῶν
3182 2863 3457 2935 ἄρχοντας.
3495 2878 3510 2910 ι
3540 2854 3652 2927 Πρό-

2129 2981 2301 3036 χειροι
2341 2962 2445 3032 γὰρ
2500 2964 2580 3024 εἰς
2633 2958 2854 3029 δλεθρον
2903 2956 3195 3023 γεγονότες
3244 2955 3328 3008 διὰ
3366 2954 3456 3021 τὴν
3489 2950 3654 3003 οἰκείαν

2131 3056 2497 3127 παρανομίαν,
2528 3051 2865 3122 εὐφροσύνης
2893 3052 3006 3112 τοῖς
3044 3049 3414 3118 πολεμήσασιν
3436 3043 3601 3102 αὐτοὺς
3620 3037 3653 3069 ⁸⁸

2129 3148 2375 3216 ἐγένοντο
2410 3146 2678 3217 πρόξενοι.

2197 3240 2261 3295 δ’.
2323 3258 2344 3292 ‹
2400 3237 2575 3293 Κα“ι⁶⁶
2623 3235 2824 3298 πάντες
2887 3232 3276 3305 μοιχεύοντες,
3330 3229 3401 3292 ὡς
3450 3224 3655 3282 κλίϐανος

2129 3331 2416 3402 καιόμενος
2468 3330 2548 3392 εἰς
2582 3327 2765 3397 πέψιν.
2813 3345 2832 3378 ι
2871 3326 3180 3388 ⁹Ἅπαντες,
3211 3322 3376 3394 φησὶν
3400 3361 3414 3385 ,
3453 3317 3545 3373 ὑπὸ
3583 3314 3658 3382 τῆς

2128 3424 2427 3480 ἀκολάστου
2476 3418 2918 3491 πυρπολούμενοι
2957 3415 3185 3487 γνώμης
3209 3457 3224 3481 ,
3275 3411 3503 3477 κλιϐάνῳ
3530 3409 3657 3460 ἐκπεσ

2129 3515 2437 3588 ¹ιτυρωμένῳ
2468 3513 2712 3573 ἐοίκασι,
2762 3509 2859 3564 καὶ
2898 3508 3034 3575 πρὸς
3071 3504 3341 3575 ὑποδοχὴν
3381 3500 3562 3569 ἑτοίμῳ
3585 3496 3659 3563 τῆς

2128 3609 2209 3671 εἰς
2257 3604 2577 3677 άρτοποιῒαν
2637 3597 3160 3668 κατεσκευασμένης
3216 3597 3415 3665 ζύμης.
3465 3611 3482 3642 ι
3513 3591 3658 3643 Κατα-

2131 3699 2379 3755 καύσει⁶⁷
2420 3696 2618 3753 αὐτοὺς
2656 3694 2766 3747 ἀπὸ
2798 3696 2902 3764 τῆς
2934 3691 3158 3761 φλογός.
3207 3711 3226 3742 ι
3265 3690 3338 3741 Τὸ
3378 3688 3470 3757 τῆς
3504 3681 3658 3736 ἀκολα-

2131 3793 2252 3855 σίας
2275 3791 2386 3861 πῦρ
2410 3790 2505 3861 τὴν
2528 3788 2830 3860 πολεμικὴν
2859 3787 3045 3849 αὐτοῖς
3071 3782 3269 3848 ἑπάξει
3295 3781 3478 3850 φλόγα.
3507 3794 3523 3825 t
3559 3769 3660 3824 Ἀπὸ

2130 3884 2417 3955 φυράσεως
2449 3882 2670 3944 στέατος
2711 3881 2816 3943 ἓως
2849 3876 2945 3931 τοῦ
2987 3876 3309 3947 ζυμωθῷαι
3336 3871 3462 3927 αὐτὸ
3484 3868 3524 3901 ⁸⁸
3550 3867 3659 3922 ὅλον.

2129 3978 2251 4029 ai”
2287 3975 2491 4046 ήμέραι
2524 3974 2631 4035 τῶν
2681 3972 2948 4044 βασιλέων
2998 3971 3180 4042 ὑμῶν.
3226 3990 3245 4023 ι
3289 3965 3540 4032 Καθάπερ
3577 3955 3661 4024 γὰρ

2128 4070 2162 4138 ἡ
2191 4067 2334 4138 ζύμη
2369 4068 2435 4120 τά
2487 4065 2884 4137 συμφυρόμενα
2930 4063 3205 4134 ἄλευρατθ
3247 4065 3329 4125 εἰς
3373 4058 3466 4129 τὴν
3494 4050 3661 4108 οἰκείαν

2132 4160 2450 4230 μετατίθησι
2492 4158 2698 4228 φύσιν,
2752 4157 2928 4220 οὕτως
2980 4159 3014 4227 ὴ
3077 4155 3230 4225 ζύμη
3286 4154 3383 4223 τῆς
3429 4143 3659 4230 ἀσεϐείας,

2128 4249 2232 4303 ὑπὸ
2253 4248 2349 4303 τοῦ
2397 4247 2683 4320 Ἱεροὸοὰμ
2713 4245 2807 4300 τοῦ
2844 4245 3061 4317 πρώτου
3105 4241 3515 4318 βασιλεύσαντος
3542 4229 3663 4320 ύμῷν

2128 4339 2573 4410 προσενεχθεῖσα,
2605 4337 2734 4407 ὑμῖν
2758 4353 2817 4387 τε
2847 4336 2943 4389 καὶ
2967 4338 3082 4398 τοῖς
3106 4333 3255 4388 κατά
3279 4328 3468 4399 καιρὸν
3489 4328 3541 4378 ἐν
3562 4319 3663 4389 ὑμῖν

454 4429 658 4484 exinde
690 4430 990 4500 principes,
1025 4437 1084 4482 ut
1115 4428 1419 4483 vinolentia
1469 4429 1790 4499 gaudentes,
1831 4438 1886 4483 ct
1933 4445 2025 4498 per

2135 4428 2576 4500 βεϐασιλευκόσιν
2625 4429 2753 4499 ὑμῖν
2771 4427 2815 4458 ⁷¹
2843 4464 2858 4490 ,
2914 4426 3015 4496 τῆς
3059 4427 3273 4488 οἰκείας
3335 4416 3664 4493 μεταδέδωκεν

454 4523 644 4575 vinum
703 4522 782 4577 ira
843 4534 1150 4584 accensos,
1215 4535 1618 4590 munerumque
1692 4521 2025 4590 corruptelis

457 4613 779 4675 servientes,
807 4625 933 4666 cum
964 4610 1240 4679 perversis
1263 4613 1396 4667 viris
1423 4602 1807 4681 scelerumque.
1842 4611 2027 4664 archi-

455 4705 620 4758 tectis
665 4704 936 4757 viventes.
976 4700 1087 4756 Hos
1140 4703 1285 4758 enim
1343 4712 1503 4758 vocat
1537 4712 1728 4773 pestes,
1767 4712 2025 4772 tanquam

455 4793 609 4846 exitii
645 4803 700 4846 et
745 4792 1006 4864 perniciei
1035 4802 1307 4849 auctores.
1344 4793 1414 4848 Ut
1443 4795 1588 4849 enim
1638 4794 1806 4864 pestis
1838 4804 2028 4847 conta-

459 4884 552 4950 gio
587 4886 635 4938 si
683 4886 998 4955 quempiam
1047 4887 1358 4959 contigerit,
1391 4886 1555 4942 etiam
1597 4887 1826 4956 propius
1867 4900 2027 4939 accc-

455 4979 647 5031 tlcntes
678 4994 771 5048 per
799 4980 1049 5035 eumdem
1084 4980 1385 5050 corrumpit
1416 4998 1431 5048 ;
1466 4980 1549 5035 sic
1588 4979 1839 5035 scelerati
1873 4978 2031 5031 fami-

457 5068 692 5125 liaribus
727 5069 937 5141 1m
992 5072 1289 5141 perniciem
1343 5072 1609 5127 inferunt.
1655 5070 1789 5125 Nam
1834 5091 1852 5123 ι
1894 5071 2031 5125 Cur-

458 5168 726 5229 rumpunt
778 5161 954 5215 bonos
1008 5177 1191 5217 mores
1244 5164 1528 5218 consortia
1583 5178 1747 5233 prava
1785 5177 1830 5217 e.
1890 5182 1908 5215 ι
1950 5162 2028 5234 [6]

526 5337 554 5376 ἀ
577 5337 719 5393 Psal.
752 5355 801 5394 L.
832 5339 915 5391 ll.
1010 5352 1032 5378 ο
1062 5338 1077 5390 l
1110 5339 1233 5394 Cor.
1275 5358 1358 5405 xv,
1391 5343 1479 5394 5'3.

2133 4523 2307 4577 ἅπασι
2366 4519 2651 4583 δυσωδίας.
2717 4516 3000 4572 Ἐντεῦθεν
3055 4517 3247 4571 λοιπὸν
3290 4516 3396 4568 τῶν
3433 4510 3666 4582 ἀρχόντων

2135 4615 2369 4666 ποιεῖται
2399 4611 2498 4682 τὴν
2531 4610 2890 4682 κατηγορίαν,
2924 4610 3000 4673 ὡς
3028 4608 3350 4679 οἰνοφλυγία⁴
3384 4601 3665 4676 χαιρόντων,

2134 4706 2230 4761 καὶ
2264 4705 2453 4758 τούτου
2477 4705 2636 4774 χάριν
2665 4706 2744 4766 είς
2775 4703 2945 4774 ὀργὴν
2976 4702 3386 4771 ἐξαπτομένων,
3422 4697 3509 4749 καὶ
3530 4693 3668 4759 δωροο

2133 4797 2289 4869 δοκίᾳ
2316 4797 2645 4867 χρωμένων,
2693 4796 2786 4848 καὶ
2834 4794 3071 4856 ἀνοσίοις
3110 4791 3346 4863 ἀνδράσι
3387 4787 3480 4842 καὶ
3519 4774 3668 4837 κακῶν

2138 4889 2332 4952 αἰτίοις
2383 4889 2796 4955 συνδιαγόντων.
2853 4888 3090 4948 Τούτους
3134 4885 3249 4956 γάρ
3311 4872 3667 4955 προσαγορεύει

2137 4980 2413 5049 λοιμοὺς,
2445 4980 2521 5043 ὡς
2563 4980 2741 5053 λύμης
2775 4980 2870 5032 καὶ
2904 4978 3110 5050 βλάϐης
3162 4975 3393 5037 αἰτίους.
3438 4967 3668 5029 Καθάπερ

2138 5072 2246 5141 γὰρ
2284 5074 2313 5125 ὁ
2354 5072 2539 5142 λοιμὸς
2577 5073 2625 5124 εἰ
2675 5072 3013 5142 προσάψαιτό
3053 5086 3221 5133 τινος,
3256 5065 3496 5127 καὶτοὺς
3534 5054 3669 5115 πελά·

2140 5164 2329 5229 ζοντας
2363 5162 2451 5214 διὰ
2501 5162 2690 5216 τούτου
2716 5165 2761 5195 ⁷²
2812 5162 3087 5216 λωόἄται·
3137 5161 3316 5223 οὕτως
3367 5159 3416 5210 οἱ
3472 5145 3672 5221 πονηρίᾳ

1732 5429 1970 5484 VARUE
2012 5428 2416 5484 LECTIUNES.

458 5526 505 5556 ⁸⁸
657 5525 1003 5595 Παρειρειὶο,
1036 5524 1376 5595 εἰργάσαντο.
1428 5526 1497 5595 _”
1524 5542 1634 5591 γεν.
1665 5526 1823 5590 codd,
1859 5525 1980 5579 add.
2014 5525 2095 5577 ὃτι
2132 5527 2455 5595 εἰργάσαντο
2483 5526 2672 5593 ψευδῆ.
2743 5525 2787 5555 ⁶⁰
2819 5525 2911 5577 καὶ
2929 5523 3213 5595 δῃώσουσι.
3257 5517 3330 5571 Ex
3362 5506 3663 5595 φεῖ-’θυρίδ-

462 5596 502 5625 ⁶¹
543 5587 669 5647 liec.
696 5594 853 5647 lectio
873 5605 975 5656 est,
997 5598 1062 5663 τῇ
1084 5587 1300 5663 καρδίᾳ.
1355 5595 1398 5625 υ²
1427 5587 1551 5647 lico.
1599 5596 1720 5648 lect.
1744 5587 1848 5657 esi,
1873 5596 2049 5656 πάσας
2067 5598 2163 5657 τὰς
2182 5587 2376 5657 κακίας
2399 5587 2596 5653 αὐτῶν,
2618 5587 2671 5647 et
2705 5594 2898 5647 deinde
2916 5636 2929 5658 ,
2960 5587 3297 5663 ἐκύκλωσαν.
3318 5587 3458 5663 *θ’-(Σ
3485 5588 3664 5663 ᾔὲομβν

463 5664 673 5732 εύκασι.
731 5664 773 5693 ⁶³
805 5667 844 5717 (1
882 5663 1171 5732 εῦφραναν.
1222 5665 1266 5694 ’⁵³⁵
1296 5664 1366 5714 il).
1396 5665 1597 5725 αὐτοῖς.
1658 5667 1700 5695 ⁵⁸
1730 5667 1855 5717 Καί.
1879 5665 1999 5718 lies.
2036 5666 2164 5717 thid.

2243 5667 2284 5694 "7
2317 5650 2511 5717 κατακ.
2536 5665 2786 5725 Grabius,
2813 5650 3171 5716 καταπαύσει.
3238 5660 3282 5691 ⁸⁸
3307 5658 3346 5711 C
3369 5657 3441 5707 τό.
3492 5650 3663 5725 ⁸³⁸.αέ-

462 5731 636 5801 ύμῶν.
674 5732 795 5788 Haec
814 5734 878 5788 ad
910 5719 1122 5792 initium
1152 5750 1293 5792 vers.
1326 5719 1687 5805 5,pcrtincnt.
1742 5737 1785 5765 ⁷ο
1812 5734 1908 5789 Ed.
1937 5738 2083 5802 prior
2107 5735 2227 5788 hab.
2281 5737 2661 5805 συμφερέμωα
2694 5735 2911 5804 ἄλευρα.
2980 5737 3022 5766 ⁷³
3058 5734 3096 5788 C
3121 5730 3298 5799 ὑμῶν.
3351 5719 3639 5780 ’³οτούτων
