3912 6206
236 351 375 419 1589

1562 347 1643 405 IN
1681 346 1867 405 OSEE
1909 345 2065 403 CAP.
2108 343 2238 403 VII.

3344 341 3363 404 1
3376 343 3493 405 59G

232 464 504 529 συξῶντες
552 461 662 524 τοῖς
712 458 1008 531 γνωρίμοις
1061 456 1454 522 λυμαίνονται·
1523 456 1808 524 φθείρουσι

1928 452 2081 507 Docet
2118 453 2341 520 insuper
2376 464 2492 516 eos,
2540 461 2706 505 noctu
2740 452 2971 505 insidias
3003 450 3227 508 assidue
3280 455 3479 506 machr-

228 556 339 624 γὰρ
377 552 483 624 ἢθη
520 550 731 621 χρηστὰ
773 549 978 621 ὁμιλίαι
1009 548 1210 602 κακαίο
1256 547 1497 605 διδάσκει
1545 547 1625 612 δὲ,
1661 545 1736 608 ὡς
1761 545 1807 576 ⁷³

229 647 325 699 καὶ
360 645 575 713 νύκτωρ
622 640 723 704 τὰς
770 639 1064 703 ἐπιϐουλὰς
1120 639 1389 693 διετέλουν
1456 637 1806 703 καττύοντες,

228 733 328 787 καὶ
359 732 478 803 μεθ’
517 732 731 802 ἡμέραν
780 730 951 801 πυρὸς
999 730 1155 801 δίκην
1184 730 1309 793 τοὺς
1340 730 1430 782 ὑπ’
1462 728 1644 781 αὐτῶν
1689 728 1808 780 ἀδι-

231 822 536 893 κουμένους
583 820 885 891 διέφθειρον
908 821 954 852 τι
980 837 991 849 ·
1026 819 1086 872 τὸ
1139 819 1283 892 γὰρ,
1333 838 1351 871 ι
1394 819 1486 872 Ἐν
1528 819 1608 889 τῷ
1643 836 1810 873 κατα-

235 914 460 984 ράσσειν
498 912 694 975 αὐτοὺς
727 910 854 981 ὃλην
890 908 988 980 τὴν
1035 908 1223 974 νύκτα,
1260 928 1278 961 ι
1315 911 1364 962 οί
1394 910 1595 973 πάντες
1639 911 1812 979 ἑρμη-

229 1005 420 1060 νευταλ
477 1003 785 1076 συμφώνως
854 1002 1190 1070 ἐνεδρεύειν
1242 1001 1572 1056 τεθείκασιν.
1641 1000 1809 1054 Ἀλλὰ

229 1098 437 1150 τούτων
484 1095 691 1149 τίσουσι
750 1091 907 1156 δίκας
930 1093 1018 1125 ⁷⁵·
1069 1111 1087 1143 ι
1129 1091 1247 1162 [Ιῦρ
1296 1091 1406 1161 γὰρ
1458 1090 1810 1159 κατέφαγετα

229 1190 357 1251 τοὺς
386 1190 579 1257 κριτὰς
620 1184 820 1247 αὐτῶν,
868 1182 1067 1245 πάντες
1097 1182 1146 1235 οἱ
1190 1181 1434 1252 βασιλεῖς
1473 1180 1651 1233 αὐτῶν
1691 1179 1813 1233 ἐπε-

230 1297 345 1334 σον,
396 1299 414 1331 ι
460 1280 566 1332 Καὶ
615 1277 676 1330 τὸ
731 1278 950 1330 πάντων
1007 1276 1179 1329 αἴτιον
1222 1274 1330 1328 τῶν
1362 1274 1586 1339 κακῶν,
1632 1294 1650 1325 ι
1698 1274 1812 1326 Οὐκ

224 1363 298 1437 ἦν
328 1370 496 1440 γὰρ⁷⁷
529 1370 587 1421 ἐν
618 1368 803 1431 αὐτοῖς
827 1368 854 1420 ό
884 1365 1312 1435 ἐπικαλούμενος
1345 1366 1484 1436 πρός
1527 1381 1614 1435 με.
1660 1385 1678 1415 ι
1727 1366 1814 1428 Ὠς

230 1459 646 1533 παρεληλυθότα
681 1458 750 1512 τὰ
791 1457 1025 1529 ἐσόμενα
1054 1458 1265 1529 εἴρηκε,
1299 1456 1536 1520 δεικνὺς,
1567 1456 1643 1519 ὡς
1675 1457 1813 1510 πάν-

231 1569 336 1616 τως
382 1551 555 1604 ταῦτα
592 1551 885 1622 γενήσεται
913 1589 928 1614 ,
963 1550 1059 1603 καὶ
1111 1549 1266 1602 οὐδὲν
1301 1548 1535 1603 κωλύσει
1579 1548 1679 1620 τὴν
1712 1549 1815 1618 τῆς

232 1646 593 1717 προρρήσεως
640 1645 886 1699 ἔκϐασιν.
928 1645 1100 1698 Τοῦτο
1157 1646 1251 1698 καὶ
1284 1645 1435 1715 παρὰ
1467 1647 1580 1710 τοῖς
1633 1646 1814 1711 ἄλλοις

232 1738 546 1810 προφήταις
576 1737 905 1807 εὑρίσκομεν
944 1737 1004 1791 τὸ
1035 1738 1233 1808 ἰδίωμα
1254 1755 1268 1768 ·
1299 1739 1394 1791 καῖ⁵
1432 1738 1541 1810 γὰρ
1582 1738 1812 1801 Ἡσαΐας

462 1794 548 1890 Ὠς
577 1794 848 1898 πρόϐατόν
877 1827 967 1879 ἐπὶ
1002 1794 1215 1898 σφαγὴν
1249 1794 1474 1898 mea...)
1508 1794 1648 1881 ίίαί·
1687 1848 1703 1881 ι
1746 1794 1810 1882 'II
1843 1794 1887 1848 Β

231 1917 419 1988 κρίσις
468 1914 633 1970 αὐτοῦ
679 1915 843 1987 ἤρθη.
886 1935 902 1967 ι
936 1916 1086 1968 Καί·
1128 1934 1147 1967 ι
1205 1915 1432 1986 Εῑδομεν
1476 1917 1672 1979 αὐτὸν,
1720 1918 1811 1972 καὶ

230 2010 331 2062 οὐκ
365 2004 511 2078 εἶχεν
533 2003 691 2073 εἶδος,
718 2006 837 2059 ούδέ
863 2006 1058 2069 κάλλος
1082 2023 1096 2037 θ
1140 2026 1158 2057 ι
1198 2007 1319 2060 ἀντὶ
1350 2007 1466 2071 τοῦ,
1511 2009 1807 2080 Ὀᾠόμεθα,

232 2098 328 2152 καὶ
361 2096 711 2168 ’Δρθήσεται,
745 2096 840 2149 καὶ
881 2095 1224 2166 Ἀχθήσεται.
1253 2097 1363 2149 Kal
1387 2097 1550 2150 πάλιν
1570 2115 1584 2128 ο
1628 2116 1646 2148 ι
1687 2100 1810 2153 Ὅτι

233 2189 446 2243 παιδίον
471 2188 736 2258 ἐγεννήθη
772 2190 903 2259 ἡμῖν
935 2189 1069 2252 υἱὸς,
1107 2190 1199 2242 καὶ
1231 2188 1385 2260 ἐδόθη
1417 2192 1548 2260 ἡμῖν
1569 2209 1582 2222 ·
1628 2211 1646 2243 ι
1692 2193 1812 2246 ἀντὶ

231 2281 348 2343 τοῦ.
386 2280 813 2352 Γεννηθήσεται,
868 2280 964 2333 καὶ
1018 2281 1338 2351 Δοθήσεται.
1404 2282 1684 2338 Ἐντεῦθεν
1731 2286 1811 2348 είς

230 2372 491 2442 δευτέραν
529 2370 863 2441 κατηγορίαν
891 2369 1086 2441 τρέπει
1115 2371 1207 2424 τὸν
1244 2371 1421 2439 λόγον.

302 2468 376 2530 η’.
430 2479 448 2512 ι
498 2459 737 2532 Ἐφραίμ
781 2462 838 2513 ἐν
882 2463 994 2523 τοῖς
1033 2461 1183 2524 λαοῖς
1232 2464 1396 2527 αὐτὸς
1426 2464 1474 2495 ’⁸
1518 2466 1812 2535 συνανεμί-

231 2570 420 2622 γνυτο.
464 2570 483 2603 ι
516 2551 807 2623 Προφανὴς
845 2552 901 2604 δέ
954 2555 986 2622 ἡ
1026 2555 1341 2623 παρανομία
1367 2571 1380 2583 θ
1425 2554 1629 2622 ταύτης
1680 2557 1735 2609 δὲ
1765 2558 1812 2589 ⁷⁸

233 2641 332 2697 καὶ
363 2644 394 2694 ὁ
420 2640 689 2712 μακάριος
728 2643 1027 2711 κατηγορεῖ
1050 2641 1233 2706 Δαϐὶδ,
1264 2643 1437 2709 λέγων
1474 2660 1487 2673 ’
1524 2664 1543 2696 ι
1590 2644 1813 2714 Ἐπεμί-

234 2750 415 2802 γησαν
440 2734 499 2785 ἐν
532 2736 644 2796 τοῖς
690 2732 892 2797 ἔθνεσι,
923 2734 1015 2786 καὶ
1053 2732 1258 2803 ἔμαθον
1289 2734 1359 2788 τὰ
1388 2734 1527 2805 ἔργα
1555 2736 1755 2791 αὐτῶν.
1788 2759 1805 2789 ι

233 2823 487 2895 Ἐφραίμ
517 2825 736 2893 ἐγένετο
784 2825 1090 2896 ἐγκρυφίας
1118 2825 1179 2877 οὐ
1227 2829 1751 2898 μεταστρεφόμενος.
1789 2850 1807 2882 ι

244 2917 557 2987 Ἐπέμεινε,
595 2916 749 2985 φησὶ,
779 2918 845 2987 τῇ
895 2916 1087 2987 κακίᾳ,
1137 2917 1233 2970 καὶ
1280 2918 1582 2989 μεταϐολὴν
1612 2921 1703 2974 ἐπὶ
1755 2921 1814 2973 τὸ

233 3008 490 3078 κρεῖττον
541 3005 797 3076 οὐδεμίαν
854 3005 1095 3070 ἐδέξατο,
1144 3005 1397 3078 καθάπερ
1434 3009 1462 3060 ό
1508 3008 1815 3079 ἐγκρυφίας

1913 553 2127 607 nantes,
2161 543 2402 599 interdiu
2438 543 2579 613 ignis
2613 557 2762 597 more
2804 559 2832 596 a
2865 558 2925 597 se
2964 551 3185 598 vexatos
3231 543 3478 614 perdere.

1912 634 2044 688 Nam
2072 635 2204 689 illud
2231 655 2243 690 :
2281 653 2299 686 ι
2330 635 2465 689 Cum
2486 634 2964 705 praecipitarentur
2985 634 3089 703 ipsi
3110 641 3229 689 tota
3260 645 3477 701 nocte,»

1911 741 2104 782 omnes
2137 728 2466 797 interpretes
2497 726 2745 780 unanimi
2781 740 3057 781 consensu
3095 726 3484 782 insidiarentur

1914 818 2255 887 interpretati
2285 826 2433 873 sunt.
2458 815 2539 889 [7]
2567 817 2671 872 Sed
2703 828 2755 872 et
2780 833 2876 888 pro
2906 818 2993 871 his
3027 817 3235 872 dabunt
3267 833 3479 888 pcenas.

1918 930 1936 963 ι
1982 910 2130 981 Ignis
2161 912 2303 965 enim
2333 910 2618 965 devoravit
2638 908 2856 980 judices
2884 924 3075 964 eorum
3104 929 3117 964 :
3166 925 3359 965 omnes
3393 926 3482 965 rc-

1912 1018 2007 1071 ges
2063 1017 2251 1056 eorum
2287 1001 2632 1056 ceciderunt.
2706 1019 2723 1052 ι
2770 999 2834 1053 Ει
2884 1000 3035 1070 quod
3096 1010 3179 1055 est
3235 1002 3497 1055 omnium

1913 1091 2185 1145 malorum
2248 1091 2704 1148 fundamentum:
2767 1110 2784 1141 ι
2831 1091 2951 1146 Non
2991 1092 3096 1146 fuit
3126 1092 3180 1145 in
3240 1093 3321 1147 eis
3346 1133 3359 1157 ,
3391 1094 3495 1163 qui‘

1914 1184 2196 1237 invocaret
2225 1199 2328 1238 me.
2370 1202 2388 1235 ι
2427 1182 2710 1253 Tanquam
2759 1183 3037 1254 prmterita
3087 1182 3228 1237 dixit
3277 1183 3484 1250 futura,

1913 1274 2212 1331 ostendens
2241 1276 2484 1329 futurum
2516 1277 2762 1340 omnino,
2798 1284 2857 1330 ut
2884 1276 3001 1329 haec
3026 1277 3099 1329 ita
3129 1276 3283 1342 fiant,
3319 1278 3486 1331 nihil-

1913 1381 2021 1435 que
2054 1366 2455 1435 prohibiturum
2483 1366 2855 1435 praedictionis
2876 1374 3156 1423 eventum.
3187 1368 3300 1423 Iloc
3323 1370 3485 1422 etiam

1915 1456 2056 1526 apud
2090 1457 2226 1512 alios
2263 1459 2563 1527 prephctas
2613 1458 2927 1513 invenimus
2965 1458 3190 1513 idioma.
3226 1458 3438 1514 Etenim
3467 1460 3486 1481 '

1915 1549 2085 1604 Isaias
2115 1550 2391 1603 exclamat
2420 1567 2431 1601 :
2462 1568 2480 1599 ‹
2518 1547 2674 1604 Sicut
2696 1550 2812 1605 ovis
2836 1551 2900 1605 ad
2926 1551 3261 1606 occisionem
3287 1551 3488 1608 ductus

1919 1638 2020 1694 fuit
2049 1638 2092 1692 ί.
2138 1657 2156 1689 ι
2192 1640 2298 1693 Et:
2334 1658 2352 1690 ι
2381 1637 2660 1693 Iudicium
2687 1639 2810 1708 ejus
2843 1640 3123 1696 sublatum
3157 1650 3239 1695 est
3264 1643 3309 1693 Β.
3341 1663 3359 1691 ι
3386 1639 3484 1695 Et:

1923 1749 1941 1782 ι
1980 1730 2231 1787 Vidimus
2264 1745 2413 1793 eum,
2459 1738 2513 1785 et
2550 1746 2659 1784 non
2704 1731 2940 1786 habebat
2993 1731 3253 1801 speciem,
3310 1746 3490 1802 neque

1920 1821 2249 1878 formamh:
2314 1841 2334 1871 ι
2379 1836 2479 1891 pro
2549 1836 2614 1876 eo
2665 1822 2812 1892 quod
2873 1829 2979 1887 est,
3043 1822 3386 1887 Videbimus,
3436 1829 3489 1875 ct

1918 1913 2235 1979 Anferetur,
2273 1920 2327 1970 et
2374 1913 2634 1968 Ducetur.
2688 1933 2708 1965 ι
2762 1913 2895 1969 Item
2928 1932 2943 1968 :
2979 1932 2998 1965 ι
3030 1911 3172 1969 Puer
3202 1921 3363 1967 natus
3406 1919 3490 1967 est

1919 2004 2105 2069 nobis,
2141 2010 2193 2057 ct
2227 2003 2373 2057 [ilius
2403 2002 2564 2057 datus
2606 2010 2690 2057 est
2722 2002 2882 2058 nobis
2925 2023 2943 2055 ι
2975 2018 3075 2073 pro
3109 2017 3176 2057 eo
3208 2003 3355 2071 quod
3381 2010 3487 2068 est,

1920 2093 2212 2158 Nascetur,
2247 2100 2302 2147 et
2337 2092 2569 2146 Dabitur
2599 2093 2641 2145 ί.
2666 2091 2866 2147 Postea
2898 2092 2953 2146 in
2994 2092 3293 2149 secundam
3326 2107 3493 2147 accu-

1920 2186 2188 2241 sationem
2217 2185 2493 2239 convertit
2524 2198 2856 2239 sermonem.

1993 2480 2158 2535 Vens.
2208 2480 2260 2534 8.
2298 2499 2315 2531 ε
2350 2479 2612 2550 Epitraim
2653 2480 2708 2533 in
2761 2478 2981 2550 populis
3014 2477 3131 2550 Ipse
3170 2480 3494 2534 commisce-

1921 2574 2102 2626 batur.
2133 2590 2151 2623 ι
2186 2570 2540 2626 Manifestum
2589 2578 2771 2625 autem
2804 2572 2907 2626 hoc
2938 2572 3148 2626 crimen
3182 2577 3320 2635 erat,
3346 2568 3492 2640 quod

1920 2665 2085 2719 etiam
2126 2664 2323 2717 beatus
2355 2662 2528 2716 David
2581 2662 2826 2730 damnat,
2872 2662 3104 2717 dicens:
3147 2680 3165 2712 ‹
3204 2658 3492 2715 Commisti

1921 2763 2049 2810 sunt
2081 2755 2228 2809 inter
2256 2764 2465 2825 gentes,
2507 2760 2560 2808 et
2584 2753 2898 2808 didicerunt
2927 2766 3092 2822 opera
3138 2767 3327 2808 earum
3359 2749 3407 2804 ί.
3465 2768 3486 2801 ι

1920 2878 1977 2887 —-
2026 2866 2043 2898 ‹
2090 2846 2353 2917 Ephraim
2385 2846 2570 2902 Iactus
2612 2854 2697 2901 est
2738 2845 2896 2916 panis
2943 2844 3368 2907 subcinericius,
3398 2842 3493 2911 qui

1922 2956 2031 2995 non
2063 2941 2316 2994 vertitur.
2359 2957 2378 2991 ι
2418 2939 2474 2992 In
2529 2937 2760 3000 malitia,
2797 2937 2996 3007 inquit,
3060 2935 3326 3006 perstitit,
3364 2933 3489 2988 nul-

1922 3032 2142 3099 Iamque
2175 3029 2530 3083 mutationem
2567 3028 2695 3083 fecit
2746 3028 2802 3083 in
2833 3028 3033 3083 melius
3064 3047 3077 3081 :
3138 3027 3281 3081 sicut
3334 3027 3491 3097 panis

235 3098 385 3151 κατὰ
408 3098 636 3170 θάτερον
670 3098 836 3169 μέρος
870 3097 1224 3169 προσομιλῶν
1256 3098 1334 3169 τῷ
1365 3100 1517 3170 πυρὶ,
1555 3102 1651 3155 καλ¹
1696 3102 1815 3156 δια-

1928 3097 2354 3185 subeinericius,
2382 3118 2475 3188 qui
2509 3119 2683 3173 altera
2725 3127 2881 3189 parte
2921 3118 3248 3173 admovetur
3280 3117 3410 3187 igni,
3438 3121 3492 3172 et

236 3208 363 3244 καιο
370 3208 550 3261 μενος.

310 3281 376 3336 θ’.
414 3301 432 3333 ι
470 3281 797 3350 Κατέεραγον
819 3281 1091 3354 ἀλλότριοι
1138 3284 1237 3355 τὴν
1268 3286 1421 3356 ίσχὺν
1443 3285 1629 3354 αὑτοῦ,
1660 3288 1819 3352 αὐτὸς

237 3373 299 3428 δὲ
340 3374 442 3425 οὐκ
497 3372 659 3441 ἔγνω.
701 3392 719 3424 ι
756 3373 868 3426 Kal
918 3373 1026 3426 τῶν
1059 3374 1247 3428 κακῶν
1273 3376 1350 3439 δέ,
1387 3377 1571 3446 φησὶν,
1615 3378 1823 3430 ἐπικει-

241 3463 459 3535 μένων,
491 3463 679 3531 ἀγνοεῖ
712 3464 804 3517 τὸν
853 3464 1193 3520 παιδεύοντα.
1246 3485 1264 3518 ι
1302 3468 1416 3521 Kal
1458 3468 1641 3521 πολιαὶ
1671 3468 1820 3539 ἐξήν-

237 3559 418 3628 θησαν
445 3555 614 3627 αὐτῷ,
635 3556 728 3609 καὶ
762 3557 923 3620 αὐτὸς
951 3558 1051 3610 οὐκ
1079 3557 1242 3625 ἔγνω.
1285 3578 1303 3610 ι
1351 3559 1484 3613 Οὐδὲ
1513 3560 1591 3630 τῷ
1617 3560 1818 3631 πολλῷ,

240 3650 400 3722 φησὶ,
434 3649 613 3721 χρόνῳ
654 3649 906 3720 ἐδιδάχθη
939 3650 1000 3703 τὸ
1027 3650 1165 3704 δέον.

315 3846 369 3900 ι’.
396 3846 509 3900 Καὶ
557 3846 1027 3919 ταπεινωθήσεται
1063 3850 1105 3919 ἡ
1147 3847 1305 3920 ὕϐρις
1340 3847 1435 3901 τοῦ
1484 3848 1699 3920 Ἰσραὴλ
1742 3851 1821 3912 είς

239 3939 543 4010 πρόσωπον
572 3938 759 3994 αὐτοῦ.
798 3958 817 3991 ι
862 3940 1093 4010 Ὄψεται
1118 3980 1133 4003 ,
1164 3941 1315 4010 φησὶ,
1345 3941 1552 4011 σαφῶς,
1584 3942 1677 3995 καὶ
1714 3960 1815 4012 μα-

239 4031 495 4101 θήσεται,
514 4030 661 4092 οἵους
691 4030 724 4100 ή
752 4028 976 4082 ἀσέϐεια
1005 4030 1179 4082 τίκτει
1202 4029 1468 4101 καρπούς.

321 4140 341 4173 ι
380 4121 494 4175 Kal
528 4121 628 4173 ούκ
648 4120 992 4190 ἐπέστρεψαν
1024 4120 1160 4190 πρὸς
1188 4121 1393 4189 Κύριον
1430 4120 1518 4173 τὸν
1553 4122 1686 4175 Θεὸν
1726 4123 1820 4175 αὑ-

241 4213 377 4279 τῶν,
410 4213 506 4266 καὶ
533 4213 633 4266 οὐκ
659 4212 931 4283 ἐζήτησαν
960 4213 1122 4265 αὐτὸν
1151 4214 1208 4266 ἐν
1248 4212 1386 4265 πᾶσι
1417 4212 1646 4275 τούτοις.
1680 4214 1821 4284 (ια’.)

244 4300 454 4376 Kal-71v
504 4303 745 4375 Ἐφραῖμ
797 4305 873 4367 ὡς
922 4302 1224 4374 περιστερὰ
1269 4303 1451 4367 ἄνους,
1484 4304 1583 4355 οὐκ
1623 4303 1821 4374 ἔχουσα

244 4397 511 4469 καρδίαν·
558 4399 835 4465 Αἴγυπτον
888 4395 1225 4458 ἐπεκαλεῖτο,
1270 4394 1362 4447 καὶ
1391 4396 1470 4458 είς
1507 4393 1822 4464 Ἀσσυρίους

1926 3211 2200 3264 aduritur.

1995 3301 2160 3357 Vens.
2192 3302 2245 3357 9.
2279 3320 2298 3353 ι
2343 3300 2714 3356 Comedcrunt
2751 3300 2966 3373 13M
3006 3300 3169 3356 alieni
3221 3299 3496 3355 fortitudi-

1925 3411 2049 3449 nem
2082 3393 2224 3463 ejus,
2257 3394 2373 3464 ipse
2408 3408 2540 3447 vero
2574 3393 2830 3448 nescivit.
2868 3413 2885 3446 ι
2932 3392 3038 3447 Sed
3085 3402 3139 3447 et
3177 3400 3257 3447 tot
3311 3392 3491 3458 malis,

1924 3486 2039 3550 ait,
2069 3485 2546 3549 incumbentibus,
2583 3485 2798 3555 ignorat
2829 3485 3194 3555 corrigentem
3235 3482 3490 3555 (Deum).

1931 3597 1947 3627 ι
1983 3576 2042 3629 Ει
2078 3577 2199 3639 cani
2233 3575 2590 3631 eiﬂoruerunt
2637 3577 2721 3644 ei,
2776 3582 2830 3631 et
2861 3576 2978 3646 ipse
3010 3576 3304 3646 ignoravit.
3334 3593 3353 3627 ι
3382 3572 3496 3629 Nec

1925 3678 2035 3723 tam
2085 3670 2271 3738 longo,
2321 3668 2519 3738 inquit,
2558 3676 2804 3739 tempore
2855 3668 2999 3738 quod
3024 3675 3142 3722 erat
3167 3666 3493 3730 honestum,

1924 3760 2239 3831 perdidicit.

1997 3852 2162 3909 Vens.
2203 3850 2284 3907 I0.
2326 3871 2345 3903 ι
2392 3852 2454 3905 Et
2488 3851 2874 3906 humiliabitur
2903 3850 3237 3907 contumelia
3282 3850 3497 3905 Israelis

1925 3944 1980 3998 in
2015 3944 2154 3999 facie
2183 3943 2328 4013 ejus.
2375 3964 2393 3997 ›
2435 3942 2833 4014 Perspicictur,
2867 3943 3064 4013 inquit,
3099 3958 3208 3997 non
3239 3942 3496 4006 obscure,

1926 4044 1978 4092 et
2011 4046 2401 4106 cognoscetur,
2436 4037 2627 4105 quales
2658 4034 2908 4104 impietas
2935 4035 3111 4104 pariat
3140 4034 3377 4089 fructus.

2002 4147 2021 4178 τ
2063 4128 2128 4181 Et
2163 4144 2271 4181 non
2301 4135 2430 4182 sunt
2458 4125 2662 4180 reversi
2697 4126 2763 4177 ad
2796 4123 3086 4179 Dominum
3119 4122 3287 4178 Deum
3312 4137 3493 4183 suum,

1926 4228 1979 4274 et
2014 4235 2121 4273 non
2148 4220 2485 4288 quaesierunt
2513 4231 2635 4271 eum
2662 4218 2715 4269 in
2745 4215 3000 4269 omnibus
3027 4214 3130 4268 his.
3165 4211 3353 4284 (Vens.
3382 4211 3494 4281 II.)

1926 4311 1994 4364 Et
2031 4320 2149 4362 erat
2197 4308 2457 4377 Ephraim
2506 4306 2660 4376 quasi
2718 4304 2975 4359 columba
3030 4303 3317 4372 insipiens,
3384 4316 3494 4354 non

1928 4402 2137 4455 habens
2170 4415 2288 4453 cor.
2328 4398 2621 4468 Egyptum
2657 4396 2980 4460 invocabat,
3033 4402 3088 4449 et
3120 4394 3184 4449 ad
3235 4394 3495 4463 Assyrios

243 4483 566 4556 ἐπορεύετο.
604 4504 621 4536 ι
661 4484 876 4549 Ταύτας
911 4488 1038 4556 παρ’
1085 4486 1217 4557 ἐμοῦ
1261 4486 1536 4557 δεχόμενοι
1562 4488 1660 4548 τὰς
1694 4505 1815 4541 παι-

1928 4494 2134 4548 abibat.
2177 4512 2196 4544 ι
2234 4491 2331 4546 IIis
2394 4506 2424 4543 a
2461 4506 2546 4544 me
2574 4489 2755 4559 poenis
2789 4487 3043 4556 castigati
3074 4527 3089 4551 ,
3143 4501 3231 4540 me
3286 4499 3495 4554 nequa-

241 4576 417 4641 δείας,
464 4576 567 4646 ἐμὲ
614 4575 713 4647 μέν
747 4577 1001 4646 οὐδαμῶς
1049 4579 1456 4648 παρεκάλεσαν.
1498 4580 1687 4649 στῆναι
1715 4580 1824 4632 τῶν

242 4669 665 4740 ἐπιφερομένων
697 4671 880 4734 αὐτοῖς
915 4671 1101 4724 κακῶν
1137 4673 1235 4742 τὴν
1283 4674 1475 4743 φορὰν,
1511 4673 1647 4725 ἀλλὰ
1690 4674 1826 4744 πρὸς

256 4764 583 4834 Ἀσσυρίους
616 4764 712 4833 μὲν
743 4763 962 4834 ἔτρεχον
1015 4765 1119 4818 ὑπὸ
1164 4765 1349 4837 Σύρων
1407 4766 1822 4836 πολεμούμενοι,

245 4855 387 4926 πρὸς
409 4855 740 4922 Αἰγυπτίους
763 4855 819 4908 δὲ
855 4855 960 4908 ὑπὸ
1014 4857 1314 4927 Ἀσσυρίων
1356 4858 1820 4927 πολιορκούμενοι,

242 4944 346 5014 τῆς
397 4946 729 5014 περιστερᾶς
762 4947 819 4998 ἐν
866 4946 1084 5009 ἑαυτοῖς
1112 4946 1419 5010 δεικνύντες
1469 4949 1567 5018 τὴν
1618 4949 1821 5003 ἄνοιαν.

242 5034 521 5104 Καθάπερ
550 5035 658 5105 γὰρ
692 5035 873 5105 ἐκείνη
925 5036 1035 5088 τῶν
1066 5037 1210 5088 ἰδίων
1233 5036 1277 5067 ⁸ο
1309 5038 1536 5090 νεοττῶν
1564 5039 1826 5109 ἀφαιρου-

246 5125 495 5197 μένωνθί
522 5126 620 5178 οὐκ
644 5125 970 5194 ἁφίπταται,
1009 5127 1145 5180 ἀλλὰ
1182 5130 1294 5190 τοῖς
1345 5129 1529 5191 αὐτοῖς
1559 5131 1824 5201 προστρέ-

242 5231 332 5284 χει
363 5216 608 5285 χωρίοις,
634 5216 808 5279 οὕτως
833 5210 980 5270 οὗτοι
1002 5216 1152 5286 θαμὰ
1197 5219 1290 5269 καὶ
1322 5218 1582 5288 συνεχῶς,
1610 5220 1702 5272 νῦν
1728 5220 1825 5288 μὲν

326 5387 345 5427 ε
381 5386 489 5444 Isa.
523 5405 643 5454 LIII,
674 5390 723 5443 7.
807 5393 832 5431 ε
863 5391 996 5445 ibid.
1026 5392 1076 5445 8.
1156 5392 1182 5431 ιι
1224 5391 1357 5447 ibid.
1380 5393 1432 5445 9..

1519 5394 1534 5432 ί
1572 5393 1675 5449 Isa.
1713 5411 1786 5460 lx,
1823 5396 1875 5449 6.

1929 4600 2095 4655 quam
2123 4585 2473 4646 invocarunt,
2501 4590 2559 4635 ut
2593 4580 2863 4633 malorum
2889 4578 3089 4647 quibus
3120 4577 3500 4647 plectebantur

1930 4692 2152 4731 cursum
2183 4675 2489 4729 inhiberent
2518 4691 2531 4727 :
2577 4672 2673 4727 sed
2705 4671 2771 4725 ad
2805 4669 3058 4741 Assyrios
3091 4676 3498 4733 excurrerent,

1929 4780 2111 4819 curua
2149 4764 2300 4836 Syris
2360 4764 2506 4818 bello
2574 4763 2994 4819 lacesserentur,
3051 4773 3114 4812 ac
3178 4773 3374 4813 rursus
3432 4759 3498 4812 ad

1930 4859 2236 4929 ngyptios,
2267 4871 2390 4910 cum
2423 4856 2488 4910 ab
2517 4854 2760 4925 Assyriis
2799 4851 3206 4916 obsiderentur,
3230 4852 3500 4906 columba:

1933 4950 2305 5018 insipientiam
2340 4948 2441 5002 sibi
2482 4950 2660 5001 inesse
2692 4946 3157 4999 demonstrantes.
3224 4944 3500 5010 Quemad-

1936 5040 2157 5094 modum
2199 5038 2343 5092 cniln
2382 5037 2497 5100 illa,
2526 5037 2641 5092 suis
2675 5035 2842 5104 pullis
2876 5034 3109 5103 privata,
3145 5050 3255 5089 non
3305 5037 3500 5089 absce-

1933 5133 2033 5196 dit,
2061 5132 2155 5186 scd
2195 5131 2247 5183 in
2286 5131 2477 5184 iisdem
2514 5130 2650 5183 locis
2677 5139 3075 5192 commoratur,
3144 5128 3225 5184 sic
3267 5128 3357 5182 isti
3389 5128 3499 5180 Ire-

1935 5221 2319 5291 qucntissimc,
2360 5233 2506 5273 nunc
2535 5218 2742 5283 abhis,
2790 5233 2939 5272 nunc
2996 5218 3065 5273 ab
3114 5219 3223 5273 illis
3256 5215 3498 5288 spoliati-

1957 5395 1969 5445 i
2008 5395 2151 5453 I’sal.
2182 5411 2265 5460 εν,
2295 5394 2383 5448 55.

1559 5548 1797 5603 VARle
1833 5550 2235 5606 LECTIONES.

321 5639 369 5670 ⁷³
393 5638 489 5700 ὡς.
511 5637 569 5691 In
601 5637 643 5693 C
673 5648 797 5707 post
855 5639 1069 5707 νύκτωρ
1128 5641 1365 5706 ponitur.

244 5710 294 5741 τ’
322 5708 456 5778 γάρ.
493 5708 619 5763 Des.
656 5708 709 5761 in
732 5709 773 5761 C
808 5710 897 5776 qui
938 5711 1098 5762 habet
1125 5710 1151 5759 ὁ
1181 5713 1329 5763 ἐπικ.
1361 5713 1415 5762 ἐν
1436 5712 1637 5772 αὐτοῖς.

1471 5643 1514 5713 7³
1549 5642 1588 5692 (ἶ
1631 5644 2006 5713 κατέφθειρον,

1742 5715 1784 5742 ⁷⁸
1810 5713 1849 5766 C
1884 5713 2071 5777 αὐτοῦ,
2100 5715 2254 5781 juxta
2290 5730 2396 5768 rce.
2433 5718 2558 5770 lect.

246 5778 436 5833 κείων.
513 5778 554 5811 ⁸³
584 5781 682 5846 ἀφ.
713 5779 787 5831 Ila
827 5780 1050 5850 legimus
1083 5796 1203 5832 cum
1237 5782 1275 5833 (ἶ
1316 5782 1474 5834 Sirm.
1596 5783 1906 5854 ςιιρουμένη.

2960 5641 3003 5668 τθ
3039 5636 3137 5688 Alii
3171 5633 3493 5703 κατέφαγον.

3154 5704 3197 5736 ³ο
3231 5703 3294 5757 ίδ.
3321 5702 3396 5757 Ib.
3425 5702 3497 5754 οὶ·

2112 5645 2156 5676 ⁷⁸
2192 5643 2298 5698 δίκ.
2335 5644 2468 5699 Ibid.
2514 5662 2665 5715 sequ.
2712 5643 2862 5715 (ansis

2658 5717 2701 5745 τυ
2845 5712 2884 5763 (2
2925 5709 3045 5777 γάρ.
