3912 6206
520 329 654 397 1591
1218 354 1243 363 κ·
1469 330 1955 390 THEODORETI
1996 328 2337 393 EPISCOPI
2375 335 2741 398 CYRENSIS
3583 340 3695 408 1592

516 448 572 496 et
598 441 653 497 in
688 442 1006 498 servitutem
1039 437 1273 504 redacti,
1307 438 1373 493 ad
1401 440 1663 510 Assyrios
1699 447 1752 493 et
1798 439 2059 511 Egyptio

2148 459 2163 497 ι
2192 440 2299 494 ὑπὸ
2338 443 2566 509 τούτων,
2592 444 2688 499 νῦν
2715 445 2774 499 δὲ
2796 445 2888 499 ὑπ’
2904 443 3130 499 ἐκείνων
3157 445 3513 520 ἀναιρούμενοί
3542 470 3594 505 τε
3615 456 3693 510 καὶ

517 541 906 598 recurrentes,
970 530 1180 585 nullum
1238 529 1307 585 ab
1358 530 1469 585 illis
1524 531 1789 586 auxilium
1838 533 2062 587 obtinue

2189 532 2782 608 ἐξανδραποδιζόμενοι,
2810 537 2948 609 πρὸς
2973 537 3288 610 Ἀσσυρίους
3303 541 3391 594 καὶ
3414 542 3695 611 Αἰγυπτίους

519 632 667 679 runt.
2190 625 2361 691 ἔθεον,
2400 626 2655 698 οὐδεμιᾶς
2703 629 2833 701 παρ’
2864 629 3046 684 αὐτῶν
3102 632 3413 703 ἐπικουρίας
3450 638 3701 707 τυγχάνονο

2189 735 2302 782 τες.

584 802 752 856 Vsus.
792 800 879 854 12.
917 819 936 852 ι
979 799 1199 856 Mittam
1259 816 1423 873 super
1474 818 1569 859 eos
1625 812 1739 859 rete
1777 818 1983 868 meum,
2029 810 2088 858 ut

2259 808 2347 879 ιβ’.
2385 827 2403 861 ι
2463 808 2738 865 Ἐπιδαλῶ
2775 811 2860 867 ἐπ’
2901 814 3100 878 αὐτοὺς
3133 814 3193 869 τὸ
3241 814 3443 872 δίκτυόν
3473 838 3596 891 μου,
3621 842 3701 877 κα-

510 894 760 950 volatilia
786 894 912 950 caeli
933 894 1223 949 detraham
1257 895 1418 951 illos:
1452 896 1750 966 corripiam
1779 910 1875 950 eos
1900 895 2050 949 audit

2188 896 2296 962 θὼς
2319 898 2388 952 τὰ
2411 899 2637 955 πετεινά
2675 901 2771 955 τοῦ
2826 902 3059 974 οὐρανοῦ
3094 904 3310 971 κατάξω
3332 908 3532 974 αὐτοὺς,
3560 913 3639 964 καὶ
3664 911 3700 944 κ’

514 988 894 1044 tribulationis
926 1003 1140 1044 eorum.
1180 1007 1197 1039 ι
1227 986 1469 1042 Primum
1495 1002 1591 1043 eos
1622 987 1890 1042 malorum
1922 985 2054 1041 mini

2189 991 2466 1046 παιδεύσει)
2500 993 2700 1058 αὐτοὺς
2721 996 2779 1048 ἐν
2801 998 2865 1066 τῇ
2907 996 3045 1067 ἀκοῇ
3092 998 3192 1068 τῆς
3224 998 3441 1068 θλίψεως
3490 1002 3696 1059 αὐτῶν.»

513 1089 567 1135 et
598 1080 911 1135 terroribus
940 1079 1265 1150 corripiam,
1303 1079 1500 1136 deinde
1528 1088 1783 1149 tanquam
1814 1079 1915 1136 reti
1947 1093 2056 1150 quo

2187 1084 2410 1155 Πρῶτον
2466 1085 2566 1155 μὲν
2606 1086 2713 1157 γάρ
2749 1087 2945 1152 αὐτοὺς
2990 1092 3056 1160 τῇ
3093 1090 3290 1163 ἀπειλῇ
3331 1092 3581 1148 παιδεύσω
3615 1096 3701 1149 τῶν

511 1171 661 1236 dam,
695 1172 942 1228 hostium
974 1172 1118 1228 nube
1157 1172 1409 1242 objecta,
1468 1172 1637 1227 veluti
1685 1188 1837 1238 aves,
1895 1187 2056 1228 omne

2186 1175 2455 1244 ἀλγεινῶν
2483 1192 2498 1208 ο
2518 1170 2639 1232 εἶτα
2662 1170 2774 1232 οἷόν
2806 1196 2858 1232 τι
2884 1179 3101 1234 δίκτυον
3138 1180 3249 1234 τῶν
3277 1182 3532 1255 πολεμίων
3553 1187 3604 1240 τὸ
3634 1189 3702 1243 νέ-

510 1262 972 1335 comprehendam
1003 1282 1017 1318 :
1051 1278 1231 1333 neque
1292 1271 1474 1318 tamen
1506 1264 1623 1318 haec
1655 1263 1848 1319 dicens
1909 1263 2055 1319 soliti

2189 1285 2290 1338 φος
2310 1269 2497 1334 αὐτοῖς
2524 1287 2590 1322 πε
2601 1269 2907 1340 preter-21c”,
2948 1271 3195 1338 ἅπαντας
3246 1274 3397 1346 δίκην
3419 1277 3599 1347 ὀρνέων
3625 1281 3702 1352 θη-

510 1368 628 1411 ειιεε
676 1352 1073 1409 misericordiae
1122 1352 1410 1408 immemor
1449 1363 1557 1419 est,
1598 1352 1693 1409 sed
1738 1368 1805 1408 ex
1854 1361 2055 1424 paterni

2193 1360 2389 1430 ρεύσω.
2414 1360 2523 1415 Kal.
2549 1360 2720 1415 ταῦτα
2746 1362 2803 1416 δέ
2834 1363 3069 1435 εἰρηκὼς
3099 1366 3202 1419 οὐκ
3227 1367 3516 1438 ἀμνημονεῖ
3540 1369 3621 1439 τῆς
3643 1371 3702 1423 ol-

513 1442 726 1517 1345
761 1444 817 1499 in
849 1443 993 1499 ﬁlios
1017 1447 1033 1466 '
1061 1457 1249 1498 amore
1280 1442 1503 1499 adhibet
1531 1443 2001 1499 lamentationem.

2188 1454 2340 1518 κείας
2361 1452 2789 1525 φιλανθρωπίας,
2830 1454 2965 1508 ἀλλὰ
2989 1454 3189 1527 θρῆνόν
3207 1473 3328 1510 τινα
3356 1456 3455 1510 ὑπὸ
3482 1460 3702 1530 πατρικῆς

2190 1545 2578 1616 φιλοστοργίας
2600 1547 2784 1610 αὐτοῖς
2820 1548 3141 1621 προσφέρει.

580 1650 747 1710 Vsus.
792 1654 875 1709 l3.
915 1673 934 1705 ι
972 1653 1065 1708 Vae
1092 1654 1194 1719 eis,
1221 1653 1483 1723 quoniam
1517 1662 1869 1710 recesserunt
1900 1669 1930 1708 a
1963 1669 2079 1710 me:

2259 1644 2345 1707 ιγ’.
2407 1658 2426 1690 ι
2466 1637 2602 1692 Οὐαὶ
2646 1639 2848 1705 αὐτοῖς,
2898 1640 2978 1693 ὅτι
3024 1640 3381 1713 ἀπεπήδησαν
3423 1643 3510 1696 ἀπ’
3559 1641 3698 1711 ἐμοῦ·

507 1746 704 1802 miseri
734 1754 885 1813 sunt,
914 1746 1177 1817 quoniam
1232 1746 1398 1816 impie
1450 1754 1685 1816 egerunt
1739 1761 1871 1818 erga
1906 1761 2011 1802 me.

2151 1802 2153 1816 Ι
2184 1729 2406 1784 δείλαιοί
2434 1731 2592 1794 εἰσιν,
2644 1731 2725 1784 ὅτι
2759 1732 3035 1803 ἠσέϐησαν
3085 1734 3169 1798 εἰς
3207 1735 3326 1804 ἐμέ.
3360 1754 3377 1786 ι
3427 1735 3528 1787 Kal
3554 1734 3696 1808 ἐπειδὴ

2151 1824 2156 1842 l
2185 1822 2273 1849 LD\
2290 1822 2400 1849 τμη-
2429 1822 2764 1849 2.--..ΙΑ-....
2808 1823 2881 1849 Ἀ.-
2916 1823 3235 1849 L-.-.-'..--.-_-
3267 1827 3354 1849 --.Α
3396 1826 3582 1849 1_-£_9-
3605 1827 3695 1849 _-_‘.

511 1836 579 1891 Et
613 1838 741 1907 quia
776 1837 1015 1894 miseros
1047 1837 1362 1909 appellavit,
1397 1847 1456 1893 ut
1486 1839 1733 1907 ingratos
1781 1853 1909 1910 erga
1939 1853 1998 1894 se
2025 1853 2056 1893 e

2152 1825 2156 1841 ’
2182 1822 2400 1886 ἀθλίους
2425 1822 2784 1890 ἀπεκάλεσεν,
2805 1823 2881 1887 ὡς
2910 1823 3235 1893 ἀγνώμονας
3267 1827 3359 1880 καὶ
3391 1826 3583 1891 ἀσεϐεῖς
3602 1827 3697 1898 περὶ

507 1930 729 2000 impios,
766 1931 1012 2001 apposite
1046 1929 1404 1985 iiietl‘abilium
1440 1931 1498 1985 in
1537 1946 1632 1987 eos
1683 1931 2052 1986 beneficiorum

2180 1917 2344 1971 αὐτὸν
2387 1918 2735 1989 γενομένους,
2783 1918 3097 1987 ἀναγκαίως
3140 1919 3239 1972 καὶ
3287 1917 3391 1972 τῶν
3426 1919 3694 1990 εὐεργεσιῶν

508 2033 737 2075 suorum
785 2020 1104 2074 memoriam
1154 2026 1395 2074 revocat.
1450 2037 1469 2070 ι
1539 2017 1651 2088 Ego
1698 2033 1828 2072 vero
1874 2017 2053 2071 redem

2179 2009 2285 2062 τῶν
2311 2009 2566 2081 ἀρρήτων
2596 2011 3057 2082 ἀναμιμνήσκει.ι
3103 2010 3249 2079 Ἐγὼ
3272 2011 3327 2065 δὲ
3364 2011 3694 2084 ἐλυτρωσάμην

507 2121 627 2162 eos.
660 2125 680 2159 ι
717 2105 851 2160 Nam
896 2108 964 2161 ah
992 2105 1314 2178 Egyptiaca
1371 2108 1640 2162 servitute
1688 2121 1785 2161 eos
1826 2105 2050 2160 liberavi

2179 2101 2398 2166 αὐτούς.
2433 2120 2452 2154 ι
2496 2102 2607 2173 Τῆς
2640 2101 2748 2174 γὰρ
2781 2102 3166 2172 Αἰγυπτιακῆς
3188 2104 3383 2167 αὐτοὺς
3411 2104 3695 2174 ἠλευθέρωσα

514 2216 535 2249 ι
571 2198 679 2268 Ipsi
725 2213 857 2253 vero
910 2200 1079 2253 locuti
1131 2209 1259 2254 sunt
1308 2208 1496 2254 contra
1566 2213 1654 2251 me
1709 2198 2059 2253 mendacia}

2176 2194 2439 2259 δουλείας.
2473 2214 2491 2247 ι
2521 2194 2632 2249 Kal
2653 2194 2808 2248 αὐτοὶ
2835 2192 3216 2263 κατελάλησαν
3240 2195 3357 2248 κατ’
3374 2194 3497 2264 ἐμοῦ
3515 2195 3691 2266 ψευδῆ.»

506 2287 713 2343 Eodem
753 2289 974 2345 nomine
1021 2290 1210 2345 beatus
1241 2305 1458 2360 quoque
1492 2289 1658 2343 David
1690 2304 1786 2345 eos
1816 2296 2039 2343 accusat

2178 2283 2349 2338 Τοῦτο
2377 2284 2473 2339 καλ⁵
2501 2286 2530 2338 ὁ
2561 2284 2831 2356 μακάριος
2860 2284 3043 2338 αὐτῶν
3063 2287 3361 2356 κατηγορεῖ
3388 2286 3562 2339 Δαόίδ·
3591 2287 3694 2340 εἱσά-

507 2376 590 2430 sic
621 2374 766 2430 enim
797 2375 1007 2431 inducit
1055 2392 1151 2433 eos
1194 2377 1521 2449 loquentes:
1567 2397 1586 2431 ι
1639 2378 1907 2445 Quoniam
1957 2392 2051 2447 per

2177 2394 2263 2445 γει
2289 2376 2396 2447 γάρ
2430 2377 2627 2440 αὐτοὺς
2662 2376 2922 2445 λέγοντας
2952 2392 2967 2406 °
3017 2395 3035 2428 ι
3073 2377 3232 2429 Ἐπεὶ
3262 2376 3486 2442 ἐπάταξε
3516 2377 3692 2447 πέτραν,

505 2466 683 2522 cussit
738 2475 973 2536 petram,
1029 2476 1083 2524 et
1134 2467 1416 2524 [luxerunt
1464 2484 1640 2539 aqua},
1692 2477 1747 2523 et
1803 2476 2045 2523 torrente

2178 2468 2273 2522 καὶ
2301 2467 2577 2542 ἐρρύησαν
2607 2466 2798 2530 ὕδατα,
2824 2468 2918 2520 καὶ
2944 2468 3246 2540 χείμαρροι
3278 2466 3689 2538 κατεκλύσθησαν·

504 2556 961 2614 inundaverant:
1012 2560 1264 2631 nunquid
1318 2569 1373 2617 et
1423 2577 1621 2633 panem
1666 2562 1866 2633 poterit
1921 2561 2049 2616 dare

2182 2561 2259 2633 μὴ
2289 2562 2383 2614 καὶ
2424 2561 2589 2630 ἄρτον
2635 2560 2926 2631 δυνήσεται
2962 2558 3176 2625 δοῦναι,
3226 2558 3261 2631 ἢ
3300 2559 3562 2630 ἑτοιμάσαι
3594 2556 3691 2629 τρά-

504 2657 600 2702 aut
633 2663 829 2718 parare
857 2666 1099 2705 mensam
1143 2653 1345 2722 populo
1371 2668 1472 2709 suo
1497 2653 1524 2692 ιι
1548 2654 1571 2707 ?
1621 2672 1639 2705 ι

1371 2668 1472 2709 suo
1497 2653 1571 2707 lI?
1621 2672 1639 2705 ι
2179 2652 2350 2718 πεζαν
2382 2652 2460 2722 τῷ
2503 2651 2619 2722 λαῷ
2653 2652 2853 2718 αὐτοῦ;
2892 2669 2909 2704 ι

575 2739 746 2798 Vsus.
783 2742 870 2797 14.
904 2761 927 2796 ι
970 2744 1034 2798 Et
1063 2760 1171 2799 non
1225 2747 1603 2801 clamaverunt
1635 2745 1704 2800 ad
1759 2760 1846 2800 me
1908 2743 2076 2799 corda

2251 2746 2333 2799 ιδ’.
2386 2763 2405 2798 ι
2446 2744 2558 2798 Kal.
2597 2743 2697 2797 οὐκ
2736 2743 2968 2813 ἐϐόησαν
3012 2738 3156 2813 πρός
3204 2760 3273 2814 με
3315 2744 3371 2796 αἱ
3407 2741 3595 2813 καρδίαι
3618 2738 3689 2793 αὐ-

500 2850 715 2891 eorum.
762 2854 780 2888 ι
819 2835 1024 2891 Eadem
1055 2845 1108 2891 et
1138 2853 1237 2908 per
1272 2838 1466 2893 Isaiam
1497 2838 1789 2902 exclamat,
1842 2837 2033 2893 dicens

2178 2833 2308 2890 τῶν.
2340 2854 2359 2886 ι
2393 2834 2577 2888 Ταὺτά
2605 2835 2698 2887 καὶ
2725 2834 2813 2887 διὰ
2847 2834 3065 2887 Ἡσαΐου
3103 2834 3229 2906 βοᾷ,
3263 2834 3429 2904 λέγων
3450 2852 3463 2867 ο
3500 2833 3583 2886 «Ὀ
3600 2831 3688 2893 λαὸς

509 2946 530 2981 ι
594 2927 834 3000 POpnI-ns
886 2928 975 2982 hic
1031 2929 1191 2985 labiis
1245 2945 1334 2985 me
1364 2930 1633 2995 honorat,
1673 2928 1840 2983 corde
1891 2935 2054 2981 auten

2178 2922 2332 2990 οὗτος
2374 2929 2488 2990 τοῖς
2533 2926 2737 2997 χείλεσι
2776 2944 2844 2997 με
2891 2928 3049 2998 τιμᾷ,
3098 2931 3171 2999 τῇ
3219 2928 3275 2981 δὲ
3326 2927 3510 2999 καρδίᾳ
3547 2925 3688 2997 πόρρω

499 3020 666 3090 longe
696 3020 908 3075 abesta
963 3020 1117 3078 mel.
1185 3040 1204 3073 ι
1260 3022 1462 3077 Deinde
1519 3020 1891 3092 reprehendit,
1955 3036 2044 3089 qu:

2178 3019 2374 3090 ἀπέχει
2408 3016 2698 3089 ἀπ’.ἐμοῦ.
2731 3038 2748 3070 ι
2803 3014 2935 3072 Εἶτα
2983 3018 3253 3090 διελέγχει
3289 3019 3325 3074 ἃ
3369 3020 3471 3073 τῶν
3512 3016 3688 3072 εἰδώλων

501 3110 772 3166 idolorum
809 3127 977 3170 causa
1013 3114 1339 3186 agebantur.
1379 3134 1397 3166 ι
1430 3114 1534 3169 Sed
1570 3114 1857 3171 ululabant
1888 3115 1943 3169 in
1980 3130 2046 3169 cu

2141 3136 2145 3188 ς
2178 3109 2342 3165 ἕνεκα
2368 3109 2772 3181 διεπράττοντο.
2812 3128 2831 3159 ι
2865 3109 3004 3162 Ἀλλ’
3033 3109 3065 3180 ἢ
3099 3109 3371 3174 ὼλόλυζον
3400 3114 3453 3164 ἐν
3487 3112 3586 3171 mi;
3607 3104 3686 3161 κοί-

499 3203 709 3260 bilibus
739 3205 880 3266 suis.
915 3222 1081 3277 super
1112 3208 1297 3261 tritico
1330 3214 1384 3261 et
1411 3206 1541 3261 vino
1563 3204 2008 3265 dissecabantur.

2175 3219 2296 3265 ταις
2321 3201 2517 3264 αὐτῶν,
2550 3200 2643 3253 ἐπὶ
2670 3200 2801 3271 σίτῳ
2834 3202 2926 3254 καὶ
2968 3202 3097 3273 οἴνῳ
3142 3204 3534 3274 κατετέμνοντο.
3560 3221 3576 3252 ι
3610 3200 3686 3269 Τὴν

497 3295 637 3352 Nam
671 3311 797 3352 cum
841 3300 1171 3368 promissam
1222 3298 1475 3367 patribus
1509 3299 1625 3355 suis
1657 3308 1859 3355 terram
1913 3314 2042 3356 acce

2176 3292 2285 3364 γὰρ
2310 3291 2725 3362 ἐπηγγελμένην
2751 3294 2861 3355 τοῖς
2888 3293 3162 3363 πατράσιν
3190 3293 3368 3348 αὐτῶν
3393 3292 3684 3362 ἀπειληφότες

499 3386 715 3458 pissent
742 3386 908 3458 (hanc
933 3388 1080 3445 enim
1120 3388 1338 3442 vocavit
1376 3388 1567 3454 cubile,
1628 3397 1688 3443 ut
1741 3405 1864 3460 quae
1896 3405 1993 3447 eos
2042 3414 2044 3441 ς

2175 3385 2280 3455 γῆν
2302 3401 2313 3413 ·
2346 3383 2571 3458 (ταύτην
2600 3384 2709 3456 γάρ
2742 3384 2953 3451 κοίτην
2999 3385 3309 3457 ὠνόμασεν,
3353 3387 3425 3450 ὡς
3454 3384 3573 3456 μετά
3595 3382 3684 3443 τοὺς

498 3476 786 3534 laboribus
819 3478 874 3532 in
902 3478 1123 3534 deserto
1170 3480 1447 3550 susceptis
1484 3478 1818 3553 refecisset),
1851 3483 2043 3551 gentili

2177 3478 2235 3531 ἐν
2283 3478 2351 3546 τῇ
2400 3477 2593 3547 ἐρήμῳ
2642 3477 2835 3540 πόνους
2887 3476 3339 3532 διαναπαύσασαν
3371 3477 3584 3543 αὐτούς),
3614 3472 3682 3533 τὰς

499 3583 660 3625 sacra
695 3579 1026 3642 peregerunt
1054 3578 1107 3624 et
1139 3568 1408 3629 bonorum
1435 3586 1684 3627 meorum
1719 3571 1933 3635 deliciis
1969 3572 2044 3627 dil

2176 3568 2397 3634 ἐθνικὰς
2438 3568 2659 3632 τελετὰς
2689 3568 2998 3632 ἐπετέλουν,
3043 3571 3142 3623 καὶ
3190 3575 3303 3634 τοῖς
3351 3573 3491 3640 ἐμοῖς
3518 3565 3683 3634 ἀγαθοῖς

498 3659 755 3725 ﬂuentes,
788 3661 844 3716 in
872 3661 1142 3716 idolorum
1175 3663 1398 3733 templis
1444 3679 1583 3734 quas
1617 3666 1893 3735 appellant
1933 3667 2043 3721 inei

2176 3659 2564 3734 ἐντρυφῶντες,
2618 3662 2676 3712 ἐν
2722 3661 2835 3726 τοῖς
2888 3660 3191 3725 είδωλικοῖς
3230 3664 3375 3726 ναοῖς
3409 3662 3497 3725 τάς
3537 3657 3680 3713 καλω-

498 3769 658 3811 suras
687 3755 804 3810 suis
836 3755 1161 3825 corporibus
1188 3757 1570 3812 admoverunt.
1604 3756 1721 3830 [15]
1747 3758 2043 3831 Propterea

2178 3755 2346 3826 μένας
2380 3755 2662 3825 ἐντομίδας
2709 3757 2820 3818 τοῖς
2869 3755 3019 3823 σφῶν
3065 3758 3249 3810 αὐτῶν
3282 3756 3587 3827 προσέφερον
3613 3747 3682 3802 σώ-

498 3846 598 3913 ait,
635 3863 667 3903 a
708 3863 795 3903 me
844 3850 1214 3919 corrigentur,
1247 3854 1509 3919 quoniam
1553 3865 1745 3905 cuma
1787 3868 1873 3908 me
1906 3868 2039 3908 acce

2179 3862 2335 3915 μασι.
2367 3843 2568 3898 Τούτου
2596 3844 2777 3916 χάριν,
2810 3847 2969 3925 φησι,
3012 3845 3080 3898 δι’
3113 3847 3249 3918 ἐμοῦ
3280 3846 3677 3915 παιδευθήσονται,

494 3943 707 4013 pissent
733 3943 1030 4014 potentiam
1055 3943 1240 4015 (quam
1288 3945 1564 4000 brachium
1590 3949 1792 4020 vocat),
1823 3968 1841 4002 ι
1876 3960 2039 4007 contr

2172 3933 2357 4004 ἐπειδὴ
2400 3934 2530 4004 παρ’
2575 3934 2709 4005 ἐμοῦ
2757 3932 3039 4005 δεξάμενοι
3089 3935 3356 4007 δύναμιν·
3388 3935 3583 4008 (ταύτην
3607 3928 3681 3998 γὰρ

495 4051 586 4092 me
610 4036 992 4107 cogitaverunt
1024 4039 1165 4091 mala
1204 4056 1226 4090 ι

2166 4025 2466 4095 βραχίονα
2493 4025 2689 4096 καλεῖ),
2721 4044 2740 4077 ι
2761 4022 2856 4091 Εἰς
2885 4026 2985 4097 ἐμὲ
3018 4027 3334 4098 ἐλογίσαντο
3365 4027 3602 4098 πονηρά.»

466 4200 469 4203 _
570 4126 738 4184 Vens.
763 4128 847 4182 16.
899 4148 918 4180 ι
959 4128 1219 4185 Conversi
1259 4138 1388 4184 sunt
1415 4129 1470 4183 in
1497 4129 1900 4195 nihilum,farti
1939 4150 2004 4189 su

2246 4122 2342 4180 ις’.
2378 4133 2397 4166 ι
2432 4116 2888 4189 Ἐπεστράφησαν
2910 4120 2988 4182 είς
3013 4118 3172 4173 οὐδέν
3233 4120 3471 4189 ἐγένοντο
3490 4118 3556 4178 εἰς
3572 4111 3680 4176 τόξον

495 4221 657 4289 quasi
693 4235 855 4275 arcus
894 4236 1001 4276 non
1044 4220 1308 4278 intentus.
1348 4243 1369 4275 ›
1415 4220 1551 4278 Nam
1586 4224 1734 4294 quod
1783 4242 1871 4282 me
1907 4226 2036 4283 dere

2260 4207 2556 4278 τεταμένον
2572 4206 2641 4265 ⁸⁸.
2674 4228 2693 4260 ι
2747 4210 3158 4275 Καταλιπόντες
3191 4210 3301 4282 γάρ
3332 4228 3417 4281 με,
3445 4202 3680 4278 δνησινοὺο

496 4314 782 4384 liquerint,
815 4315 1022 4368 nullam
1056 4313 1181 4368 inde
1219 4314 1435 4388 1353
1474 4316 1773 4373 utilitatem
1808 4335 2041 4391 percepe

2247 4300 2363 4355 ιίαν
2392 4301 2721 4371 ἐδρέψαντο·
2753 4303 2891 4357 ἀλλά
2916 4303 3058 4374 τόξῳ
3086 4304 3483 4376 κεχαυνωμένῳ
3511 4300 3587 4355 καὶ
3611 4295 3680 4348 οὐκ

492 4413 648 4469 runt,
676 4404 770 4460 sed
802 4405 953 4459 arcui
986 4405 1169 4460 laxato
1196 4416 1251 4460 et
1282 4386 1392 4462 non
1429 4408 1641 4464 intento
1690 4386 1901 4467 similes
1932 4386 2037 4468 fact

2245 4393 2511 4463 ιεταμένῳ
2561 4393 2824 4458 ἐοίκασιν,
2872 4394 2900 4447 ὂ
2944 4395 3202 4464 οὐδεμίαν
3250 4394 3450 4466 βλάϐην
3490 4386 3679 4457 ἐπιτέρει

494 4503 649 4562 sunt,
683 4496 777 4565 qui
806 4496 1013 4549 nullam
1055 4497 1352 4563 perniciem
1389 4499 1643 4557 hostibus
1698 4502 1887 4559 infert.
1924 4505 2039 4571 Quo

2243 4486 2279 4548 ἴς
2310 4484 2610 4554 πολεμίοις.
2642 4485 2754 4550 Διὸ,
2780 4505 2798 4537 ι
2825 4486 2936 4539 Καὶ
2960 4488 3009 4541 oi
3038 4488 3298 4558 ἄρχοντες
3325 4485 3491 4541 αὐτῶν
3516 4485 3564 4536 ἐν

492 4587 645 4641 circa
676 4604 696 4637 ι
731 4587 1008 4656 principes
1060 4589 1305 4657 ipsorum
1343 4590 1526 4663 gladio
1591 4593 1811 4659 cadent,
1845 4605 2037 4667 propte

2241 4577 2309 4650 ιίᾳ
2358 4577 2651 4632 πεσοῦνται
2686 4579 2776 4633 διὰ
2827 4578 3185 4633 ἀπαιδευσίαν
3234 4579 3475 4648 γλώσσης
3511 4570 3678 4628 αὐτῶν

495 4675 831 4746 imperitiam
858 4676 1058 4747 lingua:
1090 4695 1280 4736 eorum
1310 4700 1322 4737 :
1362 4684 1443 4738 sic
1476 4696 1562 4741 est
1587 4687 1947 4743 sulisannatio
1975 4706 2040 4746 eo

2000 4706 2069 4745 ,0-
2169 4669 2343 4735 οὕτως
2358 4670 2406 4703 ⁸⁸
2433 4672 2462 4724 ό
2499 4671 2802 4743 φαυλισμὸς
2826 4672 3004 4725 αὐτῶν
3039 4674 3096 4726 ἐν
3129 4675 3203 4744 γῇ
3234 4670 3501 4742 Αἰγύπτῳ.
3530 4686 3545 4716 ι

495 4781 621 4820 rum
658 4766 716 4820 in
745 4773 893 4821 terra
916 4766 1162 4841 Egypti.
1194 4790 1214 4823 ι

1074 4862 1307 4921 CAPUT
1341 4864 1480 4923 Vill.

2775 4877 3027 4934 ΚΕΦΑΛ.
3066 4879 3148 4932 H’.

564 4946 731 5006 Vens.
772 4952 822 5006 l.
854 4951 910 5006 ln
966 4961 1187 5024 gutture
1238 4972 1430 5013 eorum
1480 4963 1637 5031 quasi
1679 4971 1822 5017 terra
1877 4965 2058 5029 invia,

2240 4977 2309 5026 a'.
2356 4988 2376 5021 ι
2417 4969 2602 5024 'Eizl”
2649 4969 2892 5043 φάρυγγι
2934 4971 3137 5036 αὐτῶν,
3184 4970 3261 5035 ὡς
3305 4968 3374 5038 γῆ
3400 4966 3591 5026 ἄϐατος,
3624 4957 3675 5017 ὡς

492 5038 639 5130 sicut
672 5042 825 5111 tuba,
861 5044 1008 5101 sicut
1055 5049 1240 5119 aquila
1285 5066 1454 5123 super
1496 5053 1722 5110 domiim
1757 5055 1993 5114 Domini.

2231 5059 2427 5130 ιλπιγξ,
2447 5059 2523 5123 ὡς
2541 5038 2700 5124 ἀετός
2717 5038 2802 5114 ἐπ’
2823 5038 2968 5114 οἷκον
2990 5062 3216 5130 Κυρίου.
3247 5081 3265 5112 ι
3293 5059 3534 5129 Καθάπερ
3548 5045 3674 5121 γὰρ⁶⁷

494 5127 653 5187 Sicut
674 5135 821 5190 enim
849 5145 1033 5207 patres
1062 5140 1309 5210 ipsorum
1339 5158 1560 5216 semper
1598 5147 1860 5219 refragati
1896 5161 2025 5206 sunt

2255 5127 2493 5222 πατέρες
2529 5151 2711 5206 αὐτῶν
2738 5127 3108 5221 ἀντιλέγοντες
3150 5152 3461 5209 διετέλεσαν,
3492 5127 3572 5201 καὶ
3603 5140 3673 5207 τὴν
3772 5206 3773 5222 1

494 5237 786 5295 meamque
808 5239 1133 5298 potestatem
1166 5246 1550 5305 aspernantes,
1593 5248 1647 5296 et
1687 5216 1821 5297 M635
1868 5252 1921 5297 et
1958 5242 2037 5298 Aa

2227 5242 2317 5314 ιὴν
2367 5216 2784 5312 ἐκφαυλίζοντες
2832 5216 3083 5315 δύναμιν,
3125 5245 3220 5301 καὶ
3251 5245 3325 5316 τῷ
3349 5238 3569 5314 Marsi",
3604 5232 3668 5289 καὶ
3770 5322 3771 5355 ι

564 5388 593 5430 ι
630 5389 775 5449 Psal.
813 5409 1020 5463 Lxxvn,
1053 5394 1146 5451 20.
1227 5400 1242 5438 ι
1284 5401 1388 5459 lsa.
1420 5422 1571 5470 χχιχ,
1605 5406 1690 5461 15.

1738 5524 1971 5579 VARl/E
2030 5525 2431 5582 LECTIONES.

999 5652 1138 5747 ﬂigi
1178 5655 1359 5747 ΙλξίΧ..
1428 5661 1555 5747 "TC
1585 5663 1847 5747 περιθείς.
1877 5734 1889 5747 ι
1946 5663 1992 5695 ⁸⁸
2022 5664 2097 5747 ος),
2126 5679 2242 5747 151::
2277 5665 2406 5747 nec.
2437 5666 2642 5747 let-tio...
2674 5664 2749 5729 ὡς
2777 5664 2930 5747 τόξον
2971 5663 3327 5747 ἐντεταμένογε

494 5732 656 5851 ἷξεςιρ
684 5718 1059 5842 ἀρξοδιίῗωὲ
1075 5721 1205 5785 Rec.
1240 5730 1417 5796 lectio,
1456 5726 1627 5793 οὗτος,
1660 5715 1670 5733 ·
1705 5715 1899 5787 »τελέει
1926 5765 1985 5773 σ-
2014 5715 2405 5803 sagae]:
2436 5715 2760 5801 ﬁgam;
2787 5715 2993 5802 eam;
3268 5715 3324 5767 “·τ
3353 5731 3462 5800 γάρ.
3485 5724 3520 5780 c
3542 5715 3657 5775 addit

561 5824 651 5857 ,ω’-ο
799 5824 1082 5856 vsuwudt“.
