  <div class='ocr_page' id='page_1' title='image "/cluster/home/n/w/nwhite01/storage/ocr_20150623/81/mdp.39015078384339/836.png"; bbox 0 0 3912 6206; ppageno 0'>
   <div class='ocr_carea' id='block_1_1' title="bbox 268 347 398 415">
    <p class='ocr_par' dir='ltr' id='par_1_1' title="bbox 268 347 398 415">
     <span class='ocr_line' id='line_1_1' title="bbox 268 347 398 415; baseline 0 -1"><span class='ocrx_word' id='word_1_1' title='bbox 268 347 398 415; x_wconf 72' lang='lat' dir='ltr'><strong>lb93</strong></span> 
     </span>
    </p>
   </div>
   <div class='ocr_carea' id='block_1_2' title="bbox 1507 343 2194 407">
    <p class='ocr_par' dir='ltr' id='par_1_2' title="bbox 1507 343 2194 407">
     <span class='ocr_line' id='line_1_2' title="bbox 1507 343 2194 407; baseline 0.001 -1"><span class='ocrx_word' id='word_1_2' title='bbox 1507 347 1589 407; x_wconf 80' lang='lat' dir='ltr'><strong>IN</strong></span> <span class='ocrx_word' id='word_1_3' title='bbox 1622 343 1810 406; x_wconf 85' lang='lat' dir='ltr'><strong>OSEE</strong></span> <span class='ocrx_word' id='word_1_4' title='bbox 1840 345 1997 404; x_wconf 88' lang='lat' dir='ltr'><strong>CAP.</strong></span> <span class='ocrx_word' id='word_1_5' title='bbox 2031 347 2194 407; x_wconf 76' lang='lat' dir='ltr'><strong>VIII.</strong></span> 
     </span>
    </p>
   </div>
   <div class='ocr_carea' id='block_1_3' title="bbox 3378 321 3515 399">
    <p class='ocr_par' dir='ltr' id='par_1_3' title="bbox 3378 321 3515 399">
     <span class='ocr_line' id='line_1_3' title="bbox 3378 321 3515 399; baseline -0.029 0"><span class='ocrx_word' id='word_1_6' title='bbox 3378 321 3515 399; x_wconf 60' lang='grc' dir='ltr'><strong>ἒξεθέ</strong></span> 
     </span>
    </p>
   </div>
   <div class='ocr_carea' id='block_1_4' title="bbox 264 445 1841 532">
    <p class='ocr_par' dir='ltr' id='par_1_4' title="bbox 264 453 1840 532">
     <span class='ocr_line' id='line_1_4' title="bbox 264 453 1840 532; baseline -0.006 -17"><span class='ocrx_word' id='word_1_7' title='bbox 264 459 339 531; x_wconf 78' lang='grc' dir='ltr'>τῷ</span> <span class='ocrx_word' id='word_1_8' title='bbox 387 457 602 532; x_wconf 84' lang='grc' dir='ltr'>’Δαρὼν</span> <span class='ocrx_word' id='word_1_9' title='bbox 643 455 937 530; x_wconf 79' lang='grc' dir='ltr'><strong>προφανῶς</strong></span> <span class='ocrx_word' id='word_1_10' title='bbox 972 455 1331 528; x_wconf 78' lang='grc' dir='ltr'><strong>ἀντέστησαν,</strong></span> <span class='ocrx_word' id='word_1_11' title='bbox 1387 456 1486 526; x_wconf 78' lang='grc' dir='ltr'>τῆς</span> <span class='ocrx_word' id='word_1_12' title='bbox 1526 453 1840 524; x_wconf 73' lang='grc' dir='ltr'><strong>ἐλευθερίας</strong></span> 
     </span>
    </p>
   </div>
   <div class='ocr_carea' id='block_1_5' title="bbox 1950 445 3518 532">
    <p class='ocr_par' dir='ltr' id='par_1_5' title="bbox 1950 445 3518 526">
     <span class='ocr_line' id='line_1_5' title="bbox 1950 445 3518 526; baseline -0.007 -15"><span class='ocrx_word' id='word_1_13' title='bbox 1950 455 2065 511; x_wconf 88' lang='lat' dir='ltr'><strong>roni</strong></span> <span class='ocrx_word' id='word_1_14' title='bbox 2115 463 2307 526; x_wconf 82' lang='lat' dir='ltr'><strong>aperte</strong></span> <span class='ocrx_word' id='word_1_15' title='bbox 2362 453 2734 516; x_wconf 87' lang='lat' dir='ltr'><strong>restiterunt,</strong></span> <span class='ocrx_word' id='word_1_16' title='bbox 2784 462 2928 521; x_wconf 86' lang='lat' dir='ltr'><strong>quos</strong></span> <span class='ocrx_word' id='word_1_17' title='bbox 2977 461 3166 503; x_wconf 83' lang='lat' dir='ltr'><strong>eorum</strong></span> <span class='ocrx_word' id='word_1_18' title='bbox 3242 445 3518 501; x_wconf 72' lang='lat' dir='ltr'><strong>libertatis</strong></span> 
     </span>
    </p>
   </div>
   <div class='ocr_carea' id='block_1_6' title="bbox 263 539 1840 621">
    <p class='ocr_par' dir='ltr' id='par_1_6' title="bbox 263 539 1840 621">
     <span class='ocr_line' id='line_1_6' title="bbox 263 539 1840 621; baseline -0.006 -13"><span class='ocrx_word' id='word_1_19' title='bbox 263 550 446 609; x_wconf 80' lang='grc' dir='ltr'>αὐτῶν</span> <span class='ocrx_word' id='word_1_20' title='bbox 478 550 639 621; x_wconf 77' lang='grc' dir='ltr'>χάριν</span> <span class='ocrx_word' id='word_1_21' title='bbox 665 549 1045 604; x_wconf 75' lang='grc' dir='ltr'><strong>ἀποσταλεῖσιν</strong></span> <span class='ocrx_word' id='word_1_22' title='bbox 1065 564 1080 579; x_wconf 72' lang='grc'><strong><em>⁸</em></strong></span> <span class='ocrx_word' id='word_1_23' title='bbox 1109 547 1251 603; x_wconf 72' lang='grc' dir='ltr'>οὕτω</span> <span class='ocrx_word' id='word_1_24' title='bbox 1277 547 1373 602; x_wconf 73' lang='grc' dir='ltr'>καὶ</span> <span class='ocrx_word' id='word_1_25' title='bbox 1400 539 1545 600; x_wconf 72' lang='grc' dir='ltr'>οὗτοι</span> <span class='ocrx_word' id='word_1_26' title='bbox 1574 546 1674 617; x_wconf 81' lang='grc' dir='ltr'><strong>τὴν</strong></span> <span class='ocrx_word' id='word_1_27' title='bbox 1695 544 1840 599; x_wconf 84' lang='grc' dir='ltr'>ὲκεί-</span> 
     </span>
    </p>
   </div>
   <div class='ocr_carea' id='block_1_7' title="bbox 265 630 1842 712">
    <p class='ocr_par' dir='ltr' id='par_1_7' title="bbox 265 630 1842 712">
     <span class='ocr_line' id='line_1_7' title="bbox 265 630 1842 712; baseline -0.013 -13"><span class='ocrx_word' id='word_1_28' title='bbox 265 662 369 701; x_wconf 84' lang='grc' dir='ltr'><strong>νων</strong></span> <span class='ocrx_word' id='word_1_29' title='bbox 396 630 759 699; x_wconf 75' lang='grc' dir='ltr'><strong>ἀπαιδευσίαν</strong></span> <span class='ocrx_word' id='word_1_30' title='bbox 804 641 1197 712; x_wconf 80' lang='grc' dir='ltr'>μιμησάμενοι,</span> <span class='ocrx_word' id='word_1_31' title='bbox 1238 644 1313 703; x_wconf 75' lang='grc' dir='ltr'>ὡς</span> <span class='ocrx_word' id='word_1_32' title='bbox 1334 638 1534 702; x_wconf 74' lang='grc' dir='ltr'>ἄϐατος</span> <span class='ocrx_word' id='word_1_33' title='bbox 1574 636 1648 707; x_wconf 79' lang='grc' dir='ltr'>γῆ</span> <span class='ocrx_word' id='word_1_34' title='bbox 1679 637 1842 707; x_wconf 81' lang='grc' dir='ltr'>γενή..</span> 
     </span>
    </p>
   </div>
   <div class='ocr_carea' id='block_1_8' title="bbox 263 728 1839 805">
    <p class='ocr_par' dir='ltr' id='par_1_8' title="bbox 263 728 1839 805">
     <span class='ocr_line' id='line_1_8' title="bbox 263 728 1839 805; baseline 0.001 -16"><span class='ocrx_word' id='word_1_35' title='bbox 263 752 472 800; x_wconf 83' lang='grc' dir='ltr'>σονται,</span> <span class='ocrx_word' id='word_1_36' title='bbox 514 734 609 788; x_wconf 75' lang='grc' dir='ltr'>καὶ</span> <span class='ocrx_word' id='word_1_37' title='bbox 652 733 862 805; x_wconf 68' lang='grc' dir='ltr'>ἐρημίᾳ</span> <span class='ocrx_word' id='word_1_38' title='bbox 903 731 1157 786; x_wconf 76' lang='grc' dir='ltr'>παντελεῖ</span> <span class='ocrx_word' id='word_1_39' title='bbox 1190 730 1694 803; x_wconf 78' lang='grc' dir='ltr'><strong>παραδοθήσονται,</strong></span> <span class='ocrx_word' id='word_1_40' title='bbox 1739 728 1839 797; x_wconf 78' lang='grc' dir='ltr'><strong>τῆς</strong></span> 
     </span>
    </p>
   </div>
   <div class='ocr_carea' id='block_1_9' title="bbox 262 817 1841 897">
    <p class='ocr_par' dir='ltr' id='par_1_9' title="bbox 262 817 1841 897">
     <span class='ocr_line' id='line_1_9' title="bbox 262 817 1841 897; baseline -0.008 -16"><span class='ocrx_word' id='word_1_41' title='bbox 262 825 566 897; x_wconf 73' lang='grc' dir='ltr'><strong>πολεμικῆς</strong></span> <span class='ocrx_word' id='word_1_42' title='bbox 599 824 896 892; x_wconf 79' lang='grc' dir='ltr'><strong>σάλπιγγος</strong></span> <span class='ocrx_word' id='word_1_43' title='bbox 927 820 1168 893; x_wconf 72' lang='grc' dir='ltr'>ἡκούσης</span> <span class='ocrx_word' id='word_1_44' title='bbox 1209 819 1378 892; x_wconf 74' lang='grc' dir='ltr'>μέγα,</span> <span class='ocrx_word' id='word_1_45' title='bbox 1425 821 1520 873; x_wconf 75' lang='grc' dir='ltr'>καὶ</span> <span class='ocrx_word' id='word_1_46' title='bbox 1547 817 1642 872; x_wconf 90' lang='grc' dir='ltr'><strong>τοῦ</strong></span> <span class='ocrx_word' id='word_1_47' title='bbox 1684 818 1841 888; x_wconf 89' lang='grc' dir='ltr'>βασι-</span> 
     </span>
    </p>
   </div>
   <div class='ocr_carea' id='block_1_10' title="bbox 260 906 1842 986">
    <p class='ocr_par' dir='ltr' id='par_1_10' title="bbox 260 906 1842 986">
     <span class='ocr_line' id='line_1_10' title="bbox 260 906 1842 986; baseline -0.006 -16"><span class='ocrx_word' id='word_1_48' title='bbox 260 915 401 980; x_wconf 72' lang='grc' dir='ltr'>λέως</span> <span class='ocrx_word' id='word_1_49' title='bbox 422 915 533 970; x_wconf 83' lang='grc' dir='ltr'><strong>τῶν</strong></span> <span class='ocrx_word' id='word_1_50' title='bbox 556 914 832 986; x_wconf 85' lang='grc' dir='ltr'>πολεμίων</span> <span class='ocrx_word' id='word_1_51' title='bbox 861 912 1021 968; x_wconf 77' lang='grc' dir='ltr'>ἀετοῦ</span> <span class='ocrx_word' id='word_1_52' title='bbox 1050 912 1206 983; x_wconf 84' lang='grc' dir='ltr'>δίκην</span> <span class='ocrx_word' id='word_1_53' title='bbox 1235 909 1626 980; x_wconf 76' lang='grc' dir='ltr'>ἐφιπταμένου,</span> <span class='ocrx_word' id='word_1_54' title='bbox 1650 909 1744 962; x_wconf 73' lang='grc' dir='ltr'><strong>καὶ</strong></span> <span class='ocrx_word' id='word_1_55' title='bbox 1763 906 1842 979; x_wconf 82' lang='grc' dir='ltr'><strong>τῷ</strong></span> 
     </span>
    </p>
   </div>
   <div class='ocr_carea' id='block_1_11' title="bbox 260 1000 1838 1078">
    <p class='ocr_par' dir='ltr' id='par_1_11' title="bbox 260 1000 1838 1078">
     <span class='ocr_line' id='line_1_11' title="bbox 260 1000 1838 1078; baseline -0.006 -17"><span class='ocrx_word' id='word_1_56' title='bbox 260 1007 394 1078; x_wconf 68' lang='grc' dir='ltr'>θείῳ</span> <span class='ocrx_word' id='word_1_57' title='bbox 429 1006 565 1078; x_wconf 75' lang='grc' dir='ltr'>οἴκῳ</span> <span class='ocrx_word' id='word_1_58' title='bbox 604 1005 742 1078; x_wconf 73' lang='grc' dir='ltr'>μετὰ</span> <span class='ocrx_word' id='word_1_59' title='bbox 781 1005 978 1077; x_wconf 80' lang='grc' dir='ltr'>μανίας</span> <span class='ocrx_word' id='word_1_60' title='bbox 1017 1005 1102 1059; x_wconf 83' lang='grc' dir='ltr'>ὅτι</span> <span class='ocrx_word' id='word_1_61' title='bbox 1148 1002 1406 1074; x_wconf 74' lang='grc' dir='ltr'><strong>πλείστης</strong></span> <span class='ocrx_word' id='word_1_62' title='bbox 1442 1000 1838 1073; x_wconf 72' lang='grc' dir='ltr'>ἐπερχομένου.</span> 
     </span>
    </p>
   </div>
   <div class='ocr_carea' id='block_1_12' title="bbox 260 1091 1839 1169">
    <p class='ocr_par' dir='ltr' id='par_1_12' title="bbox 260 1091 1839 1169">
     <span class='ocr_line' id='line_1_12' title="bbox 260 1091 1839 1169; baseline -0.005 -16"><span class='ocrx_word' id='word_1_63' title='bbox 260 1098 391 1154; x_wconf 86' lang='grc' dir='ltr'>Ὅτι</span> <span class='ocrx_word' id='word_1_64' title='bbox 415 1098 473 1152; x_wconf 67' lang='grc' dir='ltr'>δὲ</span> <span class='ocrx_word' id='word_1_65' title='bbox 492 1099 674 1153; x_wconf 70' lang='grc' dir='ltr'>ἀετὸν</span> <span class='ocrx_word' id='word_1_66' title='bbox 692 1097 801 1151; x_wconf 76' lang='grc' dir='ltr'><strong>τῶν</strong></span> <span class='ocrx_word' id='word_1_67' title='bbox 834 1096 1107 1169; x_wconf 85' lang='grc' dir='ltr'>πολεμίων</span> <span class='ocrx_word' id='word_1_68' title='bbox 1138 1096 1390 1167; x_wconf 79' lang='grc' dir='ltr'>ὠνόμασε</span> <span class='ocrx_word' id='word_1_69' title='bbox 1413 1094 1505 1148; x_wconf 85' lang='grc' dir='ltr'><strong>τδν</strong></span> <span class='ocrx_word' id='word_1_70' title='bbox 1519 1094 1565 1126; x_wconf 76' lang='grc'><strong>⁸⁸</strong></span> <span class='ocrx_word' id='word_1_71' title='bbox 1595 1091 1839 1164; x_wconf 77' lang='grc' dir='ltr'>βασιλέα,</span> 
     </span>
    </p>
   </div>
   <div class='ocr_carea' id='block_1_13' title="bbox 260 1184 1841 1261">
    <p class='ocr_par' dir='ltr' id='par_1_13' title="bbox 260 1184 1841 1261">
     <span class='ocr_line' id='line_1_13' title="bbox 260 1184 1841 1261; baseline -0.004 -17"><span class='ocrx_word' id='word_1_72' title='bbox 260 1190 363 1245; x_wconf 78' lang='grc' dir='ltr'>καὶ</span> <span class='ocrx_word' id='word_1_73' title='bbox 387 1191 423 1261; x_wconf 75' lang='grc' dir='ltr'>ἡ</span> <span class='ocrx_word' id='word_1_74' title='bbox 456 1189 553 1244; x_wconf 80' lang='grc' dir='ltr'><strong>τοῦ</strong></span> <span class='ocrx_word' id='word_1_75' title='bbox 572 1190 619 1223; x_wconf 77' lang='grc'><strong>’⁸</strong></span> <span class='ocrx_word' id='word_1_76' title='bbox 658 1188 919 1260; x_wconf 76' lang='grc' dir='ltr'>Ἰεζεκιὴλ</span> <span class='ocrx_word' id='word_1_77' title='bbox 950 1190 1222 1261; x_wconf 85' lang='grc' dir='ltr'>μαρτυρεῖ</span> <span class='ocrx_word' id='word_1_78' title='bbox 1260 1186 1570 1258; x_wconf 76' lang='grc' dir='ltr'><strong>προφητεία</strong></span> <span class='ocrx_word' id='word_1_79' title='bbox 1595 1201 1609 1215; x_wconf 88' lang='grc'><strong>·</strong></span> <span class='ocrx_word' id='word_1_80' title='bbox 1663 1205 1682 1238; x_wconf 75' lang='grc' dir='ltr'><strong>ι</strong></span> <span class='ocrx_word' id='word_1_81' title='bbox 1721 1184 1841 1238; x_wconf 72' lang='grc' dir='ltr'><strong>Ἀε-</strong></span> 
     </span>
    </p>
   </div>
   <div class='ocr_carea' id='block_1_14' title="bbox 258 1278 1841 1355">
    <p class='ocr_par' dir='ltr' id='par_1_14' title="bbox 258 1278 1841 1355">
     <span class='ocr_line' id='line_1_14' title="bbox 258 1278 1841 1355; baseline -0.004 -18"><span class='ocrx_word' id='word_1_82' title='bbox 258 1281 415 1347; x_wconf 56' lang='lat' dir='ltr'><strong>eos&quot;</strong></span> <span class='ocrx_word' id='word_1_83' title='bbox 462 1282 593 1355; x_wconf 79' lang='grc' dir='ltr'>γὰρ,</span> <span class='ocrx_word' id='word_1_84' title='bbox 642 1282 826 1353; x_wconf 74' lang='grc' dir='ltr'>φησὶν,</span> <span class='ocrx_word' id='word_1_85' title='bbox 875 1283 905 1335; x_wconf 79' lang='grc' dir='ltr'>ὁ</span> <span class='ocrx_word' id='word_1_86' title='bbox 949 1281 1144 1352; x_wconf 80' lang='grc' dir='ltr'>μέγας,</span> <span class='ocrx_word' id='word_1_87' title='bbox 1178 1283 1207 1335; x_wconf 77' lang='grc' dir='ltr'>ὁ</span> <span class='ocrx_word' id='word_1_88' title='bbox 1261 1278 1763 1351; x_wconf 64' lang='grc' dir='ltr'>μγαλοπτὲρυγος,</span> <span class='ocrx_word' id='word_1_89' title='bbox 1811 1279 1841 1331; x_wconf 87' lang='grc' dir='ltr'><strong>ὁ</strong></span> 
     </span>
    </p>
   </div>
   <div class='ocr_carea' id='block_1_15' title="bbox 261 1369 1838 1444">
    <p class='ocr_par' dir='ltr' id='par_1_15' title="bbox 261 1369 1838 1444">
     <span class='ocr_line' id='line_1_15' title="bbox 261 1369 1838 1444; baseline -0.003 -17"><span class='ocrx_word' id='word_1_90' title='bbox 261 1371 434 1437; x_wconf 79' lang='grc' dir='ltr'>πολὺς</span> <span class='ocrx_word' id='word_1_91' title='bbox 463 1375 575 1437; x_wconf 79' lang='grc' dir='ltr'>τοῖς</span> <span class='ocrx_word' id='word_1_92' title='bbox 607 1372 809 1440; x_wconf 73' lang='grc' dir='ltr'>ὄνυξιν,</span> <span class='ocrx_word' id='word_1_93' title='bbox 828 1372 889 1436; x_wconf 81' lang='grc' dir='ltr'><strong>δς</strong></span> <span class='ocrx_word' id='word_1_94' title='bbox 909 1371 1023 1443; x_wconf 73' lang='grc' dir='ltr'>εχει</span> <span class='ocrx_word' id='word_1_95' title='bbox 1052 1373 1113 1426; x_wconf 79' lang='grc' dir='ltr'>τὸ</span> <span class='ocrx_word' id='word_1_96' title='bbox 1128 1372 1324 1444; x_wconf 58' lang='grc' dir='ltr'>ἧργημα</span> <span class='ocrx_word' id='word_1_97' title='bbox 1356 1370 1614 1424; x_wconf 73' lang='grc' dir='ltr'>εἰσελθεῖν</span> <span class='ocrx_word' id='word_1_98' title='bbox 1646 1371 1726 1432; x_wconf 81' lang='grc' dir='ltr'><strong>εἰς</strong></span> <span class='ocrx_word' id='word_1_99' title='bbox 1748 1369 1838 1424; x_wconf 79' lang='grc' dir='ltr'>τὸν</span> 
     </span>
    </p>
   </div>
   <div class='ocr_carea' id='block_1_16' title="bbox 258 1461 1835 1534">
    <p class='ocr_par' dir='ltr' id='par_1_16' title="bbox 258 1461 1835 1534">
     <span class='ocr_line' id='line_1_16' title="bbox 258 1461 1835 1534; baseline -0.003 -15"><span class='ocrx_word' id='word_1_100' title='bbox 258 1464 520 1530; x_wconf 75' lang='grc' dir='ltr'>Λίϐανον,</span> <span class='ocrx_word' id='word_1_101' title='bbox 548 1484 569 1518; x_wconf 75' lang='grc' dir='ltr'><strong>ι</strong></span> <span class='ocrx_word' id='word_1_102' title='bbox 619 1466 715 1521; x_wconf 71' lang='grc' dir='ltr'>καὶ</span> <span class='ocrx_word' id='word_1_103' title='bbox 759 1465 829 1519; x_wconf 80' lang='grc' dir='ltr'><strong>τὰ</strong></span> <span class='ocrx_word' id='word_1_104' title='bbox 872 1465 1053 1520; x_wconf 81' lang='grc' dir='ltr'>λοιπά.</span> <span class='ocrx_word' id='word_1_105' title='bbox 1093 1464 1355 1519; x_wconf 86' lang='grc' dir='ltr'>Ταῦταδέ</span> <span class='ocrx_word' id='word_1_106' title='bbox 1385 1461 1743 1534; x_wconf 80' lang='grc' dir='ltr'>ὑπομενοῦσιν</span> <span class='ocrx_word' id='word_1_107' title='bbox 1764 1463 1835 1525; x_wconf 81' lang='grc'><strong>⁹²,</strong></span> 
     </span>
    </p>
   </div>
   <div class='ocr_carea' id='block_1_17' title="bbox 264 1546 1838 1631">
    <p class='ocr_par' dir='ltr' id='par_1_17' title="bbox 264 1546 1838 1631">
     <span class='ocr_line' id='line_1_17' title="bbox 264 1546 1838 1631; baseline -0.001 -24"><span class='ocrx_word' id='word_1_108' title='bbox 264 1572 286 1607; x_wconf 74' lang='grc' dir='ltr'><strong>ι</strong></span> <span class='ocrx_word' id='word_1_109' title='bbox 325 1554 471 1609; x_wconf 76' lang='lat' dir='ltr'><strong>‘Ave’</strong></span> <span class='ocrx_word' id='word_1_110' title='bbox 496 1546 575 1610; x_wconf 73' lang='grc' dir='ltr'>ὧν</span> <span class='ocrx_word' id='word_1_111' title='bbox 614 1555 933 1631; x_wconf 76' lang='grc' dir='ltr'>παρέϐησαν</span> <span class='ocrx_word' id='word_1_112' title='bbox 964 1555 1062 1627; x_wconf 76' lang='grc' dir='ltr'>τὴν</span> <span class='ocrx_word' id='word_1_113' title='bbox 1090 1554 1354 1626; x_wconf 73' lang='grc' dir='ltr'>διαθήκην</span> <span class='ocrx_word' id='word_1_114' title='bbox 1397 1572 1522 1626; x_wconf 86' lang='grc' dir='ltr'>μου,</span> <span class='ocrx_word' id='word_1_115' title='bbox 1556 1553 1653 1609; x_wconf 81' lang='grc' dir='ltr'>καὶ</span> <span class='ocrx_word' id='word_1_116' title='bbox 1693 1552 1838 1608; x_wconf 83' lang='grc' dir='ltr'>κατὰ</span> 
     </span>
    </p>
   </div>
   <div class='ocr_carea' id='block_1_18' title="bbox 256 1644 1694 1718">
    <p class='ocr_par' dir='ltr' id='par_1_18' title="bbox 256 1644 1694 1718">
     <span class='ocr_line' id='line_1_18' title="bbox 256 1644 1694 1718; baseline -0.001 -18"><span class='ocrx_word' id='word_1_117' title='bbox 256 1644 354 1700; x_wconf 78' lang='grc' dir='ltr'><strong>τοῦ</strong></span> <span class='ocrx_word' id='word_1_118' title='bbox 385 1645 553 1717; x_wconf 80' lang='grc' dir='ltr'>νόμου</span> <span class='ocrx_word' id='word_1_119' title='bbox 581 1663 682 1717; x_wconf 81' lang='grc' dir='ltr'><strong>μου</strong></span> <span class='ocrx_word' id='word_1_120' title='bbox 713 1646 1009 1717; x_wconf 77' lang='grc' dir='ltr'>ἠσέϐησαν.</span> <span class='ocrx_word' id='word_1_121' title='bbox 1040 1664 1059 1694; x_wconf 75' lang='grc' dir='ltr'><strong>ι</strong></span> <span class='ocrx_word' id='word_1_122' title='bbox 1102 1646 1305 1700; x_wconf 82' lang='grc' dir='ltr'>Τούτου</span> <span class='ocrx_word' id='word_1_123' title='bbox 1332 1646 1494 1718; x_wconf 80' lang='grc' dir='ltr'>χάριν</span> <span class='ocrx_word' id='word_1_124' title='bbox 1525 1645 1658 1718; x_wconf 75' lang='grc' dir='ltr'>φησί</span> <span class='ocrx_word' id='word_1_125' title='bbox 1679 1663 1694 1678; x_wconf 87' lang='grc'><strong>·</strong></span> 
     </span>
    </p>
   </div>
   <div class='ocr_carea' id='block_1_19' title="bbox 335 1757 1837 1833">
    <p class='ocr_par' dir='ltr' id='par_1_19' title="bbox 335 1757 1837 1833">
     <span class='ocr_line' id='line_1_19' title="bbox 335 1757 1837 1833; baseline -0.001 -18"><span class='ocrx_word' id='word_1_126' title='bbox 335 1760 400 1831; x_wconf 87' lang='grc' dir='ltr'><strong>β’.</strong></span> <span class='ocrx_word' id='word_1_127' title='bbox 451 1779 471 1814; x_wconf 79' lang='grc' dir='ltr'><strong>ι</strong></span> <span class='ocrx_word' id='word_1_128' title='bbox 503 1760 646 1833; x_wconf 75' lang='grc' dir='ltr'>Πρὸς</span> <span class='ocrx_word' id='word_1_129' title='bbox 682 1760 782 1831; x_wconf 83' lang='grc' dir='ltr'>ἐμὲ</span> <span class='ocrx_word' id='word_1_130' title='bbox 796 1761 842 1793; x_wconf 78' lang='grc'><strong>’⁸</strong></span> <span class='ocrx_word' id='word_1_131' title='bbox 880 1760 1238 1832; x_wconf 81' lang='grc' dir='ltr'>κεκράξονται</span> <span class='ocrx_word' id='word_1_132' title='bbox 1260 1777 1276 1793; x_wconf 76' lang='grc'><strong><em>⁸</em></strong></span> <span class='ocrx_word' id='word_1_133' title='bbox 1324 1760 1384 1815; x_wconf 79' lang='lat'><strong>&#39;0</strong></span> <span class='ocrx_word' id='word_1_134' title='bbox 1410 1759 1563 1826; x_wconf 78' lang='grc' dir='ltr'>Θεὸς,</span> <span class='ocrx_word' id='word_1_135' title='bbox 1594 1757 1837 1829; x_wconf 76' lang='grc' dir='ltr'>ἐγνώκα-</span> 
     </span>
    </p>
   </div>
   <div class='ocr_carea' id='block_1_20' title="bbox 260 1850 1835 1924">
    <p class='ocr_par' dir='ltr' id='par_1_20' title="bbox 260 1850 1835 1924">
     <span class='ocr_line' id='line_1_20' title="bbox 260 1850 1835 1924; baseline 0.001 -20"><span class='ocrx_word' id='word_1_136' title='bbox 260 1851 367 1923; x_wconf 81' lang='grc' dir='ltr'><strong>μέν</strong></span> <span class='ocrx_word' id='word_1_137' title='bbox 392 1869 475 1909; x_wconf 84' lang='grc' dir='ltr'><strong>σε.</strong></span> <span class='ocrx_word' id='word_1_138' title='bbox 507 1871 528 1905; x_wconf 77' lang='grc' dir='ltr'><strong>ι</strong></span> <span class='ocrx_word' id='word_1_139' title='bbox 574 1851 664 1905; x_wconf 81' lang='grc' dir='ltr'>Ἐν</span> <span class='ocrx_word' id='word_1_140' title='bbox 690 1852 857 1924; x_wconf 80' lang='grc' dir='ltr'>πείρᾳ</span> <span class='ocrx_word' id='word_1_141' title='bbox 894 1851 1005 1924; x_wconf 84' lang='grc' dir='ltr'>γὰρ</span> <span class='ocrx_word' id='word_1_142' title='bbox 1041 1851 1264 1907; x_wconf 76' lang='grc' dir='ltr'>ἐκείνων</span> <span class='ocrx_word' id='word_1_143' title='bbox 1289 1852 1570 1924; x_wconf 84' lang='grc' dir='ltr'>γενόμενοι</span> <span class='ocrx_word' id='word_1_144' title='bbox 1599 1850 1708 1908; x_wconf 85' lang='grc' dir='ltr'><strong>τῶν</strong></span> <span class='ocrx_word' id='word_1_145' title='bbox 1735 1863 1835 1905; x_wconf 85' lang='grc' dir='ltr'>κα·-</span> 
     </span>
    </p>
   </div>
   <div class='ocr_carea' id='block_1_21' title="bbox 258 1940 1835 2014">
    <p class='ocr_par' dir='ltr' id='par_1_21' title="bbox 258 1940 1835 2014">
     <span class='ocr_line' id='line_1_21' title="bbox 258 1940 1835 2014; baseline -0.001 -17"><span class='ocrx_word' id='word_1_146' title='bbox 258 1942 399 2007; x_wconf 82' lang='grc' dir='ltr'>κῶν,</span> <span class='ocrx_word' id='word_1_147' title='bbox 430 1942 552 1997; x_wconf 86' lang='grc' dir='ltr'>τότε</span> <span class='ocrx_word' id='word_1_148' title='bbox 579 1943 680 2014; x_wconf 75' lang='grc' dir='ltr'>τὴν</span> <span class='ocrx_word' id='word_1_149' title='bbox 712 1942 1030 2014; x_wconf 67' lang='grc' dir='ltr'>ἐπικουρίαν</span> <span class='ocrx_word' id='word_1_150' title='bbox 1045 1942 1094 1976; x_wconf 73' lang='grc'><strong>⁸⁸</strong></span> <span class='ocrx_word' id='word_1_151' title='bbox 1115 1942 1430 2014; x_wconf 77' lang='grc' dir='ltr'>ζητήσουσι.</span> <span class='ocrx_word' id='word_1_152' title='bbox 1462 1942 1528 1996; x_wconf 87' lang='grc' dir='ltr'>Τί</span> <span class='ocrx_word' id='word_1_153' title='bbox 1558 1942 1758 2014; x_wconf 82' lang='grc' dir='ltr'>δήποτε</span> <span class='ocrx_word' id='word_1_154' title='bbox 1779 1940 1835 1995; x_wconf 83' lang='grc' dir='ltr'><strong>δέ</strong></span> 
     </span>
    </p>
   </div>
   <div class='ocr_carea' id='block_1_22' title="bbox 257 2032 861 2106">
    <p class='ocr_par' dir='ltr' id='par_1_22' title="bbox 257 2032 861 2106">
     <span class='ocr_line' id='line_1_22' title="bbox 257 2032 861 2106; baseline 0.002 -18"><span class='ocrx_word' id='word_1_155' title='bbox 257 2032 435 2088; x_wconf 73' lang='grc' dir='ltr'>ταῦτα</span> <span class='ocrx_word' id='word_1_156' title='bbox 465 2034 826 2106; x_wconf 80' lang='grc' dir='ltr'>ὑπομενοῦσιν</span> <span class='ocrx_word' id='word_1_157' title='bbox 845 2052 861 2102; x_wconf 87' lang='lat'><strong>;</strong></span> 
     </span>
    </p>
   </div>
   <div class='ocr_carea' id='block_1_23' title="bbox 328 2144 1837 2220">
    <p class='ocr_par' dir='ltr' id='par_1_23' title="bbox 328 2144 1837 2220">
     <span class='ocr_line' id='line_1_23' title="bbox 328 2144 1837 2220; baseline -0.001 -16"><span class='ocrx_word' id='word_1_158' title='bbox 328 2157 401 2219; x_wconf 68' lang='grc' dir='ltr'><strong>γ.</strong></span> <span class='ocrx_word' id='word_1_159' title='bbox 449 2170 469 2203; x_wconf 81' lang='grc' dir='ltr'><strong>ι</strong></span> <span class='ocrx_word' id='word_1_160' title='bbox 492 2151 613 2204; x_wconf 82' lang='grc' dir='ltr'>Ὀτι</span> <span class='ocrx_word' id='word_1_161' title='bbox 654 2148 868 2220; x_wconf 79' lang='grc' dir='ltr'>Ἰσραὴλ</span> <span class='ocrx_word' id='word_1_162' title='bbox 889 2147 1271 2220; x_wconf 79' lang='grc' dir='ltr'>ἀπεστρέψατο</span> <span class='ocrx_word' id='word_1_163' title='bbox 1296 2146 1499 2217; x_wconf 68' lang='grc' dir='ltr'>ἀγαθά.</span> <span class='ocrx_word' id='word_1_164' title='bbox 1527 2165 1546 2201; x_wconf 73' lang='grc' dir='ltr'><strong>ι</strong></span> <span class='ocrx_word' id='word_1_165' title='bbox 1574 2144 1688 2201; x_wconf 72' lang='grc' dir='ltr'><strong>Καὶ</strong></span> <span class='ocrx_word' id='word_1_166' title='bbox 1708 2148 1837 2202; x_wconf 77' lang='grc' dir='ltr'>ποῖα</span> 
     </span>
    </p>
   </div>
   <div class='ocr_carea' id='block_1_24' title="bbox 258 2240 1029 2311">
    <p class='ocr_par' dir='ltr' id='par_1_24' title="bbox 258 2240 1029 2311">
     <span class='ocr_line' id='line_1_24' title="bbox 258 2240 1029 2311; baseline 0 -16"><span class='ocrx_word' id='word_1_167' title='bbox 258 2241 433 2295; x_wconf 78' lang='grc' dir='ltr'>ταῦτα</span> <span class='ocrx_word' id='word_1_168' title='bbox 457 2240 688 2306; x_wconf 73' lang='grc' dir='ltr'>δεικνὺς,</span> <span class='ocrx_word' id='word_1_169' title='bbox 724 2241 1000 2311; x_wconf 78' lang='grc' dir='ltr'>ἐπήγαγεν</span> <span class='ocrx_word' id='word_1_170' title='bbox 1015 2255 1029 2269; x_wconf 82' lang='grc'><strong>⁸</strong></span> 
     </span>
    </p>
   </div>
   <div class='ocr_carea' id='block_1_25' title="bbox 337 2326 1837 2404">
    <p class='ocr_par' dir='ltr' id='par_1_25' title="bbox 337 2326 1837 2404">
     <span class='ocr_line' id='line_1_25' title="bbox 337 2326 1837 2404; baseline -0.002 -18"><span class='ocrx_word' id='word_1_171' title='bbox 337 2351 358 2386; x_wconf 76' lang='grc' dir='ltr'><strong>ι</strong></span> <span class='ocrx_word' id='word_1_172' title='bbox 387 2331 611 2404; x_wconf 82' lang='grc' dir='ltr'>Ἐχθρὸν</span> <span class='ocrx_word' id='word_1_173' title='bbox 654 2328 1003 2397; x_wconf 79' lang='grc' dir='ltr'>κατεδίωξαν.</span> <span class='ocrx_word' id='word_1_174' title='bbox 1039 2328 1145 2404; x_wconf 80' lang='grc' dir='ltr'>(δ”)</span> <span class='ocrx_word' id='word_1_175' title='bbox 1192 2326 1438 2394; x_wconf 80' lang='grc' dir='ltr'>Ἐαυτοῖς</span> <span class='ocrx_word' id='word_1_176' title='bbox 1460 2329 1837 2393; x_wconf 78' lang='grc' dir='ltr'>ἐϐασίλευσαν,</span> 
     </span>
    </p>
   </div>
   <div class='ocr_carea' id='block_1_26' title="bbox 257 2419 1831 2496">
    <p class='ocr_par' dir='ltr' id='par_1_26' title="bbox 257 2419 1831 2496">
     <span class='ocr_line' id='line_1_26' title="bbox 257 2419 1831 2496; baseline -0.005 -16"><span class='ocrx_word' id='word_1_177' title='bbox 257 2426 358 2481; x_wconf 68' lang='grc' dir='ltr'><strong>καὶ</strong></span> <span class='ocrx_word' id='word_1_178' title='bbox 384 2426 446 2479; x_wconf 81' lang='grc' dir='ltr'>οὐ</span> <span class='ocrx_word' id='word_1_179' title='bbox 479 2424 546 2479; x_wconf 79' lang='grc' dir='ltr'><strong>δι’</strong></span> <span class='ocrx_word' id='word_1_180' title='bbox 590 2420 722 2496; x_wconf 78' lang='grc' dir='ltr'>ἐμοῦ</span> <span class='ocrx_word' id='word_1_181' title='bbox 748 2441 760 2454; x_wconf 76' lang='grc'><strong><em>⁸</em></strong></span> <span class='ocrx_word' id='word_1_182' title='bbox 803 2419 997 2495; x_wconf 78' lang='grc' dir='ltr'>ἦρξαν,</span> <span class='ocrx_word' id='word_1_183' title='bbox 1034 2423 1131 2475; x_wconf 77' lang='grc' dir='ltr'>καὶ</span> <span class='ocrx_word' id='word_1_184' title='bbox 1179 2422 1281 2476; x_wconf 84' lang='grc' dir='ltr'>οὐκ</span> <span class='ocrx_word' id='word_1_185' title='bbox 1318 2421 1626 2493; x_wconf 81' lang='grc' dir='ltr'>ὲτνὼρισάν</span> <span class='ocrx_word' id='word_1_186' title='bbox 1662 2438 1774 2491; x_wconf 89' lang='grc' dir='ltr'>μοι.</span> <span class='ocrx_word' id='word_1_187' title='bbox 1811 2439 1831 2472; x_wconf 76' lang='grc' dir='ltr'><strong>ι</strong></span> 
     </span>
    </p>
   </div>
   <div class='ocr_carea' id='block_1_27' title="bbox 267 2514 1835 2590">
    <p class='ocr_par' dir='ltr' id='par_1_27' title="bbox 267 2514 1835 2590">
     <span class='ocr_line' id='line_1_27' title="bbox 267 2514 1835 2590; baseline -0.005 -16"><span class='ocrx_word' id='word_1_188' title='bbox 267 2518 471 2574; x_wconf 84' lang='grc' dir='ltr'>Ἧνίκα</span> <span class='ocrx_word' id='word_1_189' title='bbox 514 2518 645 2590; x_wconf 84' lang='grc' dir='ltr'>γὰρ.</span> <span class='ocrx_word' id='word_1_190' title='bbox 689 2518 844 2589; x_wconf 78' lang='grc' dir='ltr'>φησὶ,</span> <span class='ocrx_word' id='word_1_191' title='bbox 895 2514 991 2586; x_wconf 81' lang='grc' dir='ltr'>τῆς</span> <span class='ocrx_word' id='word_1_192' title='bbox 1041 2516 1180 2586; x_wconf 81' lang='grc' dir='ltr'>ἐμῆς</span> <span class='ocrx_word' id='word_1_193' title='bbox 1229 2515 1488 2585; x_wconf 81' lang='grc' dir='ltr'>προνοίας</span> <span class='ocrx_word' id='word_1_194' title='bbox 1535 2515 1835 2584; x_wconf 82' lang='grc' dir='ltr'>άπήλαυον,</span> 
     </span>
    </p>
   </div>
   <div class='ocr_carea' id='block_1_28' title="bbox 258 2603 1838 2678">
    <p class='ocr_par' dir='ltr' id='par_1_28' title="bbox 258 2603 1838 2678">
     <span class='ocr_line' id='line_1_28' title="bbox 258 2603 1838 2678; baseline -0.004 -16"><span class='ocrx_word' id='word_1_195' title='bbox 258 2608 524 2663; x_wconf 79' lang='grc' dir='ltr'>ἁπάντων</span> <span class='ocrx_word' id='word_1_196' title='bbox 551 2607 812 2678; x_wconf 77' lang='grc' dir='ltr'>ἐκράτουν</span> <span class='ocrx_word' id='word_1_197' title='bbox 842 2604 1009 2658; x_wconf 74' lang='grc' dir='ltr'><strong>τῶν⁹⁸</strong></span> <span class='ocrx_word' id='word_1_198' title='bbox 1035 2604 1321 2674; x_wconf 84' lang='grc' dir='ltr'>δυσμενῶν</span> <span class='ocrx_word' id='word_1_199' title='bbox 1346 2620 1359 2634; x_wconf 81' lang='grc'><strong><em>⁸</em></strong></span> <span class='ocrx_word' id='word_1_200' title='bbox 1411 2603 1524 2655; x_wconf 78' lang='grc' dir='ltr'>ἀλλ’</span> <span class='ocrx_word' id='word_1_201' title='bbox 1549 2603 1696 2672; x_wconf 85' lang='grc' dir='ltr'>ὅμως</span> <span class='ocrx_word' id='word_1_202' title='bbox 1719 2603 1838 2656; x_wconf 77' lang='grc' dir='ltr'>οὐδὲ</span> 
     </span>
    </p>
   </div>
   <div class='ocr_carea' id='block_1_29' title="bbox 258 2688 1837 2764">
    <p class='ocr_par' dir='ltr' id='par_1_29' title="bbox 258 2688 1837 2764">
     <span class='ocr_line' id='line_1_29' title="bbox 258 2688 1837 2764; baseline -0.006 -12"><span class='ocrx_word' id='word_1_203' title='bbox 258 2699 425 2753; x_wconf 80' lang='grc' dir='ltr'>τοῦτο</span> <span class='ocrx_word' id='word_1_204' title='bbox 454 2698 654 2760; x_wconf 63' lang='grc' dir='ltr'>αὐτοὺς</span> <span class='ocrx_word' id='word_1_205' title='bbox 682 2696 868 2750; x_wconf 75' lang='grc' dir='ltr'>ἔπεισε</span> <span class='ocrx_word' id='word_1_206' title='bbox 897 2688 998 2764; x_wconf 79' lang='grc' dir='ltr'><strong>τῆς</strong></span> <span class='ocrx_word' id='word_1_207' title='bbox 1035 2694 1174 2764; x_wconf 81' lang='grc' dir='ltr'>ἐμῆς</span> <span class='ocrx_word' id='word_1_208' title='bbox 1206 2693 1461 2763; x_wconf 78' lang='grc' dir='ltr'>προνοίας</span> <span class='ocrx_word' id='word_1_209' title='bbox 1496 2691 1837 2760; x_wconf 76' lang='grc' dir='ltr'>ἀντέχεσθαι,</span> 
     </span>
    </p>
   </div>
   <div class='ocr_carea' id='block_1_30' title="bbox 257 2781 1841 2858">
    <p class='ocr_par' dir='ltr' id='par_1_30' title="bbox 257 2781 1841 2858">
     <span class='ocr_line' id='line_1_30' title="bbox 257 2781 1841 2858; baseline -0.007 -14"><span class='ocrx_word' id='word_1_210' title='bbox 257 2789 382 2845; x_wconf 75' lang='grc' dir='ltr'>ἀλλ’</span> <span class='ocrx_word' id='word_1_211' title='bbox 425 2790 636 2852; x_wconf 70' lang='grc' dir='ltr'>ἐαυτοίς</span> <span class='ocrx_word' id='word_1_212' title='bbox 671 2785 1084 2858; x_wconf 75' lang='grc' dir='ltr'>ἐχειροτόνησαν</span> <span class='ocrx_word' id='word_1_213' title='bbox 1128 2782 1373 2855; x_wconf 81' lang='grc' dir='ltr'>βασιλέα,</span> <span class='ocrx_word' id='word_1_214' title='bbox 1416 2781 1666 2851; x_wconf 77' lang='grc' dir='ltr'>οὐδαμῶς</span> <span class='ocrx_word' id='word_1_215' title='bbox 1709 2781 1841 2851; x_wconf 65' lang='lat' dir='ltr'><strong>pe.&quot;</strong></span> 
     </span>
    </p>
   </div>
   <div class='ocr_carea' id='block_1_31' title="bbox 259 2871 1841 2950">
    <p class='ocr_par' dir='ltr' id='par_1_31' title="bbox 259 2871 1841 2950">
     <span class='ocr_line' id='line_1_31' title="bbox 259 2871 1841 2950; baseline -0.005 -17"><span class='ocrx_word' id='word_1_216' title='bbox 259 2879 399 2950; x_wconf 72' lang='grc' dir='ltr'>περὶ</span> <span class='ocrx_word' id='word_1_217' title='bbox 425 2877 616 2931; x_wconf 83' lang='grc' dir='ltr'>τούτου</span> <span class='ocrx_word' id='word_1_218' title='bbox 642 2877 909 2948; x_wconf 80' lang='grc' dir='ltr'>ἐρόμενοι.</span> <span class='ocrx_word' id='word_1_219' title='bbox 932 2876 1044 2946; x_wconf 78' lang='grc' dir='ltr'><strong>Τὴν</strong></span> <span class='ocrx_word' id='word_1_220' title='bbox 1072 2876 1126 2928; x_wconf 81' lang='grc' dir='ltr'>δὲ</span> <span class='ocrx_word' id='word_1_221' title='bbox 1154 2875 1484 2946; x_wconf 81' lang='grc' dir='ltr'>κατηγορίαν</span> <span class='ocrx_word' id='word_1_222' title='bbox 1512 2873 1712 2943; x_wconf 83' lang='grc' dir='ltr'>ταύτην</span> <span class='ocrx_word' id='word_1_223' title='bbox 1732 2871 1841 2926; x_wconf 84' lang='grc' dir='ltr'><strong>τῶν</strong></span> 
     </span>
    </p>
   </div>
   <div class='ocr_carea' id='block_1_32' title="bbox 257 2966 1840 3040">
    <p class='ocr_par' dir='ltr' id='par_1_32' title="bbox 257 2966 1840 3040">
     <span class='ocr_line' id='line_1_32' title="bbox 257 2966 1840 3040; baseline -0.009 -10"><span class='ocrx_word' id='word_1_224' title='bbox 257 2975 401 3030; x_wconf 76' lang='grc' dir='ltr'>δέκα</span> <span class='ocrx_word' id='word_1_225' title='bbox 433 2974 668 3026; x_wconf 78' lang='grc' dir='ltr'>ποιεῖται</span> <span class='ocrx_word' id='word_1_226' title='bbox 696 2971 897 3040; x_wconf 80' lang='grc' dir='ltr'>φυλῶν,</span> <span class='ocrx_word' id='word_1_227' title='bbox 928 2969 984 3022; x_wconf 81' lang='grc' dir='ltr'><strong>αἰ</strong></span> <span class='ocrx_word' id='word_1_228' title='bbox 1023 2968 1113 3022; x_wconf 68' lang='grc' dir='ltr'><strong>τόν</strong></span> <span class='ocrx_word' id='word_1_229' title='bbox 1150 2966 1430 3037; x_wconf 78' lang='grc' dir='ltr'>Ἰεροϐοὰμ</span> <span class='ocrx_word' id='word_1_230' title='bbox 1456 2967 1671 3029; x_wconf 82' lang='grc' dir='ltr'>ἑαυτοῖς</span> <span class='ocrx_word' id='word_1_231' title='bbox 1697 2967 1840 3034; x_wconf 69' lang='grc' dir='ltr'>ἐχειν</span> 
     </span>
    </p>
   </div>
   <div class='ocr_carea' id='block_1_33' title="bbox 264 3058 1835 3140">
    <p class='ocr_par' dir='ltr' id='par_1_33' title="bbox 264 3058 1835 3140">
     <span class='ocr_line' id='line_1_33' title="bbox 264 3058 1835 3140; baseline -0.007 -19"><span class='ocrx_word' id='word_1_232' title='bbox 264 3067 566 3140; x_wconf 82' lang='grc' dir='ltr'>ροτόνησαν</span> <span class='ocrx_word' id='word_1_233' title='bbox 599 3062 842 3135; x_wconf 74' lang='grc' dir='ltr'>βασιλέα,</span> <span class='ocrx_word' id='word_1_234' title='bbox 868 3061 930 3115; x_wconf 84' lang='grc' dir='ltr'>οὗ</span> <span class='ocrx_word' id='word_1_235' title='bbox 956 3060 1246 3131; x_wconf 87' lang='grc' dir='ltr'>πυθόμενοι</span> <span class='ocrx_word' id='word_1_236' title='bbox 1267 3059 1361 3113; x_wconf 80' lang='grc' dir='ltr'><strong>τοῦ</strong></span> <span class='ocrx_word' id='word_1_237' title='bbox 1386 3058 1519 3112; x_wconf 85' lang='grc' dir='ltr'>Θεοῦ</span> <span class='ocrx_word' id='word_1_238' title='bbox 1546 3058 1657 3112; x_wconf 82' lang='grc' dir='ltr'>τῶν</span> <span class='ocrx_word' id='word_1_239' title='bbox 1678 3058 1835 3121; x_wconf 84' lang='grc' dir='ltr'>ὅλων,</span> 
     </span>
    </p>
   </div>
   <div class='ocr_carea' id='block_1_34' title="bbox 262 3139 1911 3231">
    <p class='ocr_par' dir='ltr' id='par_1_34' title="bbox 262 3139 1911 3231">
     <span class='ocr_line' id='line_1_34' title="bbox 262 3139 1911 3231; baseline -0.012 -15"><span class='ocrx_word' id='word_1_240' title='bbox 262 3139 317 3216; x_wconf 81' lang='grc' dir='ltr'><strong>εἰ</strong></span> <span class='ocrx_word' id='word_1_241' title='bbox 343 3160 452 3231; x_wconf 78' lang='grc' dir='ltr'>χρὴ</span> <span class='ocrx_word' id='word_1_242' title='bbox 481 3158 641 3212; x_wconf 85' lang='grc' dir='ltr'>τοῦτο</span> <span class='ocrx_word' id='word_1_243' title='bbox 682 3156 921 3226; x_wconf 76' lang='grc' dir='ltr'>ποιῆσαι.</span> <span class='ocrx_word' id='word_1_244' title='bbox 956 3153 1119 3206; x_wconf 80' lang='grc' dir='ltr'>Ἀλλὰ</span> <span class='ocrx_word' id='word_1_245' title='bbox 1155 3153 1344 3223; x_wconf 75' lang='grc' dir='ltr'>μηδεὶς</span> <span class='ocrx_word' id='word_1_246' title='bbox 1372 3151 1480 3205; x_wconf 84' lang='grc' dir='ltr'>τῶν</span> <span class='ocrx_word' id='word_1_247' title='bbox 1517 3153 1636 3213; x_wconf 84' lang='grc' dir='ltr'>ταῖς</span> <span class='ocrx_word' id='word_1_248' title='bbox 1679 3149 1840 3203; x_wconf 86' lang='grc' dir='ltr'>Βασι-</span> <span class='ocrx_word' id='word_1_249' title='bbox 1867 3139 1911 3197; x_wconf 83' lang='lat' dir='ltr'><strong><em>C</em></strong></span> 
     </span>
    </p>
   </div>
   <div class='ocr_carea' id='block_1_35' title="bbox 259 3244 1845 3320">
    <p class='ocr_par' dir='ltr' id='par_1_35' title="bbox 259 3244 1845 3320">
     <span class='ocr_line' id='line_1_35' title="bbox 259 3244 1845 3320; baseline -0.008 -13"><span class='ocrx_word' id='word_1_250' title='bbox 259 3252 444 3316; x_wconf 82' lang='grc' dir='ltr'>λείαις</span> <span class='ocrx_word' id='word_1_251' title='bbox 463 3248 922 3320; x_wconf 74' lang='grc' dir='ltr'>ἐντετυχηκότων,</span> <span class='ocrx_word' id='word_1_252' title='bbox 954 3246 1196 3300; x_wconf 80' lang='grc' dir='ltr'>ἐναντίον</span> <span class='ocrx_word' id='word_1_253' title='bbox 1226 3244 1385 3298; x_wconf 88' lang='grc' dir='ltr'>τοῦτο</span> <span class='ocrx_word' id='word_1_254' title='bbox 1410 3245 1523 3306; x_wconf 83' lang='grc' dir='ltr'>τοῖς</span> <span class='ocrx_word' id='word_1_255' title='bbox 1551 3244 1667 3296; x_wconf 77' lang='grc' dir='ltr'>ἐκεῖ</span> <span class='ocrx_word' id='word_1_256' title='bbox 1690 3258 1753 3310; x_wconf 83' lang='grc' dir='ltr'><strong>φε</strong></span> <span class='ocrx_word' id='word_1_257' title='bbox 1764 3258 1845 3312; x_wconf 84' lang='grc' dir='ltr'>ρο-</span> 
     </span>
    </p>
   </div>
   <div class='ocr_carea' id='block_1_36' title="bbox 266 3333 1841 3416">
    <p class='ocr_par' dir='ltr' id='par_1_36' title="bbox 266 3333 1841 3416">
     <span class='ocr_line' id='line_1_36' title="bbox 266 3333 1841 3416; baseline -0.008 -18"><span class='ocrx_word' id='word_1_258' title='bbox 266 3345 456 3416; x_wconf 79' lang='grc' dir='ltr'>μένοις</span> <span class='ocrx_word' id='word_1_259' title='bbox 484 3342 719 3412; x_wconf 78' lang='grc' dir='ltr'>ἡγείσθω</span> <span class='ocrx_word' id='word_1_260' title='bbox 741 3356 754 3372; x_wconf 71' lang='grc' dir='ltr'><strong>ο</strong></span> <span class='ocrx_word' id='word_1_261' title='bbox 809 3338 931 3391; x_wconf 68' lang='grc' dir='ltr'>οὐδὲ</span> <span class='ocrx_word' id='word_1_262' title='bbox 955 3338 1062 3406; x_wconf 79' lang='grc' dir='ltr'><strong>γὰρ</strong></span> <span class='ocrx_word' id='word_1_263' title='bbox 1093 3336 1230 3407; x_wconf 76' lang='grc' dir='ltr'>πρὸς</span> <span class='ocrx_word' id='word_1_264' title='bbox 1259 3335 1350 3389; x_wconf 83' lang='grc' dir='ltr'>τὸν</span> <span class='ocrx_word' id='word_1_265' title='bbox 1387 3335 1518 3387; x_wconf 81' lang='grc' dir='ltr'>λαὸν</span> <span class='ocrx_word' id='word_1_266' title='bbox 1562 3333 1778 3404; x_wconf 83' lang='grc' dir='ltr'>Ἀχείαν</span> <span class='ocrx_word' id='word_1_267' title='bbox 1795 3333 1841 3365; x_wconf 77' lang='grc'><strong>³⁷</strong></span> 
     </span>
    </p>
   </div>
   <div class='ocr_carea' id='block_1_37' title="bbox 259 3427 1838 3500">
    <p class='ocr_par' dir='ltr' id='par_1_37' title="bbox 259 3427 1838 3500">
     <span class='ocr_line' id='line_1_37' title="bbox 259 3427 1838 3500; baseline -0.006 -10"><span class='ocrx_word' id='word_1_268' title='bbox 259 3437 362 3490; x_wconf 77' lang='grc' dir='ltr'>τὸν</span> <span class='ocrx_word' id='word_1_269' title='bbox 392 3434 687 3500; x_wconf 84' lang='grc' dir='ltr'>Σιλωνίτην</span> <span class='ocrx_word' id='word_1_270' title='bbox 709 3431 1052 3491; x_wconf 74' lang='grc' dir='ltr'>ἀπέστειλεν,</span> <span class='ocrx_word' id='word_1_271' title='bbox 1085 3428 1224 3483; x_wconf 82' lang='grc' dir='ltr'>ἀλλὰ</span> <span class='ocrx_word' id='word_1_272' title='bbox 1251 3429 1385 3498; x_wconf 75' lang='grc' dir='ltr'>πρὸς</span> <span class='ocrx_word' id='word_1_273' title='bbox 1405 3428 1495 3481; x_wconf 75' lang='grc' dir='ltr'>τὸν</span> <span class='ocrx_word' id='word_1_274' title='bbox 1526 3427 1805 3498; x_wconf 83' lang='grc' dir='ltr'>Ἰεροϐοάμ</span> <span class='ocrx_word' id='word_1_275' title='bbox 1823 3444 1838 3457; x_wconf 83' lang='grc'>⁶</span> 
     </span>
    </p>
   </div>
   <div class='ocr_carea' id='block_1_38' title="bbox 263 3520 1844 3598">
    <p class='ocr_par' dir='ltr' id='par_1_38' title="bbox 263 3520 1844 3598">
     <span class='ocr_line' id='line_1_38' title="bbox 263 3520 1844 3598; baseline -0.009 -14"><span class='ocrx_word' id='word_1_276' title='bbox 263 3521 331 3584; x_wconf 73' lang='grc' dir='ltr'><strong>οὗ</strong></span> <span class='ocrx_word' id='word_1_277' title='bbox 374 3528 535 3598; x_wconf 82' lang='grc' dir='ltr'>χάριν</span> <span class='ocrx_word' id='word_1_278' title='bbox 567 3526 822 3593; x_wconf 76' lang='grc' dir='ltr'>οὐδεμιᾶς</span> <span class='ocrx_word' id='word_1_279' title='bbox 856 3526 995 3576; x_wconf 85' lang='grc' dir='ltr'>εἰσιν</span> <span class='ocrx_word' id='word_1_280' title='bbox 1038 3521 1178 3585; x_wconf 78' lang='grc' dir='ltr'>ἄξιοι</span> <span class='ocrx_word' id='word_1_281' title='bbox 1236 3520 1584 3589; x_wconf 82' lang='grc' dir='ltr'>συγγνώμης,</span> <span class='ocrx_word' id='word_1_282' title='bbox 1632 3520 1844 3582; x_wconf 79' lang='grc' dir='ltr'>ἑαυτοῖς</span> 
     </span>
    </p>
   </div>
   <div class='ocr_carea' id='block_1_39' title="bbox 264 3605 1842 3689">
    <p class='ocr_par' dir='ltr' id='par_1_39' title="bbox 264 3605 1842 3689">
     <span class='ocr_line' id='line_1_39' title="bbox 264 3605 1842 3689; baseline -0.007 -17"><span class='ocrx_word' id='word_1_283' title='bbox 264 3617 664 3689; x_wconf 68' lang='grc' dir='ltr'>ἐπιτρέψαντες</span> <span class='ocrx_word' id='word_1_284' title='bbox 709 3614 806 3683; x_wconf 74' lang='grc' dir='ltr'>τὴν</span> <span class='ocrx_word' id='word_1_285' title='bbox 850 3612 944 3666; x_wconf 87' lang='grc' dir='ltr'><strong>τοῦ</strong></span> <span class='ocrx_word' id='word_1_286' title='bbox 992 3611 1255 3681; x_wconf 84' lang='grc' dir='ltr'>βασιλέως</span> <span class='ocrx_word' id='word_1_287' title='bbox 1299 3609 1652 3680; x_wconf 86' lang='grc' dir='ltr'>χειροτονίαν.</span> <span class='ocrx_word' id='word_1_288' title='bbox 1708 3605 1842 3661; x_wconf 77' lang='grc' dir='ltr'>Εἶτα</span> 
     </span>
    </p>
   </div>
   <div class='ocr_carea' id='block_1_40' title="bbox 264 3698 1842 3778">
    <p class='ocr_par' dir='ltr' id='par_1_40' title="bbox 264 3698 1842 3778">
     <span class='ocr_line' id='line_1_40' title="bbox 264 3698 1842 3778; baseline -0.008 -14"><span class='ocrx_word' id='word_1_289' title='bbox 264 3709 596 3778; x_wconf 79' lang='grc' dir='ltr'>ἐγκαλέσας.</span> <span class='ocrx_word' id='word_1_290' title='bbox 623 3708 704 3760; x_wconf 84' lang='grc' dir='ltr'>ὅτι</span> <span class='ocrx_word' id='word_1_291' title='bbox 737 3706 798 3759; x_wconf 80' lang='grc' dir='ltr'>τὸ</span> <span class='ocrx_word' id='word_1_292' title='bbox 829 3704 1089 3776; x_wconf 85' lang='grc' dir='ltr'>ἀργύριον</span> <span class='ocrx_word' id='word_1_293' title='bbox 1113 3701 1209 3756; x_wconf 75' lang='grc' dir='ltr'>καὶ</span> <span class='ocrx_word' id='word_1_294' title='bbox 1236 3701 1301 3754; x_wconf 83' lang='grc' dir='ltr'>τὸ</span> <span class='ocrx_word' id='word_1_295' title='bbox 1331 3699 1550 3772; x_wconf 78' lang='grc' dir='ltr'>χρυσίον</span> <span class='ocrx_word' id='word_1_296' title='bbox 1574 3700 1722 3771; x_wconf 73' lang='grc' dir='ltr'>παρὰ</span> <span class='ocrx_word' id='word_1_297' title='bbox 1747 3698 1842 3751; x_wconf 84' lang='grc' dir='ltr'><strong>τοῦ</strong></span> 
     </span>
    </p>
   </div>
   <div class='ocr_carea' id='block_1_41' title="bbox 263 3792 1846 3869">
    <p class='ocr_par' dir='ltr' id='par_1_41' title="bbox 263 3792 1846 3869">
     <span class='ocr_line' id='line_1_41' title="bbox 263 3792 1846 3869; baseline -0.009 -12"><span class='ocrx_word' id='word_1_298' title='bbox 263 3799 408 3857; x_wconf 79' lang='grc' dir='ltr'>Θεοῦ</span> <span class='ocrx_word' id='word_1_299' title='bbox 436 3802 547 3854; x_wconf 82' lang='grc' dir='ltr'>τῶν</span> <span class='ocrx_word' id='word_1_300' title='bbox 568 3800 705 3854; x_wconf 81' lang='grc' dir='ltr'>ὅλων</span> <span class='ocrx_word' id='word_1_301' title='bbox 730 3798 1029 3869; x_wconf 83' lang='grc' dir='ltr'>εἰληφότες,</span> <span class='ocrx_word' id='word_1_302' title='bbox 1061 3797 1140 3858; x_wconf 87' lang='grc' dir='ltr'><strong>εἰς</strong></span> <span class='ocrx_word' id='word_1_303' title='bbox 1162 3794 1260 3866; x_wconf 82' lang='grc' dir='ltr'>τὴν</span> <span class='ocrx_word' id='word_1_304' title='bbox 1288 3793 1396 3846; x_wconf 82' lang='grc' dir='ltr'><strong>τῶν</strong></span> <span class='ocrx_word' id='word_1_305' title='bbox 1422 3792 1655 3845; x_wconf 82' lang='grc' dir='ltr'>εἰδώλων</span> <span class='ocrx_word' id='word_1_306' title='bbox 1682 3808 1846 3844; x_wconf 82' lang='grc' dir='ltr'>κατα-</span> 
     </span>
    </p>
   </div>
   <div class='ocr_carea' id='block_1_42' title="bbox 269 3878 1842 3963">
    <p class='ocr_par' dir='ltr' id='par_1_42' title="bbox 269 3878 1842 3963">
     <span class='ocr_line' id='line_1_42' title="bbox 269 3878 1842 3963; baseline -0.011 -15"><span class='ocrx_word' id='word_1_307' title='bbox 269 3892 475 3963; x_wconf 77' lang='grc' dir='ltr'>σκευὴν</span> <span class='ocrx_word' id='word_1_308' title='bbox 528 3889 889 3958; x_wconf 77' lang='grc' dir='ltr'>ἐδαπάνησαν.</span> <span class='ocrx_word' id='word_1_309' title='bbox 932 3883 1252 3956; x_wconf 84' lang='grc' dir='ltr'>παραίνεσιν</span> <span class='ocrx_word' id='word_1_310' title='bbox 1299 3881 1482 3944; x_wconf 82' lang='grc' dir='ltr'>αὐτοῖς</span> <span class='ocrx_word' id='word_1_311' title='bbox 1521 3878 1842 3952; x_wconf 74' lang='grc' dir='ltr'>προσφέρει,</span> 
     </span>
    </p>
   </div>
   <div class='ocr_carea' id='block_1_43' title="bbox 268 3982 736 4055">
    <p class='ocr_par' dir='ltr' id='par_1_43' title="bbox 268 3982 736 4055">
     <span class='ocr_line' id='line_1_43' title="bbox 268 3982 736 4055; baseline -0.015 -13"><span class='ocrx_word' id='word_1_312' title='bbox 268 3987 371 4042; x_wconf 71' lang='grc' dir='ltr'>καὶ</span> <span class='ocrx_word' id='word_1_313' title='bbox 406 3982 736 4055; x_wconf 84' lang='grc' dir='ltr'>συμϐουλήν.</span> 
     </span>
    </p>
   </div>
   <div class='ocr_carea' id='block_1_44' title="bbox 342 4080 1845 4167">
    <p class='ocr_par' dir='ltr' id='par_1_44' title="bbox 342 4080 1845 4167">
     <span class='ocr_line' id='line_1_44' title="bbox 342 4080 1845 4167; baseline -0.013 -15"><span class='ocrx_word' id='word_1_314' title='bbox 342 4104 408 4153; x_wconf 84' lang='grc' dir='ltr'>ε’.</span> <span class='ocrx_word' id='word_1_315' title='bbox 453 4117 473 4148; x_wconf 74' lang='grc' dir='ltr'><strong>ι</strong></span> <span class='ocrx_word' id='word_1_316' title='bbox 506 4092 835 4167; x_wconf 77' lang='grc' dir='ltr'>’Δπόρῤιψον</span> <span class='ocrx_word' id='word_1_317' title='bbox 855 4089 945 4144; x_wconf 74' lang='grc' dir='ltr'><strong>τὸν</strong></span> <span class='ocrx_word' id='word_1_318' title='bbox 970 4090 1170 4159; x_wconf 86' lang='grc' dir='ltr'>μόσχον</span> <span class='ocrx_word' id='word_1_319' title='bbox 1196 4103 1312 4151; x_wconf 87' lang='grc' dir='ltr'>σου,</span> <span class='ocrx_word' id='word_1_320' title='bbox 1336 4083 1641 4154; x_wconf 84' lang='grc' dir='ltr'>Σαμάρεια.</span> <span class='ocrx_word' id='word_1_321' title='bbox 1678 4099 1696 4132; x_wconf 77' lang='lat' dir='ltr'><strong>t</strong></span> <span class='ocrx_word' id='word_1_322' title='bbox 1732 4080 1845 4133; x_wconf 79' lang='lat' dir='ltr'><strong>Kal.</strong></span> 
     </span>
    </p>
   </div>
   <div class='ocr_carea' id='block_1_45' title="bbox 269 4172 1844 4260">
    <p class='ocr_par' dir='ltr' id='par_1_45' title="bbox 269 4172 1844 4260">
     <span class='ocr_line' id='line_1_45' title="bbox 269 4172 1844 4260; baseline -0.015 -14"><span class='ocrx_word' id='word_1_323' title='bbox 269 4189 364 4247; x_wconf 78' lang='grc' dir='ltr'><strong>διὰ</strong></span> <span class='ocrx_word' id='word_1_324' title='bbox 412 4188 579 4260; x_wconf 81' lang='grc' dir='ltr'>μέσου</span> <span class='ocrx_word' id='word_1_325' title='bbox 623 4184 879 4247; x_wconf 83' lang='grc' dir='ltr'>τεθεικὼς</span> <span class='ocrx_word' id='word_1_326' title='bbox 914 4181 1011 4234; x_wconf 76' lang='grc' dir='ltr'>τόο</span> <span class='ocrx_word' id='word_1_327' title='bbox 1070 4198 1088 4231; x_wconf 76' lang='grc' dir='ltr'><strong>ι</strong></span> <span class='ocrx_word' id='word_1_328' title='bbox 1116 4175 1448 4250; x_wconf 84' lang='grc' dir='ltr'>Παρωξύνθη</span> <span class='ocrx_word' id='word_1_329' title='bbox 1487 4175 1515 4226; x_wconf 82' lang='grc' dir='ltr'><strong>ό</strong></span> <span class='ocrx_word' id='word_1_330' title='bbox 1546 4172 1713 4242; x_wconf 84' lang='grc' dir='ltr'>θυμός</span> <span class='ocrx_word' id='word_1_331' title='bbox 1745 4188 1844 4241; x_wconf 87' lang='grc' dir='ltr'><strong>μου</strong></span> 
     </span>
    </p>
   </div>
   <div class='ocr_carea' id='block_1_46' title="bbox 273 4258 1846 4341">
    <p class='ocr_par' dir='ltr' id='par_1_46' title="bbox 273 4258 1846 4341">
     <span class='ocr_line' id='line_1_46' title="bbox 273 4258 1846 4341; baseline -0.017 -6"><span class='ocrx_word' id='word_1_332' title='bbox 273 4281 365 4336; x_wconf 81' lang='grc' dir='ltr'><strong>ἐπ’</strong></span> <span class='ocrx_word' id='word_1_333' title='bbox 395 4258 591 4341; x_wconf 82' lang='grc' dir='ltr'>αὐτούς</span> <span class='ocrx_word' id='word_1_334' title='bbox 617 4292 630 4306; x_wconf 83' lang='lat'><strong><em>°</em></strong></span> <span class='ocrx_word' id='word_1_335' title='bbox 670 4275 773 4338; x_wconf 79' lang='grc' dir='ltr'>ἓως</span> <span class='ocrx_word' id='word_1_336' title='bbox 797 4272 938 4334; x_wconf 86' lang='grc' dir='ltr'>τίνος</span> <span class='ocrx_word' id='word_1_337' title='bbox 967 4270 1029 4323; x_wconf 83' lang='grc' dir='ltr'>οὐ</span> <span class='ocrx_word' id='word_1_338' title='bbox 1060 4267 1134 4338; x_wconf 81' lang='grc' dir='ltr'>μὴ</span> <span class='ocrx_word' id='word_1_339' title='bbox 1159 4266 1424 4319; x_wconf 83' lang='grc' dir='ltr'>δύνωνται</span> <span class='ocrx_word' id='word_1_340' title='bbox 1449 4258 1846 4327; x_wconf 81' lang='grc' dir='ltr'>καθαοισθῆναι</span> 
     </span>
    </p>
   </div>
   <div class='ocr_carea' id='block_1_47' title="bbox 272 4363 1099 4441">
    <p class='ocr_par' dir='ltr' id='par_1_47' title="bbox 272 4363 1099 4441">
     <span class='ocr_line' id='line_1_47' title="bbox 272 4363 1099 4441; baseline -0.019 -15"><span class='ocrx_word' id='word_1_341' title='bbox 272 4374 335 4427; x_wconf 87' lang='grc' dir='ltr'><strong>ἐν</strong></span> <span class='ocrx_word' id='word_1_342' title='bbox 362 4369 441 4441; x_wconf 81' lang='grc' dir='ltr'><strong>τῷ</strong></span> <span class='ocrx_word' id='word_1_343' title='bbox 473 4365 722 4439; x_wconf 83' lang='grc' dir='ltr'>Ἰσραὴλ;</span> <span class='ocrx_word' id='word_1_344' title='bbox 751 4382 768 4415; x_wconf 75' lang='grc' dir='ltr'><strong>ι</strong></span> <span class='ocrx_word' id='word_1_345' title='bbox 813 4363 1062 4432; x_wconf 85' lang='grc' dir='ltr'>ἐπήγαγε</span> <span class='ocrx_word' id='word_1_346' title='bbox 1084 4374 1099 4389; x_wconf 77' lang='grc' dir='ltr'><strong>ο</strong></span> 
     </span>
    </p>
   </div>
   <div class='ocr_carea' id='block_1_48' title="bbox 1941 537 3514 605">
    <p class='ocr_par' dir='ltr' id='par_1_48' title="bbox 1941 537 3514 605">
     <span class='ocr_line' id='line_1_48' title="bbox 1941 537 3514 605; baseline -0.008 -5"><span class='ocrx_word' id='word_1_347' title='bbox 1941 562 2111 601; x_wconf 89' lang='lat' dir='ltr'><strong>causa</strong></span> <span class='ocrx_word' id='word_1_348' title='bbox 2134 547 2392 602; x_wconf 80' lang='lat' dir='ltr'><strong>miseram</strong></span> <span class='ocrx_word' id='word_1_349' title='bbox 2421 564 2436 601; x_wconf 88' lang='lat'><strong>:</strong></span> <span class='ocrx_word' id='word_1_350' title='bbox 2468 545 2548 600; x_wconf 89' lang='lat' dir='ltr'><strong>sic</strong></span> <span class='ocrx_word' id='word_1_351' title='bbox 2582 543 2750 600; x_wconf 84' lang='lat' dir='ltr'><strong>etiam</strong></span> <span class='ocrx_word' id='word_1_352' title='bbox 2774 540 2893 605; x_wconf 83' lang='lat' dir='ltr'><strong>isti,</strong></span> <span class='ocrx_word' id='word_1_353' title='bbox 2917 539 3135 594; x_wconf 88' lang='lat' dir='ltr'><strong>illorqu</strong></span> <span class='ocrx_word' id='word_1_354' title='bbox 3166 537 3514 592; x_wconf 76' lang='lat' dir='ltr'><strong>insolentiam</strong></span> 
     </span>
    </p>
   </div>
   <div class='ocr_carea' id='block_1_49' title="bbox 1942 627 3517 701">
    <p class='ocr_par' dir='ltr' id='par_1_49' title="bbox 1942 627 3517 701">
     <span class='ocr_line' id='line_1_49' title="bbox 1942 627 3517 701; baseline -0.008 -10"><span class='ocrx_word' id='word_1_355' title='bbox 1942 637 2166 700; x_wconf 85' lang='lat' dir='ltr'><strong>imitati,</strong></span> <span class='ocrx_word' id='word_1_356' title='bbox 2220 636 2368 692; x_wconf 78' lang='lat' dir='ltr'><strong>velut</strong></span> <span class='ocrx_word' id='word_1_357' title='bbox 2408 644 2557 691; x_wconf 89' lang='lat' dir='ltr'><strong>terra</strong></span> <span class='ocrx_word' id='word_1_358' title='bbox 2618 632 2771 688; x_wconf 82' lang='lat' dir='ltr'><strong>invia</strong></span> <span class='ocrx_word' id='word_1_359' title='bbox 2832 639 2888 686; x_wconf 82' lang='lat' dir='ltr'><strong>et</strong></span> <span class='ocrx_word' id='word_1_360' title='bbox 2949 643 3178 701; x_wconf 77' lang='lat' dir='ltr'><strong>prorsus</strong></span> <span class='ocrx_word' id='word_1_361' title='bbox 3238 627 3517 681; x_wconf 79' lang='lat' dir='ltr'><strong>devastata</strong></span> 
     </span>
    </p>
   </div>
   <div class='ocr_carea' id='block_1_50' title="bbox 1941 721 3516 793">
    <p class='ocr_par' dir='ltr' id='par_1_50' title="bbox 1941 721 3516 793">
     <span class='ocr_line' id='line_1_50' title="bbox 1941 721 3516 793; baseline -0.007 -9"><span class='ocrx_word' id='word_1_362' title='bbox 1941 741 2129 793; x_wconf 86' lang='lat' dir='ltr'><strong>erunt,</strong></span> <span class='ocrx_word' id='word_1_363' title='bbox 2159 728 2401 784; x_wconf 77' lang='lat' dir='ltr'><strong>hostium</strong></span> <span class='ocrx_word' id='word_1_364' title='bbox 2436 728 2568 780; x_wconf 90' lang='lat' dir='ltr'><strong>tuba</strong></span> <span class='ocrx_word' id='word_1_365' title='bbox 2606 724 2904 780; x_wconf 82' lang='lat' dir='ltr'><strong>classicum</strong></span> <span class='ocrx_word' id='word_1_366' title='bbox 2941 731 3190 785; x_wconf 79' lang='lat' dir='ltr'><strong>canente,</strong></span> <span class='ocrx_word' id='word_1_367' title='bbox 3240 727 3295 773; x_wconf 88' lang='lat' dir='ltr'><strong>et</strong></span> <span class='ocrx_word' id='word_1_368' title='bbox 3348 733 3475 786; x_wconf 80' lang='lat' dir='ltr'><strong>rege</strong></span> <span class='ocrx_word' id='word_1_369' title='bbox 3499 721 3516 739; x_wconf 85' lang='lat'><em>‘</em></span> 
     </span>
    </p>
   </div>
   <div class='ocr_carea' id='block_1_51' title="bbox 1943 810 3519 889">
    <p class='ocr_par' dir='ltr' id='par_1_51' title="bbox 1943 810 3519 889">
     <span class='ocr_line' id='line_1_51' title="bbox 1943 810 3519 889; baseline -0.008 -14"><span class='ocrx_word' id='word_1_370' title='bbox 1943 822 2184 876; x_wconf 84' lang='lat' dir='ltr'><strong>hostium</strong></span> <span class='ocrx_word' id='word_1_371' title='bbox 2230 821 2409 876; x_wconf 86' lang='lat' dir='ltr'><strong>instar</strong></span> <span class='ocrx_word' id='word_1_372' title='bbox 2441 819 2636 889; x_wconf 72' lang='lat' dir='ltr'><strong>aquila:</strong></span> <span class='ocrx_word' id='word_1_373' title='bbox 2670 818 2724 871; x_wconf 91' lang='lat' dir='ltr'><strong>in</strong></span> <span class='ocrx_word' id='word_1_374' title='bbox 2772 830 2869 871; x_wconf 89' lang='lat' dir='ltr'><strong>cos</strong></span> <span class='ocrx_word' id='word_1_375' title='bbox 2911 810 3209 878; x_wconf 85' lang='lat' dir='ltr'><strong>involante,</strong></span> <span class='ocrx_word' id='word_1_376' title='bbox 3246 811 3519 866; x_wconf 84' lang='lat' dir='ltr'><strong>divinum-</strong></span> 
     </span>
    </p>
   </div>
   <div class='ocr_carea' id='block_1_52' title="bbox 1940 901 3516 983">
    <p class='ocr_par' dir='ltr' id='par_1_52' title="bbox 1940 901 3516 983">
     <span class='ocr_line' id='line_1_52' title="bbox 1940 901 3516 983; baseline -0.008 -16"><span class='ocrx_word' id='word_1_377' title='bbox 1940 928 2048 983; x_wconf 85' lang='lat' dir='ltr'><strong>que</strong></span> <span class='ocrx_word' id='word_1_378' title='bbox 2083 913 2340 982; x_wconf 86' lang='lat' dir='ltr'><strong>templum</strong></span> <span class='ocrx_word' id='word_1_379' title='bbox 2373 926 2496 967; x_wconf 89' lang='lat' dir='ltr'><strong>cum</strong></span> <span class='ocrx_word' id='word_1_380' title='bbox 2529 909 2751 964; x_wconf 79' lang='lat' dir='ltr'><strong>immani</strong></span> <span class='ocrx_word' id='word_1_381' title='bbox 2783 906 2969 961; x_wconf 82' lang='lat' dir='ltr'><strong>furore</strong></span> <span class='ocrx_word' id='word_1_382' title='bbox 3000 905 3314 973; x_wconf 83' lang='lat' dir='ltr'><strong>impetente.</strong></span> <span class='ocrx_word' id='word_1_383' title='bbox 3359 901 3516 967; x_wconf 85' lang='lat' dir='ltr'><strong>Quod</strong></span> 
     </span>
    </p>
   </div>
   <div class='ocr_carea' id='block_1_53' title="bbox 1942 992 3488 1072">
    <p class='ocr_par' dir='ltr' id='par_1_53' title="bbox 1942 992 3488 1072">
     <span class='ocr_line' id='line_1_53' title="bbox 1942 992 3488 1072; baseline -0.008 -12"><span class='ocrx_word' id='word_1_384' title='bbox 1942 1011 2123 1060; x_wconf 84' lang='lat' dir='ltr'><strong>autem</strong></span> <span class='ocrx_word' id='word_1_385' title='bbox 2157 1003 2400 1058; x_wconf 81' lang='lat' dir='ltr'><strong>hostium</strong></span> <span class='ocrx_word' id='word_1_386' title='bbox 2437 1015 2619 1072; x_wconf 81' lang='lat' dir='ltr'><strong>regem</strong></span> <span class='ocrx_word' id='word_1_387' title='bbox 2654 998 2935 1053; x_wconf 78' lang='lat' dir='ltr'><strong>vocaverit</strong></span> <span class='ocrx_word' id='word_1_388' title='bbox 2964 996 3220 1061; x_wconf 80' lang='lat' dir='ltr'><strong>aquilam,</strong></span> <span class='ocrx_word' id='word_1_389' title='bbox 3253 992 3488 1048; x_wconf 84' lang='lat' dir='ltr'><strong>Ezeeltie</strong></span> 
     </span>
    </p>
   </div>
   <div class='ocr_carea' id='block_1_54' title="bbox 1940 1082 3516 1163">
    <p class='ocr_par' dir='ltr' id='par_1_54' title="bbox 1940 1082 3516 1163">
     <span class='ocr_line' id='line_1_54' title="bbox 1940 1082 3516 1163; baseline -0.01 -14"><span class='ocrx_word' id='word_1_390' title='bbox 1940 1094 2008 1149; x_wconf 84' lang='lat' dir='ltr'><strong>lis</strong></span> <span class='ocrx_word' id='word_1_391' title='bbox 2039 1093 2208 1148; x_wconf 86' lang='lat' dir='ltr'><strong>etiam</strong></span> <span class='ocrx_word' id='word_1_392' title='bbox 2236 1091 2530 1163; x_wconf 80' lang='lat' dir='ltr'><strong>prephetia</strong></span> <span class='ocrx_word' id='word_1_393' title='bbox 2564 1097 2823 1144; x_wconf 88' lang='lat' dir='ltr'><strong>testatur.</strong></span> <span class='ocrx_word' id='word_1_394' title='bbox 2850 1105 2868 1139; x_wconf 81' lang='grc' dir='ltr'><strong>ι</strong></span> <span class='ocrx_word' id='word_1_395' title='bbox 2903 1085 3104 1154; x_wconf 82' lang='lat' dir='ltr'><strong>Aquila</strong></span> <span class='ocrx_word' id='word_1_396' title='bbox 3127 1084 3296 1149; x_wconf 88' lang='lat' dir='ltr'><strong>enim,</strong></span> <span class='ocrx_word' id='word_1_397' title='bbox 3316 1082 3516 1153; x_wconf 87' lang='lat' dir='ltr'><strong>inquit,</strong></span> 
     </span>
    </p>
   </div>
   <div class='ocr_carea' id='block_1_55' title="bbox 1940 1179 3518 1259">
    <p class='ocr_par' dir='ltr' id='par_1_55' title="bbox 1940 1179 3518 1259">
     <span class='ocr_line' id='line_1_55' title="bbox 1940 1179 3518 1259; baseline -0.007 -17"><span class='ocrx_word' id='word_1_398' title='bbox 1940 1185 2196 1259; x_wconf 82' lang='lat' dir='ltr'><strong>grandis,</strong></span> <span class='ocrx_word' id='word_1_399' title='bbox 2229 1198 2551 1257; x_wconf 83' lang='lat' dir='ltr'><strong>magnarum</strong></span> <span class='ocrx_word' id='word_1_400' title='bbox 2583 1184 2817 1246; x_wconf 88' lang='lat' dir='ltr'><strong>alarum,</strong></span> <span class='ocrx_word' id='word_1_401' title='bbox 2867 1182 3029 1251; x_wconf 81' lang='lat' dir='ltr'><strong>plena</strong></span> <span class='ocrx_word' id='word_1_402' title='bbox 3078 1179 3363 1247; x_wconf 68' lang='lat' dir='ltr'><strong>unguium,</strong></span> <span class='ocrx_word' id='word_1_403' title='bbox 3394 1192 3518 1246; x_wconf 65' lang='lat' dir='ltr'><strong>quae</strong></span> 
     </span>
    </p>
   </div>
   <div class='ocr_carea' id='block_1_56' title="bbox 1940 1269 3517 1333">
    <p class='ocr_par' dir='ltr' id='par_1_56' title="bbox 1940 1269 3517 1333">
     <span class='ocr_line' id='line_1_56' title="bbox 1940 1269 3517 1333; baseline -0.007 0"><span class='ocrx_word' id='word_1_404' title='bbox 1940 1278 2105 1333; x_wconf 81' lang='lat' dir='ltr'><strong>habet</strong></span> <span class='ocrx_word' id='word_1_405' title='bbox 2136 1277 2365 1331; x_wconf 87' lang='lat' dir='ltr'><strong>ductum</strong></span> <span class='ocrx_word' id='word_1_406' title='bbox 2405 1273 2723 1330; x_wconf 85' lang='lat' dir='ltr'><strong>introeundi</strong></span> <span class='ocrx_word' id='word_1_407' title='bbox 2754 1272 2811 1326; x_wconf 89' lang='lat' dir='ltr'><strong>in</strong></span> <span class='ocrx_word' id='word_1_408' title='bbox 2857 1269 3125 1326; x_wconf 81' lang='lat' dir='ltr'><strong>Libanum</strong></span> <span class='ocrx_word' id='word_1_409' title='bbox 3155 1277 3216 1333; x_wconf 74' lang='grc' dir='ltr'>ιιι,</span> <span class='ocrx_word' id='word_1_410' title='bbox 3248 1288 3267 1320; x_wconf 73' lang='grc' dir='ltr'><strong>ι</strong></span> <span class='ocrx_word' id='word_1_411' title='bbox 3317 1275 3371 1322; x_wconf 90' lang='lat' dir='ltr'><strong>et</strong></span> <span class='ocrx_word' id='word_1_412' title='bbox 3414 1283 3517 1322; x_wconf 72' lang='lat' dir='ltr'><strong>ca:-</strong></span> 
     </span>
    </p>
   </div>
   <div class='ocr_carea' id='block_1_57' title="bbox 1939 1356 3514 1437">
    <p class='ocr_par' dir='ltr' id='par_1_57' title="bbox 1939 1356 3514 1437">
     <span class='ocr_line' id='line_1_57' title="bbox 1939 1356 3514 1437; baseline -0.01 -11"><span class='ocrx_word' id='word_1_413' title='bbox 1939 1378 2082 1426; x_wconf 86' lang='lat' dir='ltr'><strong>tera.</strong></span> <span class='ocrx_word' id='word_1_414' title='bbox 2116 1368 2245 1424; x_wconf 68' lang='lat' dir='ltr'><strong>&quot;rec</strong></span> <span class='ocrx_word' id='word_1_415' title='bbox 2267 1383 2394 1423; x_wconf 80' lang='lat' dir='ltr'><strong>vero</strong></span> <span class='ocrx_word' id='word_1_416' title='bbox 2421 1367 2699 1437; x_wconf 85' lang='lat' dir='ltr'><strong>patientur</strong></span> <span class='ocrx_word' id='word_1_417' title='bbox 2725 1384 2743 1417; x_wconf 81' lang='grc' dir='ltr'><strong>ι</strong></span> <span class='ocrx_word' id='word_1_418' title='bbox 2774 1363 2881 1418; x_wconf 87' lang='lat' dir='ltr'><strong>Pro</strong></span> <span class='ocrx_word' id='word_1_419' title='bbox 2901 1377 2988 1423; x_wconf 88' lang='lat' dir='ltr'><strong>eo,</strong></span> <span class='ocrx_word' id='word_1_420' title='bbox 3014 1360 3160 1431; x_wconf 88' lang='lat' dir='ltr'><strong>quod</strong></span> <span class='ocrx_word' id='word_1_421' title='bbox 3185 1356 3514 1428; x_wconf 75' lang='lat' dir='ltr'><strong>transgressi</strong></span> 
     </span>
    </p>
   </div>
   <div class='ocr_carea' id='block_1_58' title="bbox 1939 1452 3515 1523">
    <p class='ocr_par' dir='ltr' id='par_1_58' title="bbox 1939 1452 3515 1523">
     <span class='ocr_line' id='line_1_58' title="bbox 1939 1452 3515 1523; baseline -0.01 -4"><span class='ocrx_word' id='word_1_422' title='bbox 1939 1470 2070 1519; x_wconf 87' lang='lat' dir='ltr'><strong>sunt</strong></span> <span class='ocrx_word' id='word_1_423' title='bbox 2121 1468 2512 1518; x_wconf 79' lang='lat' dir='ltr'><strong>testamentum</strong></span> <span class='ocrx_word' id='word_1_424' title='bbox 2549 1473 2754 1523; x_wconf 87' lang='lat' dir='ltr'><strong>meum,</strong></span> <span class='ocrx_word' id='word_1_425' title='bbox 2806 1463 2867 1512; x_wconf 82' lang='lat' dir='ltr'><strong>et</strong></span> <span class='ocrx_word' id='word_1_426' title='bbox 2893 1463 3084 1511; x_wconf 87' lang='lat' dir='ltr'><strong>contra</strong></span> <span class='ocrx_word' id='word_1_427' title='bbox 3134 1452 3304 1523; x_wconf 82' lang='lat' dir='ltr'><strong>legem</strong></span> <span class='ocrx_word' id='word_1_428' title='bbox 3339 1465 3515 1505; x_wconf 82' lang='lat' dir='ltr'><strong>meam</strong></span> 
     </span>
    </p>
   </div>
   <div class='ocr_carea' id='block_1_59' title="bbox 1938 1546 3004 1625">
    <p class='ocr_par' dir='ltr' id='par_1_59' title="bbox 1938 1546 3004 1625">
     <span class='ocr_line' id='line_1_59' title="bbox 1938 1546 3004 1625; baseline -0.006 -17"><span class='ocrx_word' id='word_1_429' title='bbox 1938 1554 2103 1625; x_wconf 82' lang='lat' dir='ltr'><strong>itupie</strong></span> <span class='ocrx_word' id='word_1_430' title='bbox 2129 1559 2383 1624; x_wconf 83' lang='lat' dir='ltr'><strong>egerunt.</strong></span> <span class='ocrx_word' id='word_1_431' title='bbox 2420 1570 2441 1604; x_wconf 72' lang='grc' dir='ltr'><strong>ι</strong></span> <span class='ocrx_word' id='word_1_432' title='bbox 2473 1549 2750 1617; x_wconf 86' lang='lat' dir='ltr'><strong>Quocirca</strong></span> <span class='ocrx_word' id='word_1_433' title='bbox 2782 1546 3004 1618; x_wconf 80' lang='lat' dir='ltr'><strong>inquit:</strong></span> 
     </span>
    </p>
   </div>
   <div class='ocr_carea' id='block_1_60' title="bbox 2010 1740 3515 1813">
    <p class='ocr_par' dir='ltr' id='par_1_60' title="bbox 2010 1740 3515 1813">
     <span class='ocr_line' id='line_1_60' title="bbox 2010 1740 3515 1813; baseline -0.009 -5"><span class='ocrx_word' id='word_1_434' title='bbox 2010 1753 2179 1808; x_wconf 76' lang='lat' dir='ltr'><strong>Vsus.</strong></span> <span class='ocrx_word' id='word_1_435' title='bbox 2208 1751 2295 1807; x_wconf 72' lang='grc'><strong>2.(</strong></span> <span class='ocrx_word' id='word_1_436' title='bbox 2330 1751 2412 1808; x_wconf 83' lang='lat' dir='ltr'><strong>Ad</strong></span> <span class='ocrx_word' id='word_1_437' title='bbox 2450 1765 2535 1807; x_wconf 89' lang='lat' dir='ltr'><strong>me</strong></span> <span class='ocrx_word' id='word_1_438' title='bbox 2565 1746 2886 1804; x_wconf 83' lang='lat' dir='ltr'><strong>clamabunt</strong></span> <span class='ocrx_word' id='word_1_439' title='bbox 2915 1762 2929 1799; x_wconf 89' lang='lat'>:</span> <span class='ocrx_word' id='word_1_440' title='bbox 2960 1745 3123 1810; x_wconf 87' lang='lat' dir='ltr'><strong>Deus,</strong></span> <span class='ocrx_word' id='word_1_441' title='bbox 3155 1740 3515 1813; x_wconf 78' lang='lat' dir='ltr'><strong>cognovimus</strong></span> 
     </span>
    </p>
   </div>
   <div class='ocr_carea' id='block_1_61' title="bbox 1940 1833 3516 1902">
    <p class='ocr_par' dir='ltr' id='par_1_61' title="bbox 1940 1833 3516 1902">
     <span class='ocr_line' id='line_1_61' title="bbox 1940 1833 3516 1902; baseline -0.012 0"><span class='ocrx_word' id='word_1_442' title='bbox 1940 1853 2013 1902; x_wconf 84' lang='lat' dir='ltr'><strong>te.</strong></span> <span class='ocrx_word' id='word_1_443' title='bbox 2055 1863 2075 1898; x_wconf 77' lang='grc' dir='ltr'><strong>ι</strong></span> <span class='ocrx_word' id='word_1_444' title='bbox 2118 1844 2176 1898; x_wconf 88' lang='lat' dir='ltr'><strong>In</strong></span> <span class='ocrx_word' id='word_1_445' title='bbox 2203 1842 2428 1897; x_wconf 85' lang='lat' dir='ltr'><strong>illorum</strong></span> <span class='ocrx_word' id='word_1_446' title='bbox 2462 1843 2610 1896; x_wconf 86' lang='lat' dir='ltr'><strong>enim</strong></span> <span class='ocrx_word' id='word_1_447' title='bbox 2632 1838 2903 1893; x_wconf 68' lang='lat' dir='ltr'><strong>malortIm</strong></span> <span class='ocrx_word' id='word_1_448' title='bbox 2936 1833 3260 1891; x_wconf 81' lang='lat' dir='ltr'><strong>discrimine</strong></span> <span class='ocrx_word' id='word_1_449' title='bbox 3291 1844 3516 1886; x_wconf 82' lang='lat' dir='ltr'><strong>versan-</strong></span> 
     </span>
    </p>
   </div>
   <div class='ocr_carea' id='block_1_62' title="bbox 1937 1925 3518 2006">
    <p class='ocr_par' dir='ltr' id='par_1_62' title="bbox 1937 1925 3518 2006">
     <span class='ocr_line' id='line_1_62' title="bbox 1937 1925 3518 2006; baseline -0.011 -12"><span class='ocrx_word' id='word_1_450' title='bbox 1937 1947 2042 2003; x_wconf 84' lang='lat' dir='ltr'><strong>tes,</strong></span> <span class='ocrx_word' id='word_1_451' title='bbox 2084 1947 2219 1992; x_wconf 85' lang='lat' dir='ltr'><strong>tunc</strong></span> <span class='ocrx_word' id='word_1_452' title='bbox 2252 1937 2394 2006; x_wconf 81' lang='lat' dir='ltr'><strong>apud</strong></span> <span class='ocrx_word' id='word_1_453' title='bbox 2430 1946 2517 1991; x_wconf 89' lang='lat' dir='ltr'><strong>me</strong></span> <span class='ocrx_word' id='word_1_454' title='bbox 2547 1933 2935 2004; x_wconf 82' lang='lat' dir='ltr'><strong>adiumentum</strong></span> <span class='ocrx_word' id='word_1_455' title='bbox 2971 1934 3240 2001; x_wconf 67' lang='lat' dir='ltr'><strong>quaerent.</strong></span> <span class='ocrx_word' id='word_1_456' title='bbox 3275 1925 3389 1980; x_wconf 87' lang='lat' dir='ltr'><strong>Cur</strong></span> <span class='ocrx_word' id='word_1_457' title='bbox 3420 1939 3518 1977; x_wconf 86' lang='lat' dir='ltr'><strong>au-</strong></span> 
     </span>
    </p>
   </div>
   <div class='ocr_carea' id='block_1_63' title="bbox 1936 2025 2799 2100">
    <p class='ocr_par' dir='ltr' id='par_1_63' title="bbox 1936 2025 2799 2100">
     <span class='ocr_line' id='line_1_63' title="bbox 1936 2025 2799 2100; baseline -0.012 -12"><span class='ocrx_word' id='word_1_458' title='bbox 1936 2040 2045 2088; x_wconf 82' lang='lat' dir='ltr'><strong>tem</strong></span> <span class='ocrx_word' id='word_1_459' title='bbox 2082 2030 2198 2084; x_wconf 75' lang='lat' dir='ltr'><strong>inec</strong></span> <span class='ocrx_word' id='word_1_460' title='bbox 2231 2027 2446 2100; x_wconf 55' lang='lat'><strong>1357</strong></span> <span class='ocrx_word' id='word_1_461' title='bbox 2477 2025 2799 2097; x_wconf 84' lang='lat' dir='ltr'><strong>patientur?</strong></span> 
     </span>
    </p>
   </div>
   <div class='ocr_carea' id='block_1_64' title="bbox 2006 2128 3517 2209">
    <p class='ocr_par' dir='ltr' id='par_1_64' title="bbox 2006 2128 3517 2209">
     <span class='ocr_line' id='line_1_64' title="bbox 2006 2128 3517 2209; baseline -0.01 -10"><span class='ocrx_word' id='word_1_462' title='bbox 2006 2144 2178 2202; x_wconf 70' lang='lat' dir='ltr'><strong>Vsus.</strong></span> <span class='ocrx_word' id='word_1_463' title='bbox 2217 2145 2269 2199; x_wconf 83' lang='grc'>5.</span> <span class='ocrx_word' id='word_1_464' title='bbox 2309 2163 2327 2196; x_wconf 79' lang='grc' dir='ltr'><strong>ι</strong></span> <span class='ocrx_word' id='word_1_465' title='bbox 2354 2142 2496 2209; x_wconf 85' lang='lat' dir='ltr'><strong>Quia</strong></span> <span class='ocrx_word' id='word_1_466' title='bbox 2536 2138 2706 2196; x_wconf 82' lang='lat' dir='ltr'><strong>lsrael</strong></span> <span class='ocrx_word' id='word_1_467' title='bbox 2752 2142 3040 2191; x_wconf 74' lang='lat' dir='ltr'><strong>aversatus</strong></span> <span class='ocrx_word' id='word_1_468' title='bbox 3075 2142 3159 2188; x_wconf 76' lang='lat' dir='ltr'><strong>est</strong></span> <span class='ocrx_word' id='word_1_469' title='bbox 3193 2130 3359 2197; x_wconf 85' lang='lat' dir='ltr'><strong>bona,</strong></span> <span class='ocrx_word' id='word_1_470' title='bbox 3395 2144 3413 2181; x_wconf 79' lang='grc' dir='ltr'><strong>ι</strong></span> <span class='ocrx_word' id='word_1_471' title='bbox 3449 2128 3517 2184; x_wconf 82' lang='lat' dir='ltr'><strong>Et</strong></span> 
     </span>
    </p>
   </div>
   <div class='ocr_carea' id='block_1_65' title="bbox 1935 2222 3351 2308">
    <p class='ocr_par' dir='ltr' id='par_1_65' title="bbox 1935 2222 3351 2308">
     <span class='ocr_line' id='line_1_65' title="bbox 1935 2222 3351 2308; baseline -0.013 -14"><span class='ocrx_word' id='word_1_472' title='bbox 1935 2235 2247 2308; x_wconf 86' lang='lat' dir='ltr'><strong>cuiusmodi</strong></span> <span class='ocrx_word' id='word_1_473' title='bbox 2282 2235 2399 2288; x_wconf 65' lang='lat' dir='ltr'><strong>haec</strong></span> <span class='ocrx_word' id='word_1_474' title='bbox 2435 2232 2548 2287; x_wconf 90' lang='lat' dir='ltr'><strong>sint</strong></span> <span class='ocrx_word' id='word_1_475' title='bbox 2573 2229 2982 2291; x_wconf 81' lang='lat' dir='ltr'><strong>demonstrans,</strong></span> <span class='ocrx_word' id='word_1_476' title='bbox 3021 2222 3305 2292; x_wconf 85' lang='lat' dir='ltr'><strong>subiungit</strong></span> <span class='ocrx_word' id='word_1_477' title='bbox 3336 2236 3351 2276; x_wconf 88' lang='lat'><strong>:</strong></span> 
     </span>
    </p>
   </div>
   <div class='ocr_carea' id='block_1_66' title="bbox 2014 2308 3518 2395">
    <p class='ocr_par' dir='ltr' id='par_1_66' title="bbox 2014 2308 3518 2395">
     <span class='ocr_line' id='line_1_66' title="bbox 2014 2308 3518 2395; baseline -0.013 -11"><span class='ocrx_word' id='word_1_478' title='bbox 2014 2348 2034 2383; x_wconf 76' lang='grc' dir='ltr'><strong>ι</strong></span> <span class='ocrx_word' id='word_1_479' title='bbox 2064 2326 2348 2384; x_wconf 86' lang='lat' dir='ltr'><strong>Inimicum</strong></span> <span class='ocrx_word' id='word_1_480' title='bbox 2384 2322 2658 2395; x_wconf 82' lang='lat' dir='ltr'><strong>persecuti</strong></span> <span class='ocrx_word' id='word_1_481' title='bbox 2690 2328 2842 2375; x_wconf 86' lang='lat' dir='ltr'><strong>sunt.</strong></span> <span class='ocrx_word' id='word_1_482' title='bbox 2865 2316 3051 2387; x_wconf 74' lang='lat' dir='ltr'><strong>(Vens.</strong></span> <span class='ocrx_word' id='word_1_483' title='bbox 3079 2313 3177 2371; x_wconf 64' lang='lat' dir='ltr'><strong>Li</strong></span> <span class='ocrx_word' id='word_1_484' title='bbox 3206 2308 3281 2367; x_wconf 78' lang='lat' dir='ltr'><strong>Ex</strong></span> <span class='ocrx_word' id='word_1_485' title='bbox 3312 2319 3518 2367; x_wconf 84' lang='lat' dir='ltr'><strong>semet-</strong></span> 
     </span>
    </p>
   </div>
   <div class='ocr_carea' id='block_1_67' title="bbox 1936 2402 3515 2495">
    <p class='ocr_par' dir='ltr' id='par_1_67' title="bbox 1936 2402 3515 2495">
     <span class='ocr_line' id='line_1_67' title="bbox 1936 2402 3515 2495; baseline -0.015 -17"><span class='ocrx_word' id='word_1_486' title='bbox 1936 2424 2072 2495; x_wconf 84' lang='lat' dir='ltr'><strong>ipsis</strong></span> <span class='ocrx_word' id='word_1_487' title='bbox 2120 2424 2507 2492; x_wconf 73' lang='lat' dir='ltr'><strong>regnaverunt,</strong></span> <span class='ocrx_word' id='word_1_488' title='bbox 2535 2423 2716 2469; x_wconf 89' lang='lat' dir='ltr'><strong>etnon</strong></span> <span class='ocrx_word' id='word_1_489' title='bbox 2748 2420 2847 2483; x_wconf 83' lang='lat' dir='ltr'><strong>per</strong></span> <span class='ocrx_word' id='word_1_490' title='bbox 2871 2418 2996 2464; x_wconf 85' lang='lat' dir='ltr'><strong>me:</strong></span> <span class='ocrx_word' id='word_1_491' title='bbox 3030 2402 3308 2479; x_wconf 81' lang='lat' dir='ltr'><strong>principes</strong></span> <span class='ocrx_word' id='word_1_492' title='bbox 3331 2403 3515 2460; x_wconf 78' lang='lat' dir='ltr'><strong>exsti-</strong></span> 
     </span>
    </p>
   </div>
   <div class='ocr_carea' id='block_1_68' title="bbox 1937 2496 3518 2579">
    <p class='ocr_par' dir='ltr' id='par_1_68' title="bbox 1937 2496 3518 2579">
     <span class='ocr_line' id='line_1_68' title="bbox 1937 2496 3518 2579; baseline -0.014 -9"><span class='ocrx_word' id='word_1_493' title='bbox 1937 2522 2140 2579; x_wconf 89' lang='lat' dir='ltr'><strong>terunt,</strong></span> <span class='ocrx_word' id='word_1_494' title='bbox 2158 2521 2214 2568; x_wconf 89' lang='lat' dir='ltr'><strong>et</strong></span> <span class='ocrx_word' id='word_1_495' title='bbox 2241 2526 2354 2567; x_wconf 91' lang='lat' dir='ltr'><strong>non</strong></span> <span class='ocrx_word' id='word_1_496' title='bbox 2382 2507 2765 2563; x_wconf 78' lang='lat' dir='ltr'><strong>indicaverunt</strong></span> <span class='ocrx_word' id='word_1_497' title='bbox 2788 2498 2949 2558; x_wconf 81' lang='lat' dir='ltr'><strong>mihi.</strong></span> <span class='ocrx_word' id='word_1_498' title='bbox 2986 2519 3004 2552; x_wconf 77' lang='grc' dir='ltr'><strong>ι</strong></span> <span class='ocrx_word' id='word_1_499' title='bbox 3038 2496 3176 2554; x_wconf 83' lang='lat' dir='ltr'><strong>Cum</strong></span> <span class='ocrx_word' id='word_1_500' title='bbox 3202 2496 3349 2553; x_wconf 86' lang='lat' dir='ltr'><strong>enim</strong></span> <span class='ocrx_word' id='word_1_501' title='bbox 3376 2508 3518 2561; x_wconf 83' lang='lat' dir='ltr'><strong>mea,</strong></span> 
     </span>
    </p>
   </div>
   <div class='ocr_carea' id='block_1_69' title="bbox 1938 2585 3520 2677">
    <p class='ocr_par' dir='ltr' id='par_1_69' title="bbox 1938 2585 3520 2677">
     <span class='ocr_line' id='line_1_69' title="bbox 1938 2585 3520 2677; baseline -0.015 -15"><span class='ocrx_word' id='word_1_502' title='bbox 1938 2606 2137 2677; x_wconf 89' lang='lat' dir='ltr'><strong>inquit,</strong></span> <span class='ocrx_word' id='word_1_503' title='bbox 2169 2600 2513 2674; x_wconf 80' lang='lat' dir='ltr'><strong>providentia</strong></span> <span class='ocrx_word' id='word_1_504' title='bbox 2539 2598 2874 2657; x_wconf 80' lang='lat' dir='ltr'><strong>fruerentur,</strong></span> <span class='ocrx_word' id='word_1_505' title='bbox 2924 2605 3119 2646; x_wconf 88' lang='lat' dir='ltr'><strong>omnes</strong></span> <span class='ocrx_word' id='word_1_506' title='bbox 3160 2590 3352 2642; x_wconf 79' lang='lat' dir='ltr'><strong>hostes</strong></span> <span class='ocrx_word' id='word_1_507' title='bbox 3398 2585 3520 2639; x_wconf 85' lang='lat' dir='ltr'><strong>vin-</strong></span> 
     </span>
    </p>
   </div>
   <div class='ocr_carea' id='block_1_70' title="bbox 1938 2677 3516 2761">
    <p class='ocr_par' dir='ltr' id='par_1_70' title="bbox 1938 2677 3516 2761">
     <span class='ocr_line' id='line_1_70' title="bbox 1938 2677 3516 2761; baseline -0.016 -6"><span class='ocrx_word' id='word_1_508' title='bbox 1938 2700 2161 2761; x_wconf 84' lang='lat' dir='ltr'><strong>cebant,</strong></span> <span class='ocrx_word' id='word_1_509' title='bbox 2194 2693 2288 2750; x_wconf 88' lang='lat' dir='ltr'><strong>sed</strong></span> <span class='ocrx_word' id='word_1_510' title='bbox 2316 2706 2386 2747; x_wconf 87' lang='lat' dir='ltr'><strong>ne</strong></span> <span class='ocrx_word' id='word_1_511' title='bbox 2414 2691 2521 2752; x_wconf 87' lang='lat' dir='ltr'><strong>hoc</strong></span> <span class='ocrx_word' id='word_1_512' title='bbox 2542 2687 2766 2758; x_wconf 85' lang='lat' dir='ltr'><strong>quidem</strong></span> <span class='ocrx_word' id='word_1_513' title='bbox 2798 2680 2908 2738; x_wconf 82' lang='lat' dir='ltr'><strong>illis</strong></span> <span class='ocrx_word' id='word_1_514' title='bbox 2952 2678 3288 2751; x_wconf 74' lang='lat' dir='ltr'><strong>persuadere</strong></span> <span class='ocrx_word' id='word_1_515' title='bbox 3312 2677 3516 2748; x_wconf 85' lang='lat' dir='ltr'><strong>potuit,</strong></span> 
     </span>
    </p>
   </div>
   <div class='ocr_carea' id='block_1_71' title="bbox 1939 2768 3515 2852">
    <p class='ocr_par' dir='ltr' id='par_1_71' title="bbox 1939 2768 3515 2852">
     <span class='ocr_line' id='line_1_71' title="bbox 1939 2768 3515 2852; baseline -0.016 -7"><span class='ocrx_word' id='word_1_516' title='bbox 1939 2798 2002 2846; x_wconf 91' lang='lat' dir='ltr'><strong>ut</strong></span> <span class='ocrx_word' id='word_1_517' title='bbox 2028 2789 2082 2843; x_wconf 91' lang='lat' dir='ltr'><strong>in</strong></span> <span class='ocrx_word' id='word_1_518' title='bbox 2111 2800 2229 2841; x_wconf 88' lang='lat' dir='ltr'><strong>mea</strong></span> <span class='ocrx_word' id='word_1_519' title='bbox 2269 2780 2608 2852; x_wconf 80' lang='lat' dir='ltr'><strong>providentia</strong></span> <span class='ocrx_word' id='word_1_520' title='bbox 2645 2773 3062 2847; x_wconf 81' lang='lat' dir='ltr'><strong>acquiescerent</strong></span> <span class='ocrx_word' id='word_1_521' title='bbox 3111 2791 3127 2827; x_wconf 90' lang='lat'><strong>:</strong></span> <span class='ocrx_word' id='word_1_522' title='bbox 3168 2768 3262 2825; x_wconf 80' lang='lat' dir='ltr'><strong>sed</strong></span> <span class='ocrx_word' id='word_1_523' title='bbox 3308 2781 3515 2836; x_wconf 75' lang='lat' dir='ltr'><strong>regem,</strong></span> 
     </span>
    </p>
   </div>
   <div class='ocr_carea' id='block_1_72' title="bbox 1941 2856 3517 2937">
    <p class='ocr_par' dir='ltr' id='par_1_72' title="bbox 1941 2856 3517 2937">
     <span class='ocr_line' id='line_1_72' title="bbox 1941 2856 3517 2937; baseline -0.017 0"><span class='ocrx_word' id='word_1_524' title='bbox 1941 2897 2029 2937; x_wconf 86' lang='lat' dir='ltr'><strong>me</strong></span> <span class='ocrx_word' id='word_1_525' title='bbox 2076 2875 2413 2937; x_wconf 86' lang='lat' dir='ltr'><strong>inconsulto,</strong></span> <span class='ocrx_word' id='word_1_526' title='bbox 2477 2870 2583 2927; x_wconf 87' lang='lat' dir='ltr'><strong>sibi</strong></span> <span class='ocrx_word' id='word_1_527' title='bbox 2634 2873 2913 2925; x_wconf 85' lang='lat' dir='ltr'><strong>crearunt.</strong></span> <span class='ocrx_word' id='word_1_528' title='bbox 2969 2860 3093 2919; x_wconf 69' lang='lat' dir='ltr'><strong>Haec</strong></span> <span class='ocrx_word' id='word_1_529' title='bbox 3141 2870 3271 2916; x_wconf 79' lang='lat' dir='ltr'><strong>vero</strong></span> <span class='ocrx_word' id='word_1_530' title='bbox 3323 2856 3517 2913; x_wconf 81' lang='lat' dir='ltr'><strong>decem</strong></span> 
     </span>
    </p>
   </div>
   <div class='ocr_carea' id='block_1_73' title="bbox 1940 2950 3519 3039">
    <p class='ocr_par' dir='ltr' id='par_1_73' title="bbox 1940 2950 3519 3039">
     <span class='ocr_line' id='line_1_73' title="bbox 1940 2950 3519 3039; baseline -0.016 -12"><span class='ocrx_word' id='word_1_531' title='bbox 1940 2973 2122 3027; x_wconf 87' lang='lat' dir='ltr'><strong>tribus</strong></span> <span class='ocrx_word' id='word_1_532' title='bbox 2188 2964 2514 3039; x_wconf 80' lang='lat' dir='ltr'><strong>perstringit</strong></span> <span class='ocrx_word' id='word_1_533' title='bbox 2565 2959 2869 3023; x_wconf 83' lang='lat' dir='ltr'><strong>accusatio,</strong></span> <span class='ocrx_word' id='word_1_534' title='bbox 2923 2966 3045 3028; x_wconf 63' lang='lat' dir='ltr'><strong>quae</strong></span> <span class='ocrx_word' id='word_1_535' title='bbox 3104 2952 3206 3010; x_wconf 82' lang='lat' dir='ltr'><strong>sibi</strong></span> <span class='ocrx_word' id='word_1_536' title='bbox 3253 2950 3519 3007; x_wconf 80' lang='lat' dir='ltr'><strong>Jcroboa-</strong></span> 
     </span>
    </p>
   </div>
   <div class='ocr_carea' id='block_1_74' title="bbox 1943 3039 3520 3130">
    <p class='ocr_par' dir='ltr' id='par_1_74' title="bbox 1943 3039 3520 3130">
     <span class='ocr_line' id='line_1_74' title="bbox 1943 3039 3520 3130; baseline -0.015 -13"><span class='ocrx_word' id='word_1_537' title='bbox 1943 3076 2092 3117; x_wconf 91' lang='lat' dir='ltr'><strong>mum</strong></span> <span class='ocrx_word' id='word_1_538' title='bbox 2141 3072 2325 3130; x_wconf 83' lang='lat' dir='ltr'><strong>regem</strong></span> <span class='ocrx_word' id='word_1_539' title='bbox 2378 3053 2808 3114; x_wconf 77' lang='lat' dir='ltr'><strong>constituerunt,</strong></span> <span class='ocrx_word' id='word_1_540' title='bbox 2848 3060 2958 3103; x_wconf 89' lang='lat' dir='ltr'><strong>non</strong></span> <span class='ocrx_word' id='word_1_541' title='bbox 3016 3046 3353 3113; x_wconf 77' lang='lat' dir='ltr'><strong>interrogato</strong></span> <span class='ocrx_word' id='word_1_542' title='bbox 3393 3039 3520 3094; x_wconf 87' lang='lat' dir='ltr'><strong>nni-</strong></span> 
     </span>
    </p>
   </div>
   <div class='ocr_carea' id='block_1_75' title="bbox 1944 3132 3522 3214">
    <p class='ocr_par' dir='ltr' id='par_1_75' title="bbox 1944 3132 3522 3214">
     <span class='ocr_line' id='line_1_75' title="bbox 1944 3132 3522 3214; baseline -0.014 -6"><span class='ocrx_word' id='word_1_543' title='bbox 1944 3166 2226 3209; x_wconf 77' lang='lat' dir='ltr'><strong>versorum</strong></span> <span class='ocrx_word' id='word_1_544' title='bbox 2260 3148 2394 3214; x_wconf 88' lang='lat' dir='ltr'><strong>Deo,</strong></span> <span class='ocrx_word' id='word_1_545' title='bbox 2420 3160 2489 3201; x_wconf 90' lang='lat' dir='ltr'><strong>an</strong></span> <span class='ocrx_word' id='word_1_546' title='bbox 2520 3146 2624 3200; x_wconf 86' lang='lat' dir='ltr'><strong>hoc</strong></span> <span class='ocrx_word' id='word_1_547' title='bbox 2652 3141 2961 3198; x_wconf 83' lang='lat' dir='ltr'><strong>faciendum</strong></span> <span class='ocrx_word' id='word_1_548' title='bbox 2998 3145 3165 3194; x_wconf 84' lang='lat' dir='ltr'><strong>esset.</strong></span> <span class='ocrx_word' id='word_1_549' title='bbox 3195 3132 3369 3189; x_wconf 80' lang='lat' dir='ltr'><strong>Nemo</strong></span> <span class='ocrx_word' id='word_1_550' title='bbox 3426 3147 3522 3187; x_wconf 85' lang='lat' dir='ltr'><strong>au-</strong></span> 
     </span>
    </p>
   </div>
   <div class='ocr_carea' id='block_1_76' title="bbox 1944 3227 3521 3312">
    <p class='ocr_par' dir='ltr' id='par_1_76' title="bbox 1944 3227 3521 3312">
     <span class='ocr_line' id='line_1_76' title="bbox 1944 3227 3521 3312; baseline -0.016 -10"><span class='ocrx_word' id='word_1_551' title='bbox 1944 3257 2051 3302; x_wconf 88' lang='lat' dir='ltr'><strong>tem</strong></span> <span class='ocrx_word' id='word_1_552' title='bbox 2090 3260 2158 3298; x_wconf 82' lang='lat' dir='ltr'><strong>ex</strong></span> <span class='ocrx_word' id='word_1_553' title='bbox 2207 3242 2276 3297; x_wconf 90' lang='lat' dir='ltr'><strong>iis</strong></span> <span class='ocrx_word' id='word_1_554' title='bbox 2321 3240 2416 3312; x_wconf 89' lang='lat' dir='ltr'><strong>qui</strong></span> <span class='ocrx_word' id='word_1_555' title='bbox 2471 3238 2646 3293; x_wconf 88' lang='lat' dir='ltr'><strong>libros</strong></span> <span class='ocrx_word' id='word_1_556' title='bbox 2702 3234 3017 3304; x_wconf 78' lang='lat' dir='ltr'><strong>Regnorum</strong></span> <span class='ocrx_word' id='word_1_557' title='bbox 3071 3227 3319 3300; x_wconf 81' lang='lat' dir='ltr'><strong>legerint,</strong></span> <span class='ocrx_word' id='word_1_558' title='bbox 3363 3230 3521 3296; x_wconf 87' lang='lat' dir='ltr'><strong>putet</strong></span> 
     </span>
    </p>
   </div>
   <div class='ocr_carea' id='block_1_77' title="bbox 1944 3314 3518 3397">
    <p class='ocr_par' dir='ltr' id='par_1_77' title="bbox 1944 3314 3518 3397">
     <span class='ocr_line' id='line_1_77' title="bbox 1944 3314 3518 3397; baseline -0.015 -6"><span class='ocrx_word' id='word_1_559' title='bbox 1944 3338 2059 3391; x_wconf 58' lang='lat' dir='ltr'><strong>hate</strong></span> <span class='ocrx_word' id='word_1_560' title='bbox 2085 3349 2210 3391; x_wconf 87' lang='lat' dir='ltr'><strong>esse</strong></span> <span class='ocrx_word' id='word_1_561' title='bbox 2238 3331 2518 3388; x_wconf 87' lang='lat' dir='ltr'><strong>contraria</strong></span> <span class='ocrx_word' id='word_1_562' title='bbox 2545 3329 2613 3385; x_wconf 87' lang='lat' dir='ltr'><strong>iis</strong></span> <span class='ocrx_word' id='word_1_563' title='bbox 2631 3342 2753 3397; x_wconf 86' lang='lat' dir='ltr'><strong>quae</strong></span> <span class='ocrx_word' id='word_1_564' title='bbox 2778 3325 2853 3380; x_wconf 89' lang='lat' dir='ltr'><strong>ibi</strong></span> <span class='ocrx_word' id='word_1_565' title='bbox 2877 3323 3210 3379; x_wconf 74' lang='lat' dir='ltr'><strong>referuntur.</strong></span> <span class='ocrx_word' id='word_1_566' title='bbox 3234 3314 3352 3372; x_wconf 83' lang='lat' dir='ltr'><strong>Non</strong></span> <span class='ocrx_word' id='word_1_567' title='bbox 3374 3314 3518 3372; x_wconf 89' lang='lat' dir='ltr'><strong>enim</strong></span> 
     </span>
    </p>
   </div>
   <div class='ocr_carea' id='block_1_78' title="bbox 1945 3407 3520 3499">
    <p class='ocr_par' dir='ltr' id='par_1_78' title="bbox 1945 3407 3520 3499">
     <span class='ocr_line' id='line_1_78' title="bbox 1945 3407 3520 3499; baseline -0.015 -16"><span class='ocrx_word' id='word_1_568' title='bbox 1945 3429 2011 3483; x_wconf 89' lang='lat' dir='ltr'><strong>ad</strong></span> <span class='ocrx_word' id='word_1_569' title='bbox 2046 3425 2308 3499; x_wconf 84' lang='lat' dir='ltr'><strong>pupulum</strong></span> <span class='ocrx_word' id='word_1_570' title='bbox 2343 3422 2571 3477; x_wconf 71' lang='lat' dir='ltr'><strong>Aciliam</strong></span> <span class='ocrx_word' id='word_1_571' title='bbox 2615 3418 2907 3474; x_wconf 89' lang='lat' dir='ltr'><strong>Silonitam</strong></span> <span class='ocrx_word' id='word_1_572' title='bbox 2943 3414 3116 3478; x_wconf 88' lang='lat' dir='ltr'><strong>misit,</strong></span> <span class='ocrx_word' id='word_1_573' title='bbox 3149 3409 3342 3499; x_wconf 31' lang='lat' dir='ltr'><strong>sed-ad</strong></span> <span class='ocrx_word' id='word_1_574' title='bbox 3363 3407 3520 3499; x_wconf 66' lang='grc' dir='ltr'>,ἰεῖσ-</span> 
     </span>
    </p>
   </div>
   <div class='ocr_carea' id='block_1_79' title="bbox 1942 3493 3522 3578">
    <p class='ocr_par' dir='ltr' id='par_1_79' title="bbox 1942 3493 3522 3578">
     <span class='ocr_line' id='line_1_79' title="bbox 1942 3493 3522 3578; baseline -0.016 -5"><span class='ocrx_word' id='word_1_575' title='bbox 1942 3493 2199 3573; x_wconf 80' lang='lat' dir='ltr'><strong>boamum</strong></span> <span class='ocrx_word' id='word_1_576' title='bbox 2274 3512 2459 3578; x_wconf 88' lang='lat' dir='ltr'><strong>Quare</strong></span> <span class='ocrx_word' id='word_1_577' title='bbox 2498 3507 2646 3562; x_wconf 90' lang='lat' dir='ltr'><strong>nulla</strong></span> <span class='ocrx_word' id='word_1_578' title='bbox 2683 3504 2840 3560; x_wconf 75' lang='lat' dir='ltr'><strong>venia</strong></span> <span class='ocrx_word' id='word_1_579' title='bbox 2872 3501 3018 3571; x_wconf 84' lang='lat' dir='ltr'><strong>digni</strong></span> <span class='ocrx_word' id='word_1_580' title='bbox 3064 3504 3193 3553; x_wconf 87' lang='lat' dir='ltr'><strong>sunt</strong></span> <span class='ocrx_word' id='word_1_581' title='bbox 3231 3495 3334 3551; x_wconf 89' lang='lat' dir='ltr'><strong>sibi</strong></span> <span class='ocrx_word' id='word_1_582' title='bbox 3366 3493 3522 3547; x_wconf 88' lang='lat' dir='ltr'><strong>attri—</strong></span> 
     </span>
    </p>
   </div>
   <div class='ocr_carea' id='block_1_80' title="bbox 1943 3584 3525 3673">
    <p class='ocr_par' dir='ltr' id='par_1_80' title="bbox 1943 3584 3525 3673">
     <span class='ocr_line' id='line_1_80' title="bbox 1943 3584 3525 3673; baseline -0.018 -8"><span class='ocrx_word' id='word_1_583' title='bbox 1943 3610 2179 3665; x_wconf 86' lang='lat' dir='ltr'><strong>buentes</strong></span> <span class='ocrx_word' id='word_1_584' title='bbox 2238 3603 2386 3673; x_wconf 82' lang='lat' dir='ltr'><strong>regis</strong></span> <span class='ocrx_word' id='word_1_585' title='bbox 2431 3599 2776 3656; x_wconf 85' lang='lat' dir='ltr'><strong>electionem.</strong></span> <span class='ocrx_word' id='word_1_586' title='bbox 2837 3593 3033 3648; x_wconf 80' lang='lat' dir='ltr'><strong>Postea</strong></span> <span class='ocrx_word' id='word_1_587' title='bbox 3068 3598 3194 3644; x_wconf 85' lang='lat' dir='ltr'><strong>cum</strong></span> <span class='ocrx_word' id='word_1_588' title='bbox 3248 3584 3525 3656; x_wconf 80' lang='lat' dir='ltr'><strong>arguisset</strong></span> 
     </span>
    </p>
   </div>
   <div class='ocr_carea' id='block_1_81' title="bbox 1943 3678 3523 3770">
    <p class='ocr_par' dir='ltr' id='par_1_81' title="bbox 1943 3678 3523 3770">
     <span class='ocr_line' id='line_1_81' title="bbox 1943 3678 3523 3770; baseline -0.018 -13"><span class='ocrx_word' id='word_1_589' title='bbox 1943 3717 2060 3761; x_wconf 84' lang='lat' dir='ltr'><strong>eos.</strong></span> <span class='ocrx_word' id='word_1_590' title='bbox 2083 3697 2228 3770; x_wconf 88' lang='lat' dir='ltr'><strong>quod</strong></span> <span class='ocrx_word' id='word_1_591' title='bbox 2252 3701 2536 3766; x_wconf 85' lang='lat' dir='ltr'><strong>argentum</strong></span> <span class='ocrx_word' id='word_1_592' title='bbox 2569 3699 2624 3746; x_wconf 89' lang='lat' dir='ltr'><strong>et</strong></span> <span class='ocrx_word' id='word_1_593' title='bbox 2654 3702 2873 3754; x_wconf 88' lang='lat' dir='ltr'><strong>aurum,</strong></span> <span class='ocrx_word' id='word_1_594' title='bbox 2903 3683 3050 3757; x_wconf 86' lang='lat' dir='ltr'><strong>quod</strong></span> <span class='ocrx_word' id='word_1_595' title='bbox 3087 3698 3117 3736; x_wconf 87' lang='lat' dir='ltr'><strong>a</strong></span> <span class='ocrx_word' id='word_1_596' title='bbox 3144 3678 3255 3735; x_wconf 89' lang='lat' dir='ltr'><strong>Deo</strong></span> <span class='ocrx_word' id='word_1_597' title='bbox 3292 3678 3523 3733; x_wconf 74' lang='lat' dir='ltr'><strong>univer-</strong></span> 
     </span>
    </p>
   </div>
   <div class='ocr_carea' id='block_1_82' title="bbox 1945 3774 3524 3857">
    <p class='ocr_par' dir='ltr' id='par_1_82' title="bbox 1945 3774 3524 3857">
     <span class='ocr_line' id='line_1_82' title="bbox 1945 3774 3524 3857; baseline -0.016 -9"><span class='ocrx_word' id='word_1_598' title='bbox 1945 3806 2131 3848; x_wconf 90' lang='lat' dir='ltr'><strong>sorum</strong></span> <span class='ocrx_word' id='word_1_599' title='bbox 2163 3792 2515 3857; x_wconf 72' lang='lat' dir='ltr'><strong>acceperant,</strong></span> <span class='ocrx_word' id='word_1_600' title='bbox 2550 3783 2606 3838; x_wconf 89' lang='lat' dir='ltr'><strong>in</strong></span> <span class='ocrx_word' id='word_1_601' title='bbox 2637 3781 2908 3836; x_wconf 85' lang='lat' dir='ltr'><strong>idolorum</strong></span> <span class='ocrx_word' id='word_1_602' title='bbox 2936 3774 3353 3830; x_wconf 76' lang='lat' dir='ltr'><strong>fabricationem</strong></span> <span class='ocrx_word' id='word_1_603' title='bbox 3386 3780 3524 3823; x_wconf 81' lang='lat' dir='ltr'><strong>con-</strong></span> 
     </span>
    </p>
   </div>
   <div class='ocr_carea' id='block_1_83' title="bbox 1945 3858 3522 3953">
    <p class='ocr_par' dir='ltr' id='par_1_83' title="bbox 1945 3858 3522 3953">
     <span class='ocr_line' id='line_1_83' title="bbox 1945 3858 3522 3953; baseline -0.016 -13"><span class='ocrx_word' id='word_1_604' title='bbox 1945 3881 2300 3953; x_wconf 85' lang='lat' dir='ltr'><strong>sumpserint,</strong></span> <span class='ocrx_word' id='word_1_605' title='bbox 2357 3875 2785 3934; x_wconf 87' lang='lat' dir='ltr'><strong>admonitionem</strong></span> <span class='ocrx_word' id='word_1_606' title='bbox 2824 3870 2906 3926; x_wconf 84' lang='lat' dir='ltr'><strong>eis</strong></span> <span class='ocrx_word' id='word_1_607' title='bbox 2945 3866 3188 3928; x_wconf 82' lang='lat' dir='ltr'><strong>adhibet,</strong></span> <span class='ocrx_word' id='word_1_608' title='bbox 3234 3872 3291 3918; x_wconf 83' lang='lat' dir='ltr'><strong>et</strong></span> <span class='ocrx_word' id='word_1_609' title='bbox 3334 3858 3522 3917; x_wconf 83' lang='lat' dir='ltr'><strong>consi-</strong></span> 
     </span>
    </p>
   </div>
   <div class='ocr_carea' id='block_1_84' title="bbox 1946 3977 2096 4032">
    <p class='ocr_par' dir='ltr' id='par_1_84' title="bbox 1946 3977 2096 4032">
     <span class='ocr_line' id='line_1_84' title="bbox 1946 3977 2096 4032; baseline 0.007 -1"><span class='ocrx_word' id='word_1_610' title='bbox 1946 3977 2096 4032; x_wconf 89' lang='lat' dir='ltr'><strong>lium.</strong></span> 
     </span>
    </p>
   </div>
   <div class='ocr_carea' id='block_1_85' title="bbox 2019 4060 3528 4154">
    <p class='ocr_par' dir='ltr' id='par_1_85' title="bbox 2019 4060 3528 4154">
     <span class='ocr_line' id='line_1_85' title="bbox 2019 4060 3528 4154; baseline -0.016 -13"><span class='ocrx_word' id='word_1_611' title='bbox 2019 4088 2180 4144; x_wconf 74' lang='lat' dir='ltr'><strong>Vsus.</strong></span> <span class='ocrx_word' id='word_1_612' title='bbox 2208 4087 2261 4143; x_wconf 80' lang='lat'><strong>5.</strong></span> <span class='ocrx_word' id='word_1_613' title='bbox 2297 4104 2316 4136; x_wconf 83' lang='grc' dir='ltr'><strong>ι</strong></span> <span class='ocrx_word' id='word_1_614' title='bbox 2342 4082 2559 4154; x_wconf 79' lang='lat' dir='ltr'><strong>Proiire</strong></span> <span class='ocrx_word' id='word_1_615' title='bbox 2592 4076 2821 4134; x_wconf 84' lang='lat' dir='ltr'><strong>vitulum</strong></span> <span class='ocrx_word' id='word_1_616' title='bbox 2866 4083 3047 4133; x_wconf 90' lang='lat' dir='ltr'><strong>tuum,</strong></span> <span class='ocrx_word' id='word_1_617' title='bbox 3065 4084 3098 4123; x_wconf 91' lang='grc' dir='ltr'><strong>ο</strong></span> <span class='ocrx_word' id='word_1_618' title='bbox 3116 4060 3388 4122; x_wconf 85' lang='lat' dir='ltr'><strong>Samaria.</strong></span> <span class='ocrx_word' id='word_1_619' title='bbox 3413 4081 3432 4114; x_wconf 75' lang='grc' dir='ltr'><strong>ι</strong></span> <span class='ocrx_word' id='word_1_620' title='bbox 3458 4060 3528 4117; x_wconf 87' lang='lat' dir='ltr'><strong>Et</strong></span> 
     </span>
    </p>
   </div>
   <div class='ocr_carea' id='block_1_86' title="bbox 1944 4159 3527 4249">
    <p class='ocr_par' dir='ltr' id='par_1_86' title="bbox 1944 4159 3527 4249">
     <span class='ocr_line' id='line_1_86' title="bbox 1944 4159 3527 4249; baseline -0.018 -14"><span class='ocrx_word' id='word_1_621' title='bbox 1944 4190 2233 4249; x_wconf 86' lang='lat' dir='ltr'><strong>postquam</strong></span> <span class='ocrx_word' id='word_1_622' title='bbox 2275 4174 2605 4246; x_wconf 81' lang='lat' dir='ltr'><strong>interposuit</strong></span> <span class='ocrx_word' id='word_1_623' title='bbox 2653 4166 2931 4238; x_wconf 84' lang='lat' dir='ltr'><strong>sequentia</strong></span> <span class='ocrx_word' id='word_1_624' title='bbox 2966 4181 2980 4217; x_wconf 92' lang='lat'><strong>:</strong></span> <span class='ocrx_word' id='word_1_625' title='bbox 3020 4180 3039 4213; x_wconf 75' lang='grc' dir='ltr'><strong>ι</strong></span> <span class='ocrx_word' id='word_1_626' title='bbox 3067 4159 3391 4213; x_wconf 81' lang='lat' dir='ltr'><strong>Concitatus</strong></span> <span class='ocrx_word' id='word_1_627' title='bbox 3440 4163 3527 4209; x_wconf 86' lang='lat' dir='ltr'><strong>est</strong></span> 
     </span>
    </p>
   </div>
   <div class='ocr_carea' id='block_1_87' title="bbox 1947 4252 3524 4336">
    <p class='ocr_par' dir='ltr' id='par_1_87' title="bbox 1947 4252 3524 4336">
     <span class='ocr_line' id='line_1_87' title="bbox 1947 4252 3524 4336; baseline -0.017 -12"><span class='ocrx_word' id='word_1_628' title='bbox 1947 4270 2102 4324; x_wconf 80' lang='lat' dir='ltr'><strong>furor</strong></span> <span class='ocrx_word' id='word_1_629' title='bbox 2153 4284 2306 4323; x_wconf 89' lang='lat' dir='ltr'><strong>meus</strong></span> <span class='ocrx_word' id='word_1_630' title='bbox 2361 4282 2526 4336; x_wconf 87' lang='lat' dir='ltr'><strong>super</strong></span> <span class='ocrx_word' id='word_1_631' title='bbox 2580 4277 2676 4317; x_wconf 90' lang='lat' dir='ltr'><strong>eos</strong></span> <span class='ocrx_word' id='word_1_632' title='bbox 2710 4278 2726 4314; x_wconf 94' lang='lat'><strong>:</strong></span> <span class='ocrx_word' id='word_1_633' title='bbox 2758 4266 3044 4325; x_wconf 87' lang='lat' dir='ltr'><strong>usquequo</strong></span> <span class='ocrx_word' id='word_1_634' title='bbox 3108 4264 3218 4304; x_wconf 85' lang='lat' dir='ltr'><strong>non</strong></span> <span class='ocrx_word' id='word_1_635' title='bbox 3264 4252 3524 4317; x_wconf 81' lang='lat' dir='ltr'><strong>poterunt</strong></span> 
     </span>
    </p>
   </div>
   <div class='ocr_carea' id='block_1_88' title="bbox 1945 4344 3025 4416">
    <p class='ocr_par' dir='ltr' id='par_1_88' title="bbox 1945 4344 3025 4416">
     <span class='ocr_line' id='line_1_88' title="bbox 1945 4344 3025 4416; baseline -0.018 -1"><span class='ocrx_word' id='word_1_636' title='bbox 1945 4357 2229 4416; x_wconf 87' lang='lat' dir='ltr'><strong>emundari</strong></span> <span class='ocrx_word' id='word_1_637' title='bbox 2260 4358 2312 4411; x_wconf 90' lang='lat' dir='ltr'><strong>in</strong></span> <span class='ocrx_word' id='word_1_638' title='bbox 2351 4353 2592 4410; x_wconf 83' lang='lat' dir='ltr'><strong>lsraele?</strong></span> <span class='ocrx_word' id='word_1_639' title='bbox 2632 4369 2650 4403; x_wconf 73' lang='grc' dir='ltr'><strong>ιι</strong></span> <span class='ocrx_word' id='word_1_640' title='bbox 2685 4344 2973 4416; x_wconf 79' lang='lat' dir='ltr'><strong>subiungit</strong></span> <span class='ocrx_word' id='word_1_641' title='bbox 3010 4361 3025 4396; x_wconf 89' lang='lat'><strong>:</strong></span> 
     </span>
    </p>
   </div>
   <div class='ocr_carea' id='block_1_89' title="bbox 346 4445 1841 4549">
    <p class='ocr_par' dir='ltr' id='par_1_89' title="bbox 346 4461 1841 4549">
     <span class='ocr_line' id='line_1_89' title="bbox 346 4461 1841 4549; baseline -0.017 -13"><span class='ocrx_word' id='word_1_642' title='bbox 346 4489 425 4549; x_wconf 81' lang='grc' dir='ltr'>ς’.</span> <span class='ocrx_word' id='word_1_643' title='bbox 472 4499 493 4533; x_wconf 84' lang='grc' dir='ltr'><strong>ι</strong></span> <span class='ocrx_word' id='word_1_644' title='bbox 516 4479 628 4534; x_wconf 75' lang='grc' dir='ltr'><strong>Καὶ</strong></span> <span class='ocrx_word' id='word_1_645' title='bbox 653 4474 788 4532; x_wconf 76' lang='grc' dir='ltr'>αὐτὸ</span> <span class='ocrx_word' id='word_1_646' title='bbox 813 4474 1018 4528; x_wconf 81' lang='grc' dir='ltr'>τέκτων</span> <span class='ocrx_word' id='word_1_647' title='bbox 1046 4467 1290 4538; x_wconf 85' lang='grc' dir='ltr'>ἐποίησε,</span> <span class='ocrx_word' id='word_1_648' title='bbox 1332 4464 1426 4518; x_wconf 70' lang='grc' dir='ltr'>καὶ</span> <span class='ocrx_word' id='word_1_649' title='bbox 1453 4462 1514 4516; x_wconf 84' lang='grc' dir='ltr'>οὐ</span> <span class='ocrx_word' id='word_1_650' title='bbox 1542 4461 1661 4524; x_wconf 89' lang='grc' dir='ltr'>θεός</span> <span class='ocrx_word' id='word_1_651' title='bbox 1690 4461 1805 4513; x_wconf 79' lang='grc' dir='ltr'>ἐστι</span> <span class='ocrx_word' id='word_1_652' title='bbox 1827 4473 1841 4489; x_wconf 88' lang='grc'><strong>·</strong></span> 
     </span>
    </p>
   </div>
   <div class='ocr_carea' id='block_1_90' title="bbox 1950 4445 3524 4549">
    <p class='ocr_par' dir='ltr' id='par_1_90' title="bbox 2016 4445 3524 4524">
     <span class='ocr_line' id='line_1_90' title="bbox 2016 4445 3524 4524; baseline -0.017 0"><span class='ocrx_word' id='word_1_653' title='bbox 2016 4469 2182 4524; x_wconf 76' lang='lat' dir='ltr'><strong>Vsus.</strong></span> <span class='ocrx_word' id='word_1_654' title='bbox 2216 4467 2270 4521; x_wconf 86' lang='lat'><strong>6.</strong></span> <span class='ocrx_word' id='word_1_655' title='bbox 2311 4485 2330 4516; x_wconf 74' lang='grc' dir='ltr'><strong>ι</strong></span> <span class='ocrx_word' id='word_1_656' title='bbox 2353 4463 2421 4519; x_wconf 86' lang='lat' dir='ltr'><strong>Et</strong></span> <span class='ocrx_word' id='word_1_657' title='bbox 2455 4463 2557 4517; x_wconf 80' lang='lat' dir='ltr'><strong>hoc</strong></span> <span class='ocrx_word' id='word_1_658' title='bbox 2591 4458 2785 4515; x_wconf 73' lang='lat' dir='ltr'><strong>artifex</strong></span> <span class='ocrx_word' id='word_1_659' title='bbox 2810 4455 2957 4518; x_wconf 84' lang='lat' dir='ltr'><strong>fecit,</strong></span> <span class='ocrx_word' id='word_1_660' title='bbox 2988 4458 3045 4508; x_wconf 91' lang='lat' dir='ltr'><strong>et</strong></span> <span class='ocrx_word' id='word_1_661' title='bbox 3070 4466 3182 4507; x_wconf 87' lang='lat' dir='ltr'><strong>non</strong></span> <span class='ocrx_word' id='word_1_662' title='bbox 3224 4456 3310 4505; x_wconf 88' lang='lat' dir='ltr'><strong>est</strong></span> <span class='ocrx_word' id='word_1_663' title='bbox 3356 4445 3524 4512; x_wconf 87' lang='lat' dir='ltr'><strong>Deus,</strong></span> 
     </span>
    </p>
   </div>
   <div class='ocr_carea' id='block_1_91' title="bbox 271 4551 1843 4639">
    <p class='ocr_par' dir='ltr' id='par_1_91' title="bbox 271 4551 1843 4639">
     <span class='ocr_line' id='line_1_91' title="bbox 271 4551 1843 4639; baseline -0.017 -11"><span class='ocrx_word' id='word_1_664' title='bbox 271 4573 413 4630; x_wconf 84' lang='grc' dir='ltr'>διότι</span> <span class='ocrx_word' id='word_1_665' title='bbox 439 4569 658 4624; x_wconf 81' lang='grc' dir='ltr'>πλανῶν</span> <span class='ocrx_word' id='word_1_666' title='bbox 683 4563 753 4639; x_wconf 77' lang='grc' dir='ltr'>ἦν</span> <span class='ocrx_word' id='word_1_667' title='bbox 791 4569 818 4620; x_wconf 89' lang='grc' dir='ltr'>ὁ</span> <span class='ocrx_word' id='word_1_668' title='bbox 850 4565 1048 4636; x_wconf 86' lang='grc' dir='ltr'>μόσχος</span> <span class='ocrx_word' id='word_1_669' title='bbox 1078 4577 1194 4622; x_wconf 91' lang='grc' dir='ltr'>σου,</span> <span class='ocrx_word' id='word_1_670' title='bbox 1230 4556 1532 4627; x_wconf 83' lang='grc' dir='ltr'>Σαμάρεια.</span> <span class='ocrx_word' id='word_1_671' title='bbox 1570 4572 1586 4605; x_wconf 79' lang='grc' dir='ltr'><strong>ι</strong></span> <span class='ocrx_word' id='word_1_672' title='bbox 1634 4551 1843 4622; x_wconf 81' lang='grc' dir='ltr'>Κομιδῇ</span> 
     </span>
    </p>
   </div>
   <div class='ocr_carea' id='block_1_92' title="bbox 274 4643 1845 4737">
    <p class='ocr_par' dir='ltr' id='par_1_92' title="bbox 274 4643 1845 4737">
     <span class='ocr_line' id='line_1_92' title="bbox 274 4643 1845 4737; baseline -0.017 -17"><span class='ocrx_word' id='word_1_673' title='bbox 274 4664 603 4737; x_wconf 71' lang='grc' dir='ltr'>προσφόρως</span> <span class='ocrx_word' id='word_1_674' title='bbox 621 4661 668 4694; x_wconf 77' lang='grc'><strong>³⁸</strong></span> <span class='ocrx_word' id='word_1_675' title='bbox 708 4659 808 4731; x_wconf 84' lang='grc' dir='ltr'>τὴν</span> <span class='ocrx_word' id='word_1_676' title='bbox 844 4657 953 4710; x_wconf 84' lang='grc' dir='ltr'><strong>τῶν</strong></span> <span class='ocrx_word' id='word_1_677' title='bbox 983 4653 1216 4708; x_wconf 85' lang='grc' dir='ltr'>εἰδώλων</span> <span class='ocrx_word' id='word_1_678' title='bbox 1242 4649 1523 4704; x_wconf 75' lang='grc' dir='ltr'>ἀσθένειαν</span> <span class='ocrx_word' id='word_1_679' title='bbox 1553 4643 1845 4714; x_wconf 82' lang='grc' dir='ltr'>ὲκωμῴδη-</span> 
     </span>
    </p>
   </div>
   <div class='ocr_carea' id='block_1_93' title="bbox 277 4736 1845 4823">
    <p class='ocr_par' dir='ltr' id='par_1_93' title="bbox 277 4736 1845 4823">
     <span class='ocr_line' id='line_1_93' title="bbox 277 4736 1845 4823; baseline -0.015 -13"><span class='ocrx_word' id='word_1_680' title='bbox 277 4736 374 4810; x_wconf 80' lang='grc' dir='ltr'><strong>σεν</strong></span> <span class='ocrx_word' id='word_1_681' title='bbox 397 4772 412 4786; x_wconf 88' lang='grc'><strong>·</strong></span> <span class='ocrx_word' id='word_1_682' title='bbox 454 4753 584 4823; x_wconf 79' lang='grc' dir='ltr'>ὕλης</span> <span class='ocrx_word' id='word_1_683' title='bbox 613 4750 722 4822; x_wconf 77' lang='grc' dir='ltr'><strong>γάρ</strong></span> <span class='ocrx_word' id='word_1_684' title='bbox 752 4749 830 4813; x_wconf 85' lang='grc' dir='ltr'><strong>είς</strong></span> <span class='ocrx_word' id='word_1_685' title='bbox 858 4747 918 4802; x_wconf 78' lang='grc' dir='ltr'>τὸ</span> <span class='ocrx_word' id='word_1_686' title='bbox 947 4744 1086 4799; x_wconf 79' lang='grc' dir='ltr'>εἰναι</span> <span class='ocrx_word' id='word_1_687' title='bbox 1117 4743 1212 4797; x_wconf 74' lang='grc' dir='ltr'>καὶ</span> <span class='ocrx_word' id='word_1_688' title='bbox 1249 4741 1443 4811; x_wconf 80' lang='grc' dir='ltr'>τέχνης</span> <span class='ocrx_word' id='word_1_689' title='bbox 1474 4736 1845 4808; x_wconf 79' lang='grc' dir='ltr'>προσδέονται.</span> 
     </span>
    </p>
   </div>
   <div class='ocr_carea' id='block_1_94' title="bbox 276 4820 1849 4914">
    <p class='ocr_par' dir='ltr' id='par_1_94' title="bbox 276 4820 1849 4914">
     <span class='ocr_line' id='line_1_94' title="bbox 276 4820 1849 4914; baseline -0.015 -14"><span class='ocrx_word' id='word_1_690' title='bbox 276 4843 395 4900; x_wconf 75' lang='grc' dir='ltr'><strong>Καὶ</strong></span> <span class='ocrx_word' id='word_1_691' title='bbox 421 4842 519 4914; x_wconf 78' lang='grc' dir='ltr'>τὴν</span> <span class='ocrx_word' id='word_1_692' title='bbox 540 4820 665 4914; x_wconf 65' lang='grc' dir='ltr'><strong>⁷μὲν</strong></span> <span class='ocrx_word' id='word_1_693' title='bbox 692 4820 836 4911; x_wconf 10' lang='grc' dir='ltr'>ἡῦλην</span> <span class='ocrx_word' id='word_1_694' title='bbox 878 4835 986 4892; x_wconf 81' lang='grc' dir='ltr'><strong>ἀπὸ</strong></span> <span class='ocrx_word' id='word_1_695' title='bbox 1014 4836 1115 4905; x_wconf 81' lang='grc' dir='ltr'>τῆς</span> <span class='ocrx_word' id='word_1_696' title='bbox 1161 4834 1263 4905; x_wconf 85' lang='grc' dir='ltr'>γῆς</span> <span class='ocrx_word' id='word_1_697' title='bbox 1307 4829 1691 4902; x_wconf 79' lang='grc' dir='ltr'>λαμϐάνοντες,</span> <span class='ocrx_word' id='word_1_698' title='bbox 1737 4820 1849 4878; x_wconf 71' lang='grc' dir='ltr'>οἷον</span> 
     </span>
    </p>
   </div>
   <div class='ocr_carea' id='block_1_95' title="bbox 279 4919 1848 5003">
    <p class='ocr_par' dir='ltr' id='par_1_95' title="bbox 279 4919 1848 5003">
     <span class='ocr_line' id='line_1_95' title="bbox 279 4919 1848 5003; baseline -0.013 -14"><span class='ocrx_word' id='word_1_699' title='bbox 279 4934 460 5002; x_wconf 81' lang='grc' dir='ltr'>ξύλον,</span> <span class='ocrx_word' id='word_1_700' title='bbox 492 4933 526 5003; x_wconf 84' lang='grc' dir='ltr'><strong>ἥ</strong></span> <span class='ocrx_word' id='word_1_701' title='bbox 552 4931 720 4995; x_wconf 91' lang='grc' dir='ltr'>λίθον,</span> <span class='ocrx_word' id='word_1_702' title='bbox 751 4929 785 5000; x_wconf 85' lang='grc' dir='ltr'>ἢ</span> <span class='ocrx_word' id='word_1_703' title='bbox 822 4927 1042 5001; x_wconf 83' lang='grc' dir='ltr'>χρυσὸν,</span> <span class='ocrx_word' id='word_1_704' title='bbox 1075 4925 1109 4998; x_wconf 80' lang='grc' dir='ltr'>ἢ</span> <span class='ocrx_word' id='word_1_705' title='bbox 1141 4924 1401 4995; x_wconf 80' lang='grc' dir='ltr'>ἄργυρον,</span> <span class='ocrx_word' id='word_1_706' title='bbox 1433 4923 1468 4992; x_wconf 75' lang='grc' dir='ltr'>ἢ</span> <span class='ocrx_word' id='word_1_707' title='bbox 1506 4919 1848 4989; x_wconf 85' lang='grc' dir='ltr'>κασσίτερον,</span> 
     </span>
    </p>
   </div>
   <div class='ocr_carea' id='block_1_96' title="bbox 275 5007 1853 5091">
    <p class='ocr_par' dir='ltr' id='par_1_96' title="bbox 275 5007 1853 5091">
     <span class='ocr_line' id='line_1_96' title="bbox 275 5007 1853 5091; baseline -0.013 -10"><span class='ocrx_word' id='word_1_708' title='bbox 275 5025 343 5081; x_wconf 80' lang='grc' dir='ltr'><strong>τδ</strong></span> <span class='ocrx_word' id='word_1_709' title='bbox 374 5024 433 5079; x_wconf 82' lang='grc' dir='ltr'>δὲ</span> <span class='ocrx_word' id='word_1_710' title='bbox 460 5018 597 5087; x_wconf 78' lang='grc' dir='ltr'>εἶδος</span> <span class='ocrx_word' id='word_1_711' title='bbox 622 5020 728 5076; x_wconf 82' lang='grc' dir='ltr'>ἀπὺ</span> <span class='ocrx_word' id='word_1_712' title='bbox 755 5020 857 5091; x_wconf 82' lang='grc' dir='ltr'>τῆς</span> <span class='ocrx_word' id='word_1_713' title='bbox 907 5018 1102 5089; x_wconf 81' lang='grc' dir='ltr'>τέχνης</span> <span class='ocrx_word' id='word_1_714' title='bbox 1136 5013 1541 5085; x_wconf 64' lang='grc' dir='ltr'>ἐρανιζόμενοι,</span> <span class='ocrx_word' id='word_1_715' title='bbox 1564 5009 1635 5063; x_wconf 75' lang='grc' dir='ltr'><strong>τά</strong></span> <span class='ocrx_word' id='word_1_716' title='bbox 1674 5007 1853 5080; x_wconf 87' lang='grc' dir='ltr'>χειρό-</span> 
     </span>
    </p>
   </div>
   <div class='ocr_carea' id='block_1_97' title="bbox 278 5103 1853 5189">
    <p class='ocr_par' dir='ltr' id='par_1_97' title="bbox 278 5103 1853 5189">
     <span class='ocr_line' id='line_1_97' title="bbox 278 5103 1853 5189; baseline -0.013 -15"><span class='ocrx_word' id='word_1_717' title='bbox 278 5136 472 5189; x_wconf 85' lang='grc' dir='ltr'>κμητα</span> <span class='ocrx_word' id='word_1_718' title='bbox 520 5113 825 5170; x_wconf 74' lang='grc' dir='ltr'>θεοποιοῦσι</span> <span class='ocrx_word' id='word_1_719' title='bbox 873 5111 986 5166; x_wconf 82' lang='grc' dir='ltr'><strong>τῶν</strong></span> <span class='ocrx_word' id='word_1_720' title='bbox 1025 5108 1179 5176; x_wconf 77' lang='grc' dir='ltr'>ζώων</span> <span class='ocrx_word' id='word_1_721' title='bbox 1215 5107 1531 5178; x_wconf 82' lang='grc' dir='ltr'>ἰνδάλματα.</span> <span class='ocrx_word' id='word_1_722' title='bbox 1581 5104 1691 5158; x_wconf 75' lang='grc' dir='ltr'><strong>Καὶ</strong></span> <span class='ocrx_word' id='word_1_723' title='bbox 1732 5103 1853 5154; x_wconf 84' lang='grc' dir='ltr'>ἐπι-</span> 
     </span>
    </p>
   </div>
   <div class='ocr_carea' id='block_1_98' title="bbox 283 5206 934 5283">
    <p class='ocr_par' dir='ltr' id='par_1_98' title="bbox 283 5206 934 5283">
     <span class='ocr_line' id='line_1_98' title="bbox 283 5206 934 5283; baseline -0.012 -18"><span class='ocrx_word' id='word_1_724' title='bbox 283 5210 441 5283; x_wconf 79' lang='grc' dir='ltr'>μένει</span> <span class='ocrx_word' id='word_1_725' title='bbox 459 5210 504 5243; x_wconf 78' lang='lat'><strong>”</strong></span> <span class='ocrx_word' id='word_1_726' title='bbox 531 5211 640 5273; x_wconf 85' lang='grc' dir='ltr'>τοῖς</span> <span class='ocrx_word' id='word_1_727' title='bbox 669 5206 934 5277; x_wconf 77' lang='grc' dir='ltr'>ἐλέγχοις.</span> 
     </span>
    </p>
   </div>
   <div class='ocr_carea' id='block_1_99' title="bbox 364 5376 1650 5453">
    <p class='ocr_par' dir='ltr' id='par_1_99' title="bbox 364 5376 1650 5453">
     <span class='ocr_line' id='line_1_99' title="bbox 364 5376 1650 5453; baseline -0.007 -13"><span class='ocrx_word' id='word_1_728' title='bbox 364 5401 406 5426; x_wconf 77' lang='grc' dir='ltr'>ι-</span> <span class='ocrx_word' id='word_1_729' title='bbox 436 5384 635 5440; x_wconf 85' lang='lat' dir='ltr'><strong>Ezech.</strong></span> <span class='ocrx_word' id='word_1_730' title='bbox 671 5397 805 5448; x_wconf 82' lang='lat' dir='ltr'><strong>xvu,</strong></span> <span class='ocrx_word' id='word_1_731' title='bbox 843 5381 895 5437; x_wconf 82' lang='lat'><strong>&#39;5.</strong></span> <span class='ocrx_word' id='word_1_732' title='bbox 973 5389 1002 5418; x_wconf 75' lang='grc' dir='ltr'><strong>η</strong></span> <span class='ocrx_word' id='word_1_733' title='bbox 1029 5379 1098 5435; x_wconf 88' lang='lat' dir='ltr'><strong>Ill</strong></span> <span class='ocrx_word' id='word_1_734' title='bbox 1117 5376 1251 5453; x_wconf 80' lang='lat' dir='ltr'><strong>Reg.</strong></span> <span class='ocrx_word' id='word_1_735' title='bbox 1291 5395 1371 5444; x_wconf 72' lang='grc' dir='ltr'>χι,</span> <span class='ocrx_word' id='word_1_736' title='bbox 1399 5377 1468 5433; x_wconf 74' lang='lat'><strong>29</strong></span> <span class='ocrx_word' id='word_1_737' title='bbox 1494 5393 1650 5447; x_wconf 87' lang='lat' dir='ltr'><strong>seqq.</strong></span> 
     </span>
    </p>
   </div>
   <div class='ocr_carea' id='block_1_100' title="bbox 1953 4534 3529 4631">
    <p class='ocr_par' dir='ltr' id='par_1_100' title="bbox 1953 4534 3529 4631">
     <span class='ocr_line' id='line_1_100' title="bbox 1953 4534 3529 4631; baseline -0.016 -15"><span class='ocrx_word' id='word_1_738' title='bbox 1953 4560 2080 4631; x_wconf 86' lang='lat' dir='ltr'><strong>quia</strong></span> <span class='ocrx_word' id='word_1_739' title='bbox 2109 4558 2378 4615; x_wconf 87' lang='lat' dir='ltr'><strong>seduceus</strong></span> <span class='ocrx_word' id='word_1_740' title='bbox 2434 4563 2553 4608; x_wconf 89' lang='lat' dir='ltr'><strong>erat</strong></span> <span class='ocrx_word' id='word_1_741' title='bbox 2593 4549 2800 4604; x_wconf 77' lang='lat' dir='ltr'><strong>vitulus</strong></span> <span class='ocrx_word' id='word_1_742' title='bbox 2823 4555 2972 4609; x_wconf 88' lang='lat' dir='ltr'><strong>tuus,</strong></span> <span class='ocrx_word' id='word_1_743' title='bbox 3006 4540 3273 4597; x_wconf 89' lang='lat' dir='ltr'><strong>Samaria.</strong></span> <span class='ocrx_word' id='word_1_744' title='bbox 3311 4557 3331 4591; x_wconf 71' lang='grc' dir='ltr'><strong>ι</strong></span> <span class='ocrx_word' id='word_1_745' title='bbox 3362 4534 3529 4590; x_wconf 80' lang='lat' dir='ltr'><strong>Valde</strong></span> 
     </span>
    </p>
   </div>
   <div class='ocr_carea' id='block_1_101' title="bbox 1956 4626 3526 4706">
    <p class='ocr_par' dir='ltr' id='par_1_101' title="bbox 1956 4626 3526 4706">
     <span class='ocr_line' id='line_1_101' title="bbox 1956 4626 3526 4706; baseline -0.016 0"><span class='ocrx_word' id='word_1_746' title='bbox 1956 4626 2135 4706; x_wconf 77' lang='lat' dir='ltr'><strong>autem</strong></span> <span class='ocrx_word' id='word_1_747' title='bbox 2161 4644 2571 4702; x_wconf 87' lang='lat' dir='ltr'><strong>accommodate</strong></span> <span class='ocrx_word' id='word_1_748' title='bbox 2600 4638 2871 4696; x_wconf 90' lang='lat' dir='ltr'><strong>idolorum</strong></span> <span class='ocrx_word' id='word_1_749' title='bbox 2899 4633 3272 4690; x_wconf 78' lang='lat' dir='ltr'><strong>inﬁrmitatem</strong></span> <span class='ocrx_word' id='word_1_750' title='bbox 3312 4626 3526 4689; x_wconf 65' lang='lat' dir='ltr'><strong>decisit.</strong></span> 
     </span>
    </p>
   </div>
   <div class='ocr_carea' id='block_1_102' title="bbox 1958 4719 3529 4797">
    <p class='ocr_par' dir='ltr' id='par_1_102' title="bbox 1958 4719 3529 4797">
     <span class='ocr_line' id='line_1_102' title="bbox 1958 4719 3529 4797; baseline -0.017 0"><span class='ocrx_word' id='word_1_751' title='bbox 1958 4743 2089 4797; x_wconf 79' lang='lat' dir='ltr'><strong>Nam</strong></span> <span class='ocrx_word' id='word_1_752' title='bbox 2125 4738 2349 4795; x_wconf 85' lang='lat' dir='ltr'><strong>materia</strong></span> <span class='ocrx_word' id='word_1_753' title='bbox 2394 4743 2448 4791; x_wconf 90' lang='lat' dir='ltr'><strong>et</strong></span> <span class='ocrx_word' id='word_1_754' title='bbox 2490 4733 2813 4793; x_wconf 83' lang='lat' dir='ltr'><strong>artiﬁcio.ut</strong></span> <span class='ocrx_word' id='word_1_755' title='bbox 2844 4727 3137 4791; x_wconf 80' lang='lat' dir='ltr'><strong>exsistant,</strong></span> <span class='ocrx_word' id='word_1_756' title='bbox 3170 4721 3431 4792; x_wconf 88' lang='lat' dir='ltr'><strong>indigent.</strong></span> <span class='ocrx_word' id='word_1_757' title='bbox 3459 4719 3529 4774; x_wconf 81' lang='lat' dir='ltr'><strong>Et</strong></span> 
     </span>
    </p>
   </div>
   <div class='ocr_carea' id='block_1_103' title="bbox 3136 4812 3529 4883">
    <p class='ocr_par' dir='ltr' id='par_1_103' title="bbox 3136 4812 3529 4883">
     <span class='ocr_line' id='line_1_103' title="bbox 3136 4812 3529 4883; baseline -0.015 -14"><span class='ocrx_word' id='word_1_758' title='bbox 3136 4855 3153 4877; x_wconf 87' lang='lat'><strong><em>.</em></strong></span> <span class='ocrx_word' id='word_1_759' title='bbox 3206 4822 3267 4868; x_wconf 86' lang='lat' dir='ltr'><strong>ut</strong></span> <span class='ocrx_word' id='word_1_760' title='bbox 3294 4812 3529 4883; x_wconf 83' lang='lat' dir='ltr'><strong>lignum,</strong></span> 
     </span>
    </p>
   </div>
   <div class='ocr_carea' id='block_1_104' title="bbox 1955 4903 3526 4994">
    <p class='ocr_par' dir='ltr' id='par_1_104' title="bbox 1955 4903 3526 4994">
     <span class='ocr_line' id='line_1_104' title="bbox 1955 4903 3526 4994; baseline -0.017 -15"><span class='ocrx_word' id='word_1_761' title='bbox 1955 4924 2222 4994; x_wconf 83' lang='lat' dir='ltr'><strong>lapidem,</strong></span> <span class='ocrx_word' id='word_1_762' title='bbox 2256 4936 2477 4985; x_wconf 85' lang='lat' dir='ltr'><strong>aurum,</strong></span> <span class='ocrx_word' id='word_1_763' title='bbox 2519 4923 2827 4987; x_wconf 88' lang='lat' dir='ltr'><strong>argentum,</strong></span> <span class='ocrx_word' id='word_1_764' title='bbox 2865 4909 3238 4982; x_wconf 82' lang='lat' dir='ltr'><strong>plumbumve,</strong></span> <span class='ocrx_word' id='word_1_765' title='bbox 3294 4903 3526 4959; x_wconf 78' lang='lat' dir='ltr'><strong>formam</strong></span> 
     </span>
    </p>
   </div>
   <div class='ocr_carea' id='block_1_105' title="bbox 1957 4992 3527 5084">
    <p class='ocr_par' dir='ltr' id='par_1_105' title="bbox 1957 4992 3527 5084">
     <span class='ocr_line' id='line_1_105' title="bbox 1957 4992 3527 5084; baseline -0.017 -13"><span class='ocrx_word' id='word_1_766' title='bbox 1957 4992 2087 5071; x_wconf 80' lang='lat' dir='ltr'><strong>vero</strong></span> <span class='ocrx_word' id='word_1_767' title='bbox 2133 5014 2202 5068; x_wconf 90' lang='lat' dir='ltr'><strong>ab</strong></span> <span class='ocrx_word' id='word_1_768' title='bbox 2238 5010 2453 5084; x_wconf 60' lang='lat'><strong>1358</strong></span> <span class='ocrx_word' id='word_1_769' title='bbox 2492 5017 2610 5063; x_wconf 89' lang='lat' dir='ltr'><strong>arte</strong></span> <span class='ocrx_word' id='word_1_770' title='bbox 2668 5003 3101 5066; x_wconf 86' lang='lat' dir='ltr'><strong>emendicantes,</strong></span> <span class='ocrx_word' id='word_1_771' title='bbox 3165 5012 3331 5053; x_wconf 90' lang='lat' dir='ltr'><strong>manu</strong></span> <span class='ocrx_word' id='word_1_772' title='bbox 3385 4992 3527 5048; x_wconf 79' lang='lat' dir='ltr'><strong>facta</strong></span> 
     </span>
    </p>
   </div>
   <div class='ocr_carea' id='block_1_106' title="bbox 1957 5086 3527 5161">
    <p class='ocr_par' dir='ltr' id='par_1_106' title="bbox 1957 5086 3527 5161">
     <span class='ocr_line' id='line_1_106' title="bbox 1957 5086 3527 5161; baseline -0.015 0"><span class='ocrx_word' id='word_1_773' title='bbox 1957 5105 2251 5161; x_wconf 87' lang='lat' dir='ltr'><strong>simulacra</strong></span> <span class='ocrx_word' id='word_1_774' title='bbox 2312 5100 2633 5158; x_wconf 89' lang='lat' dir='ltr'><strong>animalium</strong></span> <span class='ocrx_word' id='word_1_775' title='bbox 2699 5095 2908 5151; x_wconf 79' lang='lat' dir='ltr'><strong>faciunt</strong></span> <span class='ocrx_word' id='word_1_776' title='bbox 2958 5090 3065 5148; x_wconf 80' lang='lat' dir='ltr'><strong>sibi</strong></span> <span class='ocrx_word' id='word_1_777' title='bbox 3122 5089 3276 5145; x_wconf 88' lang='lat' dir='ltr'><strong>deos.</strong></span> <span class='ocrx_word' id='word_1_778' title='bbox 3305 5086 3371 5142; x_wconf 78' lang='lat' dir='ltr'><strong>Et</strong></span> <span class='ocrx_word' id='word_1_779' title='bbox 3404 5100 3527 5155; x_wconf 81' lang='lat' dir='ltr'><strong>per-</strong></span> 
     </span>
    </p>
   </div>
   <div class='ocr_carea' id='block_1_107' title="bbox 1957 5192 2743 5267">
    <p class='ocr_par' dir='ltr' id='par_1_107' title="bbox 1957 5192 2743 5267">
     <span class='ocr_line' id='line_1_107' title="bbox 1957 5192 2743 5267; baseline -0.017 -12"><span class='ocrx_word' id='word_1_780' title='bbox 1957 5198 2158 5255; x_wconf 87' lang='lat' dir='ltr'><strong>sistens</strong></span> <span class='ocrx_word' id='word_1_781' title='bbox 2185 5197 2240 5252; x_wconf 91' lang='lat' dir='ltr'><strong>in</strong></span> <span class='ocrx_word' id='word_1_782' title='bbox 2275 5192 2702 5267; x_wconf 84' lang='lat' dir='ltr'><strong>reprehensione</strong></span> <span class='ocrx_word' id='word_1_783' title='bbox 2726 5206 2743 5242; x_wconf 87' lang='lat'><strong>:</strong></span> 
     </span>
    </p>
   </div>
   <div class='ocr_carea' id='block_1_108' title="bbox 1558 5512 2210 5585">
    <p class='ocr_par' dir='ltr' id='par_1_108' title="bbox 1558 5512 2210 5585">
     <span class='ocr_line' id='line_1_108' title="bbox 1558 5512 2210 5585; baseline -0.014 0"><span class='ocrx_word' id='word_1_784' title='bbox 1558 5528 1794 5585; x_wconf 59' lang='lat' dir='ltr'><strong>vnum</strong></span> <span class='ocrx_word' id='word_1_785' title='bbox 1827 5512 2210 5581; x_wconf 63' lang='lat' dir='ltr'><strong>moriones</strong></span> 
     </span>
    </p>
   </div>
   <div class='ocr_carea' id='block_1_109' title="bbox 356 5605 888 5664">
    <p class='ocr_par' dir='ltr' id='par_1_109' title="bbox 356 5605 888 5664">
     <span class='ocr_line' id='line_1_109' title="bbox 356 5605 888 5664; baseline -0.009 1"><span class='ocrx_word' id='word_1_786' title='bbox 356 5610 403 5645; x_wconf 78' lang='grc'><strong>⁸⁸</strong></span> <span class='ocrx_word' id='word_1_787' title='bbox 429 5609 541 5664; x_wconf 90' lang='grc' dir='ltr'>τόν.</span> <span class='ocrx_word' id='word_1_788' title='bbox 586 5608 709 5663; x_wconf 85' lang='lat' dir='ltr'><strong>Des.</strong></span> <span class='ocrx_word' id='word_1_789' title='bbox 741 5608 795 5661; x_wconf 87' lang='lat' dir='ltr'><strong>in</strong></span> <span class='ocrx_word' id='word_1_790' title='bbox 823 5605 888 5661; x_wconf 92' lang='lat' dir='ltr'><strong>C.</strong></span> 
     </span>
    </p>
   </div>
   <div class='ocr_carea' id='block_1_110' title="bbox 281 5674 1616 5764">
    <p class='ocr_par' dir='ltr' id='par_1_110' title="bbox 281 5674 1616 5764">
     <span class='ocr_line' id='line_1_110' title="bbox 281 5674 1616 5764; baseline -0.007 -28"><span class='ocrx_word' id='word_1_791' title='bbox 281 5694 482 5764; x_wconf 64' lang='lat' dir='ltr'><strong>pauca.</strong></span> <span class='ocrx_word' id='word_1_792' title='bbox 532 5678 700 5764; x_wconf 57' lang='grc' dir='ltr'><strong>ξξνξξι.</strong></span> <span class='ocrx_word' id='word_1_793' title='bbox 731 5676 1129 5764; x_wconf 39' lang='lat' dir='ltr'><strong>ﬂagitet/093w.</strong></span> <span class='ocrx_word' id='word_1_794' title='bbox 1204 5676 1249 5707; x_wconf 73' lang='grc'><strong>’³</strong></span> <span class='ocrx_word' id='word_1_795' title='bbox 1277 5674 1488 5764; x_wconf 49' lang='grc' dir='ltr'>ϐηπρός</span> <span class='ocrx_word' id='word_1_796' title='bbox 1528 5691 1616 5753; x_wconf 64' lang='grc' dir='ltr'><strong>με.</strong></span> 
     </span>
    </p>
   </div>
   <div class='ocr_carea' id='block_1_111' title="bbox 288 5742 1684 5818">
    <p class='ocr_par' dir='ltr' id='par_1_111' title="bbox 288 5742 1684 5818">
     <span class='ocr_line' id='line_1_111' title="bbox 288 5742 1684 5818; baseline -0.009 -10"><span class='ocrx_word' id='word_1_797' title='bbox 288 5742 427 5809; x_wconf 66' lang='lat' dir='ltr'><strong>ibid.</strong></span> <span class='ocrx_word' id='word_1_798' title='bbox 540 5751 585 5783; x_wconf 76' lang='grc'><strong>⁸⁷</strong></span> <span class='ocrx_word' id='word_1_799' title='bbox 616 5747 694 5806; x_wconf 86' lang='lat' dir='ltr'><strong>Ib.</strong></span> <span class='ocrx_word' id='word_1_800' title='bbox 731 5742 934 5818; x_wconf 76' lang='grc' dir='ltr'>Ἀχίαν.</span> <span class='ocrx_word' id='word_1_801' title='bbox 1010 5746 1056 5780; x_wconf 67' lang='grc'><strong>’⁸</strong></span> <span class='ocrx_word' id='word_1_802' title='bbox 1085 5762 1282 5817; x_wconf 78' lang='grc' dir='ltr'>προσφ.</span> <span class='ocrx_word' id='word_1_803' title='bbox 1319 5744 1358 5797; x_wconf 82' lang='lat' dir='ltr'>C</span> <span class='ocrx_word' id='word_1_804' title='bbox 1393 5742 1575 5814; x_wconf 64' lang='lat' dir='ltr'><strong>prtem.</strong></span> <span class='ocrx_word' id='word_1_805' title='bbox 1608 5742 1684 5795; x_wconf 79' lang='grc' dir='ltr'>δέ.</span> 
     </span>
    </p>
   </div>
   <div class='ocr_carea' id='block_1_112' title="bbox 985 5597 2254 5672">
    <p class='ocr_par' dir='ltr' id='par_1_112' title="bbox 985 5597 2254 5672">
     <span class='ocr_line' id='line_1_112' title="bbox 985 5597 2254 5672; baseline 0 -24"><span class='ocrx_word' id='word_1_806' title='bbox 985 5606 1030 5639; x_wconf 67' lang='grc' dir='ltr'><strong>ὀ</strong></span> <span class='ocrx_word' id='word_1_807' title='bbox 1061 5605 1170 5660; x_wconf 77' lang='grc' dir='ltr'>τοῦ,</span> <span class='ocrx_word' id='word_1_808' title='bbox 1211 5605 1283 5658; x_wconf 72' lang='lat' dir='ltr'><strong>Ex</strong></span> <span class='ocrx_word' id='word_1_809' title='bbox 1314 5605 1355 5659; x_wconf 82' lang='lat' dir='ltr'><strong>C.</strong></span> <span class='ocrx_word' id='word_1_810' title='bbox 1393 5603 1571 5672; x_wconf 82' lang='lat' dir='ltr'><strong>suppl.</strong></span> <span class='ocrx_word' id='word_1_811' title='bbox 1646 5601 1834 5672; x_wconf 10' lang='lat' dir='ltr'><strong>&quot;idet.</strong></span> <span class='ocrx_word' id='word_1_812' title='bbox 1866 5599 1946 5652; x_wconf 75' lang='lat' dir='ltr'><strong>Ib.</strong></span> <span class='ocrx_word' id='word_1_813' title='bbox 1975 5612 2170 5672; x_wconf 60' lang='lat' dir='ltr'><strong>praem.</strong></span> <span class='ocrx_word' id='word_1_814' title='bbox 2207 5597 2254 5648; x_wconf 92' lang='grc' dir='ltr'>ὁ.</span> 
     </span>
    </p>
   </div>
   <div class='ocr_carea' id='block_1_113' title="bbox 1693 5646 3373 5736">
    <p class='ocr_par' dir='ltr' id='par_1_113' title="bbox 1693 5646 3373 5736">
     <span class='ocr_line' id='line_1_113' title="bbox 1693 5646 3373 5736; baseline -0.011 -14"><span class='ocrx_word' id='word_1_815' title='bbox 1693 5671 1738 5702; x_wconf 68' lang='grc'><strong>⁸³</strong></span> <span class='ocrx_word' id='word_1_816' title='bbox 1778 5670 1924 5722; x_wconf 77' lang='grc' dir='ltr'>ἐπικ.</span> <span class='ocrx_word' id='word_1_817' title='bbox 1974 5646 2050 5720; x_wconf 73' lang='grc' dir='ltr'>ιῖι.</span> <span class='ocrx_word' id='word_1_818' title='bbox 2089 5646 2276 5734; x_wconf 67' lang='lat' dir='ltr'><strong>praua.</strong></span> <span class='ocrx_word' id='word_1_819' title='bbox 2322 5667 2480 5736; x_wconf 78' lang='grc' dir='ltr'>ἐμήν.</span> <span class='ocrx_word' id='word_1_820' title='bbox 2553 5665 2599 5695; x_wconf 74' lang='grc'>’³</span> <span class='ocrx_word' id='word_1_821' title='bbox 2630 5660 2757 5714; x_wconf 84' lang='grc' dir='ltr'>τῶν.</span> <span class='ocrx_word' id='word_1_822' title='bbox 2802 5657 2923 5712; x_wconf 89' lang='lat' dir='ltr'><strong>Des.</strong></span> <span class='ocrx_word' id='word_1_823' title='bbox 2959 5646 3017 5709; x_wconf 74' lang='lat' dir='ltr'><strong>in</strong></span> <span class='ocrx_word' id='word_1_824' title='bbox 3057 5650 3121 5705; x_wconf 89' lang='lat' dir='ltr'><strong>C.</strong></span> <span class='ocrx_word' id='word_1_825' title='bbox 3207 5646 3252 5679; x_wconf 78' lang='lat'>“</span> <span class='ocrx_word' id='word_1_826' title='bbox 3287 5653 3373 5706; x_wconf 72' lang='grc' dir='ltr'><strong>με·</strong></span> 
     </span>
    </p>
   </div>
   <div class='ocr_carea' id='block_1_114' title="bbox 1764 5737 2187 5808">
    <p class='ocr_par' dir='ltr' id='par_1_114' title="bbox 1764 5737 2187 5808">
     <span class='ocr_line' id='line_1_114' title="bbox 1764 5737 2187 5808; baseline -0.012 -15"><span class='ocrx_word' id='word_1_827' title='bbox 1764 5741 1808 5773; x_wconf 68' lang='lat'><strong>”</strong></span> <span class='ocrx_word' id='word_1_828' title='bbox 1836 5738 1875 5793; x_wconf 70' lang='grc' dir='ltr'><strong>(ἶ</strong></span> <span class='ocrx_word' id='word_1_829' title='bbox 1897 5737 2187 5808; x_wconf 76' lang='grc' dir='ltr'>ἐπιμένων.</span> 
     </span>
    </p>
   </div>
   <div class='ocr_carea' id='block_1_115' title="bbox 2361 5576 3527 5696">
    <p class='ocr_par' dir='ltr' id='par_1_115' title="bbox 2361 5576 3527 5696">
     <span class='ocr_line' id='line_1_115' title="bbox 2361 5576 3527 5696; baseline -0.021 -48"><span class='ocrx_word' id='word_1_830' title='bbox 2361 5595 2406 5627; x_wconf 74' lang='grc' dir='ltr'>θ’</span> <span class='ocrx_word' id='word_1_831' title='bbox 2447 5594 2540 5646; x_wconf 84' lang='grc' dir='ltr'>ὑπ.</span> <span class='ocrx_word' id='word_1_832' title='bbox 2571 5591 2646 5645; x_wconf 91' lang='lat' dir='ltr'><strong>lta</strong></span> <span class='ocrx_word' id='word_1_833' title='bbox 2682 5603 2806 5643; x_wconf 87' lang='lat' dir='ltr'><strong>cum</strong></span> <span class='ocrx_word' id='word_1_834' title='bbox 2835 5587 2876 5639; x_wconf 91' lang='lat' dir='ltr'>C</span> <span class='ocrx_word' id='word_1_835' title='bbox 2905 5584 3132 5666; x_wconf 75' lang='lat' dir='ltr'><strong>legimus</strong></span> <span class='ocrx_word' id='word_1_836' title='bbox 3165 5578 3219 5633; x_wconf 79' lang='lat' dir='ltr'><strong>lt.</strong></span> <span class='ocrx_word' id='word_1_837' title='bbox 3252 5576 3289 5628; x_wconf 90' lang='grc'>1.</span> <span class='ocrx_word' id='word_1_838' title='bbox 3321 5584 3371 5628; x_wconf 87' lang='lat' dir='ltr'><strong>et</strong></span> <span class='ocrx_word' id='word_1_839' title='bbox 3400 5580 3527 5696; x_wconf 57' lang='lat' dir='ltr'><strong>82st</strong></span> 
     </span>
     <span class='ocr_line' id='line_1_116' title="bbox 2361 5646 3524 5696; baseline -0.014 0"><span class='ocrx_word' id='word_1_840' title='bbox 2361 5667 2458 5696; x_wconf 67' lang='grc' dir='ltr'>...ιη</span> <span class='ocrx_word' id='word_1_841' title='bbox 2553 5665 2599 5695; x_wconf 71' lang='lat' dir='ltr'><strong>tu</strong></span> <span class='ocrx_word' id='word_1_842' title='bbox 2630 5660 2736 5696; x_wconf 69' lang='grc' dir='ltr'><strong>ρ-,τιυ</strong></span> <span class='ocrx_word' id='word_1_843' title='bbox 2803 5657 2921 5696; x_wconf 56' lang='grc' dir='ltr'><strong>ΠΜ,</strong></span> <span class='ocrx_word' id='word_1_844' title='bbox 2966 5670 3017 5696; x_wconf 78' lang='grc' dir='ltr'><strong>..ι</strong></span> <span class='ocrx_word' id='word_1_845' title='bbox 3057 5650 3121 5696; x_wconf 64' lang='grc' dir='ltr'><strong>(ἶ,</strong></span> <span class='ocrx_word' id='word_1_846' title='bbox 3207 5646 3252 5679; x_wconf 72' lang='grc' dir='ltr'>σθ</span> <span class='ocrx_word' id='word_1_847' title='bbox 3287 5653 3373 5696; x_wconf 86' lang='grc' dir='ltr'><strong>με,</strong></span> <span class='ocrx_word' id='word_1_848' title='bbox 3476 5657 3524 5696; x_wconf 76' lang='grc' dir='ltr'>ε,</span> 
     </span>
    </p>
   </div>
  </div>
