3912 6206
470 334 606 401 1595

1447 340 1931 406 TIIEODORETI
1969 342 2306 402 EPISCOPI
2330 343 2692 402 CYRENSIS

3549 342 3667 410 1596-

537 455 704 508 Vens.
733 453 786 507 7.
820 473 838 505 ‹
860 452 1017 519 Quia,
1040 454 1239 524 inquit,
1259 464 1521 524 corrupta
1549 465 1710 510 vento
1733 457 2038 512 seminave-

2213 458 2278 522 ζ’.
2328 476 2346 509 ι
2368 459 2488 510 Ὅτι
2519 454 2923 527 ἀνεμόφθορα¹,
2957 453 3140 525 φησὶν,
3168 452 3506 524 συνέσπειραν
3519 456 3556 523 ⁸,
3586 460 3661 513 καὶ

466 558 598 604 runt
623 558 704 604 :et
731 547 1019 631 subversio
1045 551 1058 568 ‘
1093 563 1282 602 eorum
1319 549 1581 619 suscipiet
1598 566 1661 604 ea
1687 569 1700 604 :
1728 552 2039 622 manipulus

466 656 576 696 non
603 640 810 694 habens
831 639 994 705 vires,
1024 646 1082 693 ut
1116 638 1280 693 faciat
1311 638 1541 694 farinam
1574 642 1755 711 :quod
1787 643 1833 696 si
1858 650 2037 696 autem

467 731 674 795 fecerit,
705 729 867 785 alieni
901 729 1187 785 comedent
1241 714 1385 785 eam.
1420 750 1438 782 ι
1477 730 1694 786 Nullum
1732 733 1877 787 enim
1931 731 2042 786 fru-

467 834 635 889 ctum,
667 821 764 886 ait,
797 837 865 876 ex
895 821 1161 877 idolorum
1191 824 1457 878 servitute
1489 824 1793 893 percipitis,
1827 824 1921 879 sed
1948 839 2041 879 eo-

467 926 586 965 rum
616 902 885 982 manipuli'
918 912 1124 967 similes
1168 921 1299 967 sunt
1340 924 1499 968 vento
1539 917 1814 983 corruptis
1846 915 2042 985 spicis,

465 1016 587 1074 quae
642 1003 869 1072 vaginas
916 1005 1260 1059 extrinsecus
1295 1006 1483 1075 plenas
1539 1006 1861 1073 ostendunt,
1927 1007 2043 1061 fru-

464 1103 709 1150 mentum
739 1096 1037 1151 verointus
1072 1111 1180 1151 non
1212 1097 1436 1151 habent.
1475 1096 1625 1152 Talis
1661 1106 1745 1153 est
1770 1099 2040 1153 idolorum

465 1201 686 1256 quoque
714 1193 932 1252 natura,
961 1203 1083 1257 qua:
1109 1187 1346 1257 speciem
1376 1194 1469 1242 aut
1504 1188 1609 1243 viri
1639 1197 1733 1242 aut
1768 1188 2037 1253 mulieris,

466 1284 561 1330 aut
593 1276 791 1339 leonis,
822 1284 915 1330 aut
934 1277 1074 1333 alius
1102 1277 1391 1346 cujusdam
1433 1277 1687 1331 animalis
1714 1279 1782 1333 ab
1805 1279 2040 1333 artiﬁcio

467 1367 770 1437 accipiunt,
789 1368 935 1423 omni
958 1378 1138 1422 autem
1162 1369 1360 1424 robore
1378 1377 1433 1424 et
1456 1369 1671 1423 actione
1693 1378 1821 1424 sunt
1841 1385 2034 1424 vacua.

463 1456 757 1524 Quocirca,
799 1459 1003 1529 inquit,
1031 1459 1195 1527 simul
1233 1474 1357 1514 cum
1400 1460 1709 1515 cultoribus
1756 1461 1872 1517 suis
1906 1478 2034 1532 per-

466 1549 623 1603 ibunt
647 1568 660 1602 :
686 1565 810 1603 nam
848 1570 865 1602 ι
888 1550 1174 1606 subversio
1194 1566 1407 1618 eorum,
1432 1552 1633 1623 inquit,
1661 1565 1725 1605 ea
1752 1552 2038 1623 suscipiet,

463 1648 631 1711 atque
660 1640 821 1696 alieni
862 1641 1152 1698 comedent
1180 1657 1267 1697 ea.
1288 1660 1309 1693 ι

2140 550 2173 618 ἠ
2206 546 2557 620 καταστροφὴ
2600 544 2781 599 αὐτῶν
2823 543 3099 609 ἐκδέξεται
3138 542 3310 596 αὑτά·
3359 540 3558 614 δράγμα
3580 547 3663 601 οὐκ

2142 639 2263 710 ἔχον
2292 640 2447 710 ίσχὺν
2474 639 2569 691 τοῦ
2594 637 2818 708 ποιῆσαι
2845 636 3069 707 ἄλευρον
3089 634 3109 666 ³
3134 651 3147 663 ·
3177 633 3271 687 ἐὰν
3296 634 3351 687 δὲ
3371 634 3457 688 καί
3475 638 3661 709 ποιήσῃ,

2140 731 2411 802 ἀλλότριοι
2444 730 2854 798 καταφάγονται
2885 724 3017 779 αὐτό
3037 725 3079 778 ⁸.
3111 742 3129 775 ι
3163 724 3360 777 Οὐδένα
3388 723 3506 793 γὰρ,
3536 727 3666 796 φησι,

2142 822 2352 892 καρπὸν
2377 823 2441 874 ἐκ
2464 821 2563 891 τῆς
2586 819 2697 872 τῶν
2720 817 2956 872 εἰδώλων
2976 815 3240 887 δρέπεσθε
3259 814 3553 885 θεραπείας,
3573 817 3665 871 ἀλλ’

2141 912 2283 966 ἔοικε
2315 912 2384 966 τά
2413 911 2636 965 ἐκείνων
2662 912 2953 981 δράγματα
2977 907 3365 978 ἀνεμοφθόροις
3387 908 3663 976 ἀστάχυσιν,

2141 1004 2192 1058 οἳ
2216 1003 2316 1067 τὰς
2342 1004 2442 1074 μὲν
2477 1002 2650 1070 θήκας
2678 1001 2908 1074 πλήρεις
2928 999 3268 1054 δεικνύουσιν
3296 996 3500 1062 ἔξωθεν,
3522 997 3601 1050 τὸν
3620 997 3666 1051 ἃ

2142 1097 2288 1148 σῖτον
2314 1094 2460 1147 ἔνδον
2490 1095 2592 1146 οὐκ
2616 1082 2833 1163 ἔχουσι,
2870 1090 3106 1160 Τοιαύτη
3139 1090 3197 1142 δέ
3227 1090 3321 1142 καὶ
3352 1084 3666 1142 τῶνείδώλων

2139 1189 2174 1257 ή
2202 1186 2365 1255 φύσις
2390 1202 2403 1217 ’
2451 1186 2514 1238 τὸ
2546 1185 2644 1257 μὲν
2678 1186 2789 1256 γὰρ
2819 1183 3144 1254 φαινόμενον
3176 1176 3335 1246 εἶδος,
3369 1180 3401 1250 ἦ
3427 1180 3667 1250 ἀνδρὸς,ἢ

2140 1279 2419 1347 γυναικὸς,
2454 1278 2488 1349 ἢ
2518 1278 2751 1341 λέοντος,
2786 1276 2819 1348 ἦ
2855 1275 3014 1330 ἄλλου
3058 1272 3203 1337 τινὸς
3244 1271 3350 1326 τῶν
3383 1270 3542 1335 ζώων,
3581 1270 3666 1325 ἀπὺ

2139 1371 2239 1441 τῆς
2283 1370 2481 1442 τέχνης
2527 1368 2834 1440 λαμϐάνειο
2886 1368 3067 1438 πάσης
3108 1365 3167 1419 δὲ
3209 1364 3386 1436 ἰσχύος
3427 1365 3513 1418 καὶ
3546 1367 3667 1436 ἐνερο

2140 1463 2293 1533 γείας
2323 1464 2660 1533 καθέστηκεν
2691 1462 2914 1533 ἕρημος.
2951 1460 3043 1512 Διδ
3074 1459 3170 1514 καὶ
3200 1458 3356 1522 αὐτὰ,
3391 1456 3533 1528 φησὶ,
3559 1457 3666 1526 μετά

2138 1557 2248 1610 τῶν
2295 1555 2749 1626 προσκυνούντων
2800 1553 3229 1623 διαφθαρήσεται
3255 1567 3270 1580 ·
3313 1552 3348 1620 ἡ
3391 1548 3493 1619 γὰρ
3528 1565 3666 1602 κατα-

2143 1648 2349 1719 στροφὴ
2381 1647 2581 1715 αὐτῶν,
2613 1649 2798 1717 φησὶν,
2829 1645 3104 1711 ἐκδέξεται
3133 1643 3293 1708 αὐτὰ,
3321 1643 3414 1696 καὶ
3440 1641 3667 1711 ἀλλότριοι

2112 1736 2117 1741 ’
2145 1741 2554 1809 καταφάγονται
2584 1738 2742 1793 αὐτά.

535 1814 701 1872 Vens.
733 1817 784 1872 8.
815 1814 871 1870 9.
902 1815 1234 1873 (Devoratus
1256 1825 1340 1874 est
1360 1818 1523 1874 Israel
1553 1838 1739 1877 :nunc
1758 1822 1937 1878 factus
1957 1832 2038 1879 est

2209 1839 2282 1902 η’,
2316 1831 2380 1885 θ’.
2427 1851 2446 1883 ι
2474 1831 2764 1901 Κατεπόθη
2808 1830 3065 1901 Ἰσραήλ·
3114 1828 3211 1881 νῦν
3254 1826 3462 1896 ἐγένετο
3493 1827 3543 1878 έν
3579 1828 3667 1888 τοῖς

374 1984 378 1989 ἱ
465 1908 523 1963 in
562 1909 872 1964 nationibus
905 1910 1065 1979 quasi
1093 1925 1191 1965 vas
1215 1911 1426 1966 inutile.
1460 1912 1599 1980 Quia
1631 1915 1737 1984 ipsi
1769 1917 2039 1973 ascende-

466 2010 596 2053 runt
622 2000 688 2055 ad
722 2001 997 2072 Assyrios.
1025 2020 1043 2052 ι
1076 2001 1318 2073 Assyriis
1347 2003 1516 2068 enim,
1553 2019 1787 2074 quorum
1833 2007 2038 2062 auxilia

464 2092 911 2163 (ﬂagitaverant,
976 2093 1029 2146 in
1078 2094 1421 2149 servitutem
1460 2097 1771 2165 tradentur,
1826 2100 2039 2154 nullum

468 2187 576 2240 Deo
603 2185 935 2240 sacriﬁcium
977 2194 1320 2256 peragentes,
1351 2203 1526 2257 neque
1563 2188 1699 2244 festa
1735 2192 2038 2247 secundum

465 2276 636 2346 legem
700 2276 1054 2331 celebrantes.
1105 2294 1125 2328 ι
1168 2275 1236 2329 Ει
1288 2279 1618 2346 germinavit
1656 2282 1802 2353 apud
1841 2291 2043 2339 semet-

466 2366 670 2435 ipsum.
687 2364 816 2421 »Per
840 2382 926 2421 me
945 2368 1088 2421 enim
1107 2384 1230 2422 cum
1250 2370 1583 2426 excrevisset
1603 2380 1656 2427 et
1677 2388 1829 2430 more
1842 2374 2041 2445 planta

463 2458 844 2529 germinasset,
875 2472 906 2514 a
928 2459 1032 2527 mei
1065 2460 1248 2517 studio
1274 2461 1513 2532 sejunxit
1543 2479 1691 2524 sese.

540 2659 561 2691 ι
592 2638 852 2710 Ephraim
890 2624 1133 2696 munera,
1169 2641 1381 2697 dilexit.
1444 2643 1464 2715 (
1485 2646 1648 2701 Vens.
1687 2647 2043 2719 l0.)Idcirco

461 2730 746 2786 tradentur
784 2731 836 2785 in
876 2732 1161 2809 gentibus.
1193 2752 1213 2785 ι
1251 2731 1367 2789 Νοη
1400 2735 1560 2791 bonis
1613 2747 1898 2810 saturatus
1934 2751 2040 2808 est,

462 2821 562 2878 sed
588 2823 710 2892 plus
749 2837 965 2892 semper
996 2825 1223 2903 appetiit
1254 2843 1267 2880 :
1298 2842 1468 2896 quare
1511 2829 1564 2882 in
1598 2832 1923 2887 servitutem
1958 2849 2042 2887 re-

463 2912 702 2984 digetur.
746 2912 932 2967 «Nunc
963 2914 1257 2983 suscipiam
1292 2931 1406 2971 eos.
1445 2918 1529 2972 »Ιά
1560 2928 1669 2984 est,
1705 2921 1761 2974 in
1801 2921 2041 2976 hostium

462 3005 705 3075 regione.
746 3022 765 3056 ι
796 3004 862 3059 Ει
895 3006 1180 3074 quiescent
1227 3006 1446 3079 1349
1481 3024 1695 3078 parum,
1738 3020 1797 3065 ut
1830 3022 2040 3084 ungant

463 3112 645 3169 regem
685 3105 736 3154 et
773 3097 1071 3167 principes.
1104 3116 1122 3149 ι
1158 3096 1223 3151 Et
1254 3100 1347 3168 qui
1384 3101 1449 3155 ab
1483 3102 1591 3156 alio
1624 3103 1810 3174 'magis
1872 3121 2036 3175 (piam

463 3204 496 3243 a
538 3203 625 3244 me
652 3188 768 3259 regi
815 3189 1131 3255 voluerunt,
1177 3190 1280 3244 sub
1323 3190 1674 3263 Assyriorum
1712 3204 2039 3265 potestatem

462 3280 798 3352 redigentur,
828 3296 931 3336 nec
966 3281 1022 3335 in
1052 3289 1332 3352 posterum
1364 3284 1469 3340 sibi
1508 3303 1666 3357 reges
1705 3289 1905 3361 eligere
1937 3306 2040 3360 po-

462 3378 674 3427 terunt.

532 3550 700 3610 Vans.
732 3557 819 3611 Η.
868 3575 887 3609 ι
911 3557 1051 3625 Quia
1088 3559 1469 3632 multiplicavit
1512 3558 1770 3631 Ephraim
1802 3560 2035 3615 altaria:

463 3641 520 3695 in
560 3652 848 3713 peccatum
880 3647 1024 3704 facta
1071 3660 1202 3705 sunt
1235 3652 1283 3706 ei
1317 3652 1510 3705 altaria
1556 3652 1780 3706 dilecta.
1826 3671 1843 3703 υ
1880 3650 2034 3716 Jure,

463 3733 562 3797 ait,
593 3747 814 3791 cessare
841 3736 1041 3793 faciam
1068 3740 1319 3811 iniquum
1351 3741 1474 3810 ejus
1503 3757 1730 3811 regnum
1761 3759 1775 3807 ;
1812 3742 2035 3810 quando

466 3839 566 3893 per
598 3827 704 3880 boc
727 3828 783 3882 in
820 3830 1074 3885 altarium
1108 3833 1274 3888 idolis
1296 3833 1599 3887 dicatorum
1632 3834 2035 3887 riuultiludinem

462 3916 752 3986 prolapsus
779 3927 885 3985 est,
916 3930 971 3975 et
1003 3923 1156 3976 illinc
1193 3924 1528 3993 impietatem
1579 3925 1793 3988 hausit,
1825 3924 2034 3979 ardenti

460 4009 667 4064 amoris
701 4009 898 4066 affectu
936 4012 1146 4067 nefaria
1171 4015 1492 4085 complexus
1527 4016 1749 4068 altaria.

532 4193 699 4251 Vens.
744 4196 830 4251 12.
869 4216 888 4249 ‹
918 4195 1165 4253 Scribam
1190 4199 1239 4254 ei
1269 4197 1677 4253 multitudinem
1716 4206 1769 4253 et
1796 4199 2037 4268 legitima

458 4287 600 4355 ejus.
633 4306 652 4339 ›
690 4287 893 4343 Horum
932 4290 1077 4343 enim
1116 4289 1371 4343 altarium
1398 4289 1832 4352 multitudinem.
1871 4298 2038 4360 atque

2140 1924 2347 1978 ἔθνεσιν
2376 1923 2452 1987 ὡς
2487 1921 2679 1986 σκεῦος
2708 1922 2997 1993 ἄχρηστον.
3032 1921 3156 1975 Ὅτι
3188 1919 3453 1990 ἀνέϐησαν
3478 1920 3548 1978 εἰς
3576 1917 3666 1968 Ἀσ-

2143 2017 2380 2089 συρίους.
2410 2034 2429 2068 ι
2463 2015 2574 2087 Τὴν
2601 2018 2709 2086 γάρ
2732 2015 2840 2067 τῶν
2882 2014 3189 2085 Ἀσσυρίων
3228 2012 3470 2084 βοήθειαν
3492 2009 3666 2076 ἐξαιτὴο

2144 2125 2353 2173 σαντες,
2403 2107 2585 2171 αὐτοῖς
2621 2108 2701 2171 εἰς
2745 2105 2988 2160 δουλείαν
3022 2096 3509 2175 ⁸παραδοθήσονται,
3545 2100 3663 2153 οὐδε-

2145 2199 2272 2269 μίαν
2302 2199 2381 2269 τῷ
2410 2197 2531 2270 Θεῷ
2562 2195 2901 2267 λειτουργίαν
2942 2194 3406 2265 ἀποπληροῦντες,
3452 2191 3559 2245 οὔτε
3591 2190 3667 2252 τὰς

2141 2290 2284 2345 κατά
2310 2290 2474 2361 νόμον
2500 2288 2847 2361 ἑορτάζοντες
2877 2285 3238 2358 πανηγύρεις.
3277 2303 3295 2336 ι
3316 2284 3419 2337 Καὶ
3436 2284 3455 2314 ⁵
3483 2281 3665 2335 ἀνέθαλε

2142 2382 2261 2438 δαῖθ’
2308 2382 2519 2437 ἑαυτόν,
2552 2401 2571 2433 ι
2619 2381 2697 2434 Δι’
2745 2378 2879 2449 ἐμοῦ
2927 2379 3036 2449 γάρ
3076 2377 3355 2448 αὐξηθεὶς,
3402 2376 3491 2429 καὶ
3532 2374 3664 2444 φυτοῦ

2050 2514 2055 2517 μ
2140 2476 2295 2548 δίκην
2334 2473 2628 2545 ἀναθήλας,
2675 2475 2774 2544 τῆς
2815 2472 2956 2544 ἐμῆς
2998 2471 3194 2525 ἑαυτὸν
3239 2468 3519 2541 θεραπείας
3558 2465 3668 2537 ἐχώ-

2144 2584 2313 2638 ρισεν.

2219 2679 2237 2710 ι
2280 2659 2518 2730 Ἐφραῒμ
2545 2657 2694 2727 δῶρα
2727 2656 3001 2727 ἠγάπησε.
3055 2652 3158 2726 (ι’.)
3212 2652 3311 2707 Διά
3347 2650 3494 2705 τοῦτο
3526 2666 3665 2719 παραυ

2140 2752 2454 2821 δοθήσονται
2472 2751 2492 2781 ⁶
2521 2752 2579 2805 ὲν
2610 2750 2723 2811 τοῖς
2751 2747 2947 2801 ἔθνεσι.
3000 2765 3019 2797 ι
3080 2746 3263 2816 Κόρον
3291 2745 3388 2797 οὐκ
3423 2740 3563 2796 ἔλαϐε
3583 2739 3664 2792 τῶν

2142 2842 2382 2910 ἀγαθῶν,
2434 2839 2571 2894 ἀλλά
2601 2838 2696 2894 τοῦ
2745 2839 2990 2902 πλείονος
3040 2836 3343 2890 διετέλεσεν
3388 2834 3661 2902 ἐφιέμενος·

2140 2934 2331 2986 τούτου
2354 2934 2513 3004 χάριν
2539 2934 2618 2995 εἰς
2644 2933 2888 2986 δουλείαν
2919 2929 3379 3002 παραδοθήσεται.
3414 2946 3432 2978 ι
3457 2926 3557 2980 Νῦν
3580 2925 3665 2978 εἰσ-

2141 3025 2364 3095 δέξομαι
2397 3023 2611 3088 αὑτούς.
2656 3042 2675 3074 ι
2722 3023 3029 3085 Τουτέστιν,
3064 3022 3121 3073 ἐν
3177 3023 3247 3093 τῇ
3296 3020 3400 3072 τῶν
3442 3017 3663 3087 πολεμίων

2141 3115 2316 3186 χώρᾳ.
2363 3134 2380 3165 ι
2412 3115 2522 3168 Καὶ
2547 3114 2847 3167 κοπάσουσι
2878 3112 3090 3182 μικρὸν,
3142 3111 3241 3174 τοῦ
3286 3110 3453 3182 χρίειν
3487 3106 3664 3179 βασιλέα

2142 3208 2235 3261 καὶ
2259 3208 2514 3278 ἄρχοντα.
2545 3225 2564 3256 ι
2616 3205 2727 3258 Καὶ
2756 3204 2845 3273 ὑφ’
2879 3203 3066 3273 ἑτέρου
3100 3201 3324 3272 μᾶλλον,
3373 3200 3406 3270 ἢ
3450 3200 3533 3252 ὑπ’
3561 3195 3662 3266 ἐμοῦ

2141 3297 2519 3369 βασιλεύεσθαι
2564 3295 2937 3368 βουληθέντες,
2975 3293 3080 3347 ὑπὸ
3127 3293 3229 3364 τὴν
3276 3292 3382 3345 τῶν
3415 3288 3662 3359 Ἀσσυρίων

2138 3390 2453 3444 δεσποτείαν
2498 3389 2836 3458 γενήσονται,
2885 3387 3069 3439 ούκέτι
3120 3385 3309 3439 λοιπὸν
3347 3385 3540 3442 ἑαυτοῖς
3578 3397 3663 3448 χει-

2143 3484 2373 3554 ροτονεῖν
2413 3480 2638 3550 βασιλέα
2666 3480 2975 3547 δυνάμενοι.

2209 3581 2298 3629 ια’.
2349 3594 2366 3625 ι
2398 3574 2523 3626 Ὅτι
2569 3570 2868 3640 ἐπλήθυνεν
2924 3567 3166 3637 Ἐφραῖμ
3215 3565 3567 3632 θυσιαστήρια,
3604 3558 3663 3619 εἰς

2138 3667 2409 3737 ἁμαρτίας
2451 3665 2667 3733 ἐγένετο
2694 3664 2713 3694 τ
2763 3661 2910 3730 αύτῷ
2943 3661 3306 3728 θυσιαστήρια
3348 3653 3453 3709 scit”
3487 3655 3659 3723 ἠγαπη-

2142 3759 2297 3825 μένα.
2333 3776 2352 3806 ι
2402 3755 2656 3820 Δικαίως,
2703 3754 2855 3822 φησὶ,
2886 3749 3230 3803 καταπαύσω
3268 3748 3366 3818 τὴν
3397 3747 3662 3816 παράνομον

2137 3848 2301 3901 αὑτοῦ
2337 3847 2613 3917 βασιλείαν
2639 3863 2653 3875 ⁸
2681 3844 2868 3912 ἐπειδὴ
2898 3843 2985 3896 διὰ
3008 3841 3213 3912 ταύτης
3239 3843 3318 3904 εἰς
3344 3839 3401 3892 τὸ
3427 3837 3525 3889 τῶν
3548 3834 3663 3887 εἰδω-

2135 3940 2301 3991 λικῶν
2331 3938 2729 4007 θυσιαστηρίων
2762 3935 3018 4001 ἐξώκειλε
3058 3933 3285 4004 πλῆθος,
3322 3933 3410 3986 καὶΙ
3448 3930 3536 4000 τὴν
3563 3925 3659 3980 ἀσέ-

2137 4030 2290 4082 ϐειαν
2331 4028 2539 4081 ἐκεῖθεν
2569 4027 2851 4099 ἐδρέψατο,
2895 4024 3113 4096 θερμῶς
3153 4023 3284 4094 περὶ
3312 4021 3379 4075 τὰ
3418 4019 3664 4091 παράνομα

2135 4120 2401 4182 διατεθεὶς
2441 4118 2822 4189 θυσιαστήρια.
3189 4183 3196 4188 ,

2208 4212 2295 4279 ιβ’.
2341 4230 2360 4261 ί
2395 4210 2750 4279 Καταγράψω
2783 4207 2972 4280 αὐτῷ’
3004 4209 3231 4280 πλῆθος,
3280 4205 3372 4258 καὶ
3401 4202 3462 4255 τά
3496 4199 3660 4270 νόμιμα

2136 4302 2321 4356 αὐτοῦ.
2355 4322 2373 4353 ι
2424 4302 2641 4354 Τούτων
2673 4301 2782 4370 γάρ
2810 4300 2918 4353 τῶν
2950 4299 3353 4370 θυσιαστηρίων
3387 4296 3446 4349 τὸ
3478 4291 3659 4360 πλῆθος,

459 4378 528 4432 de
572 4377 660 4432 his
713 4379 1059 4432 inventarum
1112 4378 1326 4446 legum,
1375 4376 1535 4447 juxta
1586 4393 1724 4448 quas
1763 4379 2033 4434 idolorum

2137 4395 2230 4446 καὶ
2260 4394 2366 4447 τῶν
2403 4393 2801 4463 ἐφευρεθέντων
2832 4394 2925 4445 ἐπὶ
2969 4393 3179 4456 τούτοις
3222 4392 3418 4462 νόμων,
3460 4385 3567 4441 καθ’
3590 4381 3660 4442 οὓς

460 4483 618 4522 sacra
653 4469 933 4534 obierunt,
967 4470 1311 4532 memoriam,
1353 4471 1418 4523 ad
1450 4485 1639 4525 eorum
1675 4471 2034 4541 multiplicem

2138 4485 2233 4548 τὰς
2254 4486 2535 4547 εἱδωλικὰς
2557 4483 2775 4547 τελετὰς
2797 4485 3104 4550 ἐπετέλουν,
3130 4485 3471 4555 ἀνάγραπτον
3490 4477 3660 4545 ποιήσω

460 4561 795 4629 impietatem
825 4560 1143 4617 notandam.
1176 4563 1396 4633 scriptis
1425 4563 1843 4619 commendabo.
1876 4582 1895 4614 ι
1926 4562 2032 4619 Pro

2138 4575 2235 4646 τὴν
2267 4576 2508 4646 μνήμην,
2533 4576 2611 4637 εἰς
2641 4574 2860 4646 ἔλεγχον
2882 4576 2981 4645 τῆς
3009 4575 3213 4645 πολλῆς
3238 4573 3411 4628 αὐτῶν
3429 4566 3656 4627 ἀσεθείας.

459 4652 652 4706 alienis
678 4660 931 4722 reputata
963 4663 1087 4708 sunt
1121 4655 1311 4709 altaria
1335 4656 1558 4710 dilecta.
1595 4674 1614 4707 ι
1649 4655 1797 4721 llaec,
1830 4656 2029 4728 inquit,

2143 4686 2162 4717 ι
2207 4667 2301 4729 Εἰς
2350 4664 2604 4735 ἀλλότρια
2652 4663 3009 4735 ἐλογίσθησαν
3071 4665 3428 4735 θυσιαστήρια
3479 4662 3659 4730 ὴγαπηο

461 4757 714 4810 pcrversa
772 4743 965 4797 altaria
1019 4760 1235 4801 summo
1270 4748 1453 4803 studio
1493 4761 1824 4804 curaverunt
1876 4768 1889 4803 :
1934 4750 2029 4807 Dei

2141 4755 2351 4826 μένα¹⁰.
2381 4775 2400 4808 ι
2455 4756 2562 4808 Καὶ
2607 4754 2815 4808 τούτων
2851 4756 2971 4824 μὲν,
3023 4756 3174 4827 φησὶ,
3220 4755 3328 4807 τῶν
3377 4749 3657 4822 παρανόμων

460 4848 588 4888 vero
625 4835 851 4903 altaria,
893 4837 1095 4908 quibus
1127 4841 1275 4893 omni
1313 4855 1446 4894 cura
1480 4849 1598 4896 erat
1648 4843 2025 4910 serviendum,

2139 4847 2537 4919 θυσιαστηρίων
2582 4847 2781 4917 πολλὴν
2825 4847 3152 4919 ἐποιήσαντο
3200 4845 3483 4919 φροντίδα·
3529 4838 3587 4891 τὰ
3615 4835 3657 4888 δὲ

458 4933 509 4979 et
541 4942 663 4995 quae
695 4945 909 4984 summo
946 4931 1001 4985 in
1041 4948 1227 4988 amore
1251 4949 1315 4987 ac
1353 4933 1536 4988 studio
1569 4934 1818 4989 habenda
1845 4944 2025 5000 erant,

2139 4941 2278 5003 θεῖα,
2327 4939 2363 4992 ἃ.
2396 4940 2573 5009 πάσης
2611 4939 2794 5003 ἀξιοῦν
2822 4938 3117 5009 θεραπείας
3159 4939 3359 5010 ἐχρῆν,
3379 4936 3468 4988 καὶ
3506 4925 3656 5001 τριπῦσ

461 5024 719 5087 tanquam
767 5021 834 5075 ad
883 5022 1090 5078 alienos
1140 5025 1409 5095 quosdam
1456 5026 1789 5095 pertinentia
1821 5027 2029 5097 ‘plane

2137 5026 2274 5096 θητα
2300 5025 2461 5097 ἔχειν,
2498 5027 2591 5079 καὶ
2614 5025 2733 5079 λίαν
2759 5027 3056 5097 ἐπέραστα,
3086 5030 3162 5091 ὼς
3188 5027 3367 5090 ἄλλοις
3392 5023 3493 5078 τισὶ
3521 5031 3656 5088 προσ-

460 5120 568 5162 ηοη
620 5120 903 5165 curarunt.
962 5112 1354 5169 Verumtamen
1431 5131 1541 5170 non
1617 5118 2025 5172 accusationem

2137 5117 2334 5187 ήκοντα
2364 5116 2651 5170 κατέλιπον
2684 5116 3021 5188 ἀτημέλητα.
3063 5117 3201 5172 Ἀλλ’
3223 5118 3321 5188 οὐχ
3350 5115 3423 5176 ὡς
3445 5110 3655 5178 δεόμενος

457 5202 618 5255 istam
654 5201 882 5269 institui,
919 5207 1065 5275 quod
1107 5207 1406 5264 sacriﬁciis
1445 5208 1514 5263 ab
1538 5209 1618 5264 eis
1647 5209 1849 5266 oblatis
1881 5211 2026 5264 indi-

2137 5207 2242 5261 τῶν
2286 5208 2415 5278 παρ’
2448 5206 2624 5261 αὐτῶν
2652 5207 2849 5264 θυσιῶν
2893 5209 3053 5279 τήνδε
3097 5209 3197 5281 τὴν
3239 5202 3550 5275 κατηγορίαν
3572 5210 3655 5250 πε-

458 5308 611 5363 geam
636 5311 651 5348 :
1654 5311 1659 5317 ο

2137 5301 2390 5372 ποίημαι.

1735 5474 1974 5530 VARIAS
2008 5474 2414 5534 LECTIONES.

2338 5593 2424 5665 34C
2464 5594 2685 5665 ἄλευρα.

2285 5664 2305 5693 °
2348 5662 2388 5716 C
2419 5662 2614 5729 αὐτῶν,
2675 5666 2766 5721 sed
2804 5668 2869 5719 ab
2916 5667 3017 5720 alia
3047 5680 3229 5719 manu.

2782 5596 2804 5627 ⁸
2840 5594 2914 5651 Id.
2954 5595 3108 5649 αὐτά.
3185 5596 3205 5626 ³
3236 5592 3343 5646 καί.
3377 5588 3486 5641 Des.
3536 5579 3642 5651 ibid.

536 5580 551 5609 ⁸
584 5580 706 5657 Alii,
746 5580 1130 5650 ἁνεμοφθὸρια,
1188 5584 1270 5637 vel
1312 5583 1730 5656 ἁνεμοφθορῖαν,
1831 5592 1849 5619 ¹
1880 5588 1920 5642 C
1956 5589 2234 5661 ἕσπειραν.
2338 5593 2358 5625 ³
2387 5594 2424 5647 C
2464 5594 2685 5665 ἄλευρα.
2782 5596 2804 5627 ⁸
2840 5594 2914 5651 Id.
2954 5595 3108 5649 αὐτά.
3185 5596 3205 5626 ³
3236 5592 3343 5646 καί.
3377 5588 3486 5641 Des.
3536 5580 3625 5661 ibid

536 5650 656 5701 .lud.
686 5649 1142 5725 παραδοθήσεται.
1222 5655 1239 5683 ⁷
1281 5654 1321 5707 (2
1353 5654 1620 5722 ἐγένοντο.
1698 5660 1718 5690 ⁸
1754 5661 1843 5711 τά.
1880 5658 2004 5714 Des.
2044 5662 2173 5715 ibid.
2285 5664 2305 5693 °
2348 5662 2388 5716 C
2419 5665 2614 5725 αὐτῶν,
2675 5666 2766 5721 sed
2804 5668 2869 5719 ab
2916 5667 3017 5720 alia
3047 5680 3229 5719 manu.
3324 5663 3362 5694 '°
3394 5662 3475 5725 ἠγ·
3531 5650 3625 5707 “"d

3415 5684 3475 5727 n-
3531 5684 3642 5707 ινιν·

584 5588 706 5661 ᾼ-Ιιὶ,
746 5588 1130 5661 ἀνεμοφυόρια,
1188 5588 1730 5661 νςιίάνεμοφθορῖαν.
1831 5592 1849 5619 ¹
1956 5589 2234 5661 ἕσπειραν.

465 5648 656 5734 ξιιιῑιι.
686 5648 1142 5734 παραδοθήσεται.
1222 5655 1239 5683 ⁷
1281 5654 1321 5707 (Σ
1353 5648 1620 5722 ἐγένοντό.
1698 5660 1718 5690 ⁸
1754 5661 1843 5711 τά.
1880 5658 2004 5714 Des.
2044 5648 2173 5715 ibid.

464 5730 649 5782 praeut.
682 5730 766 5772 τά.
