3912 6206
225 309 356 381 1597

219 516 425 588 Κύριος
455 516 517 569 οὐ
548 513 896 588 προσδέξεται
919 513 1079 568 αὐτά.
1115 533 1133 566 ι
1181 513 1254 566 Τὸ
1285 512 1343 566 δὲ
1372 513 1606 582 φάγωσι
1641 511 1804 579 κρέα,

219 610 320 678 οὐχ
349 607 540 670 ἁπλῶς
568 607 888 678 πρόσκειται
915 625 928 638 ·
973 605 1258 660 εἰώθεισαν
1289 607 1397 680 γὰρ
1425 605 1534 659 τῶν
1569 605 1642 678 μὴ
1673 604 1807 658 ὡλο-

217 699 572 770 καυτομένων
601 698 857 768 θυμάτων
890 699 1016 762 τοὺς
1049 697 1149 768 μὲν
1182 699 1433 769 νεφροὺς,
1469 699 1562 750 καὶ
1590 698 1681 750 τὸν
1714 695 1804 750 λο-

217 791 316 845 ϐὸν
337 791 434 845 τοῦ
461 792 690 862 ἥπατος,
723 791 816 845 καὶ
840 790 901 844 τὸ
927 791 1090 860 στέαρ
1113 790 1174 843 τὸ
1203 791 1288 843 ἐπ’
1315 789 1492 843 αὐτῶν
1515 789 1591 859 τῷ
1621 789 1807 842 θυσια-

220 882 435 953 στηρίῳ
475 881 806 952 προσφέρειν
831 894 846 910 ·
890 880 954 933 τὸ
984 880 1041 934 δὲ
1075 879 1361 950 στηθήνιον
1397 879 1492 932 καὶ
1541 878 1632 930 τὸν
1671 877 1807 948 βρα-

218 973 377 1042 χίονα
400 973 491 1026 τὸν
511 971 682 1037 δεξιὸν
701 974 811 1035 τοῖς
841 969 1074 1042 ἱερεῦσιν
1101 970 1394 1040 ἀπονέμειν
1421 985 1434 998 ·
1465 967 1534 1021 τὰ
1565 967 1622 1020 δὲ
1644 965 1808 1022 λοιπὰ

216 1063 315 1116 τοῦ
364 1063 602 1132 θύματος
659 1063 814 1116 αὐτοὶ
877 1061 1306 1130 κατανήλισκον,
1363 1061 1437 1124 ὼς
1493 1059 1804 1130 ἠϐούλοντο.

218 1153 429 1206 Τούτου
474 1153 635 1224 χάριν
674 1153 916 1204 τέθεικεν
941 1170 955 1182 ο
1010 1171 1028 1202 ι
1064 1150 1189 1204 Ἐὰν
1231 1149 1434 1204 θύσωσι
1468 1149 1677 1211 θυσίαν,
1713 1147 1808 1201 καὶ

221 1245 441 1315 φάγωσι
481 1245 644 1315 κρέα,
691 1243 893 1315 Κύριος
924 1244 983 1297 οὐ
1021 1243 1370 1314 προσδέξεται
1413 1242 1568 1296 αὐτά.
1606 1261 1624 1291 ι
1665 1239 1805 1292 Οὐτε

221 1341 332 1411 γ’ἀρ
351 1338 556 1393 τούτων
576 1338 748 1390 δεῖται
768 1337 920 1400 θεὸς,
945 1335 1080 1390 ἀλλὰ
1103 1336 1278 1405 ψυχῆς
1297 1335 1533 1389 διάθεσιν
1555 1335 1802 1387 ἀπαιτεῖο

229 1455 248 1486 ι
281 1431 456 1487 Θῦσον
490 1429 619 1502 γάρ,
665 1429 816 1500 φησὶ,
847 1427 926 1498 τῷ
961 1426 1080 1498 Θεῷ
1128 1427 1320 1480 θυσίαν
1363 1426 1639 1488 αἰνέσεως.
1673 1443 1692 1475 ι
1737 1453 1807 1462 --

231 1544 250 1577 ι
277 1524 394 1578 Νῦν
423 1522 791 1595 μνησθήσεται
821 1520 930 1573 τῶν
964 1519 1188 1573 ἀδικιῶν
1221 1519 1422 1584 αὐτῶν,
1453 1520 1547 1571 καὶ
1583 1517 1804 1586 ἐκδική-

226 1633 311 1669 σει
337 1615 439 1676 τὰς
469 1613 744 1685 ἁμαρτίας
773 1611 974 1664 αὐτῶν.
1017 1631 1036 1662 ι
1087 1609 1312 1672 Τούτοις
1338 1609 1482 1662 ἔοικε
1512 1608 1605 1660 τοῦ
1647 1609 1808 1660 Ἀποο

227 1705 419 1758 στόλου
455 1704 524 1758 τὰ
571 1705 790 1774 ῥήματα
813 1719 827 1733 ·
880 1721 897 1753 ι
933 1700 1170 1768 Ἀγνοῶν
1208 1701 1290 1753 ὅτι
1331 1700 1394 1752 τὸ
1432 1699 1670 1770 χρηστὸν
1709 1695 1803 1750 τοῦ

223 1795 360 1849 Θεοῦ
391 1797 468 1858 εἰς
495 1793 783 1864 μετάνοιάν
812 1810 870 1844 σε
896 1793 1019 1861 ἄγει
1051 1809 1064 1821 ο
1105 1791 1247 1846 κατά
1267 1791 1322 1844 δὲ
1343 1791 1439 1862 τὴν
1463 1790 1808 1861 σκληρότητά

229 1903 326 1939 σου
369 1887 464 1938 καὶ
503 1883 870 1954 ἀμετανόητον
916 1882 1166 1954 καρδίαν,
1205 1881 1558 1954 θησαυρίζεις
1599 1883 1809 1952 σεαυτῷ

222 1976 397 2047 ὀργὴν
439 1975 499 2028 ἑν
545 1975 728 2046 ήμέρᾳ
773 1974 964 2046 ὀργῆς,
1012 1975 1104 2026 καὶ
1141 1975 1558 2042 ἀποκαλύψεως,
1595 1975 1689 2026 καὶ
1729 1973 1808 2025 δι-

223 2066 573 2138 καιοκρισίας
615 2065 709 2119 τοῦ
750 2065 906 2126 Θεοῦ,
936 2065 994 2128 ὃς
1023 2065 1291 2118 ἀποδώσει
1325 2065 1540 2135 ἑκάστῳ
1570 2065 1713 2118 κατὰ
1742 2064 1810 2118 τὰ

223 2160 364 2229 ἔργα
398 2157 584 2212 αὐτοῦ.
614 2176 634 2208 ι
677 2187 749 2196 —
798 2177 816 2208 ‹
849 2156 1009 2209 Kal.“
1045 2157 1197 2208 αὐτοὶ
1243 2157 1322 2218 είς
1363 2157 1636 2225 Αἴγυπτον
1671 2155 1810 2208 ἀπέ-

226 2251 490 2321 στρεψαν.
526 2269 544 2300 ι
597 2249 708 2302 Καὶ
742 2249 1058 2318 συμμαχίαν
1106 2248 1216 2319 γὰρ
1262 2247 1470 2302 ἐκεῖθεν
1517 2248 1808 2318 ἐζήτησαν,

225 2343 322 2398 καὶ
353 2342 462 2396 τῶν
495 2341 788 2412 συμφορῶν
819 2341 1242 2395 καταλαϐουσῶν
1274 2342 1588 2411 ἀπέδρασαν
1609 2342 1807 2395 ἐκεῖσε.

231 2453 252 2485 ε
278 2433 452 2486 Kal“
483 2435 540 2485 ὲν
579 2432 882 2502 Ἀσσυρίοις
911 2433 1198 2504 ἀκάθαρτα
1238 2434 1520 2502 φάγονται.
1566 2451 1585 2485 ι
1647 2431 1811 2485 Ἀλλά

226 2526 320 2578 καὶ
351 2523 574 2588 ἄκοντες
608 2526 688 2586 εἰς
715 2523 815 2594 τὴν
845 2525 1142 2592 Ἀσσυρίων
1171 2524 1578 2594 ἀπαχθήσονται
1603 2522 1809 2594 χώραν,

225 2617 323 2670 καὶ
350 2617 560 2669 δίαιταν
591 2617 690 2668 οὐκ
725 2615 945 2687 ἔννομον
971 2617 1362 2688 διαιτήσονται.

301 2802 387 2856 ιδ’.
421 2823 438 2852 ι
467 2803 579 2857 Καὶ
600 2802 894 2856 ἐπελάθετο
925 2801 1140 2873 Ἰσραὴλ
1163 2801 1254 2854 τοῦ
1281 2803 1604 2872 ποιήσαντος
1627 2803 1808 2866 αὐτὸν,

225 2897 320 2948 καὶ
373 2894 727 2965 ᾠκοδόμησαν
762 2895 804 2925 ¹³
856 2895 1090 2963 τεμένη,
1144 2893 1235 2946 καὶ
1292 2893 1488 2955 Ἰούδας
1539 2893 1810 2962 ἐπλήθυνε

222 2988 416 3049 πόλεις
446 2986 858 3056 τετειχισμένας
885 3001 899 3016 ο
953 2986 1046 3038 καὶ
1076 2984 1416 3048 ἐξαποστελῶ
1447 2983 1558 3054 πῦρ
1589 2985 1668 3045 εἰς
1713 2984 1842 3061 τὰς.

1514 315 1594 376 IN
1636 312 1824 374 OSEE
1849 311 2008 374 CAP.
2045 316 2150 376 IX.

287 429 378 492 ιγ’.
427 443 445 475 ι
491 422 614 477 Ἐὰν
647 422 756 496 γὰρ
784 421 985 477 θύσωσι
1020 421 1228 486 θυσίαν,
1263 421 1358 474 καὶ
1385 419 1601 491 φάγωσι
1635 420 1796 491 κρέα,
1827 421 1872 478 Α

3347 313 3370 376 1
3381 312 3484 382 598

1976 423 2140 478 Vsus.
2184 425 2270 479 i5.
2313 444 2332 476 ι
2373 423 2542 490 Nam,
2594 425 2640 481 si
2695 425 3098 480 Immolaverint
3155 425 3394 490 hostias,
3427 433 3482 480 et

1909 515 2252 570 comederint
2283 531 2508 581 carnes,
2546 517 2811 572 Dominus
2858 535 2966 572 non
3011 518 3272 586 suscipiet
3305 532 3416 571 eas.
3457 532 3479 570 ι

1910 609 2049 661 illud
2095 624 2246 671 vero,
2282 607 2605 663 comederint
2659 625 2876 674 carnes,
2922 624 3030 663 non
3067 619 3269 663 temere
3308 623 3482 678 appo-

1909 700 2075 752 situm
2125 708 2228 753 est.
2265 697 2399 752 Nam
2468 699 2522 752 in
2594 699 2835 752 victimis
2881 713 3003 768 qua:
3049 713 3158 752 non
3209 699 3356 752 omni
3409 711 3481 752 ex

1909 800 2068 861 parte
2096 791 2220 860 igne
2245 791 2738 856 consumebantur,
2765 789 2912 845 soliti
2940 797 3099 845 erant
3121 789 3484 854 reuunculos,

1909 894 1961 937 ct
2000 883 2164 938 libras
2191 883 2634 951 jecusculorum,
2672 890 2726 936 et
2755 883 2969 954 adipem
2999 895 3187 937 earum
3213 880 3280 935 ad
3313 881 3485 936 altare

1908 973 2148 1027 offerre:
2188 983 2379 1042 pectus
2422 987 2575 1035 vero,
2617 979 2672 1026 et
2721 985 2934 1024 armum
2972 969 3254 1024 dexterum
3296 981 3482 1024 sacer-

1908 1066 2131 1119 dotibus
2171 1065 2448 1118 tribuere:
2491 1063 2768 1132 reliquum
2809 1064 2996 1116 autem
3029 1061 3176 1130 quod
3213 1075 3280 1114 cx
3324 1058 3486 1113 victi-

1909 1157 2014 1212 mis
2041 1163 2352 1225 supererat,
2386 1154 2453 1209 ad
2483 1139 2778 1208 arbitrium
2823 1153 3038 1223 1350
3066 1152 3480 1207 consumebant.

1908 1247 2177 1313 Quocirca
2225 1247 2452 1317 posuit:
2515 1265 2534 1298 ι
2578 1245 2632 1300 Si
2676 1245 3085 1300 immolarerint
3140 1245 3372 1310 hostias,
3429 1251 3485 1300 et

1907 1336 2252 1391 comederint
2280 1351 2499 1396 carnes,
2537 1336 2801 1388 Dominus
2850 1348 2963 1388 non
3003 1333 3268 1402 suscipiet
3301 1347 3416 1386 eas.
3459 1351 3478 1385 ι

1908 1426 2094 1498 Neque
2121 1429 2270 1480 enim
2307 1435 2430 1498 eget
2465 1428 2550 1480 his
2589 1425 2872 1488 Dominus,
2907 1422 3001 1477 sed
3037 1423 3204 1476 animi
3240 1423 3482 1476 studium

1907 1527 1960 1574 et
2003 1519 2268 1574 fervorem
2315 1520 2504 1588 exigit.
2557 1537 2576 1569 ι
2618 1515 2842 1572 lmmola
2899 1516 3078 1580 enim,
3116 1517 3322 1584 inquit,
3375 1515 3485 1570 Deo

1908 1611 2245 1666 sacriﬁcium
2305 1612 2480 1665 laudis
2519 1625 2562 1662 °.
2619 1629 2639 1662 ι
2687 1639 2758 1648 --
2797 1628 2814 1660 ι
2870 1607 3031 1662 Nunc
3101 1605 3480 1661 recordabitur

1907 1703 2262 1772 iniquitatum
2293 1717 2506 1765 eorum,
2567 1709 2622 1756 et
2651 1702 2946 1756 ulciscatur
2968 1709 3188 1770 peccata
3209 1713 3422 1752 eorum.
3451 1712 3472 1750 ι

1917 1793 2010 1847 His
2046 1793 2249 1848 similia
2279 1800 2408 1848 sunt
2439 1794 2604 1846 verba
2636 1791 2884 1860 Apostoli
2911 1809 2924 1844 :
2955 1807 2974 1840 ι
3011 1791 3279 1858 ignorans
3326 1788 3480 1842 beni-

1911 1886 2175 1956 gnitatem
2218 1885 2313 1939 Dei
2346 1883 2412 1937 ad
2445 1883 2829 1952 pmnitcntiam
2865 1891 2919 1936 te
2943 1879 3250 1936 adducere:
3285 1895 3482 1936 secun-

1911 1976 2040 2028 dum
2067 1974 2326 2028 duritiam
2370 1985 2518 2026 tuam
2551 1985 2732 2026 autem
2783 1979 2835 2026 et
2865 1972 3216 2042 impmnitens
3252 1987 3367 2036 cor,
3399 1971 3485 2024 iu-

1912 2076 2029 2122 star
2067 2067 2308 2122 thesauri
2345 2066 2604 2120 recondis
2636 2066 2734 2118 tibi
2774 2065 2913 2118 iram
2938 2066 2991 2118 in
3023 2067 3110 2119 die
3133 2066 3228 2119 irae
3252 2076 3305 2119 et
3332 2079 3484 2120 reve-

1913 2159 2138 2214 lationis
2174 2166 2230 2213 et
2255 2159 2390 2227 juin
2423 2151 2618 2226 judicii
2659 2157 2774 2220 Dei,
2817 2157 2910 2226 qui
2946 2157 3138 2210 reddet
3187 2156 3487 2226 unicuique

1913 2250 2215 2305 secundum
2267 2264 2432 2318 opera
2464 2249 2585 2316 ejus
2609 2258 2659 2300 ιτ.
2705 2267 2722 2298 ι
2751 2267 2866 2298 --(
2923 2246 3032 2316 Ipsi
3075 2247 3128 2300 in
3187 2247 3484 2316 Egyptum

1911 2341 2162 2396 (ξουνξιτεί
2193 2351 2344 2394 sunt.
2380 2359 2398 2392 ι
2426 2339 2560 2394 Nam
2594 2350 2644 2394 et
2673 2339 2826 2392 illiue.
2856 2338 3164 2392 subsidium
3187 2339 3485 2408 petierunt,

1911 2443 1966 2490 et
1999 2433 2409 2488 calamitatibus
2453 2431 2795 2486 instantibus
2829 2446 2898 2485 eo
2933 2429 3320 2498 confugerunt.
3367 2449 3385 2479 ι
3420 2429 3488 2484 Et

1912 2527 2056 2580 inter
2083 2525 2344 2596 Assyrios
2367 2523 2649 2577 immunda
2676 2521 2997 2586 comedent.
3045 2541 3063 2572 ι
3103 2520 3264 2575 Inviti
3319 2521 3484 2576 etiam

1912 2619 1968 2670 in
2029 2617 2387 2687 Assyriorum
2447 2615 2728 2682 regionem
2778 2615 3158 2676 abducentur,
3205 2621 3260 2666 et
3317 2611 3483 2666 vitam

1911 2708 2117 2763 ducent
2155 2709 2261 2778 legi
2293 2707 2650 2762 contrariam.

1981 2800 2146 2856 Vsus.
2177 2800 2262 2856 14.
2299 2819 2318 2851 ι
2359 2797 2424 2852 Ει
2464 2799 2666 2852 oblitus
2709 2805 2792 2851 est
2839 2795 3007 2850 Israel
3043 2801 3164 2864 ejus
3210 2795 3302 2864 qui
3354 2791 3483 2848 l‘ecit

1914 2895 2067 2949 illum
2095 2911 2110 2960 ;
2145 2901 2198 2948 et
2223 2891 2638 2946 :edilicaverunt
2671 2889 2924 2952 delubra,
2955 2895 3010 2942 et
3039 2885 3176 2941 Juda
3219 2885 3485 2956 multipli-

1913 2985 2060 3040 cavit
2083 2985 2248 3038 urbes
2280 2983 2568 3036 munitas:
2600 2989 2654 3036 et
2683 2981 2892 3034 mittam
2929 2981 3106 3050 ignem
3145 2981 3200 3034 in
3233 2979 3487 3034 civitates

223 3079 413 3140 πόλεις
454 3078 638 3140 αὐτοῦ,
671 3077 764 3129 καὶ
796 3077 1169 3144 καταφάγεται
1199 3076 1264 3129 τά
1297 3075 1521 3144 θεμέλια
1551 3075 1746 3128 αὐτῶν.
1777 3094 1794 3126 ι

1916 3076 2054 3145 ejus,
2089 3085 2144 3128 et
2167 3073 2455 3128 devorabit
2483 3071 2840 3126 fundamenta
2873 3085 3084 3126 carum.
3123 3089 3143 3120 ι
3192 3069 3255 3123 Et
3285 3069 3482 3134 discet,

221 3171 398 3224 Kal.“
419 3169 744 3239 μαθήσεται,
767 3170 952 3237 φησιν,
994 3170 1022 3220 ὁ
1053 3167 1151 3236 μὲν
1195 3167 1419 3230 Ἰούδας,
1449 3167 1560 3219 τῶν
1597 3167 1804 3220 πόλεων

221 3261 712 3332 πυρπολουμὲνων,
751 3259 824 3330 μὴ
851 3259 1056 3327 τείχεσι
1083 3259 1324 3330 θαρρεῖν,
1357 3259 1473 3312 ἀλλ’
1501 3259 1622 3330 ἐμοί
1647 3276 1662 3290 ·
1697 3261 1725 3313 ὁ
1749 3259 1808 3312 δὲ
1850 3265 1860 3273 ’

233 3349 480 3419 Ἰσραὴλ,
511 3347 586 3419 μὴ
609 3349 810 3418 τεμένη
837 3347 1082 3416 δαίμοσιν
1117 3347 1503 3419 ἀνοικοδομεῖν,
1541 3347 1676 3402 ἀλλά
1709 3347 1807 3420 τὴν

218 3439 370 3494 κατά
400 3439 566 3510 νόμον
593 3437 854 3509 λατρείαν
883 3437 1257 3510 ἀποπληροῦν.

829 3530 1084 3584 ΚΕΦΑΛ.
1127 3530 1205 3586 Θθ.

291 3629 364 3676 α’.
411 3641 430 3672 ε
456 3621 547 3691 Μὴ
569 3622 746 3692 χαῖρε,
777 3619 1017 3690 Ἰσραὴλ,
1039 3621 1171 3691 μηδὲ
1195 3621 1508 3692 εὐφραίνου,
1540 3621 1722 3687 καθὼς
1753 3624 1804 3676 οἱ

214 3714 365 3775 λαοὶ,
389 3715 473 3767 ὅτι
498 3712 832 3783 ὲπόρνευσας
851 3712 957 3764 ἀπὸ
978 3712 1183 3784 Κυρίου
1207 3711 1399 3766 Θεοῦ²⁸
1432 3730 1546 3768 σου.
1581 3733 1600 3765 ›
1634 3716 1744 3768 Καὶ
1761 3717 1804 3748 ³⁸

214 3806 322 3874 οὐχ
359 3801 618 3874 ἁρμόττει
649 3801 750 3864 σοι,
783 3802 938 3871 φησὶ,
981 3802 1188 3872 χαίρειν
1238 3805 1350 3865 τοῖς
1399 3802 1579 3866 ἄλλοις
1627 3803 1804 3857 ἔθνεσι

219 3892 624 3965 παραπλησίως
649 3909 661 3920 ·
713 3894 762 3944 οἱ
808 3893 906 3962 μὲν
939 3893 1047 3962 γὰρ
1089 3893 1175 3946 διὰ
1214 3893 1512 3964 προφητῶν
1550 3895 1804 3966 οὐδεμίαν

219 3983 574 4040 διδασκαλίαν
610 3982 857 4047 ἐδέξαντο
886 4001 898 4013 ·
932 3985 996 4037 σὺ
1030 3984 1388 4054 δὲ,διηνεκῶς
1419 3987 1628 4052 τούτοις
1655 3989 1808 4040 ὲπεν-

215 4075 468 4146 τρυφῶν,
507 4075 762 4144 οὐδεμίαν
812 4073 1058 4126 ἐντεῦθεν
1090 4075 1357 4144 ὠφέλειαν
1405 4077 1633 4148 ἐδρέψω,
1669 4078 1804 4132 ἀλλά

219 4167 336 4222 τῶν
369 4167 500 4236 παρ’
535 4165 669 4235 ἐμοῦ
702 4182 782 4218 σοι
816 4166 1236 4236 χορηγουμένων
1281 4167 1505 4234 ἀγαθῶν
1550 4156 1661 4233 τοῖς
1689 4169 1806 4223 δαί-

225 4273 358 4328 μοσι
378 4257 480 4317 τὰς
511 4256 768 4326 ἀπαρχὰς
801 4256 1190 4326 προεκόμισας.
1231 4257 1400 4311 Τοῦτο
1427 4257 1540 4329 ,γὰρ
1575 4259 1804 4330 παρεδή-

218 4349 421 4411 λωσεν,
454 4366 476 4400 ε
487 4346 692 4414 ίρηκώς
711 4363 723 4376 ·

301 4459 322 4492 ‹
372 4440 695 4508 Ἥγάπησας
741 4438 949 4508 δόματα
987 4438 1078 4491 ἐπὶ
1119 4439 1300 4492 πᾶσαν
1320 4441 1361 4472 ¹⁷
1397 4440 1575 4494 ἅλωνα
1629 4441 1792 4496 σίτου.
1831 4421 1878 4476 Ῑ)

219 4534 344 4604 (β’.)
374 4533 553 4587 Ἀλων
598 4533 692 4585 καὶ
716 4532 875 4603 ληνὸς
899 4533 1000 4585 οὐκ
1047 4532 1189 4600 ἔγνω
1219 4533 1438 4599 αὐτοὺς,
1469 4535 1564 4587 καὶ
1597 4535 1626 4587 ό
1659 4530 1804 4599 οἶνος

219 4622 498 4688 ἐψεύσατο
528 4623 742 4686 αὐτούς.
771 4642 790 4674 ι
825 4624 1208 4694 Ἀποστερήσω
1235 4625 1339 4698 γάρ
1371 4627 1516 4696 ὑμᾶς
1552 4626 1660 4680 τῶν
1683 4645 1806 4680 συν-

219 4716 379 4787 ήθως
410 4715 500 4768 ὐπ’
521 4715 655 4786 ἐμοῦ
685 4715 1108 4784 χορηγουμένων
1139 4716 1379 4784 ἀγαθῶν.

293 4813 368 4874 1*.
410 4825 428 4857 ι
468 4807 543 4859 Οὐ
583 4806 910 4876 κατῴκησαν
951 4809 1008 4860 ὲν
1033 4810 1098 4878 τῇ
1141 4811 1210 4878 γῇ
1257 4809 1350 4862 τοῦ
1401 4811 1628 4882 Κυρίου.
1673 4830 1692 4862 ι
1725 4813 1801 4865 Οὐ

219 4900 378 4970 γὰρ,
413 4896 489 4961 ὡς
545 4899 600 4950 ὲν
635 4898 990 4970 ἀφιερωμένῃ
1041 4903 1110 4970 γῇ
1167 4899 1244 4970 τῷ
1298 4902 1414 4970 Θεῷ
1469 4904 1565 4974 τὴν
1594 4903 1804 4957 δίαιταν

219 4991 576 5060 ἐποιήσαντο,
611 4989 747 5043 ἀλλά
777 4991 1108 5060 παρανόμως
1127 4993 1378 5046 ἐϐίωσαν.
1414 5012 1432 5044 ι
1467 4993 1802 5065 Κατῲκησεν

232 5078 481 5151 Ἑφραῒμ
523 5078 800 5146 Αἴγυπτον
842 5079 902 5131 ¹⁸.
947 5079 1058 5148 Τὴν
1120 5081 1496 5153 Αἰγυπτιακὴν
1561 5083 1802 5154 ἐζήλωσε

219 5171 526 5225 πολιτείαν.
556 5191 574 5222 ι
611 5170 720 5223 Καὶ
739 5172 796 5224 ὲν
834 5171 1140 5240 Ἀσσυρίοις
1169 5173 1453 5244 ἀκάθαρτα
1483 5177 1797 5244 φάγονται.»

291 5337 315 5358 ο
345 5327 490 5382 Psal.
525 5343 674 5390 ιιιιιι,
710 5327 794 5382 id.
874 5339 902 5377 ρ
928 5327 1088 5383 Rom.
1129 5342 1188 5393 ιι,
1218 5331 1271 5393 li,
1309 5330 1364 5386 ὅ.

1911 3169 2112 3239 inquit,
2143 3166 2282 3221 Juda
2313 3165 2560 3236 quidem,
2595 3165 2827 3219 urbibus
2862 3163 3123 3227 incensis,
3148 3177 3258 3218 nou
3285 3161 3486 3216 mueni-

1909 3261 2016 3316 bus
2047 3259 2345 3322 conﬁdere,
2379 3257 2474 3312 sed
2509 3257 2662 3320 mihi,
2703 3254 2878 3312 Israel
2904 3271 3058 3320 vero,
3094 3269 3204 3308 non
3255 3251 3484 3308 delubra

1909 3353 2250 3408 diemonibus
2302 3359 2626 3414 exstruere,
2673 3346 2768 3403 sed
2819 3363 2907 3402 me
2955 3344 3256 3403 secundum
3307 3344 3482 3414 legem

1910 3445 2110 3500 colere.

2525 3527 2759 3586 CAPUT
2791 3527 2885 3584 IX.

1981 3623 2145 3679 Vsus.
2176 3624 2224 3678 l.
2252 3642 2273 3676 ι
2291 3621 2412 3678 Noli
2435 3621 2694 3693 gaudere,
2719 3620 2912 3684 Israel,
2940 3625 2994 3671 et
3014 3615 3125 3670 noli
3146 3613 3315 3668 laetari
3336 3611 3482 3668 sicut

1906 3716 2124 3788 populi,
2150 3715 2283 3786 quia
2313 3714 2622 3770 fornicatus
2649 3729 2709 3768 es
2743 3714 2818 3785 (et
2848 3711 3148 3780 recessisti)
3183 3724 3212 3762 a
3247 3705 3484 3762 Domino

1912 3809 2021 3862 Deo
2074 3813 2192 3862 tuo.
2225 3825 2245 3858 ι
2282 3803 2473 3874 Neque
2501 3846 2518 3872 ,
2556 3802 2764 3874 1351
2813 3803 2992 3872 inquit
3017 3843 3033 3868 ,
3093 3799 3348 3856 convenit
3381 3796 3484 3852 tibi

1907 3897 2164 3954 similiter
2205 3905 2373 3968 atque
2405 3897 2531 3952 aliis
2584 3896 2841 3966 gentibus
2871 3894 3142 3966 gaudere:
3183 3891 3288 3946 illa:
3335 3888 3480 3945 enim

1907 3989 2111 4043 nullam
2141 3986 2451 4042 doctrinam
2501 4001 2600 4058 per
2649 3985 2950 4055 prophetas
2995 3988 3357 4052 acceperunt;
3423 3987 3478 4031 tu

1905 4095 2058 4147 vero,
2092 4078 2318 4134 assidua
2352 4079 2550 4133 horum
2583 4077 2776 4132 fruens
2799 4075 3223 4138 consuetudine,
3275 4071 3476 4126 nullam

1905 4173 2033 4228 inde
2073 4171 2364 4228 utilitatem
2395 4169 2720 4240 reportasti,
2771 4168 2868 4222 sed
2909 4169 3180 4222 bonorum
3216 4178 3339 4232 quae
3380 4161 3479 4214 tibi

1905 4281 1936 4318 a
1978 4281 2066 4320 me
2097 4263 2556 4333 suppeditantur,
2601 4259 2876 4330 primitias
2931 4254 3272 4311 daemonibus
3317 4251 3480 4304 obtu-

1905 4357 2041 4413 listi.
2075 4355 2194 4410 Hoc
2215 4355 2364 4409 enim
2391 4351 2718 4414 declaravit,
2749 4351 2980 4404 dicens:

1981 4467 2000 4498 ι
2033 4445 2283 4501 Dilexisti
2325 4457 2553 4499 munera
2583 4455 2751 4510 super
2790 4452 3009 4493 omnem
3053 4449 3240 4489 aream
3279 4431 3472 4486 tritici.

1907 4539 2094 4612 (Vnus.
2138 4538 2218 4600 2.)
2263 4537 2405 4590 Area
2449 4543 2505 4591 et
2551 4533 2794 4589 torcular
2838 4545 2950 4584 non
2981 4525 3238 4598 cognovit
3272 4539 3392 4582 eos.
3423 4531 3480 4579 et

1903 4633 2092 4686 vinum
2146 4629 2436 4685 mentitum
2483 4635 2567 4680 est
2615 4623 2744 4678 illis.
2792 4641 2812 4675 ι
2871 4620 3135 4690 Spoliabo
3185 4617 3328 4671 enim
3381 4630 3480 4671 vos

1906 4724 2094 4785 bonis,
2125 4737 2248 4793 qua:
2277 4721 2436 4777 vobis
2469 4715 2827 4788 suppeditare
2853 4714 3051 4768 solitus
3077 4727 3221 4765 sum.

1985 4808 2147 4864 Vsus.
2195 4808 2250 4861 '5.
2289 4825 2308 4858 ι
2355 4806 2476 4861 Νοιι
2503 4806 2892 4860 habitaverunt
2929 4802 2982 4855 in
3013 4812 3164 4856 terra
3201 4797 3474 4854 Domini.»

1909 4903 2121 4956 Etenim
2172 4916 2280 4955 non
2315 4908 2372 4953 ut
2427 4899 2480 4953 in
2525 4906 2674 4952 terra
2727 4895 2844 4949 Deo
2896 4894 3150 4949 dedicata
3199 4891 3476 4955 vixerunt,

1911 4995 2003 5052 sed
2045 4992 2432 5063 iniquitatibus
2475 4991 2688 5060 plenam
2735 4987 2904 5041 vitam
2945 4991 3203 5055 egerunt.
3249 4999 3268 5032 ι
3311 4979 3481 5036 Habi-

1911 5088 2046 5140 tavit
2077 5087 2332 5155 Ephraim
2369 5084 2422 5136 iu
2451 5082 2714 5152 IEgypto.
2757 5098 2776 5130 ι
2810 5077 3194 5149 ᾹΞεγριίοιιιιιι
3231 5075 3480 5130 instituta

1911 5177 2158 5233 studiose
2188 5177 2440 5232 aemulata
2495 5182 2600 5228 est.
2661 5191 2679 5222 ι
2741 5173 2807 5226 Et
2853 5171 3002 5226 inter
3053 5169 3312 5240 Assyrios
3376 5168 3481 5220 im-

1491 5483 1726 5539 VARUE
1776 5479 2178 5541 LECTIONISS.

294 5600 338 5632 “
368 5600 480 5652 καί.
513 5598 641 5672 Des.
669 5597 788 5672 int}
829 5605 941 5650 tum
975 5597 1034 5672 _h.
1063 5597 1095 5648 l.
1129 5597 1322 5654 deinde
1357 5611 1482 5654 ante
1515 5621 1759 5672 συμμαχ.

511 5670 566 5732 5,
601 5679 657 5721 ιιι
691 5670 924 5730 videtur,
956 5668 1260 5737 (lelllttpla.

216 5687 284 5725 ex
327 5686 378 5723 c.
406 5685 478 5728 Ix.
511 5689 566 5732 ι’),

217 5739 496 5796 Des.ihid.
613 5740 652 5770 ’⁷
678 5739 718 5791 (1
748 5739 937 5790 πάντα.
979 5737 1128 5804 juxta
1162 5756 1268 5793 ree.
1312 5741 1430 5794 lect.

1363 5673 1402 5702 ¹³
1430 5673 1468 5726 (Σ
1497 5673 1827 5742 (picea/3111,33.

1877 5608 1918 5635 ¹²
1955 5603 2064 5656 Καὶ
2093 5633 2148 5641 -~
2179 5603 2461 5669 φάγονται.
2521 5598 2649 5653 Ιιέιεο
2700 5599 2823 5669 des.
2885 5597 2935 5649 in
2993 5593 3158 5668 Hebr;
3207 5584 3456 5669 cludit]?

1911 5653 2103 5726 “viiii.
2148 5653 2280 5728 Ill
2306 5653 2440 5726 ibid.
2523 5671 2562 5702 ¹⁵
2599 5667 2754 5723 Θεοῦ.
2786 5667 2825 5718 (ὲ
2850 5679 3035 5736 prauo.
3071 5659 3184 5712 τοῦ.
3266 5656 3306 5686 ¹⁶
3334 5653 3460 5708 Καί.

1532 5747 1568 5773 “
1605 5746 1720 5810 Αἵγ.
1762 5749 1798 5793 (2
1837 5762 1997 5811 [nam
2063 5746 2158 5803 εἰς.
