3912 6206
510 330 649 397 1599

1495 330 1983 396 THEODOBETI
2021 325 2359 388 EPISCOPI
2394 329 2762 391 CYRENSIS

3585 328 3692 395 1600

508 451 713 508 munda
742 448 1052 505 comedent.
1090 466 1108 498 ι
1144 445 1602 517 Quandoquidem
1647 447 1794 502 enim
1831 447 1886 501 in
1932 452 2082 500 terra

2202 444 2420 517 Ἐπειδὴ
2452 447 2561 518 γὰρ
2604 446 2708 501 κάν
2731 446 2798 516 τῇ
2832 446 2902 515 γῇ
2947 442 3047 514 τῆς
3074 442 3393 512 ἐπαγγελίας
3437 446 3524 517 τὴν
3553 468 3695 521 παρα.

508 541 908 614 promissionis‘
967 539 1316 609 iniquitatem
1387 540 1553 594 etiam
1612 540 1851 609 amplexi
1913 549 2084 605 sunt,

507 636 695 704 inique
740 632 797 686 in
830 632 1185 703 Assyriorum
1217 633 1441 704 regione
1477 633 1643 686 vitam
1679 633 1904 689 ducent.

580 726 748 782 Vens.
780 726 833 781 δ.
870 746 888 778 ι
932 724 1049 780 Non
1090 726 1402 781 Iibaverunt
1448 727 1681 783 Domino
1719 728 1930 790 vinum,
1981 742 2086 783 nec

508 820 842 889 placuerunt
897 819 970 874 ei.
1026 838 1047 871 ι
1109 819 1446 890 Spreverunt
1505 820 1595 876 Dei
1653 822 1900 885 cultum,
1956 835 2083 875 cum

510 912 716 980 alioqui
777 911 1027 967 colendis
1082 911 1245 968 idolis
1298 912 1592 984 diligenter
1655 913 1787 968 dent
1835 928 2082 983 operam.

515 1022 534 1053 ι
566 999 855 1057 Sacriﬁcia
882 1018 1072 1057 eorum
1099 1004 1258 1073 quasi
1291 1005 1447 1074 panis
1468 1005 1652 1061 luctus
1686 1022 1879 1061 eorum
1908 1026 1923 1062 :
1957 1021 2081 1061 om-

509 1107 611 1147 nes
662 1094 757 1162 qui
814 1093 1393 1158 mauducaverintea,
1451 1094 2009 1150 contaminabuntur.
2061 1115 2078 1147 ι

507 1183 985 1249 Quemadmodum
1051 1185 1197 1240 enim
1264 1186 1358 1255 qui
1410 1186 1727 1255 lugentibus
1790 1187 2086 1258 apponitur

510 1280 694 1346 panis,
734 1285 790 1331 et
828 1277 983 1346 ipsos
1012 1277 1264 1347 lugentes
1308 1286 1534 1348 propter
1570 1279 1779 1333 luctum
1817 1279 1885 1333 ad
1926 1279 2084 1333 dolo-

510 1380 629 1420 rem
655 1366 919 1431 concitat,
946 1376 1002 1421 et
1033 1366 1199 1421 simul
1226 1366 1577 1436 epulantibus
1606 1383 1718 1423 non
1752 1379 1838 1423 est
1868 1378 2083 1439 gratus,

508 1455 584 1511 ob
613 1455 800 1511 luctus
832 1456 1370 1524 communionem,et
1398 1459 1582 1513 coacti
1615 1460 1931 1527 comedere,
1960 1461 2084 1530 pia-

510 1546 697 1601 culum
728 1547 1006 1617 quoddam
1043 1564 1104 1605 se
1131 1549 1285 1604 illinc
1316 1550 1646 1607 contrahere
1691 1551 2036 1607 arbitrantur
2068 1571 2083 1609 :

513 1638 593 1694 ita
639 1639 920 1695 sacriﬁcia
972 1656 1164 1697 eorum
1220 1642 1368 1696 ontni
1431 1642 1842 1700 abominatione
1882 1644 2088 1701 referta

513 1740 665 1786 sunt.
701 1749 721 1785 ι
758 1730 896 1798 Quia
934 1748 1106 1804 panes
1152 1749 1342 1789 eorum
1397 1749 1497 1805 pro
1538 1735 1828 1792 animabus
1869 1752 2088 1802 eorum,

2191 540 2385 608 νομίαν
2434 539 2733 611 ἠγάπησαν
2759 577 2775 602 ,
2834 535 3165 607 παρανόμως
3220 536 3278 589 ὲν
3330 539 3392 609 τῇ
3450 539 3693 612 Ἀσσυρίων

2186 632 2339 703 χώρῃ
2376 631 2662 701 βιώσονται
2681 630 2743 686 ⁸³.

2256 722 2317 775 δ’.
2353 742 2370 774 ι
2409 722 2524 776 Οὐκ
2540 721 2801 775 ἔσπεισαν
2820 718 2900 792 τῷ
2931 716 3122 791 Κυρίῳ
3147 714 3304 784 οἶνον,
3326 721 3413 774 καὶ
3431 723 3518 793 οὐχ
3538 724 3694 793 ἧδυναν

2186 814 2357 885 αὐτῷ.
2405 834 2426 867 ι
2466 812 2951 884 Κατωλιγὼρησαν
2999 814 3099 884 τῆς
3142 810 3234 866 τοῦ
3281 811 3409 867 θεοῦ
3435 816 3695 887 θεραπείας,

2190 905 2480 961 καὶταῦτα
2530 907 2732 978 πολλῆς
2763 904 3082 981 ἐπιμελείας
3126 904 3395 972 ἀξιοῦντες
3422 905 3486 960 τά
3524 908 3695 965 εἴδωλα.

2192 1017 2211 1050 ι
2264 998 2331 1051 Αἰ
2384 997 2566 1052 θυσίαι
2619 997 2841 1064 αὐτῶν,
2871 997 2950 1061 ὡς
3004 996 3169 1069 ἄρτος
3215 996 3433 1062 πένθους
3472 997 3696 1068 afﬂari".

2189 1091 2392 1153 πάντες
2421 1092 2471 1143 οἱ
2509 1090 2781 1154 ἐσθίοντες
2825 1088 2967 1144 αὑτά
3000 1088 3403 1161 μιανθήσονται.
3438 1108 3456 1141 ι
3483 1089 3698 1163 Καθάπερ

2187 1180 2298 1251 γὰρ
2318 1183 2348 1234 ὁ
2371 1183 2486 1244 τοῖς
2512 1181 2770 1236 πενθοῦσι
2798 1181 3242 1253 προσφερόμενος
3283 1182 3438 1253 ἄρτος
3461 1184 3627 1249 αὐτούς
3653 1204 3697 1239 τε

2187 1273 2318 1334 τοὺς
2352 1272 2684 1337 πενθοῦντας
2714 1273 3004 1327 ἀποκναίει
3050 1272 3142 1327 διὰ
3190 1273 3252 1325 τδ
3280 1274 3482 1338 πένθος,
3513 1276 3593 1328 καὶ
3615 1279 3696 1342 rei;

2191 1364 2599 1419 συνδειπνοῦσιν
2647 1366 2708 1419 οὐ
2742 1365 2999 1437 θυμήρης
3028 1367 3149 1420 ἐστὶ
3169 1405 3185 1429 ,
3212 1366 3301 1421 διὰ
3347 1367 3440 1439 τὴν
3472 1369 3697 1423 κοινωνίαν

2188 1455 2283 1510 τοῦ
2355 1456 2585 1521 πένθους
2610 1471 2624 1486 ·
2687 1458 3126 1528 ἀναγκαζόμενοι
3177 1458 3234 1512 δὲ
3293 1458 3697 1530 μεταλαμϐάνειν,

2192 1548 2431 1618 μιασμόν
2483 1566 2603 1602 τινα
2658 1548 2960 1620 λαμϐάνειν
3007 1549 3218 1604 ἐκεῖθεν
3258 1549 3696 1620 ὑπολαμϐάνουσιν·

2190 1637 2363 1703 οὕτως
2392 1633 2455 1693 αἱ
2513 1638 2695 1694 θυσίαι
2748 1640 2931 1695 αὐτῶν
2992 1640 3325 1712 βδελυγμίας
3363 1642 3490 1695 εἰσὶν
3535 1642 3699 1711 ἀπάσης

2195 1729 2410 1800 μεσταί.
2443 1748 2463 1781 ς
2503 1730 2649 1784 Διότι
2676 1731 2727 1784 οἱ
2769 1730 2925 1804 ἄρτοι
2966 1732 3148 1786 αὐτῶν
3178 1735 3294 1796 ταῖς
3336 1731 3522 1804 ψυχαῖς
3545 1734 3697 1797 αὐτῶν,

514 1837 626 1877 non
668 1823 956 1879 intrabunt
994 1826 1050 1880 in
1106 1826 1330 1881 domum
1382 1824 1623 1882 Domini.
1665 1846 1684 1879 ι
1751 1826 1884 1894 Quae
1938 1830 2086 1883 enim

2197 1822 2298 1876 οὐκ
2323 1822 2721 1878 εἰσελεύσονται
2768 1826 2849 1888 είς
2892 1824 2983 1878 τὸν
3032 1821 3185 1881 οἷκον
3223 1825 3443 1897 Κυρίου.
3479 1843 3495 1876 ι
3526 1827 3593 1879 Td
3624 1825 3698 1896 γὰρ

514 1929 642 1969 cum
697 1917 918 1972 sincero
968 1915 1169 1974 affectu
1228 1933 1338 1973 non
1391 1917 1720 1981 oﬁeruntur,
1759 1919 1972 1991 1352
2025 1936 2089 1976 ea

2201 1919 2321 1988 μετ’
2347 1916 2677 1987 εἰλικρινοῦς
2708 1917 2769 1971 ού
2817 1917 3245 1989 προσφερόμενα
3284 1916 3553 1980 διαθέσεως
3589 1919 3612 1968 ὁ
3642 1916 3697 1969 δί-

509 2006 681 2076 judex
718 2008 904 2078 justus
954 2025 1069 2065 non
1107 2011 1341 2079 suscipit
1372 2029 1387 2065 :
1427 2011 1739 2081 cujusmodi
1777 2013 1882 2067 fuit
1929 2013 2087 2068 Caini

2197 2026 2351 2074 καιος
2371 2009 2431 2062 οὐ
2451 2009 2734 2080 προσίεται
2756 2008 2969 2082 κριτὴς,
3014 2009 3090 2071 ὡς
3129 2007 3229 2080 τὴν
3256 2004 3347 2061 τοῦ
3379 2007 3507 2061 Καῖν
3537 2008 3697 2074 θυσίαν,

515 2098 879 2165 sacriﬁcium,
931 2100 1005 2154 ita
1058 2108 1121 2154 ut
1164 2117 1261 2171 per
1288 2101 1486 2156 Isaiam
1525 2102 1727 2158 clamet
1757 2121 1772 2158 :
1809 2122 1827 2154 ι
1863 2102 1921 2159 Si
1958 2105 2090 2160 oﬁ‘e-

2197 2100 2274 2164 ὼς
2320 2099 2408 2153 διὰ
2444 2100 2666 2154 Ἡσαΐου
2698 2098 2827 2171 βοᾷν
2849 2100 2893 2130 ²¹
2923 2117 2943 2150 ι
3011 2098 3140 2154 Ἐὰν
3183 2098 3517 2170 προσφέρητέ
3545 2116 3618 2169 μοι
3641 2115 3700 2152 σε·

517 2189 657 2244 ratis
704 2191 839 2244 mihi
872 2190 1130 2255 similam,
1181 2190 1386 2244 frustra
1425 2192 1478 2246 id
1530 2191 1744 2258 facitis;
1799 2194 2087 2253 incensum

2201 2190 2435 2262 μίδαλιν,
2468 2190 2693 2261 μάταιον
2727 2192 2772 2222 ¹²
2792 2190 3079 2261 ’θυμίαμα
3115 2189 3394 2262 βδέλυγμά
3425 2190 3508 2261 μοί
3534 2193 3698 2244 ἐστιν.»

517 2280 856 2335 abominatio
883 2288 968 2335 est
1000 2282 1133 2336 mihi
1166 2292 1216 2336 ιι.
1271 2300 1291 2333 ι
1341 2281 1409 2335 Ει
1458 2298 1556 2353 per
1602 2283 1930 2339 Malachiam
1966 2304 2092 2359 pro-

2198 2283 2308 2336 Ka‘t
2331 2282 2418 2336 διὰ
2456 2282 2738 2354 Μαλαχίου
2758 2282 2806 2316 ³⁸
2824 2282 2920 2336 τοῦ
2968 2284 3255 2355 προφήτου
3281 2300 3295 2313 ⁸
3326 2303 3344 2334 ι
3381 2284 3486 2337 Οὐκ
3522 2282 3616 2335 ἔστι
3639 2298 3701 2351 μοι

518 2373 741 2438 pbetam
783 2389 797 2426 :
854 2391 872 2423 ε
912 2372 1034 2427 Νοη
1080 2381 1168 2429 est
1204 2374 1338 2429 mihi
1376 2375 1633 2429 voluntas
1668 2374 1727 2429 in
1788 2378 1971 2442 vobis,
2037 2390 2092 2435 et

2199 2375 2414 2447 θέλημα
2442 2378 2500 2429 ἐν
2526 2377 2675 2446 ὑμῖν,
2717 2375 2814 2430 καὶ
2845 2374 3034 2430 θυσίαν
3075 2376 3142 2429 οὐ
3176 2374 3526 2447 προσδέξομαι
3552 2378 3605 2427 ὲκ
3626 2373 3702 2427 τῶν

518 2460 851 2516 sacriﬁcium
885 2479 990 2518 non
1022 2466 1324 2536 suscipiam
1354 2482 1419 2523 ex
1455 2470 1711 2527 manibus
1742 2473 1942 2528 vestris
1974 2480 2023 2529 ι’.
2064 2493 2085 2527 ι

2199 2468 2399 2540 χειρῶν
2433 2466 2608 2537 ὑμῶν.
2642 2488 2662 2521 ι
2715 2465 2849 2521 Εἶτα
2894 2468 3310 2538 ἀναμιμνήσκει
3350 2465 3529 2530 αὐτοὺς
3564 2463 3647 2518 τῶν
3662 2464 3701 2515 ὲν

519 2550 726 2608 Deinde
758 2553 868 2609 illis
893 2555 948 2608 in
981 2547 1299 2611 memoriam
1331 2569 1553 2616 revocat
1579 2562 1719 2616 mala
1778 2579 1901 2634 quae
1924 2580 2092 2621 even-

2198 2565 2266 2633 τῇ
2290 2563 2634 2635 αἰχμαλωσίᾳ
2658 2560 3087 2634 συμϐησομένων
3114 2558 3399 2633 ἀλγεινῶν.

522 2652 642 2697 tura
680 2652 869 2698 essent
898 2646 1007 2701 illis
1047 2646 1102 2702 in
1153 2650 1492 2719 captivitate.
2476 2696 2491 2708 .
2760 2661 2781 2675 "

593 2732 760 2790 Vens.
801 2737 855 2791 5.
893 2757 913 2789 ‹
954 2736 1096 2805 Quid
1149 2739 1364 2799 facietis
1407 2743 1496 2798 die
1530 2753 1856 2814 conventus,
1904 2755 1961 2804 et
2007 2748 2092 2806 die

2274 2769 2336 2813 ε’.
2379 2779 2399 2811 ι
2437 2760 2503 2813 Τί
2550 2760 2806 2831 ποιήσετε
2836 2760 2892 2812 ἐν
2931 2757 3120 2829 ἡμέρᾳ
3185 2756 3545 2829 πανηγύρεως,
3570 2754 3703 2808 καὶέν

518 2825 889 2884 solemnitatis
919 2829 1180 2887 Domini?
1219 2851 1239 2885 ι
1273 2833 1461 2889 Coacti
1489 2838 1636 2891 enim
1673 2838 1904 2903 servire,
1942 2847 1996 2895 et
2027 2856 2092 2897 ex

2203 2851 2386 2923 ἡμέρᾳ
2410 2851 2602 2922 ἑορτῆς
2633 2825 2727 2904 τοῦ
2760 2825 2999 2920 Κυρίουξ
3093 2825 3380 2903 λουλεύειν
3400 2825 3498 2918 γὰρ
3518 2848 3700 2917 ἠναγκα-

522 2917 734 2988 legibus
771 2920 965 2976 alienis
992 2924 1192 2990 vivere,
1245 2941 1354 2982 non
1388 2929 1637 2998 poteritis
1670 2932 1975 2987 secundum
2011 2935 2092 2989 le-

2204 2917 2394 3013 σμένοι
2455 2917 2706 2996 καὶ-κατ’
2761 2917 2958 3004 ἄλλους
3014 2938 3399 2994 πολιτεύεσθαι
3444 2917 3702 3009 νύμους,οὗ

523 3020 645 3077 gem
698 3010 992 3067 Mosaicam
1062 3013 1294 3072 Domino
1354 3018 1527 3076 festos
1585 3021 1705 3077 dies
1763 3038 1944 3094 agere.
2013 3025 2092 3098 [6|

2201 3004 2501 3105 δυνήσεσθε
2557 3034 2701 3087 κατά
2748 3032 2848 3105 τὴν
2881 3033 3127 3096 Μωσέως
3165 3032 3477 3103 νομοθεσίαν
3503 3004 3595 3095 τὰς
3635 3032 3703 3081 As»

526 3099 718 3157 Postea
753 3104 932 3171 docet,
962 3106 1078 3162 fore
1123 3117 1182 3162 ut
1207 3109 1421 3181 fugiant
1466 3114 1519 3166 in
1573 3112 1895 3186 Egyptum,
1947 3134 2092 3174 nunc

2204 3122 2469 3186 σποτικάς
2512 3122 2851 3194 πανηγύρεις
2895 3122 3192 3178 ἐπιτελεῖν.
3234 3123 3459 3177 Ἔπειτα
3490 3122 3701 3180 διδάσκει.

523 3194 580 3247 in
610 3194 772 3259 banc.
824 3214 972 3254 nunc
1021 3200 1078 3254 in
1126 3201 1272 3256 illam
1323 3212 1609 3259 transeant
1653 3209 1865 3273 urbem,
1902 3225 2099 3280 argen-

522 3295 753 3357 tumque
780 3305 939 3343 sunm
966 3291 1172 3348 frustra
1201 3306 1553 3362 consumant,
1577 3300 1687 3369 regi
1708 3299 2093 3371 .IEgyptiorum

525 3375 666 3430 dona
705 3380 1017 3437 oﬁ‘erentes.
1069 3403 1088 3436 ι
1144 3386 1344 3454 Spinas
1386 3396 1568 3442 autem
1619 3391 1672 3444 in
1721 3393 2097 3452 tabernaculis

525 3468 645 3523 suis
676 3469 978 3528 invenient.
1019 3494 1038 3526 ι
1077 3473 1193 3531 Hoc
1227 3487 1333 3540 est,
1373 3479 1585 3534 nullum
1632 3481 1872 3538 fructum
1909 3487 2095 3541 utilem

524 3558 765 3629 capient.
802 3561 1068 3619 Damnum
1100 3566 1241 3637 fugae
1288 3570 1342 3623 in
1386 3568 1682 3642 Egyptum
1718 3592 1818 3646 per
1862 3575 1975 3631 haec
2006 3578 2073 3633 de

526 3651 785 3723 signavit.
818 3654 949 3713 Tale
986 3667 1070 3714 est
1106 3671 1159 3715 et
1193 3662 1325 3718 illud
1361 3683 1374 3719 :
1422 3683 1442 3716 ι
1481 3665 1811 3736 Exspectavi
1854 3676 1913 3724 ut
1957 3670 2102 3726 face-

528 3750 613 3798 ret
639 3759 795 3810 uvas,
826 3757 882 3802 et
919 3747 1046 3803 fecit
1087 3751 1276 3820 spinas
1305 3762 1362 3819 ·;
1412 3771 1431 3805 ι
1482 3755 1536 3808 id
1581 3763 1685 3818 est,
1723 3758 1932 3812 nullum
1972 3761 2103 3815 hinc

530 3831 772 3889 fructum
805 3840 820 3858 '
858 3837 1048 3894 utilem
1077 3841 1320 3911 suscepi,
1351 3843 1450 3898 sed
1484 3852 1699 3909 contra,
1745 3861 1940 3904 omnes
1979 3864 2100 3904 ma-

528 3923 634 3982 los.

602 4133 769 4192 Vens.
803 4136 854 4192 7.
901 4154 919 4189 ι
945 4135 1185 4193 Veniunt
1218 4138 1337 4195 dies
1360 4139 1745 4197 retributionis
1777 4152 1905 4210 ture,
1937 4153 1993 4200 et
2017 4144 2102 4199 ai-

530 4226 747 4296 ﬁigetur
778 4229 947 4284 Israel
982 4230 1127 4286 sicut
1156 4232 1425 4302 propheta
1462 4232 1773 4300 insaniens,
1808 4237 1974 4292 homo
2006 4240 2100 4308 qui

531 4335 562 4372 a
607 4321 806 4391 spiritu
841 4323 1079 4392 agitatur
1113 4341 1127 4378 :
1178 4333 1404 4394 propter
1447 4326 1852 4384 multitudinem
1890 4328 2103 4401 iniqui-

532 4418 706 4466 tatum
740 4423 953 4469 tuarum
989 4415 1348 4485 multiplicata
1374 4425 1463 4473 est
1489 4421 1729 4475 amentia
1762 4429 1881 4477 tua.
1912 4442 1934 4475 ο
1964 4422 2099 4478 Cum

432 4537 439 4545 .
531 4511 589 4558 te
628 4503 933 4573 iniquitatis
967 4505 1200 4570 fruetus,
1243 4508 1339 4578 qui
1393 4524 1502 4565 non
1550 4511 1708 4582 longe
1747 4513 1967 4582 absunt,
2000 4530 2099 4586 ap-

412 4660 421 4683 ,
532 4593 893 4663 prehenderit,
926 4595 1419 4670 pseudoprophetre
1445 4602 1557 4658 eris
1587 4605 1808 4671 similis,
1843 4608 1936 4678 qui
1966 4624 2100 4679 pro-

533 4692 654 4753 pter
685 4685 1077 4743 inhabitantem
1111 4693 1367 4760 spiritum
1398 4695 1618 4765 desipit,
1643 4703 1698 4752 et
1725 4698 1834 4755 huc
1864 4699 2104 4773 illucque

526 4775 791 4843 iactatur.
847 4779 1056 4852 1353
1093 4782 1267 4839 Tanta
1307 4793 1362 4841 te
1395 4789 1598 4843 mentis
1644 4790 1905 4848 alienatio
1951 4810 2103 4850 com-

534 4866 873 4935 prehendet:
908 4873 1050 4928 hanc
1097 4886 1280 4933 autem
1320 4879 1594 4936 insaniam
1630 4882 1728 4937 tibi
1766 4885 1952 4939 attulit
1999 4886 2107 4941 ini-

532 4957 805 5028 quitatium
839 4970 1055 5020 tuarum
1094 4970 1411 5027 multitudo.

604 5046 771 5105 Vsns.
819 5052 872 5108 8.
914 5072 934 5106 ι
974 5054 1306 5127 Speculator
1351 5062 1631 5133 Ephraimi
1663 5080 1787 5120 cum
1832 5065 1942 5121 Deo
1971 5083 2083 5138 pro-

2198 3213 2274 3277 ὡς
2304 3213 2594 3282 φεύξονται
2626 3216 2724 3282 μὲν
2756 3214 2836 3278 εἰς
2862 3212 2961 3285 τὴν
2990 3213 3302 3282 Αἴγυπτον,
3325 3213 3412 3267 καὶ
3437 3212 3521 3269 νῦν
3543 3211 3622 3282 μὲν
3649 3210 3704 3270 εἰς

2198 3306 2425 3375 ταύτην,
2453 3304 2547 3358 νῦν
2572 3306 2630 3358 δὲ
2659 3307 2740 3368 εἰς
2778 3305 2995 3376 ἐκείνην
3035 3306 3433 3379 μεταϐήσονται
3467 3304 3554 3372 τὴν
3577 3301 3703 3364 πόλιν,

2198 3398 2295 3450 καὶ¹
2341 3396 2402 3450 τὸ
2436 3395 2697 3468 ἀργύριον
2748 3395 2929 3449 αὐτῶν
2981 3394 3393 3466 δαπανήσουσι,
3426 3393 3580 3465 μάτην
3600 3390 3704 3460 δῶρα

2198 3487 2276 3558 τῷ
2306 3487 2618 3554 Αἰγυπτίων
2670 3486 3036 3558 προφέροντες
3088 3487 3321 3558 βασιλεῖ,
3369 3504 3389 3538 ι
3434 3478 3705 3543 ’Δκάνθειςδὶ

2201 3581 2521 3651 εὑρήσουσιν
2552 3583 2610 3633 ὲν
2633 3581 2745 3644 τοῖς
2776 3578 3135 3650 σκηνώμασιν
3189 3579 3388 3633 αὐτῶν.
3422 3598 3440 3631 ι
3463 3577 3702 3633 Τουτέστιν,

2200 3670 2392 3725 οὐδένα
2416 3672 2626 3742 καρπὸν
2659 3671 2980 3743 ὀνησιφόρον
3004 3671 3398 3742 δρέψονται.Τὸ
3425 3666 3704 3740 ἐπιζήμιονίδ

2200 3763 2300 3832 τῆς
2324 3764 2404 3825 είς
2442 3760 2718 3831 Αἴγυπτον
2754 3764 2933 3833 φυγῆς
2970 3763 3059 3816 διὰ
3091 3763 3301 3817 τούτων
3327 3763 3546 3835 ᾐνίξατο.
3571 3757 3704 3812 Tomi-

2202 3854 2292 3907 τόν
2317 3857 2431 3907 ἐστι
2460 3856 2547 3908 τόο
2573 3874 2593 3907 ι
2618 3855 2847 3926 Ἔμεινα
2871 3855 2964 3909 τοῦ
2983 3857 3214 3928 ποιῆσαι
3242 3851 3705 3926 σταφυλὴν,ὲποίησε

2202 3946 2262 4000 δὲ
2284 3945 2522 4010 ἀκάνθας
2543 3964 2557 3976 ·
2583 3966 2601 3998 ι
2623 3948 2745 4002 ἀντὶ
2771 3947 2885 4011 τοῦ,
2903 3947 3094 4002 οὐδένα
3124 3949 3336 4019 καρπὸν
3354 3948 3397 3980 ⁸⁵
3413 3946 3594 4000 ἐκεῖθεν
3610 3942 3706 4012 χρή·

2206 4053 2363 4108 σιμον
2396 4036 2730 4108 ἐθρεψάμην,
2761 4037 2897 4093 ἀλλά
2921 4039 3234 4093 τούναντίον
3262 4038 3463 4101 πάντας
3488 4030 3666 4093 κακούς.

2268 4130 2332 4195 ζ’.
2365 4122 2383 4182 ἆ
2430 4130 2694 4184 ’Ἡκουσιν
2733 4131 2788 4183 αἱ
2844 4130 3046 4200 ἡμέραι
3073 4131 3175 4201 τῆς
3202 4125 3584 4187 ἀνταποδόςεώς
3623 4136 3704 4177 σου,

2202 4222 2299 4275 καὶ
2360 4221 2745 4292 κακωθήσεται
2796 4221 3056 4292 Ἰσραὴλ,
3091 4221 3286 4293 ὥσπερ
3335 4222 3363 4275 ὀ
3423 4209 3706 4292 προφήτηςδ

2202 4314 2648 4385 παρεξεστηκὼς,
2697 4313 2983 4383 ἄνθρωπος
3031 4315 3060 4367 ὁ
3095 4312 3559 4382 πνευματοφὸρος·
3583 4302 3707 4360 dab“

2202 4405 2296 4461 τοῦ
2341 4405 2579 4476 πλήθους
2629 4404 2739 4458 τῶν
2770 4405 2994 4459 ἀδικιῶν
3052 4421 3149 4458 σου
3202 4385 3551 4474 cinnamo“
3593 4393 3707 4467 μανία

2209 4516 2325 4553 σου.
2363 4517 2382 4550 ι
2414 4498 2582 4552 Ὅταν
2640 4514 2700 4550 σε
2754 4495 3137 4551 καταλάϐωσιν
3187 4498 3238 4550 ot
3283 4496 3382 4565 τῆς
3431 4487 3706 4561 παρανομίας

2209 4592 2413 4665 καρποὶ
2429 4630 2444 4656 ,
2469 4594 2561 4658 ὲγγ
2574 4592 2635 4654 ὓς
2655 4589 2712 4642 δὲ
2734 4582 2882 4643 οὗτοι
2905 4631 2921 4656 ,
2955 4589 3339 4659 ἀπεικασοήσῃ
3364 4580 3707 4655 ψευδοπροφήτῃ

2209 4685 2314 4738 ὑπὸ
2361 4683 2455 4737 τοῦ
2513 4681 2848 4745 ἐνοικοῦντος
2895 4680 3207 4752 πνεύματος
3269 4677 3620 4752 παραπαίοντι,
3646 4667 3705 4721 καὶ

2209 4779 2337 4850 τῇδε
2376 4778 2597 4832 κάκεῖσε
2640 4775 3078 4849 περιφερομένῳ.
3124 4773 3373 4842 Τοσαύτη
3402 4786 3457 4823 σε
3500 4766 3593 4820 τῶν
3614 4775 3704 4831 φρε·

2210 4873 2317 4929 νῶν
2364 4871 2618 4934 ἔκστασις
2650 4868 3021 4939 καταλήψεται
3046 4883 3060 4898 ·
3094 4864 3302 4935 ταύτην
3327 4863 3382 4917 δέ
3433 4877 3509 4913 σοι
3537 4857 3617 4924 τὴν
3640 4867 3706 4921 μα·

2210 4966 2330 5022 νίαν
2354 4963 2575 5034 ἐποίησε
2608 4960 2716 5014 τῶν
2757 4957 3113 5031 παρανομῶν
3150 4972 3245 5009 σου
3277 4953 3339 5007 τὺ
3380 4948 3580 5021 πλῆθος.

2279 5064 2351 5129 η’.
2390 5076 2409 5112 ι
2438 5052 2646 5118 Σκοπὸς
2680 5048 2922 5122 Ἐφραῒμ
2972 5045 3110 5118 μετά
3155 5044 3251 5099 τοῦ
3280 5043 3412 5098 Θεοῦ
3445 5036 3707 5129 προφήξηγ

535 5137 698 5208 pheta
728 5159 742 5196 :
778 5143 1005 5215 laqueus
1040 5158 1326 5210 tortuosos
1365 5170 1532 5226 super
1555 5171 1749 5214 omnes
1776 5159 1894 5216 vias
1927 5125 2092 5231 ej-us.i

2215 5125 2385 5224 παγὶς
2433 5145 2625 5204 σκολιά
2659 5143 2752 5199 ἐπὶ
2799 5142 2979 5206 πάσας
3024 5138 3124 5204 τὰς
3155 5137 3309 5200 ὀδοὺς
3352 5130 3561 5190 utarei:
3598 5125 3711 5176 ’Δναο

605 5305 637 5350 ιι
663 5295 770 5354 lsa.
810 5314 827 5354 ι
861 5301 981 5355 .13.
1058 5311 1083 5342 π
1115 5302 1348 5361 Malach.
1379 5308 1544 5380 1,10;
1580 5325 1643 5379 ιι,
1679 5313 1771 5368 13.
1823 5314 1972 5371 'lsa.
1997 5331 2052 5382 v,
2075 5315 2131 5371 2.

1837 5469 2072 5527 VARUE
2127 5464 2537 5526 LECTIONES.

605 5570 652 5652 δ’
676 5571 831 5652 prdie.
856 5573 934 5652 ita
957 5589 1081 5652 eum
1112 5577 1153 5634 C
1190 5578 1423 5652 legimus
1455 5579 1621 5636 Sirm.
1659 5581 1972 5652 βιώσαντες.
2047 5586 2093 5618 ’θ
2123 5584 2165 5639 C
2199 5585 2400 5645 αὐτοῖς,
2428 5580 2591 5652 juxta
2626 5591 2735 5652 εες.
2770 5576 2899 5652 ἔϐας
2973 5571 3086 5652 ἷξε
3307 5569 3352 5652 ’ἶ
3386 5549 3708 5652 ξᾷεέξ

536 5620 1153 5721 Aliam-distinctionem
1190 5620 2593 5721 iaﬁEfELﬁil'B.'a'iéf'ii’iaa).‘ﬁi‘éﬁé’éaﬁ'ﬁ;
2626 5620 2735 5702 ῐιῖἷί
2770 5620 2944 5721 iEEtiq
2973 5620 3142 5699 sum?
3172 5620 3707 5721 Mtxaw§;_0ﬁfﬂ'

537 5686 1168 5835 gigans;"55:51:32.
1198 5686 1563 5777 ἐίδνιιιῖιῑξέιῑς
1592 5686 1644 5789 r;
1667 5686 1890 5789 αι’,νξιυι
2134 5686 2218 5782 is:
2252 5686 2593 5784 “magis
2630 5686 2851 5788 res?
2880 5715 3011 5787 γάρ,
3086 5720 3129 5755 ..
3158 5686 3325 5783 me...
3381 5704 3455 5761 ει
3495 5696 3531 5752 ο
3562 5686 3703 5761 sp...

704 5799 777 5833 υπ
815 5821 828 5835 .
