3912 6206
224 332 348 400 1603
1531 339 1615 401 IN
1655 338 1845 403 OSEE
1881 338 2040 405 CAP.
2070 341 2176 403 IX.
3344 339 3482 407 1602

224 449 528 525 μνησθῆναι
584 449 849 522 προσήκει
885 449 996 503 τῶν
1050 447 1191 519 trp-3;
1231 448 1322 502 τὸν
1352 447 1614 519 Ἰεζεκιὴλ
1645 450 1789 519 εἰρη-

1907 446 2219 504 Meminisse
2281 457 2500 521 οροιιρι
2560 464 2751 506 eorum
2815 464 2937 521 qua:
2998 449 3064 507 ad
3140 448 3480 509 Ezechielem

223 542 417 613 μένων.
446 540 560 594 Καὶ
584 540 692 613 γάρ
723 539 917 611 ἐκείνῳ
942 541 970 593 ὁ
994 539 1127 603 Θεὸς
1150 538 1252 610 ἔφη
1276 557 1287 566 ·
1310 557 1329 591 ι
1359 538 1568 593 Σκοπὸν
1594 537 1789 592 δέδωκὰ

1904 537 2050 594 dicta
2099 550 2277 597 sunt:
2315 562 2334 595 ι
2380 541 2790 613 Speculatorem
2837 544 2981 599 enim
3027 543 3152 599 dedi
3206 554 3258 600 tc
3294 544 3480 602 domui

220 651 277 687 σε
312 633 392 704 τῷ
455 634 592 704 οίκῳ
657 633 895 705 Ἰσραήλ.
948 652 966 685 ι
1001 632 1116 687 Καὶ
1140 630 1376 686 ἐνταῦθα
1436 633 1573 704 πρὸς
1622 631 1789 685 πάντα

1905 630 2144 697 lsraelis,
2184 652 2203 684 ι
2235 633 2378 689 dixit
2417 636 2493 690 illi
2528 635 2794 692 Dominus
2835 635 2885 689 ί.
2937 635 3039 690 Hic
3092 652 3221 691 vero
3261 653 3481 692 omnem
3575 689 3601 706 ,

217 727 350 798 φησί
374 726 469 780 τὸν
517 726 668 790 λαὸν,
699 726 783 780 δτι
812 722 939 780 Οἷόν
968 743 1093 780 τινα
1121 726 1348 791 σκοπὸν,
1375 725 1468 778 καὶ
1509 725 1789 795 προφήτην

1915 725 2179 793 populum
2206 726 2529 797 alloquens:
2555 724 2838 798 Tanquam
2865 729 3260 797 speculatorem
3287 744 3482 798 quem-

215 818 347 872 Θεοῦ
392 817 654 888 άπεφηνά
696 835 756 871 σε
797 820 911 882 τοῖς
960 816 1289 883 πελάζουσιν
1319 816 1529 872 ἔθνεσιν
1550 860 1565 884 ,
1597 816 1687 874 ἵνα
1712 815 1789 870 διό

1903 815 2051 879 dam,
2091 817 2292 888 inquit,
2323 828 2376 875 et
2406 819 2726 890 prophetam
2764 818 2858 874 Dei
2899 821 3162 875 constitui
3200 828 3252 872 te
3285 820 3482 876 vicinis

214 910 315 980 τῆς
338 910 472 981 περὶ
500 909 561 963 σὲ
592 908 856 981 προνοίας
884 911 981 964 καὶ
1012 910 1111 980 τῆς
1159 914 1299 965 κατὰ
1325 910 1488 981 νόμον
1514 926 1608 962 σου
1645 908 1789 962 πολι-

1903 909 2182 979 gentibus,
2216 918 2369 966 utex
2418 926 2537 966 mea
2583 926 2712 981 erga
2768 919 2821 966 te
2862 910 3229 981 providentia,
3282 921 3336 966 et
3386 920 3480 966 tua

212 998 391 1064 τείας,
413 999 643 1052 κάκείνα
686 998 785 1069 τὴν
814 999 955 1071 ἐμὴν
986 999 1205 1070 δέξηται
1231 999 1463 1069 γνῶσιν·
1499 1000 1564 1055 σὺ
1606 998 1665 1053 δὲ
1690 1001 1800 1054 πᾶν

212 1092 529 1146 τούναντίον
550 1092 794 1164 εἰργάσω
810 1108 827 1124 θ
853 1094 1040 1149 σκολιὰ
1056 1094 1164 1166 γάρ
1186 1094 1371 1158 αὐτοῖς
1389 1094 1580 1162 ἐγένου
1608 1094 1800 1163 παγὶς,

212 1183 457 1256 αὐξήσας
482 1186 667 1250 αὐτοῖς
694 1187 782 1240 διά
809 1187 911 1258 τῆς
952 1187 1052 1258 σῆς
1081 1186 1398 1250 δυσσεόείας
1430 1186 1528 1257 τὴν
1572 1186 1699 1256 περί
1726 1186 1798 1240 τά

212 1277 414 1332 εἴδωλα
440 1278 762 1350 θεραπείαν.
794 1280 868 1335 Οὐ
902 1278 1011 1351 γὰρ
1045 1279 1207 1350 μόνον
1245 1280 1302 1332 ἐν
1336 1281 1454 1343 ταῖς
1486 1278 1672 1342 ἄλλαις
1699 1278 1798 1330 πό-

208 1370 331 1424 λεσι
372 1369 591 1441 βωμοὺς
620 1370 717 1425 καὶ
765 1371 968 1443 τεμένη
1020 1374 1135 1436 τοίς
1186 1372 1422 1435 εἰδώλοις
1469 1370 1796 1441 ἀνέστησας,

210 1461 349 1516 ἀλλά
377 1463 473 1516 καί
500 1461 579 1534 τῷ
624 1462 992 1535 άφιερωμένῳ
1028 1481 1119 1535 μοι
1151 1462 1257 1534 νεῷ
1286 1463 1698 1527 κατεσκεύασας
1730 1463 1798 1517 τά

207 1551 324 1606 τῶν
354 1551 591 1605 εἰδώλων
619 1552 938 1623 ἰνδάλματα.
971 1552 1143 1607 Τοῦτο
1180 1555 1288 1625 γάρ
1318 1553 1465 1624 λέγει
1497 1570 1511 1584 ⁸

289 1747 312 1781 ε
344 1730 564 1785 Μανίαν
619 1730 681 1783 ὲν
730 1730 866 1801 οἴκῳ
896 1729 1035 1784 Θεοῦ
1084 1731 1252 1785 αὑτοῦ
1304 1732 1634 1804 κατέπηξεν.
1684 1732 1796 1804 (θ’.)

1902 998 2205 1053 secundum
2235 1000 2408 1070 legem
2440 1000 2656 1055 vivendi
2688 1002 2922 1062 ratione.
2956 1001 3120 1055 etiam
3153 1002 3258 1055 illa:
3288 1001 3342 1056 in
3374 1004 3480 1058 mei

1902 1091 2275 1161 cognitionem
2294 1092 2540 1148 veniant.
2562 1096 2628 1148 At
2663 1103 2718 1147 tu
2747 1094 2933 1149 onitiia
2959 1094 3177 1164 penitus
3200 1094 3480 1153 contraria

1903 1181 2133 1238 fecisti:
2191 1197 2317 1236 nam
2379 1192 2662 1240 tortuosus
2714 1186 2825 1240 illis
2880 1185 3061 1240 factus
3112 1202 3172 1241 es
3224 1186 3481 1257 laqueus,
3590 1196 3612 1204 ‘

1903 1281 2104 1343 tuaque
2125 1274 2407 1344 impietate
2439 1274 2659 1330 illarum
2686 1292 2815 1347 erga
2843 1278 2992 1331 idola
3029 1278 3481 1348 superstitionem

1902 1362 2199 1421 adauxisti.
2230 1363 2420 1435 Neque
2456 1366 2600 1420 enim
2637 1365 2690 1420 in
2727 1368 2847 1422 aliis
2882 1367 3043 1422 modo
3073 1367 3308 1422 urbibus
3339 1368 3480 1422 alta-

1903 1457 1985 1512 ria
2017 1466 2071 1512 et
2100 1459 2327 1514 delubra
2378 1460 2540 1518 idolis
2580 1462 2925 1526 exstruxisti,
2962 1477 3152 1517 verum
3207 1462 3374 1517 etiam
3425 1462 3481 1517 in

1902 1550 2109 1620 templo
2137 1551 2269 1605 mihi
2319 1551 2577 1609 dedicato
2610 1554 2883 1609 idolorum
2915 1555 3207 1609 simulacra
3233 1554 3478 1613 erexisti.

1903 1639 2016 1694 lloc
2038 1641 2187 1695 enim
2223 1642 2360 1696 dicit
2390 1661 2404 1697 :

1979 1748 1997 1780 ‹
2036 1730 2312 1786 Insaniam
2353 1734 2407 1788 in
2435 1733 2600 1789 domo
2632 1733 2723 1789 Dei
2761 1734 2848 1790 sui
2883 1734 3147 1802 conﬁxit;
3172 1732 3364 1807 (Vsus.
3398 1735 3479 1807 9.)

213 1820 567 1892 Ἐφθάρησαν
615 1820 759 1876 κατὰ
794 1791 894 1885 τάς
930 1822 1145 1893 ἡμέρας
1179 1822 1274 1877 τοῦ
1311 1791 1551 1894 βουνοῦί-
1576 1842 1595 1877 ›
1625 1791 1719 1889 Ἐξ
1737 1791 1789 1879 οξ

1903 1823 2157 1893 Corrupti
2223 1833 2353 1880 sunt
2405 1825 2708 1881 secundum
2766 1827 2889 1885 dies
2928 1828 3112 1884 collis.
3152 1791 3190 1880 D‘
3233 1828 3308 1882 Ex
3363 1845 3480 1901 quo

211 1914 326 1972 τοῖς
366 1913 577 1983 βουνοῖς
633 1913 958 1985 προσέσχον,
1003 1914 1098 1967 καὶ
1140 1915 1238 1977 τὶς
1284 1916 1403 1969 ἐκεῖ
1437 1916 1796 1987 γενομέναςίτ

212 2004 405 2069 θυσίας
431 2004 749 2076 ἠγάπησαν,
766 2004 879 2059 τῶν
904 2005 1184 2076 λογισμῶν
1206 2006 1306 2078 τὴν
1331 2006 1487 2060 νόσον
1510 2008 1760 2074 ἐδέξαντο
1777 2026 1792 2039 ·

213 2097 352 2151 ἀλλὰ
415 2097 642 2163 τούτων,
682 2098 868 2169 φησὶν,
919 2100 1003 2153 δτι
1054 2098 1284 2170 τάχιστα
1338 2098 1571 2154 δώσουσι
1620 2100 1793 2165 δίκας.

212 2182 349 2242 Εἶτα
377 2188 480 2259 τῆς
510 2189 621 2242 τῶν
681 2191 935 2263 πατέρων
988 2191 1192 2264 ἀρετῆς
1230 2191 1639 2263 ἀναμιμνήσκει
1665 2233 1680 2259 ,
1717 2194 1798 2256 εἰς

211 2279 376 2351 ζῆλον
399 2280 597 2347 αὐτοὺς
626 2281 933 2354 διεγείρων.

281 2368 334 2423 ι’.
374 2390 393 2421 ι
432 2370 523 2434 Ὠς
549 2371 823 2443 σταφυλὴν
855 2373 915 2425 ὲν
948 2374 1139 2445 ἐρήμῳ
1172 2368 1338 2446 ηὗρον
1356 2374 1403 2407 ’⁸
1431 2373 1521 2427 τὸν
1559 2372 1794 2445 Ἰσραὴλ,

208 2461 307 2515 καὶ
338 2461 414 2526 ὡς
439 2464 646 2517 σκοπὸν
671 2464 716 2495 ¹⁴⁵
754 2466 814 2518 ὲν
873 2468 1013 2538 συκῇ
1070 2465 1320 2539 πρώῖμον
1367 2462 1510 2521 εἶδον
1553 2466 1796 2538 πατέρας

207 2555 411 2610 αὐτῶν.
441 2556 602 2609 Αὐτοὶ
626 2556 683 2610 δὲ
748 2558 1000 2630 εἰσῆλθον
1044 2559 1181 2631 πρὸς
1214 2559 1306 2614 τὸν
1342 2558 1680 2631 Βεελφεγὼρ,
1700 2561 1796 2615 καὶ

207 2650 734 2723 ἀπηλλοτριώθησαν
787 2655 868 2718 εἰς
925 2655 1212 2727 αἰσχύνην,
1250 2655 1412 2710 zeal."
1440 2658 1690 2727 ἐγένοντο
1742 2657 1793 2711 οἰ

205 2744 579 2814 ἠγαπημένοι,
610 2746 686 2808 ὼς
737 2747 785 2798 οι
836 2746 1240 2817 ἐϐδελυγμένοι.
1278 2766 1295 2798 ι
1331 2748 1543 2818 Ὠσπερ
1602 2750 1710 2819 γὰρ
1743 2748 1798 2800 εἴ

208 2849 292 2896 τις
320 2834 384 2887 ὲν
428 2836 619 2905 ἐρήμῳ
657 2839 727 2907 γῇ
778 2836 874 2890 καὶ
928 2838 1113 2906 φυτῶν
1162 2837 1396 2909 πάμπαν
1428 2839 1791 2914 ἐστερημένῃ,

1904 1923 2145 1984 tempore
2184 1916 2409 1971 collium
2466 1918 2651 1972 studio
2685 1919 2862 1974 teneri
2894 1929 3204 1990 creperum,
3253 1928 3308 1976 et
3354 1937 3478 1992 qua:

1901 2007 1972 2060 ibi
2007 2006 2206 2061 ﬁebant
2248 2008 2517 2065 sacriﬁcia
2555 2018 2905 2078 amaverunt,
2941 2011 3156 2067 insanis
3184 2012 3482 2083 cogitatioo

1899 2099 2064 2154 nibus
2098 2100 2492 2155 laboraverunt
2523 2120 2536 2157 :
2577 2103 2673 2158 sed
2710 2103 2931 2169 harum,
2965 2104 3165 2174 inquit,
3189 2105 3478 2161 celerrime

1897 2205 2091 2260 poenas
2134 2191 2366 2246 dabunt.
2430 2191 2553 2248 Mox
2606 2194 2660 2247 in
2720 2195 3041 2250 memoriam
3105 2195 3216 2251 illis
3256 2205 3481 2251 revocat

1896 2283 2161 2340 virtutem
2196 2292 2439 2354 patrum.
2471 2286 2536 2338 ad
2570 2286 2979 2341 aemulationem
3010 2300 3105 2341 eos
3138 2287 3406 2343 excitans.

1969 2374 2132 2431 Vens.
2179 2376 2266 2430 l0.
2299 2394 2317 2428 ι
2354 2376 2509 2431 Sicut
2534 2392 2692 2430 uvam
2724 2375 2779 2431 in
2814 2376 3038 2434 deserto
3079 2376 3266 2432 inveni
3302 2376 3479 2434 Israe-

1896 2461 2003 2517 lem
2030 2480 2043 2518 :
2073 2470 2128 2517 et
2157 2464 2302 2519 sicut
2337 2465 2651 2533 grossulum
2679 2480 2984 2535 praecocem
3024 2466 3080 2521 in
3111 2465 3215 2521 ﬁcu
3243 2466 3352 2522 vidi
3384 2480 3482 2537 pa-

1896 2559 2009 2608 tres
2036 2569 2252 2609 eorum.
2290 2553 2398 2624 Ipsi
2431 2564 2614 2609 autem
2647 2556 2881 2626 ingressi
2912 2565 3045 2613 sunt
3095 2558 3163 2612 ad
3212 2555 3476 2628 Beelphe-

1895 2661 2106 2717 gorem,
2133 2653 2188 2699 et
2214 2645 2512 2700 abalienati
2542 2654 2672 2701 sunt
2720 2647 2775 2701 in
2816 2648 3229 2714 confusionem,
3263 2656 3317 2704 et
3347 2648 3480 2702 farti

1896 2746 2027 2793 sunt
2066 2737 2250 2792 dilecti
2293 2738 2438 2792 sicut
2482 2739 2901 2794 abominabiles.
2936 2759 2954 2790 ι
3005 2739 3476 2804 Quemadmodum

1893 2830 2039 2885 enim
2069 2829 2115 2883 si
2166 2828 2294 2898 quis
2337 2828 2392 2883 in
2427 2836 2574 2884 terra
2610 2828 2851 2894 deserta,
2882 2827 3097 2900 1355.
3128 2837 3183 2883 et
3216 2844 3244 2882 a
3275 2829 3480 2899 plantis

205 2923 490 2997 σταφυλὴν
518 2925 670 2998 εὖροι
725 2929 819 2981 καὶ
866 2927 1032 2982 σῦκον
1073 2930 1323 3001 πρὼῖμον
1367 2931 1425 2985 ὲν
1458 2932 1620 3001 συκῇ,
1654 2930 1789 3002 μετά

1903 2935 2087 2986 vacua,
2134 2932 2295 2975 uvam
2330 2921 2627 2985 invenerit,
2678 2930 2733 2979 et
2779 2922 3019 2976 fructum
3059 2936 3362 2992 praecocem
3418 2923 3477 2977 in

205 3015 414 3088 πολλῆς
446 3016 580 3071 αὐτὸ
615 3016 874 3090 δρέπεται
900 3021 999 3091 τῆς
1038 3022 1233 3093 ήδονῆς
1257 3037 1271 3052 ⁸
1313 3020 1486 3085 οὕτως
1522 3022 1652 3093 ἐγὼ,
1683 3022 1789 3076 τῶν

1903 3013 2024 3077 licu,
2051 3028 2247 3084 magna
2284 3028 2409 3067 cum
2442 3014 2721 3070 hilaritate
2759 3014 2905 3069 illam
2939 3013 3185 3084 decerpit
3215 3031 3229 3067 :
3264 3014 3345 3069 sic
3374 3029 3480 3084 ego

204 3109 379 3163 πάλαι
440 3108 745 3181 ἀνθρώπων
814 3112 1103 3186 δυσσεϐείᾳ
1159 3114 1482 3179 συζώντων,
1536 3114 1634 3186 τήν
1690 3114 1785 3170 τοῦ

1903 3105 2040 3159 inter
2070 3105 2321 3160 homines
2357 3107 2604 3176 peccatis
2629 3107 2761 3161 olim
2793 3106 3013 3162 deditos
3039 3105 3274 3162 Abrahae
3302 3106 3477 3162 virtu-

216 3200 478 3273 Ἀϐραὰμ
521 3201 855 3272 Θεασάμενος
895 3205 1115 3277 ἀρετὴν,
1141 3205 1454 3277 ὲδρεψάμην
1478 3207 1663 3271 αὐτὸν,
1697 3209 1789 3263 καὶ

1903 3206 2003 3251 tem
2048 3212 2173 3252 cum
2214 3198 2502 3263 vidissem,
2540 3214 2665 3254 eum
2713 3198 2986 3267 decerpsi,
3029 3206 3083 3253 et
3121 3214 3245 3253 cum
3277 3213 3344 3254 eo
3382 3213 3477 3269 pa-

205 3292 311 3355 τὰς
338 3292 476 3363 πρὸς
505 3294 667 3346 αὐτὸν
720 3295 1069 3367 ἐποιησάμην
1100 3295 1400 3366 συνθήκας*
1426 3295 1569 3351 οὕτω
1607 3298 1664 3352 δὲ
1695 3300 1789 3353 καὶ

1903 3296 2040 3343 ctum
2070 3287 2188 3355 inii,
2211 3290 2515 3359 eodemque
2534 3290 2697 3345 modo
2716 3306 2839 3344 cum
2870 3289 2992 3359 ejus
3017 3290 3128 3345 ﬁlio
3155 3298 3211 3345 et
3259 3297 3472 3360 nepote.

199 3383 299 3437 τὸν
328 3384 539 3439 ἐκείνου
578 3385 713 3447 υἰὸν,
750 3386 845 3440 καί⁵
894 3387 987 3439 τὸν
1020 3387 1078 3453 ἐξ
1125 3388 1356 3442 ἐκείνου.
1401 3388 1541 3442 Ἀλλ’
1583 3393 1633 3443 οἰ
1656 3390 1699 3423 ³⁸
1730 3392 1788 3458 ἐξ

203 3475 436 3529 ἐκείνων
462 3475 605 3531 οὕτω
622 3477 667 3509 ³¹
681 3476 899 3546 φύντες,
918 3478 1119 3548 ἥκιστα
1148 3479 1245 3549 τὴν
1268 3460 1488 3534 ἐκείνων
1508 3481 1787 3553 ἐζήλωσαν

201 3568 412 3638 ἀρετήν
438 3583 452 3596 ·
490 3566 709 3623 ἔναυλον
755 3569 866 3640 γὰρ
910 3569 1124 3641 ἔχοντες
1175 3571 1285 3625 τῶν
1318 3573 1645 3644 εὐεργεσιῶν
1686 3592 1789 3645 μου

199 3656 307 3727 τὴν
371 3657 614 3728 μνήμην,
672 3658 769 3729 τὴν
832 3659 1167 3731 ἐλευθερίαν,
1224 3661 1320 3732 τήν
1382 3664 1479 3733 τῆς
1545 3664 1789 3729 δουλείας

200 3746 549 3820 ἀπαλλαγὴν,
577 3750 674 3814 τὰς
708 3753 1055 3816 παντοδαπὰς
1089 3753 1199 3805 τῶν
1250 3755 1563 3823 Αἰγυπτίων
1597 3758 1789 3826 μάστι-

199 3854 332 3904 γας,
373 3838 473 3910 τήν
523 3838 681 3911 ξένην
716 3839 803 3893 διὰ
838 3841 1111 3913 θαλάττης
1145 3843 1391 3914 πορείαν,
1418 3846 1511 3898 καὶ
1555 3847 1623 3899 τὰ
1653 3847 1787 3901 ἄλλα

198 3929 347 3983 ὅσων
397 3931 739 4003 ἀπήλαυσαν,
769 3934 862 3986 τοῦ
909 3933 1227 4005 Ιῖεελφεγὼρ
1258 3934 1356 4008 τὴν
1410 3936 1664 4009 λατρείαν
1690 3942 1786 4010 τῆς

198 4021 348 4092 ἐμῆς
402 4022 770 4095 προτετάχασι
825 4022 1124 4094 θεραπείας
1153 4066 1167 4091 ,
1203 4026 1463 4098 αἰσχύνην
1498 4029 1666 4102 μόνην
1696 4032 1784 4082 ὲν-

197 4114 399 4169 τεῦοεν
433 4115 797 4186 δρεψάμενοι·
831 4108 892 4169 οὗ
944 4117 1109 4189 χάριν
1132 4121 1180 4172 οἰ
1229 4120 1397 4174 πάλαι
1437 4122 1786 4192 ἠγαπημένοι

198 4207 585 4278 ἐϐδελυγμένοι
629 4208 978 4280 γεγένηνται.

276 4305 369 4352 ια’.
396 4317 413 4349 ι
467 4300 707 4372 Ἐρραῖμ
739 4300 812 4364 ὼς
840 4300 1026 4372 ὄρνεον
1051 4301 1406 4373 ἑξεπετάσθη.
1453 4323 1471 4356 ι
1504 4306 1659 4359 Οὖτω
1687 4324 1784 4359 τα-

1893 3378 1999 3434 Scd
2057 3381 2149 3450 qui
2200 3381 2270 3436 ab
2322 3380 2430 3436 illis
2479 3380 2561 3435 sic
2597 3381 2948 3451 prodierunt,
2992 3381 3218 3437 minime
3254 3381 3475 3436 illorum

1892 3470 2092 3524 imitati
2129 3479 2260 3527 sunt
2308 3472 2590 3526 virtutem.
2639 3472 2902 3539 Quamvis
2940 3472 3087 3528 enim
3138 3488 3331 3529 recens
3376 3473 3475 3528 ha-

1890 3560 2054 3614 beant
2082 3561 2469 3616 beneliciorum
2505 3578 2750 3617 meorum
2783 3572 3218 3629 monumentum,
3261 3567 3278 3586 ‘
3309 3564 3474 3619 liber-

1893 3661 2083 3720 tatem,
2135 3654 2427 3710 servitutis
2476 3654 2878 3725 depulsionem,
2929 3656 3254 3726 multiplicia
3309 3654 3476 3730 Egy-

1891 3750 2131 3815 ptiorum
2180 3745 2417 3817 ﬂagella,
2469 3747 2795 3802 inusitatam
2848 3747 3021 3803 maris
3064 3747 3473 3818 trajectioncm,

1889 3842 2104 3911 aliaque
2131 3843 2333 3912 quibus
2374 3842 2641 3897 illustrati
2687 3852 2836 3906 sunt,
2869 3842 3253 3915 Beelphegoris
3288 3853 3472 3900 tamen

1889 3933 2097 3987 cultum
2129 3934 2302 3988 cultui
2345 3949 2467 3989 meo
2493 3943 2956 4005 anteposuerunt,
2984 3937 3163 3992 solam
3189 3935 3474 3992 confusio-

1888 4039 2011 4080 nem
2051 4025 2179 4081 inde
2208 4026 2353 4080 nacti
2387 4044 2400 4081 :
2445 4043 2552 4097 qua
2579 4028 2648 4083 de
2682 4043 2879 4094 causa,
2912 4030 3041 4084 olim
3075 4030 3262 4087 dilecti
3290 4037 3477 4097 erant,

1888 4114 2286 4172 abominabiles
2325 4117 2456 4172 lacti
2507 4127 2659 4174 sunt.

1959 4292 2124 4346 Vens.
2167 4292 2251 4347 ll.
2293 4310 2313 4344 ι
2368 4292 2622 4362 Ephraim
2653 4296 2813 4363 quasi
2860 4295 2980 4349 avis
3026 4294 3282 4349 avolavit.
3321 4312 3340 4346 ι
3377 4293 3472 4349 Sic

198 4387 347 4459 χέως
402 4390 480 4452 είς
514 4389 611 4462 τὴν
668 4389 961 4461 ἀλλοτρίαν
1023 4391 1481 4463 μετατεθήσονται
1538 4397 1641 4467 γῆν
1677 4414 1690 4427 '
1721 4400 1783 4452 οὐ

1911 4399 1941 4435 n
1976 4385 2205 4436 alienam
2262 4393 2462 4438 terram
2497 4385 2683 4440 subito
2736 4385 3112 4440 traducentur.
3158 4385 3278 4440 Non
3320 4387 3471 4441 enim

199 4458 314 4552 γάρ
344 4482 443 4552 τῆς
484 4458 684 4553 ἀρετῆς
736 4458 993 4551 ἀγαπῶσι
1023 4458 1084 4538 τὸ
1114 4458 1290 4549 κλέος,
1327 4486 1464 4541 ἀλλὰ
1493 4458 1767 4559 τήνσπολυ-

1903 4475 2107 4529 rirtutis
2156 4474 2329 4530 decus
2377 4474 2636 4545 diligunt,
2693 4476 2793 4531 sed
2851 4490 3201 4533 numerosam
3259 4476 3469 4547 prolem

200 4572 394 4642 γονίαν
447 4574 708 4645 μεγίστην
743 4574 1185 4646 ὑπολαμϐάνουσι
1215 4576 1391 4641 δόξαν.

281 4682 301 4713 ι
340 4664 406 4716 Αἰ
453 4664 600 4729 δόξαι
641 4666 752 4736 γάρ
788 4666 989 4731 αὐτῶν,
1017 4668 1200 4738 φησὶν,
1238 4669 1300 4721 ὲκ
1334 4669 1572 4723 τοκετῶν
1594 4671 1657 4733 ³³,
1689 4671 1781 4723 καὶ

196 4752 264 4819 ἐξ
297 4751 525 4815 ὠδίνων,
557 4756 653 4809 καὶ
705 4755 1039 4827 συλλήψεων.
1080 4757 1216 4828 (ιβ’.)
1250 4760 1394 4812 Διότι
1444 4761 1537 4813 καὶ
1566 4762 1659 4814 ἐὰν
1689 4762 1777 4814 ὲκ-

197 4844 450 4916 epit,”th
481 4845 549 4899 τὰ
576 4846 743 4899 τέκνα
769 4847 971 4911 αὐτῶν,
993 4848 1462 4920 άτεκνωθήσονται
1490 4850 1548 4916 ἐξ
1579 4850 1781 4922 ἀνθρὼ-

198 4949 360 4988 πωνο
395 4934 529 4988 διότι
572 4936 666 4989 καὶ
711 4936 836 4990 οὐαὶ
882 4937 1067 5001 αὐτοῖς
1100 4939 1236 5003 ἐστι,
1278 4940 1411 4993 διότι
1452 4941 1639 5010 ἀφῆκα
1682 4942 1779 4994 αὐ-

195 5027 331 5090 τούς
347 5026 412 5081 “.
441 5045 461 5079 ι
486 5028 701 5098 Μάτην,
720 5029 903 5101 φησὶν,
926 5030 1019 5083 ἐπὶ
1047 5033 1167 5093 ταῖς
1185 5031 1530 5099 πολυγονίαις
1559 5034 1780 5103 ἐπαίρε-

200 5116 302 5171 σθε
323 5132 337 5146 ’
363 5115 534 5172 ἐπιὼν
562 5118 671 5190 γὰρ
694 5122 722 5174 ὁ
746 5120 1003 5193 πολέμιος
1030 5123 1265 5194 ἐρήμους
1287 5124 1430 5194 ὑμᾶς
1446 5127 1778 5195 καταστήσει

196 5207 311 5262 τῶν
350 5208 575 5277 παίδων,
603 5211 789 5284 ἐπειδὴ
821 5212 1016 5285 ἔρημοι
1034 5213 1135 5284 τῆς
1188 5214 1329 5285 ἐμῆς
1375 5216 1629 5286 προνοίας
1657 5216 1779 5284 ὲγέ-

281 5384 302 5421 ¹
338 5381 539 5441 Ezccb.
574 5398 663 5449 ιιι,
706 5384 795 5440 l7.

1891 4568 2183 4622 maximam
2219 4569 2428 4623 ducunt
2464 4569 2722 4640 gloriam.

1965 4679 1982 4710 ι
2024 4659 2212 4715 Gloria
2254 4661 2426 4725 enim,
2493 4661 2695 4730 inquit,
2752 4660 3022 4730 ipsorum,
3067 4658 3121 4715 in
3170 4658 3467 4730 partubus,

1888 4751 2194 4820 puerperiis
2241 4760 2294 4805 et
2319 4751 2697 4821 conceptibus.
2725 4749 2912 4820 tVsas.
2940 4748 3053 4818 12.)
3084 4748 3221 4816 Quia
3248 4748 3466 4807 etiamsi

1887 4841 2253 4895 enutriverint
2285 4841 2425 4896 ﬁlios
2450 4855 2607 4906 suos,
2631 4841 2752 4897 sine
2784 4840 2909 4895 ﬁliis
2938 4847 3100 4897 erunt
3128 4840 3197 4895 ab
3224 4840 3466 4895 homini-

1888 4932 1991 4986 bus
2020 4954 2031 4987 :
2065 4933 2193 5002 quia
2220 4940 2273 4987 ct
2293 4946 2371 4986 we
2397 4931 2478 4986 eis
2508 4940 2617 4997 est,
2648 4931 2774 5001 quia
2800 4931 2983 4986 dimisi
3012 4945 3129 4986 eos.
3163 4948 3182 4981 ι
3212 4927 3466 4995 Frustra,

1889 5024 2086 5091 inquit,
2123 5022 2419 5091 superbitis
2453 5022 2524 5078 ob
2551 5022 2847 5079 liberorum
2870 5020 3298 5077 multitudinem.
3326 5018 3467 5076 Nam

1887 5117 2105 5172 irruens
2137 5116 2313 5171 hostis
2343 5114 2532 5170 liberis
2560 5127 2656 5170 vos
2701 5114 2941 5178 orbabit,
2966 5129 3090 5169 cum
3120 5113 3465 5185 providentia

1887 5224 2008 5264 mea
2037 5208 2217 5263 orbati
2248 5207 2393 5263 sitis.
2429 5204 2527 5262 llis
2557 5204 2747 5276 adjicit
2780 5222 2795 5260 :
2853 5224 2873 5258 ι
2917 5202 3060 5261 Caro
3101 5220 3220 5261 mea
3252 5220 3321 5261 ex
3358 5206 3463 5268 eis,

1491 5474 1724 5531 VARIAB
1762 5474 2168 5533 LEC'I‘IONES.

279 5566 325 5599 "
349 5566 391 5621 C
425 5569 738 5639 γινομένας.
814 5567 859 5600 ’⁸
894 5567 974 5622 Ib.
1000 5559 1201 5639 εὗρον,
1257 5567 1302 5599 '9
1338 5566 1793 5639 axonLHoeloco
1815 5579 1867 5624 et
1906 5567 2043 5623 Nah.
2072 5582 2156 5632 ιιι,
2199 5567 2289 5630 12,
2322 5565 2523 5639 σκοπὸς
2563 5566 2632 5622 de
2684 5566 2877 5639 fru_c_tu
2901 5566 3038 5639 ﬁcus
3065 5563 3319 5620 sumitur.
3353 5560 3461 5616 Alii

198 5634 581 5714 iitroqueloco
622 5638 821 5714 h_aben_t
856 5634 1132 5714 κειρπιξνζ⁸
1162 5637 1208 5714 ’ξ
1241 5639 1334 5692 καὶ
1353 5637 1619 5714 ή-ἐξδελ.
1650 5636 1727 5714 ita
1750 5640 1903 5694 Alex.
1932 5641 2232 5714 Inversum_
2264 5637 2512 5714 ordinem
2536 5646 2711 5714 _ten_et
2764 5637 2960 5714 Vatic._
2990 5634 3227 5714 Uterque
3270 5642 3464 5685 contra

198 5704 367 5779 Πρω-ζ
443 5708 485 5740 ³³
528 5710 603 5779 οἰ,
630 5706 758 5779 Des.
799 5708 854 5764 in
878 5704 943 5765 CQ
1020 5708 1065 5742 ³³
1093 5709 1134 5767 C
1155 5705 1320 5764 οὗτοι.
1403 5708 1448 5740 ⁸⁸
1482 5707 1616 5765 Rcc.
1650 5710 1774 5766 lect.
1807 5717 1891 5766 cst
1924 5709 2120 5767 τόκων.
2197 5708 2243 5742 ³⁸
2280 5708 2327 5763 δ.
2361 5709 2458 5779 ἀφ.
2489 5708 2613 5762 αὐτ.
2645 5707 2769 5763 Hch
2804 5707 2920 5763 des.
2948 5705 3000 5759 in
3058 5704 3332 5774 plerisque
3364 5718 3460 5758 co-

199 5778 418 5836 dicibus
445 5779 554 5833 τῶν
583 5777 746 5835 LXX.
