3912 6206
531 290 669 355 1603

527 494 792 565 poi-ibitis,
826 507 1000 560 usque
1029 490 1157 544 dum
1204 504 1268 543 cx
1302 489 1457 543 vobis
1504 503 1802 557 suscepere
1848 503 2095 542 carnem.

528 582 641 636 [loc
698 581 912 650 planius
976 593 1076 632 nos
1129 578 1288 632 docet
1338 577 1559 631 divinus
1621 575 1822 631 Paulus
1891 576 2100 647 1355

523 674 608 728 his
635 671 816 726 verbis
851 689 863 725 :
911 688 931 721 ι
964 668 1084 723 Νοιι
1123 669 1273 724 enim
1319 671 1547 740 angelos
1585 671 1844 735 assumit,
1876 670 1971 725 sed
2013 686 2099 724 se-

523 780 647 819 men
690 762 924 817 Abraha:
977 764 1337 833 apprehendit
1393 775 1442 816 υ.
1488 782 1507 814 ι
1568 762 1747 816 Item:
1812 782 1830 813 ι
1866 762 2100 815 Abrahae

520 854 681 907 dictu!
705 861 831 906 sunt
855 850 1272 922 promissiones,
1291 859 1344 905 et
1373 851 1567 906 semini
1600 850 1743 920 ejus.
1768 850 1886 905 Non
1911 851 2047 904 dicit
2080 869 2094 905 :

522 943 590 996 Et
620 943 946 1005 seminibus,
979 944 1139 1012 quasi
1177 943 1231 995 in
1258 943 1446 996 multis
1470 983 1485 1003 ,
1531 943 1627 997 sed
1663 943 1819 1008 quasi
1860 943 1912 995 in
1947 959 2093 996 uno:

527 1034 549 1085 ι’
589 1034 649 1087 Ει
677 1035 870 1089 semini
912 1041 1028 1097 tuo,
1049 1033 1508 1102 quiestChristus
1535 1042 1585 1085 ν.
1620 1051 1637 1082 ι
1672 1034 1737 1086 Et
1768 1032 1895 1086 alibi
1924 1051 1936 1087 :
1968 1051 1985 1082 ι
2018 1033 2098 1085 Ex

519 1126 721 1195 quibus
770 1134 857 1179 est
909 1126 1165 1179 Christus
1221 1125 1524 1179 secundum
1579 1139 1827 1186 carnem,
1866 1123 1961 1193 qui
2014 1133 2098 1178 est

519 1232 689 1285 supra
721 1216 905 1269 omnia
936 1214 1078 1270 Deus
1113 1224 1161 1269 ι.
1205 1234 1223 1268 ι
1260 1214 1408 1269 Mille
1449 1216 1557 1268 alia
1588 1216 1833 1269 invenire
1874 1215 2003 1269 licet
2040 1215 2095 1268 in

520 1321 678 1361 sacra
726 1304 1034 1374 Scriptura.
1084 1305 1353 1370 Quoniam
1406 1303 1576 1372 igitur
1619 1317 1749 1357 caro
1801 1316 1951 1365 mea,
2010 1302 2096 1354 in—

519 1398 659 1468 quit,
713 1413 876 1467 quam
945 1405 1266 1466 sumpturus
1326 1410 1474 1459 sum,
1524 1410 1593 1449 ex
1639 1394 1775 1464 ipsis
1827 1401 1933 1458 est,
1986 1408 2092 1446 non

520 1506 748 1561 prorsus
785 1504 880 1544 eos
918 1489 1189 1551 deseram,
1231 1485 1406 1539 donec
1465 1500 1587 1539 eam
1664 1499 1982 1554 suscepere,
2040 1490 2095 1537 et

517 1581 788 1635 vocationi
864 1580 1182 1633 obedientes
1245 1577 1530 1648 delegero.
1599 1577 1714 1630 lloc
1768 1579 1934 1630 etiam
2000 1590 2095 1644 per

519 1672 711 1727 Isaiam
759 1672 1081 1740 prophetam
1131 1676 1410 1723 testatur:
1462 1685 1481 1719 ι
1531 1667 1817 1734 Quomodo
1857 1666 1904 1722 si
1942 1666 2092 1720 inve-

1520 281 2008 344 THEODORETI
2049 278 2387 342 EPlSCOPI
2427 283 2790 345 CYRENSIS

528 404 803 476 Ephraim.
862 421 880 453 ι
942 398 1323 454 Verumtamen
1394 412 1502 450 non
1565 397 1834 458 Innditns,
1894 396 2090 465 inquit,

2199 396 2372 450 νεσθε.
2443 396 2662 459 Τούτοις
2726 395 2920 462 ἐπάγει

3569 294 3672 362 1604

2972 411 2984 424 ·
3025 411 3044 444 ι
3090 394 3227 465 Σάρξ
3287 415 3374 467 μου
3536 409 3670 463 uini.»

2215 485 2472 555 Ἑφραῖμ.
2509 504 2526 534 ι
2579 485 2717 536 Ἀλλ’
2760 485 2909 553 ὅμως
2938 484 2998 536 ού
3049 484 3293 555 παντελῆ,
3321 493 3462 558 φησί,
3490 499 3674 552 πανωλε.

2202 574 2357 643 θρίαν
2402 576 2719 644 ὑπομενεῖτε
2749 613 2764 636 ,
2799 574 2901 637 ἕως
2955 573 3021 626 ἂν
3073 573 3170 644 τὴν
3229 576 3281 641 ἐξ
3315 579 3448 647 ὑμῶν
3484 584 3677 641 ἀναλὰὖω

2202 668 2398 736 σάρκα.
2426 665 2595 717 Τοῦτο
2619 665 2676 717 δέ
2718 665 3050 736 σαφέστερον
3102 667 3241 734 ἡμᾶς
3268 666 3480 724 διδάσκει
3519 676 3677 743 Παῦλος

2200 759 2228 809 ὁ
2257 757 2541 820 θεσπέσιος
2563 797 2578 822 ,
2611 757 2786 826 λέγων
2831 775 2847 790 ι
2884 776 2900 808 ι
2927 758 3010 830 ⁵Οὐ
3074 756 3180 827 γὰρ
3222 759 3446 827 ἀγγέλων
3496 766 3678 838 ἐπιλαμ.

2200 848 2439 912 ϐάνεται,
2469 848 2605 901 ἀλλὰ
2646 849 2958 920 σπέρματος
2989 847 3238 919 Ἀϐραὰμ
3271 850 3677 922 ἐπιλαμϐάνεται.ι

2199 941 2308 991 Καὶ
2369 941 2529 993 πάλιν
2563 958 2576 971 ·
2621 959 2640 992 ι
2693 941 2782 1011 Τῷ
2828 941 2884 993 δὲ
2917 939 3168 1011 ’Δσραὰμ
3219 941 3488 1013 ἐρρέθησαν
3519 949 3565 1000 αἱ
3611 952 3683 1002 ἐπ-

2199 1031 2467 1097 αγγελίαι,
2507 1032 2603 1084 καὶ
2631 1032 2708 1101 τῷ
2745 1031 3020 1101 σπέρματι
3068 1031 3232 1084 αὑτοῦ
3259 1048 3272 1062 θ
3318 1034 3372 1086 οὐ
3417 1036 3569 1104 λέγει,
3603 1042 3678 1094 Καὶ

2198 1123 2310 1183 τοῖς
2344 1121 2673 1191 σπέρμασιν,
2700 1122 2774 1185 ὡς
2816 1123 2909 1177 ἐπὶ
2971 1122 3199 1187 πολλῶν,
3256 1124 3362 1177 ἀλλ’
3385 1127 3451 1189 ὡς
3488 1128 3682 1197 ἐφ’ἐνὸς,

2199 1212 2307 1264 Καὶ
2330 1213 2409 1282 τῷ
2438 1214 2713 1283 σπέρματί
2749 1232 2865 1279 σου,
2902 1216 2959 1278 ὃς
2995 1216 3111 1267 ἐστι
3138 1214 3378 1284 Χριστός.
3414 1235 3431 1267 ι
3460 1220 3551 1271 Καὶ
3574 1222 3691 1275 ἀλλα·

2196 1302 2322 1373 χοῦ-
2356 1323 2374 1354 ι
2427 1302 2516 1368 Ἐξ
2553 1297 2629 1357 ὧν
2661 1306 2689 1358 ὁ
2733 1304 2968 1375 Χριστὸς
2996 1305 3056 1357 τὸ
3103 1304 3243 1359 κατὰ
3287 1307 3475 1377 σάρκα,
3500 1309 3683 1365 bona

2197 1397 2373 1449 πάντα
2391 1396 2435 1426 ³⁵
2468 1396 2620 1459 Θεός.
2654 1415 2674 1447 ›
2710 1397 2822 1449 Καὶ
2859 1396 3028 1467 μυρία
3054 1396 3111 1450 δὲ
3150 1398 3365 1452 τοιαῦτα
3402 1398 3529 1453 ἔστιν
3556 1402 3689 1474 εὑρεῖν

2196 1487 2346 1557 παρὰ
2370 1489 2435 1557 τῇ
2461 1486 2583 1557 Θείᾳ
2618 1488 2830 1559 Γραφῇ.
2871 1487 3093 1557 Ἐπειδὴ
3126 1488 3320 1555 τοίνυν,
3359 1490 3568 1562 φησὶν,ή
3591 1494 3687 1564 σάρξ

2199 1595 2322 1648 μου,
2353 1579 2421 1647 ἦν
2447 1579 2815 1649 ἀναλήψομαι,
2842 1579 2898 1645 ἐξ
2949 1579 3128 1633 αὐτῶν
3181 1580 3339 1644 ἐστιν,
3383 1583 3436 1633 οὐ
3477 1585 3688 1647 παντελῶς

2196 1669 2390 1732 αὐτοὺς
2417 1668 2750 1739 καταλείψω,
2779 1670 2884 1733 ἓως
2913 1668 2980 1722 ἂν
3001 1670 3207 1741 ταύτην
3227 1671 3480 1737 ἀναλάϐω,
3498 1672 3687 1738 καὶτοὺς

519 1764 702 1817 niatur
732 1765 924 1818 acinus
956 1762 1008 1815 in
1052 1762 1230 1825 botro,
1275 1769 1329 1816 et
1374 1761 1614 1815 dixerint
1649 1758 1770 1814 :Ne
1808 1759 2004 1829 perdas
2030 1760 2090 1813 il-

2193 1763 2259 1830 τῇ
2316 1760 2507 1830 κλήσει
2558 1731 2912 1830 πειθομένους
2959 1731 3273 1831 ἐκλέξομαι.
3318 1731 3477 1815 Τοῦτο
3522 1764 3599 1816 καὶ
3630 1731 3691 1817 δια

517 1857 652 1918 lum,
696 1856 954 1925 quoniam
1016 1854 1328 1909 benedictio
1382 1853 1597 1906 Domini
1646 1860 1730 1908 est
1763 1853 1816 1905 in
1861 1868 1958 1917 eo;
2011 1853 2092 1906 sic

521 1949 717 2001 faciam
773 1954 997 2016 propter
1046 1962 1171 1999 eum
1228 1946 1321 2015 qui
1377 1944 1546 1998 servit
1592 1944 1744 1998 mihi.
1796 1942 2092 2011 Propterea

520 2053 627 2093 non
671 2038 980 2106 disperdam
1024 2052 1238 2102 omnes,
1280 2044 1335 2090 et
1380 2036 1607 2089 educam
1647 2034 1716 2088 de
1760 2034 1965 2089 Jacobo
2009 2050 2091 2089 se-

518 2143 664 2191 men,
689 2137 742 2182 et
771 2129 837 2183 de
856 2127 1018 2191 Juda,
1051 2137 1105 2183 et
1134 2129 1535 2182 haereditabunt
1564 2135 1803 2181 montem
1841 2137 2090 2181 sanetum

519 2234 698 2273 meum
730 2229 783 2272 γ.
828 2239 847 2270 ι
883 2220 947 2272 Et
983 2220 1145 2288 paulo
1186 2219 1330 2272 infra
1364 2238 1379 2274 :
1423 2237 1441 2268 ι
1486 2217 1596 2273 Vos
1628 2227 1833 2281 autem,
1871 2219 1965 2288 qui
2003 2220 2094 2274 dc-

519 2311 821 2380 reliquistis
859 2309 1169 2373 Dominum,
1202 2312 1343 2366 dabo
1372 2311 1551 2380 gladio
1584 2320 1629 2364 3.
1674 2329 1690 2362 ι
1726 2311 1817 2364 Sic
1855 2311 2089 2364 ﬁliorum

518 2405 891 2459 internecione
931 2405 1208 2474 prredicta,
1249 2406 1598 2462 demonstrat
1626 2406 1852 2461 ultionis
1878 2405 2088 2474 justam

416 2515 419 2518 ‘
519 2511 761 2553 causam.
792 2497 975 2567 lnquit
1013 2497 1159 2552 enim
1191 2515 1206 2552 :

586 2756 750 2811 Vens.
788 2756 876 2810 1'5.
921 2775 940 2807 ι
974 2754 1234 2826 Ephraim
1272 2756 1328 2811 in
1371 2757 1717 2812 venationem
1772 2767 1826 2813 et
1880 2760 2091 2830 captio-

515 2865 638 2905 ιιι-ιιι
675 2848 814 2902 ﬁlios
843 2863 975 2903 suos
1007 2849 1280 2918 praebuit,
1311 2857 1366 2903 et
1398 2849 1591 2903 eduxit
1626 2850 1692 2902 ad
1740 2850 2088 2906 interfectio-

521 2962 671 2998 nem.
731 2960 749 2994 ι
790 2942 1059 3008 Quoniam
1091 2957 1187 2997 eos
1230 2957 1448 3012 semper
1494 2943 1660 2996 idolis
1689 2942 1885 3007 odert,
1929 2945 2001 3000 ob
2036 2946 2090 3000 id

2205 1851 2426 1904 Ἡσαΐου
2461 1851 2560 1922 βοᾷ
2606 1851 2700 1904 τοῦ
2742 1852 3023 1922 προφήτου
3058 1868 3071 1883 ’
3104 1871 3123 1902 ι
3169 1852 3263 1904 Ὃν
3294 1853 3476 1920 τρόπον
3518 1852 3594 1905 ἐὰν
3630 1854 3686 1905 ati-

2198 1943 2326 2013 ρεθῇ
2359 1945 2387 1996 ὁ
2422 1942 2532 2014 pth
2566 1945 2622 1995 ἐν
2655 1941 2734 2013 τῷ
2784 1942 2991 2013 βότρυῖ,
3032 1943 3127 1996 καὶ
3164 1942 3345 2013 ἐροῦσι
3369 1962 3380 1974 ο
3407 1943 3491 2012 Μὴ
3530 1942 3691 2016 inpigri}

2194 2033 2395 2095 αὑτὸν,
2431 2033 2513 2084 ὅτι
2576 2032 2795 2100 εὐλογία
2851 2032 3059 2103 Κυρίου
3112 2034 3261 2085 ἐστὶν
3304 2035 3358 2085 ἐν
3406 2031 3561 2101 αὐτῷ·
3588 2032 3690 2085 οὕτω

2193 2124 2406 2194 ποιήσω
2438 2123 2623 2176 ἕνεκεν
2652 2121 2746 2176 τοῦ
2770 2122 3115 2185 δουλεύοντάς
3153 2139 3264 2192 μοι.
3295 2123 3391 2176 Διὰ
3412 2121 3549 2174 τοῦτο
3573 2121 3620 2174 οὗ
3640 2121 3692 2191 μὴ

2192 2215 2442 2269 ἀπολέσω
2488 2214 2717 2278 πάντας,
2752 2215 2845 2269 καὶ
2875 2214 3049 2282 ἐξάξω
3095 2216 3160 2268 τὸ
3211 2213 3269 2278 ἐξ
3292 2213 3472 2267 Ἰακὼϐ
3507 2212 3690 2282 σπέρμα,

2193 2308 2288 2361 καὶ
2316 2307 2376 2360 τὸ
2415 2306 2474 2370 ἐξ
2520 2307 2712 2367 Ἰούδα,
2779 2307 2874 2359 καὶ
2927 2306 3392 2375 κληρονομήσουσι
3432 2304 3486 2356 τδ
3526 2303 3626 2374 ὅρος
3651 2300 3693 2353 τὸ

2193 2399 2355 2467 ἆγιὸν
2393 2415 2514 2467 μου.
2558 2417 2578 2449 ι
2613 2399 2720 2450 Καὶ
2754 2397 2870 2467 μετ’
2912 2397 3101 2466 ὀλίγα’
3141 2415 3161 2449 ι
3212 2397 3380 2465 ’Υμᾶς
3415 2395 3467 2447 δὲ
3494 2395 3596 2457 τοὺς
3630 2394 3693 2461 ἑγ-

2192 2489 2593 2552 καταλιπὸντας
2626 2489 2830 2561 Κύριον
2852 2490 2901 2520 ³⁸
2940 2488 3251 2559 παραδώσω
3295 2488 3369 2549 εἰς
3410 2486 3690 2557 μάχαιραν.ι

2192 2582 2348 2636 Οὕτω
2376 2583 2473 2653 τὴν
2499 2582 2606 2635 τῶν
2640 2582 2846 2634 παίδων
2899 2581 3184 2651 ἀναίρεσιν
3218 2577 3506 2650 προειπὼν,
3541 2575 3678 2629 ὑποδεί

2192 2689 2347 2726 κνυσι
2372 2672 2473 2743 τῆς
2504 2673 2772 2743 τιμωρίας
2810 2670 2872 2725 τὸ
2910 2672 3114 2726 δίκαιον
3162 2689 3175 2702 ·
3213 2671 3367 2733 αὐτὸς
3419 2669 3518 2739 γάρ
3546 2680 3690 2739 φησιν·

2265 2771 2353 2832 ιγθο
2391 2784 2408 2816 ι
2449 2765 2509 2817 '0
2549 2763 2788 2835 Ἐφραίμ
2816 2766 2895 2827 είς
2925 2761 3099 2834 θήραν
3133 2763 3205 2816 τὰ
3236 2763 3397 2815 τέκνα
3430 2759 3574 2815 αὑτοῦ
3599 2765 3697 2828 παρ-

2193 2857 2409 2928 έστησε,
2447 2858 2541 2911 καὶ
2571 2856 2840 2926 ἐξήγαγεν
2868 2857 2947 2918 είς
2977 2856 3368 2926 ἁποκέντησιν.
3409 2873 3426 2905 ι
3457 2853 3563 2917 Τοῖς
3585 2849 3693 2904 εἰδῶ·

2190 2948 2302 3012 λοις
2338 2949 2476 3002 αὐτὰ
2522 2949 2848 3019 προσφέρων
2890 2947 3130 3000 διατελεῖ
3155 2963 3170 2977 °
3207 2947 3296 3001 διὰ
3332 2946 3481 2999 τοῦτο
3506 2945 3611 3006 τοὺς
3631 2942 3699 3012 μὲν

520 3036 657 3092 tilios
682 3034 794 3104 jam
825 3042 986 3089 natos
1013 3032 1078 3087 ad
1108 3034 1310 3088 caedem
1340 3033 1505 3096 dabo,
1540 3045 1704 3102 atque
1734 3035 1885 3090 viros
1922 3037 2086 3091 steri-

2193 3043 2292 3112 ἤδη
2342 3041 2671 3111 γενομένους
2710 3042 2774 3110 τῇ
2833 3041 3014 3109 σφαγῇ
3062 3037 3401 3109 παραδώσω
3435 3034 3625 3103 ἀγόνους
3655 3031 3695 3083 δὲ

515 3125 595 3180 les
634 3126 1067 3195 infecundasque
1105 3124 1338 3179 etliciam
1384 3125 1665 3181 mulieres.
1709 3124 1827 3182 Hoc
1867 3130 2086 3198 perspi-

504 3233 676 3273 cuum
718 3220 886 3285 fecit,
924 3219 1119 3273 dicens
1153 3237 1169 3273 :

590 3308 752 3365 Vens.
790 3312 875 3366 14.
922 3329 940 3362 ι
977 3311 1050 3364 Da
1095 3311 1198 3373 eis,
1247 3310 1512 3375 Domine;
1570 3310 1701 3381 quid
1747 3311 1911 3367 dabis
1963 3312 2090 3367 eis?

515 3405 729 3457 uterum
806 3403 948 3457 ﬁlios
1018 3416 1127 3456 non
1188 3402 1495 3466 ferentem,
1562 3412 1620 3457 et
1689 3405 1856 3457 ubera
1923 3418 2089 3458 aren-

517 3495 611 3547 tia.
648 3512 666 3544 ι
705 3492 843 3558 Quia
889 3493 1036 3548 enim
1090 3492 1311 3549 donatis
1357 3493 1528 3549 rebus
1582 3494 1723 3547 male
1777 3494 1864 3548 usi
1920 3502 2087 3559 sunt,

524 3585 738 3655 1356
787 3584 1130 3654 iniquitatem
1184 3600 1377 3640 eorum
1432 3585 1833 3640 infecunditate
1869 3600 2089 3641 cessare

518 3677 734 3730 faciam.
771 3674 885 3748 [15]
919 3676 1040 3730 Mox
1072 3692 1271 3732 rursus
1292 3677 1575 3731 mentione
1604 3677 1744 3730 facta
1778 3677 1931 3732 urbis
1962 3676 2090 3730 Gal-

515 3768 601 3836 gal
626 3807 640 3830 ,
677 3779 729 3822 et
773 3768 1069 3836 impietatis
1092 3783 1216 3837 quae
1263 3767 1340 3820 ibi
1371 3765 1825 3820 committebatur
1847 3806 1861 3830 ,
1900 3773 1956 3820 et
1984 3765 2089 3819 ini-

500 3860 740 3929 quitatis
780 3859 1089 3929 principum
1118 3862 1387 3926 ipsorum,
1420 3856 1711 3925 subjnnxit
1740 3874 1753 3908 :

585 3948 753 4003 Vsus.
783 3947 850 4002 16
872 3985 888 4009 ,
922 3948 1008 4000 i7.
1049 3966 1068 3997 ι
1101 3946 1286 4000 Doluit
1320 3945 1574 4014 prraim
1599 3983 1615 4007 ,
1652 3944 1924 3998 radicitus
1971 3959 2086 4000 are-

517 4040 693 4095 factus
720 4044 825 4100 est,
861 4036 1097 4089 fructum
1127 4048 1473 4104 nequaquam
1513 4032 1747 4087 aderet:
1784 4035 1940 4102 quia,
1979 4035 2085 4089 etsi

515 4128 843 4197 genuerint,
889 4124 1217 4179 interlieiam
1251 4121 1645 4176 desiderabilia
1687 4122 1830 4175 uteri
1875 4136 2086 4178 eorum.

516 4220 762 4291 Itepellet
797 4233 892 4273 eos
930 4218 1111 4275 Deus,
1145 4215 1275 4284 quia
1313 4228 1421 4267 non
1461 4213 1794 4268 audiverunt
1836 4229 1961 4269 eum
1984 4256 1998 4280 ,
2035 4222 2089 4269 et

516 4319 684 4363 erunt
701 4308 819 4378 vagi
840 4307 892 4359 in
916 4303 1257 4358 nationibus.
1279 4319 1299 4353 ι
1323 4299 1572 4355 Radicem
1600 4303 1817 4357 vocavit
1838 4318 2084 4373 regnum,

2192 3134 2318 3197 τοὺς
2353 3132 2570 3202 ἄνδρας,
2616 3131 2709 3184 καί⁵
2742 3130 3001 3201 στερίφας
3034 3130 3307 3198 ἀποφανῶ
3348 3127 3442 3192 τὰς
3483 3128 3699 3196 γυναῖκας.

2192 3224 2362 3279 Τοῦτο
2384 3224 2491 3294 γὰρ
2517 3222 2809 3294 ἐσήμανεν,
2848 3222 3085 3293 εἰρηκώς
3107 3235 3124 3252 .

2264 3315 2349 3370 ιδ’.
2383 3335 2401 3367 ‹
2427 3315 2523 3378 Δὸς
2546 3315 2750 3377 αὐτοῖς,
2775 3315 2965 3386 Κύριε
2984 3314 3037 3367 τί
3062 3313 3261 3378 δώσεις
3296 3315 3471 3375 αὐτοῖς
3490 3354 3502 3376 ,
3529 3310 3702 3380 Μήτραν

2189 3405 2551 3467 ἀτεκνοῦσαν,
2613 3405 2704 3456 καὶ
2766 3406 3003 3474 μαστοὺς
3054 3403 3278 3475 ξηρούς.
3328 3422 3346 3455 ι
3394 3399 3588 3467 Ἐπειδὴ
3625 3397 3700 3463 γὰρ

2192 3496 2379 3561 κακῶς
2430 3499 2543 3560 τοῖς
2597 3496 2797 3548 δοθεῖσι
2885 3496 3211 3565 κέχρηνται,
3279 3494 3376 3563 τὴν
3432 3485 3703 3560 παρανομίαν

2191 3591 2384 3644 παύσω
2409 3592 2473 3660 τῇ
2505 3589 2715 3658 ἁγονίᾳ.
2743 3583 2877 3639 Εἶτα
2903 3587 3063 3640 πάλιν
3090 3587 3204 3639 τῶν
3234 3584 3514 3653 Γαλγάλων
3546 3591 3703 3650 μνημο·

2189 3682 2406 3745 νεύσας,
2441 3681 2533 3734 καὶ
2562 3680 2662 3750 τῆς
2692 3681 2808 3731 ἐκεῖ
2848 3679 3184 3748 τελουμένης
3227 3676 3496 3739 ἀσεϐείας,
3535 3672 3613 3725 καὶ
3636 3667 3704 3738 τῆς

2188 3775 2293 3828 τῶν
2325 3775 2599 3845 ἀρχόντων
2635 3771 2821 3826 αὐτῶν
2850 3770 3228 3841 παρανομίας,
3256 3770 3553 3839 ἐπήγαγεν

2262 3949 2357 4014 ις’,
2396 3950 2482 4014 ιζ’.
2530 3968 2550 4003 ι
2609 3949 2894 4003 Ἐπὸνεσεν
2951 3949 3218 4020 Ἐφραῒμ,
3257 3947 3357 4010 τὰς
3400 3943 3542 4018 ῥίζας
3585 3935 3704 3994 αὑτοῦ

2189 4041 2493 4112 ἐξηράνυηο
2535 4042 2747 4111 καρπὸν
2786 4041 2968 4094 οὐκέτι
3013 4042 3073 4094 οὐ
3112 4041 3192 4112 μὴ
3225 4040 3457 4111 ἐνέγκῃ·
3489 4035 3603 4090 διότι
3637 4030 3705 4083 ἐὰν

2189 4135 2283 4186 καὶ
2311 4133 2668 4202 γεννήσωσιν,
2693 4132 2979 4185 ἀποκτενῶ
3006 4133 3075 4184 τὰ
3101 4132 3498 4202 ἐπιθυμήματα
3521 4127 3605 4193 τῆς
3627 4135 3706 4172 κοί·

2186 4225 2305 4289 λίας
2336 4225 2535 4278 αὐτῶν.
2589 4222 2895 4276 Ἀπὼσεται
2929 4223 3126 4287 αὐτοὺς
3170 4225 3201 4276 ὁ
3233 4222 3389 4287 Θεὸς,
3418 4221 3495 4275 ὅτι
3522 4217 3607 4270 οὐκ
3627 4211 3707 4264 εἱσ-

2188 4318 2427 4388 ήκουσαν
2447 4315 2636 4378 αὑτοῦ,
2663 4316 2753 4368 καὶ
2773 4314 2987 4368 ἔσονται
3015 4314 3294 4383 πλανῆται
3318 4314 3376 4365 ἐν
3397 4313 3503 4373 τοῖς
3525 4305 3703 4360 ἔθνεσι.»

513 4401 657 4469 quod
684 4397 950 4453 radicitus
976 4394 1331 4449 Salmanasar
1358 4393 1576 4459 evertit,
1608 4408 1734 4447 cum
1761 4396 2077 4449 vastitatem

2194 4409 2391 4470 .Pié'ar
2416 4407 2642 4461 ἐκάλεσε
2680 4406 2778 4476 τὴν
2815 4406 3115 4497 βασιλείαν,
3158 4406 3228 4476 ἢν
3262 4401 3545 4475 πρόρριζον
3559 4399 3593 4497 ’ὁ
3612 4392 3709 4497 25d-

515 4491 702 4545 intulit
751 4488 1032 4544 Samarize.
1071 4485 1199 4539 Post
1231 4485 1397 4554 hujus
1430 4492 1612 4540 autem
1654 4486 2076 4550 obsessionem,

515 4596 623 4635 non
659 4579 894 4646 amplius
925 4590 1109 4646 regem
1135 4574 1449 4631 habuerunt
1480 4576 1670 4632 decem
1698 4577 1896 4632 tribus.
1925 4577 2081 4643 Quod

2189 4502 2439 4573 μανάσαρ
2479 4497 2801 4563 ἀνέσπασεν,
2848 4485 3152 4549 ἀνάσταῖον
3187 4491 3501 4563 πεποιηκὼς
3526 4489 3608 4557 τὴν
3633 4485 3707 4535 Σα-

2189 4594 2442 4664 μάρειαν.
2502 4589 2659 4643 Μετὰ
2703 4588 2761 4641 δὲ
2799 4588 2899 4657 τὴν
2940 4586 3149 4658 ταύτης
3200 4585 3533 4657 πολιορκίαν,
3572 4573 3707 4631 οὐκέτι

517 4685 644 4724 vero
673 4671 746 4721 ait
776 4686 790 4721 :
834 4687 852 4718 ‹
892 4664 1066 4720 Erunt
1090 4667 1215 4737 vagi
1249 4667 1302 4722 in
1337 4667 1693 4733 nationibus,
1730 4687 1750 4720 ι
1787 4670 2083 4739 perspicue

2193 4682 2340 4753 ἔσχον
2384 4682 2440 4734 αἱ
2474 4679 2607 4734 δέκα
2641 4679 2805 4747 φυλαὶ
2856 4678 3082 4749 βασιλέα
3107 4681 3187 4711 ³⁷⁸
3244 4678 3306 4730 τὺ
3334 4678 3410 4740 δὲ,
3450 4693 3469 4725 ι
3510 4672 3708 4724 Ἔσονται

513 4773 702 4813 eorum
727 4757 974 4813 ostendit
999 4757 1413 4828 dispersionem.

1095 4955 1322 5012 CAPUT
1402 4956 1469 5012 Χ.

584 5045 748 5103 Vens.
792 5048 843 5102 1.
886 5067 905 5098 ι
938 5047 1080 5104 Vitis
1112 5048 1373 5103 frondosa
1410 5048 1614 5112 Israel,
1654 5047 1872 5104 fruetus
1901 5048 2080 5104 abun-

488 5141 653 5195 ‘dans
683 5140 738 5195 in
779 5155 861 5195 ea.
905 5157 922 5190 ι
966 5139 1010 5192 Α
1042 5141 1228 5195 multis
1258 5140 1542 5210 prophetis
1583 5140 1723 5194 hanc
1755 5141 2081 5210 appellatio-

517 5246 636 5286 nem
675 5230 907 5300 accepit.
952 5228 1121 5284 Isaias
1161 5230 1308 5284 enim
1337 5230 1650 5285 exclamat:
1706 5248 1724 5280 ι
1759 5228 1931 5284 Vinea
1970 5228 2076 5283 Do-

594 5398 619 5426 ιι
648 5384 816 5440 Hebr.
861 5398 920 5447 ιι,
958 5381 1045 5436 l6.
1121 5391 1148 5422 ν
1174 5381 1349 5436 Galat.
1388 5398 1471 5443 ιιι,
1510 5382 1598 5438 16.
1674 5393 1699 5421 ³
1741 5382 1901 5441 Rom.
1933 5400 2010 5450 ix,
2035 5385 2086 5439 5.

2219 5385 2325 5441 lsa.
2349 5399 2472 5445 va,
2518 5381 2573 5447 8,
2606 5382 2660 5436 9.

2186 4773 2456 4840 πλανῆται
2485 4773 2541 4824 ἐν
2582 4772 2694 4833 τοῖς
2732 4769 2931 4834 ἔθνεσι,
2969 4789 2987 4821 ι
3032 4769 3228 4840 σαφῶς
3271 4766 3450 4821 αὐτῶν
3480 4760 3611 4834 δηλοῖ
3637 4754 3708 4824 τὴν

2187 4865 2509 4935 διασπορὰν.

2778 4953 3029 5007 ΚΕΦΑΛ.
3087 4953 3146 5005 Ῑ’.

2257 5053 2328 5101 α’.
2370 5064 2389 5097 ι
2422 5047 2701 5116 ἸΑμπελος
2744 5043 3169 5117 εὐκληματοῦσα
3222 5037 3455 5111 Ἰσραὴλ,
3489 5038 3515 5089 ὁ
3551 5025 3712 5097 καρπδῖ

2188 5139 2357 5209 αὐτῆς
2408 5137 2671 5205 εὐθηνῶν.
2703 5157 2721 5188 ι
2765 5136 2922 5206 Παρὰ
2964 5135 3179 5190 πολλῶν
3227 5127 3517 5204 προφητῶν
3552 5118 3711 5209 ταύτην

2186 5229 2284 5299 τὴν
2316 5207 2699 5299 προσηγορίαν
2751 5224 2986 5290 ἐδέξατο.
3042 5225 3156 5277 Καὶ
3209 5221 3323 5293 γὰρ
3355 5218 3570 5276 Ἡσαΐας
3602 5207 3703 5280 βοῒ

2740 5393 2762 5419 ι
2800 5381 2933 5437 ibid.
2977 5381 3061 5435 12.

1799 5537 2035 5592 VARUS
2075 5536 2484 5593 LECTIONES.
3564 5591 3570 5597 .

605 5657 647 5687 ³⁸⁵
676 5655 716 5709 C
752 5654 1165 5723 πάντων,ῇιικιιι
1197 5667 1305 5707 rec.
1342 5652 1469 5723 lect.
1512 5652 1548 5704 l.
1584 5668 1634 5704 c.
1673 5649 1914 5723 Utraque
1944 5654 2106 5707 lectio
2144 5661 2325 5708 exstat
2356 5651 2517 5718 infra,
2550 5659 2590 5707 t.
2624 5649 2709 5716 ΙΙΙ,
2754 5650 2807 5705 in
2836 5650 3001 5720 epist.
3037 5650 3099 5706 ad
3146 5647 3309 5705 Rom.
3346 5645 3380 5701 l.
3410 5658 3460 5699 c.
3526 5637 3566 5669 "
3592 5626 3704 5699 K59-

510 5727 552 5779 (ᾧ
584 5728 666 5793 μέ.

747 5727 785 5756 ³⁷
808 5727 929 5794 βασ.
969 5721 1047 5780 lla
1069 5724 1108 5779 C
1136 5740 1233 5796 pro
1264 5722 1558 5793 βασιλείαν,
1584 5731 1642 5775 ιιι
1673 5721 1839 5778 Sirm.
1869 5724 2121 5778 habebnt.
