3912 6206
220 284 353 352 1605

1571 300 1654 358 ΙΝ
1683 302 1871 361 OSEE
1913 303 2071 364 CAP.
2104 305 2175 363 X.

3328 299 3468 367 ιὸθϐ

221 416 241 454 ε
288 400 351 453 ’0
403 399 667 470 ἀμπελὼν
700 401 910 473 Κυρίου
943 403 1170 456 Σαϐαὼθ
1225 400 1370 469 οἶκος
1418 406 1512 459 τοῦ
1575 408 1778 480 Ἰσραήλ

1897 414 2029 467 mini
2056 414 2399 469 exercituum
2428 415 2629 470 domus
2662 415 2892 471 'lsraclis
2922 426 3005 470 cst
3038 427 3084 469 ει.
3134 435 3150 466 ι
3189 413 3250 468 Et
3294 413 3464 468 David

214 496 347 546 ἐστι.
388 511 407 543 ι
439 494 549 545 Καὶ
579 495 607 546 ὁ
630 492 793 547 Δαδὶδ
823 495 928 567 πρὸ
954 497 1160 550 ἐκείνου
1184 514 1195 526 ·
1233 499 1510 568 ’Ἄμπελον
1531 500 1589 565 ἐξ
1615 502 1782 568 Αἰγύ-

215 603 348 640 πτου
389 587 653 656 μετῆρας.
688 605 707 635 ι
748 588 856 641 Καὶ
887 591 915 642 ὀ
948 589 1081 654 Θεὸς
1112 590 1201 644 διὰ
1232 592 1530 663 Ἱερεμίου’
1578 611 1596 644 ι
1644 595 1788 662 Ἐγὼ

211 676 265 730 δὲ
293 675 570 745 ἐφύτευσα
605 695 664 730 σε
700 679 943 750 ἄμπελον
972 684 1343 754 καρποφόρον,
1382 686 1562 739 πᾶσαν
1594 687 1785 756 ἀληθι-

211 769 326 837 νήν.
366 787 386 820 ι
433 767 543 821 Καὶ
581 770 610 822 ὁ
654 770 856 841 Κύριος
898 773 957 825 ἐν
1000 775 1112 836 τοῖς
1154 773 1546 843 Εὑαγγελίοις⁶
1590 794 1610 828 ‹
1654 777 1785 829 Ἀν-

210 857 428 928 θρωπός
463 876 548 922 τις
593 858 888 928 ἐφύτευσεν
933 863 1251 933 ἀμπελῶνα,
1307 867 1401 918 καὶ
1447 854 1657 932 ἐξέδοτο
1682 868 1783 920 αὖ·

209 948 299 1003 τὸν
338 953 635 1018 γεωργοῖς.
674 953 768 1004 καὶ
812 952 1155 1025 ἀπεδήμησε.
1204 976 1223 1008 ι
1263 958 1436 1011 Καλεί
1466 959 1644 1013 τοίνυν
1690 961 1785 1014 καὶ

207 1039 442 1093 ἐνταῦθα
475 1042 983 1110 εὐκληματσῦσαν
1003 1043 1277 1113 ἄμπελον
1298 1047 1389 1101 τὸν
1418 1049 1658 1120 Ἰσραὴλ,
1691 1050 1785 1104 καὶ

210 1130 304 1183 τὸν
335 1130 730 1201 καρπδναὺτῆς
758 1133 1229 1199 εὐθηνοῦντα,ού
1259 1135 1348 1189 διὰ
1366 1137 1465 1207 τὴν
1502 1137 1783 1191 εὐσέϐειαν

208 1222 304 1274 καὶ
333 1221 434 1292 τὴν
467 1221 631 1291 ἄλλην
674 1221 896 1293 ἀρετὴν,
935 1223 1032 1276 τοῦ
1084 1225 1141 1278 δὲ
1187 1224 1425 1297 πλήθους
1475 1228 1634 1297 χάριν
1676 1228 1784 1282 τῶν

205 1312 518 1381 ἀπογόνων.
556 1313 666 1365 Καὶ
715 1311 870 1364 τοῦτο
924 1313 1082 1384 δῆλον
1128 1316 1461 1388 πεποίηκεν,
1513 1317 1780 1389 εἰρηκώς·

210 1424 229 1455 ι
276 1402 437 1454 Κατὰ
469 1401 529 1454 τὺ
557 1401 761 1471 πλῆθος
789 1401 897 1454 τῶν
925 1404 1153 1475 καρπῶν
1196 1406 1361 1459 αὑτοῦ
1406 1407 1674 1478 ἐπλήθυνε
1716 1409 1785 1462 τὰ

206 1493 589 1565 θυσιαστήρια.
633 1513 653 1545 ι
701 1493 1059 1564 Αὐξηθέντες,
1091 1498 1245 1566 φησὶ,
1277 1499 1370 1551 καὶ¹
1412 1499 1595 1553 πολλοὶ
1624 1516 1784 1568 γεγο-

206 1585 378 1649 νότες,
401 1585 679 1656 πανταχοῦ
703 1584 1061 1657 θυσιαστήρια
1090 1591 1201 1652 τοῖς
1222 1589 1459 1654 εἰδώλοις
1482 1591 1781 1660 ἐδείμαντο.

212 1696 231 1729 ι
259 1678 418 1731 Κατὰ
432 1677 503 1731 τὰ
524 1677 704 1745 ἀγαθὰ
725 1678 826 1749 τῆς
844 1679 948 1749 γῆς
965 1680 1131 1732 αὑτοῦ
1157 1681 1474 1752 ᾠκοδόμησε
1506 1684 1736 1755 στήλας.
1757 1704 1776 1737 ι

1889 516 2016 559 ante
2060 508 2211 560 illum
2244 523 2257 556 ε
2298 527 2316 558 ι
2346 505 2575 562 Vineam
2606 508 2675 564 de
2707 506 2942 578 IEgypto
2985 507 3319 561 transtulisti
3352 506 3400 560 δ.
3439 525 3459 556 ο

1890 597 2027 651 Tum
2064 597 2327 655 Dominus
2371 614 2465 667 per
2488 598 2786 654 Jeremiam
2821 617 2834 652 :
2879 618 2897 648 ι
2933 596 3044 667 Ego
3078 605 3259 651 autem
3299 597 3464 666 plan-

1891 691 1999 743 tavi
2047 697 2101 743 te
2152 691 2318 746 vitem
2362 690 2708 760 frugiferam,
2751 699 2922 743 totam
2955 704 3132 742 veram
3179 702 3224 741 υ.
3261 706 3278 739 ι
3325 685 3463 740 Τυιη

1887 779 2144 835 Christus
2179 780 2234 834 in
2272 780 2623 849 Evangeliis:
2669 798 2688 831 ι
2727 781 2903 832 Homo
2938 779 3163 848 quidam
3198 777 3466 848 plantavit

1888 871 2102 925 vineam
2131 910 2146 935 ,
2179 878 2234 926 et
2265 872 2469 926 locavit
2515 887 2636 926 eam
2675 871 2895 927 colonis
2918 909 2931 933 ,
2986 880 3039 923 et
3090 870 3206 940 ipse
3241 882 3468 939 peregre

1887 961 2022 1015 abiit
2051 961 2101 1017 ἀ.
2140 981 2157 1015 ι
2208 961 2325 1018 Hoc
2368 963 2535 1032 igitur
2573 962 2739 1017 etiam
2792 961 2914 1015 loco
2963 962 3119 1014 vitem
3159 959 3465 1030 frondosam

1886 1062 2046 1108 vocat
2089 1055 2368 1117 lsraelem,
2402 1063 2456 1110 et
2497 1053 2737 1108 fructum
2768 1054 2888 1123 ejus
2921 1053 3317 1116 abundantem,
3356 1067 3465 1105 non

1889 1153 2112 1213 propter
2137 1144 2260 1212 cjus
2293 1144 2550 1213 pietatem
2578 1146 2786 1199 aliasve
2818 1144 3086 1207 virtutes,
3116 1142 3212 1198 sed
3243 1151 3467 1211 pr0pter

1887 1236 2185 1291 liberorum
2230 1235 2665 1290 multitudinem.
2714 1234 2765 1288 Id
2809 1235 2955 1303 quod
2991 1234 3334 1299 declaravit,
3377 1233 3465 1287 di-

1886 1340 2057 1380 cens:
2118 1344 2137 1377 ‹
2180 1325 2494 1380 Secundum
2540 1325 2958 1381 multitudinem
3002 1325 3284 1379 fructuum
3329 1340 3462 1379 suo-

1885 1431 2008 1469 rum
2042 1416 2432 1486 multiplicavit
2476 1416 2690 1470 altaria.
2739 1434 2757 1466 ι
2804 1416 3160 1472 Multitudine
3185 1459 3201 1484 ,
3234 1417 3414 1487 inquit
3443 1455 3460 1481 ,

1886 1508 2089 1572 aucti,
2139 1510 2343 1578 passim
2391 1509 2588 1565 altaria
2657 1508 2869 1581 1357
2925 1509 3090 1565 idolis
3145 1519 3464 1565 erexerunt.

1892 1619 1911 1651 ι
1947 1599 2111 1655 Juxta
2149 1600 2292 1656 bona
2327 1609 2490 1657 terra:
2522 1617 2635 1658 sua:
2667 1602 2940 1658 exstruxit
2986 1603 3196 1659 titulos.
3231 1622 3250 1656 ›
3294 1604 3463 1660 Bonis

1886 1693 2059 1757 meis,
2103 1694 2317 1763 inquit,
2372 1709 2473 1764 pro
2513 1694 2838 1751 defensione
2885 1694 3155 1751 idolorum
3201 1704 3457 1763 utentes,

208 1770 336 1834 Τοῖς
367 1772 541 1841 ἐμοῖς,
579 1775 765 1844 φησιν,
803 1773 1291 1845 ὑπερμαχήσαντες
1316 1774 1361 1808 ³⁸
1392 1776 1619 1846 ἀγαθοῖς
1649 1778 1778 1850 στή-

1889 1792 2100 1841 statuas
2129 1786 2236 1841 illis
2263 1787 2669 1842 excitaverunt.

205 1862 302 1926 λας
325 1865 441 1926 τοῖς
475 1864 714 1928 εἰδώλοις
740 1865 1066 1936 ἀνέστησαν.

274 1956 340 2025 β’.
392 1974 411 2007 ‹
459 1956 750 2027 Ἐμέρισαν
779 1959 1006 2030 καρδίας
1033 1959 1234 2015 αὐτῶν.
1277 1980 1296 2012 ι
1346 1960 1481 2014 Οὔτε
1513 1961 1621 2032 γὰρ
1652 1962 1782 2033 περὶ

202 2047 389 2100 ἐκεῖνα
416 2045 512 2116 τὴν
541 2046 753 2102 εὔνοιαν
791 2047 1136 2118 διεφύλαξαν,
1169 2049 1305 2104 ἀλλὰ
1331 2051 1427 2106 νῦν
1463 2052 1560 2122 μὲν
1601 2052 1779 2117 τοῦτο,

201 2139 297 2193 νῦν
332 2140 391 2192 δὲ
435 2141 610 2193 ἐκεῖνο
640 2140 887 2204 σέϐοντες
918 2141 980 2194 τὸ
1025 2142 1245 2196 εἴδωλον
1266 2142 1595 2198 διετέλεσαν.
1641 2143 1781 2197 Ἀλλ’

199 2230 314 2297 ἐγὼ
344 2235 441 2284 καὶ
469 2231 667 2296 αὐτοὺς
712 2237 893 2305 σφαγῇ
931 2236 1023 2287 καὶ
1059 2235 1275 2306 δουλείᾳ
1305 2235 1647 2307 παραδώσω,
1687 2235 1782 2288 καὶ

198 2321 374 2375 ταῦτα
405 2322 608 2393 φροῦδα
643 2324 872 2394 ποιήσω.
916 2320 1046 2377 Εἶτα
1083 2325 1320 2379 διδάσκει
1352 2327 1550 2389 αὐτοὺς
1577 2327 1781 2391 ὁποίοις

199 2416 472 2487 προσήκει
506 2414 1012 2486 μεταμελουμένους
1043 2418 1352 2489 χρήσασθαι
1379 2418 1580 2487 λόγοις.

276 2517 349 2579 γ’,
378 2509 439 2563 δ’.
487 2528 503 2561 ι
539 2509 655 2561 Νῦν
685 2509 898 2578 ἐροῦσιν
918 2528 930 2540 -
969 2511 1081 2562 Οὐκ
1107 2510 1219 2563 ἔστι
1243 2510 1495 2580 βασιλεὺς
1524 2513 1675 2582 ἡμῖν,
1697 2512 1779 2564 ὅτι

196 2601 298 2654 οὐκ
326 2599 675 2671 ἐφοϐήθημεν
694 2601 784 2653 τὸν
815 2601 1018 2671 Κύριον
1035 2619 1046 2632 ·
1071 2603 1099 2654 ὁ
1118 2601 1174 2654 δὲ
1206 2601 1460 2671 βασιλεὺς
1484 2602 1536 2654 τί
1566 2603 1779 2672 ποιήσει

197 2696 367 2764 ήμίν;
392 2691 583 2745 Λαλῶν
610 2693 849 2763 ῥήματα,
873 2693 1175 2763 προφάσεις
1198 2693 1434 2761 ψευδεῖς,
1463 2693 1779 2764 διαθήσεται

198 2786 489 2859 διαθήκην.
535 2805 553 2836 ι
611 2786 881 2855 Οὐδεμιᾶς
929 2785 1073 2855 γὰρ,
1123 2786 1317 2855 φησὶν,
1353 2784 1460 2839 ἀπὸ
1497 2784 1591 2837 τοῦ
1631 2785 1783 2855 βασι-

199 2879 337 2940 λέως
382 2878 765 2948 τετυχήκαμεν
814 2877 1166 2948 ἐπικουρίας·
1231 2878 1326 2930 καὶ
1366 2877 1483 2930 δέον
1526 2879 1676 2948 ἡμᾶς
1703 2876 1781 2947 τῷ

199 2970 318 3041 Θεῷ
346 2970 591 3041 θαρρεῖν,
612 2969 689 3038 τῷ
711 2969 1057 3038 παντοδαπῆς
1077 2970 1221 3039 ἡμᾶς
1241 2968 1476 3033 ἀξιοῦντι
1501 2970 1775 3040 προνοίας,

198 3061 473 3134 ἀνθρώπῳ
501 3061 922 3132 τεθαρῤήκαμεν
964 3062 1117 3113 οὐδὲν
1161 3061 1357 3129 ἀληθὲς
1400 3061 1775 3131 φθεγγομένῳ,

1958 1963 2126 2020 Vsus.
2168 1964 2222 2019 2.
2272 1987 2292 2018 ί
2328 1964 2646 2022 Diviserunt
2685 1965 2851 2022 corda
2890 1981 3013 2022 sua.
3047 1986 3064 2018 ι
3099 1964 3177 2020 Nc
3204 1981 3331 2039 erga
3364 1965 3456 2020 illa

1882 2057 2103 2125 quidem
2136 2058 2379 2113 studium
2416 2069 2469 2113 et
2494 2074 2739 2114 amorem
2772 2067 3155 2124 servaverunt,
3189 2060 3281 2113 sed
3311 2073 3459 2113 nunc

1884 2149 2010 2212 boc,
2038 2165 2186 2202 nunc
2224 2149 2355 2203 illud
2401 2151 2606 2205 idolum
2639 2152 2954 2205 coluerunt.
2994 2150 3105 2221 Ego
3140 2166 3269 2205 vero
3310 2160 3364 2204 et
3403 2151 3461 2204 in

1888 2240 2226 2294 occisionem
2257 2285 2270 2305 ,
2304 2252 2359 2294 et
2387 2241 2442 2294 in
2474 2241 2795 2296 servitutem
2842 2257 2938 2297 eos
2973 2241 3180 2295 tradam
3207 2281 3223 2305 ,
3257 2252 3309 2295 ct
3339 2240 3462 2295 fun—

1884 2329 2031 2383 ditus
2073 2328 2164 2382 illa
2207 2328 2423 2383 delebo.
2468 2327 2662 2382 Postea
2698 2327 2858 2382 docet
2890 2328 3014 2381 illos
3045 2368 3059 2392 ,
3102 2327 3304 2397 quibus
3336 2341 3463 2380 ver-

1882 2421 1967 2476 bis
1993 2436 2088 2476 eos
2127 2422 2203 2475 uti
2240 2421 2568 2484 conveniat,
2605 2420 2652 2475 si
2685 2420 3102 2490 resipiscerent.

1958 2513 2120 2568 Vens.
2161 2515 2216 2579 '5,
2249 2514 2304 2567 4.
2355 2531 2373 2563 ‹
2425 2511 2583 2565 Nunc
2640 2511 2827 2565 dicent
2867 2529 2878 2564 :
2911 2509 3028 2565 Non
3051 2520 3135 2564 cst
3161 2525 3252 2563 rex
3281 2509 3461 2572 nobis,

1881 2605 2009 2675 quia
2038 2622 2146 2658 non
2183 2605 2468 2659 timuimus
2498 2603 2790 2657 Dominum
2819 2619 2832 2655 :
2865 2616 2961 2655 rex
2994 2609 3176 2655 autem
3207 2598 3338 2668 quid
3375 2598 3459 2651 fa-

1882 2696 1989 2750 ciet
2024 2694 2226 2749 nobis?
2263 2693 2516 2763 Loquens
2550 2694 2745 2755 verba,
2785 2691 3110 2746 occasiones
3143 2690 3460 2757 mendaces,

1882 2789 2138 2858 disponet
2167 2794 2582 2842 testamentum.
2623 2805 2641 2836 ι
2683 2782 2901 2838 Nullum
2937 2783 3081 2838 enim
3108 2823 3123 2848 ,
3167 2782 3389 2847 dicent,
3428 2796 3459 2835 a

1881 2898 2008 2951 rege
2034 2878 2344 2936 subsidium
2377 2876 2624 2932 assecuti
2661 2890 2856 2931 sumus
2891 2890 3008 2938 :ae,
3044 2888 3167 2927 cum
3191 2889 3287 2941 par
3313 2880 3461 2928 esset

1882 2971 1995 3028 Deo
2041 2970 2353 3032 conlidere,
2397 2970 2491 3037 qui
2558 2983 2659 3021 nos
2726 2982 2796 3021 on
2821 2966 2912 3020 ni‘
2947 2966 3155 3020 ratione
3198 2964 3455 3027 fovebat,

1885 3063 2127 3118 hominis
2175 3062 2370 3116 tiducia
2404 3059 2518 3114 nixi
2562 3059 2769 3113 fuimus
2817 3056 3107 3112 tncudacia
3144 3056 3456 3125 loquentis,

200 3154 505 3225 προφάσεις
562 3152 618 3205 δὲ
666 3153 753 3204 ἀεὶ
800 3151 1173 3222 πλαττομένῳ,
1225 3155 1319 3205 καὶ
1371 3151 1463 3205 νῦν
1498 3153 1595 3221 μὲν
1639 3153 1777 3222 πρὸς

1889 3157 2163 3225 speciosas
2186 3155 2510 3209 occasiones
2532 3151 2808 3221 (ingentis,
2839 3165 2985 3204 nunc
3019 3164 3142 3202 eum
3173 3148 3280 3211 bis,
3312 3161 3460 3201 nunc

198 3243 423 3306 τούτους
443 3243 508 3307 ³³,
550 3242 645 3294 νῦν
674 3241 730 3294 δὲ
764 3242 897 3313 πρὸς
937 3242 1179 3305 ἐκείνους
1212 3242 1257 3272 ¹⁶⁰
1306 3244 1615 3313 ποιουμένῳ
1649 3260 1776 3295 συν-

198 3335 395 3406 θήκας.
439 3333 601 3387 ’Δλλὰ
634 3331 837 3404 ταύτης
864 3373 877 3397 ,
936 3334 1068 3404 φησὶ
1094 3374 1107 3396 ,
1158 3334 1257 3404 τῆς
1289 3335 1631 3404 παρανομίας
1664 3337 1778 3387 εἰσ-

199 3424 581 3498 πραχθήσεσθε
610 3424 784 3487 δίκας.
815 3442 833 3475 ι
880 3424 1153 3477 Ἀνατελεῖ
1194 3425 1304 3495 γάρ
1343 3443 1444 3493 μου
1484 3425 1544 3477 τὸ
1574 3427 1773 3495 κρῖμα,

195 3516 273 3581 ὡς
324 3503 603 3586 ἄγρωστις
651 3516 741 3568 ἐπὶ
794 3515 986 3585 χέρσον
1036 3516 1228 3586 ἀγροῦ.
1266 3536 1284 3568 ι
1344 3515 1610 3586 Καθάπερ
1667 3516 1777 3584 γάρ

198 3610 474 3680 ἄγρωστις
508 3607 678 3670 ἀδεῶς
709 3609 766 3659 ἐν
798 3609 863 3676 τῇ
907 3607 984 3677 μὴ
1024 3607 1414 3679 γεωργουμένη
1458 3607 1652 3675 φύεται
1681 3609 1772 3677 γῇ,

196 3702 260 3754 οὐ
283 3700 573 3769 σκαπάνης
600 3698 943 3769 ἐνοχλούσης,
971 3700 1071 3751 οὐκ
1104 3699 1337 3768 ἀρότρου
1373 3699 1519 3750 διατὲ
1529 3714 1772 3768 μνοντος’

196 3792 341 3847 οὕτω
369 3791 566 3863 ῥᾳδίως
598 3790 724 3858 ὑμῖν
769 3792 802 3860 ή
837 3790 964 3860 παρ’
1021 3790 1154 3861 ἐμοῦ
1191 3790 1562 3860 ἐπαχθήσεται
1608 3806 1776 3859 τιμω-

198 3882 313 3955 ρία.

267 3979 331 4027 ε’.
383 3991 403 4026 ι
447 3972 538 4043 Τῷ
570 3973 754 4043 μόσχῳ
801 3972 895 4025 τοῦ
942 3972 1091 4026 οἴκου
1123 3974 1216 4025 Ὢν
1266 3976 1690 4045 πσροικήσουσιν
1726 3977 1776 4029 οἱ

200 4063 582 4127 κατοικοῦντες
622 4063 958 4134 Σαμάρειαν.
1001 4084 1017 4115 ι
1068 4065 1554 4136 Προσεὸρεύσουσι,
1608 4064 1775 4136 φησι,

200 4157 280 4228 τῷ
324 4157 564 4226 εἰδώλῳ,
613 4156 709 4227 τὴν
764 4157 889 4226 παρ’
943 4156 1105 4208 αὑτοῦ
1159 4154 1446 4224 ζητοῦντες
1504 4157 1774 4228 βοήθειαν.

207 4268 227 4302 ι
250 4248 579 4319 Ἐπένθησεν
599 4249 627 4300 ὀ
647 4248 772 4310 λαὸς
796 4248 959 4302 αὐτοῦ
988 4250 1073 4301 ἐπ’
1096 4250 1274 4312 αὐτὸν,
1298 4250 1393 4301 καὶ
1423 4248 1602 4311 καθὼς
1633 4266 1775 4319 παρ-

198 4341 507 4412 επίκραναν
532 4339 715 4403 αὑτὸν,
747 4339 1136 4410 ὲπιχαροῦνται
1168 4340 1258 4392 ἐπὶ
1281 4338 1378 4408 τὴν
1404 4339 1561 4405 δόξαν
1588 4337 1774 4405 αὐτοῦ,

197 4434 282 4487 ὅτι
324 4431 636 4502 μετῳκίσθη
672 4431 765 4484 ἀπ’
813 4430 999 4485 αὑτοῦ.
1039 4450 1056 4483 ι
1098 4433 1172 4482 Οὐ
1217 4431 1373 4500 μόνον
1410 4430 1536 4500 γὰρ,
1589 4431 1772 4500 φησὶν,

196 4524 463 4593 οὐδεμιᾶς
511 4523 721 4577 ἐκεῖθεν
763 4509 1082 4593 ἐπικουρίας
1121 4522 1465 4593 ἀπήλαυσαν,
1503 4522 1637 4574 ἀλλὰ
1684 4521 1775 4575 καὶ

196 4612 491 4684 θρηνοῦσιν
513 4613 673 4666 αὑτὸν
702 4612 795 4665 καὶ
817 4611 1192 4681 ὀλοφύρονται,
1217 4612 1313 4665 καὶ
1334 4610 1377 4641 ’δι
1406 4610 1600 4682 ἀτιμίᾳ
1621 4628 1777 4682 περι-

194 4705 535 4776 ϐεϐλημένον
569 4704 850 4776 θεώμενοι.
888 4704 1049 4758 Ὅθεν
1083 4704 1247 4756 αὐτὸν

268 4803 344 4862 ς’.
389 4816 409 4848 ς
462 4798 573 4851 Καὶ
603 4798 864 4866 δήσαντες
914 4797 1230 4867 ἀπήνεγκαν
1267 4795 1417 4859 ξένια
1460 4793 1538 4864 τῷ
1571 4793 1777 4863 βασιλεῖ

203 4891 411 4963 Ἰαρεὶὸ
467 4895 525 4945 ἐν
580 4892 795 4963 δόματι.
837 4910 855 4943 ι
895 4891 1231 4961 Θεασάμενοι
1285 4889 1396 4959 γὰρ
1455 4886 1620 4940 αὑτοῦ
1674 4887 1772 4955 τὴν

188 4983 485 5036 ἀσθένειαν
509 5023 524 5047 ,
573 4983 942 5053 χωνεύσαντες
982 4982 1164 5048 αὐτὸν,
1199 4982 1349 5052 δῶρα
1389 4980 1772 5051 προσήνεγκαν

188 5074 272 5145 τῷ
310 5073 528 5143 βασιλεῖ
556 5075 663 5127 τῶν
696 5075 1030 5143 Αἰγυπτίων,
1062 5074 1350 5145 ἐπίκουρον
1391 5074 1576 5137 αὐτοῖς
1627 5074 1777 5142 γενέ-

1879 3263 2004 3302 cum
2048 3247 2156 3300 illis
2188 3244 2397 3300 {rudera
2429 3242 2752 3298 sancientis.
2801 3240 2867 3295 At
2909 3240 3095 3310 hujus,
3126 3239 3325 3311 inquit,
3360 3254 3458 3294 ne-

1877 3341 2067 3409 quitia:
2097 3338 2300 3392 dabitis
2333 3351 2549 3404 pronas.
2578 3352 2597 3384 ι
2632 3332 2856 3388 Orietur
2881 3334 3023 3386 enim
3057 3331 3199 3386 sicut
3233 3345 3457 3398 gramen

1879 3431 2141 3501 judicium
2176 3443 2354 3483 meum
2405 3442 2571 3496 super
2603 3429 2880 3481 desertum
2927 3422 3068 3494 agri.
3107 3442 3125 3473 ι
3169 3421 3452 3489 Quemad-

1879 3522 2101 3577 modum
2148 3520 2294 3576 euitn
2351 3520 2405 3571 in
2462 3527 2607 3572 terra
2668 3516 2877 3570 inculta
2936 3514 3151 3568 abunde
3210 3516 3459 3567 exoritur

1878 3628 2141 3685 gramen,
2180 3613 2332 3666 nullo
2373 3609 2763 3678 interpellante
2813 3607 3027 3678 ligone,
3079 3606 3230 3658 nullo
3270 3613 3458 3658 aratro

1878 3708 2192 3761 dissecanle
2250 3718 2263 3754 :
2324 3703 2400 3755 ita
2451 3700 2610 3755 facile
2666 3714 2827 3770 paena
2882 3698 3039 3753 vobis
3090 3712 3120 3751 a
3180 3713 3263 3752 me
3312 3696 3457 3749 inlli-

1878 3808 2057 3870 getur.

1948 3979 2112 4035 Vens.
2148 3979 2204 4033 5.
2249 3997 2267 4029 ‹
2297 3975 2453 4046 Apud
2489 3972 2718 4027 vitulum
2746 3971 2944 4026 domus
2974 3969 3056 4023 0n
3088 3967 3456 4023 morabuntur

1878 4073 1972 4142 qui
2018 4071 2267 4124 habitant
2313 4067 2370 4120 in
2429 4064 2700 4119 Samaria.
2731 4081 2748 4116 ι
2809 4060 3180 4124 Assidebuut,
3235 4058 3450 4128 inquit,

1881 4165 2026 4218 idolo
2049 4205 2062 4228 ,
2088 4162 2353 4216 auxilium
2388 4159 2454 4211 ab
2486 4172 2552 4211 co
2581 4163 2924 4223 expetentes.
2966 4171 2982 4201 ε
3024 4151 3184 4203 Luxit
3217 4149 3451 4218 populus

1883 4254 2004 4319 ejus
2047 4267 2211 4319 super
2249 4265 2312 4304 co
2342 4287 2356 4309 ,
2402 4256 2453 4300 et
2486 4248 2623 4300 sicut
2661 4242 2995 4297 irritaverint
3026 4239 3176 4292 illum
3202 4276 3218 4299 ,
3246 4236 3448 4307 gaude-

1878 4347 2016 4399 bunt
2044 4358 2214 4413 super
2262 4338 2477 4410 1358
2517 4337 2690 4406 gloria
2717 4335 2869 4403 ejus,
2902 4334 3030 4403 quia
3064 4332 3328 4386 translata
3362 4337 3449 4385 est

1881 4438 1948 4490 ab
1979 4451 2064 4489 eo.
2104 4453 2122 4484 ι
2174 4432 2292 4485 Νυιι
2331 4428 2534 4491 modo,
2573 4428 2786 4494 inquit,
2822 4424 3085 4479 auxilium
3128 4423 3211 4477 eis
3239 4422 3449 4475 nullum

1882 4528 2008 4582 tulit
2030 4525 2230 4579 vitulus
2263 4522 2349 4575 hic
2379 4538 2392 4573 :
2424 4519 2514 4574 sed
2548 4519 2695 4571 illum
2728 4516 2892 4571 etiam
2924 4516 3117 4585 lugent
3142 4522 3196 4568 et
3225 4512 3449 4576 deﬂent,

1877 4619 2040 4673 etiam
2071 4631 2194 4669 cum
2231 4611 2529 4684 ignominia
2558 4624 2680 4665 eum
2703 4617 3025 4676 coepertuut
3056 4606 3263 4663 vident.
3292 4605 3455 4661 Unde

1879 4709 2065 4777 ipsum

1948 4797 2115 4852 Vens.
2149 4796 2202 4849 6.
2265 4815 2282 4846 ι
2322 4792 2498 4846 Etiam
2536 4791 2767 4860 ligantes
2793 4830 2809 4852 ,
2857 4788 3177 4843 obtulerunt
3220 4802 3451 4841 munera

1877 4892 1990 4961 regi
2021 4888 2195 4953 Jarib,
2226 4886 2408 4940 domo.
2439 4903 2458 4934 ι
2504 4882 2639 4937 Cum
2670 4883 2815 4936 enim
2846 4880 2967 4949 ejus
2994 4879 3265 4935 vidissent
3295 4879 3452 4933 inﬁr-

1881 4983 2147 5041 mitatem,
2180 4974 2491 5031 conllarunt
2523 4973 2700 5034 illum,
2735 4970 2987 5038 donaque
3017 4969 3127 5038 regi
3158 4968 3449 5040 Egyptio-

1885 5086 2009 5125 rum
2037 5069 2357 5130 attulerunt,
2389 5064 2511 5135 ejus
2536 5060 2890 5132 implorantes
2906 5060 3210 5127 auxilium;
3238 5062 3454 5115 nullum

268 5245 292 5272 ι
326 5231 431 5287 lsa.
471 5250 523 5295 ν,
559 5233 607 5285 7.
652 5211 712 5271 ’δ
746 5231 889 5287 Psal.
933 5247 1117 5296 Lxxnt,
1151 5230 1202 5283 8.
1282 5240 1301 5266 ε
1333 5228 1532 5283 Jerem.
1571 5245 1629 5290 ιι,
1658 5227 1748 5281 Ql.

1896 5225 2027 5279 Luc.
2067 5239 2157 5289 xx,
2184 5223 2268 5276 l9.

1490 5380 1721 5434 VARle
1762 5377 2169 5433 LECTIONES.

268 5504 312 5536 ³⁸
346 5506 439 5557 ὑπ.
465 5499 1028 5558 CotcleriusMonum.
1064 5498 1204 5551 Eccl.
1244 5515 1350 5568 gr,
1390 5505 1430 5549 t.
1470 5496 1531 5555 ll,
1568 5512 1617 5564 p.
1653 5494 1777 5556 552,
1810 5493 2095 5568 legendum
2132 5509 2250 5568 esse
2277 5502 2434 5568 putat
2464 5495 2969 5568 ὑπερμαζήσαντες,
3001 5488 3354 5568 luxuriantes,
3380 5497 3449 5537 ex"

192 5570 684 5643 conjecturasatis
710 5571 926 5643 quidem
946 5558 1436 5643 probabili:quam
1469 5558 1646 5643 tamen
1683 5558 2488 5643 uostmanducet}:dubitamus,
2520 5558 2924 5620 «lotiec’eodicis
2963 5558 3246 5629 cujusdam
3288 5569 3449 5608 acce-

194 5640 651 5702 dat'auctoritas.
735 5641 776 5672 ³⁸³
803 5641 841 5694 C
869 5640 1094 5702 τούτοις.

1175 5640 1217 5670 ’σο
1246 5630 1380 5692 Ibid.
1418 5637 1627 5705 ἐκείνῳ.
1707 5634 1748 5664 ⁸¹
1785 5631 1896 5685 καί.
1934 5630 2054 5687 Des.
2087 5634 2216 5688 ibid.
