3912 6206
563 315 695 383 1607

1546 318 2034 380 TIIEODORETI
2071 316 2408 378 EPISCOPI
2451 319 2812 379 CY'REN'SIS

3629 329 3740 396 1608

559 441 737 487 autem
785 431 909 484 inde
953 428 1117 484 etiam
1155 426 1548 496 impetrabunt.
1587 446 1605 477 ‹
1645 425 1903 494 Ephraim
1950 426 2094 480 enim

2237 423 2361 477 σθαι
2392 425 2834 496 παρακαλοῦντες
2853 443 2864 454 ·
2889 425 3006 479 ἀλλ’
3034 426 3144 479 οὐδ’
3162 426 3402 484 ἐντεῦθεν
3426 431 3742 494 ἀπολαύσουσξ

559 525 753 593 inquit,
789 520 1050 588 suscipiet
1080 518 1367 588 pudorem,
1401 516 1773 571 confundetur
1805 518 1856 569 in
1891 515 2128 570 consilio

557 634 680 671 suo.
717 633 734 663 ι
778 613 910 681 Ejus
941 613 1087 665 enim
1123 610 1355 663 consilia
1395 609 1652 664 stultitia:
1686 610 1842 678 plena
1872 616 2000 662 sum
2031 623 2043 659 :
2076 617 2129 660 et

555 723 676 759 cum
705 705 769 756 ad
810 703 977 756 Deum
1001 701 1288 771 perfugere
1319 701 1642 755 conveniret
1671 739 1686 763 ,
1719 701 1787 754 ab
1826 701 1994 754 idolis
2029 700 2128 752 ho-

556 798 902 865 minibusque
949 795 1194 850 subsidia
1238 795 1396 864 petit.
1449 795 1548 866 [7,
1581 793 1652 865 8]
1699 793 1905 848 Deinde
1935 792 2124 856 docet,

551 903 664 956 quo
696 898 852 956 pacto
893 902 986 941 rex
1031 887 1331 952 Samaria,
1369 887 1542 941 instar
1591 885 1723 956 ligni
1757 885 1940 947 aridi,
1978 885 2126 954 quod

552 982 755 1049 impetu
803 980 1140 1034 vehementis
1195 993 1351 1048 aqum
1437 977 1655 1041 fertur,
1705 975 2024 1041 delebilur;
2075 987 2128 1029 et

549 1072 743 1126 altaria
776 1070 1064 1131 idolorum,
1103 1070 1401 1138 impietatis
1433 1069 1756 1123 Israelitica:
1793 1069 2125 1122 incitamen-

550 1175 638 1225 ta.
693 1179 723 1216 a
772 1162 1146 1216 fundamentis
1179 1162 1575 1226 destrueutur,
1627 1163 1700 1214 ita
1757 1168 1817 1214 ut
1869 1161 2126 1214 altarium

551 1256 667 1307 loca
709 1252 888 1323 spinis
931 1253 1089 1320 plena
1126 1251 1453 1306 elliciautur.
1507 1251 1647 1304 Tum
1684 1251 2124 1322 magnitudinem

548 1347 919 1400 calamitatum
957 1347 1264 1416 exprimere
1291 1347 1482 1401 volens
1504 1387 1518 1410 ,
1565 1346 1812 1400 subdidit
1841 1363 1855 1398 :
1895 1364 1913 1396 ι
1955 1344 2021 1397 Ει
2050 1344 2127 1398 di-

547 1449 673 1492 cent
724 1440 1046 1493 montibus:
1095 1438 1286 1494 Cadite
1339 1455 1504 1509 super
1559 1455 1686 1505 nos;
1745 1447 1800 1492 et
1855 1439 2122 1493 collibus:

545 1529 767 1600 Oper-ite
803 1548 920 1585 nos.
956 1554 970 1580 ι
1011 1530 1180 1584 Tanta
1209 1531 1350 1585 enim
1379 1571 1393 1594 ,
1424 1532 1637 1601 inquit,
1669 1531 1775 1585 erit
1812 1531 2124 1584 redundan-

545 1627 617 1675 tia
649 1626 935 1684 malorum,
969 1638 1091 1676 cum
1127 1624 1309 1677 hostes
1345 1624 1645 1683 irruerint,
1685 1631 1741 1674 ut
1776 1637 1939 1675 nemo
1968 1622 2124 1674 futu-

545 1729 642 1767 rus
676 1715 787 1775 sit,
818 1714 908 1782 qui
941 1730 1045 1766 uou
1085 1713 1239 1766 malit
1278 1713 1439 1766 obrui
1476 1721 1570 1765 aut
1599 1721 1744 1767 terra
1784 1712 2118 1772 dehiscente,

543 1811 640 1855 aut
673 1806 958 1872 repentino
987 1805 1253 1858 montium
1291 1819 1448 1866 casu,
1475 1819 1637 1872 quam
1674 1804 1814 1858 mala
1848 1804 1918 1856 ab
1947 1803 2122 1856 hosti-

545 1894 646 1948 bus
693 1894 840 1947 illata
901 1895 1193 1948 sustinere.
1245 1892 1360 1965 [9]
1419 1893 1544 1948 llaec
1585 1904 1767 1947 autem
1814 1892 2120 1962 patientur,

544 1995 603 2038 ut
645 1987 828 2039 insani
868 1987 1142 2040 idolorum
1175 1987 1358 2041 cultus
1392 2001 1584 2057 pmuas
1628 1986 1805 2039 luant.
1852 1983 1984 2038 Nam
2015 2001 2122 2054 quo

543 2088 790 2148 tempore
828 2080 1062 2133 collibus
1092 2095 1396 2149 eorumque
1434 2079 1706 2133 altaribus
1737 2094 1958 2148 operam
1993 2079 2121 2131 dare

543 2171 895 2234 studuerunt,
948 2185 1032 2224 me
1083 2171 1271 2224 colere
1319 2171 1651 2225 destiterunt
1699 2188 1713 2225 :
1775 2186 1963 2225 verum
2011 2186 2120 2224 non

543 2260 780 2330 amplius
813 2261 900 2315 his
931 2261 1228 2332 adjungeut
1258 2261 1474 2332 1359
1515 2277 1658 2318 sese.

613 2523 773 2581 Vens.
808 2528 892 2580 l0.
931 2545 950 2577 ι
998 2525 1207 2582 Bellum
1237 2529 1381 2583 enim
1418 2543 1588 2597 super
1618 2528 1762 2583 ﬁlios
1800 2528 2119 2598 iniquitatis

537 2617 707 2679 venit,
731 2626 790 2670 ut
809 2617 1070 2688 corripiat
1097 2633 1192 2673 eos
1215 2618 1517 2674 secundmn
1545 2619 1880 2674 desiderium
1902 2637 2115 2676 meum:

536 2715 590 2762 et
619 2709 1100 2778 congregabuntur
1132 2725 1298 2778 super
1325 2711 1450 2765 illos
1484 2711 1693 2781 populi,
1723 2711 1948 2782 quando
1977 2728 2106 2768 cor-

537 2800 679 2870 repti
723 2801 926 2855 fuerint
957 2801 1010 2854 in
1041 2801 1258 2858 duabus
1313 2803 1708 2871 iniquitatibus
1739 2806 1878 2859 suis.
1914 2824 1932 2857 ι
1969 2805 2115 2860 Duas

537 2899 718 2946 autem
761 2893 1083 2962 iniquitates
1127 2893 1229 2948 has
1267 2902 1426 2948 vocat
1455 2913 1468 2947 :
1496 2909 1658 2947 unam
1685 2895 1927 2964 quidem,
1966 2899 2112 2968 quod

537 2984 704 3038 Deum
739 2985 1098 3054 reliquissent
1128 3001 1142 3037 :
1181 2984 1436 3050 alteram,
1466 2987 1611 3055 quod
1643 3001 1749 3039 nou
1780 2988 2109 3042 exsistentia

2229 535 2373 580 τινος
2403 517 2672 588 βοηθείας.
2702 536 2718 568 ι
2757 517 2998 588 Ἐφραῖμ
3025 517 3154 586 γὰρ,
3186 519 3341 589 φησὶ,
3370 520 3562 584 δέξεται
3587 529 3746 599 αἰσχύ..

2230 626 2348 678 νην,
2374 609 2795 678 αἰσχυνθήσεται
2820 610 2879 661 ἑν
2909 612 2972 679 τῇ
3003 607 3165 678 βουλῇ
3196 609 3408 664 αὑτοῦ.)
3451 613 3636 680 ’Δνοίας
3660 619 3745 691 γὰρ

2229 700 2393 754 αὐτοῦ
2430 718 2496 770 με
2508 703 2602 754 ατὰ
2627 701 2693 756 τὰ
2722 701 3092 771 βουλεύματα’
3122 701 3217 754 καὶ
3239 701 3355 755 δέον
3379 703 3452 774 τῷ
3477 706 3585 776 Θεῴ
3610 728 3746 782 προς-

2229 791 2424 849 ελθεῖν.
2461 793 2561 862 τὴν
2600 795 2752 864 παρὰ
2782 793 2888 845 τῶν
2930 793 3163 846 εἰδώλων
3199 793 3293 845 καὶ
3334 795 3612 865 ἀνθρώπων
3639 817 3747 875 συμ-

2233 884 2430 953 μαχίαν
2457 886 2615 938 αἰτεῖ.
2654 882 2784 938 Εἶτα
2821 885 3082 950 διδάσκει,
3116 887 3262 949 ὅπως
3294 887 3391 956 τῆς
3430 889 3748 961 Σαμαρείαςὸ

2230 977 2503 1044 βασιλεὺς,
2533 978 2810 1047 φρυγάνου
2833 978 2988 1049 δίκην
3019 978 3123 1031 ὑπὸ
3151 978 3324 1048 βιαίου
3352 979 3527 1044 ὓδατος
3553 986 3743 1054 camps.

2228 1083 2342 1130 νου,
2374 1069 2600 1137 φροῦδος
2631 1071 2920 1140 γενήσεται
2943 1086 2959 1100 ο
2983 1071 3131 1134 ὅπως
3160 1089 3217 1123 τε
3251 1073 3300 1124 οἱ
3328 1071 3492 1142 βωμοὶ
3511 1074 3602 1127 τῶν
3622 1077 3743 1129 εἰδώ-

2228 1159 2355 1224 λων,
2395 1163 2442 1214 οί
2476 1162 2577 1231 τῆς
2623 1162 2718 1214 τοῦ
2778 1163 2997 1233 Ἰσραὴλ
3042 1163 3293 1233 πρόξενοι
3339 1165 3653 1230 δυσσεϐείας,
3695 1171 3742 1222 ἐκ

2231 1249 2448 1319 βάθρων
2477 1251 3016 1321 ἁνασπασθήσονται,
3043 1251 3119 1315 ὡς
3147 1252 3396 1306 ἀκανθῶν
3426 1254 3630 1324 πλήρεις
3648 1275 3741 1324 γεν-

2229 1341 2383 1392 έσθαι
2421 1341 2529 1394 τῶν
2585 1341 2984 1414 θυσιαστηρίων
3031 1344 3155 1406 τοὺς
3202 1343 3415 1405 τόπους.
3458 1345 3656 1398 Ἔπειτα
3695 1348 3740 1399 τὺ

2231 1433 2455 1502 μέγεθος
2487 1433 2597 1486 τῶν
2627 1434 2921 1505 συμφορῶν
2957 1435 3347 1505 παραδηλῶσαι
3382 1434 3612 1506 θελήσας,
3637 1439 3738 1510 tm]-

2228 1542 2366 1594 γαγε
2389 1543 2402 1556 ο
2434 1545 2452 1575 ι
2482 1526 2592 1579 Καὶ
2625 1526 2808 1597 ἐροῦσι
2831 1528 2940 1588 τοῖς
2980 1527 3160 1598 ὅρκι’
3209 1527 3404 1579 Πέσετε
3430 1527 3468 1558 ’⁸³
3512 1529 3586 1596 ἐφ’

2227 1619 2460 1681 καὶτοῖς
2490 1619 2728 1688 βουνοῖς·
2781 1619 3076 1688 Καλύψατε
3119 1621 3288 1689 ἡμᾶς.
3327 1639 3344 1667 ι
3395 1619 3605 1690 Τοιαύτη
3640 1621 3734 1690 γὰρ,

2227 1710 2391 1780 φησιν
2413 1711 2478 1774 ⁸³,
2515 1711 2668 1764 ἔσται
2699 1712 2839 1782 φορά
2863 1711 2972 1763 τῶν
3002 1711 3191 1765 κακῶν
3224 1713 3282 1763 ἐν
3302 1713 3365 1781 τῇ
3392 1711 3493 1763 τῶν
3520 1711 3734 1780 πολεμίων

2226 1801 2524 1872 προσϐολῇ,
2551 1802 2626 1864 ὡς
2657 1802 2877 1856 ἑλέσθαι
2907 1802 2975 1856 ἂν
3019 1802 3253 1856 ἑκαστον
3287 1801 3592 1873 ὐποῦρύχιον
3618 1802 3733 1870 γενέ-

2226 1893 2351 1946 σθαι
2379 1898 2477 1964 τῆς
2509 1895 2612 1964 γῆς
2653 1895 3022 1966 διϊσταμένης,
3054 1895 3087 1965 ἢ
3123 1894 3235 1947 τῶν
3270 1895 3436 1965 ὀρέων
3470 1895 3734 1961 ἐξαπιναίως

2223 1987 2648 2049 ἐπιπιπτόντων,
2681 1987 2714 2058 ἢ
2748 1988 2816 2040 τά
2845 1987 2934 2040 ὑπ’
2959 1986 3188 2040 ἐκείνων
3220 1988 3507 2058 γιγνόμενα
3543 1986 3730 2058 xpositi-

2223 2095 2334 2131 νειν
2371 2080 2536 2135 κακά.
2570 2079 2758 2132 Ταῦτα
2790 2080 2847 2133 δὲ
2879 2079 3182 2142 πείσονται,
3216 2080 3312 2149 τῆς
3353 2080 3474 2150 περὶ
3508 2079 3568 2132 τὰ
3588 2080 3731 2132 είδωὶα

2227 2170 2422 2239 μανίας
2445 2171 2833 2241 ἀπαιτούμενοι
2863 2171 3040 2234 δίκας.
3083 2171 3176 2236 Ἐξ
3204 2165 3266 2224 οὗ
3296 2174 3400 2241 γὰρ
3425 2174 3527 2234 τοῖς
3550 2170 3727 2240 βουνοξ,

2221 2263 2316 2314 καὶ
2354 2267 2466 2325 τοῖς
2514 2265 2572 2316 ἑν
2616 2263 2798 2326 αὐτοῖς
2838 2262 3043 2332 βωμοῖς
3088 2263 3442 2334 ἐνδιατρίϐειν
3476 2263 3726 2332 ἠγάπησαν,

2222 2353 2280 2418 ἐξ
2305 2354 2510 2404 ἑκείνου
2535 2355 2635 2422 τῆς
2669 2354 2809 2424 ἐμῆς
2845 2354 3146 2425 θεραπείας
3180 2356 3517 2425 ἀπέστησαν*
3547 2355 3725 2408 ἀλλὀὐκ

2221 2443 2301 2496 ἑτι
2334 2445 2542 2507 τούτοις
2571 2446 3028 2516 προσεδρεύσουσι
3048 2447 3111 2500 ⁸⁸.

2295 2543 2346 2590 ι’.
2389 2554 2406 2587 ι
2449 2537 2688 2607 Πόλεμος
2717 2539 2759 2570 ⁸⁵
2793 2540 2900 2610 γὰρ
2955 2539 3048 2592 ἐπὶ
3084 2540 3262 2594 τέκνα
3312 2540 3509 2603 ἀδικίας
3545 2535 3651 2610 ἦλθε
3675 2538 3720 2600 ⁸⁸,

2219 2628 2506 2681 παιδεῦσαι
2558 2629 2755 2693 αὐτοὺς
2817 2631 2960 2684 κατά
3015 2632 3117 2700 τὴν
3166 2631 3456 2704 ἐπιθυμίαν
3513 2647 3626 2701 μου·
3658 2630 3722 2683 καὶ

2220 2719 2652 2790 συναχθήσονται
2698 2722 2786 2774 ἐπ’
2818 2723 3017 2786 αὐτοὺς
3051 2723 3202 2788 λαοὶ,
3237 2726 3293 2777 ἑν
3346 2724 3420 2793 τῷ
3444 2721 3719 2776 παιδεύεσθαι

2216 2815 2416 2876 αὐτοὺς
2437 2815 2494 2867 ἐν
2530 2817 2652 2879 ταῖς
2692 2815 2845 2868 δυσὶν
2875 2817 3114 2881 ἀδικίαις
3154 2818 3355 2871 αὐτῶν.
3405 2838 3421 2868 ι
3462 2816 3554 2869 Δύο
3575 2815 3718 2868 636.5:-

2216 2907 2340 2969 κίας
2390 2906 2596 2970 ταύτας
2644 2908 2820 2972 καλεῖ,
2893 2909 3023 2980 μίαν
3086 2911 3191 2981 μὲν
3221 2911 3280 2964 τὸ
3334 2910 3623 2964 καταλιπεῖν
3655 2904 3717 2957 τὸν

2215 2998 2372 3060 Θεὸν,
2395 3001 2588 3069 ἑτέραν
2617 3000 2672 3052 δὲ
2699 3001 2760 3053 τὸ
2787 3001 2852 3053 τὰ
2884 3000 2959 3071 μὴ
2983 3001 3108 3054 ὄντα
3145 3003 3472 3073 προτιμῆσαι
3495 3000 3575 3054 τοῦ
3596 2999 3716 3057 ὄντος.

539 3075 648 3130 Deo
699 3077 988 3132 exsistenti
1046 3076 1444 3147 pra-tulissent.
1486 3076 1598 3132 lloc
1657 3078 1800 3133 idem
1847 3095 1940 3148 per
1967 3079 2113 3137 Jere—

2218 3089 2388 3143 Τοῦτο
2417 3091 2526 3161 γὰρ
2583 3094 2677 3145 καὶ
2730 3092 2818 3145 διὰ
2869 3094 3140 3163 Ἱερεμίου
3198 3093 3355 3164 δῆλον
3412 3096 3568 3146 ποιεῖ·
3599 3110 3614 3143 ι
3646 3087 3716 3141 Δύο

535 3168 697 3221 miam
751 3169 976 3238 planum
1030 3167 1161 3222 facit
1209 3186 1223 3222 :
1271 3187 1290 3219 ι
1330 3168 1446 3222 Duo
1505 3169 1668 3232 mala,
1721 3171 1932 3240 inquit,
1978 3172 2109 3228 fecit

535 3261 774 3330 populus
831 3277 990 3316 meus
1035 3279 1048 3315 :
1089 3275 1174 3315 me
1219 3259 1640 3330 dereliquerunt
1685 3263 1892 3318 fontem
1944 3281 2102 3336 aquae

531 3353 694 3414 vine,
743 3361 797 3406 et
834 3353 1112 3418 abierunt,
1142 3363 1197 3408 et
1230 3353 1492 3409 foderunt
1526 3357 1630 3411 sibi
1674 3357 1944 3415 cisternas
1979 3373 2111 3414 con-

533 3445 719 3511 tritas,
750 3461 874 3516 quae
907 3445 1194 3501 continere
1217 3462 1322 3501 non
1359 3447 1547 3502 valent
1579 3464 1773 3519 aquam
1801 3461 1847 3504 ο.
1888 3469 1907 3502 ι

600 3535 766 3592 Vens.
801 3537 885 3593 ll.
920 3558 938 3589 ι
978 3537 1240 3609 Ephraim
1274 3540 1445 3594 vitula
1481 3541 1675 3596 edocta
1712 3543 1940 3615 diligere
1977 3560 2110 3600 con-

532 3631 858 3686 tentionem.
904 3649 922 3682 ι
970 3629 1172 3687 Vitulzc
1209 3633 1408 3688 similis
1458 3643 1543 3689 est
1596 3637 1881 3705 suscipere
1915 3637 2106 3706 jugum

531 3726 835 3789 recusanti,
862 3732 915 3779 et
949 3724 1215 3779 adversus
1249 3726 1356 3779 hoc
1378 3725 1698 3782 reluctanti.
1731 3745 1749 3776 ι
1788 3726 1899 3796 Ego
1926 3737 2106 3782 autem

530 3816 748 3868 veniam
779 3832 942 3884 super
971 3817 1446 3884 pulchritudinem
1480 3816 1608 3869 colli
1638 3817 1779 3885 ejus.
1823 3836 1840 3868 ι
1876 3815 2108 3871 Verum-

529 3915 714 3964 tamen
739 3916 1030 3962 contumax
1062 3909 1182 3975 ejus
1210 3909 1412 3962 collum
1437 3909 1732 3964 cdomabo.
1767 3926 1784 3959 ε
1820 3907 1882 3960 Et
1909 3923 2106 3962 ascen-

529 3999 654 4052 dam
691 3999 744 4052 iu
779 3997 1154 4069 Ephraimum.
1199 4017 1217 4050 ι
1250 3997 1386 4052 Nam
1415 4015 1480 4053 eo
1513 3999 1704 4062 vehar,
1737 4005 1791 4052 et
1821 3998 2106 4055 commode

532 4089 674 4145 ferre
718 4091 948 4145 docebo.
1006 4087 1161 4144 Tunc
1195 4099 1374 4144 autem
1427 4108 1445 4140 ‹
1485 4087 1747 4144 Reticebo
1801 4087 2022 4144 Judam.
2080 4110 2099 4143 ι

529 4179 773 4249 Assyriis
804 4181 947 4232 enim
983 4193 1106 4232 eum
1142 4193 1249 4232 non
1280 4179 1532 4248 prodam,
1563 4180 1656 4232 sed
1683 4178 2102 4235 Sennaeherimi

527 4271 718 4340 copias
746 4285 1090 4333 consumam,
1121 4269 1384 4338 quoniam
1415 4270 1714 4325 roboratur
1751 4286 1817 4328 eo
1859 4272 2101 4329 Iacobus

529 4361 699 4432 (nunc
720 4362 864 4415 enim
888 4360 1073 4414 Jacobi
1100 4363 1357 4415 virtutem
1387 4361 1525 4417 Juda
1549 4366 1837 4439 ostendit),
1870 4367 2101 4439 ideoque

2211 3181 2340 3253 γὰρ,
2374 3184 2525 3251 φησι,
2568 3183 2782 3254 πονηρὰ
2811 3185 3066 3254 ἐποίησεν
3089 3185 3118 3236 ὁ
3169 3186 3297 3249 λαός
3330 3203 3446 3256 μουι
3484 3185 3570 3254 ἐμὲ
3594 3185 3712 3250 tm.

2210 3274 2426 3327 τέλιπον
2455 3274 2638 3344 πηγὴν
2689 3275 2882 3338 ὓδατος
2939 3275 3170 3341 ζῶντος,
3228 3278 3322 3330 καὶ
3374 3275 3708 3346 ἐπορεύθησαν.

2211 3370 2306 3422 καὶ
2334 3371 2596 3440 ἐποίησαν
2629 3373 2842 3435 ἑαυτοῖς
2901 3373 3142 3437 λάκκους
3189 3375 3652 3446 συντετριμμένους,
3678 3365 3712 3420 οἳ

2209 3463 2267 3514 ού
2300 3462 2618 3532 δυνήσονται
2655 3462 2804 3534 ὕδωρ
2836 3467 3075 3535 συσχεῖν.
3123 3486 3141 3517 ι

2283 3551 2372 3604 ια’.
2413 3570 2431 3602 ι
2489 3553 2728 3624 Ἐφραῒμ
2753 3554 2986 3625 δάμαλις
3033 3555 3398 3626 δεδιδαγμένη
3428 3556 3616 3625 ἀγαπᾷν
3641 3551 3711 3603 νεί-

2210 3659 2321 3705 κος.
2348 3662 2365 3694 ι
2397 3644 2634 3713 Δαμάλει
2668 3644 2812 3698 ἔοικε
2841 3645 3097 3711 δέξασθαι
3129 3648 3295 3715 ζυγὸν
3321 3649 3417 3700 οὐκ
3444 3645 3705 3715 ἀνεχομένῃο

2208 3734 2346 3787 ἀλλὰ
2384 3736 2524 3805 πρὸς
2547 3735 2736 3788 τοῦτον
2784 3735 3201 3811 ζυγομαχούσῃ.
3241 3757 3258 3789 ι
3312 3739 3449 3808 Ἐγὼ
3477 3729 3707 3791 summ.

2211 3828 2490 3894 σομαιὲπὶ
2545 3826 2605 3880 τὸ
2649 3827 2846 3890 κάλλος
2905 3829 2998 3882 τοῦ
3035 3831 3313 3900 τραχήλου
3357 3832 3528 3900 αὐτῆς.
3561 3848 3575 3879 ι
3613 3823 3706 3879 Ἀλλ’

2207 3918 2356 3988 ὅμως
2383 3919 2472 3971 τὸν
2494 3921 2699 3990 γαῦρον
2717 3921 2886 3992 αὐτῆς
2910 3922 3184 3993 τράχηλον
3216 3925 3577 3994 καταδαμάσω.
3598 3940 3612 3970 ι
3634 3918 3706 3971 Καὶ

2206 4009 2438 4062 ἑπιὸιόῶ
2467 4011 2546 4082 τῷ
2579 4012 2840 4083 Ἐφραῒμ.
2883 4033 2901 4065 ι
2959 4015 3336 4086 Ἐποχήσομαι
3359 4015 3460 4086 γὰρ
3483 4013 3618 4082 αύτῷ,
3642 4008 3703 4062 καὶ

2204 4100 2402 4164 διδάξω
2449 4102 2638 4172 φέρειν
2682 4104 2983 4168 εὐτάκτως.
3021 4107 3176 4168 Τέως
3202 4108 3261 4161 δὲ
3299 4127 3317 4158 ι
3346 4103 3704 4178 Παρασιωπήπ·

2208 4210 2306 4264 μαι
2341 4193 2384 4229 ⁸⁷
2433 4193 2655 4247 Ἰούδαν.
2689 4213 2708 4246 ›
2757 4197 3067 4267 ’Δσσυρίοις
3120 4199 3232 4270 γὰρ
3273 4199 3501 4256 αὐτὸνού
3533 4195 3701 4266 προήσο-

2207 4301 2326 4356 μαι,
2361 4283 2494 4337 ἀλλὰ
2518 4283 2613 4337 τοῦ
2651 4285 3026 4356 Σενναχηρεὶμ
3061 4288 3361 4359 δαπανήσω
3401 4288 3491 4358 τὴν
3517 4284 3700 4348 δύναμιν.

2205 4375 2390 4447 ἐπειδὴ
2423 4376 2661 4447 ἐνισχύει
2693 4378 2843 4448 αὐτῷ
2884 4379 3076 4434 Ἰακώϐ
3113 4381 3230 4452 (τοῦ
3261 4382 3369 4453 γὰρ
3413 4378 3580 4433 Ἰακὼὸ
3603 4375 3698 4430 τέως

528 4464 558 4502 a
591 4464 677 4503 me
721 4458 967 4502 curatur.
1010 4447 1117 4503 Per
1169 4450 1282 4504 haec
1326 4460 1508 4507 autem
1559 4435 1813 4524 designat
1853 4435 2098 4514 Ezechias

2218 4435 2414 4531 Ἰούδα-ς
2435 4467 2480 4501 ιε
2508 4435 2609 4539 τῆν
2646 4435 2850 4540 ἀρετὴν
2878 4435 3296 4543 ἐπιδείκν“υται)’.
3315 4435 3393 4526 δίδ
3419 4463 3698 4539 muniri:

526 4542 806 4605 virtutem,
835 4557 930 4609 per
961 4556 1124 4607 quam
1161 4544 1339 4598 omnis
1370 4547 1607 4614 populus
1640 4548 1884 4603 divinum
1939 4554 2098 4606 auxi-

527 4629 660 4682 lium
710 4637 1042 4684 consecutus
1095 4643 1200 4685 est.
1269 4633 1476 4690 Exinde
1531 4637 1597 4691 ad
1653 4639 2094 4698 exhortationem

525 4722 796 4775 convertit
830 4737 1161 4780 sermonem.
1200 4725 1469 4791 Quoniam
1510 4729 1678 4793 enim,
1741 4733 1944 4803 inquit,
2001 4752 2098 4805 pa-

526 4819 739 4866 lernam
775 4814 1028 4868 virtutem
1061 4817 1308 4872 exhibuit
1337 4817 1504 4886 Juda,
1538 4821 1794 4880 hostibus
1839 4831 2096 4896 superior

525 4904 722 4960 evasit.

601 5083 762 5140 Vens.
792 5085 879 5144 l2.
915 5087 1054 5144 «Vos
1082 5090 1266 5157 etiam,
1296 5093 1565 5149 seminate
1593 5095 1746 5150 vobis
1779 5096 1832 5150 in
1852 5096 2092 5167 justitia,

606 5258 626 5284 ε
654 5242 854 5300 Jercm.
885 5261 947 5308 ll,
987 5248 1071 5302 l3.

2203 4560 2466 4614 ἀπολαύει
2517 4561 2797 4632 προνοίας.
2832 4563 3135 4617 Δίνίττεται
3180 4565 3239 4617 δὲ
3297 4565 3384 4618 διὰ
3433 4563 3608 4616 τούτων
3636 4551 3696 4606 τοῦ

2215 4652 2455 4716 Ἐζεκίου
2495 4654 2594 4724 τὴν
2634 4654 2855 4725 ἀρετὴν,
2904 4655 2974 4708 δι’
3022 4659 3088 4728 ἢν
3110 4658 3258 4720 ἅπας
3290 4655 3457 4720 ὁλαὺς
3495 4654 3578 4723 τῆς
3597 4646 3698 4704 θείας

2203 4747 2523 4816 ἐπικουρίας
2575 4747 2910 4818 ἀπήλαυσεν.
2952 4749 3234 4802 Ἐντεῦθεν
3268 4748 3426 4802 πάλιν
3453 4747 3523 4806 εἰς
3556 4735 3696 4808 παραε-

2203 4853 2348 4890 νεσιν
2394 4835 2586 4906 τρέπει
2625 4837 2720 4889 τὸν
2781 4836 2960 4907 λόγον.
3025 4839 3246 4912 Ἐπειδὴ
3300 4838 3424 4907 γὰρ,
3467 4833 3594 4904 φησὶν
3631 4825 3693 4894 τὴν

2202 4928 2461 5000 πατρῴαν
2485 4929 2929 4998 ἐπιδεικνύμενος
2981 4933 3010 4985 ὁ
3051 4931 3256 4996 Ἰούδας
3288 4932 3496 5002 ἀρετὴν,
3537 4917 3692 4993 τερετί-

2201 5034 2349 5071 νεται
2373 5016 2480 5069 τῶν
2519 5017 2813 5088 πολεμίων,

2276 5109 2362 5178 ιβ’.
2405 5128 2423 5160 ι
2464 5109 2729 5182 Σπείρατε
2751 5113 2844 5167 καὶ
2876 5115 3034 5186 ὑμεῖς
3062 5116 3276 5178 ἑαυτοῖς
3307 5113 3384 5176 είς
3401 5103 3686 5168 δικαιοσύνηνν

1808 5413 2040 5470 VARUE
2077 5416 2113 5470 L

2218 5419 2473 5478 nones.
3765 5449 3767 5501 ι

594 5537 903 5629 inscrqu
927 5537 1273 5629 Ita
1296 5541 1446 5629 Ales.
1484 5557 1537 5600 et
1569 5545 1902 5629 Luchsxut,

2218 5553 2526 5629 qclﬁv‘aDes.
2558 5557 2700 5611 iuC.
2783 5557 2830 5588 δ”
2877 5557 3013 5612 Ibid.
3045 5557 3464 5629 προσεδρεύουσι.
3529 5537 3673 5629 "na.
3759 5511 3765 5629 ιι

521 5609 746 5697 Ῑ-άδικ.
783 5607 906 5662 Haec
1056 5607 1199 5697 vers.
1240 5612 1271 5665 9
1319 5625 1456 5694 pert.
1521 5627 1646 5670 uxta
1689 5607 1944 5697 l~lebr._et
1989 5619 2113 5673 LXX

2218 5607 2259 5656 ιδ
2290 5620 2440 5697 ἦλθε.
2493 5626 2684 5680 Ortum
2720 5637 2804 5682 est
2843 5643 2907 5682 ex
2957 5630 3062 5682 alia
3087 5607 3674 5697 rinterpretatione_\'0<_‘£s

523 5687 706 5768 ςτιπιςια.
763 5679 1120 5768 qumjdein'de
1171 5679 1599 5768 expoiiitturup'er
1631 5688 1771 5768 κατὰ
1817 5690 1916 5757 τὴν
1961 5691 2104 5744 ἐπιΘ.

2218 5713 2256 5743 ιο
2313 5679 2380 5727 ’³⁵⁷
2416 5679 2546 5768 παρ.
2578 5679 2628 5751 ί]
3456 5695 3562 5746 sunt
3588 5687 3672 5749 qui!

524 5747 578 5798 h.
619 5751 653 5799 l.
697 5747 1010 5818 praecedunt
1033 5750 1184 5815 Τέως
1222 5747 1299 5806 δέ.
1379 5754 1423 5785 ’⁸³
1455 5747 1608 5809 Ἰούδ.
1653 5756 1694 5808 (ἶ
1723 5747 1909 5825 prato}.
1941 5763 1989 5812 ὁ.

2207 5787 2241 5815 κν
