3912 6206
294 327 423 387 1509

1607 331 1687 391 ΙΝ
1738 328 1924 388 OSEE
1960 327 2116 388 CAP.
2172 329 2273 389 XI.

3398 325 3533 392 1-510

291 437 380 490 καὶ
446 435 697 508 θερίσατε
749 438 958 506 καρπὸν
1013 439 1176 510 ζωῆς.
1211 459 1232 494 ι
1279 442 1438 513 Ὑμῖν
1492 442 1600 513 γὰρ
1651 443 1856 504 αὐτοῖς,

1972 448 2015 493 et
2046 441 2229 495 metite
2265 439 2502 494 fructum
2548 441 2760 513 1360
2787 441 2926 497 vitae.
2976 460 2993 492 ι
3031 439 3164 496 Nam
3196 441 3376 506 vobis,
3421 456 3529 498 non

288 529 400 582 ἀλλ’
426 529 487 582 οὐ
527 529 605 600 τῷ
638 530 757 601 Θεῷ
801 532 872 585 τὰ
924 534 1255 605 σπειρόμενα
1316 535 1621 607 σπείρεται,
1674 535 1768 588 καλ⁵
1795 535 1862 588 τά

287 619 614 691 θεριζόμενα
695 624 920 691 γίνεται.
967 644 986 677 ι
1031 626 1303 680 Φωτίσατε
1397 630 1610 692 ἑαυτοῖς
1658 627 1706 660 ’⁵⁸
1748 627 1864 696 φῶς

283 712 558 780 γνώσεως.
601 734 619 766 υ
657 717 932 787 Προσήκει
976 718 1085 790 γὰρ
1123 721 1387 793 πρότερον
1415 723 1514 793 τῆς
1544 723 1711 792 ἀλλης
1734 723 1863 795 ἀρε-

282 801 382 870 τῆς
407 802 834 875 ἐπιμεληθῆναι,
866 801 966 859 εἷθ’
1010 807 1182 872 οὕτως
1230 811 1329 880 τῆς
1355 810 1462 863 τῶν
1493 811 1652 864 θείων
1697 829 1863 865 κατα-

280 892 552 963 τολμῆσαι
577 895 850 963 γνώσεως.
883 917 901 950 ι
942 897 1029 962 Ὠς
1076 899 1159 955 ἔτι
1200 903 1389 972 καιρὸς
1427 902 1493 968 ⁵ο,
1523 903 1860 972 ὲκζητήσατε

279 980 371 1034 τὸν
407 983 636 1056 Κύριον,
685 985 791 1048 ἕως
815 984 909 1038 τοῦ
941 985 1113 1042 ἐλθεῖν
1144 987 1272 1060 ὑμῖν
1312 989 1628 1060 γεννήματα
1657 988 1860 1042 δικαιο-

282 1076 472 1148 σύνης.
505 1096 524 1129 ι
565 1075 818 1129 Τοιοῦτόν
863 1078 978 1132 ἐστι
1033 1078 1092 1130 τὸ
1123 1079 1271 1150 παρὰ
1317 1081 1393 1150 τῷ
1429 1079 1595 1133 Δαϐὶὸ
1637 1078 1862 1149 εἰρημέ-

281 1187 370 1224 νον
393 1187 408 1199 ·
447 1189 465 1222 ι
509 1168 922 1240 Προφθόωωμεν
959 1169 1020 1222 τὸ
1062 1169 1353 1241 πρόσωπον
1391 1171 1553 1225 αὑτοῦ
1589 1173 1646 1224 ἐν
1674 1171 1862 1241 ἐξομο-

279 1261 523 1331 λογήσει.
564 1279 583 1310 ι
635 1261 723 1313 Ἐν
781 1258 861 1330 τῷ
905 1262 1003 1330 τῆς
1054 1262 1437 1333 μακροθυμίας
1490 1262 1654 1315 αὐτοῦ
1685 1259 1862 1334 καιρῷ

280 1352 381 1422 τὴν
414 1352 508 1404 ἐπὶ
562 1350 622 1404 τὸ
669 1353 916 1421 κρεῖττον
959 1352 1356 1424 ὲπιδειξώμεθα
1386 1352 1714 1424 μεταϐολὴν,
1770 1354 1860 1407 ἵνα

279 1442 382 1512 τῆς
403 1439 751 1510 δικαιοσύνης
783 1439 1108 1511 δρεψώμεθα
1134 1441 1403 1514 καρπούς.

354 1539 444 1600 ιγ’.
476 1551 494 1583 ι
553 1531 714 1586 ’ῐνατί
774 1534 1236 1605 παρεσιωπήσατε
1296 1533 1574 1601 ἀσέϐειαν,
1628 1535 1721 1588 καὶ
1771 1536 1861 1589 τὸν

167 1635 174 1640 ·
280 1622 497 1692 καρπὸν
519 1621 563 1651 ⁸¹
594 1621 765 1690 αὐτῆς
797 1621 1173 1693 septimana;
1223 1641 1241 1675 ι
1279 1624 1446 1689 Ἔδει,
1492 1625 1676 1696 φησὶν,
1717 1626 1861 1696 ὑμᾶς

278 1711 625 1782 ἠσεϐηκότας
654 1714 762 1773 τοῖς
779 1711 878 1780 τῆς
920 1712 1212 1781 μετανοίας
1244 1715 1565 1786 φαρμάκοις
1595 1715 1859 1785 θεραπεῦ-

1969 528 2098 596 Deo,
2122 531 2330 586 semina
2362 532 2728 596 seminantur,
2752 539 2806 586 et
2837 539 3139 588 metuntur.
3170 551 3189 584 ι
3220 531 3533 589 Illumiuate

1967 620 2122 674 vobis
2153 621 2334 675 lumen
2369 622 2636 677 scientiae.
2689 641 2706 675 ι
2747 621 2906 678 Prius
2957 624 3100 677 enim
3148 630 3363 694 oportet
3395 624 3534 681 alias

1965 710 2202 767 virtutes
2226 713 2503 780 excolere,
2548 721 2661 768 tum
2695 714 2762 769 ad
2810 713 3121 770 divinorum
3160 715 3531 786 cognitionem

1967 802 2237 872 aspirare.
2270 823 2287 854 ι
2317 803 2452 859 Dum
2485 804 2666 860 adhuc
2703 813 2787 861 est
2821 814 3057 876 tempus,
3088 807 3319 876 quaerite
3348 805 3533 859 Domi-

1965 909 2094 948 num
2118 936 2134 961 ,
2163 893 2339 948 donec
2357 895 2645 965 obtingant
2673 896 2830 950 vobis
2867 894 3050 968 fruges
3077 897 3328 966 justitiae.
3358 915 3378 948 ι
3402 894 3533 950 Tale

1964 993 2049 1041 est
2084 985 2220 1040 illud
2248 1000 2278 1039 a
2301 985 2502 1042 Davide
2531 986 2739 1042 dictum
2767 1005 2780 1042 :
2810 1006 2828 1040 ι
2862 989 3160 1044 Veniamus
3187 997 3313 1044 ante
3338 987 3529 1042 faciem

1963 1074 2084 1145 ejus
2125 1090 2251 1130 cum
2295 1075 2650 1131 confessione
2681 1075 2724 1130 ί.
2762 1095 2782 1130 ι
2833 1076 3044 1132 Interea
3101 1077 3231 1132 dum
3271 1092 3372 1132 nos
3410 1075 3530 1147 ejus

1965 1165 2231 1236 patientia
2260 1165 2479 1233 tolerat,
2525 1167 2581 1222 in
2616 1167 2844 1224 meliora
2885 1168 3054 1224 vitam
3103 1178 3528 1235 commutemus,

1966 1264 2026 1311 ut
2058 1257 2272 1313 fructus
2302 1257 2536 1328 justitias
2564 1259 2955 1331 percipiamus.

2035 1518 2200 1576 Vens.
2229 1520 2316 1576 I5.
2353 1539 2372 1572 ι
2409 1519 2524 1575 Cur
2556 1521 2864 1578 reticuistis
2901 1521 3262 1592 impietatem,
3297 1532 3351 1580 et
3414 1524 3534 1580 fru-

1963 1617 2112 1666 ctum
2145 1611 2268 1681 ejus
2317 1612 2743 1668 vindemiastis?
2780 1633 2798 1667 ι
2846 1612 2972 1679 Vos,
3001 1614 3200 1683 inquit,
3237 1617 3330 1686 qui
3366 1616 3533 1687 impie

1961 1703 2172 1772 egistis.
2209 1704 2550 1773 poenitentiae
2600 1706 2862 1762 remediis
2893 1707 3077 1762 curari
3112 1707 3427 1793 oportebat,
3475 1717 3532 1764 et

281 1821 374 1857 σαι
395 1803 463 1856 τὰ
491 1803 799 1876 τραύματα,
860 1804 954 1858 καὶ
1002 1804 1077 1875 μὴ
1117 1808 1568 1877 παρασιωπῆσαι,
1611 1805 1725 1860 ἀλλ’
1770 1806 1859 1871 ἐξ-

1972 1807 2074 1846 non
2109 1801 2312 1861 tacere,
2358 1795 2452 1850 sed
2485 1795 2736 1851 confiteri
2787 1797 2950 1863 mala,
2987 1813 3108 1868 quae
3154 1790 3530 1855 commisistis.

282 1895 724 1965 ομολογήσασθαι
773 1895 842 1949 τά
906 1896 1242 1968 εἰργασμένα
1286 1899 1450 1953 κακά.
1509 1919 1527 1950 ι
1601 1898 1862 1967 Ἐφάγετε

278 1986 496 2058 καρπὸν
557 1985 746 2056 ψευδῆ,
785 1988 865 2039 ὅτι
916 1988 1153 2058 ἧλπισας
1198 1991 1392 2055 ἐντοῖς
1435 1991 1646 2062 ἅρμασί
1667 1991 1712 2023 ⁸⁸
1746 2007 1860 2056 σου,

277 2083 340 2134 ὲν
391 2081 586 2153 πλήθει
640 2080 922 2153 δυνάμεώς
962 2101 1078 2138 σου.
1133 2099 1151 2136 ι
1217 2085 1454 2154 Βρῶσιν
1512 2087 1713 2156 ψευδῆ
1762 2088 1862 2158 τὴν

281 2174 521 2244 ματαίαν
574 2171 762 2226 ἐλπίδα
810 2175 1226 2247 προσαγορεύει.
1277 2177 1366 2247 Τῷ
1394 2177 1503 2247 γὰρ
1542 2177 1734 2248 πλήθει
1769 2180 1862 2232 καὶ

277 2267 394 2329 τοῖς
425 2265 632 2336 ἅρμασι
663 2263 967 2336 θαρρήσας,
990 2265 1248 2336 οὐδεμίαν
1270 2268 1333 2321 ὲκ
1357 2268 1562 2322 τούτων
1593 2268 1862 2338 ὠφέλειαν

277 2355 469 2420 ἐδέξω.

352 2447 435 2502 ιδ’.
473 2466 492 2499 ι
540 2446 991 2519 Ἐξαναστήσεται
1017 2449 1125 2520 γάρ
1157 2449 1403 2504 ἀπώλεια
1426 2453 1484 2506 ὲν
1503 2450 1581 2522 τῷ
1601 2449 1716 2522 λαῷ
1743 2469 1858 2515 σου,

278 2538 376 2592 καὶ
407 2539 584 2594 πάντα
607 2538 674 2592 τά
711 2539 1088 2610 τετειχισμένα
1136 2558 1226 2593 σου
1260 2541 1688 2613 ἀφανισθήσεται
1716 2544 1762 2575 ⁵³
1783 2559 1796 2572 ·
1837 2563 1856 2594 ι

280 2628 408 2682 οὔτε
456 2628 550 2682 τοῦ
584 2629 824 2702 πλήθους
867 2629 1052 2701 ὄνησίν
1127 2631 1208 2683 σοί
1238 2647 1360 2684 τινα
1407 2631 1686 2702 φέροντος,
1737 2632 1860 2685 οὔτε

279 2719 394 2772 τῶν
418 2719 618 2790 τειχῶν
647 2720 997 2791 παρεχόντων
1023 2721 1120 2792 τὴν
1150 2720 1471 2791 ἀσφάλειαν.

360 2832 379 2865 ι
408 2812 610 2877 Καθὼς
626 2813 895 2885 ἠφανίσθη
926 2815 953 2867 6
970 2814 1155 2885 ἄρχων
1181 2813 1440 2886 Σαλμανά
1461 2817 1516 2868 ἐν
1551 2815 1599 2848 ⁵⁸
1627 2815 1702 2888 τῷ
1729 2816 1862 2887 οἴκῳ

296 2904 549 2976 Ἀρϐεὴλ,
594 2906 652 2958 ἐν
688 2904 924 2976 ἡμέραις
976 2905 1215 2976 πολέμου
1262 2907 1475 2978 μητέρα
1515 2907 1608 2960 ἐπὶ
1653 2906 1862 2971 τέκνοις

277 2996 575 3065 ἡδάφισαν.
654 2998 786 3066 (ιε’.)
853 2995 1008 3050 Οὕτω
1067 3001 1277 3068 ποιήσω
1345 2997 1515 3069 ὑμῖν,
1563 2995 1708 3061 οἶκος
1765 2998 1862 3052 τοῦ

293 3087 515 3158 Ἰσραὴλ
542 3088 609 3152 ⁵⁵,
635 3085 742 3141 ἀπὸ
767 3085 1060 3158 προσώπου
1087 3087 1188 3157 τῆς
1219 3088 1417 3152 κακίας
1451 3088 1622 3159 ὑμῶν.
1661 3107 1680 3141 ι
1708 3088 1863 3154 Τινές

1971 1900 1989 1932 ι
2025 1883 2357 1940 Comedistis
2389 1883 2627 1939 fructum
2659 1886 2999 1956 mendacem,
3033 1889 3162 1959 quia
3205 1891 3441 1961 sperasti
3476 1891 3532 1944 in

1963 1975 2224 2030 curribus
2252 1976 2384 2040 tuis,
2420 1977 2472 2030 in
2505 1978 2858 2034 multitudine
2882 1979 3099 2035 virtutis
3129 1989 3257 2035 luat.
3294 1999 3312 2033 ι
3345 1981 3532 2036 Cibum

1963 2065 2269 2120 mendacem
2301 2076 2458 2121 vocat
2492 2083 2688 2123 vanam
2719 2085 2871 2140 spem
2902 2087 2917 2124 :
2945 2085 3071 2124 nam
3115 2085 3239 2126 cum
3279 2072 3530 2126 multitu-

1963 2155 2078 2210 dini
2109 2164 2165 2212 et
2192 2157 2449 2213 curribus
2478 2159 2820 2225 confidet-es,
2853 2158 3059 2214 nullam
3104 2174 3168 2214 ex
3201 2159 3289 2214 bis
3321 2159 3528 2214 utilita-

1964 2255 2074 2302 tem
2104 2249 2419 2319 reportasti.
2454 2247 2666 2304 Etenim
2705 2267 2719 2304 :

2034 2425 2197 2484 Vsus.
2234 2427 2320 2482 14.
2346 2445 2364 2477 ι
2394 2426 2709 2498 Consurget
2737 2426 2971 2497 perditio
3007 2427 3061 2482 in
3099 2427 3305 2498 populo
3332 2433 3449 2494 tuo,
3477 2437 3533 2482 et

1963 2518 2159 2572 omnia
2191 2518 2403 2572 munita
2431 2526 2522 2573 tua
2556 2517 2924 2574 delebuntur:
2961 2535 2979 2571 ι
3009 2519 3212 2573 nullam
3243 2533 3399 2588 opem
3433 2518 3529 2574 tibi

1965 2611 2174 2666 ferente
2200 2611 2576 2674 multitudine,
2605 2610 2923 2682 nullamque
2972 2610 3324 2666 securitatem
3356 2610 3531 2664 muris

1963 2699 2378 2768 praestantibus.

2038 2809 2057 2842 ι
2097 2789 2250 2844 Sicut
2273 2790 2581 2846 exstinctus
2611 2799 2695 2846 est
2721 2791 2978 2861 princeps
3001 2790 3256 2846 Salmana
3285 2791 3342 2846 in
3367 2791 3530 2846 domo

1963 2879 2232 2942 Arbeelis.
2267 2882 2284 2902 ⁶
2316 2881 2371 2935 in
2400 2880 2596 2936 diebus
2632 2881 2756 2936 belli
2788 2888 3019 2936 matrem
3052 2897 3218 2952 super
3240 2881 3382 2937 ﬁlios
3413 2881 3530 2936 alli-

1965 2982 2176 3028 serunt.
2225 2971 2426 3045 (Vens.
2483 2972 2597 3042 15.)
2659 2972 2750 3028 Sic
2814 2972 3009 3028 faciam
3074 2973 3268 3038 vobis,
3333 2973 3530 3029 domus

1969 3067 2176 3139 1361
2211 3067 2449 3131 Israelis.
2480 3075 2706 3138 propter
2739 3067 3006 3121 malitiam
3040 3075 3301 3123 vestram.
3341 3085 3359 3119 ι
3392 3066 3528 3134 Qui-

313 3133 515 3158 "l""l"
596 3133 609 3152 ν
637 3133 740 3141 ⁷”“”
773 3133 1056 3158 ⁷⁷Γ⁷⁷“⁷”⁷⁷
1098 3133 1186 3157 "l‘
1221 3133 1414 3152 """""
1455 3133 1622 3159 Τ“”“
1661 3133 1677 3141 ⁷
1717 3133 1860 3154 ’⁷⁷“ῗ

281 3196 416 3250 φασι
470 3177 599 3247 περί
648 3196 792 3242 τινος
843 3179 1106 3248 ἄρχοντος
1139 3178 1261 3232 κατ’
1297 3179 1624 3232 ἐκεῖνοντὸν
1674 3178 1860 3250 καιρὸν

1972 3133 2338 3223 d—aiu'dicunt,
2367 3133 2844 3228 haec—de—quodam
2890 3157 3138 3226 principe
3185 3155 3332 3210 dicta
3382 3133 3528 3222 esse,

277 3268 456 3324 ταῦτα
485 3269 577 3322 καὶ
601 3268 919 3340 δεδρακότος
975 3268 1066 3322 καὶ
1112 3268 1440 3331 πεπονθότος
1497 3268 1751 3339 εἰρῆσθαι
1797 3269 1864 3322 τά

280 3363 552 3434 εἰρημένα
579 3377 594 3393 ’
620 3361 729 3431 ἐγὼ
771 3361 829 3415 δὲ
870 3359 1110 3432 ἠγοῦμαι
1140 3359 1270 3429 περὶ
1293 3359 1384 3412 τοῦ
1406 3359 1633 3428 Μαδιάμ
1663 3359 1862 3430 ἄρχον-

280 3478 377 3524 τος
409 3462 584 3513 ταῦτα
620 3457 893 3528 λελέχθαι,
945 3456 1005 3511 ὃν
1051 3454 1458 3527 χειρωσάμενος
1481 3453 1686 3507 ἀνεῖλεν
1713 3455 1741 3506 6
1767 3453 1805 3504 Γ
1809 3471 1866 3505 ε-

281 3551 454 3605 δεώνο
486 3551 577 3604 καὶ⁹
627 3550 733 3622 γὰρ
782 3549 992 3603 ἐκείνου
1028 3547 1288 3618 ὠμότητα
1332 3547 1364 3616 ἡ
1410 3545 1528 3599 θεία
1570 3545 1864 3615 κατηγορεῖ

282 3643 500 3714 Γραφή.
546 3640 834 3711 Μέμνηται
873 3639 930 3701 δὲ
971 3637 1136 3692 αὑτοῦ
1177 3637 1270 3690 καὶ
1302 3637 1330 3687 6
1369 3635 1637 3706 μακάριος
1677 3633 1860 3694 Δαϐὶδ,

282 3733 462 3800 λέγων
485 3748 499 3762 ο
533 3748 553 3784 ι
590 3729 702 3784 Θοῦ
735 3731 864 3792 τοὺς
893 3729 1162 3799 ἄρχοντας
1196 3724 1395 3789 αὐτῶν,
1419 3723 1495 3787 ὡς
1539 3723 1631 3777 τὸν
1676 3721 1860 3793 Ὠρὴϐ,

284 3823 382 3876 καὶ¹
409 3821 542 3892 Ζὴϐ,
572 3820 668 3874 καὶ
704 3818 866 3873 Ζεϐεὲ
890 3818 958 3883 ⁵⁸,
992 3819 1085 3872 καὶ
1111 3815 1386 3888 Σαλμανά.
1421 3834 1439 3866 ι
1481 3812 1860 3884 Λέγειτοίνυν,

282 3914 368 3966 ὅτι
391 3911 657 3982 Καθάπερ
681 3911 709 3965 6
743 3909 1002 3980 Σαλμανά
1033 3909 1268 3979 παντελῆ
1303 3907 1595 3978 ὑπέμεινεν
1619 3904 1860 3975 όλεθρον,

282 4002 478 4073 ἐπειδὴ
504 4004 561 4055 ὲν
605 4001 843 4072 ἡμέραις
868 4000 1107 4071 πολέμου
1132 4001 1344 4072 μητέρα
1369 4001 1462 4055 ἐπὶ
1501 3999 1712 4060 τέκνοις
1734 3997 1863 4067 ἡδά-

283 4107 486 4161 φισεν·
538 4091 680 4144 οὕτω
725 4094 816 4144 καὶ
856 4092 1065 4162 ποιήσω
1108 4092 1257 4160 ὑμῖν,
1307 4087 1453 4154 οἶκος
1492 4088 1731 4158 Ἰσραὴλ,
1756 4087 1862 4141 ἀπὸ

284 4181 579 4256 προσώπου
601 4181 700 4251 τῆς
732 4181 929 4243 κακίας
969 4180 1145 4249 ὑμῶν.

807 4271 1200 4326 ΚΕΦΑΛΑΙΟΝ
1248 4270 1346 4323 IA'.

356 4371 426 4420 α’.
463 4384 480 4417 ι
516 4363 753 4435 Ὄρθρου
792 4361 1174 4434 ἀπερρίφησαν
1207 4361 1274 4413 ⁸⁷.
1302 4377 1320 4410 ι
1361 4361 1487 4410 Ὂτε
1529 4356 1859 4428 προσεδόκη-

1964 3251 2056 3320 qui
2089 3265 2154 3306 eo
2189 3257 2434 3320 tempore
2486 3249 2605 3304 haec
2653 3249 2894 3304 faciebat
2934 3256 2987 3304 et
3031 3249 3374 3318 patiebatur:
3427 3263 3530 3319 ego

1965 3356 2096 3396 vero
2159 3341 2437 3406 existimo,
2492 3340 2607 3395 hate
2665 3340 2734 3396 de
2769 3339 3038 3394 Madianis
3089 3337 3336 3408 principe
3383 3337 3529 3392 dicta

1964 3433 2159 3498 fuisse,
2189 3447 2351 3502 quem
2375 3442 2596 3503 captum
2627 3431 2903 3487 interfecit
2933 3430 3177 3486 cheon.
3204 3427 3359 3486 Illius
3383 3430 3529 3486 enim

1964 3524 2341 3580 crudelitatem
2372 3523 2598 3578 damnat
2624 3537 2779 3577 sacra
2816 3522 3124 3592 Scriptura.
3180 3521 3355 3591 Hujus
3389 3537 3527 3592 quo-

1963 3633 2072 3688 que
2100 3617 2429 3672 mentionem
2458 3615 2592 3668 facit
2615 3614 2810 3669 beatus
2839 3611 3030 3678 David,
3061 3612 3252 3667 dicens
3278 3628 3292 3665 :
3330 3629 3349 3663 ι
3386 3609 3530 3664 Pone
3629 3629 3632 3632 ’

1966 3708 2245 3779 principes
2279 3722 2468 3762 eorum
2511 3705 2656 3759 sicut
2685 3703 2848 3768 Oreb,
2885 3710 2940 3757 et
2983 3702 3114 3767 Zeb,
3150 3709 3204 3757 et
3233 3699 3428 3764 Zebee,
3474 3708 3530 3755 et

1965 3798 2220 3852 Salmana
2251 3805 2298 3851 ε.
2342 3815 2359 3847 ι
2415 3795 2507 3848 Ait
2560 3794 2763 3863 itaque,
2814 3791 2936 3846 Non
2959 3805 3119 3847 secus
3172 3805 3236 3844 ac
3273 3788 3528 3844 Salmana

1964 3890 2215 3945 funditus
2245 3888 2427 3959 periit,
2483 3900 2620 3944 cum.
2657 3892 2899 3953 tempore
2934 3882 3059 3937 belli
3093 3889 3321 3964 matrem
3363 3894 3530 3949 super

1965 3983 2104 4036 ﬁlios
2154 3981 2414 4036 allisisset
2447 3979 2564 4034 :sic
2592 3976 2788 4032 faciam
2833 3975 3020 4041 vobis,
3058 3975 3254 4028 domus
3291 3972 3526 4036 Israelis,

1965 4084 2185 4146 propter
2215 4073 2483 4127 malitiam
2521 4079 2776 4124 vestram.

2557 4244 2788 4300 CAPUT
2814 4243 2904 4296 XI.

2034 4343 2196 4396 Vens.
2228 4342 2278 4394 l.
2323 4359 2340 4390 ι
2379 4338 2534 4391 Mane
2573 4337 2799 4406 proiecti
2827 4340 2976 4388 sunt.
3014 4350 3033 4383 ι
3069 4331 3205 4385 Cum
3246 4336 3527 4396 exspecta-

284 4475 387 4513 σαν
408 4457 509 4527 τὴν
538 4421 670 4510 τών.
703 4421 1021 4522 Αἰγυπτίων
1061 4421 1313 4522 βοήθειαν
1342 4450 1416 4514 ὡς
1451 4421 1648 4517 ὄρθρον
1680 4421 1860 4506 αὑτοίς

1972 4443 2088 4490 rent
2140 4433 2244 4502 ipsi
2305 4430 2372 4484 ab
2428 4427 2704 4498 Egyptiis
2745 4423 3076 4487 subsidium,
3114 4421 3260 4491 quod
3310 4421 3429 4520 illis.
3472 4422 3526 4473 in

281 4554 346 4604 ὲν
368 4551 550 4603 σκότει
571 4548 816 4615 διάγουσι
847 4543 1252 4615 φανησομένην,
1276 4539 1577 4613 τηνικαῦτα
1607 4537 1856 4608 ἀπήχθη-

284 4658 388 4696 σαν
425 4639 770 4712 δορυάλωτοι.
803 4655 820 4687 ι
860 4637 947 4698 Ὠς
972 4634 1166 4704 ὄρθρος
1199 4634 1244 4664 ⁸⁸
1281 4631 1560 4703 ἀπερρίφη
1606 4627 1859 4698 βασιλεὺς

295 4732 538 4804 Ἰσραήλ.
570 4749 588 4781 ι
613 4730 687 4784 Τὸ
709 4728 970 4798 σύντομον
1003 4726 1101 4796 τῆς
1132 4723 1506 4793 πανωλεθρίας
1536 4721 1624 4775 διὰ
1658 4718 1859 4772 τούτων

281 4825 506 4896 ᾐνίξατο
530 4838 543 4851 ·
602 4822 804 4893 βραχὺν
836 4818 944 4888 γὰρ
971 4818 1064 4871 καὶ
1091 4818 1120 4870 6
1157 4815 1349 4887 ὄρθρος
1393 4812 1610 4882 κατέχει
1648 4810 1858 4880 καιρὸν,

282 4914 406 4972 εἶτα
428 4915 661 4984 ἀνίσχων
693 4913 721 4964 6
755 4912 902 4980 ἥλιος
946 4909 1042 4978 τὴν
1088 4907 1296 4978 ἡμέραν
1329 4908 1492 4959 ποιεῖ.
1529 4925 1545 4955 ι
1582 4903 1724 4956 Διότι
1764 4901 1859 4969 νή-

283 5023 411 5068 πιος
451 5003 688 5073 Ἰσραήλ.
734 5021 752 5052 ι
797 4999 884 5064 Ἐξ
912 4997 1117 5061 ἀνοίας,
1146 4997 1300 5065 φησὶ,
1344 4996 1437 5047 καὶ
1460 4993 1712 5062 παιδικῆς
1741 4992 1857 5043 διαο

365 5181 383 5218 f
415 5178 561 5234 Psal.
592 5195 734 5244 χειν,
764 5178 820 5232 2.
921 5180 946 5218 ε
970 5177 1116 5232 Psal.
1146 5190 1354 5234 Lxxxu,
1382 5175 1465 5226 ll.

1966 4523 2207 4580 tenebris
2241 4520 2566 4590 degentibus
2597 4527 2855 4587 tanquam
2889 4512 3189 4568 diluculum
3243 4509 3526 4580 apparitu-

1967 4631 2088 4670 rum
2117 4620 2284 4676 esset,
2319 4619 2451 4665 tunc
2496 4609 2554 4664 in
2601 4606 2975 4676 captivitatem
3012 4601 3234 4657 abducti
3282 4600 3522 4655 fuerunt.

1972 4727 1988 4758 ι
2030 4706 2187 4760 Sicut
2216 4719 2375 4758 mane
2413 4700 2696 4772 proiectus
2725 4703 2811 4753 est
2843 4711 2938 4751 rex
2967 4693 3208 4750 Israelis.
3247 4711 3266 4744 ι
3309 4692 3528 4758 Repen-

1967 4801 2140 4853 tiuum
2171 4795 2399 4851 exitium
2425 4793 2510 4847 bis
2544 4790 2728 4847 verbis
2757 4785 3086 4857 designavit.
3111 4782 3247 4837 Nam
3269 4783 3335 4838 ad
3363 4783 3529 4836 breve

1967 4899 2183 4960 tempus
2239 4888 2400 4942 durat
2455 4883 2777 4943 diluculum,
2817 4893 2946 4932 mox
2979 4876 3231 4933 exoriens
3265 4874 3346 4929 sol
3385 4873 3527 4928 diem

1968 4983 2153 5036 infert.
2195 5001 2210 5031 ι
2241 4977 2378 5044 Quia
2408 4973 2668 5046 parvulus
2695 4969 2886 5028 Israel.
2921 4988 2939 5020 ι
2973 4967 3200 5038 Propter
3224 4964 3525 5024 inscitiam,

1661 5306 1892 5362 VARIIE
1935 5303 2331 5359 LECTIONES.

360 5438 581 5491 ιθὲαυτ.
650 5433 790 5487 Edit.
840 5432 989 5501 prior
1033 5429 1153 5501 hab.
1189 5427 1388 5501 αὐτοῖς.

287 5598 384 5633 σου
423 5576 720 5647 οἰχήσεται.

289 5635 641 5704 librariorum
677 5650 858 5697 ortum
894 5655 1015 5695 esse
1040 5635 1252 5692 videtur
1279 5652 1343 5690 ex
1387 5635 1513 5687 Ἤλ.

547 5808 820 5866 ΡΑτιιοι.
855 5803 967 5861 Gn.
1003 5799 1260 5858 LXXXI.

1469 5424 1600 5486 ⁵⁰ώς
1666 5422 1744 5474 ἔτι
1775 5439 1922 5492 καιρ,
1965 5421 2041 5492 Ita
2069 5419 2188 5473 Ald.

282 5513 335 5544 ⁸³
547 5487 622 5558 Ita
652 5504 696 5556 Δ
717 5513 769 5558 et
797 5487 857 5554 CI
889 5516 1013 5554 cum
1073 5500 1223 5552 Alex.
1284 5487 1513 5575 Praestat
1546 5493 1705 5548 lectio
1727 5493 1850 5546 cod.
1876 5487 1999 5571 Vat.
2020 5491 2395 5558 ἁμαρτήμασι.
2455 5487 2501 5519 ⁸³
2524 5487 2654 5541 Rec.
2690 5487 2852 5540 lectio
2871 5491 3014 5580 est,”

289 5598 384 5609 η..
423 5576 694 5609 Anan".
833 5573 878 5602 ιι
906 5573 963 5609 ξς,
1009 5599 1078 5609 ...
1145 5567 1272 5609 ’Διιῆ
1320 5565 1459 5609 Remi.
1500 5574 1646 5609 "tua
1678 5561 1837 5609 Hebr.
1881 5571 1938 5609 ιιι
1989 5577 2042 5609 ιιι
2076 5558 2233 5609 Barb.
2260 5568 2313 5609 et
2352 5557 2520 5609 Laud.
2557 5556 2698 5609 anud
2730 5554 2894 5609 Grab.

833 5573 878 5602 ⁸⁵
905 5573 963 5622 ἐν
1009 5599 1078 5609 -
1145 5567 1291 5638 Ἀρϐ.
1317 5565 1459 5619 Bene
1493 5564 1647 5632 juxta
1677 5561 1837 5615 Hebr.
1881 5571 1938 5614 ut
1989 5562 2043 5612 in
2076 5557 2313 5612 Barb.et
2352 5557 2520 5610 Laud.
2557 5557 2698 5626 apud
2730 5557 2894 5609 Grab.
2949 5557 3014 5630 _"
3067 5557 3196 5631 Ἰσρ.
3234 5557 3310 5628 ωε
3343 5557 3526 5592 errore

833 5657 858 5695 ιι
894 5655 1015 5695 esse
1040 5638 1252 5692 videtur
1279 5652 1343 5690 ex
1387 5635 1513 5687 Ἤλ.
1612 5633 1655 5663 ⁵⁸
1685 5630 1804 5684 Ζε6.
1831 5630 1871 5683 C
1908 5628 2278 5699 praeti1.¢_'uqst.
2355 5630 2396 5659 ⁸⁷
2455 5628 2606 5697 Ὀρθ.
2651 5628 2746 5679 ἀπ.
2789 5635 2841 5680 et
2881 5617 3071 5675 deinde
3093 5631 3253 5676 ως-
3316 5609 3427 5672 ῐσρ.
3459 5605 3526 5658 ad

663 5731 696 5767 ι
728 5709 1132 5781 pertinetjuxta
1161 5706 1322 5760 Ilebr.
1401 5705 1445 5735 ³³
1477 5704 1563 5767 Ὠς
1585 5702 1735 5770 ὅρθρ.
1761 5700 1879 5756 Des.
1910 5697 2060 5768 apud
2085 5697 2242 5754 LXX.

2270 5421 2310 5449 δ’
2367 5434 2416 5470 τ.
2468 5433 2637 5472 καοπ.
2690 5414 2822 5471 Rec.
2856 5413 2980 5468 lect.
3037 5401 3524 5472 θεῑ,τὰςάδικίαςε

2573 5500 2654 5541 ec.
2690 5470 2852 5540 lcetio
2871 5491 2975 5544 est,
3022 5470 3528 5546 περ-ιτετειχισμὲνα

3065 5543 3196 5614 Ἰσρ.
3234 5543 3529 5614 Ex_errore

3132 5768 3262 5828 ’51
