3912 6206
497 356 634 426 1611

506 483 705 550 inquit,
745 484 799 530 ct
832 475 1096 548 puerilem
1141 489 1385 539 sensum,
1424 473 1564 528 hanc
1593 474 1875 528 sustinent
1908 477 2070 529 ultio-

506 587 650 625 nem.
685 567 764 640 12]
812 567 920 638 Ego
952 567 1099 621 enim
1143 581 1240 620 eos
1279 582 1345 620 ex
1385 564 1626 636 [Egypto
1659 567 1876 627 reduxi,
1915 576 1969 621 ct
2004 583 2068 622 ex

503 660 858 716 acerbissima
911 658 1006 712 illa
1063 658 1326 712 servitute
1376 657 1646 713 liberavi:
1705 659 1808 728 ipsi
1877 667 2070 712 contra

503 766 587 804 me
620 750 823 818 ingrati
858 747 1012 811 facti,
1073 747 1344 802 idolorum
1381 746 1590 800 cultum
1650 747 1827 817 magis
1863 763 2072 803 amave~

500 846 629 892 runt
659 837 798 907 (hare
834 837 980 891 enim
1011 845 1170 892 vocat
1199 836 1450 902 Baalim),
1486 834 1562 907 [5,
1596 834 1654 907 4]
1683 851 1768 892 me
1792 852 1943 898 vero,
1976 837 2068 906 qui

496 929 774 998 colligavi,
812 927 1021 998 1362
1045 927 1193 980 etab
1227 925 1506 981 incondito
1552 942 1748 996 gressu
1792 926 2065 996 expedivi,

496 1028 553 1073 et
585 1028 872 1088 paternum
908 1018 1160 1072 affectum
1196 1033 1324 1087 erga
1357 1032 1481 1072 eum
1513 1017 1752 1082 ostendi,
1788 1026 1840 1072 et
1889 1017 2069 1071 omnis

497 1109 716 1180 generis
749 1110 1091 1162 curationem
1132 1108 1182 1162 ei
1225 1099 1475 1169 adhibui,
1521 1122 1824 1176 agnoscere
1872 1107 2068 1169 noluit,

493 1201 599 1255 etsi
633 1201 701 1253 ab
729 1201 875 1254 omni
908 1201 1154 1269 pernicie
1189 1200 1474 1255 hominum
1509 1199 1891 1255 invadentium
1926 1215 2069 1270 saepe

489 1308 594 1346 eos
625 1292 874 1356 liberavi,
908 1291 1114 1347 amoris
1141 1292 1195 1346 in
1226 1299 1321 1347 eos
1355 1291 1534 1345 studio
1556 1299 1816 1360 tanquam
1851 1291 2068 1345 vinculo

493 1382 732 1451 quodam
766 1382 1123 1448 constrictus,
1165 1397 1274 1452 quo
1329 1381 1626 1436 etiamnum
1656 1398 1750 1438 eos
1807 1397 1942 1438 curo
1964 1421 1978 1445 ,
2012 1389 2067 1436 et

499 1474 585 1528 his
631 1473 1069 1529 correctionibus
1140 1473 1318 1538 trado,
1383 1473 1528 1527 haud
1557 1474 1718 1528 aliter
1744 1489 1808 1528 ac
1854 1475 1898 1529 si
1941 1473 2068 1544 quis

497 1572 814 1634 peccantem
875 1578 1104 1633 puerum
1159 1563 1214 1616 in
1251 1563 1472 1616 maxilla
1535 1561 1717 1618 feriat.
1756 1563 1888 1618 Mihi
1938 1579 2067 1619 vero

495 1657 634 1713 satis
667 1664 771 1721 est,
801 1665 860 1710 ut
885 1665 1039 1710 torve
1080 1654 1231 1708 illum
1277 1654 1514 1720 intuear,
1545 1662 1600 1711 et
1628 1656 1850 1726 penitus
1886 1656 2064 1727 ipsum

495 1749 742 1820 perdam.
790 1747 906 1803 IIoe
953 1746 1098 1803 enim
1135 1745 1485 1817 significavit,
1517 1760 1642 1801 cum
1676 1745 1854 1801 dixit:

570 2043 588 2076 ι
630 2024 942 2092 ιἰοερίεἰαηι
968 2021 1037 2077 ad
1065 2036 1212 2085 eum.
1243 2029 1297 2078 et
1325 2019 1634 2092 praevalebo
1667 2021 1738 2076 ei.
1769 2019 1956 2092 (Vsus.
1984 2021 2061 2090 5.)

493 2114 772 2170 Habitavit
811 2114 1069 2184 Ephraim
1101 2115 1156 2168 in
1185 2111 1444 2184 Egypto,
1479 2119 1534 2167 et
1581 2112 1757 2167 Assur
1797 2113 1914 2182 ipse
1965 2127 2062 2166 rex

487 2204 635 2273 ejus.
672 2223 691 2255 ι
728 2202 845 2256 Non
881 2203 1027 2257 enim
1059 2201 1287 2272 effugiet
1315 2201 1482 2271 hujus
1517 2199 1896 2267 dominatum,
1938 2201 2064 2256 licet

493 2294 694 2347 millies
721 2293 776 2346 in
807 2290 1107 2362 Egyptum
1148 2289 1356 2360 fugiat:
1410 2303 1578 2344 causa
1619 2304 1747 2344 vero
1787 2289 2058 2342 malorum

493 2383 573 2437 illi
611 2380 844 2446 exstitit,
890 2398 908 2432 ι
968 2379 1098 2449 quia
1133 2382 1145 2396 '
1171 2377 1349 2433 noluit
1381 2377 1655 2433 converti.
1701 2396 1720 2428 ι
1765 2375 2059 2447 Propterea

491 2474 659 2537 enim,
691 2471 794 2527 etsi
839 2469 1191 2524 multitudine
1221 2476 1276 2524 et
1311 2469 1460 2523 omni
1517 2483 1717 2539 genere
1779 2483 2058 2523 armorum

491 2568 686 2631 utitur,
725 2566 864 2620 nihil
891 2572 1076 2621 tamen
1119 2565 1278 2620 virile
1307 2565 1431 2620 edet
1457 2583 1470 2618 :
1494 2565 1590 2619 sed
1621 2563 1893 2618 malorum
1923 2577 2059 2616 con-

490 2659 741 2714 siliorum
781 2654 996 2711 fructus
1025 2655 1228 2726 capiet.
1267 2656 1535 2726 longeque
1571 2669 1600 2708 a
1631 2661 1780 2709 terra
1826 2666 1926 2709 sua
1960 2654 2060 2709 ab-

491 2749 742 2812 ducetur,
775 2747 1221 2819 quandoquidem
1244 2747 1429 2801 omnia
1453 2747 1698 2818 pretiosa
1725 2745 2059 2800 adversariis

491 2841 738 2904 tradam,
795 2845 853 2894 et
898 2838 1160 2894 continuo
1225 2837 1551 2907 deprimam.
1607 2836 1903 2906 Postquam
1961 2835 2060 2890 hos

491 2939 733 2986 terrores
759 2929 973 3000 injecit,
1005 2946 1200 2985 rursus
1227 2929 1615 2984 misericordia:
1643 2927 1829 2983 verbis
1861 2928 2055 2991 utitur,

492 3023 763 3077 sermonis
792 3021 1056 3076 varietate
1087 3020 1378 3075 utilitatem
1408 3019 1489 3076 eis
1520 3031 1867 3088 comparans.

491 3303 672 3368 modo,
689 3301 882 3371 inquit,
901 3315 934 3355 ο
949 3299 1227 3370 Ephraim,
1247 3313 1374 3369 erga
1399 3305 1451 3353 te
1475 3313 1560 3353 me
1577 3299 1795 3369 geram?
1827 3317 1844 3350 ι
1868 3296 2060 3352 Prote-

490 3407 612 3462 gam
648 3400 722 3456 te,
744 3389 912 3448 Israel
944 3408 958 3446 :
983 3388 1256 3460 quomodo
1279 3397 1331 3444 te
1364 3386 1694 3458 disponam?
1724 3405 1742 3438 ι
1781 3386 1892 3458 Ego
1915 3387 2059 3442 enim

490 3495 544 3539 te
571 3482 860 3538 defendere
878 3482 1094 3547 studeo,
1116 3481 1209 3537 sed
1231 3495 1317 3536 me
1333 3480 1439 3534 hoc
1473 3478 1651 3534 facere
1669 3478 1834 3550 impia
1852 3478 2058 3535 scelera

489 3582 583 3628 tua
613 3588 720 3627 non
745 3573 956 3642 sinunt.
979 3575 1158 3638 Quare
1188 3590 1206 3623 ι
1236 3572 1382 3627 sicut
1403 3569 1611 3624 Adama
1651 3583 1848 3638 ponam
1885 3577 1958 3634 te,
2007 3577 2062 3624 et

491 3666 634 3722 sicut
659 3664 900 3720 Seboim.
924 3681 944 3715 ι
965 3662 1096 3728 Quae
1110 3676 1218 3716 una
1237 3676 1360 3716 cum
1379 3659 1615 3714 Sodoma
1653 3658 1862 3728 1363
1880 3667 1932 3712 et
1949 3657 2060 3712 Go-

491 3757 964 3810 morrhainceusa:
986 3762 1137 3808 sunt.
1156 3755 1226 3806 At
1245 3753 1466 3807 vixdum
1487 3761 1681 3805 contra
1719 3765 1814 3804 eos
1843 3758 2062 3804 senten-

490 3847 621 3900 tiam
667 3846 884 3906 tulerat.
931 3860 1055 3899 cum
1089 3843 1464 3899 misericordia
1503 3842 1701 3896 ductus
1731 3839 2058 3894 sententiam

490 3946 735 3992 revocat.

567 4042 585 4076 ι
614 4023 950 4078 Conversum
984 4027 1068 4074 est
1093 4033 1190 4075 eor
1216 4033 1396 4074 meum
1432 4019 1486 4072 in
1517 4019 1635 4088 ipso
1662 4035 1674 4070 :
1713 4015 1878 4070 simul
1911 4029 2060 4069 com-

481 4123 638 4171 mota
676 4121 758 4170 est
791 4110 1117 4184 poenitentia
1163 4124 1304 4166 mea.
1335 4109 1522 4182 (Vens.
1576 4108 1654 4178 9.)
1698 4105 1816 4161 Non
1859 4104 2057 4160 faciam

480 4209 642 4279 juxta
676 4187 813 4260 iram
857 4203 1062 4259 furoris
1093 4201 1222 4268 mei,
1261 4217 1371 4256 non
1424 4199 1806 4269 derelinquam
1850 4206 1911 4251 ut
1960 4197 2059 4252 de—

491 4299 666 4353 leatur
701 4295 980 4366 Ephraim.
1031 4313 1050 4345 ι
1104 4291 1322 4347 Patrem
1360 4289 1631 4356 imitatur,
1664 4295 1717 4342 et
1787 4295 2018 4341 matrem
2041 4324 2056 4351 ,

487 4390 584 4459 qui
625 4404 656 4443 a
692 4395 887 4442 natura
918 4385 1346 4448 conturbantur,
1379 4389 1433 4436 et
1478 4379 1570 4435 diu
1623 4379 1865 4434 aversari
1915 4377 2058 4433 ﬁlios

475 4495 598 4534 non
641 4487 890 4550 possunt.
937 4476 1064 4532 Haec
1113 4485 1294 4530 autem
1352 4474 1527 4539 dicit,
1577 4489 1690 4529 non
1743 4473 1900 4543 quasi
1955 4472 2059 4526 hoc

491 4585 637 4624 nunc
663 4568 820 4630 velit,
848 4580 995 4621 nunc
1026 4579 1244 4630 rursus,
1274 4571 1485 4617 mutata
1525 4563 1826 4627 voluntate,
1876 4562 2012 4615 nolit
2040 4579 2054 4615 :

487 4662 583 4716 sed
621 4672 937 4714 sermonem
983 4656 1187 4726 eﬂingit
1219 4655 1288 4709 ad
1325 4656 1463 4710 iram
1513 4662 1568 4710 et
1617 4651 2054 4724 benignitatem,

487 4753 554 4805 ad
585 4752 878 4806 vindictam
899 4759 953 4805 et
982 4749 1417 4814 miserationem,
1450 4754 1510 4801 ut
1543 4761 1639 4816 per
1662 4745 1759 4799 illa
1788 4754 2054 4800 terrorem

488 4840 699 4903 afferat,
737 4855 834 4909 per
869 4840 984 4895 haec
1027 4853 1158 4894 vero
1217 4837 1677 4894 exhortationem.
1726 4835 1879 4891 [Iane
1935 4835 2058 4904 ejus

493 4929 930 4984 misericordiam
985 4929 1180 4986 beatus
1247 4943 1467 5000 quoque
1527 4927 1695 4982 David
1757 4926 2053 4981 celebrat:

494 5039 518 5073 ί
554 5019 840 5087 Quomodo
887 5023 1182 5076 miseretur
1213 5028 1367 5091 pater
1397 5019 1657 5082 filiorum,
1692 5017 1950 5071 misertus
1975 5023 2059 5069 est

481 5111 758 5166 Dominus
788 5113 1097 5166 timentium
1123 5127 1180 5167 se
1199 5106 1250 5168 ³.
1282 5129 1301 5162 ι
1331 5109 1398 5164 Et
1423 5125 1522 5180 per
1550 5107 1744 5164 Isaiam
1777 5107 1908 5160 dicit
1941 5107 2057 5174 ipse

488 5202 674 5257 Deus:
721 5220 740 5254 ι
793 5200 1054 5272 Nunquid
1086 5202 1338 5258 oblivisci
1381 5206 1562 5271 potest
1598 5197 1793 5254 mulier
1830 5195 2056 5252 infantis

561 5356 590 5398 δι
621 5355 776 5414 Psal.
791 5372 890 5422 cu,
918 5355 1002 5411 I5.

1485 357 1968 416 TIIEODORETI
2003 357 2338 418 EPISCOPI
2369 354 2731 417 CYRENSIS

560 3209 724 3266 Vens.
741 3209 824 3264 8.x
848 3207 1134 3275 Quomodo
1150 3216 1203 3262 te
1224 3208 1532 3276 disponam,
1558 3205 1815 3277 Ephraim
1833 3207 1856 3261 ?
1875 3232 1893 3259 ι
1914 3205 2060 3273 Quo-
2085 3176 2128 3231 θ

3563 351 3668 415 161?.

2099 481 2142 538 Λ
2172 475 2320 537 νοίας
2357 473 2560 540 ταύτην
2601 468 2932 538 ὑπομένουσι
2985 462 3082 534 τὴν
3127 461 3401 532 τιμωρίαν.
3441 463 3564 534 Ἐγὼ
3589 468 3672 535 γὰρ

2175 564 2368 625 αὐτοὺς
2414 562 2472 625 ἐξ
2521 559 2794 626 Αἰγύπτου
2853 552 3205 625 μετεκάλεσα,
3255 551 3343 603 καὶ
3387 553 3473 622 τῆς
3511 563 3675 626 πικρᾶς

2173 655 2387 722 ἐκείνης
2440 651 2786 722 ἠλευθέρωσα
2837 645 3076 706 δουλείας
3102 657 3118 672 ’
3155 642 3304 694 αὐτοὶ
3336 643 3387 696 δέ
3417 645 3676 717 ἀγνώμονες

2175 747 2299 815 περὶ
2321 745 2418 816 ἐμὲ
2455 744 2752 814 γενόμενοι,
2780 741 2879 812 τὴν
2909 738 3017 793 τῶν
3057 733 3283 788 εἰδώλων
3313 735 3542 808 λατρείαν
3568 759 3673 813 προ.

2171 839 2375 892 είλοντο
2399 853 2410 867 ·
2435 835 2605 891 ταῦτα
2631 835 2737 907 γὰρ
2772 834 2928 888 καλεῖ
2954 831 3219 902 Βααλείμ’
3267 833 3361 902 ἐμὲ
3385 833 3436 886 δέ
3465 834 3543 887 τὸν
3569 852 3676 906 συμ-

2172 930 2482 993 ποδίσαντα,
2515 931 2606 980 καὶ
2624 928 2721 996 τ’ἡς
2745 926 2980 980 ἀτάκτου
3016 927 3188 995 φορᾶς
3226 923 3676 988 ἀπαλλάξαντα,καὶ

2170 1017 2442 1090 πατρικὴν
2491 1017 2620 1087 περὶ
2667 1016 2828 1071 αὐτὸν
2884 1015 3263 1086 φιλοστοργίαν
3308 1015 3674 1086 ἐπιδειξάμενον,

2171 1110 2264 1164 καὶ
2285 1108 2428 1162 ἴασιν
2451 1107 2596 1178 αὐτῷ
2652 1108 2966 1177 παντοδαπῆ
3011 1107 3396 1170 ἐπιτεθεικότα,
3437 1107 3677 1174 ἐπιγνῶναι

2168 1202 2268 1255 οὐκ
2329 1200 2637 1272 ἠϐουλήθη·
2690 1201 2785 1253 καὶ
2838 1199 2943 1270 μὴν
3000 1199 3108 1251 ἀπὸ
3163 1198 3487 1268 παντοδαπῆς
3524 1201 3678 1262 αὐτοὺς

2168 1293 2465 1366 διαφθορᾶς
2504 1292 2612 1344 τῶν
2651 1291 2912 1344 ἐπιόντων
2935 1288 3238 1360 ἀνθρώπιον
3277 1289 3520 1349 πολλάκις
3542 1291 3676 1359 dmi).-

2167 1385 2325 1452 λαξα,
2352 1381 2462 1438 οἷόν
2485 1403 2589 1438 τινι
2636 1381 2818 1454 δεσμῷ
2851 1384 2916 1453 τῇ
2954 1381 3084 1451 περὶ
3136 1381 3327 1444 αὐτοὺς
3377 1381 3679 1450 κατεχόμενος

2167 1479 2377 1551 ἀγάπῃ,
2415 1477 2480 1530 δι’
2511 1478 2576 1548 ἣν
2605 1475 2700 1528 καὶ
2730 1474 2811 1527 ἔτι
2854 1474 3032 1526 αὐτῶν
3087 1473 3341 1543 κήδομαι,
3389 1473 3476 1524 καὶ
3500 1471 3678 1533 ταύταις

2169 1569 2479 1642 περιϐαλλω
2527 1570 2645 1630 ταῖς
2668 1566 2958 1631 παιδείαις,
3008 1565 3196 1634 ὅμοιον
3233 1563 3415 1628 ποιῶν,
3452 1563 3518 1626 ῶς
3547 1563 3678 1624 εἴτις

2167 1662 2523 1733 ἡμαρτηκότα
2602 1661 2767 1712 παῖδα
2838 1656 2978 1710 κατὰ
3023 1656 3122 1726 τῆς
3182 1653 3419 1722 σιαγόνος
3462 1654 3674 1706 παίσειεν.

2177 1754 2363 1824 Ἀρκεῖ
2393 1751 2448 1804 δέ
2481 1769 2591 1821 μοι,
2650 1752 2742 1803 καὶ
2783 1750 2948 1821 δριμὺ
3006 1747 3146 1819 πρὸς
3201 1745 3360 1799 αὑτὸν
3391 1743 3577 1815 βλέψαι,
3606 1745 3678 1796 καὶ

2097 1833 2140 1886 Β
2169 1844 2525 1907 παντοδαπῶς
2552 1843 2713 1896 αὑτὸν
2766 1838 3064 1895 ἀναλῶσαι.
3103 1837 3276 1891 Τοῦτο
3321 1836 3424 1908 γὰρ
3459 1837 3676 1906 ἐσήμανεν

2164 1933 2422 2008 εἰρηκώς-ο

2238 2045 2256 2078 ι
2309 2024 2702 2095 Ἐπιϐλέψομαι
2734 2021 2869 2093 πρὸς
2894 2020 3076 2085 αὑτὸν,
3114 2019 3213 2072 καὶ
3252 2017 3673 2089 δυνήσομαιαὺτῷ.

2164 2115 2270 2187 (ε’.)
2299 2115 2632 2186 Κατῴκησεν
2668 2113 2906 2185 Ἐιρραῒμ
2965 2111 3241 2180 Αἴγυπτον
3267 2109 3331 2172 '9,
3359 2108 3448 2162 καὶ
3495 2107 3675 2177 Ἀσσοὺρ

2161 2209 2322 2273 αὐτὸς
2346 2210 2433 2262 ό⁸⁰
2453 2207 2704 2278 βασιλεὺς
2737 2204 2922 2261 αὐτοῦ.
2961 2223 2979 2255 ι
3009 2204 3082 2258 Οὐ
3132 2200 3468 2271 διαφεύξεται
3489 2200 3580 2270 γὰρ
3603 2202 3675 2268 τὴν

2161 2301 2350 2353 τούτου
2377 2299 2714 2361 δεσποτείαν,
2760 2296 2861 2351 κᾶν
2899 2295 3162 2368 μυριάκις
3214 2295 3292 2358 είς
3325 2293 3566 2362 Λίγυπτον
3582 2291 3676 2362 δρα-

2161 2390 2398 2462 πετεύσῃ
2426 2407 2440 2421 ⁶
2499 2389 2669 2444 αἴτιον
2725 2389 2782 2442 δέ
2841 2386 2988 2456 αὐτῷ
3035 2385 3152 2438 τῶν
3203 2383 3406 2446 κακῶν,
3454 2402 3472 2434 ι
3504 2383 3572 2435 ὅτι
3603 2382 3674 2433 οὐκ

2158 2480 2422 2554 ἠθέλησεν
2473 2480 2819 2553 ἐπιστρέψαι.
2850 2498 2868 2532 ι
2909 2478 3111 2530 Τούτου
3173 2476 3280 2546 γὰρ
3337 2475 3378 2506 ⁶¹
3417 2475 3575 2544 χάριν,
3606 2475 3674 2524 καὶ

2161 2575 2355 2647 πλήθει
2397 2573 2680 2646 χρώμενος
2733 2571 2828 2625 καὶ
2889 2560 3238 2636 πανοπλίαις,
3299 2567 3442 2620 οὐδὲν
3485 2567 3674 2635 ἀνδρεῖον

2160 2664 2486 2732 ἐπιδείξεται
2514 2681 2526 2695 ’
2551 2662 2686 2718 ἀλλὰ
2722 2664 2826 2717 τῶν
2857 2661 3042 2716 κακῶν
3066 2659 3451 2732 βουλευμάτων
3476 2658 3676 2728 δρέᾥεται

2158 2758 2283 2820 τοὺς
2307 2756 2573 2826 καρποὺς,
2595 2754 2690 2808 καὶ
2724 2755 2913 2824 πόρρω
2939 2753 3037 2822 τῆς
3055 2750 3272 2812 οἰκείας
3289 2750 3550 2818 γενήσεται
3575 2745 3675 2813 γῆς·

2158 2848 2344 2920 ἐπειδὴ
2372 2848 2480 2917 ἐγὼ
2498 2847 2673 2900 πάντα
2687 2845 2758 2899 τὰ
2775 2848 2816 2877 ε’
2833 2845 2989 2916 τίμια
3007 2842 3320 2914 παραδώσω
3334 2844 3437 2903 τοῖς
3453 2837 3676 2899 ἐναντίοις,

2160 2942 2254 2994 καὶ
2285 2925 2548 3010 διηνεκῶς
2573 2935 3156 2999 ταπεινώσω.ΙΤοὺτοις
3182 2933 3362 2997 αὐτοῖς
3391 2933 3432 2964 ⁸³
3455 2928 3678 2996 καταπλήο

2135 3030 2275 3100 ’ξαςν
2295 3031 2454 3085 πάλιν
2484 3031 2593 3094 τοῖς
2619 3029 2719 3098 τῆς
2737 3027 3152 3099 φιλανθρωπίας
3176 3025 3430 3098 κέχρηται
3450 3021 3676 3090 λόγοις,τῇ

2162 3124 2398 3196 ποικιλίᾳ
2417 3125 2516 3195 τῆς
2532 3123 2674 3176 διαλέ
2685 3121 2816 3186 ξεως
2834 3120 3098 3190 ὠφέλειαν
3121 3120 3309 3182 αὐτοῖς
3327 3115 3677 3196 μηχανώμενος.

2232 3215 2302 3286 η’.
2342 3194 2541 3268 ιγΤίνσε
2580 3213 2768 3278 διαθῶ,
2810 3211 3086 3282 Ἐφραῖμ;
3132 3231 3150 3262 ι
3185 3210 3308 3273 Πῶς
3335 3226 3431 3272 σοι,
3474 3194 3677 3276 φησινῶ

2174 3306 2434 3378 Ἐφραῒμ,
2489 3307 2801 3376 χρήσομαι;
2837 3324 2856 3357 ι
2901 3303 3266 3376 ’Υπερασπιῶ
3333 3319 3443 3365 σου,
3481 3295 3674 3367 Ἰσραήλ·

2161 3399 2214 3452 τί
2263 3416 2322 3450 σε
2376 3397 2541 3451 διαθῶ
2575 3397 2658 3463 ⁶⁸;
2697 3417 2715 3449 ι
2763 3394 2902 3466 Ἐγὼ
2947 3394 3058 3464 γὰρ
3102 3395 3148 3427 ⁸⁸
3197 3389 3559 3466 ὑπερμαχῆσαί
3608 3403 3675 3438 σον

2163 3489 2422 3560 βούλομαι
2447 3506 2460 3518 ·
2492 3490 2590 3542 οὐκ
2623 3490 2687 3559 ἐᾷ
2715 3487 2771 3540 δέ
2803 3505 2869 3559 με
2901 3488 2967 3541 τὰ
2997 3487 3104 3540 ὑπὸ
3142 3485 3238 3540 σοῦ
3262 3483 3561 3556 τολμώμενα
3579 3481 3671 3533 δυσ·

2163 3582 2481 3652 σεϐήματα·
2519 3580 2597 3634 διὸ
2635 3597 2654 3631 ι
2704 3579 2780 3643 ὡς
2839 3578 3046 3648 Ἀδάμα
3095 3577 3332 3648 θήσομαί
3381 3592 3458 3639 σε,
3505 3573 3581 3626 καὶ
3622 3569 3676 3630 ὡς

2163 3675 2380 3744 Σεὸωῖμ
2404 3675 2469 3727 ⁸⁸.
2509 3693 2526 3725 ι
2555 3673 2622 3726 Αἳ
2644 3671 2782 3744 μετὰ
2811 3671 3060 3742 Σοδόμων
3085 3671 3180 3725 καὶ
3200 3671 3480 3741 Γομόρρων
3495 3664 3675 3732 ἐνεπρή-

2165 3764 2388 3834 σθησαν.
2438 3763 2576 3818 Ἀλλ’
2638 3761 2791 3816 οὔπω
2836 3762 2933 3834 τὴν
2989 3764 3112 3816 κατ’
3153 3761 3330 3815 αὐτῶν
3368 3761 3529 3830 ψῆφον
3570 3755 3675 3819 ἐξενο

2162 3855 2359 3926 εγκὼν.
2385 3855 2449 3928 τῇ
2483 3855 2859 3927 φιλανθρωπίᾳ
2886 3856 2982 3926 τὴν
3010 3855 3287 3924 ἀπόφασιν
3321 3836 3452 3906 λόει.

2237 4027 2256 4060 ι
2295 4007 2661 4080 Μετεστράφη
2719 4009 2753 4078 ἡ
2813 4007 3012 4078 καρδία
3055 4024 3160 4077 μου
3211 4008 3270 4060 ἐν
3296 4003 3464 4076 τούτῳ
3488 4005 3553 4035 ⁸⁷⁸
3584 4014 3675 4052 cvr-

2161 4095 2436 4167 εταράχθη
2475 4098 2510 4168 ή
2559 4097 2893 4167 μεταμέλειά
2945 4115 3068 4167 μου.
3133 4097 3248 4167 (θ’.)
3293 4098 3368 4150 Οὐ
3414 4096 3481 4165 μὴ
3513 4091 3675 4158 ποιήσω

2162 4187 2304 4240 κατὰ
2329 4187 2426 4258 τὴν
2449 4188 2618 4258 ὀργὴν
2648 4188 2742 4240 τοῦ
2779 4187 2949 4259 θυμοῦ
2983 4202 3084 4258 μου
3106 4206 3120 4220 ·
3171 4188 3234 4240 οὺ
3284 4187 3357 4257 μὴ
3384 4182 3673 4253 ἐγκαταλίπω

2159 4278 2254 4332 τοῦ
2303 4278 2683 4350 ἐξαλειφθῆναι
2729 4280 2821 4332 τὸν
2863 4280 3124 4350 Ἐφραῖμ.
3159 4298 3178 4324 ι
3214 4279 3429 4348 Πατέρα
3478 4276 3673 4344 μιμεῖται

2162 4371 2256 4423 καὶ¹
2289 4371 2501 4442 μητέρα
2525 4371 2628 4424 ὑπὸ
2660 4371 2758 4440 τῆς
2800 4371 3015 4440 φύσεως
3050 4371 3575 4441 διαταραττομένους.
3608 4363 3676 4415 καὶ

2094 4511 2135 4566 D
2161 4463 2254 4515 ἐπὶ
2279 4462 2526 4516 πλεῖστον
2580 4463 3020 4534 ἀποστρέφεσθαι
3074 4464 3142 4516 τὰ
3173 4467 3338 4517 τέκνα
3385 4463 3454 4532 μὴ
3494 4455 3678 4524 δυναμέο

2163 4571 2303 4616 νους.
2328 4552 2510 4606 Ταῦτα
2529 4553 2582 4607 δὲ
2615 4553 2784 4623 λέγει,
2815 4555 2912 4624 οὐχ
2933 4555 3007 4618 ὡς
3044 4553 3141 4608 νῦν
3172 4555 3272 4625 μὲν
3299 4553 3449 4607 τοῦτο
3472 4548 3676 4621 βουλόμεο

2164 4659 2271 4709 νος,
2303 4641 2398 4696 νῦν
2423 4642 2480 4695 δὲ
2533 4641 2692 4696 τοῦτο
2733 4641 3262 4713 μεταϐουλευόμενος
3283 4657 3296 4670 ·
3325 4638 3454 4694 ἀλλὰ
3507 4648 3676 4704 σχημα·

2162 4735 2300 4798 τίζει
2353 4734 2444 4787 τὸν
2497 4734 2654 4802 λόγον
2693 4735 2773 4798 εἰς
2826 4733 2994 4807 ὀργὴν
3044 4733 3140 4787 καὶ
3193 4723 3676 4802 φιλανθρωπίαν,εῐς

2163 4825 2430 4896 τιμωρίαν
2479 4827 2573 4878 καλ⁸
2624 4824 2792 4888 ἔλεον,
2842 4828 2937 4879 καὶ
2964 4826 3031 4880 δι’
3072 4826 3297 4878 ἐκείνων
3318 4820 3676 4891 καταπλήττειν.

2164 4917 2259 4968 καὶ
2329 4916 2418 4969 διὰ
2501 4915 2705 4970 τούτων
2761 4917 3105 4988 προτρέπων.
3156 4917 3374 4986 Ταύτην
3413 4909 3560 4968 αὖτοῦ
3606 4906 3678 4973 τὴν

2166 5005 2574 5079 φιλανθρωπίαν
2607 5007 2699 5060 καὶ
2727 5009 2755 5060 ό
2789 5010 3059 5080 μακάριος
3109 5009 3227 5081 ᾄδει
3249 5005 3439 5060 Δαόίδο
3473 5022 3490 5054 ι
3525 4995 3678 5055 Καθὼς

2161 5102 2418 5172 οἰκτείρει
2443 5100 2621 5172 πατὴρ
2643 5101 2810 5167 υἱοὺς,
2846 5101 3148 5173 ᾡκτείρησε
3180 5098 3503 5172 Κύριοςτοὺς
3528 5089 3682 5160 905W-

2165 5194 2361 5265 μένους
2413 5192 2594 5247 αὐτόν.
2654 5209 2673 5246 ι
2721 5193 2831 5246 Καὶ
2876 5193 2964 5247 διὰ
3002 5192 3224 5247 Ἡσαΐου
3278 5191 3432 5252 αὑτός
3478 5198 3619 5254 φησιν
3659 5177 3679 5226 ὁ

1886 5503 2119 5562 ἻΑΒΙιΕ
2149 5503 2437 5564 LECTION
2443 5506 2544 5564 ES.

565 5679 618 5711 ”
647 5675 777 5733 Rec.
802 5678 963 5736 lectio
988 5686 1071 5733 est
1095 5679 1152 5730 ἐν
1182 5674 1460 5744 Αἰγύπτῳ.
1537 5673 1652 5745 ἰ’-ὁ.
1677 5673 1800 5745 Des.
1829 5673 1883 5728 in
1903 5674 1966 5745 (ζ,
1990 5744 1997 5745 ί
2023 5672 2085 5745 Α⁶¹
2105 5672 2240 5745 γάρ.
2273 5669 2397 5745 Des.
2427 5671 2490 5745 in!
2520 5669 2582 5745 (Ξ.
2625 5671 2669 5704 ⁸³
2689 5671 2776 5745 τά.
2798 5671 2873 5730 Ib.
2895 5690 3079 5745 praem.
3113 5672 3299 5745 αὑτοῦ.
3374 5668 3466 5723 “C
3489 5659 3668 5722 αὐτούὺ

497 5742 540 5772 ⁸⁵
563 5747 614 5798 τί
640 5764 697 5798 σε
733 5750 922 5808 διαθῶ.
976 5749 1100 5803 Des.
1135 5741 1271 5800 ibid.
1345 5746 1388 5777 "
1410 5741 1536 5813 γάρ.
1570 5743 1611 5797 C
1651 5742 1767 5812 μέν.
1851 5745 1896 5774 ⁸⁸
1929 5741 2061 5795 Ibid.

2105 5739 2367 5810 Σεδωείμ.
2449 5742 2491 5773 ⁸⁷
2530 5740 2663 5798 nec.
2708 5744 2869 5800 lectio
2895 5739 2982 5802 Est
3015 5743 3272 5816 τῷαὑτῶ.
