3912 6206
286 378 418 440 1613

1494 379 1574 439 1N
1620 377 1807 438 OSEE
1840 376 1998 436 CAP.
2030 379 2165 441 XII.

3381 375 3515 442 16M

279 494 414 557 Θεός
440 510 455 526 ·
492 512 511 545 ι
548 493 638 566 Μὴ
666 493 980 565 ἐπιλήσεται
1031 494 1167 566 γυνὴ
1195 493 1287 550 τοῦ
1350 493 1562 549 παιδίου
1595 493 1786 563 αὐτῆς,
1816 491 1851 562 ἢ

1972 493 2062 558 illi,
2100 503 2159 548 ut
2190 510 2298 551 non
2353 499 2673 556 misereatur
2733 499 2828 556 lilii
2862 500 3002 557 uteri
3037 499 3167 557 sui?
3204 498 3270 554 Et
3328 499 3376 554 si
3424 498 3517 553 illa

281 584 376 639 τοῦ
415 583 491 655 μὴ
529 585 746 655 ἐλεῆσαι
794 587 863 640 τά
905 586 1104 655 ἔκγονα
1127 588 1225 656 τῆς
1249 586 1455 652 κοιλίας
1469 586 1675 655 αὑτῆςς
1709 585 1771 639 Ei
1794 584 1853 637 δέ

283 675 378 729 καὶ
401 675 541 744 γυνὴ
581 674 892 729 ἐπιλάθοιτο
937 675 1112 731 ταῦτα
1167 675 1414 745 ποιῆσαι,
1465 674 1581 730 ἀλλ’
1610 673 1722 742 ἐγὼ
1752 674 1853 729 οὐκ

283 766 636 837 ἐπιλήσομαι,
694 763 847 819 εἶπεν
886 768 914 820 ὁ
938 766 1145 835 Ἄγιος.
1183 787 1202 817 ι
1230 766 1341 821 Καὶ
1399 765 1633 821 ἐνταῦθα
1675 763 1854 819 τοίνυν

283 858 457 927 λέγει·
493 877 514 910 ι
555 859 921 930 Μετεστράφη
964 860 998 931 ἠ
1046 858 1242 931 καρδία
1281 876 1384 930 μου
1409 859 1466 913 ἐν
1492 857 1689 929 τούτῳ,
1728 873 1854 912 συν-

284 950 562 1022 εταράχθη
592 951 626 1021 ἠ
692 948 1022 1020 μεταμέλειά
1053 966 1179 1020 μου.
1224 949 1298 1003 Οὐ
1340 948 1418 1020 μὴ
1454 948 1667 1020 ποιήσω
1715 945 1856 1002 κατὰ

283 1043 384 1112 τὴν
411 1043 581 1114 ὀργὴν
628 1041 723 1094 τοῦ
773 1041 947 1110 θυμοῦ
994 1058 1117 1112 μου,
1162 1042 1222 1095 ού
1252 1040 1333 1113 «μὴ
1387 1039 1739 1110 ἐγκαταλίπω
1758 1038 1858 1094 τοῦ

283 1132 668 1203 ἐξαλειφθῆναι
696 1131 788 1186 τὸν
820 1132 1081 1203 Ἐφραῖμη
1121 1132 1269 1187 Διότι
1309 1132 1443 1196 Θεός
1472 1133 1586 1203 είμι
1609 1129 1739 1200 ἐγὼ,
1759 1129 1857 1184 καὶ

283 1226 386 1280 οὐκ
432 1224 739 1294 ἄνθρωπος,
794 1225 853 1279 ἐν
885 1225 969 1278 σοὶ
993 1223 1169 1293 ἆγιος,
1224 1226 1320 1278 καὶ
1355 1224 1456 1278 οὐκ
1480 1221 1856 1292 εἰσελεύσομαι

285 1320 366 1381 εἰς
396 1317 573 1371 πόλιν.
608 1335 627 1368 ι
653 1317 728 1370 Οὐ
758 1315 867 1387 γὰρ
920 1314 1215 1388 ἀνθρώπῳ,
1269 1315 1429 1387 φησὶ,
1462 1312 1856 1385 παραπλησίως

282 1408 595 1480 ὀργίζομαι,
623 1407 745 1461 οὐδὲ
771 1406 866 1461 ἐπὶ
890 1406 1135 1461 πλεῖστον
1160 1408 1521 1478 μνησικακεῖν
1553 1404 1815 1475 ἀνέχομαι
1839 1420 1853 1435 ⁶

284 1500 422 1564 Θεὸς
458 1501 566 1569 γάρ
589 1500 635 1533 ⁸⁸
661 1500 776 1569 εἰμι
820 1499 997 1567 ἅγιος,
1029 1498 1125 1552 καὶ
1179 1498 1237 1552 ἐν
1269 1500 1382 1561 τοῖς
1412 1498 1543 1568 περ).
1577 1496 1638 1550 σὲ
1668 1494 1857 1566 φαινό-

291 1607 473 1660 μενος,
503 1589 598 1643 καὶ
622 1589 730 1642 τῶν
751 1588 953 1660 γηΐνων
972 1588 1228 1643 ἁπάντων
1259 1588 1583 1659 ὑπέρτερος,
1630 1584 1726 1639 καὶ
1757 1585 1858 1655 οὐχ

286 1681 492 1752 ὁμοίως
515 1681 630 1743 τοῖς
649 1678 956 1751 ἀνθρώποις
979 1679 1148 1733 οἰκεῖν
1175 1677 1590 1750 ἠναγκασμένος
1606 1694 1621 1707 ·
1655 1693 1858 1731 παντα-

288 1772 387 1844 χοῦ
419 1771 478 1825 δὲ
503 1769 713 1841 παρὼν,
748 1769 980 1834 καὶτοῖς
1015 1770 1152 1824 πᾶσι
1189 1767 1612 1841 παριστάμενος.
1647 1766 1857 1822 Τοσαύ-

288 1882 390 1937 της
421 1863 598 1918 τοίνυν
628 1862 1039 1932 φιλανθρωπίας
1075 1861 1460 1926 ἀπολαύοντες,

360 1961 413 2008 ι’.
454 1973 474 2006 ι
526 1954 749 2014 Ὀπίσω.
782 1957 942 2025 φησι,
964 1952 1171 2024 Κυρίου
1229 1950 1527 2023 πορεύεσθε
1557 1950 1601 1983 ⁰⁹
1629 1968 1643 1981 ·
1681 1969 1701 2003 ο
1735 1949 1859 2005 ἐπό-

290 2064 446 2117 μενοι
473 2046 757 2118 διηνεκῶς,
785 2046 881 2099 καὶ
924 2046 1033 2099 πᾶν
1087 2044 1150 2099 τὸ
1214 2043 1571 2115 κελευόμενον
1605 2043 1858 2115 δρῶντες.

294 2159 315 2191 ι
349 2139 443 2203 :n;
468 2138 606 2193 λέων
657 2138 767 2210 γὰρ
810 2135 1109 2208 ἐρεύξεται,
1151 2136 1247 2193 καὶ
1298 2137 1655 2208 ἐκστήσονται
1695 2134 1862 2188 τέκνα

287 2230 518 2285 ὑδάτων.
555 2249 575 2282 ι
602 2229 868 2301 Καθάπερ
919 2228 1028 2300 γὰρ
1053 2228 1082 2282 ὁ
1113 2228 1160 2260 ⁷⁰
1219 2227 1357 2282 λέων
1392 2225 1760 2299 βρυχώμενος,
1793 2225 1862 2279 τὰ

288 2323 594 2389 πελάζοντα
616 2323 709 2377 καὶ
762 2321 856 2376 τοῦ
883 2320 1232 2394 βρυχήματος
1277 2319 1539 2374 ἐπαΐοντα
1567 2318 1862 2377 δεδίττεται

287 2416 435 2480 ζῶα’
468 2413 611 2469 οὕτω
632 2410 726 2467 τοῦ
748 2411 888 2467 Θεοῦ
912 2410 1021 2464 τῶν
1048 2410 1187 2464 ὅλων
1222 2408 1502 2480 ἐπαμῦναι
1531 2411 1658 2480 ὑμῖν
1683 2408 1864 2478 ἐθελή-

290 2521 506 2567 σαντος,
545 2502 713 2557 δειλία
751 2502 969 2569 καθέξει
995 2501 1122 2565 τοὺς
1162 2501 1458 2568 ἐναντίους,
1483 2500 1640 2570 δίκην
1667 2499 1864 2570 ἰχθύων

272 2594 418 2649 οὐδὲ
441 2595 534 2649 τὸν
566 2593 796 2664 τυχόντα
828 2591 1035 2647 κτύπον
1092 2593 1281 2663 φέρειν
1334 2591 1699 2664 ἀνεχομένων,
1745 2592 1861 2646 ἀλλ’

286 2685 352 2739 ἐν
418 2686 530 2749 τοῖς
585 2682 740 2737 ὕδασι
798 2681 1211 2755 κρυπτομένων.
1278 2682 1466 2739 Τέκνα
1488 2682 1597 2755 γὰρ
1626 2683 1864 2739 ὑδάτων

289 2777 421 2841 τοὺς
448 2775 635 2846 ἰχθύας
695 2776 1156 2847 προσηγόρευσεν,
1220 2775 1296 2840 ὡς
1349 2777 1406 2830 ἐν
1432 2779 1546 2840 τοῖς
1580 2776 1734 2829 ὕδασι
1766 2776 1862 2839 τὰς

289 2869 395 2938 τῆς
430 2868 575 2939 ζωῆς
608 2866 826 2939 ἔχοντας
850 2866 1125 2938 ἀφορμάς.
1171 2866 1328 2921 Οὕτω
1357 2867 1414 2921 δὲ
1440 2869 1504 2938 τῇ
1540 2866 1661 2939 θείᾳ
1696 2866 1860 2940 βουλῇ

287 2959 403 3017 τῶν
434 2959 707 3030 πολεμίων
734 2958 1162 3025 καταλυθέντων,

367 3052 457 3107 ια’.
491 3071 509 3103 ι
550 3050 807 3115 Ἥξουσιν
831 3051 874 3083 τι
902 3049 980 3111 ὡς
1004 3050 1191 3120 ὄρνεον
1241 3049 1299 3116 ἐξ
1332 3049 1629 3119 Αἰγύπτου,
1661 3052 1757 3104 καὶ
1788 3051 1862 3117 ὡς

1956 584 2126 638 oblita
2158 585 2320 643 fuerit
2348 588 2466 646 haec
2496 590 2702 657 facere,
2726 607 2830 663 ego
2859 600 3041 648 tamen
3074 606 3186 648 non
3228 591 3522 647 obliviscar

1957 675 2079 743 tui,
2126 677 2267 734 dixit
2328 680 2567 738 Sanctus
2600 685 2641 736 ί.
2706 702 2727 738 ι
2775 682 2876 740 Hic
2931 685 3105 756 igitur
3149 684 3225 739 ait
3266 697 3518 755 quoque:

1963 784 1981 817 ι
2015 766 2353 825 Converssm
2386 780 2472 828 est
2505 787 2603 829 cor
2652 789 2834 830 meum
2869 776 2925 830 in
2973 777 3117 847 ipso,
3152 775 3318 832 simul
3367 788 3525 830 com-

1959 865 2107 913 mota
2145 869 2228 915 est
2258 863 2582 931 pmnitentia
2616 879 2755 924 mea.
2787 865 2911 922 Non
2948 866 3148 924 faciam
3173 868 3334 937 juxta
3384 865 3525 920 iram

1957 948 2161 1007 furoris
2185 954 2310 1019 moi,
2336 969 2447 1009 non
2477 954 2858 1027 derelinquam
2883 965 2942 1013 ut
2970 958 3219 1015 deleatur
3239 959 3524 1031 Ephraim.

1957 1038 2229 1106 Quoniam
2264 1042 2408 1100 Deus
2438 1060 2584 1111 sum,
2622 1056 2676 1103 et
2700 1062 2811 1104 non
2838 1049 3024 1116 homo,
3070 1050 3125 1105 in
3158 1057 3213 1106 te
3258 1058 3486 1107 sanctus
3510 1090 3527 1117 ,

1959 1139 2013 1187 et
2038 1146 2148 1186 non
2181 1133 2463 1205 ingrediar
2495 1137 2796 1196 civitatem.
2850 1158 2871 1192 ι
2932 1139 3051 1196 Non
3081 1140 3227 1196 enim
3286 1143 3526 1212 pariter,

1959 1222 2164 1296 inquit,
2192 1234 2356 1297 atque
2380 1226 2572 1296 homo,
2604 1230 2835 1297 irascor,
2865 1248 3044 1304 neque
3074 1248 3301 1304 possum
3335 1235 3529 1292 diutis-

1960 1314 2104 1373 sime
2136 1316 2463 1386 iniuriam
2516 1321 2841 1379 memoriam
2894 1324 3152 1381 retinere.
3205 1324 3351 1382 Deus
3381 1327 3529 1382 enim

1958 1415 2194 1466 sanctus
2221 1425 2366 1477 sum,
2397 1419 2452 1466 et
2473 1410 2529 1466 in
2554 1413 2668 1470 tuis
2704 1428 2998 1486 apparens,
3023 1424 3077 1470 et
3100 1416 3338 1472 terrenis
3366 1417 3530 1473 rebus

1959 1501 2221 1559 omnibus
2252 1502 2543 1573 superior:
2578 1518 2680 1560 nec
2710 1504 2965 1562 similiter
2996 1513 3056 1560 ut
3084 1506 3336 1563 homines
3369 1506 3529 1563 liabl-
3620 1569 3625 1573 _

1963 1600 2080 1647 tare
2108 1592 2324 1666 1365
2351 1607 2540 1668 cogor,
2574 1594 2672 1652 sed
2706 1597 2909 1668 ubique
2942 1597 3159 1664 adsum,
3187 1605 3241 1655 et
3274 1600 3530 1656 omnibus

1959 1684 2183 1741 assiste.
2226 1686 2367 1740 Cum
2399 1685 2569 1757 igitur
2618 1694 2826 1743 tantam
2873 1689 3175 1747 obtineatis
3216 1689 3528 1767 misericor-

1960 1775 2129 1841 diam,

2036 1958 2201 2014 νεεδ.
2231 1959 2317 2015 l0.
2352 1976 2371 2012 ι
2406 1960 2538 2016 Post
2560 1959 2873 2028 Dominum,
2901 1960 3101 2032 inquit,
3166 1961 3478 2019 ambulate:
3504 1983 3523 2016 ι

1965 2053 2257 2116 sequentes
2302 2056 2588 2118 perpetuo,
2616 2058 2670 2104 et
2701 2064 2864 2107 omne
2889 2053 3216 2122 imperatum
3241 2050 3529 2110 facientes.

1964 2133 2178 2191 Etenim
2216 2153 2230 2191 :
2262 2156 2282 2189 ι
2333 2138 2492 2194 Sicut
2523 2140 2611 2196 leo
2664 2141 2865 2212 rugiet,
2896 2150 2951 2197 et
3005 2141 3383 2199 formidabant
3437 2144 3529 2200 ﬁlii

1963 2238 2257 2298 aquarum.
2293 2247 2312 2281 ι
2339 2227 2474 2284 Nam
2498 2231 2963 2301 quemadmodum
2983 2234 3069 2290 leo
3099 2235 3326 2306 rugiens
3352 2235 3531 2291 vicina

1963 2330 2019 2374 ct
2040 2321 2280 2391 rugitum
2311 2321 2664 2378 exaudientia
2698 2324 2959 2380 animalia
2990 2325 3417 2398 perterrefacit:
3451 2329 3532 2383 sic

1966 2409 2060 2467 Dei
2095 2414 2493 2483 praepotentis,
2525 2414 2685 2471 vobis
2718 2416 2981 2472 auxiliari
3037 2417 3301 2485 volentis,
3352 2424 3532 2475 metus

1964 2506 2292 2574 perterrebit
2326 2506 2548 2575 hostes,
2612 2521 2766 2563 more
2820 2507 3061 2577 piscium
3115 2524 3187 2569 ne
3243 2509 3532 2567 minimum

1963 2594 2183 2663 quidem
2208 2596 2481 2665 crepitum
2517 2595 2666 2651 ferre
2696 2594 3023 2661 valentium,
3057 2597 3152 2653 sed
3183 2596 3237 2652 iu
3271 2611 3447 2667 aquas
3469 2600 3538 2654 'se

1963 2684 2309 2741 abdentium.
2348 2685 2519 2741 Filios
2546 2685 2698 2740 enim
2732 2701 2997 2756 aquarum
3039 2687 3261 2742 vocarit
3308 2687 3528 2759 pisces,

1964 2778 2021 2833 in
2068 2780 2231 2848 aquis
2272 2780 2394 2835 vitm
2435 2776 2902 2849 opportunitatem
2948 2778 3317 2835 invenientes.
3355 2780 3538 2853 Atque

1964 2870 2020 2925 in
2054 2871 2199 2925 hunc
2247 2870 2468 2927 modum
2505 2870 2760 2928 hostibus
2808 2870 2993 2925 divina
3038 2870 3321 2928 voluntate
3359 2872 3529 2930 dissi-

1965 2961 2132 3030 palis,

2043 3051 2204 3107 Vsus.
2237 3051 2324 3105 il.
2373 3069 2392 3103 ι
2434 3050 2669 3105 Venient
2700 3052 2866 3122 quasi
2914 3049 3037 3106 avis
3063 3065 3132 3107 ex
3185 3050 3446 3122 )Egypto,
3477 3060 3528 3109 et

288 3143 592 3215 περιστερὰ
626 3144 690 3195 ἐκ
739 3142 842 3212 γῆς
906 3142 1223 3212 Ἀσσυρίων,
1278 3142 1372 3195 καὶ
1426 3142 1861 3213 ἀποκαταστῆσαι

1972 3142 2126 3213 quasi
2159 3142 2413 3197 columba
2448 3140 2517 3196 de
2548 3151 2692 3196 terra
2735 3140 3085 3213 Assyriorum
3115 3159 3131 3198 :
3162 3152 3217 3198 et
3248 3144 3531 3199 restituam

290 3237 492 3298 αὐτοὺς
511 3235 593 3299 είς
615 3233 737 3298 τοὺς
786 3233 974 3296 οἴκους
1012 3232 1212 3298 αὐτῶν,
1264 3232 1411 3300 λέγει
1448 3232 1669 3304 Κύριος.
1710 3252 1729 3283 ι
1763 3232 1862 3289 “Ov
1887 3219 1931 3241 “’

287 3324 495 3397 τρόπον
515 3324 624 3395 γὰρ
662 3322 733 3377 τά
774 3340 832 3375 τε
883 3322 1017 3377 ἄλλα
1070 3321 1256 3396 ὄρνεα,
1297 3323 1391 3375 καὶ
1418 3321 1782 3393 διαφερόντως
1800 3322 1863 3376 αἱ

291 3418 638 3488 περιστεραὶ,
664 3418 730 3488 τῇ
762 3416 957 3486 πτήσει
987 3414 1266 3486 χρώμεναι
1297 3414 1393 3469 καὶ
1411 3415 1861 3486 περιπετόμεναι,

293 3508 498 3580 ῥᾳδίως
532 3507 817 3563 ἐπανίασιν
869 3508 948 3570 εἰς
980 3508 1075 3570 τὰς
1102 3507 1308 3569 οίκείας
1354 3506 1578 3571 καλιάςο
1604 3506 1867 3580 οὕτωκαὶ

291 3599 442 3669 ὑμᾶς
460 3598 584 3660 τοὺς
604 3597 705 3667 μὲν
732 3595 903 3659 ἐνθεν,
931 3598 1056 3660 τοὺς
1081 3596 1138 3650 δὲ
1165 3596 1393 3662 ἐκεῖθεν,
1410 3596 1652 3661 εὐπετῶς
1687 3579 1858 3652 ita.»

292 3689 436 3755 άξει,
469 3689 564 3742 καὶ
601 3688 700 3760 τὴν
749 3687 1077 3756 ἐνεγκοῦσαν
1108 3686 1401 3742 ἀπολαϐεῖν
1438 3688 1862 3757 παρασκευάσει.

291 3780 460 3849 Δηλοτ
485 3779 539 3832 δὲ
566 3778 653 3831 διὰ
688 3777 889 3835 τούτων
912 3776 1008 3847 τὴν
1048 3779 1139 3831 ἐπὶ
1167 3776 1261 3830 τοῦ
1298 3777 1603 3849 Ζοροϐάϐελ
1634 3776 1865 3848 γενομέ-

293 3888 397 3939 νην
450 3869 732 3923 ἐπάνοδον·
772 3869 880 3922 τῶν
919 3868 1025 3939 γὰρ
1048 3868 1156 3922 ἀπὸ
1200 3867 1515 3932 Βαϐυλῶνος
1543 3867 1865 3924 ἐπανελθόν-

292 3979 407 4016 των
431 3961 498 4024 τ’,
540 3959 633 4013 καὶ
658 3957 756 4028 τὴν
805 3950 1160 4030 Ἰερουσαλὴμ
1188 3957 1679 4028 ἁνοικοδομούντων
1726 3955 1868 4013 κατὰ

292 4053 391 4107 σιὸν
423 4052 608 4123 Κύρου
665 4050 762 4103 τοῦ
803 4051 1011 4121 Πέρσου
1052 4049 1234 4121 νόμον,
1288 4051 1380 4104 καὶ
1422 4050 1471 4103 οί
1525 4051 1585 4103 ἐν
1609 4047 1868 4118 Αἰγύπτῳ

288 4145 578 4213 διάγοντες
605 4143 977 4214 θαρρήσαντες
1003 4141 1326 4211 ἐπανῆλθον.

372 4235 461 4307 ιβ’.
493 4254 513 4287 t
567 4234 874 4288 Ἐκύκλωσέ
919 4252 985 4304 με
1034 4236 1091 4286 ἐν
1124 4233 1309 4304 ψεύδει
1367 4235 1622 4305 Ἐφραῒμ,
1678 4235 1771 4288 καὶ
1808 4232 1870 4290 ἐν

292 4327 525 4400 ἀσεϐείᾳ
544 4328 591 4361 ⁷³
624 4323 769 4391 οἶκος
786 4328 1001 4398 Ἰσραὴλ
1032 4328 1126 4382 καὶ
1140 4327 1330 4382 Ἰούδα.
1365 4347 1382 4378 ι
1403 4327 1545 4395 Ἐγὼ
1567 4328 1685 4398 μὲν,
1711 4327 1865 4396 φησι,

292 4420 568 4491 τοσαύτης
628 4420 822 4485 αὐτοὺς
864 4419 1000 4485 ἀξιῶ
1059 4419 1432 4490 προμηθείας·
1474 4419 1629 4472 αὐτοὶ
1664 4418 1722 4474 δὲ
1758 4420 1868 4482 τοῖς

1965 3248 2063 3290 eos
2090 3232 2303 3289 adibus
2331 3232 2470 3297 suis.
2501 3232 2638 3290 dicit
2668 3231 2955 3287 Dominus.
2982 3252 3008 3285 τ
3046 3232 3209 3288 Sicut
3234 3234 3379 3289 enim
3411 3240 3531 3289 tum

1965 3333 2177 3380 caeteras
2191 3336 2344 3386 aves,
2372 3331 2491 3377 tum
2504 3321 2742 3379 maxime
2760 3322 3052 3390 columbae,
3073 3323 3287 3377 alarum
3309 3338 3410 3393 ope
3424 3323 3528 3378 cir-

1965 3414 2362 3477 cumvolantcs,
2382 3412 2545 3467 facite
2567 3412 2624 3466 in
2644 3410 2804 3467 nidos
2822 3426 2953 3468 suos
2973 3418 3326 3468 revertuntur
3342 3430 3361 3485 ε
3389 3411 3465 3468 ita
3479 3419 3532 3467 et

1968 3522 2065 3563 vos
2112 3506 2252 3562 alios
2297 3505 2443 3570 hinc,
2494 3504 2636 3560 alios
2659 3504 2813 3559 iliine
2840 3503 3001 3559 facile
3028 3504 3332 3568 revocabit,
3361 3514 3415 3560 et
3441 3518 3532 3574 pa-

1965 3601 2128 3654 trium
2146 3600 2200 3653 in
2218 3596 2394 3653 solum
2412 3596 2592 3652 redire
2608 3595 2794 3651 faciet.
2813 3594 2913 3652 Per
2930 3596 3046 3650 hate
3063 3602 3244 3649 autem
3260 3593 3533 3665 signiﬁcat

1968 3691 2206 3746 reditum
2240 3690 2345 3746 sub
2372 3688 2715 3744 Zorobabele
2747 3687 2978 3743 factum.
3006 3686 3142 3741 Nam
3175 3700 3303 3741 cum
3342 3685 3433 3745 alii
3467 3701 3532 3742 ex

1967 3779 2248 3853 Babylone
2284 3780 2491 3836 reversi
2517 3786 2728 3843 essent,
2770 3787 2828 3834 et
2857 3776 3050 3833 urbem
3098 3774 3534 3847 Hierosolymam

1966 3887 2033 3924 ex
2058 3870 2187 3941 Cyri
2222 3869 2403 3926 Persa:
2436 3870 2555 3940 lege
2582 3867 3036 3932 remdiflcassent,
3073 3866 3166 3919 alii
3219 3865 3409 3932 etiam,
3437 3864 3535 3936 qui

1967 3964 2025 4017 in
2076 3962 2315 4033 Egypto
2366 3961 2771 4026 versabantur,
2809 3958 3005 4014 ﬁducia
3055 3966 3271 4027 sumpta
3300 3995 3317 4021 ,
3352 3955 3533 4012 redie-

1967 4060 2121 4107 runt.

2044 4237 2206 4293 \‘sas.
2245 4238 2326 4290 12.
2362 4257 2381 4288 ‹
2408 4232 2783 4290 (lircumdedit
2802 4246 2894 4285 me
2917 4229 3207 4285 mendacio
3231 4227 3493 4298 Ephraim
3519 4245 3533 4280 :

1970 4337 2026 4382 et
2053 4328 2334 4397 impietate
2374 4327 2571 4382 domus
2603 4326 2777 4380 Israel
2806 4335 2861 4379 et
2885 4319 3045 4379 Juda.
3092 4339 3111 4376 ι
3146 4319 3259 4394 Ego
3291 4317 3534 4392 quidem,

1973 4419 2171 4488 inquit,
2209 4425 2360 4471 tanta
2391 4416 2516 4470 illos
2539 4415 2741 4486 dignor
2773 4414 3155 4484 providentia:
3198 4412 3409 4485 1305
3430 4413 3534 4478 ipsi

294 4511 565 4576 ἐναντίοις
587 4511 924 4582 ἀμείϐονται,
941 4511 1038 4581 τὴν
1052 4509 1225 4580 ψευδῆ
1242 4511 1336 4564 καὶ
1355 4509 1589 4580 δυσσεϐῆ
1620 4509 1861 4581 λατρείαν

1972 4525 2104 4565 vero
2158 4508 2452 4564 contrariis
2507 4513 2892 4577 compensant,
2942 4504 3147 4561 falsam
3208 4513 3263 4559 et
3313 4504 3534 4574 impiam

294 4603 401 4674 τῆς
430 4603 568 4675 ὲμῆς
588 4602 1008 4674 προαιρούμενοι
1058 4602 1375 4672 θεραπείας.
1401 4622 1419 4654 ι
1448 4602 1562 4655 Νῦν
1596 4600 1736 4671 ἔγνω
1772 4602 1870 4657 αὖ·

295 4697 428 4758 τοὺς
453 4695 652 4759 ὁΘεὺς,
678 4695 771 4749 καὶ
800 4695 923 4759 λαὸς
957 4697 1109 4764 διγιος
1135 4694 1455 4765 κεκλήσεται
1487 4695 1642 4751 Θεοῦ.
1679 4714 1699 4749 ι
1731 4695 1870 4750 Ἀλλ’

295 4787 452 4853 ὅμως
485 4782 581 4837 καὶ
607 4782 878 4846 τοιούτους
925 4783 1086 4848 ὄντας
1133 4785 1446 4853 ἐπιμελείας
1500 4783 1735 4849 ἀξιώσω,
1777 4785 1872 4839 καὶ

292 4874 429 4931 λαὸν
456 4874 536 4945 τῷ
604 4873 724 4943 Θεῷ
763 4874 870 4927 τῶν
923 4874 1060 4928 ὅλων
1119 4875 1495 4945 ἁφιερωμένον
1537 4875 1870 4945 χρηματίσαι

297 4968 535 5037 ποιήσω.
1414 4992 1425 5000 ο

831 5080 1225 5137 ΚΕΦΑΛΑΙΟΝ
1251 5078 1344 5133 IB'.

372 5178 443 5225 α’.
476 5191 502 5225 ν(
538 5172 596 5224 ὐ
654 5171 713 5225 δὲ
776 5171 1034 5243 Ἐφραῖμ,
1101 5173 1336 5241 πονηρὸν
1400 5171 1634 5240 πνεῦμα,
1688 5170 1870 5235 ἐδίωξε

297 5265 562 5319 καύσωνα
604 5264 732 5330 ὃλην
781 5264 880 5335 τὴν
941 5263 1171 5334 ἡμέραν.
1213 5281 1232 5312 ι
1284 5262 1392 5314 Καὶ
1457 5262 1761 5325 διδάσκων,
1820 5261 1871 5313 τί

384 5442 400 5480 ί
435 5438 538 5493 lsa.
572 5454 719 5502 XLIX,
757 5440 846 5492 i5.

1975 4602 2293 4672 religionem
2338 4601 2515 4655 cultui
2547 4611 2670 4653 meo
2715 4604 3137 4667 anteponentes.
3173 4613 3194 4647 ι
3249 4594 3407 4650 Nunc
3442 4608 3538 4648 co-

1979 4693 2167 4765 gnovit
2193 4708 2288 4748 eos
2314 4691 2602 4753 Dominus,
2636 4696 2691 4743 ct
2723 4688 2959 4758 populus
2986 4695 3212 4741 sanctus
3251 4684 3346 4740 Dei
3378 4698 3538 4738 voca-

1974 4787 2146 4840 bitur.
2187 4803 2206 4836 »
2239 4785 2306 4838 Et
2337 4791 2544 4845 tamen,
2566 4795 2700 4835 cum
2737 4780 2874 4834 tales
2909 4778 3056 4840 sitis,
3085 4775 3217 4830 mihi
3253 4774 3537 4830 nibiiomi-

1975 4891 2081 4932 nus
2108 4890 2258 4930 cum:
2279 4874 2460 4938 eritis,
2495 4879 2551 4927 et
2580 4885 2680 4926 vos
2715 4869 2979 4940 populum
3012 4866 3398 4922 universorum
3429 4865 3543 4922 Deo

1975 4975 2362 5022 consecratum
2394 4963 2651 5034 appellari
2687 4961 2910 5016 faciam.

2568 5076 2802 5133 CAPUT
2830 5075 2947 5130 XII.

2052 5169 2217 5224 Vens.
2256 5170 2308 5223 i.
2347 5187 2363 5220 ι
2400 5168 2659 5237 Ephraim
2693 5177 2872 5221 autem
2900 5179 3104 5236 pravus
3139 5164 3391 5234 spiritus,
3420 5176 3540 5229 pcr-

1983 5270 2208 5317 secutus
2262 5269 2346 5315 est
2380 5262 2577 5314 mstum’
2630 5267 2748 5312 toto
2784 5258 2893 5313 die.
2934 5274 2952 5308 ι
2990 5254 3059 5310 Et
3116 5254 3355 5315 docens,
3408 5249 3539 5321 quid

1579 5586 1813 5644 VARUE
1854 5587 2259 5641 LECTIONES.

383 5702 431 5737 ⁸³
460 5705 587 5773 γάρ.
627 5707 667 5760 (3
695 5707 768 5760 δέ.
837 5709 880 5738 θ’
920 5706 1050 5761 Rec.
1107 5707 1230 5761 lect.
1264 5712 1347 5759 est
1385 5701 1746 5773 πορεύσομαι.

316 5774 365 5804 ⁷³
389 5772 551 5831 ἐπαν.
585 5776 662 5831 lta
690 5792 811 5831 cum
834 5777 874 5829 C
895 5778 996 5842 lrg.
1030 5775 1193 5830 Sirm.
1230 5772 1694 5841 ἐπαγγελθέντων.

1826 5698 1872 5728 ⁷⁰
1896 5698 1943 5750 ὁ.
1996 5698 2118 5752 Dos.
2175 5700 2230 5753 in
2262 5700 2324 5754 C.

1782 5770 1827 5799 ⁷³
1873 5765 2001 5822 Rec.
2041 5769 2203 5824 lectio
2231 5779 2312 5824 est
2355 5769 2645 5831 ἀσεϐείαις.

2412 5701 2453 5730 ‘”
2490 5699 2615 5763 Ἢξ.
2657 5698 2785 5751 Rcc.
2843 5698 2957 5749 lect.
3032 5699 3114 5745 est
3170 5689 3541 5762 ἐκστήσονται.
