3912 6206
447 382 612 449 πίϐίό

1505 385 1986 446 TI-IEODORETI
2009 386 2347 447 EPISCOPI
2378 388 2742 450 CYRENSIS

3573 393 3686 462 1616

474 509 658 554 aestum
692 505 884 562 vocet,
922 497 1104 552 subdit
1133 515 1202 550 :1
1252 495 1441 551 inania
1495 506 1548 550 et
1581 511 1722 550 vana
1776 495 2035 565 rnultipli-

2146 497 2429 550 καύσωνα
2457 499 2630 565 καλεῖ,
2664 500 2858 566 ἐπάγει
2888 516 2898 529 ·
2942 519 2959 550 ι
3004 500 3149 553 Κενὰ
3184 500 3280 553 καὶ
3327 501 3518 570 μάταια
3537 503 3670 578 ἐπλή·

470 593 636 655 cavit,
673 599 726 645 et
751 589 929 644 foedus
964 603 1088 643 cum
1135 587 1378 659 Assyriis
1431 588 1656 658 pepigit,
1719 595 1773 642 ct
1811 587 1930 642 oleo
1987 586 2040 640 in

473 683 710 753 Egypto
743 690 1105 738 mercaturam
1139 673 1285 738 fecit.
1324 701 1343 734 ›
1385 681 1614 734 Pravum
1661 681 1909 748 spiritum
1942 694 2042 734 vo-

471 781 559 826 cat
593 772 791 824 malam
824 772 1203 837 voluntatem;
1237 770 1471 823 studium
1507 784 1638 824 vero
1667 770 1811 822 circa
1853 778 2041 823 uastum

471 863 627 929 dicit,
663 879 772 917 non
797 864 971 918 solum
999 861 1432 927 infructuosum,
1458 862 1553 918 sed
1576 862 1739 916 etiam
1771 861 2042 930 pernicio-

464 970 591 1010 sum
644 955 906 1010 laborem.
946 954 1082 1010 Cum
1128 955 1298 1020 enim,
1335 955 1534 1024 inquit,
1585 969 1686 1026 ego
1735 954 1831 1008 tali
1872 953 2038 1008 animi

470 1060 635 1101 sensu
672 1061 801 1116 erga
839 1045 962 1102 illos
989 1061 1125 1102 usus
1148 1061 1355 1108 essem,
1385 1047 1554 1116 impie
1578 1047 1844 1109 viventes,
1870 1045 2038 1100 colles

467 1145 632 1206 atque
663 1138 932 1192 idolorum
967 1137 1382 1192 multitudinem
1405 1149 1715 1192 erexerunt.
1743 1136 1867 1191 Haec
1894 1138 2036 1191 enim

453 1231 652 1283 .-inania
678 1237 732 1283 et
767 1245 899 1282 vana
929 1228 1167 1293 vocavit,
1205 1243 1326 1296 qua:
1370 1237 1540 1283 aestus
1564 1230 1578 1248 ⁶
1624 1228 1800 1282 instar
1848 1243 2038 1284 omnes

453 1335 656 1376 eorum
709 1320 921 1374 fructus
972 1326 1308 1390 corruptura
1345 1319 1478 1374 sint.
1516 1318 1597 1373 Ad
1653 1319 1789 1383 haec,
1824 1333 1946 1374 cum
2007 1334 2038 1372 a

467 1427 596 1468 cura
624 1427 742 1468 mea
773 1410 1129 1474 defecissent,
1163 1410 1327 1464 modo
1353 1410 1638 1481 Assyrium
1667 1411 1772 1465 sibi
1802 1426 2039 1480 praeesse

466 1511 751 1573 rogarunt,
793 1503 957 1557 modo
991 1502 1059 1556 ab
1103 1502 1377 1574 Egyptiis
1432 1503 1683 1558 subsidia
1737 1506 2035 1572 petierunt.

468 1594 586 1650 0ίεί
616 1595 762 1650 enim
814 1603 1168 1647 mercaturam
1222 1593 1371 1648 istud
1421 1601 1601 1648 vocat.
1673 1592 2037 1647 Mereaturam

455 1687 668 1756 quippe
698 1702 804 1741 non
841 1685 1084 1751 damnat,
1122 1684 1217 1740 sed
1268 1685 1501 1739 duorum
1545 1685 1775 1739 alterum
1822 1682 2036 1754 signifi-

466 1789 594 1831 cat:
630 1777 711 1830 vel
754 1775 900 1847 quod
942 1777 1121 1830 oleum
1157 1775 1306 1829 velut
1353 1774 1557 1829 donum
1595 1774 1868 1844 quoddam
1917 1773 2035 1843 regi

2149 587 2292 652 θυνε,
2319 589 2414 642 καὶ
2449 590 2713 662 διαθήκην
2739 592 2876 661 μετὰ
2891 593 3189 662 ’Δσσυρίων
3218 591 3391 656 ἔθετο,
3427 593 3514 646 καὶ
3533 595 3683 652 ἔλαιον

2145 680 2224 742 είς
2260 681 2530 747 Αἴγυπτον
2582 682 2956 752 ἐνεπορεύετο.
2997 702 3015 735 ι
3045 684 3320 752 Ποντιρὸν
3362 685 3581 750 πνεῦμα
3601 689 3680 758 τὴν

2145 771 2386 842 πονηρὰν
2413 773 2810 843 προσαγορεύει
2841 774 3154 845 προαίρεσιν
3190 791 3205 803 '
3224 775 3339 842 τὴν
3370 775 3424 828 δὲ
3456 778 3573 844 περὶ
3597 780 3677 831 τὸν

2143 863 2426 916 καύσωνα
2452 858 2754 932 σπουδὴν,
2777 865 2869 918 τὸν
2883 867 2944 918 οὐ
2969 865 3128 936 μόνον
3159 866 3427 936 ἄκαρπον,
3458 867 3580 920 ἀλλὰ
3605 870 3685 922 καὶ

2142 953 2434 1024 ἐπιζήμιον
2476 955 2623 1023 λέγει
2662 956 2841 1011 πόνον.
2893 957 3056 1026 Ἐμοῦ
3107 957 3237 1027 γὰρ,
3283 957 3437 1027 φησι,
3494 961 3688 1033 τοιαύτῃ

2143 1045 2273 1118 περὶ
2321 1046 2517 1109 αὐτοὺς
2560 1048 2903 1118 κεχρημένου
2933 1052 2999 1120 τῇ
3029 1048 3244 1120 γνώμῃ,
3301 1048 3566 1121 μοχθηρίᾳ
3611 1068 3687 1104 συ·-

2143 1132 2345 1199 ζῶντες
2397 1137 2616 1205 βουνοὺς
2665 1139 2760 1191 καὶ
2807 1139 3009 1209 πλῆθος
3079 1139 3315 1192 εἰδώλων
3377 1139 3688 1210 ἀνέστησαν⁹

2139 1224 2308 1278 ταῦτα
2334 1227 2442 1296 γὰρ
2470 1230 2615 1282 κενὰ
2650 1229 2746 1282 καὶ
2775 1229 2991 1299 μάταια
3019 1231 3311 1299 κέκληκεν,
3343 1229 3378 1283 ἃ
3397 1228 3544 1300 δίκην
3573 1231 3686 1284 καύ-

2142 1335 2311 1381 σωνος
2360 1319 2607 1384 ἅπαντας
2673 1323 2854 1375 αὐτῶν
2910 1321 3192 1393 διαφθερεῖ
3248 1322 3376 1386 τοὺς
3449 1324 3683 1392 καρπούς.

2143 1409 2285 1480 Πρὸς
2309 1411 2364 1462 δὲ
2395 1410 2624 1476 τούτοις,
2647 1413 2741 1466 καὶ
2765 1414 2863 1484 τῆς
2911 1414 3052 1483 ἐμῆς
3080 1416 3220 1482 σφᾶς
3247 1414 3441 1476 αὐτοὺς
3473 1415 3684 1483 ἀποστή-

2144 1516 2335 1564 σαντες
2384 1502 2730 1573 κηδεμονίας,
2785 1505 2880 1557 νῦν
2943 1506 3040 1575 μὲν
3083 1505 3174 1559 τὸν
3245 1506 3524 1576 Ἀσσύριον
3580 1521 3685 1575 προ-

2143 1592 2426 1646 στατεύειν
2460 1593 2638 1647 αὐτῶν
2662 1596 3018 1666 ἐλιπὰρησαν,
3052 1596 3147 1648 νῦν
3183 1595 3240 1648 δὲ
3263 1596 3371 1649 τῶν
3404 1595 3682 1662 Αἰγυπτίων

2138 1684 2236 1752 τὴν
2284 1685 2602 1754 ἐπικουρίαν
2644 1686 2933 1757 ἐζήτησαν.
3003 1689 3236 1742 Ἐλαίου
3279 1690 3686 1760 γὰρ-ἐμπορίαν

2139 1774 2299 1828 τοῦτο
2355 1777 2526 1831 καλεῖ.
2560 1779 2632 1831 Οὐ
2655 1780 2762 1850 γὰρ
2792 1779 2891 1850 τῆς
2936 1781 3210 1852 ἐμπορίας
3241 1785 3553 1852 κατηγορεῖ,
3579 1783 3685 1836 sua

468 1867 849 1938 [Egyptiorum
879 1864 1160 1931 offerrent,
1201 1867 1285 1922 vel
1315 1865 1461 1936 quod
1497 1881 1690 1919 aurum
1719 1863 2034 1928 offerentes,

2142 1864 2252 1928 τῶν
2303 1865 2396 1918 δύο
2417 1867 2478 1919 τὸ
2497 1868 2682 1939 ἕτερον
2711 1869 3007 1922 αἰνίττεται
3025 1887 3038 1900 ’
3074 1871 3106 1941 ἢ
3134 1872 3290 1924 ὅτιτὸ
3305 1872 3484 1925 ἕὶαιον
3525 1869 3624 1925 οἷόν
3648 1891 3686 1925 τι

449 1959 904 2015 misericordiam
963 1958 1032 2012 ab
1091 1973 1157 2014 eo
1216 1964 1531 2029 poscerent,
1592 1965 1650 2012 ut
1691 1956 1773 2012 eis
1827 1955 2036 2011 auxilio

449 2058 634 2116 esset,
669 2057 944 2122 rogantes.

532 2237 702 2294 Vens.
737 2239 792 2293 2.
825 2257 845 2288 ι
891 2237 956 2291 Ει
984 2237 1251 2308 judicium
1313 2237 1544 2291 Domino
1593 2250 1716 2291 cum
1777 2233 1940 2302 Juda,
1974 2242 2037 2290 ut

468 2328 765 2382 vindictam
818 2334 999 2384 sumat
1033 2327 1101 2382 de
1151 2325 1356 2381 Iacobo
1412 2325 1568 2396 juxta
1615 2325 1733 2382 vias
1791 2324 1933 2394 ejus,
1983 2333 2038 2379 et

463 2421 620 2491 juxta
668 2419 1088 2475 adinventiones
1143 2419 1266 2490 ejus
1299 2417 1488 2474 reddet
1545 2417 1618 2473 ei.
1682 2437 1701 2470 ι
1767 2416 2034 2472 Caaterum

466 2522 656 2568 contra
692 2511 906 2582 1366
931 2511 1039 2566 ista
1070 2509 1151 2566 sic
1181 2509 1248 2564 ab
1281 2509 1388 2564 illis
1415 2509 1713 2564 commissa
1760 2507 2032 2578 judicium

453 2604 756 2668 exercebo,
819 2610 872 2658 et
926 2602 1118 2657 ludam
1157 2601 1472 2670 iniquitatis
1514 2614 1668 2655 reum
1707 2599 1927 2666 faciam,
1973 2615 2038 2654 ac

463 2696 668 2766 justam
709 2695 764 2749 in
824 2694 975 2748 illum
1025 2692 1351 2749 sententiam
1409 2690 1616 2756 feram,
1649 2690 1795 2760 quod
1837 2691 2037 2745 avitam

467 2787 724 2842 virtutem
758 2800 866 2839 non
897 2784 1189 2838 aemulatus
1221 2781 1407 2844 fuerit,
1438 2782 1533 2837 sed
1577 2784 1861 2852 impietate
1906 2799 2034 2852 pro-

470 2878 772 2948 genitorem
806 2873 1203 2930 debonestarit.
1232 2872 1366 2928 Post
1390 2873 1504 2926 haec
1523 2872 1713 2928 Jacobi
1744 2889 1830 2928 res
1857 2882 2040 2943 gestas

470 2971 525 3023 in
572 2969 811 3022 medium
864 2966 1040 3030 aiiert,
1085 2972 1144 3019 ut
1178 2965 1400 3019 virtutis
1456 2973 1698 3032 paterna:
1743 2965 2040 3022 collatione

469 3059 713 3130 apertius
754 3058 948 3113 horum
980 3055 1276 3127 redarguat
1303 3055 1671 3124 iniquitatem.

538 3245 707 3302 ‘Vsns.
740 3247 796 3310 5,
846 3245 900 3298 4.
961 3261 988 3296 ς
1045 3242 1106 3298 in
1163 3250 1324 3298 utero
1382 3242 1760 3314 supplantavit
1814 3241 2040 3298 fratrem

382 3358 383 3361 η
470 3354 652 3401 suum,
689 3344 744 3392 et
775 3337 829 3390 in
872 3335 1057 3389 labore
1089 3349 1192 3390 suo
1228 3335 1516 3405 praevaluit
1550 3334 1680 3390 Deo.
1717 3333 1783 3388 Et
1817 3333 2044 3390 confor-

463 3439 618 3486 tatus
646 3437 731 3484 est
757 3442 879 3484 cum
928 3427 1143 3497 angelo,
1182 3433 1236 3481 et
1275 3427 1586 3497 prawaluit.
1622 3446 1640 3479 ι
1673 3425 1766 3481 Ille
1810 3429 1866 3481 in
1899 3427 2040 3497 ipso,

467 3521 670 3591 inquit,
705 3528 896 3590 partus
925 3527 1171 3588 tempore
1221 3518 1464 3587 plantam
1505 3518 1696 3574 fratris
1748 3525 1944 3574 tenens
1983 3519 2038 3573 in

463 3613 644 3667 lucem
697 3610 967 3680 prodiitl,
1027 3609 1205 3679 qualis
1240 3609 1462 3663 futurus
1501 3615 1650 3664 esset
1703 3609 2037 3680 praesignifi-

469 3718 624 3766 cans,
659 3708 713 3755 et
745 3701 861 3754 fore
895 3709 954 3753 ut
985 3699 1124 3754 scita
1169 3698 1361 3754 fraude
1403 3699 1852 3770 primogenitum:
1882 3715 2042 3756 acce-

458 3802 664 3861 pturus
705 3799 852 3844 esset
877 3790 1344 3845 benedictionem.
1381 3789 1681 3860 Progressu
1725 3806 1858 3844 vero
1903 3799 2040 3846 tem-

465 3880 617 3947 poris
648 3880 733 3931 vir
768 3877 968 3940 factus,
1001 3877 1138 3930 adeo
1164 3879 1388 3930 virtutis
1425 3877 1822 3932 exercitatione
1852 3878 2037 3932 excel-

467 3970 588 4035 iuit,
623 3980 679 4023 ut
717 3969 808 4021 Dei
843 3969 947 4022 sibi
990 3966 1388 4036 providentiam
1420 3968 1834 4023 conciliaverit:
1886 3984 2040 4023 cum-

466 4077 574 4133 que
597 4059 891 4129 aliquando
937 4054 1126 4113 fratris
1161 4061 1380 4113 timeret
1412 4059 1731 4125 adventum,
1757 4060 2038 4130 Deumque

469 4152 798 4213 invocasset,
833 4164 942 4204 non
999 4149 1384 4220 qualecunque
1441 4149 1705 4203 auxilium
1753 4151 2032 4218 obtinuit,

469 4245 561 4300 sed
593 4251 758 4299 noctu
794 4243 943 4297 visus
973 4249 1055 4296 est
1087 4240 1192 4296 sibi
1229 4240 1425 4294 luctari
1449 4238 1474 4278 ιι
1511 4258 1635 4295 cum
1679 4257 1745 4296 eo
1799 4244 1892 4312 qui
1936 4259 2032 4315 ap-

441 4343 738 4406 .paruerat,
769 4343 934 4404 atque
972 4332 1261 4387 victoriam
1290 4339 1594 4400 reportare,
1630 4339 1690 4387 ut
1730 4345 1933 4388 metum
1968 4352 2032 4391 ex

441 4429 649 4483 .animo
675 4427 919 4496 ejiceret,
958 4431 1242 4494 reputans,
1279 4439 1402 4478 eum
1439 4424 1534 4494 qui
1568 4440 1831 4495 superare
1856 4425 2028 4480 Deum

2133 1955 2313 2030 ’δῶρον
2330 1958 2407 2028 τῷ
2438 1959 2546 2013 τῶν
2574 1960 2886 2028 Αίγυπτίων
2920 1964 3259 2034 προσέφερον
3307 1963 3532 2033 βασιλεῖ,
3561 1964 3590 2035 ἢ
3624 1965 3686 2017 im

2141 2050 2342 2120 χρυσὸν
2373 2053 2772 2122 προσφέροντες
2808 2053 2900 2107 τὸν
2959 2056 3089 2126 παρ’
3139 2056 3349 2108 ἐκείνου
3387 2057 3686 2127 ἐπήγγελλον

2140 2141 2308 2207 ἔλεον,
2341 2143 2630 2217 ἐπίκουρον
2658 2146 2839 2208 αὐτοῖς
2873 2147 3123 2213 γενέσθαι
3154 2148 3616 2219 παρακαλοῦντες.

2221 2233 2284 2304 β’.
2328 2255 2345 2287 ι
2388 2237 2496 2290 Καὶ
2525 2236 2704 2308 κρίσις
2723 2236 2799 2308 τῷ
2823 2237 3010 2309 Κυρίῳ
3035 2238 3170 2310 πρὸς
3211 2237 3437 2301 Ἰούδαν,
3465 2238 3555 2292 τοῦ
3578 2239 3685 2292 ἐκδιο

2139 2325 2305 2396 κῆσαι
2335 2325 2426 2379 τὸν
2453 2325 2648 2379 Ἰακὼϐ
2676 2325 2820 2379 κατὰ
2838 2325 2936 2390 τὰς
2965 2328 3117 2391 ὁδοὺς
3142 2328 3329 2393 αὑτοῦ,
3353 2329 3450 2382 καὶ
3476 2328 3606 2381 κατὰ
3630 2328 3683 2381 τὰ

2140 2416 2548 2486 ἐπιτηδεύματα
2578 2416 2744 2472 αὐτοῦ
2761 2417 3126 2472 ἀνταποδὼσει
3159 2419 3328 2490 αὐτῷ.
3367 2439 3386 2470 ι
3429 2419 3579 2473 Ἀλλὰ
3599 2419 3683 2488 γὰρ

2139 2508 2343 2562 τούτων
2370 2507 2515 2562 οὕτω
2575 2511 2708 2581 παρ’
2750 2512 2930 2567 αὐτῶν
2979 2513 3336 2583 γιγνομένων,
3371 2513 3682 2584 δικαστήριον

2142 2599 2532 2670 συγκροτήσω·
2617 2602 2710 2654 καὶ
2778 2602 2876 2674 τήν
2949 2603 3044 2654 τοῦ
3118 2603 3289 2657 Ἰούδα
3371 2605 3682 2675 παρανομίαν

2141 2688 2365 2758 ἐλέγξω,
2402 2690 2497 2742 καὶ
2519 2690 2732 2744 δικαίαν
2755 2693 2876 2745 κατ’
2898 2692 3062 2745 αὐτοῦ
3082 2692 3179 2764 τὴν
3200 2693 3382 2763 ψῆφον
3404 2695 3605 2759 ἐξοίσω,
3619 2695 3683 2747 ὃτι

2143 2780 2237 2834 τοῦ
2268 2781 2610 2852 προπάτορος
2637 2782 2735 2853 τὴν
2769 2783 2970 2853 ἀρετὴν
2995 2784 3094 2837 οὐκ
3132 2783 3426 2854 ἐζήλωσεν,
3479 2784 3603 2839 ἀλλὰ
3630 2787 3684 2855 τῇ

2139 2872 2426 2944 δυσσεϐείᾳ
2451 2872 2541 2926 τὸν
2565 2873 2828 2944 πρόγονον
2860 2872 3100 2944 ὕϐρισεν.
3147 2871 3283 2928 Εἶτα
3327 2875 3398 2929 τὰ
3452 2877 3585 2930 κατὰ
3611 2876 3685 2928 τὸν

2154 2959 2347 3014 Ἰακὼϐ
2375 2961 2466 3015 τὸν
2531 2963 2876 3034 πατριάρχην
2905 2965 2987 3027 είς
3030 2963 3194 3034 μέσον
3226 2965 3420 3035 φέρει,
3449 2969 3511 3036 τῇ
3539 2982 3689 3036 παρα-

2140 3053 2290 3107 θέσει
2316 3055 2414 3125 τῆς
2440 3055 2698 3126 πατρῴας
2741 3055 2942 3126 ἀρετῆς
2973 3057 3369 3129 ἐναργέστερον
3391 3058 3490 3128 τὴν
3512 3058 3686 3112 τούτων

2140 3143 2428 3215 διελέγχων
2462 3147 2828 3217 παρανομίαν.

2215 3235 2284 3305 γ’,
2321 3236 2384 3290 δ’.
2415 3253 2434 3287 ι
2477 3235 2562 3289 Ἐν
2597 3239 2662 3308 τῇ
2709 3237 2888 3308 κοιλίᾳ
2927 3238 3211 3310 ἐπτέρνισε
3241 3239 3337 3293 τὸν
3362 3238 3580 3309 ἀδελφὸν
3603 3239 3688 3291 αὕ-

2141 3326 2263 3396 τοῦ,
2295 3328 2392 3382 καὶ
2431 3330 2488 3382 ἐν
2532 3327 2720 3392 κόποις
2761 3329 2925 3382 αὐτοῦ
2985 3330 3169 3402 ἴσχυσε
3217 3331 3355 3402 πρὸς
3390 3332 3550 3385 Θεόν.
3593 3331 3688 3385 Καὶ

2142 3419 2393 3490 ἐνίσχυσε
2447 3419 2588 3490 μετὰ
2650 3421 2904 3489 ἀγγέλου,
2945 3423 3041 3474 καὶ
3091 3422 3352 3494 ἠδυνήθη.
3394 3443 3414 3477 θ
3457 3424 3685 3486 Ἐκεῖνος,

2144 3513 2301 3584 φησι,
2351 3513 2446 3566 καὶ
2487 3512 2610 3564 κατ’
2653 3511 2814 3564 αὑτὸν
2859 3512 2951 3564 τὸν
3005 3511 3114 3564 τῶν
3156 3513 3361 3569 ὠδίνων
3393 3515 3573 3586 καιρὸν
3604 3514 3690 3582 τῆς

2140 3604 2234 3658 τοῦ
2266 3602 2491 3672 ἀδελφοῦ
2525 3602 2762 3674 πτέρνης
2801 3603 3198 3674 ἐπειλημμένος
3232 3607 3312 3669 είς
3344 3605 3460 3674 φῶς
3488 3606 3690 3676 προελή-

2140 3695 2290 3761 λυθε,
2315 3693 2706 3766 προσημαίνων
2733 3691 2843 3758 οἷος
2893 3695 3068 3760 ἔσται,
3101 3696 3194 3749 καὶ
3226 3697 3309 3749 ὅτι
3360 3698 3468 3750 τῶν
3505 3714 3688 3768 πρωτοο

2140 3787 2338 3842 τοκίων
2361 3786 2449 3840 διὰ
2501 3789 2602 3857 τῆς
2652 3787 2826 3858 καλῆς
2875 3788 3092 3858 ἀπάτης
3130 3793 3408 3861 κομιεῖται
3451 3791 3544 3861 τήν
3562 3790 3689 3842 εὐλο-

2141 3877 2285 3946 γίαν.
2318 3877 2429 3930 Καὶ
2448 3876 2540 3930 τοῦ
2572 3877 2763 3948 χρόνου
2793 3877 2848 3931 δὲ
2883 3879 3238 3950 προελθόντος
3269 3883 3348 3944 εἰς
3374 3882 3538 3953 ἄνδρα
3563 3879 3690 3934 τελέ-

2143 3984 2261 4033 σας,
2303 3967 2476 4031 οὓτως
2509 3969 2568 4022 ἐν
2593 3973 2707 4033 τοῖς
2744 3971 2840 4041 τῆς
2897 3971 3097 4042 ἀρετῆς
3133 3973 3390 4042 διέπρεψε
3420 3973 3690 4036 πόνοις,ὼς

2139 4067 2232 4120 καὶ
2255 4068 2354 4138 τὴν
2375 4066 2527 4122 θείαν
2578 4069 2916 4140 προμήθειαν
2967 4071 3399 4137 ἐπισπάσασθαι,
3445 4071 3535 4126 καί
3579 4087 3690 4123 ποτε

2139 4156 2320 4221 δείσας
2346 4156 2443 4228 τὴν
2479 4157 2664 4227 ἄφιξιν
2687 4158 2780 4211 τοῦ
2821 4158 3017 4224 Ἡσαῦ,
3043 4162 3138 4214 καὶ
3163 4161 3254 4213 τὸν
3278 4161 3414 4213 Θεὸν
3443 4161 3691 4230 ἀντιϐολήα

2141 4263 2260 4311 σας,
2279 4248 2377 4316 οὐχ
2403 4247 2588 4311 ἁπλῶς
2636 4249 2733 4317 τῆς
2774 4247 2983 4300 ἐκεῖθεν
3021 4249 3338 4320 ἐπικουρίας
3379 4251 3689 4321 ἀπήλαυσεν,

2139 4338 2390 4405 ἀλλὰκαὶ
2450 4339 2704 4394 παλαίειν
2755 4339 2902 4406 ἔδοξε
2941 4340 3157 4411 νύκτωρ
3204 4341 3443 4409 ὀφθέντι,
3475 4343 3564 4394 καὶ
3582 4341 3692 4411 δρέο

2139 4431 2333 4483 πεσθαι
2359 4431 2457 4502 τὴν
2490 4432 2666 4501 νῖκην,
2704 4433 2792 4485 ἵνα
2829 4433 2892 4485 τὸ
2923 4432 3043 4495 δέος
3081 4435 3178 4503 τῆς
3217 4434 3460 4498 διανοίας
3486 4434 3691 4505 ἐκϐάλῃ,

439 4519 570 4574 sibi
611 4520 762 4573 visus
818 4517 1033 4579 fuisset,
1088 4528 1433 4584 nequaquam
1480 4516 1549 4569 ab
1585 4517 1803 4572 homine
1826 4517 2031 4572 victum

2142 4521 2490 4592 λογισάμενος
2513 4522 2590 4586 ὡς
2621 4525 2649 4576 ὁ
2675 4523 2768 4576 τοῦ
2814 4523 2951 4576 Θεοῦ
2993 4524 3379 4593 περιγενέσθαι
3407 4524 3581 4590 δόξας,
3614 4525 3693 4576 ὑπ’

441 4611 555 4664 πίε-ἰ.
592 4609 848 4663 Eumdem
879 4613 1059 4662 autem
1091 4614 1147 4661 et
1181 4606 1348 4661 Deum
1404 4612 1458 4660 et
1517 4599 1758 4676 angelum
1793 4612 2028 4678 vocavit,

437 4701 593 4770 quia
622 4707 912 4764 utrumque
943 4711 1140 4750 nomen
1171 4697 1362 4751 beatus
1397 4694 1573 4752 Moses
1601 4699 1800 4766 posuit.
1835 4701 2028 4754 Domi-

2136 4615 2438 4685 ἁνθρώπων
2473 4616 2570 4685 οὐχ
2592 4615 2974 4687 ήττηθήσεται.
3007 4617 3110 4669 Τὸν
3132 4615 3190 4668 δὲ
3225 4617 3391 4670 αὑτὸν
3441 4617 3537 4671 καὶ
3565 4617 3693 4670 Θεὸν

2134 4710 2227 4761 καὶ
2257 4706 2520 4778 ἄγγελον
2547 4707 2837 4778 κέκληκεν,
2869 4708 3058 4780 ἐπειδὴ
3089 4708 3183 4761 καὶ
3225 4710 3254 4762 ὁ
3290 4711 3558 4782 μακάριος
3584 4711 3695 4763 Mco-

439 4806 567 4843 Inus
598 4789 741 4842 enim
779 4797 960 4841 noster
992 4786 1151 4842 Jesus
1187 4787 1461 4850 Christus,
1496 4797 1549 4842 et
1587 4788 1726 4844 Deus
1764 4789 1943 4856 fortis,
1976 4800 2032 4845 et

2142 4797 2234 4867 τῆς
2258 4798 2542 4868 ἀμφότερα
2584 4797 2795 4851 τέθεικε
2837 4797 2905 4850 τὰ
2939 4799 3204 4867 ὀνόματα.
3253 4800 3313 4851 '0
3366 4800 3478 4869 γὰρ
3510 4799 3694 4871 Κύριος

463 4878 645 4947 magni
705 4877 923 4930 consilii
981 4877 1223 4948 Angelus
1260 4878 1328 4932 ab
1389 4876 1580 4933 Isaia1
1645 4888 1873 4934 vocatus
1923 4889 2026 4936 est.

469 4985 488 5018 ι
530 4966 839 5032 Fleverunt,
875 4977 931 5022 et
957 4967 1238 5038 deprecati
1266 4975 1397 5022 sunt
1452 4983 1559 5033 me,
1619 4969 1672 5022 in
1725 4968 1891 5023 domo
1943 4970 2024 5025 On

465 5059 790 5113 invenerunt
831 5075 954 5125 me;
986 5069 1040 5114 et
1072 5059 1149 5113 ibi
1189 5057 1406 5113 dictum
1439 5067 1522 5113 est
1580 5059 1647 5112 ad
1696 5075 1813 5114 eos.
1856 5079 1874 5111 ›
1917 5061 2029 5114 Hoc

459 5151 675 5222 1367
717 5151 807 5204 alii
862 5152 1227 5220 interpretes,
1273 5151 1472 5221 Aquila
1499 5191 1515 5218 ,
1553 5149 1934 5223 Symmachus,
1981 5165 2035 5208 et

455 5241 863 5305 ,Tlteodotiomt
890 5240 1176 5296 deJacobo
1203 5241 1410 5297 dictum
1438 5254 1767 5310 posuerunt:
1796 5265 1814 5298 ι
1836 5245 2031 5313 Flevit,

450 5343 516 5388 .ct
548 5334 870 5404 deprecatus
903 5340 986 5386 est
1013 5347 1158 5397 cum,
1191 5341 1244 5386 et
1268 5332 1322 5385 in
1361 5332 1545 5388 Bethel
1575 5335 1782 5404 invenit
1813 5353 1960 5412 eum.
2004 5357 2024 5390 ι

2134 4887 2291 4957 ἡμῶν
2333 4888 2537 4958 Ἰησοῦς
2559 4889 2814 4959 Χριστὸς,
2841 4889 2935 4942 καὶ
2974 4889 3104 4952 Θεὸς
3153 4890 3397 4960 ἰσχυρὸς,
3429 4891 3523 4944 καὶ
3549 4893 3696 4961 μεγά-

2137 4979 2235 5049 λης
2257 4977 2450 5050 βουλῆς
2473 4981 2734 5050 Ἀγγελος
2751 4981 2900 5054 παρὰ
2925 4981 3005 5052 τῷ
3030 4982 3228 5053 Ἡσαΐᾳ
3253 4984 3695 5055 προσηγόρευται.

2145 5088 2163 5121 ι
2199 5070 2526 5138 Ἕκλαυσαν,
2556 5074 2652 5126 καὶ¹
2697 5074 2995 5145 ἐδεήθησάν
3048 5092 3173 5143 μου,
3219 5076 3278 5128 ἐν
3327 5075 3408 5146 τῷ
3455 5077 3588 5147 οἴκῳ
3615 5075 3696 5127 Ὧν

2138 5155 2306 5232 ηὗρόν
2339 5179 2427 5232 με,
2459 5165 2550 5217 καὶ
2577 5165 2624 5196 ’⁷⁸
2651 5166 2768 5219 ἐκεῖ
2807 5165 3042 5236 ἐλαλήθη
3084 5166 3446 5237 πρδςαύτούς.
3489 5187 3507 5220 ι
3543 5167 3697 5221 Τοῦτο

2134 5253 2188 5304 οἱ
2215 5253 2363 5307 ἄλλοι
2437 5255 2787 5326 ἐρμηνευταὶ,
2845 5255 2940 5308 καὶ
2982 5254 3230 5320 ’Δκύλας,
3265 5256 3359 5308 καὶ
3392 5255 3694 5326 Σύμμαχος,

2140 5344 2235 5396 καὶ
2253 5345 2562 5411 Θεοδοτίων,
2606 5346 2682 5409 ὡς
2714 5345 2842 5410 περὶ
2896 5345 2990 5399 τοῦ
3032 5345 3226 5400 Ἰακὼϐ
3283 5347 3571 5419 εἰρημένον
3625 5361 3694 5400 τε·

539 5506 716 5563 iGen.
748 5524 874 5573 xxv,
906 5505 995 5561 26.
1066 5507 1098 5545 -Ιί
1124 5505 1260 5561 Gen.
1297 5523 1468 5575 xxxu,
1501 5511 1590 5578 Ἡ,
1625 5529 1775 5583 seqq.
1863 5513 1876 5550 ι
1915 5515 2016 5568 lsa.
2056 5532 2132 5584 Ix,
2169 5518 2221 5571 6.

1779 5673 1916 5726 νΑιι
1929 5673 2013 5728 ΙᾹΞ
2059 5671 2347 5731 LECTION
2359 5679 2459 5732 ES.

559 5780 596 5805 ⁷³
627 5779 736 5831 καί.
781 5779 986 5834 lles..in
1022 5778 1082 5833 C.
