3912 6206
308 257 446 319 1617

1598 265 1678 324 IN
1717 265 1900 325 ΟςΕΕ
1940 266 2093 328 CAP.
2135 271 2265 328 ΧΠ.

3363 279 3516 344 1618·”

305 369 554 420 θείκασιν
577 383 592 398 ο
629 387 648 420 ι
685 369 949 423 Ἔκλαυλσε
971 371 1034 431 ⁷⁸,
1061 374 1153 426 καὶ⁷
1209 374 1396 443 ἐδεήθη
1451 376 1634 439 αὐτοῦ,
1671 379 1764 430 καὶ
1796 379 1854 429 ὲν

1965 377 2086 431 Nam
2123 394 2244 434 cum
2274 378 2480 450 fugeret
2509 381 2676 438 Jacob
2710 382 2894 440 fratris
2944 385 3189 452 insidias,
3237 397 3400 459 atque
3431 392 3504 444 ad.

305 458 511 528 Βαιθὴλ
562 455 725 530 ηὗρεν
773 461 952 514 αὐτόν.
992 481 1010 513 ι
1048 462 1263 530 Φεύγων
1306 465 1415 536 γὰρ
1441 468 1469 520 ὁ
1518 467 1709 520 Ἰακὼὸ
1758 469 1850 522 τοῦ

302 546 538 615 ἀδελφοῦ
562 549 658 617 τὴν
705 549 1015 621 ἐπιϐουλὴν,
1059 553 1152 604 καὶ
1209 554 1340 623 πρὸς
1375 555 1559 609 Λάὸαν
1599 557 1688 610 τὸν
1715 557 1855 612 Θεῖον

303 637 736 706 ἀποδιδράσκων,
794 641 850 693 ὲν
905 643 970 710 τῇ
1026 641 1223 711 Βαιθὴλ
1261 637 1546 713 γενόμενος
1578 647 1672 713 τῆς
1706 646 1854 710 Θείας

303 726 699 796 ἀποκαλύψεως
770 728 960 798 ἔτυχε,
1018 731 1112 782 καὶ
1175 731 1270 796 τὰς
1333 732 1480 796 θείας
1527 736 1855 803 ἐπαγγελίας

303 813 546 880 ἐδέξατο.
596 835 613 867 ι
649 817 740 886 Μὴ
765 817 927 887 φοϐοῦ
960 819 1087 890 γὰρ,
1127 822 1306 892 φησὶν,
1354 823 1568 886 Ἰακὼδ,
1591 824 1722 878 διότι
1747 825 1855 894 ἐγὼ

307 905 446 974 μετὰ
508 906 598 960 σοῦ
621 909 756 977 εἰμι.
780 927 798 960 ι
838 909 944 962 Καὶ
974 909 1172 964 κλαίων
1213 912 1290 975 δὲ,
1325 913 1398 977 ὡς
1431 915 1594 979 εἰκὸς,
1623 915 1748 979 τοὺς
1769 916 1854 969 λόσ

307 1012 437 1063 γους
491 997 728 1061 ἐκείνους
779 999 1102 1070 ἐποιήσατο⁸
1152 1019 1171 1052 ι
1223 1003 1347 1057 Ἐάν
1388 1021 1476 1070 μοι
1531 1004 1605 1074 δῷ
1653 1005 1856 1074 Κύριος

309 1089 474 1157 ἄρτον
492 1090 699 1156 φαγεῖν,
715 1089 807 1143 καὶ⁵
826 1090 842 1141 ί
849 1091 1034 1160 μάτιον
1058 1109 1122 1145 πε
1130 1091 1462 1162 ρι6αλέσ6αι,
1483 1095 1575 1148 καὶ
1591 1097 1857 1148 ἀποκατα-

313 1179 562 1246 στήσει⁷⁶
594 1197 662 1244 με
687 1181 802 1250 μετ’
827 1181 1066 1252 εἰρήνης,
1091 1181 1240 1235 ἔσται
1273 1200 1360 1252 μοι
1383 1183 1579 1255 Κύριος
1600 1187 1678 1248 είς
1703 1186 1853 1250 Θεὸν,

311 1270 403 1321 καὶ
446 1271 476 1322 δ
519 1268 680 1334 λίθος,
731 1269 788 1323 δν
826 1269 1046 1340 ἐστησα,
1080 1271 1231 1326 ἔσται
1265 1291 1351 1344 μοι
1389 1276 1467 1337 είς
1505 1271 1649 1330 οἷκον
1699 1277 1854 1341 Θεοῦ,

312 1357 406 1410 κοιλ⁸
439 1358 672 1423 πάντων,
697 1352 769 1412 ὧν
801 1359 894 1413 ἐάν
927 1378 1016 1430 μοι
1034 1362 1159 1432 δῷς,
1193 1364 1422 1435 δεκάτην
1464 1367 1856 1425 ἀποδεκατώεω

313 1465 395 1502 σοι
423 1451 579 1505 αὐτά.
614 1470 633 1503 ι
660 1452 766 1504 Kal.
815 1453 1049 1507 ἐπανιὼν
1077 1455 1152 1522 δὲ,
1183 1459 1322 1509 κατὰ
1355 1457 1443 1510 τὸν
1463 1459 1625 1512 τόπον
1653 1461 1854 1513 ἐκεῖνον

315 1540 619 1609 γενόμενος,
645 1541 736 1594 τὸν
780 1543 1068 1615 εὐεργέτην
1105 1546 1285 1615 ὑμνῶν
1341 1547 1543 1614 ἔλεγεν,
1595 1550 1676 1602 ὅτι
1709 1571 1726 1602 ι
1767 1551 1855 1604 Ἐν

313 1632 378 1699 τῇ
407 1631 452 1660 ⁷⁷
484 1630 664 1700 ῥάϐδῳ
698 1649 796 1700 μου
826 1633 994 1706 ταύτῃ
1022 1635 1293 1704 παρῆλθον
1316 1636 1405 1689 τὸν
1439 1638 1724 1708 Ἰορδάνην,
1762 1639 1856 1692 καὶ

318 1718 424 1771 ἰδοὺ
451 1720 647 1787 γέγονα
680 1722 756 1784 είς
808 1721 899 1774 δύο
938 1724 1311 1792 παρεμϐολάς.
1349 1745 1366 1778 ι
1400 1727 1568 1780 Τοῦτο
1612 1729 1784 1781 τοίνυν
1809 1729 1858 1782 οἱ

316 1807 442 1874 περὶ
458 1806 547 1859 τὸν
585 1807 809 1861 ’Δκύλαν
841 1809 933 1861 καὶ
960 1809 1049 1862 τὸν
1100 1811 1389 1882 Σύμμαχον
1433 1816 1857 1886 ἐρμηνεύσαντες

316 1895 724 1966 παρεδήλωσαν,
785 1897 1120 1963 διδάσκοντες
1155 1901 1237 1955 ὅτι
1268 1903 1325 1956 ὲν
1372 1906 1438 1974 τῇ
1472 1905 1692 1975 Βαιθὴλ,
1717 1908 1856 1977 ἥτις,

317 1986 469 2054 φησὶ,
498 1985 591 2038 νῦν
615 1986 673 2040 τὸ
697 1989 788 2040 Ὢν
811 1987 1024 2041 εἴδωλον
1073 1987 1202 2060 ἔχει,
1253 1991 1407 2063 ὤφθη
1448 1993 1523 2065 τῷ
1559 1996 1750 2047 Ἰακώῦ
1772 2013 1785 2028 ’
1811 1999 1858 2049 οί

197 2096 207 2103 °
314 2076 797 2149 δὲἛϐδομήκοντα
845 2078 936 2130 ἐπὶ
985 2078 1343 2152 πληθυντικὸν
1390 2083 1495 2136 ἀπὸ
1539 2085 1630 2137 τοῦ
1683 2086 1859 2139 ἐνικοῦ

318 2167 669 2237 μεταϐάντες,
702 2167 1038 2223 διδάσκουσιν
1089 2172 1233 2241 ἡμᾶς
1288 2172 1429 2227 οὕτω
1487 2179 1646 2241 νοεῖν,
1686 2179 1768 2230 ὅτι
1804 2179 1862 2231 'O

316 2257 418 2325 μὲν
456 2258 752 2330 προπάτωρ
807 2258 959 2329 ὑμῶν
1005 2260 1245 2324 τοιοῦτος
1280 2264 1406 2332 περὶ
1456 2263 1555 2334 ἐμὲ
1580 2266 1864 2335 γενόμενος

311 2349 412 2418 τῆς
441 2351 568 2420 παρ’
603 2349 736 2420 ἐμοῦ
786 2351 1104 2422 κηδεμονίας
1146 2353 1409 2421 ἠξίωται·
1453 2355 1608 2424 ὑμεῖς
1661 2355 1716 2408 δὲ
1767 2357 1864 2426 τὴν

312 2439 558 2492 ἐναντίαν
596 2439 884 2506 ὡδεύσατε,
939 2441 1032 2495 καὶ
1094 2441 1421 2514 μεταμελείᾳ
1461 2443 1516 2496 δὲ
1559 2445 1863 2514 χρήσασθαι

316 2527 686 2596 βουληθέντες,
720 2531 817 2583 οὐκ
842 2532 919 2592 είς
947 2530 1034 2584 τὸν
1069 2532 1439 2602 ἁφιερωμένον
1470 2549 1560 2600 μοι
1588 2532 1719 2585 νεὼν
1745 2533 1865 2604 ἐλη-

315 2613 533 2681 λύθατε,
570 2617 702 2670 ἀλλὰ
725 2618 872 2689 παρὰ
895 2618 955 2670 τὸ
987 2620 1078 2671 Ὧν
1111 2619 1324 2672 εἴδωλον
1361 2620 1866 2691 ὁλοφυρόμενοιτὴν

312 2708 454 2777 ἐμὴν
491 2709 730 2779 ἐζητεῖτε
786 2709 1050 2781 βοήθειαν.
1089 2709 1230 2778 Ἐγὼ
1283 2710 1336 2764 δὲ
1376 2710 1468 2763 καὶ
1511 2710 1654 2764 οὕτω
1686 2729 1866 2781 παροι·

312 2799 574 2867 νούμενος
602 2801 874 2870 ἐπεφάνην
901 2801 946 2834 ’⁸
974 2801 1121 2870 ὑμῖν,
1148 2787 1242 2854 καὶ
1267 2802 1324 2853 ἐν
1353 2797 1432 2864 οἷς
1454 2801 1743 2856 ἐκαλέσατε
1779 2803 1868 2855 τό·

315 2904 439 2948 ποις
455 2889 549 2949 τὰς
579 2888 892 2959 ἀποκρίσεις
926 2889 1284 2958 ἐποιησάμην.
1318 2889 1425 2942 Καὶ
1455 2887 1609 2942 τοῦτο
1632 2888 1865 2942 διδάσκει

317 2978 503 3045 σαφῶς
545 2977 722 3066 ᾎμὼς
760 2981 787 3032 ὁ
837 2979 1140 3049 προφήτης,
1175 2980 1232 3031 ἐν
1289 2980 1352 3047 τῇ
1410 2978 1632 3050 Βαιθὴλ,
1673 2974 1867 3053 ὲνῇτδ
1893 3008 1934 3066 C

316 3068 534 3122 εἴδωλον
559 3063 624 3138 ἦν
647 3067 705 3121 τὸ
734 3069 848 3129 Ὧν,
891 3071 1068 3122 πᾶσαν
1113 3070 1475 3138 ποιησάμενος
1507 3067 1605 3138 τὴν
1650 3085 1864 3139 προφη-

315 3159 488 3212 τείαν
528 3159 662 3229 πρὸς
679 3158 736 3211 ὃν
756 3159 847 3212 καὶ
873 3160 901 3212 ὁ
946 3159 1226 3228 Ἀμασίας,
1259 3159 1398 3227 ὁτῆς
1429 3159 1626 3230 Βαιθὴλ
1671 3161 1870 3232 ἱερεὺς,

316 3249 440 3322 ἔφη’
474 3267 494 3301 ι
522 3249 757 3321 Πορεύου
777 3251 856 3314 είς
885 3250 986 3321 γῆν
1025 3250 1204 3315 Ἰούδα,
1227 3252 1317 3304 καλ¹
1351 3252 1425 3321 μὴ
1462 3252 1764 3323 προφήτευε
1798 3255 1877 3315 εἰς

332 3341 560 3411 Βαιθὴλ,
594 3342 674 3394 ὅτι
706 3342 948 3412 άγίασμα
982 3341 1238 3411 βασιλέως
1278 3342 1441 3396 ἐστίν.
1481 3361 1498 3392 ι

395 3435 458 3496 ε’,
475 3436 579 3495 ς’.‹
600 3429 657 3483 '0
679 3430 734 3483 δὲ
759 3429 960 3500 Κύριος
975 3430 1018 3461 ⁷⁸
1039 3430 1065 3482 ὁ
1089 3430 1475 3501 παντοκράτωρ
1498 3430 1648 3484 ἔσται
1667 3432 1872 3502 μνημό-

321 3537 480 3576 συνον
499 3519 874 3574 αὐτοῦ.¹Έλεον
887 3519 931 3552 ⁸⁸
956 3519 1048 3572 καὶ
1075 3522 1246 3590 κρῖμα
1266 3519 1558 3589 φυλάσσου,
1579 3522 1670 3573 καὶ¹
1688 3519 1869 3590 emas

323 3611 465 3682 πρὸς
505 3610 594 3664 τὸν
629 3609 757 3663 Θεόν
800 3627 890 3662 σου
926 3610 1012 3663 διὰ
1043 3610 1256 3672 παντός.
1288 3628 1306 3660 ι
1340 3608 1588 3663 Τοιοῦτον
1617 3610 1754 3681 ἔχων
1775 3614 1871 3663 Δε-

325 3700 554 3770 σπότην,
568 3699 624 3763 ὃς
639 3699 779 3754 κατὰ
795 3700 1009 3754 πάντων
1027 3700 1137 3769 ἔχει
1153 3699 1213 3752 τὸ
1230 3700 1446 3770 κράτος,
1461 3699 1690 3771 άληστον
1711 3701 1873 3754 αὐτοῦ

320 3791 414 3846 διὰ
439 3790 639 3853 παντὸς
656 3790 742 3861 ἔχε
759 3793 857 3861 τὴν
890 3792 1126 3862 μνήμην,
1151 3791 1242 3843 καλ⁸
1263 3791 1604 3862 δικαιοσύνης
1627 3791 1872 3862 ἀντέχου,

324 3879 420 3933 καὶ
449 3879 821 3951 φιλάνθρωπος
851 3880 940 3932 ἔσο
969 3882 1095 3950 περὶ
1114 3880 1205 3933 τὸν
1230 3880 1414 3947 πέλας,
1447 3881 1541 3935 καὶ
1570 3885 1680 3945 τοῖς
1710 3882 1872 3946 θείοις

321 3969 588 4039 διηνεκῶς
640 3959 915 4022 ἀκολούθει
961 3970 1370 4040 προστάγμασιν
1397 3986 1411 4000 ·
1456 3969 1596 4023 οὕτω
1641 3970 1748 4041 γὰρ
1799 3971 1876 4041 τῷ

322 4059 445 4128 Θεῴ
489 4058 735 4122 πελάζων
765 4060 902 4125 ἕξεις
927 4061 1084 4113 αὐτὸν
1112 4060 1526 4130 ὑπερμαχοῦντα
1559 4061 1869 4130 προθύμως.

394 4147 459 4212 ξ’,
492 4153 561 4217 η’.
593 4165 613 4199 ί
664 4149 899 4212 Χαναὰν,
932 4151 988 4201 ὲν
1039 4151 1180 4220 χειρὶ
1210 4149 1370 4202 αὐτοῦ
1422 4150 1583 4217 ζυγὸς
1626 4150 1836 4211 ἀδικίας
1857 4166 1870 4179 ο

325 4235 810 4289 καταδυναστεύειν
837 4238 1105 4306 ἠγάπησεο
1133 4239 1225 4290 καὶ
1248 4233 1400 4289 εἶπεν
1445 4237 1701 4306 Ἐφραίμ·
1731 4238 1877 4306 Πλὴν

1957 466 2233 522 Lahanum
2297 471 2622 524 avunculum
2681 471 3015 542 perfugeret,
3084 475 3175 530 ubi
3230 476 3498 532 Bethelem

1955 559 2219 627 pervenit,
2254 559 2326 614 ibi
2357 560 2594 615 divinam
2639 564 3019 618 reVeIationem
3049 568 3280 621 naetus‘
3312 576 3415 629 est,
3447 577 3502 620 et

1954 647 2167 702 divinas
2202 649 2592 718 promissiones
2647 653 2877 722 accepit.
2931 652 3076 707 Dixit
3105 654 3288 710 enim:
3350 674 3369 705 ι
3426 655 3502 709 Ne

1954 738 2169 802 timeas,
2210 739 2399 807 J‘acob,
2453 742 2709 811 quoniam
2758 759 2858 814 ego
2901 753 3075 798 tecum
3121 756 3324 799 summ.
3364 763 3382 795 ι
3439 743 3504 798 Et

1955 826 2112 892 ﬂens,
2147 838 2205 883 ut
2232 845 2329 898 par
2357 841 2492 897 erat,
2530 833 2644 887 hac
2669 834 2830 888 verba
2858 833 3028 890 fecit:
3065 853 3082 886 ι
3124 834 3179 888 Si
3213 836 3345 890 mihi
3395 833 3503 888 Do-

1958 917 2142 973 minus
2172 919 2381 974 dederit
2408 935 2601 989 panem
2647 921 2714 976 ad
2744 923 3094 986 vescendum,
3127 932 3181 977 et
3211 925 3500 979 vestimen-

1955 1013 2069 1060 tum
2103 1007 2170 1061 ad
2202 1007 2554 1075 induendum,
2587 1019 2639 1065 et
2660 1013 2934 1068 reduxerit
2961 1028 3046 1067 me
3069 1028 3193 1067 cum
3222 1029 3374 1084 pace,
3399 1014 3504 1068 erit

1957 1097 2089 1150 mihi
2121 1095 2383 1154 Dominus
2413 1115 2512 1168 pro
2538 1099 2668 1167 Deo,
2711 1109 2764 1156 et
2794 1101 2933 1171 lapis
2971 1101 3094 1168 iste,
3139 1118 3296 1172 quem
3331 1103 3500 1168 erexi,

1957 1186 2228 1241 eritmihi;
2250 1203 2348 1257 pro
2389 1189 2552 1243 domo
2602 1189 2714 1254 Dei,
2745 1199 2798 1244 et
2847 1193 3088 1244 omnium
3123 1206 3244 1260 quae
3289 1191 3506 1247 dederis

1959 1276 2116 1339 mihi,
2148 1278 2385 1332 decimas
2415 1277 2634 1333 oﬂ‘eram
2685 1279 2856 1334 tibi".
2899 1299 2918 1333 ι
2957 1279 3091 1334 Cum
3129 1280 3344 1335 rediens
3376 1295 3500 1349 per-

1958 1368 2200 1421 venisset
2225 1367 2291 1422 ad
2320 1370 2495 1424 locum
2525 1369 2676 1424 illum
2701 1411 2716 1437 ,
2747 1371 3145 1426 henel'aetorem
3197 1370 3523 1426 laudatione-

1959 1472 2314 1527 prosequens,
2337 1459 2473 1514 dixit
2500 1477 2515 1514 :
2555 1479 2574 1511 ι
2602 1461 2736 1515 Cum
2771 1461 2968 1517 baculo
3000 1463 3105 1517 isto
3128 1476 3248 1516 meo
3275 1461 3519 1516 transivi

1955 1545 2268 1615 Iordanem,
2288 1561 2339 1604 et
2365 1567 2507 1606 nunc
2532 1567 2652 1606 cum
2677 1553 2887 1608 duabus
2913 1555 3104 1609 turmis
3131 1554 3406 1622 regredior
3423 1570 3500 1609 ο.»

1959 1634 2074 1689 Hoc
2108 1636 2271 1706 igitur
2299 1638 2495 1708 Aquila
2525 1647 2579 1693 et
2614 1639 2992 1710 Symmachus,
3042 1657 3141 1698 sua
3193 1643 3507 1712 interpreta-

1889 1706 1928 1759 Β
1962 1725 2110 1780 tione
2136 1706 2496 1796 exponentes,
2525 1706 2861 1796 docuerunt,
2892 1731 3130 1799 Bethele,
3175 1748 3296 1803 quae
3339 1706 3503 1794 nunc,
3525 1772 3541 1786 .

1961 1816 2157 1884 inquit,
2227 1818 2429 1872 idolum
2463 1817 2544 1873 On
2596 1819 2781 1887 habet,
2835 1835 2866 1874 a
2920 1820 3122 1876 Jaeoho
3155 1829 3508 1891 conspectum

1962 1906 2150 1962 fuisse.
2212 1907 2571 1978 Septuaginta
2617 1924 2746 1964 vero
2812 1910 3179 1980 interpretes,
3242 1909 3504 1980 singulari

1961 2009 2192 2049 numero
2221 1994 2286 2047 ad
2315 1994 2577 2064 pluralem
2614 1997 2904 2061 translato,
2933 1998 3012 2052 sic
3068 1998 3367 2067 intelligere
3406 2011 3518 2052 nos,

1961 2083 2158 2138 docent
2187 2101 2200 2138 :
2240 2081 2482 2138 Jacohus
2525 2086 2840 2153 progenitor
2871 2095 3074 2150 vester,
3109 2103 3233 2141 eum
3268 2102 3396 2157 erga
3424 2102 3514 2140 me

1962 2174 2084 2228 talis
2111 2181 2278 2238 esset,
2311 2189 2440 2227 cura
2479 2189 2595 2228 mea
2625 2175 2822 2243 dignus
2862 2175 3078 2230 habitus
3109 2183 3215 2230 est.
3245 2175 3356 2229 Vos
3384 2185 3519 2229 vero

1963 2261 2292 2315 contrariam
2327 2261 2471 2315 viam
2527 2261 2758 2330 ingressi
2791 2261 2942 2325 estis,
2975 2269 3029 2316 et
3073 2275 3198 2316 cum
3248 2261 3521 2330 pmnitere

1968 2353 2200 2416 velletis,
2251 2367 2358 2406 non
2405 2352 2666 2420 templum
2726 2352 2857 2406 mihi
2916 2352 3228 2408 dedicatum
3277 2351 3513 2418 adiistis,

1965 2442 2058 2497 sed
2088 2441 2232 2512 apud
2280 2441 2483 2496 idolum
2510 2443 2592 2497 On
2629 2443 2989 2498 lamentantes
3009 2482 3024 2507 ,
3073 2458 3250 2498 meum
3280 2442 3522 2510 peliistis

1965 2532 2252 2586 auxilium.
2290 2532 2401 2601 Ego
2427 2546 2556 2585 vero
2590 2531 2695 2586 hoc
2727 2533 2887 2586 modo
2913 2533 3130 2602 indigna
3158 2547 3371 2601 passus,
3410 2532 3513 2586 vo.

1965 2620 2050 2674 bis
2080 2627 2261 2672 tamen
2297 2633 2383 2673 me
2414 2619 2650 2685 ostendi,
2689 2621 2904 2690 1368
2951 2628 3004 2676 et
3038 2621 3238 2690 quibus
3271 2621 3326 2674 in
3378 2621 3522 2675 locis

1967 2711 2328 2780 implorastis,
2361 2725 2622 2782 responsa
2655 2711 2802 2766 dedi.
2842 2711 3017 2779 Atque
3042 2711 3146 2764 hoc
3171 2711 3328 2778 plane
3355 2709 3527 2765 docet

1968 2800 2135 2854 Amos
2165 2799 2448 2870 propheta,
2477 2799 2570 2869 qui
2603 2798 2841 2866 Bethele,
2892 2797 2982 2853 ubi
3012 2797 3093 2853 On
3145 2798 3346 2852 idolum
3390 2798 3531 2863 fuit,

1967 2902 2184 2943 omnem
2221 2888 2565 2959 prophetiam
2592 2888 2798 2954 docuit,
2839 2888 2928 2944 cui
2957 2895 3010 2944 et
3041 2887 3292 2943 Amasias
3330 2901 3522 2942 sacer-

1967 2979 2068 3035 dos
2108 2978 2349 3035 Bethelis
2383 2979 2519 3034 dixit
2551 2997 2564 3033 :
2627 2997 2646 3032 ι
2682 2978 2832 3034 Vade
2886 2978 2940 3033 in
2994 2985 3193 3033 terram
3229 2977 3415 3044 Judae,
3462 2985 3530 3032 et-

1975 3068 2193 3124 Bethele
2223 3084 2331 3124 non
2358 3069 2590 3140 amplius
2627 3069 2942 3141 prophetes,
2973 3067 3102 3138 quia
3146 3068 3531 3124 sanetuarium.

1971 3159 2118 3230 regis
2144 3167 2229 3216 est
2247 3169 2291 3213 ρ.
2331 3178 2359 3212 ι.

2045 3432 2205 3487 Vens.
2221 3432 2277 3498 5,
2297 3431 2350 3487 6.
2368 3449 2385 3483 ι
2401 3429 2665 3486 Dominus
2676 3436 2855 3484 autem
2879 3426 3020 3484 Deus
3046 3425 3390 3497 omnipotens
3411 3426 3528 3482 erit

1978 3522 2295 3578 memoriale
2321 3521 2462 3590 ejus.
2491 3519 2919 3575 Misericordiam
2958 3529 3011 3573 et
3037 3517 3302 3587 judicium
3334 3524 3520 3570 custo-

1976 3613 2032 3666 di
2068 3629 2080 3665 :
2119 3619 2171 3664 et
2199 3609 2582 3680 appropinqua
2616 3607 2726 3662 Deo
2757 3615 2852 3662 tuo
2881 3622 3114 3676 semper.
3143 3625 3162 3657 ι
3193 3604 3328 3659 Cum
3359 3604 3524 3657 talem

1978 3701 2182 3755 habeas
2213 3697 2499 3753 Dominum
2520 3736 2534 3762 ,
2566 3697 2656 3768 qui
2678 3696 2937 3752 omnibus
2970 3696 3303 3759 dominatur,
3338 3693 3540 3763 jugem.

1980 3792 2102 3860 ejus
2147 3789 2462 3845 memoriam
2495 3796 2655 3854 tene,
2705 3798 2760 3842 et
2783 3787 3053 3858 justitiam
3082 3787 3439 3857 amplectere,
3472 3791 3542 3836 et.

1982 3880 2254 3934 humanus
2285 3886 2405 3933 esto
2449 3878 2502 3931 in
2547 3891 2883 3947 proximum,
2915 3884 2968 3930 et
3002 3875 3202 3930 divinis
3245 3872 3544 3943 praeceptis.

1984 3985 2197 4039 semper
2227 3970 2549 4038 obsequere.
2606 3965 2697 4020 Sic
2726 3965 2869 4020 enim
2912 3965 3023 4019 Deo
3054 3963 3534 4032 appropinquans,

1983 4059 2208 4113 habebis
2235 4073 2359 4112 eum
2396 4063 2706 4126 promptum
2734 4053 2810 4107 tui
2842 4061 3346 4123 propugnatorem.

2053 4148 2216 4202 Vens.
2270 4148 2334 4212 7,
2377 4145 2431 4199 8.
2483 4165 2500 4198 ι
2539 4145 2828 4207 Chanaan,
2880 4144 2934 4196 in
2966 4157 3129 4194 manu
3168 4140 3540 4208 ejusstatera.

1985 4239 2294 4306 iniquitatis
2326 4253 2341 4301 ;
2393 4235 2700 4304 opprimere
2736 4248 2832 4302 per
2867 4231 3159 4299 potentiam
3191 4228 3422 4282 dilexit:
3477 4234 3538 4280 et.

326 4325 697 4395 πεπλούτηκα,
722 4327 928 4399 εὕρηκα
954 4329 1252 4382 ἀνάπαυσιν
1274 4327 1318 4358 ⁸⁸
1352 4327 1618 4396 ἐμαυτῷ.»
1642 4327 1866 4380 Χαναὰν

1990 4326 2130 4379 dixit
2176 4323 2462 4393 Ephraim:
2499 4319 2881 4373 Verumtamen
2916 4317 3065 4372 dives
3109 4315 3335 4370 eil‘ectus
3368 4326 3530 4370 sum:

326 4418 420 4471 τὺν
435 4386 669 4487 Ἐφραῒμ
684 4386 1072 4489 προσαγορεύει
1089 4417 1153 4469 ⁸³.
1175 4415 1328 4469 Οὕτω
1344 4386 1448 4485 γάρ
1465 4386 1558 4468 καλ.
1575 4417 1602 4467 ὁ
1617 4415 1866 4485 μακάριος

1984 4415 2164 4468 inveni
2225 4411 2462 4481 requiem
2506 4407 2658 4462 mihi.
2700 4425 2718 4458 ι
2787 4405 3038 4458 Chanaan
3090 4413 3245 4456 vocat
3304 4403 3533 4470 lipurai-

340 4507 600 4577 Ἰεζεκιὴλ
628 4508 1106 4579 προσδιαλεχθῆναι
1140 4505 1484 4578 προσετάχθη
1504 4508 1568 4576 τῇ
1611 4506 1878 4576 Ἰερουσα-

326 4600 475 4669 λήμο
509 4619 528 4652 ι
565 4601 637 4653 Τὸ
687 4600 904 4671 σπέρμα
942 4616 1030 4652 σου
1074 4601 1165 4652 καὶ
1205 4598 1484 4668 ἠγένεσίς
1537 4615 1654 4664 σου,
1699 4600 1761 4651 ἐκ
1787 4601 1882 4668 τῆς

331 4690 586 4744 Χαναάνο
617 4691 646 4742 ὁ
667 4691 846 4760 πατὴρ
878 4705 967 4741 σου
1014 4689 1354 4760 Ἀμορραῖος,
1387 4689 1480 4742 καὶ
1506 4689 1538 4758 ἡ
1571 4690 1750 4759 μήτηρ
1794 4705 1883 4740 σου

331 4780 589 4835 Χετταία.
631 4798 649 4830 ι
675 4774 774 4832 Ὦν
805 4780 908 4848 γὰρ
956 4779 1230 4849 ἐζήλωσαν
1256 4779 1353 4848 τὴν
1380 4778 1628 4831 ἀσέϐειαν
1647 4819 1658 4840 ,
1685 4779 1886 4830 τούτων

331 4873 431 4925 καὶ
482 4872 582 4940 τῆς
637 4869 1000 4940 προσηγορίας
1069 4868 1374 4938 μετέλαχον.
1449 4869 1519 4921 Σὺ
1581 4869 1784 4931 τοίνυν,
1843 4862 1886 4919 ὦ

345 4961 605 5031 Ἐ’ρραῒμ,
654 4961 750 5030 τὴν
807 4960 899 5012 τοῦ
950 4960 1170 5014 Χαναὰν
1225 4959 1555 5028 μιμούμενος
1601 4958 1880 5026 πονηρίαν,

421 5122 457 5148 η’
491 5113 832 5175 Gen.xxvm,
868 5112 953 5173 l3,
997 5111 1077 5165 l5.
1170 5118 1199 5148 ιι
1229 5110 1358 5164 ibid.
1398 5112 1465 5163 20

1986 4521 2154 4560 mum.
2191 4503 2268 4556 lta
2298 4501 2442 4557 enim
2474 4501 2668 4555 beatus
2697 4497 2858 4551 etiam
2885 4494 3131 4550 Ezechiel
3161 4491 3316 4547 affari
3345 4491 3535 4562 jussus

1989 4607 2074 4651 est
2122 4595 2553 4664 Hierosolymam
2587 4615 2597 4648 :
2654 4611 2672 4645 ι
2707 4591 2901 4648 Semen
2945 4601 3134 4653 tuum,
3177 4595 3231 4640 et
3260 4583 3540 4655 generatio.

1990 4693 2082 4738 tua
2135 4685 2202 4740 de
2253 4691 2392 4738 terra
2437 4683 2696 4737 Chanaan
2733 4695 2748 4734 :
2798 4688 2953 4750 pater
2994 4685 3123 4731 tuus
3155 4673 3534 4734 Atiiorrhmus,

1991 4786 2043 4829 et
2086 4787 2258 4830 mater
2305 4782 2400 4827 tua
2452 4773 2692 4828 Chettaza
2717 4781 2764 4823 ιι.
2801 4789 2818 4821 ι
2873 4770 2953 4824 Ab
2992 4768 3058 4822 iis
3095 4767 3275 4829 enim,
3305 4777 3536 4833 quorum

1994 4865 2188 4918 imitati
2211 4873 2341 4918 sunt
2372 4863 2728 4933 impietatem,
2755 4859 2934 4914 sortiti
2961 4867 3086 4912 sunt
3118 4870 3332 4910 nomen.
3364 4853 3429 4906 Et
3457 4861 3536 4908 tu.

1995 4961 2010 4978 ‘
2037 4973 2069 5009 ο
2108 4956 2383 5025 Ephraim,
2416 4956 2637 5010 imitans
2675 4954 2936 5008 malitiam
2958 4948 3272 5006 C’hanaanis
3300 4944 3538 5014 iniquam

1663 5119 1682 5139 °
1712 5109 1846 5164 Gen.
1872 5125 2041 5175 χχχιι,
2070 5109 2154 5162 10-.
2234 5118 2260 5156 ιι
2303 5109 2466 5162 Amos
2495 5122 2589 5170 νιι,
2616 5105 2699 5167 l2,
2737 5105 2821 5158 15.
2897 5113 2924 5152 ιι
2954 5101 3058 5157 lsa.
3081 5117 3190 5160 xvr,
3224 5102 3277 5154 ‘5.

1641 5246 1876 5300 VARl/E
1919 5245 2325 5300 LECTIONES.

413 5345 460 5374 ⁷⁵
486 5344 641 5415 Ἔκλ.
680 5374 749 5415 -έ
777 5341 902 5415 ηῧρ.
935 5346 1053 5400 αύτ.
1097 5345 1236 5399 Bene
1290 5344 1442 5413 juxta
1489 5342 1650 5394 llehr.
1695 5411 1707 5415 _
1732 5343 1777 5415 7f
1806 5342 2369 5415 C_d7toxatao'§rjon.__
2395 5343 2519 5415 ἷξτῇ
2553 5339 2826 5415 e_t_(_le_inde
2848 5354 2957 5415 pou
2996 5336 3110 5415 des:
3136 5335 3188 5415 i'n
3226 5334 3337 5415 σου
3358 5326 3545 5415 ’ξξῖξῗ

343 5413 546 5483 eam.
573 5413 693 5483 Des.
730 5414 782 5465 in
803 5411 986 5482 ‘ti'quie
1014 5416 1251 5483 proxima
1279 5411 1425 5474 sunt,
1455 5427 1623 5478 usque
1647 5411 1719 5483 ad
1741 5411 2187 5483 _initium__vers.__l
2206 5412 2250 5461 ί.

2328 5411 2373 5441 ’⁷9
2402 5392 2540 5477 Κύὸ.
2563 5392 2712 5461 ⁷ΙΑΧῘ(
2761 5392 2962 5477 ιιιιόύηι
2999 5406 3026 5455 ὁ
3066 5402 3213 5477 Θεές.
3291 5398 3337 5428 ⁸ο
3371 5392 3538 5477 ἔλεον..

345 5460 508 5548 ipsa
526 5460 2256 5550 uti“{tam}.“532.1357;exuesagae?“atina;
2294 5460 2536 5534 lectiest
2575 5460 2873 5546 ἆναψυχήν.
2946 5475 2989 5505 θ’
3031 5488 3079 5522 τ.
3111 5460 3263 5536 Ἐφρ·
3306 5479 3399 5530 πρ·
3429 5460 3535 5509 At"

347 5551 548 5620 potius,
574 5568 667 5606 eos
692 5555 782 5621 qui
808 5563 1156 5607 mercaturam:
1202 5553 1543 5605 exercebant.
