3912 6206
448 251 581 316 1619
1431 250 1915 310 THEODORETI
1959 251 2029 309 Ε]

2135 251 2296 312 CUPI
2319 255 2682 315 CYRENSIS
3530 249 3642 313 1620

442 365 643 420 mentis
695 371 954 420 stateram
1015 359 1228 414 habes:
1275 359 1544 429 justitiam
1606 361 1751 415 enim
1802 376 2019 432 semper

2135 363 2280 418 ἱδικα
2310 366 2526 438 ἐκτήσω
2556 367 2624 420 τὰ
2651 365 2750 435 τῆς
2775 362 3012 425 διανοίας
3039 359 3177 428 ζυγά
3199 373 3212 388 ⁸
3242 359 3301 412 τὸ
3328 361 3428 430 γὰρ
3470 360 3647 418 δίκαιον

444 455 768 528 vilipendis,
817 460 871 510 ct
915 453 1162 524 iniquam
1212 453 1510 524 potentiam
1559 449 1918 524 exoptas,'et
1949 453 2017 509 de

2135 457 2403 526 ἰτιμάζων
2458 457 2742 522 διατελεῖς,
2771 456 2870 526 τὴν
2899 455 3079 510 ἄδικον
3109 452 3419 506 δυναστείαν
3468 455 3646 520 ποθεῖς,

445 549 652 604 divitiis
675 545 952 618 gloriaris,
973 553 1025 598 ct
1048 560 1235 598 earnm
1258 545 1637 600 collectionem
1663 545 1761 600 tibi
1791 561 2017 617 arrogas

2135 549 2214 603 cal.
2263 550 2360 603 ἐπὶ
2393 550 2608 620 πλούτῳ
2659 549 2799 619 μέγα
2829 547 3069 616 φρονεῖς,
3101 545 3191 598 καὶ
3239 543 3650 616 ἀλαζονευόμενος

448 641 773 696 insolenter.
811 635 1108 690 Sciendum
1141 650 1271 690 vero
1295 677 1310 701 ,
1347 633 1605 690 Davidem
1641 635 1855 706 1369
1879 649 2018 705 quo-

447 749 554 805 que
581 738 799 787 statera:
839 727 1042 798 iniqua:
1081 726 1260 783 facere
1291 727 1650 807 mentionem,
1679 727 1765 782 his
1796 727 2014 782 verbis:

457 842 475 874 ε
509 820 800 876 Mendaces
830 817 926 871 lilii
975 817 1266 872 hominum
1307 816 1362 871 in
1409 816 1674 885 statcris,
1728 824 1786 869 ut
1817 816 2018 886 injuste

449 923 614 985 agant
643 928 683 965 τ.
724 931 740 963 ι
778 910 842 964 Et
888 924 1009 980 qua:
1054 902 1428 975 subjiciuntur
1452 948 1468 972 ,
1520 907 1853 964 conveniunt
1891 922 2017 962 cum

448 1004 536 1058 his
570 987 691 1072 qua:
714 1002 858 1057 dicta
899 1010 1026 1058 sunt
1051 998 1120 1054 de
1148 999 1442 1069 Ephraimo
1469 1018 1482 1054 :
1536 1019 1553 1052 ι
1585 999 1766 1055 Nolite
1797 1014 2020 1070 sperare

450 1095 505 1150 in
535 1093 846 1163 iniquitate,
879 1103 933 1148 et
966 1091 1190 1162 rapinas
1233 1091 1404 1145 nolite
1436 1093 1837 1162 concupiscere
1875 1111 1890 1149 :
1937 1092 2020 1148 di-

451 1187 596 1242 vitia
629 1185 674 1242 si
706 1185 932 1240 afﬂuant
956 1224 971 1246 ,
1007 1183 1178 1239 nolite
1211 1198 1309 1236 cor
1343 1199 1625 1254 apponere
1649 1191 1696 1240 ⁸.
1735 1203 1754 1236 ι
1793 1185 1875 1239 Ab
1909 1200 2020 1239 uno

451 1281 595 1334 enim
635 1277 846 1349 Spiritu
878 1285 933 1332 et
953 1276 1070 1331 haec
1103 1282 1158 1330 et
1189 1276 1278 1330 illa
1309 1275 1704 1345 profluxerunt.
1738 1277 2019 1332 Postrema

449 1371 614 1428 etiam
650 1371 742 1424 illa
775 1389 788 1425 :
827 1388 845 1421 ι
875 1367 1012 1435 Quia
1041 1375 1098 1420 tu
1129 1368 1325 1422 reddes
1351 1369 1651 1438 unicuique
1680 1369 1835 1438 juxta
1857 1385 2020 1440 opera

452 1479 550 1519 sua
592 1465 647 1530 ι,
693 1481 711 1515 ι
744 1463 1082 1518 conveniunt
1111 1477 1236 1516 cum
1271 1461 1338 1515 iis
1366 1475 1487 1529 qua!
1523 1460 1628 1514 huc
1666 1461 1786 1515 loco
1827 1463 2022 1516 subse-

450 1561 695 1626 quuntur
735 1573 748 1609 :
781 1574 798 1605 ι
831 1552 1072 1608 Labores
1107 1552 1228 1622 ejus
1263 1567 1371 1606 non
1413 1552 1765 1606 invenientur
1801 1553 1848 1606 ei
1893 1567 2022 1621 pro-

455 1655 574 1716 pter
615 1647 958 1716 iniquitates,
987 1646 1041 1700 in
1074 1645 1276 1716 quibus
1315 1645 1587 1714 peccavit.
1629 1663 1646 1696 ›
1683 1643 1850 1699 Bonis
1876 1643 2022 1698 enim

453 1739 770 1793 divitiarum
810 1737 1140 1810 spoliabitur
1162 1776 1174 1800 ,
1240 1736 1421 1806 justas
1456 1751 1648 1806 poenas
1684 1751 1782 1805 pro
1817 1735 2024 1805 iniqui-

429 1807 565 1882 °tate
597 1807 939 1897 persolvens.

530 1916 692 1972 Vsus.
725 1917 777 1971 9.
829 1937 847 1969 ι
885 1916 996 1987 Ego
1024 1927 1204 1973 autem
1232 1916 1498 1972 Dominus
1534 1916 1676 1972 Deus
1707 1926 1834 1972 tuus
1861 1917 2024 1973 eduxi

455 2020 508 2064 te
539 2027 568 2065 e
609 2021 753 2064 terra
781 2007 1004 2081 Egypti
1037 2026 1051 2062 :
1099 2008 1281 2063 adhuc
1326 2009 1579 2064 habitare
1620 2019 1671 2064 te
1722 2008 1920 2064 faciam
1971 2011 2024 2064 in

456 2102 855 2165 tabernaculis,
884 2101 1033 2156 sicut
1058 2101 1111 2155 in
1142 2099 1339 2156 diebus
1374 2099 1522 2156 festi.
1559 2119 1576 2153 ι
1609 2099 1749 2166 Quia
1778 2101 1924 2156 enim
1958 2099 2028 2154 ab

457 2193 780 2264 Egyptiaca
803 2193 1066 2248 servitute
1099 2192 1382 2256 liberatus,
1415 2191 1678 2246 oblivioni
1702 2191 2026 2246 beneficium

457 2283 754 2348 tradidisti,
800 2297 1000 2338 rursus
1054 2282 1329 2337 habitabis
1365 2282 1419 2335 in
1468 2282 1878 2348 tabernaculis,
1941 2282 2024 2336 la-

456 2386 578 2431 ctus
623 2378 678 2429 In
727 2375 904 2430 aliena
950 2382 1097 2428 terra
1148 2374 1458 2444 inquilinus
1485 2413 1502 2440 ,
1547 2383 1603 2430 et
1646 2375 2028 2431 recordaberis

457 2467 973 2529 tabernaculorum,
1021 2481 1145 2536 quae
1201 2465 1446 2521 faciebas
1478 2507 1492 2531 ,
1551 2481 1676 2521 cum
1729 2467 1784 2521 in
1832 2468 2029 2524 diebus

460 2559 612 2614 festis
642 2557 826 2614 laetitia
855 2558 1164 2613 exsultares
1185 2596 1200 2622 ,
1240 2565 1298 2612 et
1323 2559 1644 2613 memoriam
1669 2557 2031 2614 habitationis

458 2651 515 2703 in
553 2649 774 2704 deserto
802 2649 1134 2704 celebrares.
1175 2649 1527 2720 Scenopegiae
1551 2657 1733 2705 autem
1766 2649 2029 2706 solemni-

459 2749 624 2796 tatem
663 2740 959 2812 signiﬁcat.

526 2828 696 2886 Vens.
735 2830 820 2885 10.
857 2850 875 2882 ι
910 2829 974 2883 Et
994 2830 1215 2884 locutus
1245 2844 1366 2885 sum
1397 2829 1463 2882 ad
1497 2831 1814 2901 prophetas,
1845 2838 1898 2886 et
1930 2846 2030 2901 ego

457 2923 704 2978 visiones
735 2921 1122 2992 multiplicavi,
1153 2929 1209 2976 et
1241 2921 1296 2974 in
1327 2922 1584 2978 manibus
1635 2923 2028 2993 prophetarum

2121 641 2302 711 σαυτῷ
2332 642 2432 712 τὴν
2475 641 2663 694 τούτου
2712 639 2974 710 συλλογὴν
3001 638 3344 707 ὲπιγράφεις.
3384 638 3560 690 Ἰστὲον
3583 641 3648 702 δὲ,

2118 734 2201 787 ὅτι
2251 733 2342 786 τὸν
2368 733 2552 789 ἄδικον
2605 731 2768 801 ζυγὸν
2825 733 2921 785 καὶ
2971 732 3000 783 ὁ
3051 729 3317 800 μακάριος
3365 730 3650 799 μνημονεύει

2121 825 2304 887 Δαῦἰδ,
2341 823 2546 892 λέγων·
2591 843 2608 875 ι
2645 823 2875 887 Ψευδεῖς
2902 822 2952 874 οἰ
3000 821 3104 874 υἰοὶ
3146 820 3254 873 τῶν
3305 819 3580 891 ἀνθρώπιον
3605 825 3652 875 ὲν

2123 916 2330 985 ζυγοῖς,
2361 916 2452 970 τοῦ
2487 915 2762 986 ἀδικῆσαι.
2803 935 2820 966 ι
2855 915 2965 968 Καὶ
2997 911 3065 966 τά
3113 912 3420 981 ὲπαγόμενα
3462 911 3512 963 δὲ
3538 929 3652 982 συμ-

2123 1008 2290 1076 φωνεῖ
2314 1009 2424 1070 τοῖς
2458 1006 2585 1077 περὶ
2635 1003 2730 1058 τοῦ
2770 1003 3008 1076 Ἔφραῒμ
3047 1000 3353 1074 εἰρημένοις
3374 1017 3387 1031 ·
3420 1021 3437 1053 t
3471 1002 3550 1072 Μὴ
3581 1003 3651 1056 ἔλ-

2123 1099 2310 1164 πίζετε
2342 1098 2431 1152 ἐπ’
2455 1097 2688 1162 ἀδικίαν,
2715 1095 2811 1149 καὶ
2833 1094 2924 1147 ἐπὶ
2953 1094 3226 1164 ἅρπαγμα
3263 1091 3335 1162 μὴ
3365 1091 3650 1145 ὲπιποθείτι·

2123 1189 2354 1256 πλοῦτος
2409 1191 2504 1244 ἐὰν
2538 1191 2660 1260 ῥέῃ,
2691 1189 2764 1258 μὴ
2802 1184 3161 1258 προστίθεσθε
3209 1182 3445 1254 καρδίαν.
3476 1201 3494 1235 ι
3533 1184 3652 1248 Ἐνδς

2123 1286 2233 1356 γὰρ
2268 1283 2576 1352 πνεύματος
2607 1277 2897 1334 καὶταῦτα
2918 1278 3151 1332 κάκεῖνα
3195 1275 3264 1327 τΞι
3305 1273 3526 1344 νάματα.
3568 1276 3654 1327 Καὶ

2123 1377 2184 1430 τὸ
2226 1371 2636 1447 ἀκροτελεύτιον
2678 1372 2735 1424 δὲ
2785 1372 2994 1430 ἐκεῖνο,
3038 1386 3054 1418 t
3098 1369 3220 1420 Ὀτι
3276 1367 3338 1420 σί)
3400 1365 3654 1428 ἀποδώσεις

2126 1467 2341 1537 ἑκάστῳ
2373 1465 2512 1518 κατὰ
2547 1464 2614 1516 τὰ
2643 1462 2779 1533 ἔργα
2807 1461 2998 1524 αὑτοῦ,
3051 1478 3068 1511 ι
3112 1460 3391 1528 συμφωνεῖ
3443 1458 3541 1518 τοῖς
3578 1457 3652 1508 ὲπ-

2124 1558 2414 1626 αγομένοις
2443 1555 2698 1610 ἐνταῦθα·
2723 1573 2739 1605 ι
2763 1553 2970 1614 Πάντες
3003 1549 3113 1618 γάρ
3146 1549 3196 1601 οἰ
3239 1547 3382 1600 πόνοι
3410 1543 3555 1600 αὑτοῦ
3578 1545 3654 1615 οὐχ

2129 1650 2511 1722 εὑρεθήσονται
2563 1645 2712 1717 αὐτῷ
2755 1645 2822 1698 δι’
2852 1643 3088 1706 ἀδικίας,
3124 1641 3191 1704 ἃς
3243 1639 3496 1710 ἥμαρτεν.
3532 1657 3546 1688 ι
3578 1638 3654 1689 Γυ-

2136 1744 2478 1815 μνωθήσεται
2527 1741 2636 1812 γὰρ
2675 1739 2784 1792 τῶν
2811 1739 2909 1808 τῆς
2939 1733 3200 1804 εὐπορίας
3230 1730 3462 1800 ἀγαθῶν,
3489 1729 3655 1792 δικαίας

2133 1837 2233 1907 τῆς
2265 1833 2607 1906 παρανομίας
2639 1830 3038 1899 ἀπαιτούμενος
3070 1827 3250 1887 δίκας.

2202 1927 2268 1980 θ’.
2301 1947 2319 1978 ι
2362 1925 2502 1994 Ἐγὼ
2529 1925 2587 1978 δὲ
2633 1923 2836 1992 Κύριος
2886 1923 2914 1974 ὁ
2961 1919 3092 1982 Θεός
3126 1935 3222 1970 σου
3254 1914 3511 1987 ἆνήγαγόν
3538 1930 3585 1966 σε
3608 1917 3654 1967 ἐκ

2133 2019 2238 2090 γῆς
2265 2016 2564 2087 Αἰγύπτου.
2601 2015 2678 2068 ἔτι
2703 2011 2966 2067 κατοικιῶ
2990 2029 3046 2064 σε
3078 2012 3137 2064 ἐν
3174 2009 3413 2079 σκηναῖς.
3443 2003 3596 2067 καθὼς
3612 2007 3655 2056 ὲν

2135 2111 2369 2181 ἡμέραις
2422 2106 2630 2177 ἑορτῆς.
2674 2123 2693 2157 ι
2764 2101 2980 2170 Ἐπειδὴ
3026 2101 3137 2172 γὰρ
3180 2099 3277 2170 τῆς
3336 2092 3655 2164 Αἰγυπτιακῆς

2133 2201 2375 2264 δουλείας
2420 2195 2756 2265 ἀπαλλαγεὶς
2789 2194 2928 2267 λήθῃ
2969 2193 3068 2264 τὴν
3112 2188 3424 2261 εὐεργεσίαν
3461 2185 3656 2256 παρέδω-

2136 2313 2256 2359 κας,
2280 2290 2436 2356 αὖθις
2459 2292 2702 2361 οἰκήσεις
2729 2287 2953 2360 σκηνὰς,
2988 2285 3239 2356 μέτοικος
3277 2284 3331 2335 ἐν
3361 2283 3422 2352 τῇ
3449 2279 3654 2348 ἀλλοτρίᾳ

2135 2386 2446 2456 γενόμενος,
2469 2383 2564 2436 καί⁵
2593 2379 2985 2451 ἀναμνησθήσῃ
3010 2369 3084 2430 ὧν
3117 2373 3389 2436 ὲπετὲλεις
3416 2369 3597 2439 σκηνῶν
3613 2371 3653 2420 ὲν

2134 2478 2255 2540 ταῖς
2295 2476 2508 2544 ἑορταῖς
2553 2470 2798 2542 τρυφῶν,
2831 2469 2924 2522 καὶ
2968 2468 3064 2537 τῆς
3094 2467 3154 2519 ἐν
3197 2465 3384 2536 ἐρήμῳ
3432 2458 3654 2526 διαγωγῆς

2137 2566 2524 2638 πανηγυρίζων
2553 2565 2651 2636 τὴν
2676 2563 2919 2633 μνήμην.
2937 2559 3103 2628 Λέγει
3127 2557 3186 2611 δὲ
3214 2555 3308 2626 τῆς
3333 2548 3652 2624 Σκηνοπηγίας

2134 2658 2234 2727 τὴν
2267 2657 2478 2726 ἑορτήν.

2207 2846 2258 2893 ι’.
2293 2859 2308 2889 ι
2345 2837 2455 2890 Καὶ
2488 2834 2727 2904 ἐλάλησα
2756 2834 2802 2866 ⁸³
2829 2833 2967 2903 πρὸς
2997 2830 3306 2902 προφήτας,
3333 2826 3423 2881 καὶ
3448 2824 3541 2893 ἐγὼ
3557 2821 3652 2893 ὁρά-

2142 2948 2253 2993 σεις
2303 2927 2602 3001 ἐπλήθυνα,
2630 2925 2723 2980 καὶ
2753 2925 2810 2978 ὲν
2833 2923 2989 2996 χερσὶ
3017 2919 3312 2993 προφητῶν
3339 2915 3604 2989 ὼμοιώθην.
3633 2930 3647 2962 t

457 3014 800 3072 assimilatus
828 3029 974 3070 sum.
1005 3034 1023 3066 ι
1057 3013 1190 3070 Jure
1219 3023 1399 3070 autem
1429 3014 1575 3070 hanc
1609 3030 1825 3088 ptenant
1857 3019 2029 3074 susti-

2151 3023 2405 3086 Ἐνδίκως
2458 3020 2515 3074 δὲ
2557 3019 2715 3091 τήνδε
2760 3017 2858 3088 τὴν
2885 3015 3158 3086 τιμωρίαν
3185 3012 3478 3083 ὑπομένεις,
3508 3007 3650 3114 ἐπειδὴ

459 3121 594 3169 nos,
637 3105 732 3176 qui
780 3107 920 3162 hanc
969 3120 1076 3161 non
1111 3105 1436 3160 extimueris
1467 3146 1481 3169 ,
1525 3121 1648 3161 cum
1685 3122 1715 3161 a
1747 3109 2029 3179 prophetis

2135 3115 2336 3185 ταύτης
2361 3113 2452 3166 διὰ
2489 3111 2597 3166 τῶν
2635 3108 2928 3182 προφητῶν
2981 3107 3079 3170 τὰς
3107 3105 3432 3177 προρρήσεις
3468 3100 3650 3169 δεξάμεο

459 3195 844 3265 praedictiones
872 3195 993 3265 ejus
1023 3195 1364 3267 accepisses,
1409 3212 1585 3265 neque
1631 3209 1867 3255 mentem
1910 3217 2031 3256 mu-

459 3299 576 3344 tare
621 3287 863 3343 volueris
910 3306 922 3341 :
991 3287 1264 3358 praecipue
1306 3303 1430 3342 cum
1479 3289 1868 3359 prtedictiones
1921 3308 2030 3348 non

461 3387 668 3432 tantum
708 3379 894 3433 verbis
921 3419 935 3444 ,
983 3378 1076 3433 sed
1114 3379 1281 3433 ctiam
1322 3379 1490 3434 rebus
1533 3381 1855 3450 significata:
1901 3385 2032 3439 sint.

459 3467 594 3523 Nam
626 3470 736 3525 tale
758 3467 1020 3540 quiddam
1051 3474 1169 3524 erat
1199 3469 1346 3540 quod
1381 3470 1451 3526 ab
1484 3469 1625 3527 Osca
1663 3471 1872 3528 factum
1905 3484 1990 3530 est
2016 3515 2030 3539 ,

459 3559 554 3630 qui
579 3559 742 3614 modo
775 3559 1123 3616 meretricem
1150 3600 1164 3624 ,
1205 3561 1365 3615 modo
1397 3561 1701 3617 adulteram
1748 3561 1842 3619 Dei
1874 3564 2036 3634 jussu

462 3668 686 3709 uxorem
717 3653 874 3708 duxit
900 3693 914 3717 ,
956 3651 1052 3708 Dei
1089 3652 1477 3708 universorum
1527 3653 1740 3726 1370
1791 3654 2038 3712 referens

461 3745 780 3815 imaginem,
811 3760 875 3800 ac
903 3745 1087 3816 populi
1121 3745 1466 3816 iniquitatem
1501 3746 1858 3816 redarguens.
1892 3746 2038 3802 Prae-

462 3845 611 3890 terea
640 3835 836 3903 docet,
873 3851 933 3892 se
961 3837 1132 3892 variis
1172 3836 1604 3894 revelationibus
1633 3853 1792 3893 usum
1827 3838 2034 3894 fuisse:

463 3937 574 3978 non
603 3930 664 3978 ut
693 3938 869 3979 meam
898 3965 912 3990 ,
945 3924 1056 3991 ait,
1092 3934 1348 3980 naturam
1379 3927 1668 3983 ostendam
1692 3969 1706 3993 ,
1739 3927 2040 3985 invisibilis

462 4012 608 4068 enim
637 4011 754 4068 haec
784 4021 889 4075 est.
933 4012 1028 4069 sed
1061 4020 1143 4075 ut,
1176 4023 1339 4083 prout
1367 4029 1507 4085 Opus
1541 4025 1624 4071 est
1647 4057 1661 4081 ,
1699 4017 2040 4087 contempla-

2134 3224 2222 3269 νος
2251 3206 2352 3258 οὐκ
2382 3203 2614 3266 ἔδεισας,
2634 3201 2754 3254 οὐδὲ
2789 3199 3110 3269 μεταϐαλεῖν
3140 3193 3428 3265 ἐϐουλήθης
3449 3187 3650 3262 τὴνγνώ-

2139 3316 2245 3370 μην
2265 3315 2277 3328 ·
2315 3298 2407 3350 καὶ
2439 3295 2630 3361 ταῦτα,
2652 3295 2712 3348 οὐ
2742 3292 2828 3346 διὰ
2861 3291 3120 3363 ῥημάτων
3153 3289 3330 3360 μόνον,
3353 3286 3475 3342 ἀλλά
3495 3284 3572 3338 καὶ
3587 3282 3650 3336 διὰ

2140 3391 2480 3464 πραγμάτων
2531 3387 2640 3440 τῶν
2689 3388 3048 3457 προρρήσεων
3100 3383 3419 3454 γενομένων.
3451 3377 3649 3432 Τοιοῦτον

2137 3485 2245 3555 γὰρ
2266 3480 2333 3554 ἦν
2364 3481 2458 3536 καὶ
2483 3481 2541 3533 τὸ
2567 3478 2671 3532 ὑπὸ
2699 3475 2793 3530 τοῦ
2825 3474 3114 3530 θεσπεσίου
3147 3474 3306 3542 Ὠσηὲ
3324 3467 3646 3540 γεγενημένον’

2139 3575 2271 3628 ποτὲ
2305 3573 2406 3644 μὲν
2433 3572 2542 3642 γὰρ
2574 3571 2810 3640 γυναῖκα
2841 3568 3068 3640 πόρνην,
3096 3565 3230 3619 ποτὲ
3258 3564 3312 3618 δὲ
3340 3560 3647 3634 μοιχεύτριαν,

2141 3667 2284 3721 κατά
2311 3667 2409 3738 τὴν
2437 3665 2584 3719 θείαν
2608 3663 2799 3717 ἔλασεν
2829 3660 3071 3732 ἐντολὴν,
3112 3657 3278 3712 εἰκὼν
3305 3655 3392 3710 τοῦ
3418 3651 3535 3706 Θεοῦ
3571 3649 3649 3701 τῶν

2139 3759 2277 3813 ὂλων
2331 3757 2615 3828 γινόμενος
2644 3795 2658 3818 ,
2723 3755 2818 3808 καὶ
2873 3753 2972 3822 τῆς
3026 3748 3121 3804 τοῦ
3173 3748 3303 3803 λαοῦ
3363 3740 3648 3815 παρανομίας

2141 3849 2483 3920 κατηγορῶν.
2512 3847 2654 3920 Πρὸς
2673 3845 2728 3899 δὲ
2757 3843 2931 3914 τούτῳ
2961 3841 3131 3912 δηλοῖ,
3159 3841 3241 3893 ὅτι
3270 3839 3380 3893 Καὶ
3426 3832 3646 3902 διαφόροις

2141 3939 2547 4008 ἀποκαλύψεσιν
2601 3936 2944 4010 ἐχρησάμην,
2971 3934 3034 3988 οὐ
3082 3932 3182 4003 τὴν
3209 3931 3344 4002 ἐμὴν
3383 3927 3525 3996 φύσιν
3549 3925 3648 3974 ὐπο-

2141 4032 2351 4093 δεικνὺς
2383 4028 2633 4100 (ἀόρατος
2662 4027 2769 4099 γάρ
2817 4025 3006 4095 αὕτη),
3052 4023 3191 4079 ἀλλὰ
3217 4021 3348 4094 πρὸς
3377 4020 3466 4092 τὴν
3506 4014 3648 4086 χρείαν

465 4107 669 4161 tionem
724 4103 792 4161 ad
843 4119 1002 4160 usum
1057 4102 1330 4174 efﬁngam.
1380 4104 1566 4176 Neque
1599 4106 1745 4162 enim
1782 4109 2029 4165 omnibus

2144 4120 2394 4176 ἐκτυπῶν
2451 4119 2548 4191 τὴν
2609 4119 2859 4189 θεωρίαν.
2915 4115 3055 4171 υῦτε
3109 4115 3218 4186 γὰρ
3261 4112 3448 4184 ὁμοίως
3492 4109 3648 4162 ἅπασιν

465 4195 715 4252 similiter
748 4195 1014 4268 apparui,
1058 4195 1154 4250 sed
1207 4194 1371 4248 aliter
1422 4194 1668 4261 Danieli,
1707 4199 1872 4252 aliter
1900 4198 2042 4254 Eze-

463 4286 623 4344 chieli
647 4330 664 4356 ,
715 4288 822 4343 alio
864 4285 1026 4342 modo
1073 4286 1229 4340 Isaiae
1255 4323 1269 4348 .
1305 4285 1415 4341 alio
1454 4285 1730 4355 Michaate;
1779 4287 1918 4345 Mosi
1952 4307 2036 4345 ve-

2145 4212 2333 4283 ὤφθην
2354 4227 2368 4241 °
2416 4210 2591 4273 ἄλλως
2633 4209 2742 4279 γὰρ
2765 4207 2842 4279 τῷ
2865 4207 3087 4278 Δανιὴλ,
3120 4204 3215 4259 καὶ
3241 4203 3408 4264 ἄλλως
3427 4198 3494 4268 τῷ
3527 4193 3625 4256 Ίεξε

2146 4304 2292 4376 κιὴλ,
2317 4302 2518 4374 ἑτέρως
2541 4301 2598 4355 δὲ
2629 4301 2707 4370 τῷ
2748 4299 2968 4369 Ἡσαΐᾳ,
2995 4297 3086 4350 καί¹
3129 4294 3207 4366 τῷ
3245 4292 3444 4365 Μιχαίᾳ
3467 4289 3520 4342 οὐ
3544 4283 3647 4376 κατά

464 4395 564 4446 ro,
603 4389 658 4437 et
708 4389 836 4438 ante
893 4382 1041 4436 hunc
1088 4380 1447 4447 Abrahamo,
1501 4381 1726 4439 diverso
1754 4384 1917 4440 modo
1957 4399 2029 4441 mt

2145 4373 2237 4448 τὸν
2281 4373 2465 4465 ὅμοιον
2497 4392 2716 4464 τρόπον·
2750 4391 2843 4445 καὶ
2870 4391 3042 4460 Μωσῇ
3088 4387 3146 4442 δὲ
3177 4385 3272 4441 καὶ
3313 4381 3535 4453 ’Δὸραάμ
3571 4373 3648 4445 πρὸ

463 4473 702 4528 ostendi.

533 4562 703 4620 Vsus.
736 4564 822 4619 fl.
859 4582 879 4616 ι
917 4561 974 4618 Si
1002 4579 1112 4619 non
1149 4567 1163 4582 '
1191 4563 1394 4620 Galaad
1425 4575 1534 4631 est,
1568 4582 1699 4638 ergo
1730 4566 1855 4625 falsi
1880 4580 2041 4627 erant

465 4656 745 4726 principes
769 4656 825 4710 in
858 4654 1100 4727 Galgalis
1136 4657 1504 4714 immolantes.
1543 4678 1561 4711 ›
1594 4660 1704 4717 Vos
1735 4677 1884 4728 vero,
1913 4679 2039 4719 cum

465 4763 568 4817 per
592 4764 677 4804 me
705 4747 791 4804 his
815 4747 1100 4817 fruamini,
1125 4750 1180 4805 in
1211 4749 1416 4806 Galaad
1446 4761 1497 4807 et
1525 4752 1786 4826 Galgalis,
1808 4756 2042 4815 urbibus

465 4837 629 4894 idolis
661 4838 868 4898 deditis
893 4884 908 4905 ,
939 4856 1066 4897 cum
1110 4841 1310 4898 vestris
1348 4842 1689 4914 principibus
1731 4861 1889 4902 sacra
1922 4848 2035 4904 da:-

465 4931 725 4986 monibus
757 4931 938 4988 facitis
964 4950 977 4988 :
1011 4933 1116 4991 etsi
1149 4934 1354 4988 nonab
1391 4935 1496 5002 his,
1525 4936 1619 4991 sed
1651 4953 1682 4992 a
1713 4954 1798 4993 me
1838 4939 2038 4996 beneﬁo

465 5021 550 5074 cia
577 5023 914 5094 percipiatis.
947 5023 1082 5079 Nam
1108 5026 1154 5081 si
1183 5043 1248 5083 ex
1267 5026 1494 5094 Galaad,
1516 5031 1620 5084 hoc
1653 5041 1735 5086 est
1763 5046 1827 5086 ex
1855 5032 2037 5100 idolis,

467 5113 672 5168 bonum
721 5115 945 5185 aliquod
996 5119 1393 5188 perciperetis,
1441 5130 1587 5178 esset
1639 5124 1838 5194 aliquis
1885 5125 2038 5180 falla-

465 5205 566 5260 cia:
610 5205 790 5262 locus.
840 5209 974 5263 Cum
1031 5218 1211 5264 autem
1271 5211 1432 5267 donis
1480 5213 1618 5269 meis
1664 5215 2034 5285 perfruentes,

539 5388 564 5418 ν’
598 5378 743 5439 Psal.
781 5399 889 5446 nt,
925 5384 1008 5438 l0.
1091 5397 1114 5424 ⁸
1147 5385 1278 5440 ibid.
1311 5387 1392 5440 ll.
1475 5387 1493 5425 ί
1528 5390 1661 5446 ibid.
1699 5393 1783 5446 l5.

2145 4485 2335 4540 τούτου
2369 4483 2661 4556 διαφόρως.

2217 4581 2306 4628 ια’.
2347 4593 2365 4626 ι
2395 4551 2560 4643 Εἰνμῆ
2578 4569 2791 4626 ramea
2811 4571 2982 4633 ἐστιν,
3014 4568 3126 4638 ἄρα
3167 4564 3371 4636 ψευδεῖς
3419 4555 3540 4629 ἦσαν
3575 4551 3646 4643 ἆρ-

2145 4683 2328 4738 χοντες
2351 4667 2408 4717 ὲν
2431 4641 2727 4733 Γαλγάλοις
2757 4663 2803 4693 ⁸⁸
2827 4659 3191 4724 θυσιάζοντες.
3207 4674 3224 4704 ι
3268 4654 3443 4723 Ὑμεῖς
3463 4648 3528 4708 δὲ,

2141 4729 2249 4812 ⁸των
2281 4729 2642 4816 ἀπολαύοντες
2689 4753 2818 4823 παρ’
2847 4750 3004 4822 ἐμοῦ,
3035 4752 3094 4803 ὲν
3144 4745 3346 4802 Γαλαὰδ
3375 4741 3458 4794 καὶ
3484 4729 3646 4831 Γαλγᾷ

2144 4848 2254 4908 λοις
2277 4849 2398 4909 ταῖς
2425 4843 2768 4905 κατειδώλοις
2798 4840 3009 4904 πόλεσι,
3042 4839 3138 4894 σὺν
3175 4837 3285 4898 τοῖς
3325 4832 3524 4902 ἄρχουσι
3563 4833 3645 4909 τοις

2150 4906 2430 5010 ὑμετέροις
2458 4938 2568 4998 τοῖς
2596 4934 2815 5004 δαίμοσι
2840 4932 2939 4995 τὰς
2967 4929 3156 4993 θυσίας
3203 4921 3512 4997 προσφέρετε
3541 4929 3552 4942 ·
3577 4906 3646 5010 καὶ

2149 5005 2337 5099 ταῦτα,
2360 5035 2420 5087 οὐ
2444 5033 2570 5103 παρ’
2600 5029 2800 5094 αὐτῶν,
2822 5027 2957 5082 ἀλλὰ
2981 5025 3110 5096 παρ’
3133 5019 3262 5092 ἐμοῦ
3279 5018 3370 5079 τὰς
3389 5005 3646 5103 εὐεργεσίας
3741 5047 3748 5054 .

2145 5090 2487 5198 δρεπόμενοι.
2525 5090 2596 5177 Ἐἰ
2647 5123 2744 5194 μὲν
2772 5090 2882 5191 γὰρ
2910 5121 2973 5172 ὲκ
2997 5090 3226 5178 Γάλαᾶδ,
3272 5090 3646 5198 τουτέστι,πξρδ¹

2145 5187 2252 5275 τῶν
2307 5187 2562 5282 εἰδώλων,
2611 5187 2816 5285 ἀγαθοῧ
2848 5187 2992 5276 τινος
3028 5205 3338 5268 ἀπελαύετε,
3389 5192 3516 5266 εῖχεν
3563 5187 3644 5255 ἇρ²

1773 5543 2008 5601 \‘ARUE
2047 5543 2447 5601 LECTIONES.

549 5653 597 5685 "
632 5654 759 5711 tice.
793 5657 950 5713 lectio
978 5665 1079 5724 est,
1117 5658 1352 5730 λαλήσω.
1435 5662 1480 5692 ⁸³
1509 5661 1547 5716 (1
1573 5663 1800 5716 Γαλαὰδ.
