3912 6206
274 290 406 355 1621

1565 315 1646 375 IN
1686 314 1877 375 OSEE
1912 316 2073 379 CAP.
2113 322 2286 383 XIII.

3376 331 3538 397 11522”

261 399 386 513 ’ξινᾶ
406 400 647 508 χώρανή
674 405 915 513 ἐξαπάτῃ
932 412 1077 513 ’.ἐπε
1087 414 1169 487 ιδὴ
1211 416 1270 471 δὲ
1296 420 1415 484 ταῖς
1438 422 1599 492 ἐμαῖς
1615 423 1829 496 δωρεαῖς

1947 426 2001 482 in
2046 429 2255 487 Galaad
2295 439 2352 489 et
2400 433 2456 489 in
2495 433 2741 506 Galgalis
2768 434 3063 494 immoletis
3094 438 3282 507 idolis,
3315 441 3514 513 ingrati

267 494 660 565 ἐντρυφῶντες,
694 499 753 553 ἐν
799 501 1011 561 Γαλαὰδ
1054 508 1150 561 καὶ
1202 508 1498 581 Γαλγάλοις
1531 494 1705 570 θύετε
1729 518 1841 584 τοῖς

265 586 800 685 είδώλοις,ᾃκήρυκες
829 595 986 667 ὑμεῖς
1014 599 1228 669 γίνεσθε
1260 605 1360 677 τῆς
1400 608 1610 675 οἰκείας
1648 611 1842 685 ἀχαρι-

265 677 438 770 στίας.
478 698 497 733 ι
534 682 644 736 Καὶ
676 685 745 738 τά
776 684 1132 763 θυσιαστήρια
1157 694 1354 764 αὐτῶν,
1383 697 1460 763 ὡς
1488 677 1720 770 χελῶναι
1745 677 1840 758 ἐπὶ

260 768 458 866 χέρσον
482 773 674 847 άγροῦ.
718 796 737 830 ι
774 778 894 833 Τῶν
917 781 1201 853 άμφιθίων
1229 787 1381 849 ἐστὶν
1404 792 1436 863 ἡ
1462 768 1692 866 χελώνη,
1723 796 1840 853 ἀλλ’

261 862 320 917 ἐν
347 864 446 935 μὲν
463 866 576 928 τοῖς
603 866 760 923 ὖδασι
786 870 1114 947 διαιτωμένη
1148 862 1431 949 διαφεύγει
1453 862 1711 949 πολλάκις
1730 886 1838 943 τῶν

260 952 604 1023 θηρευόντων
649 958 750 1025 τὰς
794 964 982 1034 χεῖρας
1005 980 1018 993 ·
1068 966 1147 1030 είς
1168 966 1223 1021 δὲ
1246 968 1346 1041 τὴν
1372 971 1477 1043 γῆν
1526 973 1835 1044 βαδίζουσα,

258 1046 554 1119 πρόχειρός
610 1050 726 1106 ἐστι
780 1054 876 1109 καὶ
925 1056 1212 1126 εὐάλωτος.
1243 1061 1431 1137 Ταύτῃ
1455 1064 1653 1131 τοίνυν,
1681 1069 1834 1139 φησι,

258 1139 657 1211 παραπλησίως
708 1144 969 1201 εὐάλωτοι
1011 1148 1223 1206 ἔσονται
1268 1153 1319 1207 oi
1358 1157 1490 1228 παρ’
1515 1157 1670 1229 ὑμῶν
1724 1164 1835 1226 τοῖς

255 1229 474 1302 δαίμοσι
505 1236 1042 1304 κατασκευασθέντες
1090 1241 1286 1315 βωμοὶ,
1316 1247 1410 1301 καὶ
1450 1248 1556 1302 ὑπό
1600 1251 1706 1309 τῶν
1739 1269 1837 1307 πο-

255 1319 461 1415 λεμίων
486 1330 1023 1402 κατασκαφήσονται.
1050 1330 1189 1390 Εἶτα·
1224 1337 1385 1393 πάλιν
1411 1340 1508 1412 τῆς
1557 1341 1652 1396 τοῦ
1700 1361 1835 1415 προ-

256 1412 497 1486 πάτορος
524 1417 725 1490 ἀρετῆς
748 1421 1182 1495 ἀναμιμνήσκει.

325 1504 415 1573 ιβ’,
449 1503 537 1574 ιγ’.
573 1523 594 1559 ι
632 1507 743 1561 Καὶ
792 1509 1140 1589 ἀνεχώρησεν
1184 1511 1376 1568 Ἰακὼὸ
1408 1517 1487 1582 είς
1520 1518 1700 1573 πεδίον
1731 1521 1833 1573 Συ-

258 1592 404 1663 ρίας,
434 1595 529 1649 καλ⁵
556 1595 870 1654 ἐδούλευσεν
915 1602 1130 1673 Ἰσραήλ
1156 1603 1215 1655 ἐν
1241 1605 1481 1673 γυναικὶ,
1510 1607 1606 1662 καὶ
1659 1610 1717 1662 ἐν
1741 1626 1836 1679 γυ-

254 1684 407 1785 ναικὶ
456 1686 778 1756 ἐφυλάξατο.
812 1691 920 1744 Καὶ
961 1693 1019 1745 ἐν
1054 1695 1313 1769 προφήτῃ
1342 1696 1585 1769 ἀνήγαγε
1633 1699 1836 1785 Κύριος

251 1772 349 1832 τὸν
376 1776 591 1848 Ἰσραὴλ
608 1779 672 1832 ἐκ
702 1778 808 1850 γῆς
836 1779 1130 1850 Αἰγύπτου,
1158 1784 1250 1839 καὶ
1364 1766 1621 1862 προφήτῃ
1647 1766 1832 1861 meo-
1864 1766 1907 1823 Β

252 1867 485 1940 λάχθη.»
527 1869 584 1923 '0
612 1870 720 1942 γὰρ
746 1871 1012 1944 ὑμέτερος
1038 1875 1322 1946 πρόγονος,
1352 1878 1454 1950 τῆς
1504 1880 1709 1953 μητρὸς
1735 1881 1834 1946 τὰς

250 1957 537 2032 ὑποθήκας
565 1961 881 2034 δεξάμενος,
912 1966 1011 2038 τὴν
1046 1966 1307 2041 πατρῴαν
1328 1970 1585 2043 ἠνέσχετο
1613 1973 1834 2030 καταλι-

249 2054 378 2108 πεῖν
406 2053 605 2119 οἰκίαν,
622 2056 715 2110 καὶ
738 2056 838 2128 τὴν
867 2058 1139 2132 ἀλλοδαπῇ
1166 2061 1266 2131 τῆς
1294 2063 1501 2128 οἰκείας
1529 2066 1828 2137 προείλετο,

249 2144 350 2199 καὶ
380 2146 637 2216 γυναικὸς
660 2150 838 2221 χάριν,
873 2151 960 2206 ἴνα
986 2151 1059 2223 μὴ
1103 2152 1243 2225 λάϐῃ
1274 2155 1606 2222 Χαναναίαν,
1632 2158 1745 2213 ἀλλ’
1768 2159 1833 2211 ἐκ

248 2239 352 2312 τῆς
379 2240 473 2294 τοῦ
507 2240 629 2314 Σήμ
658 2241 999 2312 συγγενείας,
1027 2245 1270 2303 δουλείαν
1297 2247 1609 2319 ἐλευθερίας
1639 2267 1831 2320 προτε-

245 2327 474 2401 τίμηκε,
495 2332 592 2386 καὶ
619 2332 710 2387 τὸν
735 2334 861 2406 περὶ⁸
883 2333 981 2406 τῆς
1012 2334 1273 2403 γυναικὸς
1301 2335 1408 2389 ὑπὸ
1432 2314 1539 2390 τῶν
1578 2314 1830 2407 πατέρων

243 2421 476 2476 τεθέντα
501 2422 788 2492 διεφύλαξε
824 2425 1006 2496 νόμον.
1057 2426 1148 2480 Διὸ
1181 2426 1342 2498 μέχρι
1384 2426 1495 2482 τῶν
1547 2427 1831 2496 ἀπογόνων

243 2512 348 2587 τῆς
403 2515 554 2587 παρὰ
602 2515 696 2569 τοῦ
752 2515 887 2572 Θεοῦ
936 2517 1195 2591 προνοίας
1247 2517 1562 2589 ἀπήλαυσε’
1610 2519 1672 2572 τὸ
1722 2518 1831 2592 γὰρ

245 2604 459 2665 ἐκείνου
481 2605 670 2679 γένος,
718 2607 1037 2678 Αἰγυπτίοις
1088 2607 1360 2662 δουλεύειν
1391 2608 1826 2680 ἠναγκασμένον,

243 2695 334 2751 διὰ
365 2695 459 2751 τοῦ
492 2697 729 2768 μεγάλου
759 2699 1040 2771 προφήτου
1067 2698 1312 2762 Μωσέως
1359 2697 1460 2767 τῆς
1518 2698 1830 2771 ἐλευθερίας

243 2786 483 2857 ἠξίωσεν
503 2787 531 2841 ό
554 2788 687 2853 Θεός
708 2802 724 2820 ο
762 2789 856 2845 καὶ
889 2789 1073 2860 μέντοι
1098 2789 1195 2847 καὶ
1221 2789 1314 2843 ἐπὶ
1342 2792 1439 2861 τῆς
1468 2789 1679 2863 ἐρήμου
1732 2807 1829 2860 γε-

241 2875 492 2946 νόμενον,
513 2876 793 2949 άλώδητον
818 2878 1127 2949 διετήρησε,
1158 2876 1235 2949 τῷ
1265 2877 1413 2950 αύτῷ
1440 2880 1694 2953 προφήτῃ
1714 2880 1829 2934 δια-

244 2965 392 3037 κόνῳ
416 2969 781 3041 χρησάμενος.

318 3055 461 3156 ξδ’.)
498 3057 780 3156 ’ξθύμωσέ
835 3078 902 3132 με
940 3061 986 3095 ⁸⁸
1041 3063 1285 3134 Ἐφραίμ
1341 3065 1435 3117 καὶ
1484 3063 1822 3137 παρὼργισε,
1851 3095 1894 3156 c

242 3143 344 3199 καὶ
389 3145 453 3200 τὸ
504 3143 643 3221 αἷμα
685 3150 851 3213 αὐτοῦ
879 3152 967 3205 ἐπ’
998 3152 1160 3215 αὐτὸν
1182 3153 1568 3224 ἐκχυθήσεται,
1610 3154 1705 3219 καὶ
1734 3156 1825 3209 τὸν

117 3276 123 3281 .
239 3233 552 3310 ὀνειδισμὸν
598 3239 763 3295 αὐτοῦ
814 3242 1186 3305 άνταποδιῦσει
1245 3243 1395 3316 αὐτῷ
1431 3244 1637 3317 Κύριος
1685 3246 1828 3300 κατὰ

239 3327 339 3383 τὸν
365 3327 524 3399 λόγον
558 3330 799 3404 Ἐφραῖμ
827 3330 896 3387 ⁸⁸.
933 3352 952 3387 ι
988 3327 1156 3399 Οὗτος
1201 3334 1279 3397 δέ,
1307 3335 1494 3406 φησὶν,
1530 3335 1590 3401 ἐξ
1617 3337 1824 3391 ἐκείνου

243 3419 508 3489 κατάγων
530 3422 592 3476 τὸ
616 3422 793 3492 γένος,
819 3426 900 3489 είς
930 3427 1100 3498 ὀργήν
1129 3443 1197 3496 με
1242 3430 1550 3499 παρακινεῖ,
1580 3446 1827 3500 παρανο-

245 3509 351 3583 μίᾳ
380 3512 530 3585 πάσῃ
560 3514 736 3580 συζῶν
758 3531 772 3546 ·
806 3516 942 3570 ἀλλὰ
972 3517 1079 3570 τῶν
1104 3518 1235 3589 παρ’
1255 3518 1420 3572 αὑτοῦ
1453 3520 1825 3591 σπειρομένων

239 3600 361 3674 άμή
371 3620 454 3657 σει
474 3604 541 3658 τὰ
561 3604 870 3677 δράγματα,
890 3605 1187 3674 ἀναλόγους
1203 3600 1278 3660 ὧν
1305 3608 1529 3679 δέδρακε
1554 3610 1648 3674 τὰς
1670 3611 1824 3675 δίκας

242 3694 638 3767 πραττόμενος.

765 3791 1162 3846 ΚΕΦᾹΛΑΙΟΝ
1208 3792 1305 3845 ΙΓ’.

316 3878 570 3949 nemo»;
597 3881 705 3954 γὰρ
736 3881 868 3952 παρ’
896 3881 1031 3954 ἐμοῦ
1073 3881 1416 3954 δικαιώματα
1470 3886 1562 3938 καὶ
1605 3886 1819 3954 νόμους,

240 3969 370 4024 καθ’
397 3969 492 4034 οὓς
520 3974 794 4043 προσῆκεν
825 3972 987 4028 αὐτὸν
1018 3973 1419 4041 πολιτεύεσθαι,
1471 3975 1568 4041 τὰς
1598 3976 1703 4030 τῶν
1747 3981 1823 4033 εί-

238 4060 430 4116 δὼλων
459 4064 803 4136 παρανομίας
843 4064 958 4118 ἀντ’
978 4065 1203 4119 ἐκείνων
1246 4065 1533 4137 ἠγάπησεν
1552 4085 1565 4098 ·
1593 4069 1722 4138 παρ’
1749 4061 1824 4122 ὧν

241 4154 367 4208 ἀντὶ
417 4152 562 4225 ζωῆς
614 4155 877 4229 ἐδρέψατο
920 4155 1171 4212 θάνατον.
1206 4157 1438 4223 Αὕξουσι
1468 4159 1522 4229 δὲ
1566 4159 1663 4228 τὴν
1695 4161 1822 4213 ἀσέ-

242 4244 400 4301 ϐειαν
432 4247 551 4301 καθ’
576 4247 831 4320 ἑκάστην,
863 4249 939 4312 ὡς
970 4249 1101 4313 ἐπος
1129 4252 1322 4314 εἰπεῖν,
1340 4251 1574 4323 ἡμέραν,
1598 4253 1662 4305 ἐκ
1689 4269 1824 4323 χρυ-

242 4338 342 4394 σοῦ
381 4340 478 4395 καὶ
505 4340 752 4417 ἀργύρου
798 4342 1203 4412 τεκταινόμενοι
1255 4342 1408 4408 ζώων
1444 4343 1716 4415 διαφόρων
1750 4345 1825 4398 ίν-

1941 521 2113 578 animi
2157 524 2332 580 vestri
2376 528 2752 598 vosmetipsos
2798 544 3081 598 prcccones
3115 532 3350 591 eilicitis.
3393 555 3412 587 ι
3449 537 3518 592 Ει

1938 615 2138 675 altaria
2191 631 2383 674 eorum
2432 620 2593 689 quasi
2659 622 2969 681 testudines
3019 639 3184 694 super
3235 625 3514 687 desertum

1939 707 2079 779 agri.
2120 726 2145 765 ι
2192 706 2234 764 E
2278 724 2477 781 genere
2509 713 2918 784 amphibiorum
2957 725 3045 771 est
3078 719 3301 775 testudo
3347 737 3362 773 :
3418 722 3514 777 sed

1939 810 2068 853 cum
2104 798 2162 854 in
2196 799 2359 870 aquis
2389 799 2581 872 degit,
2618 818 2762 875 saepe
2790 819 2854 860 ex
2880 805 3137 865 manibus
3178 808 3530 877 piscatorum-

1938 889 2128 962 eli‘ugit
2160 913 2173 948 :
2206 892 2262 947 in
2292 900 2497 949 terram
2523 909 2656 951 vero
2686 896 2817 953 dum
2853 898 3023 963 venit,
3054 898 3242 958 subito
3265 905 3318 957 et
3358 897 3516 959 facile

1939 983 2177 1053 capitur.
2207 983 2291 1045 Ad
2320 986 2573 1043 eumdem
2600 1003 2734 1060 ergo
2759 988 3006 1055 modum,
3038 991 3191 1047 nullo
3213 989 3405 1048 labore
3429 1005 3516 1046 ca-

1938 1074 2164 1144 pientur
2192 1076 2391 1133 altaria
2415 1118 2431 1145 ,
2460 1094 2585 1149 quae
2609 1079 2957 1137 daemonibus
2988 1081 3327 1146 tediﬁcastis.
3362 1089 3419 1138 et
3443 1083 3513 1143 ab

1938 1165 2192 1223 hostibus
2218 1177 2565 1226 evertentur.
2603 1169 2744 1225 Tum
2778 1187 2972 1229 rursus
3001 1174 3366 1244 progenitoris
3394 1174 3509 1229 vir-

1940 1265 2111 1317 tutem
2143 1269 2561 1337 commemorat.
3216 1286 3221 1291 ·

2015 1518 2178 1576 Vens.
2211 1521 2297 1587 12,
2328 1523 2413 1579 l5.
2453 1543 2472 1576 ι
2502 1524 2564 1578 Ει
2598 1524 2827 1595 recessit
2852 1524 3020 1582 Iacob
3048 1524 3103 1581 in
3133 1540 3390 1597 campum
3421 1525 3521 1599 Sy.

1937 1615 2031 1669 riae
2054 1653 2069 1677 ,
2110 1621 2165 1671 et
2200 1615 2426 1671 servivit
2460 1614 2627 1675 Israel
2676 1616 2747 1672 ob
2787 1631 3012 1675 uxorem
3034 1655 3050 1682 ,
3092 1625 3149 1673 et
3181 1617 3251 1675 ub
3285 1633 3511 1673 uxorem

1937 1704 2236 1763 custodivit
2262 1704 2550 1776 (gregem).
2590 1705 2653 1761 Et
2676 1722 2774 1778 per
2808 1706 3133 1779 prophetam
3170 1708 3361 1765 eduxit
3403 1706 3515 1762 Do-

1938 1794 2123 1853 minus
2160 1797 2423 1873 israelem
2452 1812 2517 1855 ex
2546 1796 2821 1870 Egypto,
2870 1797 3080 1881 1371
3128 1808 3184 1855 et
3229 1815 3330 1871 per
3383 1816 3512 1870 pro-

1936 1885 2153 1956 phetam
2181 1896 2433 1947 servatus
2463 1895 2567 1949 est.
2604 1908 2623 1941 ι
2657 1887 2905 1951 Proavus
2950 1890 3096 1949 enim
3142 1898 3322 1947 vester
3345 1930 3361 1953 ,
3394 1905 3509 1947 ma-

1936 1978 2041 2034 tris
2075 1978 2372 2035 consilium
2419 1988 2688 2045 secutus,
2737 1980 2962 2037 domum
3011 1987 3294 2049 paternam
3344 1981 3514 2036 relin—

1933 2083 2104 2137 quere
2153 2086 2263 2124 non
2299 2069 2535 2134 abnuit,
2583 2076 2750 2141 atque
2779 2078 3026 2126 exteram
3068 2070 3349 2140 regionem
3397 2087 3515 2126 suae

1934 2161 2231 2227 antetulit,
2281 2169 2337 2217 et
2384 2163 2609 2232 quidem
2662 2162 2857 2219 uxoris
2905 2164 3120 2234 gratia,
3170 2179 3238 2220 ne
3285 2164 3515 2219 duceret

1931 2247 2318 2319 Chananmam,
2349 2249 2445 2306 sed
2475 2266 2544 2305 ex
2570 2265 2769 2322 genere
2790 2251 2962 2327 Semi,
2996 2252 3314 2319 servitutem
3348 2253 3511 2307 Iiber-

1934 2338 2030 2391 tati
2064 2338 2412 2407 anteposuit,
2454 2338 2741 2410 legemque
2789 2339 2856 2395 de
2890 2341 3155 2396 uxoribus
3194 2357 3224 2395 ιι
3259 2342 3517 2412 patribus

1933 2428 2099 2483 tatam
2157 2429 2417 2485 servavit.
2470 2428 2844 2497 Quamobrem
2901 2446 3074 2501 usque
3130 2430 3197 2486 ad
3254 2413 3511 2502 posTcros

1932 2531 2065 2573 suos
2110 2518 2292 2571 divina
2325 2519 2670 2590 providentia
2721 2520 2930 2590 potitus
2982 2528 3092 2577 est.
3134 2520 3323 2579 Genus
3359 2522 3509 2577 enim

1932 2606 2127 2672 illius,
2152 2608 2207 2662 in
2244 2608 2632 2681 {Egyptiorum
2680 2611 3003 2675 servitutem
3039 2612 3321 2666 redactum
3354 2652 3369 2675 ,
3411 2628 3509 2682 per

1922 2711 2189 2779 magnum
2224 2699 2549 2773 prophetam
2579 2698 2765 2757 Mosen
2800 2699 3052 2756 liberavit
3078 2700 3250 2769 Deus,
3291 2713 3345 2757 et
3379 2718 3505 2758 cum

1930 2785 1984 2839 in
2010 2788 2231 2844 deserto
2261 2796 2599 2854 versaretur,
2633 2790 2864 2845 illaesum
2904 2789 3221 2859 custodivit,
3254 2790 3512 2864 ejusdem.

1929 2879 2209 2955 propheta:
2242 2880 2573 2939 ministerio.

2002 3053 2168 3114 Vens.
2198 3056 2287 3113 id.
2324 3072 2343 3108 ι
2370 3055 2649 3127 Indignari
2681 3068 2769 3109 me
2794 3052 2948 3121 fecit,
2976 3062 3029 3109 et
3057 3052 3124 3109 ad
3159 3052 3501 3108 iracundiam

1927 3151 2248 3221 provocavit
2278 3147 2541 3223 Ephraim
2562 3188 2578 3214 ,
2614 3155 2668 3215 et
2700 3146 2931 3218 sanguis
2964 3148 3084 3218 ejus
3112 3162 3279 3219 super
3322 3148 3502 3218 ipsum

1926 3240 2235 3296 edundetur
2273 3260 2286 3300 :
2322 3248 2375 3296 et
2398 3240 2757 3311 opprobrium
2788 3240 2937 3297 illius
2965 3228 3217 3313 restituet
3241 3240 3289 3294 ei
3322 3237 3504 3293 Domi-

1928 3349 2032 3389 nus
2055 3335 2215 3404 juxta
2239 3347 2549 3389 sermonem
2586 3331 2888 3403 Ephraimi.
2923 3351 2943 3384 ι
2980 3330 3082 3387 Hic
3111 3346 3267 3398 vero,
3302 3330 3501 3397 inquit,

1927 3442 1993 3483 ex
2021 3427 2118 3481 illo
2144 3441 2317 3498 genus
2343 3427 2578 3492 ducens,
2609 3425 2676 3479 ad
2706 3425 2844 3480 iram
2876 3438 2961 3487 me
2991 3432 3322 3486 commovet,
3355 3422 3504 3493 quod

1928 3518 1983 3573 in
2015 3518 2162 3574 omni
2191 3533 2391 3590 genere
2420 3518 2678 3573 vitiorum
2707 3523 2960 3572 versetur
2985 3531 2998 3568 :
3036 3515 3130 3571 sed
3167 3531 3357 3570 eorum
3382 3529 3503 3584 qum

1928 3609 2326 3675 seminaverit,
2370 3610 2684 3680 manipulos
2738 3614 2943 3672 metet,
2995 3606 3297 3681 dignasque
3344 3604 3503 3660 factis

1927 3702 2045 3757 suis
2077 3716 2270 3773 poenas
2298 3702 2586 3771 persolvet.

2509 3790 2742 3849 CAPUT
2771 3791 2916 3847 XIII.

1996 3886 2075 3959 [1,
2105 3885 2163 3959 2]
2190 3887 2327 3943 Cum
2358 3886 2504 3942 enim
2545 3900 2575 3941 a
2618 3902 2703 3949 me
2737 3886 3045 3957 accepisset
3072 3883 3502 3956 iustiﬁcationes

1924 3985 1980 4033 et
2022 3979 2205 4049 leges,
2252 3976 2555 4034 secundum
2590 3991 2729 4048 quas
2756 3976 2926 4031 vitam
2961 3975 3105 4047 exigi
3142 3981 3500 4045 oportuerat,

1926 4067 2200 4124 idolorum
2256 4073 2272 4092 '
2320 4067 2644 4139 iniquitates
2686 4080 2787 4138 pro
2822 4065 2935 4139 illis
2970 4064 3257 4136 amplexus
3294 4072 3379 4119 est
3411 4103 3427 4128 ,
3470 4078 3500 4116 a

1925 4159 2128 4230 quibus
2167 4172 2269 4230 pro
2311 4159 2419 4213 vita
2468 4165 2698 4212 mortem
2730 4155 2966 4227 accepit.
2994 4153 3113 4208 Jam
3145 4168 3274 4208 vero
3307 4154 3499 4220 impie-

1925 4256 2094 4302 tatem
2136 4247 2189 4301 in
2237 4247 2357 4301 dies
2404 4244 2807 4316 propemodum
2862 4251 3107 4314 augent,
3154 4256 3222 4296 ex
3272 4255 3409 4295 auro
3446 4248 3502 4294 et

1925 4345 2157 4408 argento
2203 4336 2542 4392 fabricantes
2582 4336 2928 4390 diversorum
2968 4333 3287 4387 animalium
3328 4332 3502 4385 simu-

238 4430 524 4503 δάλματα,
579 4433 673 4487 καὶ
718 4434 1117 4507 χειροποιήτοις
1163 4434 1400 4499 είδώλοις
1446 4434 1822 4507 λατρεύοντες.

1937 4432 2075 4485 lacra
2094 4471 2110 4497 ,
2142 4436 2196 4483 et
2226 4425 2561 4483 manuiactis
2590 4425 2756 4482 idolis
2785 4424 3112 4481 servientes.
3141 4422 3319 4476 Tanta
3350 4421 3500 4476 enim

238 4522 499 4594 Τοσούτῳ
527 4524 633 4597 γάρ
670 4524 871 4597 οἴστρῳ
898 4526 1027 4598 περὶ
1069 4525 1243 4580 ταῦτα
1274 4526 1609 4596 κατέχονται,
1641 4525 1715 4591 ὡς
1741 4526 1820 4599 τῷ

238 4614 441 4686 πλήθει
466 4615 573 4669 τῶν
597 4616 807 4687 ἱερείων
833 4619 1105 4671 ἐπιλιπεῖν
1129 4617 1235 4671 τῶν
1262 4616 1519 4688 θυμάτων
1546 4617 1606 4671 τὸ
1636 4618 1817 4687 γένος,

237 4706 336 4761 καὶ
360 4704 630 4778 τολμῆσαι
661 4704 860 4770 αὐτοὺς
887 4708 1063 4761 εἰπεῖν
1082 4721 1098 4737 ’

319 4816 338 4849 ι
366 4795 580 4851 Θύσατε
629 4797 984 4870 ἀνθρώπους·
1043 4798 1235 4870 μόσχοι
1293 4800 1403 4873 γὰρ
1451 4800 1814 4857 ἐκλελοίπασι.

237 4889 359 4960 (Υ.)
390 4889 490 4944 Διὰ
530 4879 688 4944 τοῦτο
740 4890 951 4945 ἔσονται
996 4891 1071 4955 ὡς
1116 4892 1312 4964 νεφέλη
1356 4891 1589 4963 πρωῖνὴ,
1624 4892 1716 4946 καὶ
1744 4892 1819 4958 ὡς

211 4980 429 5052 ,δρόσος
449 4980 673 5054 ὀρθρινὴ
699 4981 1060 5053 πορευομένη,
1088 4982 1181 5036 καὶ
1229 4982 1304 5046 ὡς
1329 4981 1373 5014 ⁸⁷
1404 4981 1562 5054 χνοῦς
1604 4984 1811 5054 ἀποφυ-

236 5072 487 5144 σώμενος
508 5072 552 5105 ⁸³
574 5072 794 5127 λαίλαπι
822 5072 929 5126 ἀπὸ
959 5072 1183 5140 ἅλωνος,
1216 5073 1311 5126 καὶ
1340 5072 1416 5138 ὡς
1444 5074 1610 5146 ἀτμὶς
1637 5075 1682 5107 ⁸⁸
1709 5074 1818 5129 ἀπὸ

238 5164 481 5236 ἀκρίδων
520 5165 588 5221 ⁹⁶.
630 5184 648 5216 ι
702 5164 921 5234 Ταύτης
960 5164 1156 5228 ἕνεκα,
1188 5165 1356 5235 φησὶ,
1404 5165 1501 5235 τῆς
1533 5165 1810 5231 ἀσεϐείας,

1924 4520 2141 4576 insania
2194 4518 2252 4573 in
2305 4517 2420 4572 haec
2462 4516 2715 4573 feruntur
2738 4555 2753 4581 ,
2789 4521 2848 4571 ut
2876 4528 2987 4586 prae
3020 4512 3377 4568 multitudine
3406 4524 3498 4565 sa-

1922 4611 2258 4667 criﬁciorum
2298 4609 2509 4681 1372
2538 4606 2798 4665 deﬁciant
2822 4607 3090 4671 victimar,
3120 4604 3194 4659 ita
3225 4612 3284 4663 ut
3316 4603 3500 4658 dicere

1922 4718 2033 4758 non
2063 4710 2361 4757 vereantur
2395 4719 2408 4755 ε

1999 4813 2019 4846 ι
2060 4792 2345 4849 Immolate
2393 4793 2693 4860 homines,
2741 4791 2899 4848 vituli
2949 4791 3097 4847 enim
3155 4788 3496 4845 defecerunt.

1923 4886 2115 4959 (Vens.
2150 4885 2206 4957 '5)
2265 4884 2475 4941 Idcirco
2526 4891 2691 4941 erunt
2715 4883 2874 4954 quasi
2912 4883 3089 4939 nubes
3121 4882 3415 4944 matutina,
3444 4887 3501 4937 et

1925 4981 2071 5037 sicut
2102 4995 2194 5035 ros
2231 4978 2542 5034 matutinus
2571 4976 2954 5048 pertransiens
2977 5014 2995 5042 ,
3038 4981 3092 5031 et
3131 4975 3274 5029 sicut
3316 4974 3504 5043 pulvis

1926 5072 2146 5127 turbine
2172 5071 2496 5127 exsuﬂlatus
2542 5084 2611 5124 ex
2646 5082 2772 5124 area
2795 5106 2811 5133 ,
2858 5075 2912 5123 et
2941 5068 3085 5124 sicut
3116 5083 3289 5139 vapor
3311 5067 3380 5122 de
3416 5066 3500 5121 lo-

1921 5166 2119 5222 custis.
2159 5184 2176 5215 ι
2201 5163 2436 5234 Propter
2463 5163 2605 5219 hanc
2631 5204 2645 5229 ,
2682 5163 2880 5233 inquit,
2913 5164 3275 5233 impietatem,
3307 5161 3495 5218 hostili

1527 5340 1764 5396 V’ARIIE
1798 5341 2205 5398 LECTIONES.

289 5435 337 5505 ἐξ
360 5431 670 5505 μέέοιῐιὶιιί
707 5431 846 5505 solet
881 5431 943 5505 in
979 5439 1127 5505 testu
1150 5432 1259 5505 τῷν
1294 5435 1369 5485 0'.
1406 5432 1502 5505 ff
1528 5433 1671 5505 κατά
1690 5450 1742 5488 τ.
1766 5434 1816 5488 λ.
1862 5434 2017 5505 Ἐφρ.
2047 5432 2170 5489 Haec
2201 5434 2266 5505 ad
2290 5450 2347 5505 Ac.
2384 5434 2787 5505 Mll‘peflinelll
2813 5434 2968 5503 juxta
3023 5431 3188 5505 Hebr.
3231 5437 3285 5483 et
3311 5425 3488 5505 ΔζιΧ-ὶς.

237 5495 657 5575 ’νώτωηιευεη
680 5501 844 5556 estin
873 5501 936 5555 ο.
1011 5501 1057 5535 ⁸⁸
1084 5503 1360 5575 XII-emcr-
1393 5501 1609 5575 6,120":
1651 5495 2081 5575 ἀποφυεωὲιένηι
2158 5495 2557 5575 “ild-,&196%.
2603 5495 3223 5575 εοηιηέιίθεβοάίρεετ
3300 5497 3364 5575 .’.°.
3410 5495 3490 5549 “-

240 5572 495 5644 ἀκρίδος,
527 5572 807 5644 sellaque
855 5579 1045 5626 contra

1133 5565 1393 5627 ebneum.
1428 5565 1736 5628 Lectionem
1767 5565 1876 5627 ἆπδ
1901 5565 2139 5642 ἀκρίδων
2178 5572 2413 5629 Grabius
2437 5565 2765 5628 auctoritate
2795 5569 3229 5642 Theodoretiuet
3300 5565 3493 5642 liiero-

244 5634 405 5714 nyini
540 5634 852 5714 editio-nem
895 5656 1048 5697 suam
1081 5643 1306 5714 recepit,
1335 5648 1517 5713 Spreta
1552 5642 1783 5698 lectione
1821 5642 1947 5697 cod.
1979 5634 2135 5699 Alex.
2173 5644 2236 5696 ἐκ
2262 5644 2619 5714 καπνοδόκης,
2651 5659 2681 5698 a
2736 5657 2842 5713 qua
2874 5655 3059 5711 parum
3114 5635 3293 5690 diﬂ'ct‘l
3330 5634 3496 5690 ιθυιῖυ

242 5711 431 5785 Cyrilli
456 5713 565 5768 ἀπὸ
588 5711 941 5781 καπνοδόκης.
