3912 6206
458 319 595 386 1623

1438 326 1922 389 THEODORETI
1947 325 2287 387 EPISCOPI
2307 330 2675 391 CYRENSIS

3564 332 3581 392 l
3593 334 3683 398 £24

456 434 664 504 impetu
709 430 961 492 funditus
1007 430 1133 488 illos
1180 435 1423 503 perdam.
1465 436 1622 491 Sicut
1657 437 1802 492 enim
1850 453 2028 493 rorem

2148 438 2398 508 ρρούδους
2445 441 2642 504 αὐτοὺς
2677 443 2889 510 ποιήσω
2940 446 3005 514 τῇ
3043 442 3153 498 τῶν
3209 444 3476 515 πολεμίων
3509 445 3680 516 ἐφόδῳ.

454 527 807 591 matutinum,
840 532 896 580 et
931 525 1132 580 nubem
1163 541 1286 596 quae
1322 536 1454 583 tunc
1491 537 1740 599 apparet,
1771 529 2028 585 exoriens

458 622 540 678 sol
595 619 757 674 facile
795 617 1034 672 absumit
1079 627 1133 673 et
1172 619 1428 676 celeriter
1456 619 1736 692 dissipat,
1786 630 1844 678 et
1884 623 2029 677 sicut

2134 529 2400 601 Καθάπερ
2435 532 2542 604 γάρ
2562 532 2661 604 τὴν
2692 533 2919 607 ἑωθινὴν
2940 535 3150 606 δρόσον,
3174 536 3268 590 καὶ
3295 535 3391 606 τὴν
3411 537 3544 590 κατά
3572 539 3680 592 τοῦ-

2131 638 2224 675 τον
2275 623 2364 676 τδν
2421 624 2612 696 καιρὸν
2663 626 3091 698 ἐπιφαινομένην
3142 628 3396 699 νεφέλην,
3422 629 3679 700 ἀνίσχωνὸ

458 723 602 764 areae
647 707 930 778 pulverem
993 707 1290 763 vehemens
1336 719 1535 765 ventus
1598 711 1751 765 nullo
1807 713 2030 782 negotio

2148 713 2282 784 ιλλιος
2326 715 2424 786 τὴν
2471 717 2569 786 μὲν
2605 716 2820 788 δαπανᾷ
2861 719 3079 792 ῥαδίως,
3105 720 3204 790 τὴν
3251 720 3308 773 δέ
3360 721 3680 776 σκεδάννυσιν

451 798 724 862 discutit,
744 811 1114 868 vaporemque
1145 798 1198 853 in
1232 813 1358 855 aere
1385 802 1684 857 excitatum
1716 818 1848 874 grex
1873 803 2030 858 locu-

459 899 670 944 starum
712 887 1016 944 adveniens
1057 888 1314 945 dissolvit
1345 906 1358 941 :
1403 891 1482 945 sic
1516 907 1614 948 vos
1640 893 1880 948 hostium
1914 909 2031 947 ma-

455 996 564 1036 nus
594 978 819 1050 perdet,
853 987 910 1034 ct
936 989 1138 1034 terram
1179 995 1299 1051 qum
1336 997 1484 1036 nunc
1513 997 1542 1037 a
1569 983 1726 1039 vobis
1756 981 2032 1039 inhabita-

451 1081 565 1142 tur,
597 1073 870 1130 desertam
896 1071 1106 1129 reddet.

529 1259 775 1317 Vens].
825 1279 845 1313 ι
880 1263 994 1333 Ego
1034 1261 1178 1316 enim
1227 1277 1348 1318 sum
1391 1262 1654 1320 Dominus
1687 1263 1831 1321 Deus
1862 1275 2032 1329 tuus;

454 1351 681 1406 firmans
721 1351 960 1414 caelum,
995 1359 1049 1406 et
1089 1365 1288 1407 creans
1331 1360 1532 1406 terram
1563 1392 1577 1415 ,
1631 1352 1790 1424 cujus
1834 1368 2033 1410 manus

454 1441 771 1498 formarunt
799 1457 1018 1498 omnem
1061 1443 1368 1498 exercitum
1401 1444 1551 1499 coali.
1588 1465 1605 1496 ι
1626 1443 1741 1500 Hoc
1773 1454 1857 1500 est
1883 1463 1897 1499 :
1926 1445 2029 1512 Qui

455 1534 654 1590 caelum
711 1539 766 1589 et
815 1540 1019 1588 terram
1069 1550 1179 1588 non
1235 1534 1421 1589 creavi
1473 1535 1676 1598 modo,
1731 1536 1826 1590 sed
1866 1537 2032 1589 etiam

455 1623 681 1694 perfeci,
713 1632 774 1678 ut
803 1623 1040 1680 stabilia
1063 1625 1378 1682 diutissime
1422 1635 1814 1697 permaneant;
1849 1643 1951 1698 ego
1981 1635 2035 1682 ct

455 1730 673 1771 omnem
704 1715 1008 1771 exercitum
1049 1717 1176 1772 οωιί
1227 1716 1508 1788 produxi‘,
1561 1734 1659 1774 seu
1714 1719 1986 1775 visibilem
2015 1761 2031 1786 ,

457 1824 552 1864 seu
584 1808 919 1864 invisibilem
947 1850 962 1876 ,
995 1809 1111 1864 sive
1141 1811 1457 1880 superiores
1492 1813 1726 1867 virtutes
1775 1821 2034 1868 naturas-

457 1917 563 1972 que
609 1900 1012 1959 intellectuales
1039 1944 1053 1970 ,
1099 1910 1214 1957 tum
1271 1904 1555 1960 stellarum
1591 1905 2034 1974 multitudinem,

458 2011 566 2049 una
599 2010 724 2050 cum
756 1995 874 2053 sole
901 2003 959 2052 et
994 1996 1147 2063 luna,
1181 1999 1394 2067 magnis
1426 1997 1822 2054 luminarihus.

531 2199 550 2231 ι
590 2181 657 2235 Ει
690 2195 799 2236 non
831 2181 1050 2238 ostendi
1081 2196 1143 2237 ea
1185 2181 1285 2237 tibi
1348 2191 1408 2238 ut
1440 2183 1756 2239 ambulares
1786 2195 1912 2255 post
1948 2199 2032 2239 ea.

457 2272 644 2342 (Vens.
665 2273 744 2344 5.)
774 2272 839 2327 Et
865 2288 966 2344 ego
992 2272 1157 2328 eduxi
1189 2282 1244 2328 te
1270 2288 1300 2329 e
1326 2282 1471 2330 terra
1497 2273 1717 2346 Egypti
1745 2293 1759 2329 :
1791 2285 1846 2331 et
1868 2275 2036 2332 Deum

458 2373 653 2433 prater
702 2379 789 2420 me
834 2378 944 2418 non
991 2379 1330 2434 cognosces,
1387 2373 1443 2421 εἴ
1490 2365 1736 2421 salvator
1789 2382 1901 2422 non
1952 2378 2039 2423 851,

454 2455 668 2527 absque
707 2470 813 2510 me.
846 2473 866 2508 ι
913 2453 1124 2526 1373
1173 2454 1310 2510 Cum
1359 2455 1505 2510 enim
1541 2456 1776 2512 liberato
1803 2456 1900 2512 tibi
1931 2497 1946 2521 ,
1984 2465 2040 2511 et

455 2544 656 2603 educto
679 2563 745 2602 ex
767 2546 1026 2618 Egypto,
1056 2548 1205 2617 leges
1233 2548 1442 2614 darem,
1465 2549 1750 2613 admonui,
1780 2563 1849 2604 ne
1877 2564 2037 2619 quem

455 2639 624 2693 alium
674 2647 877 2708 praeter
929 2654 1015 2693 me
1063 2637 1233 2693 Deum
1285 2654 1642 2710 agnosceres.
1691 2639 1826 2694 Nam
1882 2639 2037 2695 dixi:

463 2747 480 2779 ι
519 2726 640 2783 Non
667 2727 842 2784 facies
876 2727 1044 2783 ullius
1086 2728 1164 2783 rei
1198 2728 1628 2785 similitudinem
1650 2771 1664 2796 ,
1707 2745 1897 2786 eorum
1922 2745 2044 2801 quae

457 2828 587 2874 sunt
621 2820 676 2874 in
707 2821 850 2875 caelo
881 2835 1101 2876 sursum
1128 2859 1144 2886 ,
1190 2831 1244 2877 et
1283 2837 1406 2891 quae
1446 2822 1502 2877 in
1548 2831 1696 2878 terra
1741 2822 2000 2878 deorsum
2026 2861 2041 2887 ,

457 2925 558 2965 nec
596 2925 785 2966 eorum
821 2925 944 2981 qua:
981 2919 1113 2966 sunt
1154 2911 1212 2966 in
1256 2911 1418 2982 aquis
1457 2913 1565 2968 sub
1596 2921 1742 2968 terra
1771 2925 1822 2967 ιι.
1863 2932 1882 2965 ι
1922 2912 2043 2968 Non

457 3006 638 3061 solum
668 3013 848 3061 autem
877 3015 929 3061 te
960 3021 990 3062 a
1021 3007 1159 3063 dura
1193 3007 1576 3081 Aigyptiorum
1612 3009 1885 3066 servitute
1916 3009 2052 3066 libe-

457 3095 600 3162 ravi,
633 3096 728 3150 ‘sed
761 3097 928 3152 etiam

533 3205 552 3238 ο
609 3186 667 3242 ln
736 3187 960 3244 deserto
1019 3189 1142 3260 pavi
1199 3199 1272 3256 te,
1330 3191 1385 3245 in
1447 3196 1594 3246 terra
1661 3189 2036 3247 inbabitabili.

459 3287 644 3356 (Vens.
673 3285 750 3357 6.)
782 3285 948 3341 Juxta
989 3301 1194 3358 pascua
1233 3302 1450 3342 eorum.
1508 3306 1529 3341 ι
1583 3285 1699 3342 Hoc
1744 3295 1851 3352 est,
1902 3302 2041 3358 pra:-

459 3379 596 3434 hens
646 3377 715 3432 ad
760 3394 896 3435 usus
939 3379 1038 3434 tibi
1095 3379 1466 3443 necessarios,
1515 3393 1715 3433 manna
1767 3393 1831 3434 ex
1877 3378 2037 3441 cmlo,

459 3469 772 3526 coturnices
815 3486 882 3524 ex
916 3469 1080 3534 mari,
1117 3484 1316 3539 aquam
1365 3485 1433 3526 ex
1487 3477 1664 3539 petra.
1701 3467 1821 3524 Non
1871 3471 2038 3532 enim,

460 3562 608 3616 velut.
646 3561 702 3616 in
747 3562 868 3618 loco
925 3561 1148 3618 deserto
1174 3562 1445 3628 viventes,
1488 3561 1823 3618 necessariis
1873 3563 2042 3618 rebus

463 3663 752 3724 eguerunt,
805 3655 900 3710 sed
941 3674 958 3707 ι
988 3655 1070 3710 Ad
1116 3656 1465 3711 saturitatem
1524 3654 1725 3725 expleti
1786 3664 1936 3720 sunt,
1987 3661 2043 3710 et

457 3745 584 3799 elati
638 3754 767 3800 sunt
821 3745 1085 3803 cordibus
1139 3747 1275 3802 suis.
1342 3745 1640 3816 Propterea
1703 3747 1862 3801 obliti
1912 3759 2044 3802 sunt

460 3835 586 3890 mei.
644 3854 664 3886 ι
724 3834 843 3890 Non
889 3837 1184 3893 dissimilia
1233 3837 1300 3892 de
1342 3837 1450 3892 illis
1507 3840 1524 3860 ⁶
1581 3837 1774 3893 beatus
1824 3853 2044 3908 quoque

460 3923 638 3981 Moses
671 3925 748 3979 ait
781 3945 794 3980 :
837 3943 856 3977 ι
899 3925 962 3981 Et
997 3926 1238 3982 comedit
1284 3924 1477 3991 Jacob,
1523 3932 1579 3980 et
1630 3926 1876 3997 repletus
1905 3933 1991 3980 est
2025 3945 2037 3980 :

461 4023 514 4070 et
543 4015 906 4072 recalcitravit
945 4016 1181 4088 dilectus
1210 4034 1222 4070 :
1262 4019 1623 4081 incrassatus,
1645 4017 2038 4088 impinguatus,

376 4131 380 4134 ν
471 4108 734 4166 dilatatus
757 4119 860 4174 est,
883 4117 938 4165 et
966 4109 1260 4181 dereliquit
1283 4110 1450 4164 Deum
1477 4108 1736 4164 factorem
1762 4125 1922 4164 suum
1945 4117 1994 4164 ν.
2017 4129 2036 4162 i

466 4202 632 4273 Atqui
683 4218 794 4258 non
823 4203 1000 4258 sinam
1045 4219 1193 4267 eum,
1249 4201 1449 4272 inquit,
1511 4215 1619 4256 non
1687 4201 2036 4272 castigatum.

459 4297 593 4357 Nam

531 4384 697 4444 Vsus.
731 4387 784 4441 7.
827 4407 845 4440 ι
893 4389 1000 4444 Ero
1027 4389 1077 4444 ei
1101 4389 1260 4458 quasi
1297 4387 1588 4459 panthera,
1628 4397 1682 4442 et
1724 4388 1872 4443 sicut
1911 4402 2036 4458 par-

463 4481 564 4534 dus
597 4479 652 4533 in
693 4479 784 4534 via
830 4479 1206 4550 Assyriorum.
1260 4498 1277 4529 ι
1335 4477 1731 4534 Ferocissimos
1761 4479 1908 4533 enim
1942 4478 2038 4532 ho-

461 4580 574 4626 stes
597 4571 652 4626 in
671 4586 795 4626 eum
824 4571 1114 4626 concitabo
1140 4613 1154 4636 ,
1185 4570 1283 4640 qui
1319 4584 1431 4624 non
1461 4569 1644 4634 aliter,
1670 4585 1836 4640 quam
1860 4570 2040 4625 solent

463 4663 729 4734 panthera
765 4671 818 4718 et
868 4662 1092 4731 pardus,
1151 4676 1275 4716 eum
1327 4663 1662 4718 tractabunl.
1720 4663 1855 4718 Nam
1907 4665 2037 4734 quia

464 4759 602 4827 ipse,
638 4758 731 4827 qui
760 4756 945 4811 omnia
979 4755 1474 4826 gubernat,hostes
1497 4757 1764 4823 immittit,
1791 4758 2033 4830 seipsum

463 4845 743 4914 pantherae
778 4854 831 4901 et
868 4845 1023 4915 pardi
1070 4846 1303 4902 similem
1351 4861 1474 4904 esse
1515 4847 1672 4903 dicit.
1703 4849 1868 4905 Addit
1901 4830 2036 4906 vero

463 4952 628 5005 porro
659 4956 674 4990 ι

534 5024 703 5084 Vens.
739 5028 793 5084 8.
829 5048 848 5082 ι
891 5029 1194 5087 Occurram
1237 5031 1320 5087 eis
1353 5030 1500 5087 sicut
1536 5046 1665 5086 ursa
1697 5033 1889 5087 orbata
1923 5033 2040 5102 pul—

463 5119 571 5177 lis:
602 5131 656 5176 ct
694 5120 1034 5194 disrumpam
1068 5123 1378 5180 clausuram
1421 5123 1607 5180 cordis
1636 5140 1880 5180 eorum.»
1920 5123 2040 5192 Sic-

536 5262 563 5294 ιι
596 5251 772 5310 Exod.
806 5269 898 5320 xx,
931 5254 984 5309 4.
1095 5263 1124 5295 τ
1155 5255 1314 5311 Deut.
1343 5273 1512 5324 χχχιι,
1543 5257 1657 5315 15..

2131 803 2396 868 εὐπετῶς,
2418 805 2508 859 τὸν
2539 806 2595 859 δὲ
2623 806 2725 875 τῆς
2778 808 2892 862 ἅλω
2921 809 2966 841 ⁹¹
2994 809 3154 879 χνοῦν
3183 809 3360 881 βίαιος
3390 811 3578 883 ἄνεμος
3603 816 3681 868 εὑ-

2136 895 2326 967 μαρῶς
2373 897 2641 972 ἀφανίζει,
2690 898 2861 968 ἀτμὸν
2889 899 2946 952 δέ
2985 901 3043 954 ἐν
3093 901 3216 971 ἀέρι
3242 901 3519 972 γινόμενον
3547 906 3682 974 νέφος

2133 987 2370 1059 ἀκρίδων
2415 989 2800 1059 ἐπιγενόμενον
2831 990 3055 1044 διαλύει·
3087 991 3258 1057 οῦτως
3289 993 3434 1065 ὑμᾶς
3475 995 3576 1049 τῶν
3601 1015 3678 1052 πο-

2132 1078 2337 1150 λεμίων
2361 1079 2628 1134 ἀναλώσει
2657 1080 2718 1134 τδ
2741 1081 2921 1153 νέφος,
2969 1083 3066 1138 καὶ
3095 1083 3192 1157 τὴν
3223 1083 3318 1140 νῦν
3345 1085 3434 1156 ὑφ’
3459 1087 3599 1158 ὑμῶν
3618 1091 3679 1143 ol-

2134 1172 2408 1241 κουμένην
2435 1171 2538 1242 γῆν
2569 1171 2775 1245 ἔρημον
2808 1177 3169 1248 καταστήσει.

2201 1263 2262 1316 δ’.
2293 1280 2310 1312 ι
2363 1261 2502 1330 Ἐγὼ
2535 1264 2642 1334 γάρ
2665 1266 2778 1336 είμι
2805 1259 3010 1337 Κύριος
3035 1269 3063 1321 δ
3095 1267 3227 1333 Θεός
3259 1285 3376 1337 σου,
3410 1270 3630 1341 στερεῶν
3644 1274 3679 1305 ”

2133 1357 2381 1428 οὐρανὸν,
2423 1358 2519 1412 καὶ
2566 1359 2765 1424 κτίζων
2795 1361 2918 1434 γῆν,
2947 1356 3008 1417 οῦ
3045 1363 3101 1416 αἱ
3149 1363 3196 1396 ’⁸
3245 1366 3430 1435 χεῖρες
3473 1365 3680 1420 ἔπλασαν

2133 1449 2231 1519 τὴν
2263 1448 2312 1480 ⁸⁸
2330 1449 2586 1520 στρατιὰν
2638 1451 2824 1508 αὐτοῦ.
2859 1472 2877 1505 ι
2914 1453 3225 1508 Τουτέστιν·
3270 1455 3329 1508 Ὀ
3358 1455 3451 1508 τὸν
3486 1456 3681 1528 οὐρανὸν

2135 1542 2230 1596 καὶ
2255 1543 2354 1613 τὴν
2381 1543 2484 1614 γῆν
2512 1544 2573 1598 οὐ
2601 1543 2762 1614 μόνον
2796 1542 3018 1610 κτίζων,
3046 1545 3182 1599 ἀλλά
3214 1546 3310 1600 καὶ
3339 1545 3400 1599 τὸ
3435 1547 3681 1616 ἐπιμένειν

2135 1634 2316 1699 αὐτοῖς
2361 1633 2455 1687 ἐπὶ
2522 1635 2772 1688 πλεῖστον
2815 1635 3172 1707 δωρούμενος·
3228 1635 3343 1706 ἐγὼ
3395 1636 3487 1689 καὶ
3531 1639 3680 1690 πᾶσαν

2135 1725 2233 1797 τὴν
2278 1726 2540 1795 στρατιὰν
2576 1724 2670 1779 τοῦ
2699 1727 2929 1798 οὐρανοῦ
2979 1729 3059 1791 είς
3104 1727 3165 1780 τὸ
3193 1723 3332 1783 εἶναι
3374 1729 3677 1799 παρήγαγον,

2136 1817 2244 1872 εἴτε
2291 1818 2528 1888 δρατὴν,
2581 1818 2691 1870 είτε
2745 1817 3022 1889 ἀόρατον,
3079 1821 3190 1872 εἴτε
3250 1818 3350 1883 τὰς
3402 1818 3509 1873 άνω
3553 1819 3678 1873 δυνά-

2141 1927 2262 1980 μεις
2318 1908 2413 1962 καὶ
2467 1908 2664 1979 νοητὰς
2721 1907 2952 1977 φύσεις,
3015 1909 3126 1963 εἴτε
3190 1909 3301 1964 τῶν
3366 1911 3597 1980 ἀστέρων
3635 1910 3679 1963 τὸ

2138 2001 2343 2072 πλῆθος
2366 2039 2382 2066 ,
2435 2001 2531 2055 σὺν
2562 1999 2696 2072 ἡλίῳ
2729 2000 2823 2054 καὶ
2874 1999 3071 2072 σελήνῃ
3097 2041 3113 2064 ,
3169 2003 3284 2064 τοῖς
3320 2000 3570 2073 μεγάλοις
3596 2019 3681 2070 φω-

2141 2093 2355 2164 στῆρσι.

2205 2202 2222 2234 ι
2261 2183 2373 2235 Kal.
2389 2181 2448 2234 ού
2481 2181 2776 2252 παρέδειξά
2797 2199 2879 2235 σοι
2906 2180 3046 2236 αὐτὰ
3067 2179 3161 2234 τοῦ
3186 2179 3513 2252 πορεύεσθαι
3540 2179 3690 2233 ὀπίσω

2139 2272 2340 2327 αὐτῶν.
2368 2273 2477 2344 (ε’.)
2513 2273 2623 2326 Kal.
2652 2272 2766 2341 ἐγὼ
2793 2272 3072 2343 ἀνήγαγόν
3098 2289 3158 2325 σε
3189 2273 3254 2325 ἐκ
3285 2272 3394 2341 γῆς
3422 2271 3688 2340 Αἰγύπτου,

2140 2367 2235 2418 καὶ
2262 2365 2394 2418 Θεὸν
2423 2364 2564 2436 πλὴν
2593 2363 2726 2435 ἐμοῦ
2761 2365 2820 2417 οὐ
2854 2363 3038 2436 γνώσῃ
3059 2402 3075 2428 ,
3106 2364 3202 2418 καὶ
3233 2363 3423 2428 σώζων
3450 2363 3546 2415 οὐκ
3592 2361 3691 2416 ἐστι

2141 2455 2316 2526 πάρεξ
2343 2455 2499 2526 ἐμοῦ.
2515 2476 2532 2508 i
2553 2454 2878 2526 Νομοθετῶν
2899 2455 3006 2526 γάρ
3036 2471 3118 2507 σοι
3145 2455 3283 2526 μετά
3302 2455 3402 2526 τὴν
3421 2454 3692 2524 γενομένην

2141 2548 2474 2619 ἐλευθερίαν,
2507 2547 2603 2600 καὶ
2638 2547 2740 2616 τῆς
2768 2547 3042 2615 Αἰγύπτου
3077 2547 3174 2617 τὴν
3204 2545 3541 2616 ἀπαλλαγὴν,
3569 2562 3690 2616 παρ-

2142 2640 2393 2712 ηγγύησα
2451 2639 2653 2710 μηδένα
2701 2638 2888 2708 ἕτερον
2939 2637 3079 2708 πλὴν
3129 2636 3264 2707 ἐμοῦ
3319 2637 3516 2691 εἰδέναι
3561 2637 3689 2688 Θεόν.

2150 2751 2168 2782 v
2206 2732 2282 2785 Οὐ
2321 2731 2569 2801 ποιήσεις
2598 2728 2728 2800 γὰρ,
2765 2723 2940 2794 εἷπον,
2971 2727 3172 2790 παντὸς
3208 2725 3482 2799 ὁμοίωμα,
3512 2727 3606 2803 ὅσα
3647 2726 3694 2777 ἐν

2143 2822 2222 2894 τῷ
2250 2821 2463 2893 οὐρανῷ
2504 2821 2616 2876 ἀνω
2645 2821 2714 2887 ’⁵,
2769 2821 2864 2876 καὶ
2903 2822 3005 2874 ὅσα
3028 2819 3123 2874 ἐπὶ
3162 2821 3261 2890 τῆς
3291 2819 3400 2889 γῆς
3426 2820 3591 2882 κάτω,
3619 2819 3696 2872 καὶ

2145 2900 2245 2970 ὅσα
2271 2917 2329 2969 ἐν
2363 2917 2474 2979 τοῖς
2495 2914 2651 2969 ὕδασι
2686 2913 2942 2968 ὑποκάτω
2964 2914 3061 2984 τῆς
3090 2913 3245 2984 γῆς.»
3273 2913 3347 2966 Ού
3383 2913 3542 2983 μόνον
3570 2911 3623 2965 δέ
3650 2927 3697 2964 σε

2146 3008 2246 3078 τῆς
2279 3008 2483 3080 πικρᾶς
2529 3006 2639 3060 τῶν
2685 3004 3000 3075 Αἰγυπτίων
3039 3001 3396 3075 ἠλευθέρωσα
3436 3001 3696 3068 δουλείας,

2067 3108 2117 3174 c
2145 3099 2283 3156 ἀλλά
2309 3099 2405 3153 και

2218 3211 2238 3245 v
2289 3193 2376 3246 Ἐν
2405 3193 2473 3263 τῇ
2521 3191 2714 3264 ἐρήμῳ
2747 3189 3064 3261 ἐποίμαινόν
3101 3206 3183 3254 σε,
3234 3187 3295 3243 ἐν
3340 3190 3410 3259 γῇ
3459 3185 3697 3258 ἀοικήτῳ.

2144 3281 2266 3354 (ς’.)
2297 3281 2454 3335 κατά
2483 3280 2581 3344 τὰς
2610 3280 2778 3351 νομὰς
2809 3280 3009 3334 αὐτῶν.
3050 3298 3068 3332 ι
3115 3278 3263 3333 ’Λντὶ
3313 3278 3431 3340 τοῦ.
3468 3279 3578 3341 Ta;
3618 3278 3698 3348 άρο

2145 3375 2446 3448 μοττούσας
2499 3391 2581 3427 σοι
2633 3373 2882 3444 χορηγῶν
2913 3372 3106 3443 χρείας
3129 3413 3144 3439 ,
3181 3371 3357 3441 μάννα
3388 3370 3446 3436 ἐξ
3474 3367 3700 3440 οὐρανοῦ,

2142 3468 2558 3540 ὀρτυγομήτρας
2579 3467 2644 3520 ἐκ
2671 3465 2963 3536 θαλάττης,
2984 3463 3128 3534 ῦδωρ
3155 3466 3217 3517 ἐκ
3248 3463 3475 3536 πέτρας.
3494 3463 3566 3516 Οὐ
3593 3463 3701 3531 γάρ,

2143 3561 2218 3625 ὼς
2252 3563 2311 3614 ἐν
2341 3561 2531 3630 ἐρήμῳ
2585 3557 2884 3626 διάγοντες,
2919 3557 2978 3609 ἐν
3011 3556 3204 3611 σπάνει
3259 3554 3370 3610 τῶν
3415 3554 3702 3622 ἀναγκαίων

2140 3649 2302 3726 ἦσαν,
2367 3651 2482 3706 ἀλλ’
2515 3669 2533 3702 ι
2576 3648 3020 3720 Ἐνεπλήσθησαν
3077 3649 3157 3710 είς
3239 3645 3569 3718 πλησμονὴν,
3628 3645 3702 3696 καὶ

2145 3745 2440 3817 ὑψώθησαν
2468 3743 2524 3796 al.
2555 3741 2774 3813 καρδίαι
2808 3739 2992 3793 αὐτῶν
3013 3757 3028 3770 ο
3079 3739 3268 3793 ἐνεκεν
3313 3738 3502 3792 τούτου
3527 3735 3699 3790 ἐπελά·

2144 3839 2299 3893 θοντό
2346 3855 2468 3908 μου.
2506 3854 2525 3888 ι
2563 3831 2802 3887 Τοιαῦτα
2851 3831 2945 3884 καὶ
2975 3833 3002 3884 ὁ
3036 3830 3176 3895 θεῖος
3225 3831 3330 3902 ἐφη
3361 3830 3494 3902 περὶ
3547 3827 3701 3882 αὐτῶν

2143 3933 2349 4000 Μωσῆς
2379 3944 2392 3957 ⁶
2432 3946 2450 3977 ι
2505 3926 2614 3981 Ka‘.
2643 3925 2689 3958 ⁹⁶
2733 3924 2936 3992 ἔφαγεν
2979 3922 3210 3988 Ἰακὼϐ,
3254 3923 3348 3975 καὶ
3398 3919 3699 3989 ἐνεπλήσθη,

2143 4021 2240 4074 καὶ
2268 4017 2634 4072 ἀπελάκτισεν
2659 4017 2687 4068 ὁ
2709 4017 2898 4084 ὴγαπη
2908 4013 3088 4084 μένος,
3105 4012 3393 4084 ὲλιπάνθη,
3423 4009 3698 4082 ἐπαχύνθη,

2143 4109 2472 4180 ἐπλατύνθη.
2526 4107 2620 4162 καὶ
2672 4105 2997 4175 ἐγκατέλιπε
3048 4104 3253 4175 Κύριον
3285 4103 3378 4157 τὸν
3426 4106 3701 4174 ποιήσαντα

2144 4204 2327 4260 αὐτόν.
2385 4221 2403 4255 ι
2468 4200 2610 4255 Ἀλλ’
2653 4200 2754 4253 οὐκ
2808 4200 2952 4254 ἐάσω
3003 4199 3185 4263 αὑτὸν,
3236 4197 3401 4268 φησὶν
3441 4197 3511 4262 ⁸⁷,
3566 4195 3699 4250 ἀπαί-

2142 4297 2348 4351 δευτονο

2215 4387 2280 4452 ζ’.
2321 4403 2340 4438 ι
2386 4386 2620 4454 Ἐσομαι
2649 4381 2707 4436 δὲ
2735 4380 2903 4451 αὐτῷ,
2932 4378 3120 4450 φησὶν,
3149 4377 3225 4443 ώς
3265 4377 3506 4447 πάνθηρ,
3536 4375 3621 4429 καὶ
3641 4372 3700 4434 ὡς

2071 4445 2114 4500 D
2146 4445 2432 4550 πάρδαλις,
2487 4445 2630 4531 κατὰ
2657 4473 2756 4546 τὴν
2809 4445 3063 4526 δδδνντών
3091 4470 3137 4502 ⁸⁸
3179 4445 3504 4540 Ἀσσυρίων.
3537 4487 3556 4520 ι
3587 4465 3699 4524 Τοὺς

2145 4571 2252 4643 γὰρ
2279 4567 2562 4642 θηριώδεις
2593 4565 2740 4636 αῦτῷ
2773 4561 3064 4633 πολεμίους
3097 4560 3487 4628 ἐπαναστήσω,
3521 4554 3700 4620 πάνθη-

2147 4681 2238 4735 ρος
2268 4661 2423 4730 δίκην
2446 4659 2540 4712 καὶ
2565 4655 2886 4726 παρδάλεως
2911 4651 3281 4726 χρησομένους
3307 4648 3477 4719 αὐτῷ.
3509 4643 3699 4712 Ἐπειδὴ

2145 4754 2252 4825 γὰρ
2281 4751 2462 4816 αὐτὸς,
2493 4749 2589 4803 άτε
2609 4747 2672 4815 δὴ
2701 4747 2877 4801 πάντα
2893 4747 2938 4778 θ’
2971 4741 3342 4814 πρυτανεύων,
3373 4741 3567 4806 ἐπάγει
3594 4736 3697 4794 τοὺς

2145 4844 2455 4916 πολεμίους,
2481 4841 2674 4895 ἐαυτὸν
2728 4838 2966 4908 πάνθηρι
2997 4837 3089 4890 καὶ
3119 4833 3377 4906 παρδάλει
3429 4827 3697 4891 ἀπεικάζεο

2149 4937 2272 4992 σθαι
2302 4936 2472 5003 λέγει.
2510 4931 2871 5007 Προστέθεικε
2899 4930 2975 4996 δὲ,
3006 4930 3088 4982 ὅτι

2215 5039 2284 5100 η’.
2316 5048 2333 5078 ι
2384 5025 2791 5095 Ἀπαντήσομαι
2824 5023 3008 5085 αὐτοῖς
3033 5021 3108 5084 ὡς
3131 5020 3297 5090 ἄρκος
3350 5013 3696 5090 ἀπορουμένη.

2150 5121 2242 5178 καὶ
2275 5114 2551 5188 διαρῤήξω
2579 5113 2941 5184 συγκλεισμδν
2991 5110 3218 5184 καρδίας
3247 5109 3448 5164 αὐτῶν.
3491 5127 3509 5161 ι
3542 5104 3696 5161 Καθά-

1654 5391 1892 5449 VARIAZ
1929 5392 2331 5452 LECTIONES.

537 5485 582 5560 'f
616 5484 657 5540 C
688 5486 915 5560 ἅλωνος.
938 5555 967 5560 __
988 5486 1036 5518 ⁸³
1077 5503 1226 5560 στερ.
1267 5506 1550 5560 -ξστρατ.
1577 5488 1771 5560 αὐτοῦ,
1793 5499 1847 5544 et
1883 5492 2080 5547 deinde
2111 5491 2222 5546 Kal
2241 5489 2303 5543 οὐ
2345 5518 2422 5560 -τ,
2437 5485 2612 5539 ὀπίσω
2644 5484 2844 5536 αὐτῶν.
2876 5480 3010 5560 Περ·
3050 5479 3234 5560 omnia
3263 5477 3401 5560 des.‘
3440 5478 3491 5560 in
3545 5474 3690 5560 llebr.

469 5563 522 5626 ut
544 5555 613 5626 in
642 5547 1020 5625 antiquaedit.
1039 5556 1146 5608 τῶν
1174 5547 1249 5621 θ’,
1267 5565 1320 5610 ut
1345 5547 1454 5626 jam
1475 5566 1621 5613 recte
1646 5560 1715 5614 ab
1738 5547 1884 5615 l'lier.
1912 5563 2180 5616 monitum
2206 5567 2289 5616 est
2315 5577 2328 5625 ;
2359 5558 2661 5626 allegantur
2682 5563 2860 5626 autem
2892 5568 2922 5626 a
2948 5547 3528 5626 TbeOphilo_Antioch.
3555 5547 3640 5626 li_h.
3659 5559 3690 5594 ιι

468 5625 550 5696 Διά
577 5625 918 5696 Autolycum.

605 5689 764 5779 στρ..⁷
801 5696 1019 5779 ’διάνως
1053 5696 1262 5779 Des.nin
1297 5698 1368 5779 (3...
1395 5769 1405 5779 .
1429 5689 1633 5779 ξδ’-καί.
1670 5698 1790 5756 Des.
1826 5702 1956 5757 ibid,

467 5759 590 5816 Des.
632 5759 763 5820 ibid.
861 5761 905 5794 ⁹⁹
942 5767 1134 5824 πάντα.
1179 5767 1468 5841 Des._ibid.

1012 5628 1072 5697 ’37
1097 5627 1154 5678 al.
1189 5616 1260 5667 -ὲ
1293 5616 1386 5683 κᾶὶ
1413 5628 1512 5695 τὴν
1541 5630 1666 5696 γῆν.
1703 5629 1825 5686 Des.
1856 5632 1908 5684 in
1939 5632 2002 5687 C.
2086 5633 2131 5665 9"
2168 5631 2288 5684 ἔπλ.
2318 5616 2440 5697 τήν.
2465 5616 2554 5680 Ἰιιι
2585 5625 2706 5680 Ald.
2739 5623 2870 5697 Bac.
2903 5622 3062 5676 lectio
3088 5616 3204 5680 ést,
3257 5617 3476 5671 ἔκτισαν
3503 5616 3692 5697 Δπᾶσαν

2051 5704 2092 5734 ³⁷
2131 5702 2283 5773 φησί.
2320 5686 2439 5754 Des.
2486 5697 2585 5761 ib.,
2615 5705 2730 5750 tum
2761 5694 2814 5748 h.
2859 5693 2917 5761 .l.,
2956 5699 3065 5748 tum
3092 5697 3217 5761 post
3236 5703 3428 5761 pauca.
3503 5686 3546 5718 ³⁸
3575 5686 3685 5737 τῶν.
