3912 6206
243 361 373 423 1625
1521 349 1595 411 [Ν
1631 349 1820 411 OSEE

1949 350 2013 411 P.
2048 349 2217 412 XIII.
3357 345 3493 408 1626

241 489 343 540 περ
378 471 488 541 γὰρ
517 472 548 538 ἡ
579 469 744 541 ἀρκος
795 467 1292 539 στενοχωρουμένη,
1323 467 1416 519 καὶ
1469 467 1659 534 φυγεῖν
1699 465 1760 516 οὐ
1798 463 1813 492 ί

1947 476 1977 520 ιι
2001 467 2144 521 enim
2181 478 2308 519 ursa
2343 463 2396 518 in
2430 461 2538 516 loci
2572 461 2856 532 angustias
2897 462 3176 533 compulsa
3218 467 3272 516 et
3307 460 3492 531 fugere

239 561 534 632 δυναμένη,
567 559 703 631 μετά
752 559 950 628 πολλῆς
980 561 1080 630 τῆς
1114 558 1309 628 μανίας
1353 559 1464 621 τοῖς
1500 555 1815 628 προσιοῦσιν

1947 575 2026 614 non
2062 559 2270 627 valens,
2327 554 2546 629 1374
2585 570 2782 627 magna
2821 569 2949 610 Clllll
3005 555 3156 609 rabie
3197 553 3493 624 appropin«

240 655 534 724 ἐπέρχεται
555 669 568 682 ·
600 651 772 715 οὕτως
802 651 850 704 oi
891 650 1138 721 πολέμιοι
1187 649 1398 718 φειδοῦς
1443 648 1640 711 αὐτοὺς
1670 647 1817 700 οὐδε-

1947 655 2151 720 ιυιιιιιειε
2173 649 2407 704 invadit:
2439 651 2520 704 sic
2552 649 2740 703 hostes
2771 647 2975 701 nullam
3009 645 3119 700 illis
3151 644 3362 699 veniam
3407 644 3493 698 in-
3524 691 3527 695 .

244 749 370 816 μιᾶς
407 745 754 812 ἀξιώσουσιν,
801 743 917 797 ἀλλ’
945 744 1102 814 ὠμὴν
1133 743 1227 796 καὶ¹
1255 743 1437 812 ἀπηνῆ
1463 741 1592 811 περὶ
1623 740 1816 804 αὐτοὺς

1947 739 2240 810 lulgebunt,
2290 739 2385 793 sed
2426 747 2668 792 atrocem
2705 743 2759 790 ct
2791 735 3088 788 immanem
3141 732 3197 786 in
3231 747 3327 786 eos
3371 730 3493 784 ani-

240 837 596 903 ὲπιδείξονται
643 837 887 908 γνώμην.
922 836 1106 890 Ταῦτα
1139 836 1194 890 δὲ
1243 837 1320 899 είς
1357 835 1554 897 αὐτοὺς
1582 833 1816 904 διαπρά-

1947 843 2068 882 num
2115 827 2428 883 ostendent.
2466 824 2593 880 Haec
2643 831 2828 879 autem
2868 832 3062 877 contra
3107 836 3204 875 eos
3255 818 3492 883 faciam,

242 929 428 1001 ξομαι,
471 930 568 1001 τὴν
595 928 1091 998 συγκεκλεισμένην
1120 926 1297 980 αὐτῶν
1327 925 1552 998 καρδίαν
1582 928 1676 978 καὶ
1705 925 1820 978 δια-

1947 921 2112 975 ὀιεηε
2140 935 2237 974 cor
2263 933 2451 973 eorum
2479 917 2756 979 clausum,
2791 930 2892 969 nec
2918 915 3130 983 aperire
3160 927 3220 966 se
3243 911 3494 974 studens,

241 1024 520 1094 νοιχθῆναι
555 1023 629 1094 μὴ
661 1021 1006 1092 βουλομένην,
1050 1021 1163 1075 ἀλλ’
1191 1020 1499 1092 ἀτεράμονα
1524 1019 1615 1071 καὶ
1641 1019 1818 1087 ἀκαμ-

241 1117 320 1185 πῆ
360 1116 647 1186 μένουσαν,
677 1113 935 1178 διανοῖξαι
986 1113 1079 1166 καὶ
1134 1111 1432 1176 κατανῦξαι
1478 1109 1817 1179 βουλόμενος,

241 1209 337 1261 καὶ
373 1209 448 1271 εἰς
480 1207 775 1274 ὲπίγνωσιν
808 1206 898 1258 τοῦ
949 1206 1316 1275 προσήκοντος
1373 1203 1618 1270 ἀγαγεῖν.
1654 1219 1673 1251 ‹
1711 1199 1822 1253 Καὶ

240 1299 656 1368 καταφάγονται
673 1297 869 1360 αὐτοὺς
895 1297 1011 1349 ἐκεῖ
1042 1296 1269 1365 σκύμνοι
1291 1293 1518 1364 δρυμοῦ,
1537 1292 1631 1346 καὶ
1658 1291 1823 1363 θηρία

239 1391 415 1461 ἀγροῦ
444 1391 733 1444 διασπάσει
763 1388 1013 1451 αὐτούς.»
1037 1387 1321 1457 Διαιρόρως
1352 1385 1537 1456 εἴρηκε
1566 1384 1632 1437 τὰ
1660 1384 1821 1451 αὐτὰ,

239 1483 321 1554 τῷ
371 1481 568 1552 πλήθει
615 1481 726 1534 τῶν
770 1479 1018 1550 φοϐερῶν
1072 1477 1297 1532 εἰκόνων
1331 1478 1457 1540 τοὺς
1485 1477 1824 1547 ἀναλγησίαν

239 1577 534 1637 νοσοῦντας
575 1573 972 1644 καταπλήττων
995 1573 1089 1625 καὶ
1121 1570 1508 1640 δεδιττόμενος.
1535 1564 1667 1623 Εἶτα
1696 1569 1825 1638 θρη·

239 1669 325 1718 νεῖ
355 1665 478 1718 καθ’
500 1665 683 1730 αὐτὸν,
710 1664 803 1718 καὶ
831 1663 1101 1730 ὀνειδίζει,
1131 1662 1342 1733 καὶτῆς
1367 1661 1637 1734 προτέρας
1664 1660 1824 1714 ἀϐελ-

239 1759 440 1830 τηρίας
469 1758 896 1828 ἀναμιμνήσκει.

313 1850 379 1913 θ’,
415 1856 464 1906 ι’.
495 1869 514 1901 ι
563 1849 641 1919 Τῇ
674 1847 940 1920 διαφθορᾷ
969 1849 988 1878 ’
1020 1865 1134 1910 σου,

244 1959 329 1995 σοι
359 1941 414 2009 ³;
449 1940 558 1995 Ποῦ
592 1943 619 1995 ὁ
658 1940 908 2010 βασιλεὺς
942 1957 1034 1992 σου
1067 1933 1260 2004 οῦτος;
1293 1939 1388 1991 καὶ
1413 1937 1734 1992 διασωσάτσι)
1763 1954 1822 1990 σε

241 2035 303 2087 ἐν
331 2033 534 2096 πάσαις
563 2034 682 2094 ταῖς
712 2031 902 2084 πόλεσί
929 2047 1042 2095 σου,
1063 2031 1155 2084 καὶ
1183 2031 1421 2100 κρινάτω
1446 2047 1525 2094 σε,
1554 2028 1613 2082 ὃν
1639 2024 1820 2092 εἶπαςο

243 2128 342 2190 Δός
374 2143 463 2195 μοι
510 2124 734 2195 βασιλέα
767 2125 860 2178 καὶ
893 2123 1147 2201 ἄρχοντα.
1190 2143 1208 2177 ι
1247 2122 1344 2186 Τίς
1371 2123 1437 2176 ἂν
1483 2122 1620 2193 πρὸς
1670 2120 1824 2185 ἀξίαν

242 2216 344 2285 τὴν
374 2214 670 2285 διαφθοράν
700 2231 812 2280 σου,
843 2207 888 2268 ὦ
921 2213 1152 2284 Ἰσραὴλ,
1182 2213 1469 2284 θρηνήσειε
1499 2229 1513 2277 ;
1571 2210 1824 2281 Μεμένη-

238 2323 348 2368 κας
383 2305 492 2376 γὰρ
524 2305 704 2376 πάσης
727 2304 930 2375 ἔρημος
957 2303 1229 2374 βοηθείας,
1268 2303 1361 2356 καὶ
1389 2303 1560 2356 ταῦτα
1591 2301 1694 2354 ὑπὸ
1727 2301 1826 2372 βα-

243 2398 442 2460 σιλέως
473 2397 794 2469 ἀρχόμενος,
824 2397 919 2451 καὶ
972 2395 1079 2449 ὑπὸ
1128 2395 1305 2465 τούτῳ
1358 2393 1779 2467 πολιτευᾷμενος
1809 2407 1823 2420 ·

243 2489 342 2559 τὴν
381 2489 491 2559 γὰρ
530 2487 672 2559 ἐμὴν
722 2486 995 2558 ἀτιμάσας
1024 2486 1343 2558 ἡγεμονίαν,
1375 2485 1660 2541 ἀνθοωπον
1686 2484 1828 2554 ἔχειν

243 2581 526 2650 ἑπόθησας
555 2580 798 2650 βασιλέα.

318 2681 407 2728 ια’.
445 2692 464 2726 ι
516 2673 657 2743 Ἐγὼ
701 2673 758 2726 δὲ
803 2671 981 2725 ἔδωκά
1023 2688 1103 2724 σοι
1133 2671 1190 2724 ὲν
1231 2672 1298 2741 τῇ
1336 2668 1472 2741 ὀργῇ
1512 2685 1613 2736 μου
1647 2684 1661 2698 ο
1698 2666 1832 2720 ἀλλά

246 2768 478 2836 ἀνέσχον
505 2767 527 2797 ⁵
561 2765 722 2820 πάλιν
767 2767 824 2819 έν
851 2764 928 2836 τῷ
959 2763 1115 2834 θυμῷ
1147 2780 1272 2833 μου.
1311 2781 1330 2813 ι
1389 2760 1698 2831 Ὀργισθεὶς
1733 2759 1831 2830 μὲν

249 2858 362 2929 γὰρ
407 2857 495 2912 διά
521 2857 622 2927 τὴν
664 2856 857 2925 ἀλογον
887 2856 1124 2925 αἴτησιν,
1171 2851 1348 2906 ἔδωκά
1379 2869 1459 2904 σοι
1491 2852 1582 2905 τὸν
1608 2849 1782 2903 Σαούλ
1816 2867 1828 2881 ·

248 2949 574 3020 ἀνεξικακίᾳ
633 2948 690 3002 δὲ
762 2949 856 3001 καὶ
929 2945 1282 3018 μακροθυμίᾳ
1340 2943 1500 2998 πάλιν
1555 2943 1834 3014 χρησάμε-

246 3058 364 3107 νος,
387 3040 777 3110 ἀντεισήγαγον
801 3038 892 3091 τὸν
921 3037 1102 3092 Δαϐίδ.
1133 3035 1304 3088 Τοῦτο
1336 3035 1444 3106 γὰρ
1472 3033 1672 3102 λέγει’(
1719 3032 1836 3085 Ἀν-

1922 1013 2018 1068 sed
2070 1011 2405 1067 obduratum
2452 1020 2504 1065 et
2545 1007 2846 1064 inﬂexibile
2881 1013 3273 1076 perseverans,
3313 1002 3497 1056 reclu-

1924 1107 2056 1162 dere
2082 1114 2136 1161 et
2162 1119 2557 1174 compungere,
2589 1109 2755 1170 atque
2783 1098 2850 1154 ad
2882 1097 3252 1168 cognitionem
3280 1094 3497 1148 honesti

1923 1200 2220 1254 deducere.
2272 1215 2291 1247 ι
2326 1196 2390 1249 Et
2431 1193 2781 1250 devorabunt
2816 1207 2914 1247 eos
2964 1191 3040 1245 ibi
3076 1189 3247 1242 catuli
3295 1187 3498 1257 sylvas:

1925 1299 1978 1346 et
2011 1289 2205 1346 bestia:
2240 1288 2354 1358 agri
2396 1287 2743 1355 disrumpent
2796 1297 2914 1339 eos.
2967 1301 2986 1334 ι
3024 1280 3268 1334 Diversis
3319 1277 3503 1331 modis

1925 1381 2117 1437 eadem
2145 1381 2316 1444 dixit,
2349 1387 2410 1432 ut
2449 1374 2808 1431 multitudine
2837 1371 3190 1428 horribilium
3233 1368 3497 1424 similitu-

1925 1475 2117 1530 dinum
2148 1479 2376 1541 stupore
2422 1477 2478 1524 et
2521 1466 2828 1522 indolentia
2867 1465 3189 1519 laborantes
3221 1467 3504 1530 perterre-

1928 1563 2155 1618 faceret.
2193 1559 2313 1614 Mox
2341 1559 2680 1613 lamentatur
2713 1567 2925 1618 secum,
2961 1559 3017 1608 et
3051 1551 3325 1620 objurgat,
3360 1547 3507 1620 prio-

1929 1668 2154 1723 remque
2178 1649 2554 1721 insipientiam
2587 1647 2786 1701 iterum
2817 1648 3234 1699 commemorat.

1172 1845 1407 1918 Ἰσραὴλ,
1437 1844 1521 1909 τίς
1565 1845 1820 1917 βοηθήσει

1992 1833 2157 1889 Vens.
2187 1831 2350 1892 9.10.
2389 1847 2409 1881 ι
2443 1830 2580 1896 Quis
2623 1825 2977 1882 auxiliabitur
3007 1818 3346 1889 corrttptioni
3377 1824 3505 1882 tuae,

1923 1941 1956 1983 o
1990 1925 2199 1981 Israel?
2231 1922 2333 1977 Ubi
2359 1931 2441 1977 est
2473 1937 2566 1975 rex
2601 1927 2729 1974 tuus
2758 1917 2900 1972 iste?
2931 1923 2984 1969 et
3014 1913 3227 1969 salvum
3260 1916 3314 1963 te
3345 1908 3510 1961 faciat

1928 2021 1982 2075 in
2009 2017 2226 2073 cunctis
2249 2016 2482 2070 urbibus
2499 2012 2613 2067 tuis
2635 2031 2649 2066 :
2673 2011 2950 2081 etjudicet
2969 2016 3042 2070 te,
3060 2006 3126 2060 de
3145 2019 3254 2075 quo
3277 2001 3465 2056 dixisti
3492 2018 3505 2052 :

1927 2111 2002 2165 Da
2044 2110 2175 2164 mihi
2225 2122 2406 2178 regem
2456 2114 2510 2160 et
2551 2104 2884 2174 principem.
2925 2119 2944 2152 ι
2997 2097 3134 2164 Quis
3171 2096 3309 2151 satis
3347 2092 3512 2162 digne

1928 2208 2078 2253 tuam
2143 2196 2594 2266 corruptionem,
2659 2207 2692 2245 ο
2752 2189 2966 2252 Israel,
3016 2185 3216 2240 deﬂere
3286 2181 3512 2252 posset?

1927 2289 2181 2345 Mansisti
2231 2288 2378 2342 enim
2425 2285 2494 2338 ab
2540 2283 2691 2338 omni
2743 2279 2950 2334 auxilio
2991 2278 3154 2345 inops
3199 2282 3254 2330 et
3298 2272 3511 2336 nudus,

1931 2382 2114 2453 idque,
2149 2380 2280 2436 dum
2333 2394 2362 2432 a
2406 2391 2537 2448 rege
2578 2372 2948 2444 gubernaris,
2995 2379 3049 2424 et
3096 2367 3200 2423 sub
3241 2380 3308 2420 eo
3347 2365 3514 2419 vivis.

1932 2476 2132 2547 Spreto
2159 2474 2304 2529 enim
2342 2487 2467 2526 meo
2495 2468 2834 2541 principatu,
2869 2463 3149 2518 hominem
3182 2459 3386 2514 habere
3429 2472 3519 2512 re-

1931 2585 2052 2638 gem
2077 2564 2351 2635 ereptasti

2005 2656 2172 2710 Vens.
2209 2653 2295 2708 ll.
2347 2669 2364 2702 ι
2401 2652 2512 2720 Ego
2547 2656 2729 2703 autem
2763 2646 2888 2701 dedi
2929 2645 3024 2699 tibi
3055 2639 3312 2712 (regem)
3347 2639 3402 2691 in
3435 2637 3520 2691 ira

1934 2765 2091 2813 mea,
2124 2754 2179 2802 et
2226 2742 2467 2801 sustinui
2517 2755 2722 2795 rursus
2763 2739 2818 2792 in
2872 2737 3062 2790 furore
3111 2748 3252 2787 meo.
3289 2750 3306 2782 ι
3339 2730 3519 2784 Iratus

1934 2843 2083 2897 enim
2118 2841 2188 2895 ob
2214 2840 2588 2908 importunam
2620 2831 3018 2902 ﬂagitationem
3043 2867 3057 2890 ,
3095 2824 3219 2880 dedi
3251 2823 3348 2878 tibi
3377 2821 3514 2875 Sau-

1937 2935 2080 3000 lem;
2120 2930 2384 3002 patientia
2426 2941 2628 2982 rursus
2671 2930 2724 2978 et
2765 2919 3066 2976 tolerantia
3098 2931 3267 2981 usus,
3308 2915 3362 2968 in
3399 2912 3521 2981 ejus

1938 3028 2120 3081 locum
2149 3022 2408 3079 substitui
2438 3016 2718 3072 Davidem.
2755 3012 2870 3066 Hoc
2891 3011 3037 3065 enim
3072 3009 3226 3071 dicit,
3253 3023 3377 3062 cum
3405 3006 3516 3059 ait:

438 3134 496 3187 ἐν
519 3097 604 3204 τῷ.
807 3148 962 3202 μουοι
989 3131 1110 3184 ἀντ)⁸
1145 3127 1259 3194 τοῦ,
1285 3097 1649 3198 Μανέρων-μία
1678 3126 1834 3196 ἐχρη-

1952 3137 1971 3169 ι
2015 3116 2264 3171 Sustinui
2308 3114 2362 3167 in
2403 3111 2586 3165 furore
2623 3121 2785 3170 meo,
2816 3123 2835 3156 ι
2881 3104 2986 3158 hoc
3013 3110 3136 3168 est,
3172 3097 3522 3153 Patientissi-

253 3242 460 3296 σαμην.

327 3317 417 3388 ιβ’.
453 3338 470 3369 ι
503 3314 788 3386 Συστροφὴ
819 3316 838 3346 ⁵
873 3312 1087 3376 ἀδικίας
1124 3310 1381 3382 Ἐφραῒμ,
1417 3307 1839 3380 ὲγκεκρυμμένη

253 3410 291 3481 ή
323 3408 570 3480 ἁμαρτία
612 3406 798 3461 αὐτοῦ.
840 3425 858 3457 ι
899 3405 1084 3458 Ἐοικε
1130 3403 1288 3456 τοῦτο
1319 3404 1432 3465 τοῖς
1473 3401 1578 3454 ὑπὸ
1619 3401 1839 3452 Ἡσαΐου

256 3501 532 3572 λεχθεῖσιν
555 3517 566 3529 °
599 3518 617 3550 ι
653 3499 811 3564 Οὐαὶ,
838 3499 887 3551 οἱ
917 3495 1292 3566 ἐπισπώμενοι
1324 3494 1420 3556 τὰς
1468 3492 1740 3564 ἁμαρτίας
1767 3491 1842 3554 ὡς

258 3594 482 3664 σχοινίῳ
519 3590 746 3662 μακρῷί
792 3610 810 3642 ι
849 3589 1018 3642 Τοῦτο
1049 3589 1158 3658 γάρ
1189 3589 1284 3641 καὶ
1305 3587 1539 3640 ἐνταῦθα
1561 3585 1728 3654 λέγει,
1762 3587 1842 3638 ὅτι

256 3687 288 3738 ὁ
317 3680 864 3756 Ἐφραῒμεσυστρέφει
894 3681 991 3743 τάς
1013 3680 1246 3744 ἀδικίας,
1266 3679 1358 3733 καὶ
1378 3679 1530 3746 αὔξει
1558 3677 1839 3750 διηνεκῶς,

260 3775 427 3847 βουλῇ
455 3775 668 3844 πονηρᾷ
698 3771 1052 3842 κεχρημένος.
1082 3771 1156 3824 Τὸ
1178 3770 1308 3841 γάρ,
1336 3789 1353 3822 ι
1389 3770 1842 3840 Ἐγκεκρυμμένη

261 3870 296 3940 ἡ
353 3867 599 3937 ἁμαρτία
648 3864 837 3928 αὑτοῦ,
879 3884 896 3917 ι
959 3863 1118 3916 τοῦτο
1173 3863 1361 3932 δηλοῖ,
1412 3863 1682 3928 τουτέστι,
1744 3863 1838 3924 Εἰς

263 3958 432 4030 βάθος
478 3957 590 4027 ἔχει
639 3957 740 4027 τὴν
791 3956 1054 4026 πονηρίαν
1091 3971 1105 3986 ο
1167 3954 1304 4008 ἀλλά
1358 3954 1632 4017 τοσούτοις
1684 3954 1845 4006 αὐτὸν

261 4049 548 4124 περισαλῶ
591 4052 779 4112 κακοῖς
809 4088 824 4112 ,
871 4048 944 4111 ὡς
975 4045 1240 4119 ώδινούσῃ
1292 4047 1508 4116 γυναικὶ
1557 4046 1846 4115 παραπλη-

262 4145 399 4208 σίως
450 4141 757 4196 ὀδυνᾶσθαι.
816 4135 948 4194 Εἶτα
977 4139 1050 4203 ὡς
1100 4140 1220 4192 κατ’
1243 4137 1509 4208 ἐρώτησιν
1561 4138 1698 4208 πρὸς
1755 4136 1846 4189 τὸν

276 4237 501 4308 Ἰσραήλ
520 4253 534 4268 ’
1135 4263 1142 4270 .

343 4333 435 4401 ιγ.
479 4349 498 4381 ι
529 4323 696 4391 Οὗτος
716 4329 743 4382 ὁ
764 4327 783 4358 ⁸
807 4325 918 4390 υἱός
941 4343 1034 4378 σου
1060 4327 1087 4378 ὁ
1111 4324 1392 4395 φρόνιμος.
1435 4343 1452 4373 ι
1490 4321 1708 4385 Τοῦτον,
1741 4339 1845 4390 φη-

265 4427 326 4481 σὶ
344 4426 388 4490 ⁷,
415 4422 511 4478 τοῦ
538 4421 805 4489 Μανασσῆ
828 4416 1262 4490 προτετίμηκας,
1293 4414 1388 4466 καὶ
1417 4413 1538 4466 νέον
1573 4413 1700 4465 ὄντα
1747 4411 1842 4464 τοῦ

267 4517 646 4590 πρεσϐυτέρου
665 4512 969 4585 προέταξας
995 4528 1006 4540 ·
1035 4509 1143 4562 ἀλλ’
1178 4508 1298 4560 ἀντὶ
1325 4509 1422 4578 τῆς
1445 4509 1612 4576 τιμῆς
1633 4505 1848 4574 ἐκείνης

267 4608 535 4679 ἀτιμίαν⁶
577 4605 1060 4676 περιϐληθήσεται.
1112 4599 1227 4653 «Ub
1282 4599 1390 4669 γάρ
1428 4599 1502 4668 μὴ
1536 4598 1744 4668 ὐποστῇ
1794 4599 1852 4649 ὲν

271 4701 536 4771 συντριϐῇ
571 4698 777 4751 τέκνων
821 4691 1008 4747 αὑτοῦ.
1031 4710 1048 4742 ι
1085 4690 1224 4744 Οῦτε
1261 4689 1370 4759 γὰρ
1419 4691 1527 4750 τοῖς
1559 4687 1854 4756 περιοίκοις

271 4788 702 4860 πολεμουμένοις
721 4784 998 4854 ἐπαμῦναι
1017 4783 1324 4852 δυνήσεται.
1354 4778 1509 4832 Οῦτω
1536 4779 1606 4831 τά
1631 4776 1853 4846 λυπηρά

272 4880 675 4954 παραγγείλας,
705 4878 798 4929 ἐπὶ
828 4875 927 4944 τὴν
959 4873 1068 4926 τῶν
1097 4871 1352 4943 χρηστῶν
1381 4869 1718 4938 ἐπαγγελίαν
1750 4868 1854 4922 πά-

271 4972 358 5025 λιν
393 4969 687 5039 μεταφέρει
715 4966 804 5018 τὸν
830 4963 1006 5031 λόγον.

354 5060 436 5113 ιδ’.
470 5077 488 5109 ι
533 5056 628 5109 Ἐκ
654 5054 835 5126 χειρὸς
870 5053 995 5123 ᾅδου
1025 5049 1261 5121 ῥύσομαι
1295 5048 1511 5112 αὐτοὺς,
1545 5049 1639 5103 καὶ
1665 5050 1729 5101 ὲκ
1757 5047 1855 5101 θα-

1945 3225 2032 3264 me
2057 3209 2178 3262 tuli.

2017 3301 2182 3355 Vens.
2228 3298 2312 3352 12.
2370 3316 2387 3346 ‹
2431 3292 2800 3363 Conglobatio
2847 3286 3158 3358 iniquitatis
3210 3283 3470 3353 Ephraim
3504 3317 3523 3346 ,

1945 3391 2326 3449 absconditum
2362 3395 2648 3458 peccatum
2693 3384 2836 3453 ejus.
2873 3399 2890 3432 ι
2935 3378 3130 3433 Simile
3159 3383 3244 3431 est
3280 3376 3386 3427 hoc
3419 3373 3487 3427 iis
3510 3413 3525 3440 ,

1944 3502 2066 3557 quae
2103 3485 2250 3540 dicta
2300 3488 2429 3537 sunt
2471 3478 2538 3534 ab
2588 3475 2799 3548 1375
2837 3474 2979 3530 Isaia
3017 3491 3029 3527 :
3079 3491 3095 3523 ι
3129 3469 3224 3524 Vae
3262 3468 3371 3522 illis
3430 3467 3525 3536 qui

1946 3579 2170 3633 trahunt
2196 3583 2414 3647 peccata
2439 3571 2598 3642 quasi
2629 3569 2876 3623 funiculo
2906 3569 3067 3635 longo
3091 3566 3137 3617 ιι
3182 3582 3198 3614 ι
3233 3561 3348 3617 Hoc
3377 3560 3525 3614 enim

1947 3669 2036 3724 hic
2069 3669 2234 3723 etiam
2271 3665 2439 3730 dicit,
2471 3661 2616 3733 quod
2645 3660 2904 3729 Ephraim
2938 3661 3228 3712 coacervet
3264 3650 3530 3718 iniquita-

1949 3771 2055 3815 tem
2078 3799 2094 3825 ,
2144 3759 2480 3826 assidueque
2510 3761 2726 3823 augeat,
2758 3750 2904 3805 man
2934 3757 3094 3802 utens
3130 3743 3382 3798 consilio.
3417 3738 3530 3792 Hoc

1948 3855 1966 3876 “
1997 3866 2193 3920 nempe
2223 3847 2496 3920 signiﬁcat
2521 3842 2666 3914 quod
2721 3842 2816 3906 ait,
2853 3857 2870 3890 ι
2897 3835 3293 3892 Absconditum
3329 3842 3529 3900 pecca-

1949 3954 2063 4000 tum
2109 3919 2268 4014 ejus,
2312 3959 2330 3992 ›
2367 3939 2471 3993 hoc
2503 3944 2622 4000 est,
2653 3934 2880 3990 Penitus
2914 3929 3136 3985 inﬁxam
3175 3925 3337 3978 habet
3370 3919 3531 3974 mali.-

1950 4039 2115 4092 tiam:
2141 4010 2246 4090 sed
2282 4033 2456 4086 tantis
2486 4030 2653 4084 malis
2684 4042 2809 4081 eum
2845 4021 3164 4092 implicabo,
3197 4026 3256 4071 ut
3283 4010 3534 4070 mulieris

1950 4127 2315 4200 parturientis
2365 4139 2520 4177 more
2573 4129 2919 4191 torqueatur.
2979 4113 3186 4169 Deinde
3229 4107 3394 4165 veluti
3437 4120 3533 4175 per

1949 4219 2443 4290 interrogationem
2475 4215 2541 4268 ad
2570 4212 2835 4267 Israelem
2875 4207 3011 4262 dicit
3039 4221 3054 4257 :

2020 4283 2190 4366 Vens:
2223 4311 2307 4362 15.
2358 4328 2376 4359 ι
2419 4308 2528 4360 Iste
2570 4315 2654 4358 est
2683 4303 2828 4354 ﬁlius
2863 4307 2989 4351 tuus
3028 4293 3266 4361 sapiens.
3309 4306 3328 4338 ι
3376 4283 3533 4337 Hunc

1952 4413 2032 4466 tu,
2061 4399 2263 4468 inquit,
2291 4390 2641 4465 praeposuisti
2668 4385 2929 4448 Manassi,
2955 4392 3009 4437 et
3035 4380 3313 4450 juniorem
3341 4371 3533 4439 majori

1953 4462 2087 4546 natu
2127 4462 2478 4542 antetulisti:
2522 4493 2712 4535 verum
2763 4491 2862 4547 pro
2908 4475 3125 4547 honore
3162 4467 3258 4521 illo
3308 4462 3534 4518 infamia

1955 4582 2245 4638 allicietur.
2309 4595 2326 4626 ι
2378 4573 2517 4640 Quia
2582 4586 2689 4625 non
2747 4544 3149 4623 sustinebit'in
3201 4555 3536 4612 contritione

1956 4677 2197 4730 ﬁliorum
2228 4682 2480 4724 suorum.
2515 4684 2534 4716 ›
2569 4661 2690 4716 Non
2727 4661 2869 4714 enim
2903 4655 3105 4710 vicinis
3135 4650 3278 4706 bello
3313 4644 3535 4716 impeti-

1957 4772 2027 4825 tis
2058 4765 2316 4836 opitulari
2351 4759 2574 4836 poterit.
2608 4755 2912 4824 Postquam
2941 4762 3074 4803 vero
3111 4742 3292 4798 tristia
3324 4740 3409 4795 sic
3438 4735 3539 4790 de-

1958 4859 2253 4922 nuntiavit,
2293 4855 2358 4908 ad
2396 4833 2667 4906 bonorum
2702 4841 3129 4917 promissionem
3172 4836 3370 4890 iterum
3410 4845 3542 4884 con-

1957 4949 2126 5005 vertit
2154 4957 2490 5002 sermonem.

2029 5038 2196 5093 Vtans.
2240 5034 2328 5088 M.
2375 5050 2393 5082 ι
2428 5029 2469 5082 Ε
2501 5042 2666 5082 manu
2696 5019 2898 5077 inferni
2943 5015 3191 5072 liberabo
3228 5027 3354 5077 cos,
3389 5015 3444 5063 et
3475 5005 3543 5061 de

273 5150 440 5210 νάτου
479 5145 829 5218 λυτρώσομαι
866 5140 1081 5204 αὐτούς.
1111 5157 1129 5192 ι
1187 5134 1322 5194 Εἶτα
1369 5139 1680 5202 παιανίζειν
1717 5141 1834 5193 κατι

1965 5141 2146 5191 morte
2197 5125 2462 5184 redimam
2515 5121 2660 5175 illos.
2717 5135 2736 5168 ι
2783 5109 2992 5168 Deinde
3039 5115 3300 5177 tanquam
3354 5113 3541 5175 paeana

379 5297 408 5325 ι
424 5287 530 5342 lsa.
571 5303 625 5352 v,
666 5285 754 5340 18.

1596 5365 1833 5420 VARIxE
1877 5355 2283 5419 LECTIONES.

357 5474 493 5555 ιρι).
532 5472 573 5528 C
619 5471 714 5542 μή.
791 5472 811 5501 ²
880 5465 1063 5548 atauo.
1095 5463 1135 5518 C
1165 5463 1452 5532 διασπορᾷ.
1485 5463 1551 5515 Ει
1579 5461 1774 5515 deinde
1818 5456 2139 5525 διασπορὰν.
2217 5452 2401 5532 ³..σοι.
2444 5445 2550 5529 Des
2605 5457 2671 5520 ap

372 5555 384 5562 .
597 5543 752 5562 .-.ω
817 5553 1016 5562 --...-..,.
1050 5536 1210 5562 -.ιπω
1313 5535 1334 5562 ιι
1383 5533 1490 5562 nm.
1536 5533 1697 5562 ιηοιιη
1758 5528 2075 5562 τηρ-Ληθὼ,
2202 5521 2223 5551 ⁸
2256 5536 2284 5562 ο
2334 5547 2405 5559 --
2436 5532 2592 5562 manu.
2646 5513 2671 5562 Ι.

279 5546 447 5602 lectio
477 5528 560 5599 est
595 5528 775 5613 ἔσχον,
812 5528 1019 5593 omisso
1049 5536 1230 5589 πάλιν.
1313 5535 1334 5566 ⁵
1365 5528 1509 5586 Ἡρα.
1536 5533 1698 5585 lectio
1758 5528 2097 5596 Συστροφήν.
2202 5528 2223 5551 ’⁵
2256 5528 2284 5571 ὁ
2334 5547 2405 5559 -
2436 5528 2592 5584 φρονο
2646 5528 2678 5565 ¹¹

279 5613 640 5684 negligentia,
666 5620 725 5684 ut
763 5610 998 5670 videtur,
1026 5613 1362 5684 corruptam,
1396 5604 1535 5682 bene
1565 5600 1876 5684 eritcndavit
1905 5589 2512 5684 Gra‘biuquttinl‘i-abneh

284 5638 640 5684 Ιιεδιιεειιιιυ,
668 5638 725 5666 ιιι
768 5638 998 5670 νιυυιυι,
1026 5638 1138 5660 ιουιι
1158 5638 1362 5673 ειμιαιιι,
1397 5638 1535 5658 υυιιυ
1565 5638 1876 5655 unum“...
1909 5638 2164 5656 υ.....,....,,
2194 5638 2285 5659 Ἰ---
2326 5638 2358 5642 --
2386 5638 2424 5642 Ὗ
2445 5638 2456 5641 -
2496 5638 2506 5649 ,
2658 5638 2674 5646 ,
2907 5638 2946 5647 ,-

284 5685 412 5740 loco
444 5700 556 5738 rec.
588 5683 894 5745 lectionem,
926 5692 1088 5749 quam
1123 5675 1319 5732 Noster
1336 5689 1432 5745 per
1457 5671 1687 5728 ironiam
1708 5670 2101 5739 interpretatus
2146 5668 2251 5727 est,
2301 5665 2513 5713 mutare
2560 5669 2672 5709 non
2723 5649 2894 5706 licuit.
2969 5646 2987 5675 ⁷
3019 5638 3170 5708 φησί.

273 5546 447 5602 Iectio
477 5552 560 5599 est
595 5533 775 5613 ἔσχον,
801 5533 1019 5613 omisso
1049 5536 1230 5589 πάλιν.
1313 5535 1334 5566 ⁵
1382 5533 1509 5613 [ξος.
1536 5533 1698 5585 lectio

335 5755 379 5809 (Ζ
411 5752 624 5822 ἀτιμίᾳ.

2678 5440 2747 5495 ud
2775 5441 2849 5493 0'.
2919 5435 2941 5468 "
2979 5435 3064 5488 ἀν.
3124 5433 3199 5483 lta
3232 5425 3374 5495 Ald._
3399 5419 3534 5473 Rec.

2646 5491 2802 5565 Ila-ne—
2853 5507 3137 5561 lectionem
3193 5491 3537 5565 librariorum

2202 5521 2223 5551 °
2256 5521 2284 5571 6
2334 5547 2405 5559 ——
2436 5515 2592 5584 φρόν.

2713 5563 2787 5633 ob,
2826 5581 2855 5630 ὁ
2893 5576 3170 5647 φρονιμος.
3202 5563 3314 5647 l'l‘oc
3355 5565 3535 5647 ante}?
