3912 6206
502 326 637 389 1627

1468 322 1955 391 THEODORETI
1982 320 2317 383 EPISCOPI
2349 322 2710 388 CYRENSIS

3565 328 3672 398 1628

498 445 687 490 contra
726 441 959 489 mortem
986 448 1189 491 canere
1212 435 1390 504 jubet.
1424 451 1445 485 ι
1484 432 1586 488 Ubi
1619 432 1688 488 lis
1725 440 1854 498 tua,
1891 433 2074 489 mors?

2179 434 2270 488 τοῦ
2284 436 2528 491 Ὁανάτου
2553 435 2783 491 κελεύει.
2814 454 2833 487 ι
2871 433 2981 489 Ποῦ
3012 438 3045 509 ἡ
3070 436 3197 507 δίκη
3222 454 3344 504 σου,
3369 437 3571 510 Mure;
3593 449 3675 500 ποῦ

497 526 589 582 ubi
618 532 707 580 est
730 526 959 583 aculeus
980 534 1128 591 tuus,
1154 525 1412 583 inici-ne?
1437 544 1456 577 ι
1493 523 1622 581 Haec
1641 524 1825 597 typice
1839 522 2066 595 quidem

497 619 552 674 in
593 619 770 679 reditu
815 618 1127 675 Judaeorum
1165 617 1309 674 facta
1354 617 1616 684 fuerunt;
1664 617 1878 686 tropice
1919 616 2068 671 enim

494 708 661 765 vitam
688 706 751 760 in
787 707 1104 776 captivitate
1130 715 1309 771 actam
1337 706 1607 777 infernum
1632 713 1687 762 et
1710 717 1931 760 mortem
1969 719 2067 760 vo-

493 805 582 855 cut
607 812 622 852 :
660 796 965 868 perfectum
989 806 1183 855 autem
1208 807 1264 855 et
1296 813 1487 855 verum
1515 797 1679 859 ﬁnem
1709 796 1908 853 sortita
1939 799 2072 850 sunt

498 900 621 961 post
668 888 969 945 Salvatoris
1032 891 1213 947 nostri
1262 890 1750 947 resurrectionem.
1802 885 2075 942 Primitiis

496 985 642 1036 enim
689 982 901 1039 nostris
947 982 1397 1052 resurgentibus,
1443 996 1598 1053 spem
1640 977 2068 1041 resurrectionis

497 1085 688 1129 omnes
715 1073 1085 1142 suscepimus.
1123 1072 1239 1128 lloc
1288 1072 1429 1131 idem
1468 1087 1601 1128 vero
1641 1072 1771 1147 licet
1823 1068 2073 1127 invenire

497 1162 553 1218 in
581 1163 868 1233 prophetia
900 1162 1230 1219 Ezechielis.
1267 1163 1485 1220 Etenim
1511 1163 1586 1218 ibi
1615 1178 1836 1232 quoque
1860 1160 2074 1216 ossium

498 1254 837 1309 resurrectio
885 1252 995 1311 duo
1050 1253 1339 1320 ostendit;
1393 1261 1511 1307 tum
1556 1252 1771 1324 1376
1832 1252 2073 1309 reditum

496 1342 745 1407 lsraelis,
778 1342 872 1412 qui
905 1357 1122 1400 omnem
1154 1343 1355 1397 bonam
1397 1356 1550 1412 spem
1588 1338 1897 1412 praecidens
1925 1337 2074 1393 dice-

497 1435 592 1489 bat
625 1452 639 1488 :
682 1452 704 1495 ι
728 1433 1058 1496 Defecimus.
1083 1434 1238 1489 arida
1271 1432 1415 1489 facta
1450 1438 1582 1489 sunt
1604 1446 1732 1488 ossa
1766 1437 1956 1486 nostra
1984 1439 2068 1497 ις»

498 1534 615 1581 tum
665 1539 1006 1585 communem
1061 1525 1304 1579 omnium
1354 1524 1637 1578 hominum
1696 1520 2072 1577 resurrectio-

498 1629 670 1670 nem:
713 1631 839 1675 nam
870 1632 997 1686 qua:
1041 1631 1168 1686 erga
1208 1614 1432 1671 Iudaeos
1495 1613 1641 1672 facta
1694 1620 1863 1681 sunt,
1914 1620 2075 1682 typus

498 1715 657 1761 erant
690 1707 888 1762 divina:
921 1708 988 1762 de
1015 1708 1276 1762 omnibus
1313 1706 1631 1761 hominibus
1662 1720 1829 1759 curae.
1876 1723 1895 1756 ι
1929 1704 2076 1758 Con-

500 1798 705 1855 solatio
740 1798 1065 1858 abscondita
1117 1808 1203 1856 est
1250 1799 1322 1853 ab
1352 1798 1532 1854 oculis
1576 1797 1714 1853 meis
1738 1836 1754 1860 ,
1790 1796 1919 1865 quia
1958 1796 2075 1866 ipse
2106 1768 2149 1829 Β

500 1887 646 1944 inter
685 1887 882 1945 fratres
906 1888 1126 1945 dividet.
1169 1908 1190 1941 ι
1232 1889 1360 1944 Haec
1388 1898 1602 1951 autem,
1632 1887 1842 1957 inquit,
1878 1901 2077 1945 conso-

502 1980 637 2036 latio
670 1981 914 2038 melioris
946 1982 1087 2051 spei,
1124 1981 1665 2049 resurrectionisque
1691 1979 2031 2049 exspectatio
2057 2017 2074 2045 ,

501 2067 724 2137 Judzeis,
765 2086 892 2129 eum
916 2073 1114 2142 captivi
1142 2081 1349 2137 essent,
1377 2080 1432 2126 et
1464 2071 1720 2126 omnibus
1764 2069 2078 2124 hominibus

501 2161 774 2215 occultata
809 2163 938 2216 olim
969 2161 1144 2223 fuisse
1171 2162 1406 2225 videtur.
1428 2159 1605 2217 Judaei
1632 2161 1783 2217 enim
1811 2163 1865 2215 in
1898 2159 2077 2231 capti-

503 2252 723 2309 vitatem
753 2254 1014 2319 abducti,
1070 2264 1126 2310 et
1180 2254 1425 2324 separati
1481 2266 1510 2306 a
1562 2253 1893 2324 cognatione
1951 2266 2075 2316 sua,

503 2345 844 2414 seorsimque
894 2346 983 2403 alii
1032 2344 1101 2407 ab
1156 2346 1280 2405 aliis
1315 2344 1582 2414 disiuncti
1608 2344 1817 2400 servire
1853 2343 2074 2406 coacti,

502 2433 711 2491 nullam
757 2448 908 2503 spem
950 2435 1316 2491 revocationis
1362 2434 1657 2490 habebant.
1706 2432 1774 2488 Et
1827 2432 2077 2488 homines

504 2537 719 2587 omnes,
748 2538 874 2578 cum
920 2532 1149 2580 mortem
1188 2525 1434 2581 viderent
1474 2524 1732 2581 funditus
1783 2523 2076 2579 destruen-

504 2627 613 2674 tem
640 2626 917 2682 naturam,
943 2629 1000 2674 et
1029 2634 1179 2675 nunc
1210 2619 1433 2675 fratrem
1479 2634 1508 2673 a
1554 2618 1727 2677 fratre
1779 2619 2077 2688 sejungen-

505 2713 618 2762 tem
644 2747 661 2773 ,
701 2722 849 2767 nunc
883 2707 1009 2765 [iliis
1044 2718 1229 2777 patres
1272 2709 1577 2779 privantem
1603 2747 1618 2773 ,
1651 2705 2079 2763 resurrectionis

505 2812 658 2866 spem
698 2812 929 2866 prorsus
969 2796 1322 2868 abjiciebant.
1363 2798 1617 2853 Attamen
1651 2811 1779 2852 vera
1807 2838 1823 2862 ,
1863 2794 2077 2865 inquit,

504 2895 636 2943 sunt
668 2887 817 2949 dicta
840 2927 855 2952 ,
888 2889 1109 2944 tametsi
1138 2888 1194 2942 in
1237 2902 1485 2958 praesens
1515 2888 1772 2945 abstrusa
1805 2885 1993 2943 multis
2025 2892 2080 2940 et

507 2976 864 3035 abscondita.
1826 2968 1835 2977 ’

579 3159 743 3218 Vens.
778 3159 864 3216 15.
899 3178 919 3213 ι
950 3160 1198 3215 Adducet
1241 3161 1389 3215 enim
1417 3167 1671 3215 urentem
1714 3168 1945 3214 ventum
1980 3156 2081 3213 Do-

505 3254 690 3311 minus
728 3270 759 3309 e
783 3255 1013 3311 deserto.
1030 3271 1196 3326 super
1220 3270 1317 3311 eos
1336 3296 1350 3319 .
1399 3264 1454 3310 et
1488 3255 1722 3311 siccabit
1747 3260 1916 3310 venas
1938 3253 2078 3323 ejus,

505 3354 563 3403 et
613 3346 891 3404 desolabit
940 3345 1126 3403 fontes
1188 3347 1380 3403 illius:
1432 3347 1536 3402 iste
1577 3346 1839 3402 arefaciet
1880 3356 2079 3401 terram

503 3437 651 3507 ejus,
672 3446 728 3494 et
758 3438 942 3497 omnia
978 3442 993 3461 ⁵
1026 3455 1156 3494 vasa
1183 3438 1572 3495 desiderabilia
1606 3439 1748 3507 ejus.
1773 3457 1794 3491 ι
1830 3437 1932 3493 Per
1968 3439 2082 3493 haec

507 3537 684 3583 autem
711 3527 1010 3598 signiﬁcat,
1039 3527 1245 3601 Cyrum
1286 3527 1511 3584 Persam
1538 3529 1741 3584 bellum
1771 3536 2079 3593 moturum,

504 3626 562 3674 et
594 3634 916 3675 eversurum
942 3621 1314 3693 Assyriorum,
1342 3621 1456 3676 sive
1493 3620 1942 3692 Babyloniorum,
1985 3620 2084 3674 im-

510 3712 747 3782 perium,
785 3728 1121 3785 omnemque
1162 3716 1366 3786 regiam
1403 3716 1627 3783 stirpem
1660 3715 1988 3777 deleturum,
2029 3720 2082 3768 et

510 3804 819 3872 tyrannidis
877 3820 1078 3860 causas
1122 3807 1469 3861 sublaturum
1518 3805 1730 3876 1377
1773 3820 1916 3861 esse.
1953 3802 2083 3857 Haec

506 3893 653 3947 enim
693 3909 790 3963 per
837 3896 1251 3950 translationem
1303 3897 1474 3966 [orares
1511 3903 1566 3949 et
1610 3911 1766 3949 uenas
1822 3892 2080 3964 appellat.

508 3981 614 4039 Per
661 3983 777 4038 haec
815 3991 1000 4039 autem
1043 3984 1246 4041 docere
1290 3987 1498 4052 voluit,
1532 4000 1772 4057 quonam
1801 3993 1961 4056 pacto
1990 3984 2084 4040 de-

510 4081 824 4131 structurus
848 4075 922 4132 sit
955 4090 1079 4134 eum
1110 4091 1270 4145 quem
1295 4091 1391 4144 per
1415 4074 1830 4130 translationem
1862 4083 2081 4129 mortem

511 4174 563 4220 et
591 4164 858 4236 infernum
881 4167 1190 4240 appellavit.
1246 4165 1353 4223 Sed
1379 4167 1495 4221 hac
1522 4172 1712 4237 postea
1746 4165 1894 4221 ﬁent.
1924 4165 2080 4220 Nunc

510 4273 642 4319 vero
656 4299 673 4325 ,

1098 4348 1324 4404 CAPUT
1354 4347 1493 4403 XIV.

2102 3092 2148 3159 ϐ

2165 526 2227 580 τὸ
2259 527 2480 599 κέντρον
2507 545 2622 591 σου,
2658 527 2760 599 ᾆδη
2784 544 2799 593 ;
2847 546 2866 579 ι
2901 526 3088 591 Ταῦτα
3114 529 3349 594 τυπικῶς
3373 531 3463 601 μὲν
3489 535 3570 592 ἐπὶ
3595 538 3675 607 τῆς

2167 619 2425 675 ἐπανόδου
2452 618 2560 675 τῶν
2598 617 2866 673 Ἰουδαίων
2884 618 3203 689 γεγένηται·
3237 620 3387 675 καλεί
3408 623 3506 694 γάρ
3523 642 3678 696 τροπι-

2168 710 2280 772 κῶς
2322 710 2422 781 τὴν
2450 710 2509 763 ὲν
2552 713 2619 781 τῇ
2650 709 2995 780 αἰχμαλωσίᾳ
3021 711 3288 783 διαγωγὴν
3318 712 3464 779 ᾅδην
3486 718 3568 769 καὶ
3595 718 3677 771 θά-

2168 816 2373 856 νατον.
2425 803 2667 866 Ἐντελὲς
2693 802 2749 856 δὲ
2776 803 2870 856 καὶ
2907 801 3104 871 ἀληθὲς
3136 804 3349 868 ἐδέξατο
3374 805 3530 876 πέρας
3565 812 3678 877 μετὰ

2168 894 2269 962 τὴν
2300 892 2394 946 τοῦ
2428 894 2678 965 Σωτῆρος
2714 893 2871 965 ἡμῶν
2917 895 3239 949 ἀνάστασιν·
3274 896 3367 963 τῆς
3393 897 3491 965 γὰρ
3516 899 3679 968 ἡμετέ-

2175 1001 2272 1056 ρας
2314 984 2574 1054 ἀπαρχῆς
2603 984 2913 1055 ἀναστάσης
2935 1027 2951 1051 ,
2982 986 3217 1051 διπαντες
3245 987 3398 1056 ἡμεῖς
3425 987 3679 1058 ἐδεξάμεθα

2172 1075 2271 1143 τῆς
2302 1075 2648 1139 ἀναστάσεως
2675 1075 2772 1148 τὴν
2803 1076 3013 1130 ἐλπίδα.
3052 1076 3221 1131 Τοῦτο
3246 1076 3301 1131 δὲ
3324 1079 3413 1131 καὶ
3443 1080 3495 1131 ὲν
3520 1083 3576 1150 τῇ
3606 1082 3680 1135 τοῦ

2187 1166 2443 1237 ἰεζεκιὴλ
2481 1167 2789 1238 προφητείᾳ
2820 1167 2967 1221 ἔστιν
3018 1168 3234 1238 εὑρεῖν·
3284 1168 3374 1222 καὶ
3412 1168 3510 1241 γὰρ
3543 1172 3684 1237 ὲκείή

2171 1255 2282 1308 τῶν
2335 1254 2508 1308 ὀστῶν
2571 1255 2864 1319 ἀναϐίωσις
2928 1256 2996 1309 τὰ
3033 1257 3125 1309 δύο
3181 1257 3444 1328 σημαίνει,
3479 1258 3562 1311 καὶ
3611 1260 3684 1312 τοῦ

2188 1345 2402 1415 Ἰσραὴλ
2419 1345 2516 1417 τὴν
2540 1346 2792 1401 ἐπάνοδον
2814 1346 2893 1413 (ὃς
2912 1346 3010 1415 τὰς
3032 1346 3272 1418 χρηστὰς
3287 1346 3544 1417 ἀποκόψας
3570 1348 3688 1400 ἐλπί-

2174 1435 2271 1499 δας
2304 1437 2486 1503 ἔλεγεν
2506 1454 2518 1465 ·
2565 1457 2582 1489 ι
2607 1436 3049 1508 Ἐκλελοίπαμεν,
3095 1437 3235 1509 ξηρά
3271 1436 3451 1511 γέγονε
3484 1439 3545 1493 τὲ
3580 1441 3686 1494 ὀστᾶ

2174 1526 2379 1599 ἡμῶν),
2412 1546 2430 1579 ι
2456 1528 2549 1580 καὶ
2598 1529 2695 1597 τὴν
2736 1528 2920 1598 κοινὴν
2969 1530 3223 1585 ἁπάντων
3268 1530 3550 1602 ἀνθρώπων
3589 1533 3688 1587 ἀνά-

2176 1635 2383 1681 στασιν.
2436 1619 2615 1683 Τύπος
2659 1620 2767 1693 γὰρ
2796 1621 2867 1679 τὰ
2909 1622 3036 1693 περὶ
3080 1622 3362 1686 Ἰουδαίους
3396 1626 3687 1695 γεγενημένα

2175 1711 2273 1781 τῆς
2311 1712 2437 1780 περὶ
2464 1712 2669 1776 πάντας
2703 1711 3023 1784 ἀνθρώπους
3051 1713 3145 1771 τοῦ
3181 1714 3316 1768 Θεοῦ
3342 1716 3442 1768 τῶν
3471 1715 3590 1769 ὅλων
3617 1735 3689 1787 κη·

2175 1801 2444 1871 δεμονίας.
2500 1822 2521 1854 ι
2551 1802 2904 1874 Παράκλησις
2942 1805 3250 1875 κέκρυπται
3303 1806 3407 1861 ἀπὸ
3448 1808 3688 1881 ὀφθαλμῶν

2180 1894 2336 1969 μουθ,
2385 1893 2575 1946 διότι¹⁹
2629 1889 2779 1959 οὗτος
2811 1897 3085 1965 ἀναμέσον
3130 1896 3375 1965 ἀδελφῶν
3401 1898 3684 1954 διαστελιίι

2176 1983 2326 2053 Αὕτη
2356 1982 2432 2047 δὲ,
2465 1984 2649 2061 φησὶν,
2691 1983 3041 2056 ήπαραψυχὴ
3072 1986 3170 2057 τῆς
3195 1989 3549 2061 χρηστοτέρας
3577 1989 3690 2045 ἐλπί-

2176 2072 2284 2135 δος,
2316 2073 2409 2131 κα).
2436 2071 2537 2142 τῆς
2570 2073 2916 2139 ἀναστάσεως
2953 2077 2986 2148 ἡ
3020 2076 3336 2149 προσδοκία,
3381 2080 3469 2133 καὶ
3496 2079 3587 2132 ἀπὸ
3610 2079 3690 2133 τῶν

2178 2165 2538 2235 αἰχμαλώτων
2566 2167 2906 2238 γιγνομένων
2946 2169 3237 2235 Ἰουδαίων,
3272 2171 3365 2226 καὶ
3394 2171 3494 2226 ἀπὸ
3519 2171 3690 2225 πάντων

2177 2254 2476 2325 ἀνθρώπων
2499 2258 2635 2320 τέως
2664 2258 2967 2335 κεκρύφθαι
2991 2258 3166 2314 δοκεῖ·
3199 2260 3257 2314 οἵ
3274 2278 3335 2315 τε
3363 2260 3466 2333 γάρ
3500 2262 3691 2315 Ἰουδαῖοι

2179 2343 2769 2416 ἐξανδραποδιζόμενοι,
2803 2348 2897 2403 καὶ
2924 2347 3024 2418 τῆς
3056 2347 3327 2420 σφετέρας
3358 2348 3692 2419 διαχωριζόμε·

2177 2454 2257 2490 νοι
2309 2438 2649 2508 συγγενείας,
2695 2441 2789 2493 καὶ
2852 2440 2992 2497 κατὰ
3038 2441 3308 2514 διαίρεσιν
3360 2442 3450 2496 καὶ
3484 2443 3692 2512 διανομὴν

2178 2528 2449 2582 δουλεύειν
2476 2532 2933 2601 ἀναγκαζόμενοι,
2971 2535 3071 2604 τῆς
3114 2533 3462 2605 ἀνακλήσεως
3488 2533 3692 2605 οὐδεμίαν

2179 2614 2324 2688 εἶχον
2358 2619 2580 2674 ἐλπίδα·
2629 2622 2724 2676 καὶ
2758 2622 2994 2687 ἅπαντες
3035 2622 3337 2695 ἄνθρωποι,
3387 2625 3476 2680 τὸν
3514 2625 3691 2678 Θάνατον

2179 2709 2409 2780 ὁρῶντες
2439 2710 2605 2782 ἄρδην
2638 2712 2864 2791 ἀμῶντα
2891 2715 2988 2787 τὴν
3022 2715 3204 2783 φύσιν,
3228 2717 3325 2773 καὶ
3353 2714 3442 2771 νῦν
3468 2716 3555 2787 μὲν
3580 2716 3692 2770 ἀδελ-

2180 2804 2278 2872 φὸν
2316 2802 2544 2871 ἀδελφοῦ
2579 2804 2896 2875 χωρίζοντα,
2934 2805 3028 2860 νῦν
3065 2807 3123 2860 δὲ
3165 2808 3355 2872 παιδὸς
3390 2808 3580 2879 πατέρα
3606 2824 3692 2860 στε-

2181 2895 2456 2965 ρίσκοντα,
2523 2896 2801 2961 παντελῶς
2850 2898 3191 2970 ἀπηγόρευον
3263 2899 3361 2979 τὴν
3430 2900 3691 2955 ἀνάστασιν.

2193 2982 2332 3035 Ἀλλ’
2356 2983 2504 3054 ὅμως
2537 2984 2734 3053 ἀληθῆ,
2768 2985 2922 3055 φησὶ,
2960 2986 3027 3038 τὰ
3059 2986 3328 3058 εἰρημένα
3350 3028 3365 3051 ,
3395 2987 3492 3041 κᾶν
3519 2988 3596 3040 ἐπὶ
3625 2987 3691 3039 τοῦ

2181 3072 2443 3143 παρόντος
2469 3073 2638 3143 ἄδηλα
2736 3079 2848 3140 τοῖς
2885 3066 3127 3139 πολλοῖς.

2250 3160 2333 3217 ιε’.
2366 3179 2384 3213 ι
2429 3163 2647 3228 Ἐπάξει
2676 3162 2788 3234 γὰρ
2818 3163 3021 3235 Κύριος
3050 3165 3252 3234 ἄνεμον
3280 3165 3524 3218 καύσωνα
3550 3168 3601 3216 ἐκ
3622 3162 3693 3232 τῆς

2180 3250 2390 3323 ἐρήμου
2412 3253 2497 3305 ἐπ’
2521 3253 2703 3319 αὑτὸν,
2735 3254 2825 3307 καὶ
2854 3252 3183 3325 ἀναξηρανεί
3203 3256 3305 3319 τὰς
3334 3255 3528 3325 φλέϐας
3550 3251 3691 3314 αὐτοῦ,

2181 3343 2275 3396 καὶ
2312 3342 2645 3414 ὲξερημώσει
2697 3345 2797 3408 τὰς
2848 3344 3031 3415 πηγὰς
3079 3346 3247 3401 αὐτοῦ
3283 3364 3297 3378 ·
3334 3340 3483 3408 οὗτος
3521 3342 3692 3415 ἐρημώ-

2185 3451 2265 3488 σει
2287 3435 2328 3466 ¹¹
2357 3435 2455 3506 τὴν
2493 3438 2597 3506 γῆν
2629 3436 2817 3503 αὐτοῦ,
2852 3437 2948 3491 καὶ
2978 3438 3154 3492 πάντα
3187 3438 3259 3492 τὰ
3304 3438 3470 3507 σκεύη
3494 3434 3630 3490 αὐτοῦ
3649 3432 3696 3486 τὰ

2184 3525 2516 3596 ὲπιθυμητά.
2554 3545 2573 3579 ι
2633 3527 2936 3583 Αίνίττεται
2978 3527 3034 3581 δὲ
3076 3528 3164 3587 διὰ
3198 3528 3410 3583 τούτων
3441 3528 3602 3599 Κῦρον
3634 3525 3698 3579 civ

2185 3616 2399 3689 Πέρσην
2428 3617 2944 3687 ἐπιστρατεύσαντα,
2969 3619 3061 3674 καὶ
3090 3619 3469 3673 καταλύσαντα
3486 3618 3580 3673 τῶν
3606 3618 3696 3669 Ἀσ-

2187 3706 2407 3778 συρίων,
2440 3707 2615 3760 είτουν
2641 3708 3017 3775 Βαϐυλωνίων,
3049 3709 3145 3777 τὴν
3185 3709 3479 3781 βασιλείαν,
3516 3708 3596 3762 καὶ
3621 3707 3697 3759 πᾶ-

2185 3817 2281 3853 σαν
2315 3800 2413 3869 τὴν
2458 3794 2742 3870 βασιλικὴν
2792 3800 3111 3869 συγγένειαν
3149 3801 3535 3874 διαφθείραντα
3551 3802 3606 3864 ",
3631 3797 3697 3850 καὶ

2181 3887 2281 3951 τὰς
2310 3890 2410 3958 τῆς
2441 3889 2754 3959 τυραννίδος
2784 3888 3118 3960 ἀφελόμενον
3144 3893 3403 3963 ἀφορμάς
3427 3910 3440 3922 ·
3483 3889 3653 3951 ταύτας
3667 3886 3698 3917 ⁸³

2182 3977 2290 4049 γὰρ
2340 3978 2615 4051 τροπικῶς
2666 3979 2861 4049 πηγὰς
2918 3981 3015 4033 καὶ
3042 3980 3270 4050 φλέϐας
3332 3977 3695 4052 προσαγορεύει.

2194 4068 2495 4141 Ἦὸουλὴθη
2530 4069 2587 4122 δὲ
2618 4070 2706 4123 διὰ
2734 4070 2938 4124 τούτων
2965 4070 3193 4137 διδάξαι,
3231 4071 3339 4126 τίνι
3369 4073 3547 4144 τρόπῳ
3570 4085 3697 4123 κατα-

2182 4159 2333 4213 λύσει
2375 4160 2433 4213 δν
2478 4161 2751 4231 τροπικῶς
2809 4161 3070 4216 θάνατον
3129 4163 3224 4216 καὶ
3274 4163 3430 4231 ᾅδην
3469 4162 3694 4216 ἐκάλεσεν.

2196 4251 2359 4306 ’Λλλά
2389 4252 2559 4307 ταῦτα
2591 4252 2690 4322 μὲν
2724 4246 2869 4323 μετά
2897 4254 3068 4306 ταῦτα
3097 4254 3389 4325 γενήσεται
3416 4271 3430 4286 ·
3458 4253 3547 4307 νῦν
3570 4252 3632 4315 δὲ,

2706 4344 3100 4397 ΚΕΦΑΔΑΙΟΝ
3133 4346 3230 4399 1Δ’.

579 4436 747 4496 Vsus.
784 4440 835 4495 l.
883 4459 902 4493 ι
936 4439 1212 4495 Delebitur
1263 4439 1533 4495 Samaria.
1572 4460 1591 4493 ι
1641 4440 1777 4507 Qum
1817 4457 1952 4499 ausa
1998 4450 2076 4499 est

2256 4441 2325 4512 α’.
2362 4453 2381 4487 ι
2404 4433 2859 4505 Ἀφανισθήσεται
2887 4434 3186 4506 Σαμάρεια.
3214 4453 3233 4487 ι
3277 4434 3522 4488 Ἑναντία
3554 4432 3703 4503 δρᾶσαι

509 4537 705 4585 contra
724 4530 1061 4587 voluntatem
1090 4528 1184 4583 Dei
1216 4544 1376 4601 agere
1398 4570 1414 4593 ,
1445 4537 1500 4585 et
1528 4530 1671 4585 bello
1696 4540 2076 4598 consumetur,

512 4625 574 4675 et
597 4617 720 4687 ejus
748 4618 943 4673 incolae
973 4618 1240 4675 videbunt
1275 4617 1517 4674 infantes
1551 4620 1818 4679 lactentes
1851 4621 1915 4675 ad
1969 4630 2079 4676 ter-

513 4724 630 4767 ram
675 4711 862 4776 allidi,
907 4724 971 4767 ac
1005 4721 1348 4781 praegnantes
1378 4712 1543 4771 simul
1572 4727 1698 4767 cum
1730 4712 1840 4768 fetu
1877 4714 2079 4785 perire.

513 4798 627 4855 Sed
659 4815 730 4857 ne
757 4800 954 4855 borum
986 4802 1419 4873 experimentum
1449 4800 1643 4870 facias,

581 4976 748 5038 Vens.
778 4981 834 5037 2.
870 5000 889 5034 ι
921 4980 1289 5050 Convertere,
1333 4999 1366 5040 o
1406 4982 1575 5042 lsrael
1602 5025 1618 5051 ,
1674 4983 1740 5039 ad
1788 4982 2077 5039 Dominum

2186 4524 2552 4595 τετολμηκυία
2585 4524 2663 4594 τῷ
2687 4524 2815 4597 θείῳ
2846 4526 3132 4596 θελήματι,
3164 4528 3258 4580 καὶ
3290 4524 3387 4580 τοῢ
3412 4525 3624 4594 πολέμου
3640 4535 3703 4587 γε·

2187 4617 2408 4686 νήσεται
2466 4616 2848 4689 παρανάλωμα
2890 4620 2983 4670 καὶ
3042 4617 3258 4685 ὄψονται
3292 4620 3342 4671 ot
3371 4616 3565 4684 ταύτης
3593 4610 3704 4678 οἰκή-

2187 4724 2364 4779 τορες,
2404 4706 2473 4760 τά
2513 4708 2612 4777 μὲν
2667 4706 2944 4779 ύπομάζια
2976 4710 3161 4762 παιδία
3204 4712 3268 4780 τῇ
3306 4711 3376 4778 γῇ
3413 4699 3703 4777 προσρηγνύ-

2192 4814 2347 4870 μενα,
2377 4797 2474 4862 τὰς
2508 4797 2564 4851 δὲ
2596 4797 2967 4870 κυοφορούσας
2999 4799 3137 4870 μετὰ
3162 4800 3271 4852 τῶν
3313 4796 3559 4869 ἐμϐρύων
3592 4795 3705 4847 ἀναι-

2194 4890 2461 4962 ρουμένας
2488 4889 2554 4945 ¹⁶.
2600 4891 2738 4943 Ἀλλ’
2773 4891 2860 4944 ἴνα
2893 4891 3096 4945 τούτων
3138 4892 3211 4963 μὴ
3238 4891 3365 4965 δέξῃ
3406 4891 3502 4960 τὴν
3533 4889 3703 4955 πεῖραν.

2263 4981 2330 5052 β’.
2362 4999 2381 5033 ι
2425 4983 2844 5059 Ἐπιστράφηθι,
2873 4976 2918 5035 ὦ
2942 4984 2984 5015 ⁸⁸
3021 4981 3255 5054 Ἰσραὴλ,
3283 4983 3421 5053 πρὸς
3439 4981 3623 5049 Κύριον
3640 4972 3705 5027 τὸν

512 5070 684 5142 Deum
714 5080 892 5129 tuum.
933 5092 954 5127 ι
1001 5073 1268 5141 Quoniam
1322 5075 1380 5130 in
1427 5074 1817 5145 iniquitatibus
1847 5073 2076 5130 multum

2183 5073 2315 5128 Θεόν
2345 5090 2459 5129 σου.
2494 5092 2512 5125 ι
2547 5073 2719 5127 Πολὺν
2755 5073 2862 5144 γὰρ
2892 5076 2948 5127 ὲν
2977 5076 3097 5137 ταῖς
3152 5073 3510 5145 παρανομίαις
3556 5081 3707 5122 καταν-

513 5172 732 5235 tempus
781 5168 1195 5237 consumpsisti.
1230 5166 1407 5240 [5-5]
1458 5167 1654 5224 Postea
1703 5166 1867 5223 etiam
1917 5167 2076 5221 docet

2184 5164 2406 5237 ήλωσας
2464 5163 2675 5235 χρόνον.
2712 5163 2848 5220 Εἶτα
2871 5166 2966 5219 καὶ
3018 5164 3260 5220 διδάσκει
3304 5163 3517 5228 αὐτοὺς,
3571 5156 3704 5216 ποίοις

572 5340 604 5382 1
636 5331 831 5390 Ezech.
863 5350 1067 5402 xxxvu,
1091 5338 1179 5391 ll.

1760 5482 1765 5491 ’
1783 5455 1872 5514 VA
1882 5455 2019 5512 811E
2049 5454 2456 5513 LECTIONES.

583 5549 607 5582 '
640 5548 1009 5621 μου.(].σου.ᾲ
1053 5550 1097 5582 ¹⁰
1162 5549 1298 5605 διότι
1329 5553 1600 5607 σ-διαστ,
1649 5551 1776 5608 Haec
1831 5551 1900 5621 ad
1941 5567 2086 5609 Vera.
2146 5551 2215 5609 15
2271 5551 2543 5621 pertinent
2590 5547 3263 5621 iuxtallebr._c_t_rLXX.A
3331 5544 3521 5621 "Aliae.
3578 5535 3703 5618 Ιεςιῖο

522 5616 817 5718 esti—«6:6;
840 5619 1226 5718 καταςῃρανεῖ.
1295 5622 1552 5718 ηρδιαφθ.
1580 5623 1659 5718 ita
1688 5637 1811 5718 cu‘m
1866 5620 2208 5718 C'leﬁin'tus'.‘
2244 5616 2432 5718 S'irm.A
2455 5616 2853 5693 διαφθείροντα.
2919 5619 2964 5650 ¹³
2985 5618 3126 5675 Edit.
3188 5619 3336 5692 prior
3379 5616 3500 5672 hab.
3544 5616 3699 5666 ταῦτα.

1908 5684 1927 5698 ο

531 5687 576 5718 ³⁸
608 5690 694 5746 ἀν.
724 5690 800 5746 Ita
838 5706 962 5748 cum
996 5687 1308 5762 C'lcgimus.
1345 5687 1509 5749 sam.
1545 5691 1895 5765 αἱρουμένοις.

2021 5692 2044 5724 ⁸
2068 5691 2147 5748 ὦ.
2166 5691 2290 5749 Des.
2315 5692 2369 5746 in
2399 5692 2465 5747 Δ.
