3912 6206
232 316 367 381 ίθὲθ

1507 326 1583 387 IN
1623 327 1810 387 OSEE
1845 326 2005 390 CAP.
2046 332 2199 392 XIV.

3330 323 3469 388 1630

226 428 498 499 προσήκει
526 428 833 501 χρήσασθαι
876 430 1054 499 λόγοις
1082 430 1172 485 τὸν
1200 432 1336 487 Θεὸν
1361 433 1777 506 ἱξιλεουμὲνους

1899 455 2028 505 eos,
2088 441 2292 511 quibus
2334 439 2514 493 verbis
2555 436 2848 495 conveniat
2900 436 2979 491 uti
3034 433 3203 491 Deum
3249 436 3469 506 placare

223 519 431 573 Εἴπατε
489 520 618 590 γὰρ,
675 520 829 591 φησι,
880 520 1158 576 ιΔύνασαι
1199 524 1245 557 ¹⁶
1311 526 1491 581 πᾶσαν
1544 527 1797 597 ἀφαιρεῖν

225 611 524 682 ἁμαρτίαν.
558 631 577 663 ι
611 612 829 682 Ταύτην
854 612 964 683 γὰρ
1002 613 1151 685 αὐτῷ
1194 617 1293 686 τὴν
1320 616 1600 688 ἱκετηρίαν
1631 635 1798 689 προσ-

223 700 505 771 φέροντες,
536 701 595 754 οὐ
640 700 873 773 λήψεσθε
903 703 1002 772 μὲν
1034 703 1134 774 τῆς
1161 703 1374 770 ἀδικίας
1415 707 1484 762 τὰ
1520 709 1794 779 ἐπίχειρα,

220 794 280 843 ὲν
332 791 633 847 ἀπολαύσει
682 793 741 846 δὲ
799 794 1092 864 γενήσεσθε
1142 797 1499 853 παντοδαπῶν
1552 799 1792 866 ἀγαθῶν.

219 881 495 952 Πρόσθετε
524 882 580 936 δὲ
605 883 832 946 ἐκείνοις
857 888 970 949 τοῖς
998 885 1192 954 λόγοις,
1217 887 1310 941 τὸν
1338 889 1565 961 Σωτῆρα
1592 893 1686 944 καὶ
1705 891 1796 944 εὐ-

215 973 454 1047 εργέτην
485 975 906 1041 ἀντιϐολοῦντες,
937 977 1012 1043 ὡς
1038 978 1237 1033 Οὐκέτι
1274 980 1450 1034 οὐδενὶ
1489 980 1791 1053 ἀνθρώπων

215 1064 589 1137 θαρῤήσομεν,
630 1066 732 1120 οὐκ
790 1067 1115 1139 Ἀσσυρίοις,
1162 1068 1265 1124 οὐκ
1310 1071 1647 1138 Αἰγυπτίοις,
1693 1071 1791 1142 οὐχ

215 1155 403 1211 ἵππων
426 1156 644 1227 πλήθει,
678 1156 802 1211 οὔτε
845 1158 951 1229 μὴν
991 1157 1147 1222 θεοὺς
1180 1161 1476 1232 νομιοῦμεν
1514 1164 1582 1217 τὰ
1612 1163 1791 1234 χειρό-

212 1263 408 1316 κμητα
437 1245 646 1301 εἴδωλα.
684 1246 899 1301 Τούτων
928 1249 1037 1317 γὰρ
1075 1248 1179 1302 ὑπὸ
1210 1249 1302 1304 σοῦ
1339 1251 1664 1319 λεγομένοιν,
1691 1253 1719 1303 ὁ
1746 1253 1787 1286 ⁸⁷

209 1337 273 1389 ἓν
309 1338 394 1401 σοι
426 1336 663 1407 συνεχῶς
714 1339 1034 1410 φαινόμενος
1078 1342 1292 1408 Κύριος
1332 1342 1572 1408 ἐλεήσει
1602 1345 1786 1413 ὀρφα-

206 1430 347 1483 νόν·
364 1428 634 1492 τουτέστι,
652 1428 744 1481 τὸν
759 1428 995 1498 ὀρφανοῦ
1015 1429 1170 1501 δίκην
1194 1432 1298 1501 ἀτη
1308 1431 1534 1501 μέλητον
1560 1430 1687 1485 ὄντα
1704 1451 1784 1494 σε,

206 1520 307 1573 καὶ
337 1518 788 1590 ἀκηδεμόνευτον,
818 1519 996 1586 πάσης
1026 1520 1248 1585 ἀξιώσει
1281 1522 1557 1593 προνοίας,
1582 1524 1677 1578 καὶ
1712 1523 1786 1578 la-

206 1627 351 1673 σεως
379 1610 437 1665 δὲ
464 1609 758 1681 μεταδώσω
782 1628 885 1676 σοι,
910 1612 1017 1666 τῶν
1044 1614 1407 1685 ἐπικειμένων
1430 1615 1784 1670 ἀπαλλάττων

205 1699 421 1754 κακῶν.
465 1700 705 1771 Γνησίως
744 1701 799 1755 δὲ
832 1701 961 1773 περὶ
1004 1702 1064 1756 σὲ
1105 1703 1451 1775 διαθήσομαι,
1483 1706 1579 1758 καὶ
1603 1707 1784 1759 πᾶσαν

1900 531 2270 589 studentibus.
2312 531 2484 586 Dicite
2542 531 2710 594 enim,
2739 528 2838 593 ait,
2868 546 2890 580 ι
2923 530 3081 584 Potes
3110 542 3327 584 onmem
3356 528 3469 583 .tol-

1898 626 2011 683 lere
2051 626 2417 697 iniquitatem.
2450 644 2474 678 ι
2521 623 2674 679 Hanc
2716 622 2862 678 enim
2900 621 2980 677 illi
3012 620 3465 692 supplicationem

1898 717 2227 781 otIerentes,
2274 732 2382 771 non
2427 716 2659 786 capietis
2716 713 3000 783 injustitiae
3040 712 3303 784 praemia,
3331 711 3465 780 quin

1892 808 2202 864 eﬁiciemini
2237 814 2521 875 compotes
2554 807 2799 860 omnium
2841 804 3140 860 bonorum.
3176 800 3467 870 Adjungite

1892 899 2060 955 etiam
2095 898 2206 954 illis
2233 897 2435 962 verbis,
2468 896 2811 950 Salvatorem
2846 903 2898 950 et
2930 892 3334 950 benefactorem
3372 904 3465 943 ro-

1895 1000 2112 1061 gantes,
2139 982 2281 1045 Nulli
2313 989 2552 1058 amplius
2586 988 2902 1042 mortalium
2931 985 3274 1042 eonﬁdemus
3300 1025 3317 1047 ,
3356 997 3464 1037 non

1889 1081 2153 1152 Assyriis,
2186 1096 2294 1136 non
2331 1080 2622 1152 Egyptiis,
2652 1096 2764 1136 non
2798 1092 3064 1147 equorum
3098 1073 3462 1137 multitudini,

1895 1189 2072 1244 neque
2121 1174 2255 1230 deos
2304 1173 2750 1231 existimabimus
2793 1172 2938 1227 idola
2987 1169 3322 1227 mauul'acta.
3364 1164 3463 1221 His

1889 1266 2037 1323 cutim
2070 1266 2167 1322 abs
2198 1274 2250 1320 te
2275 1264 2444 1321 dictis
2465 1304 2481 1330 ,
2535 1263 2829 1327 Dominus,
2870 1262 2970 1330 qui
3023 1260 3249 1315 assiduo
3282 1265 3460 1313 tecum

1888 1364 2008 1418 est,
2049 1356 2388 1413 miserebitur
2414 1354 2606 1424 pupilli
2630 1370 2649 1408 :
2696 1353 2802 1408 hoc
2831 1361 2947 1415 est,
2987 1358 3040 1405 te
3072 1357 3332 1420 tanquam
3360 1361 3462 1415 pu-

1889 1448 2081 1518 pillum
2125 1448 2297 1504 tutela
2333 1455 2385 1502 et
2421 1447 2711 1501 curatione
2753 1451 3032 1501 carentem
3086 1440 3233 1497 omni
3275 1438 3460 1507 provi-

1887 1539 2075 1595 dentia
2111 1538 2347 1604 fovebit;
2398 1538 2508 1593 imo
2542 1536 2834 1591 sanitatem
2856 1576 2872 1600 ,
2902 1532 3117 1602 inquit,
3151 1529 3219 1585 ab
3256 1543 3457 1597 urgen—

1885 1629 2036 1685 tibus
2083 1629 2242 1685 malis
2285 1639 2337 1684 te
2389 1628 2608 1698 1373
2664 1627 2938 1691 liberans,
2989 1620 3293 1692 impertiar.
3335 1617 3462 1672 Sin-

1885 1734 2015 1775 cere
2053 1728 2234 1775 autem
2257 1717 2457 1774 aﬁ'eetu
2489 1727 2542 1774 te
2577 1730 2910 1787 prosequar,
2958 1720 3012 1768 et
3061 1710 3323 1769 iullictam
3357 1706 3456 1763 tibi

203 1793 309 1863 τὴν
332 1791 715 1881 ἐπενεχθεῖσαν
743 1809 824 1846 σοι
855 1794 1195 1849 καταπαύσω
1228 1795 1476 1850 παιδείαν
1500 1813 1516 1828 ο
1547 1798 1777 1869 χορηγή-

1885 1811 2304 1881 castigationem
2356 1824 2573 1865 onmem
2618 1822 2844 1863 cessare
2891 1804 3087 1863 faciam
3124 1820 3147 1863 ;
3197 1808 3456 1872 praeterea

205 1901 289 1939 σω
316 1883 373 1939 δέ
415 1899 496 1938 σοι
524 1878 636 1938 οἷόν
672 1902 791 1939 τινα
812 1883 999 1955 δρόσον
1035 1886 1134 1950 τὰς
1172 1887 1311 1957 ἐμὰς
1344 1888 1571 1958 δωρεὰς,
1603 1889 1678 1952 ὡς
1714 1890 1780 1945 ἂν

203 1978 382 2048 κρίνῳ
404 1976 798 2047 παραπλησίως
824 1977 1088 2049 ἀνθήσαις
1108 1997 1122 2011 ο
1146 1978 1304 2033 τοῦτο
1328 1981 1437 2052 γὰρ
1468 1982 1778 2053 παρεδήλωο

203 2085 301 2122 σεν
328 2066 568 2139 εἰρηκώς
599 2085 613 2099 ο

277 2167 354 2225 ς’.
401 2179 420 2213 ι
452 2161 685 2230 Ἔσομαι
736 2161 810 2225 ὡς
838 2160 881 2192 ’⁸
927 2160 1117 2232 δρόσος
1138 2161 1217 2230 τῷ
1268 2161 1504 2235 Ἰσραὴλ,
1553 2164 1776 2236 ἀνθήσει

200 2254 280 2320 ὼς
301 2253 504 2325 κρίνον.
536 2272 559 2306 ι
595 2252 869 2325 Πολλαχοῦ
892 2253 947 2307 δὲ
979 2253 1171 2307 τούτου
1201 2252 1294 2308 τοῦ
1312 2256 1352 2286 ¹⁹
1385 2254 1579 2318 ἄνθους
1606 2254 1779 2326 ήθεία

202 2345 484 2416 μέμνηται
511 2345 724 2419 Γραφή.
763 2345 873 2400 Καὶ
914 2346 1144 2409 Ἦσαῖας
1180 2345 1279 2419 μὲν
1306 2345 1407 2417 βοᾷ
1427 2365 1442 2379 ο
1479 2366 1498 2399 ι
1528 2345 1780 2417 Εὐφραν-

199 2435 352 2506 θήτω
376 2437 409 2507 ή
438 2435 662 2507 ἔρημος,
693 2436 784 2489 καὶ
806 2435 1039 2491 ἀνθείτω
1067 2435 1143 2501 ὡς
1174 2436 1380 2507 κρίνον.
1414 2457 1435 2491 ι
1496 2438 1585 2492 Ἑν
1616 2438 1673 2493 δὲ
1701 2436 1778 2509 τῷ

202 2526 449 2598 ’ᾼσματι
479 2526 588 2580 τῶν
618 2527 876 2599 ᾀσμάτων
915 2527 1044 2598 περὶ
1096 2529 1195 2598 τῆς
1221 2527 1437 2599 νύμφης
1478 2530 1508 2583 ὁ
1546 2528 1777 2600 νυμφίος

199 2619 369 2689 φησιν
389 2636 404 2651 ⁶
429 2638 447 2671 ι
480 2619 570 2684 Ὣς
595 2619 778 2690 κρίνον
806 2621 863 2673 ὲν
893 2619 1043 2691 μέσῳ
1066 2620 1338 2686 ἀκανθῶν,
1369 2622 1542 2684 οὓτως
1569 2621 1775 2692 ήάδελ-

197 2710 329 2783 φιδή
368 2728 471 2782 μου
488 2710 534 2742 ’⁸
575 2710 849 2782 ἀναμέσον
876 2710 984 2764 τῶν
1024 2710 1360 2782 θυγατέρων.
1390 2730 1411 2764 ι
1455 2713 1568 2767 Καὶ
1601 2714 1629 2765 ὁ
1664 2711 1777 2767 Κύ-

198 2821 317 2875 ριος
338 2803 396 2858 δὲ
421 2805 478 2858 ὲν
503 2805 616 2871 τοῖς
646 2804 810 2876 ἱεροῖς
837 2804 1193 2875 Εὐαγγελίοις
1212 2845 1227 2871 ,
1262 2823 1283 2858 ι
1322 2805 1771 2877 Ἀποϐλέψατευ,

195 2897 389 2967 φησὶν,
417 2897 497 2963 εἰς
534 2897 601 2951 τὰ
646 2897 805 2968 κρίνα
853 2897 949 2951 τοῦ
979 2897 1175 2968 ἀγροῦ.
1216 2897 1388 2967 Ἀμὴν
1417 2896 1560 2966 λέγω
1607 2899 1770 2967 ὑμῖν,

193 2985 323 3040 οὔτε
363 2985 613 3057 Σολομὼν
650 2988 709 3040 ἐν
750 2987 899 3059 πάσῃ
939 2989 1005 3057 τῇ
1048 2986 1173 3058 δόξῃ
1206 2986 1370 3041 αὐτοῦ
1419 2987 1774 3058 περιεϐάλετο

1882 1902 1979 1957 tibi
2007 1903 2162 1972 quasi
2212 1916 2395 1957 rorem
2452 1899 2747 1970 quemdam
2794 1912 2914 1953 mea
2971 1896 3115 1953 dona
3161 1892 3455 1965 praebebo,

1882 1998 1941 2046 ut
1975 1990 2176 2048 ﬂoreas
2220 1991 2369 2047 sicut
2415 1990 2613 2044 lilium.
2663 1987 2779 2042 Huc
2822 1987 2966 2042 enim
3018 1983 3327 2055 expressit.
3373 1980 3456 2036 div

1878 2100 2012 2140 cens
2045 2102 2059 2137 ἶ

1951 2175 2114 2231 Vens.
2160 2174 2212 2230 6.
2266 2193 2285 2226 ι
2330 2173 2439 2228 Ero
2485 2172 2645 2243 quasi
2701 2187 2794 2227 ros
2842 2168 3077 2235 Israeli,
3125 2166 3345 2223 ﬁorebit
3395 2173 3455 2220 ut

1878 2268 2075 2324 lilium.
2109 2285 2128 2319 ι
2180 2265 2354 2336 Hujus
2391 2278 2521 2319 vero
2562 2262 2714 2317 ﬂoris
2756 2275 2906 2331 saepe
2958 2273 3122 2314 sacra
3169 2256 3455 2326 Scriptura

1878 2356 2150 2413 meminit.
2186 2355 2251 2411 Et
2276 2353 2501 2426 quidem
2535 2352 2705 2408 Isaias
2734 2352 2934 2409 clamat
2967 2369 2981 2405 :
3030 2367 3048 2400 ι
3082 2346 3319 2403 Laetetur
3356 2347 3453 2401 de-

1877 2455 2057 2512 serta,
2084 2456 2139 2501 et
2168 2444 2358 2501 ﬂoreat
2383 2443 2545 2515 quasi
2575 2441 2749 2496 lilium
2782 2449 2827 2494 ⁸.
2862 2458 2881 2493 ι
2921 2440 2981 2494 In
3013 2438 3246 2493 Cantica
3273 2446 3453 2491 autem

1877 2538 2222 2594 canticorum
2248 2536 2317 2592 de
2346 2549 2549 2605 sponsa
2579 2547 2823 2604 sponsus
2860 2531 2975 2585 ait:
3018 2549 3037 2580 ι
3078 2528 3233 2587 Sicut
3278 2529 3451 2583 lilium

1853 2631 1932 2685 ‘in
1960 2628 2140 2686 medio
2164 2628 2468 2698 spinarum,
2500 2625 2581 2680 sic
2603 2633 2833 2694 cognata
2866 2635 2986 2677 mea
3018 2620 3158 2675 inter
3189 2619 3329 2675 ﬁlias
3352 2631 3400 2671 ι.
3425 2636 3446 2671 ι

1876 2719 2015 2775 Tum
2043 2721 2098 2774 in
2131 2718 2306 2776 sacris
2329 2715 2640 2785 Evangeliis
2672 2713 2940 2768 Dominus
2974 2711 3151 2780 inquit
3186 2728 3201 2764 :
3254 2727 3274 2761 ι
3307 2709 3452 2762 Con-

1877 2812 2116 2868 siderate
2150 2811 2263 2865 lilia
2294 2808 2436 2881 agri.
2467 2806 2640 2860 Amen
2672 2804 2796 2860 dico
2825 2804 3003 2868 vobis,
3042 2806 3062 2825 ‘
3104 2817 3175 2858 ne
3212 2793 3441 2855 Salomo

1875 2900 2098 2970 quidem
2130 2899 2185 2953 in
2212 2898 2362 2953 omni
2394 2896 2568 2971 gloria
2597 2910 2695 2953 sua
2719 2895 2951 2951 vestitus
2976 2892 3079 2947 fuit
3109 2892 3254 2949 sicut
3278 2906 3447 2947 unum

1874 3007 1939 3046 ex
1985 2991 2108 3047 istis
2146 2989 2197 3044 δ.
2239 3007 2259 3042 ι
2314 2989 2390 3042 Ex
2428 2985 2577 3042 omni
2624 2992 2779 3055 parte
2820 2984 2985 3054 igitur
3014 2982 3444 3052 cognoscimus,

191 3079 274 3143 ὡς
301 3078 362 3132 ἓν
389 3078 616 3133 τούτων.
649 3097 668 3132 ι
715 3079 1059 3149 Πανταχόθεν
1092 3079 1274 3132 τοίνυν
1307 3080 1669 3151 μανθάνομεν,
1698 3080 1774 3143 ὡς

1883 3087 2074 3149 [ιι-αξιοι·
2098 3076 2530 3134 suaveolentiam
2561 3077 2724 3130 etiam
2758 3074 2857 3129 lilii
2890 3071 3236 3142 splendorem
3270 3070 3447 3125 admia

193 3172 336 3243 πρὸς
358 3174 423 3243 τῇ
449 3171 650 3242 εὐωδίᾳ
684 3170 778 3224 καὶ
802 3172 834 3241 ή
855 3170 1177 3243 λαμπρότης
1205 3171 1300 3225 τοῦ
1337 3170 1530 3235 ἄνθους
1558 3171 1771 3244 θαυμά-

193 3266 371 3330 ζεται.
421 3263 606 3336 Ταύτῃ
650 3263 708 3317 δὲ
748 3262 1153 3335 παραϐάλλεται
1208 3265 1241 3333 ή
1296 3261 1390 3315 τοῦ
1439 3262 1610 3333 ῥύπου
1672 3264 1772 3332 τῆς

192 3355 474 3427 ἁμαρτίας
502 3354 898 3426 ἀπηλλαγμένη
923 3353 1092 3426 ψυχὴ,
1127 3354 1220 3407 καὶ
1248 3354 1346 3422 τὴν
1380 3352 1771 3423 λαμπροτάτην

189 3446 290 3501 τοῦ
320 3446 697 3517 βαπτίσματος
720 3445 1158 3515 περιϐεϐλημένη
1185 3445 1400 3513 στολὴν,
1430 3444 1559 3515 περὶ
1586 3439 1653 3516 ἦς
1676 3444 1773 3498 καὶ

201 3540 434 3602 Ἡσαΐας
473 3537 572 3609 βοᾷ
590 3554 603 3568 ο
640 3557 660 3590 ι
700 3536 1069 3607 Ἀγαλλιάσθω
1091 3537 1123 3609 ἡ
1149 3535 1294 3607 ψυχή
1320 3553 1421 3605 μου
1442 3536 1533 3589 ἐπὶ
1558 3535 1635 3606 τῷ
1663 3537 1772 3590 Κυ-

194 3629 328 3702 ρίῳ·
376 3627 590 3682 ἐνέδυσε
621 3627 729 3700 γάρ
767 3644 835 3699 με
872 3627 1086 3697 ἱμάτιον
1114 3625 1406 3698 σωτηρίου,
1443 3626 1537 3679 καὶ
1569 3624 1773 3695 χιτῶνα

190 3719 556 3793 εὐφροσύνης.
571 3738 589 3771 ι
605 3719 791 3789 Τούτῳ
814 3717 922 3789 γὰρ
944 3717 1339 3790 παραπλησίως
1352 3716 1429 3788 τῷ
1442 3717 1612 3788 κρίνῳ
1631 3717 1725 3772 καὶ
1743 3719 1771 3772 ό

202 3809 427 3881 Ἰσραὴλ
461 3809 551 3864 τὸν
589 3807 721 3862 Θεὸν
765 3808 1042 3877 ἐπιγνοὺς,
1113 3827 1132 3858 ι
1168 3808 1441 3879 ’Δνθήσει,
1481 3808 1643 3877 φησὶ,
1675 3809 1771 3863 καὶ

191 3902 353 3973 βαλεῖ
393 3901 493 3966 τὰς
539 3900 695 3972 ῥίζας
749 3899 915 3954 αὐτοῦ
949 3897 1025 3962 ὡς
1068 3896 1319 3962 Λίϐανος.
1355 3917 1374 3949 ι
1418 3898 1578 3970 Δηλοῖ
1610 3898 1666 3952 δὲ
1709 3898 1771 3953 τὸ

187 3982 318 4066 ὅρος
347 3993 410 4048 τὸ
436 3995 554 4058 ταῖς
583 3992 794 4062 κέδροις
821 4007 1050 4044 κατεστε
1062 3990 1289 4063 μμένον.
1331 3985 1465 4044 Εἶτα
1489 3989 1550 4045 τὸ
1574 3990 1769 4060 ἐσόμε-

186 4103 284 4141 νον
312 4082 679 4155 αἰνιττόμενος
702 4081 929 4152 πλῆθοςο

263 4175 331 4240 ζ’.
368 4193 387 4227 ι
420 4172 784 4245 Πορεύσονται
823 4171 870 4223 οἱ
902 4169 1087 4224 κλάδοι
1119 4166 1307 4223 αὐτοῦ.
1343 4186 1362 4218 ι
1401 4166 1770 4237 Προαγορεύει

189 4268 290 4322 καὶ
328 4265 420 4320 τὸν
435 4265 481 4297 ²¹
521 4262 622 4334 τῆς
672 4260 950 4326 εὐσεϐείας
994 4259 1246 4332 καρπόν·
1277 4277 1296 4310 ι
1334 4258 1443 4312 Καὶ
1491 4257 1644 4310 ἔσται
1693 4257 1769 4319 ὼς

188 4358 352 4416 ἐλαία
378 4355 752 4427 κατάκαρπος,
772 4352 864 4407 καὶ
889 4353 923 4422 ἡ
943 4350 1215 4423 όσφρασία
1234 4351 1279 4381 ’³
1309 4347 1472 4402 αὐτοῦ
1500 4347 1577 4409 ὡς
1600 4345 1769 4400 Λιϐά-

187 4467 308 4505 νου.
336 4467 357 4501 ι
380 4446 628 4500 Διδάσκει
655 4444 713 4498 δὲ
741 4443 837 4498 κα).
860 4441 966 4496 τῶν
987 4440 1206 4511 ἀγαθῶν
1226 4439 1325 4510 τὴν
1352 4437 1549 4491 αἰτίαν·

263 4546 341 4611 η’.
377 4557 397 4590 ι
430 4535 866 4606 Ἐπιστρέψουσι,
925 4533 1018 4587 καὶ
1067 4528 1379 4586 καθιοῦνται
1415 4527 1519 4582 ὑπὸ
1537 4528 1617 4560 ³³*
1668 4526 1767 4597 τὴν

188 4634 407 4704 σκέπην
437 4629 620 4686 αὐτοῦ’
655 4648 673 4680 ι
695 4627 961 4695 τουτέστι,
989 4625 1082 4679 τοῦ
1107 4623 1266 4679 Θεοῦ.
1300 4641 1319 4675 ι
1351 4623 1459 4676 Καὶ
1487 4620 1764 4693 ζήσονται,

189 4726 291 4779 καὶ
324 4719 839 4793 στηριχθήσονται²¹⁵
871 4718 1023 4787 σίτῳ,
1051 4716 1149 4770 καὶ
1179 4713 1464 4783 ἐξανθήσει
1483 4712 1558 4776 ὡς
1587 4713 1769 4780 ἄμπε-

185 4817 285 4878 λος
316 4814 382 4868 co
411 4812 750 4885 μνημόσυνον
779 4809 976 4871 αὐτῶν,
999 4809 1075 4870 ὡς
1098 4803 1244 4871 οἶνος
1273 4804 1529 4860 Λιϐάνου.
1557 4822 1576 4855 ι
1599 4803 1764 4859 Ἀπο-

185 4907 512 4977 ταττόμενοι
547 4904 659 4976 γὰρ
692 4905 758 4974 τῇ
793 4900 971 4972 πλάνῃ
999 4899 1108 4952 τῶν
1150 4897 1405 4962 εἰδώλων,
1436 4897 1529 4949 καὶ
1558 4899 1626 4968 τῇ
1655 4898 1762 4967 ἐμῇ

187 4997 526 5071 θαρροῦντες
561 4993 877 5066 κηδεμονίᾳ,
925 4988 1282 5043 παντοδαπῶν
1328 4987 1548 5057 ἀγαθῶν
1577 4986 1757 5050 δέξον-

1875 3172 2145 3226 rationem
2172 3169 2473 3225 concitare.
2505 3167 2643 3222 lluie
2674 3173 2856 3222 autem
2888 3173 3241 3236 comparatur
3265 3164 3447 3219 anima

1873 3274 1905 3313 a
1941 3257 2202 3316 sordibus
2234 3263 2585 3328 peccatorum
2622 3255 2873 3319 liberata,
2908 3261 2964 3310 et
2998 3252 3449 3323 splendidissima

1873 3351 2012 3407 stola
2051 3349 2310 3421 baptismi
2350 3357 2567 3415 ornata,
2603 3347 2670 3403 de
2707 3362 2817 3417 qua
2849 3346 3017 3401 etiam
3058 3345 3228 3401 Isaias
3267 3344 3448 3414 loqui-

1874 3454 2000 3500 tur:
2037 3460 2055 3494 ι
2091 3442 2343 3498 Exsultet
2375 3440 2560 3494 anima
2590 3454 2705 3494 mea
2736 3438 2790 3493 in
2822 3436 3075 3501 Domino,
3104 3436 3235 3506 quia
3268 3435 3448 3491 induit

1872 3550 1958 3590 me
1997 3534 2322 3591 vestimento
2356 3533 2575 3593 salutis,
2603 3541 2659 3586 et
2680 3530 2867 3584 tunica
2890 3527 3103 3585 laetitiae
3137 3538 3185 3582 ο.
3216 3546 3237 3581 ι
3292 3526 3450 3582 Sicut

1870 3627 2015 3685 enim
2044 3626 2147 3683 boc
2171 3626 2346 3679 lilium
2371 3665 2387 3687 ,
2423 3623 2640 3692 inquit,
2677 3620 2896 3679 ﬁorebit
2934 3619 3099 3677 Israel
3128 3633 3441 3688 agnoscens

1871 3719 2186 3775 Dominum.
2243 3736 2263 3769 ι
2303 3715 2584 3777 Florebit,
2635 3713 2854 3784 inquit,
2905 3722 2960 3768 et
2981 3711 3196 3766 emittet
3230 3702 3445 3764 rudiaris

1872 3825 2003 3867 suas
2054 3810 2213 3879 quasi
2271 3805 2538 3862 Libanus.
2578 3823 2597 3858 ι
2648 3803 2886 3859 Montem
2938 3812 3122 3857 autem
3174 3800 3447 3872 signiﬁcat

1870 3901 2050 3958 cedris
2108 3899 2267 3970 quasi
2321 3898 2485 3954 sertis
2542 3896 2877 3951 redimitum.
2940 3893 3145 3950 Deinde
3202 3892 3445 3948 futuram

1870 3993 2273 4052 multitudinem
2308 3990 2586 4061 designat,
2616 4003 2740 4045 cum
2768 3986 2847 4043 ait
2875 4005 2888 4041 :

1938 4175 2108 4233 Vens.
2156 4177 2207 4231 7.
2259 4193 2278 4227 σ
2312 4173 2478 4230 Ibunt
2517 4174 2657 4228 rami
2706 4173 2852 4243 ejus.
2889 4191 2909 4227 ι
2962 4170 3219 4225 Praedicit
3275 4169 3442 4223 etiam

1872 4265 2088 4336 pietatis
2134 4262 2369 4317 fructum
2409 4279 2422 4314 :
2452 4280 2470 4313 ι
2506 4259 2571 4313 Ει
2606 4263 2711 4316 erit
2741 4260 2899 4319 quasi
2935 4260 3081 4315 oliva
3116 4256 3437 4323 fructifera,

1869 4362 1924 4408 et
1957 4352 2093 4408 odor
2147 4351 2361 4421 1379
2401 4351 2550 4405 illius
2588 4352 2745 4421 quasi
2777 4349 2993 4404 Libani.
3027 4369 3047 4400 ι
3102 4346 3240 4403 Τιιιιι
3278 4345 3439 4401 docet

1796 4441 1843 4501 Ι)
1873 4446 2140 4501 bonorum
2175 4457 2404 4496 causam
2441 4458 2455 4493 :

1942 4534 2105 4589 Vens.
2142 4533 2196 4587 8.
2235 4554 2253 4584 ι
2281 4532 2705 4589 Converteutur.
2729 4537 2782 4585 et
2808 4529 3077 4584 sedebant
3108 4528 3212 4583 sub
3245 4526 3438 4582 umbra

1866 4624 2009 4694 ejus.
2050 4642 2068 4675 ι
2115 4621 2228 4677 Iloe
2267 4630 2348 4677 est
2380 4659 2394 4682 .
2442 4620 2547 4675 sub
2595 4620 2788 4674 umbra
2837 4618 2954 4673 Dei.
2996 4637 3015 4669 ι
3049 4618 3114 4672 Ει
3139 4619 3357 4685 vivent,
3384 4625 3440 4671 et

1869 4715 2236 4772 ﬁrmabuntur
2281 4712 2592 4767 frumento:
2635 4721 2690 4766 et
2723 4710 2990 4766 eﬁIorebit
3032 4719 3092 4764 ut
3119 4710 3279 4763 vinea
3325 4722 3439 4762 me-

1867 4805 2096 4862 moriale
2136 4819 2325 4859 eorum
2355 4843 2369 4867 ,
2414 4803 2572 4872 quasi
2620 4803 2804 4857 vinum
2855 4801 3069 4857 Libani.
3105 4820 3124 4851 ι
3173 4792 3437 4854 Nuntium

1874 4898 2019 4954 enim
2058 4896 2398 4950 remittentes
2440 4894 2712 4948 idolorum
2748 4894 2958 4957 errori,
3004 4902 3059 4947 et
3090 4906 3223 4946 mea:
3254 4889 3441 4960 provi-

1864 4986 2065 5044 dentiae
2089 4983 2449 5051 conﬁdentes,
2481 4984 2726 5038 omnium
2754 4984 3020 5039 bonorum
3049 4983 3206 5054 copia
3232 4981 3441 5039 reduxi-

304 5114 437 5194 ’Isa.
466 5153 629 5202 xxxv,
664 5137 713 5189 l.
785 5144 809 5173 ⁸
836 5132 995 5189 Cant.
1033 5147 1094 5198 ιι,
1122 5130 1176 5185 2.
1249 5131 1280 5172 1³
1312 5129 1598 5196 Mattb.vr,
1629 5132 1720 5196 29,
1746 5132 1834 5187 50.
1912 5141 1935 5170 ε
1959 5130 2061 5185 lsa.
2094 5143 2205 5193 LXI,
2237 5126 2324 5181 IO.

1508 5274 1592 5329 VA
1602 5272 1741 5330 BHE
1773 5268 2174 5327 LECTIONES.

264 5437 315 5510 l'
346 5437 474 5510 Δύν.
510 5469 581 5481 -
620 5440 823 5510 αμαρτ.
844 5436 985 5510 pes:
1007 5433 1165 5510 apud
1188 5431 1367 5510 LX_I_(_;
1399 5432 1523 5510 eod.
1560 5432 1722 5510 Barb‘.
1758 5430 1921 5486 habet
1972 5433 2204 5510 ἀδικίαν.

637 5496 678 5542 ’δ
701 5496 817 5564 τοῦ.
843 5506 917 5560 Ex
940 5506 982 5560 Ο
1010 5496 1110 5572 5in
1153 5504 1189 5558 Ι.
1265 5505 1311 5536 ²⁰
1340 5496 1482 5574 ήὰδ.
1566 5518 1648 5558 ου.
1681 5499 1878 5569 Supra.
1920 5517 1973 5570 p.
2005 5504 2073 5555 54
2099 5511 2213 5556 erat
2245 5498 2277 5566 ἠ
2323 5496 2549 5567 πλησίον
2608 5510 2728 5565 μου.

637 5596 694 5628 :n.
768 5579 811 5609 ¹¹
838 5577 931 5628 καὶ
959 5575 1071 5628 τόν.
1095 5520 1218 5628 (ξδὲ
1244 5573 1357 5627 καί.
1436 5572 1482 5605 ³³
1518 5521 1678 5628 ύισφρ.
1706 5571 1746 5624 C
1780 5570 2073 5628 εὐφρασία.
2106 5571 2224 5626 sine
2253 5568 2415 5628 alius,
2452 5573 2716 5628 quantum

195 5508 334 5563 edit.
369 5509 559 5577 priori.

196 5572 386 5634 Aliter'
415 5579 453 5631 Ι.
499 5594 550 5633 c.
589 5578 694 5646 leg.
768 5579 811 5609 "
838 5577 931 5630 καὶ
959 5572 1135 5646 τόν.Αο
1161 5573 1218 5626 δὲ
1232 5572 1371 5646 δαίς
1436 5572 1482 5605 ³³

768 5579 811 5609 ¹¹
838 5577 931 5630 καὶ
959 5575 1071 5628 τόν.

2302 5428 2417 5481 ιτὸ.
2447 5425 2523 5481 Ex
2576 5424 2618 5481 C
2670 5421 2850 5493 suppl.
2904 5492 2909 5493 γ
2957 5421 3129 5493 "u'mg.
3159 5418 3349 5472 Deerat
3373 5415 3437 5493 in

2819 5489 3107 5549 ¹¹ἀποϐλ.,
3162 5505 3213 5539 κ.
3270 5504 3315 5536 τ.
3378 5483 3435 5534 λ.

1551 5553 1678 5642 άφρ.
1765 5553 2073 5642 ἐύφρὲισία,
2092 5553 2224 5642 sine
2248 5553 2716 5642 alius,'_q_uantum
2745 5560 2968 5642 scimus,
2996 5558 3205 5642 codicis
3237 5553 3433 5642 satira:

195 5621 361 5717 33'."
388 5621 455 5680 si:
776 5621 1480 5717 legitimi'AfetvaSirm.
1517 5621 1675 5694 éézi.“
1705 5621 1748 5673 ί*
1773 5621 2219 5709 amiciad
2239 5621 2301 5705 Ο,
2345 5621 2441 5695 sed
2472 5621 2670 5693 Bosius
2734 5631 2799 5686 ad
2836 5630 2891 5684 h.
2917 5621 2963 5683 Ι.
2995 5624 3193 5681 Nostro
3241 5621 3433 5677 tribuit

200 5712 490 5775 lectionem
524 5719 646 5774 cod.
681 5712 853 5772 Vatic'.
890 5712 1335 5785 μεθυσθὴσονται.
