3912 6206
475 298 608 368 1607

1458 300 1946 363 THEODORETI
1982 298 2320 362 EPISCOPI
2361 302 2724 362 CYRENSIS

3587 303 3723 370 1608

471 425 650 472 autem
697 414 822 468 inde
864 412 1030 468 etiam
1066 410 1460 480 impetrabunt.
1498 429 1517 460 ‹
1556 408 1815 479 Ephraitn
1861 409 2006 463 enim

2148 406 2273 461 σθαι
2303 408 2746 479 παρακαλοῦντες
2764 424 2777 437 '
2799 406 2918 462 ἀλλ’
2945 408 3056 462 οὐδ’
3073 406 3326 466 ἐντεῦθεν
3350 409 3726 469 ἀπολαύσουσξ

470 509 666 577 inquit,
701 504 963 573 suscipiet
992 501 1280 572 pudorem,
1312 499 1685 555 confundetur
1716 501 1769 553 in
1801 498 2040 553 consilio

469 618 592 655 suo.
629 617 647 648 ι
688 596 823 665 Ejus
852 597 999 649 enim
1034 594 1267 648 consilia
1306 593 1564 649 stultitiae
1597 593 1755 662 plena
1783 599 1913 646 sunt
1941 606 1955 642 :
1987 599 2042 643 et

467 707 589 743 cum
617 688 682 741 ad
722 686 889 741 Deum
912 683 1201 755 perfugere
1231 685 1555 739 conveniret
1583 722 1599 746 ,
1629 684 1699 738 ab
1737 684 1906 737 idolis
1941 683 2041 735 ho-

467 781 815 849 minibusque
860 779 1107 835 subsidia
1149 779 1308 848 petit.
1360 777 1460 850 [7,
1492 776 1564 849 8]
1609 775 1818 832 Deinde
1846 775 2036 839 docet,

463 887 577 940 quo
607 881 765 940 pacto
805 885 899 925 rex
942 870 1243 935 Samariae,
1280 871 1456 925 instar
1502 868 1635 940 ligni
1668 868 1811 921 aridi
1838 906 1853 931 ,
1890 866 2039 937 quod

464 965 667 1034 impetu
715 963 1053 1018 vehementis
1106 976 1264 1031 aquae
1348 961 1568 1024 fertur,
1616 959 1936 1025 delebitur;
1985 969 2042 1012 et

461 1055 657 1109 altaria
688 1053 977 1115 idolorum,
1015 1054 1314 1122 impietatis
1344 1052 1669 1107 lsraelitica:
1704 1052 2038 1106 incitamento

462 1158 550 1209 ta,
606 1162 636 1200 a
685 1145 1059 1201 fundamentis
1091 1146 1489 1210 destruentur,
1539 1145 1613 1198 ita
1669 1151 1730 1198 ut
1780 1144 2038 1197 altarium

463 1239 579 1292 loca
621 1236 801 1308 spinis
843 1237 1002 1306 plena
1038 1234 1366 1291 cﬂiciantur.
1420 1233 1560 1289 Tum
1597 1234 2038 1306 magnitudinem

460 1331 832 1385 calamitatum
870 1330 1178 1400 exprimere
1202 1331 1431 1395 volens,
1477 1329 1768 1384 subdidit:
1806 1347 1826 1380 ι
1867 1326 1934 1380 Et
1961 1327 2041 1382 di-

460 1433 586 1476 Cent
637 1423 959 1478 montibus:
1008 1422 1199 1478 Cadite
1251 1438 1418 1493 super
1470 1437 1599 1489 nos;
1657 1430 1713 1477 et
1766 1421 2034 1477 collibus:

458 1512 680 1583 Opcrite
716 1530 833 1569 uos.
868 1537 883 1565 ι
923 1514 1094 1568 Tanta
1120 1515 1264 1569 enim
1291 1554 1306 1578 ,
1337 1516 1513 1585 inquit
1536 1555 1551 1578 ,
1581 1514 1688 1570 erit
1724 1513 2037 1569 redundan-

458 1610 531 1659 tia
561 1609 849 1668 malorum,
882 1621 1004 1660 cum
1039 1607 1222 1661 hostes
1256 1606 1523 1660 irrueriut
1544 1645 1558 1667 ,
1596 1614 1655 1659 ut
1688 1620 1852 1659 nemo
1880 1604 2037 1658 futu-

457 1711 555 1751 rus
588 1698 701 1759 sit,
731 1696 821 1765 qui
852 1712 959 1750 non
998 1697 1153 1751 malit
1191 1697 1354 1750 obrui
1389 1704 1484 1750 aut
1510 1704 1658 1751 terra
1696 1694 2031 1756 dehiscente.

455 1794 553 1839 aut
585 1789 872 1857 repentino
900 1789 1167 1843 montium
1204 1802 1361 1850 casu,
1388 1802 1551 1857 quam
1586 1787 1727 1841 mala
1760 1787 1830 1840 ah
1859 1786 2035 1840 hosti-

456 1877 560 1932 bus
605 1878 753 1931 illata
814 1878 1107 1932 sustinere.
1158 1876 1274 1949 [9]
1331 1876 1458 1932 llaec
1497 1888 1680 1931 autem
1726 1875 2033 1946 patientur,

456 1978 516 2022 ut
558 1969 741 2023 insani
781 1969 1055 2024 idolorum
1087 1970 1272 2025 cultus
1304 1984 1498 2041 pcenas
1540 1970 1719 2023 luant.
1764 1966 1897 2022 Nam
1927 1983 2035 2037 quo

456 2070 703 2131 tempore
740 2063 975 2117 collibus
1004 2077 1309 2132 eorumque
1347 2062 1620 2117 altaribus
1649 2077 1872 2131 operam
1904 2062 2035 2114 dare

454 2154 808 2217 studuerunt,
861 2168 945 2207 me
995 2154 1184 2207 colere
1232 2153 1565 2208 destiterunt
1612 2171 1626 2208 :
1685 2168 1876 2207 verum
1923 2168 2033 2207 non

454 2243 692 2313 amplius
726 2242 812 2297 his
843 2242 1141 2315 adjungeut
1170 2242 1387 2314 1359
1428 2259 1571 2300 sese.

524 2504 686 2563 Vsus.
719 2509 805 2563 lo.
843 2527 863 2560 ι
910 2506 1120 2564 Bellum
1149 2509 1294 2565 enim
1331 2524 1502 2579 super
1531 2509 1677 2566 ﬁlios
1713 2509 2033 2580 iniquitatis

448 2599 620 2661 venit,
643 2607 703 2651 ut
722 2598 984 2669 corripiat
1008 2614 1105 2654 eos
1127 2599 1431 2655 secundum
1458 2600 1793 2656 desiderium
1815 2617 2028 2658 meum:

448 2696 503 2744 et
532 2689 1014 2760 congregabantur
1045 2706 1213 2761 super
1236 2691 1363 2747 illos
1396 2692 1607 2762 populi,
1636 2692 1862 2763 quando
1890 2710 2020 2750 oor-

449 2782 592 2853 repti
636 2782 840 2837 fuerint
870 2783 924 2836 in
954 2781 1173 2839 duabus
1226 2783 1621 2853 iniquitatibus
1652 2786 1791 2841 suis.
1827 2805 1846 2839 l
1882 2786 2029 2843 Duas

449 2880 632 2928 autem
674 2873 997 2944 iniquitates
1040 2874 1143 2929 bas
1179 2883 1340 2929 vocat
1369 2894 1382 2929 :
1409 2890 1572 2929 unam
1599 2876 1841 2947 quidem,
1879 2881 2027 2950 quod

450 2965 618 3020 Deum
652 2965 1012 3035 reliquissent
1040 2982 1056 3019 :
1094 2965 1349 3033 alteram,
1380 2968 1525 3037 quod
1557 2983 1663 3022 non
1693 2970 2023 3025 exsisteutin

2140 517 2285 563 τινος
2314 499 2584 570 βοηθείας.
2613 518 2630 551 ι
2669 499 2910 570 Ἐφραῒμ
2935 499 3067 569 γάρ,
3099 500 3259 572 φησὶ,
3288 499 3504 564 δέξεται
3533 504 3728 574 αἰσχύ-

2142 609 2261 661 νην,
2285 592 2707 661 αἰσχυνθήσεται
2731 592 2791 644 ἐν
2819 593 2885 661 τῇ
2913 589 3078 661 βουλῇ
3109 589 3329 647 αὑτοῦ.»
3375 592 3593 658 Ἀνοέας
3622 594 3728 667 γὰρ

2140 683 2305 737 αὐτοῦ
2341 701 2408 754 με
2419 686 2514 737 3τά
2538 684 2606 741 τὰ
2633 682 3003 754 βουλεύματα·
3033 682 3131 738 καὶ
3151 682 3272 737 δέον
3295 684 3376 754 τῷ
3404 685 3529 756 Θεῷ
3558 705 3729 760 προσ-

2141 774 2336 833 ελθεῖν.
2373 776 2473 845 τήν
2511 776 2665 847 παρά
2692 775 2800 828 τῶν
2841 775 3076 829 εἰδώλων
3112 775 3207 828 καὶ
3249 775 3562 847 ἀνθρώπων
3595 794 3731 852 συμ-

2145 852 2343 937 μαχίαν
2368 869 2528 921 αἰτεῖ.
2564 865 2696 922 Εἶτα
2732 866 2995 932 διδάσκει,
3027 868 3175 931 ὅπως
3198 868 3308 938 τῆς
3348 870 3669 940 Σαμαρείας
3699 874 3730 925 δ

2142 958 2416 1027 βασιλεὺς,
2445 960 2723 1031 φρυγάνου
2744 960 2901 1031 δίκην
2931 960 3035 1013 ὑπὸ
3063 960 3239 1031 βιαίου
3266 960 3458 1025 ὓδατος
3486 963 3725 1033 φερομέο

2140 1066 2255 1114 νου,
2285 1052 2514 1120 φροῦδος
2543 1052 2833 1123 γενήσεται
2855 1068 2871 1083 ·
2895 1053 3044 1116 ὅπως
3072 1070 3130 1106 τε
3162 1055 3212 1107 oi
3240 1052 3417 1123 βωμοὶ
3436 1053 3546 1107 τῶν
3569 1054 3725 1109 εἰδώ-

2140 1141 2268 1208 λων,
2306 1145 2355 1197 οι
2388 1144 2490 1214 τῆς
2536 1144 2631 1197 τοῦ
2690 1145 2909 1216 Ἰσραὴλ
2953 1145 3206 1216 πρόξενοι
3251 1146 3610 1211 δυσσεϐείας,
3661 1149 3725 1202 ἑκ

2142 1232 2361 1302 βάθρων
2389 1233 2929 1304 ἀνασπασθήσονται,
2954 1234 3031 1297 ὡς
3059 1234 3312 1288 ἀκανθῶν
3341 1235 3580 1305 πλήρεις
3601 1253 3723 1305 γεν-

2141 1323 2297 1376 έσθαι
2333 1323 2442 1377 τῶν
2496 1324 2898 1396 θυσιαστηρίων
2942 1325 3068 1388 τοὺς
3112 1325 3331 1387 τόπους.
3376 1326 3613 1379 Ἔπειτα
3662 1327 3722 1380 τὺ

2143 1416 2368 1486 μέγεθος
2399 1416 2510 1468 τῶν
2539 1416 2834 1488 συμφορῶν
2868 1416 3259 1487 παραδηλῶσαι
3294 1416 3556 1489 θελήσας,
3588 1419 3722 1491 ἐπή-

2140 1524 2279 1577 γαγε
2301 1524 2315 1540 ·
2346 1527 2365 1558 ι
2395 1508 2506 1562 Καὶ
2537 1508 2721 1580 ἐροῦσι
2743 1510 2853 1571 τοῖς
2892 1508 3072 1580 δρεσιο
3118 1508 3318 1563 Πέσετε
3345 1509 3387 1540 ⁸⁸
3435 1510 3524 1579 ἐφ’
3552 1511 3721 1581 ἡμᾶς’

2139 1602 2373 1664 καὶτοῖς
2403 1601 2640 1671 βουνοῖς
2693 1601 2989 1672 Καλύψατε
3031 1602 3198 1671 ἡμᾶς.
3237 1620 3256 1651 ι
3306 1601 3548 1672 Τοιαύτη
3590 1601 3720 1672 γάρ,

2139 1693 2304 1763 φησιν
2325 1692 2392 1757 ⁸³,
2428 1693 2583 1747 ἔσται
2611 1694 2753 1764 φορά
2776 1692 2885 1746 τῶν
2914 1693 3101 1749 κακῶν
3132 1694 3191 1746 ἑν
3211 1694 3276 1763 τῇ
3303 1692 3413 1745 τῶν
3442 1692 3721 1764 πολεμίων

2138 1784 2437 1856 προσϐολῇ,
2463 1784 2540 1848 ὡς
2569 1784 2791 1839 ἑλέσθαι
2820 1784 2888 1840 ἀν
2932 1785 3162 1839 ἑκαστον
3195 1783 3532 1855 ὑποϐρύχιον
3564 1784 3721 1852 γενέ-

2138 1876 2264 1929 σθαι
2291 1880 2390 1947 τῆς
2421 1877 2526 1948 γῆς
2565 1877 2936 1949 διϊσταμένης,
2966 1876 3001 1949 ἢ
3034 1876 3144 1930 τῶν
3178 1876 3349 1948 ὀρέων
3385 1876 3723 1944 ἐξαπιναίως

2135 1968 2562 2033 ἐπιπιπτόντων,
2593 1969 2627 2041 ἢ
2661 1970 2729 2023 τὰ
2757 1968 2848 2023 ὐπ’
2871 1968 3097 2022 ἐκείνων
3127 1970 3429 2040 γιγνόμενα
3469 1969 3719 2041 προσμέ-

2135 2078 2247 2114 νειν
2283 2062 2450 2119 κακά.
2483 2062 2672 2116 Ταῦτα
2703 2062 2761 2116 δὲ
2791 2062 3090 2125 πείσονται,
3123 2062 3221 2131 τῆς
3261 2062 3391 2132 περὶ
3428 2061 3502 2115 τὰ
3526 2063 3722 2117 εἴδωλα

2138 2152 2335 2222 μανίας
2358 2153 2748 2224 ἀπαιτούμενοι
2776 2153 2954 2217 δίκας.
2995 2153 3085 2218 Ἐξ
3111 2147 3173 2207 οὗ
3203 2156 3311 2224 γάρ
3335 2157 3451 2217 τοῖς
3478 2153 3715 2223 βουνοξ,

2133 2245 2229 2296 καὶ
2266 2249 2380 2308 τοῖς
2426 2246 2486 2299 ἑν
2529 2246 2712 2308 αὐτοῖς
2751 2244 2957 2315 βωμοῖς
3001 2245 3356 2316 ἑνδιατρίδειν
3392 2246 3716 2316 ἠγάπησαν,

2134 2335 2424 2401 ἐξὲκείνου
2447 2337 2549 2404 τῆς
2582 2336 2723 2406 ἐμῆς
2758 2336 3059 2407 θεραπείας
3087 2338 3406 2407 ἀπέστησαν
3426 2354 3439 2366 ·
3474 2338 3596 2392 ἀλλ’
3619 2339 3717 2393 ob:

2133 2425 2215 2479 ἔτι
2247 2427 2456 2490 τούτοις
2484 2427 2781 2499 προσεδρεύ
2792 2445 2942 2482 σουσι
2960 2428 3025 2483 ⁸⁸.

2208 2524 2259 2573 ι’.
2302 2535 2319 2569 ι
2362 2520 2601 2589 Πόλεμος
2629 2521 2674 2553 ⁸⁵
2706 2522 2813 2593 γὰρ
2868 2521 2962 2574 ἐπὶ
2997 2522 3168 2577 τέκνα
3217 2522 3431 2586 ἀδικίας
3472 2518 3613 2594 ἦλθε
3645 2524 3712 2589 ’⁸ο

2131 2609 2420 2664 παιδεῦσαι
2470 2612 2669 2676 αὐτοὺς
2729 2613 2873 2667 κατά
2928 2614 3031 2683 τήν
3072 2614 3369 2686 ἐπιθυμίαν
3435 2631 3579 2686 μου’
3621 2615 3716 2672 καὶ

2132 2701 2565 2773 συναχθήσονται
2611 2704 2699 2756 ἐπ’
2731 2704 2931 2769 αὐτοὺς
2964 2705 3107 2771 λαοὶ,
3141 2708 3198 2759 ἑν
3252 2706 3330 2776 τῷ
3355 2707 3713 2763 παιδεύεσθαι

2130 2796 2330 2859 αὐτοὺς
2351 2797 2409 2850 ἑν
2442 2799 2566 2863 ταῖς
2605 2797 2759 2851 δυσὶν
2788 2799 3028 2863 ἀδικίαις
3058 2799 3262 2853 αὐτῶν.
3312 2820 3331 2851 ι
3374 2799 3484 2853 Δύο
3512 2800 3571 2853 δὲ
3599 2801 3713 2855 sat-

2129 2888 2255 2952 κίας
2303 2888 2510 2953 ταύτας
2556 2890 2733 2955 καλεῖ,
2805 2890 2937 2963 μίαν
2998 2892 3097 2963 μὲν
3125 2892 3186 2946 τὸ
3239 2892 3578 2948 καταλιπεῖν
3620 2892 3713 2946 τὸν

2128 2980 2286 3043 Θεὸν,
2308 2982 2503 3052 ἑτέραν
2529 2982 2586 3034 δὲ
2611 2984 2674 3036 τδ
2699 2983 2766 3036 τὰ
2796 2982 2873 3054 μὴ
2894 2982 3022 3037 ὄντα
3050 2985 3388 3055 προτιμῆσαι
3412 2984 3514 3039 τοῦ
3540 2985 3712 3047 δντος.

451 3057 562 3111 Deo
611 3058 902 3114 exsistenti
959 3057 1359 3129 prmtulisseut.
1399 3057 1513 3115 Hoc
1571 3060 1715 3116 idem
1761 3077 1855 3131 per
1880 3061 2026 3120 lere-

2134 3071 2302 3126 Τοῦτο
2331 3073 2441 3144 γάρ
2496 3076 2591 3127 καὶ
2643 3073 2732 3128 διά
2782 3075 3047 3146 Ἰερεμίου
3102 3075 3261 3146 δῆλον
3320 3080 3503 3130 ποιεῖ·
3544 3096 3567 3131 ε
3610 3076 3714 3131 Δύο

447 3150 611 3203 miam
665 3151 891 3221 planum
943 3148 1076 3204 facit
1122 3168 1136 3204 :
1184 3168 1204 3201 ι
1243 3150 1360 3205 Duo
1418 3151 1583 3216 mala,
1635 3153 1847 3223 inquit,
1891 3154 2022 3211 fecit

448 3242 687 3313 populus
745 3257 904 3298 meus
948 3260 962 3298 :
1001 3258 1089 3298 me
1133 3241 1554 3313 dereliquerunt
1598 3244 1806 3301 fontem
1857 3263 2016 3318 aquae

444 3335 608 3397 vivae,
656 3342 711 3389 et
747 3335 1026 3402 abierunt,
1055 3345 1111 3391 et
1143 3335 1405 3392 foderunt
1440 3339 1545 3394 sibi
1587 3339 1858 3398 cisternas
1892 3355 2025 3397 con-

446 3426 633 3494 tritas,
663 3443 788 3499 qute
820 3428 1107 3484 continere
1129 3444 1236 3484 non
1272 3429 1461 3486 valent
1491 3446 1687 3502 aquam
1714 3444 1761 3487 ο.
1801 3451 1822 3485 ι

513 3516 680 3575 Vens.
713 3519 799 3576 il.
832 3540 851 3571 ι
890 3519 1153 3592 Ephraim
1186 3523 1358 3577 vitula
1394 3524 1589 3579 edocta
1624 3524 1854 3598 diligere
1889 3542 2023 3583 con-

444 3612 771 3669 tentionem.
816 3631 836 3665 ι
882 3610 1085 3669 νὶιυιιε
1122 3615 1321 3670 similis
1370 3625 1456 3672 est
1508 3618 1795 3687 suscipere
1828 3618 2021 3689 iugum

442 3707 748 3770 recusanti,
775 3713 828 3760 et
861 3705 1129 3761 adversus
1161 3707 1269 3761 hoc
1290 3707 1611 3764 reluctanti.
1644 3726 1662 3759 ι
1700 3708 1813 3779 Ego
1838 3719 2019 3766 autem

442 3796 661 3849 veniam
691 3811 856 3863 super
883 3796 1359 3863 pulchritudinem
1392 3797 1521 3850 colli
1550 3798 1693 3866 ejus.
1735 3817 1753 3850 ι
1788 3797 2022 3853 Verum-

441 3894 627 3940 tamen
652 3893 944 3941 contumax
974 3887 1095 3954 ejus
1122 3889 1324 3943 collum
1350 3888 1646 3945 edomabo.
1680 3907 1698 3940 ι
1732 3888 1796 3942 Εῑ
1822 3904 2020 3944 ascen-

441 3975 567 4029 dam
603 3974 657 4029 iu
690 3973 1067 4047 Ephraimum.
1111 3995 1130 4029 ι
1163 3976 1299 4032 Nam
1327 3994 1393 4034 eo
1424 3978 1618 4043 vehar,
1649 3985 1705 4032 et
1734 3979 2020 4036 commode

444 4065 587 4123 ferre
630 4068 861 4124 docebo.
918 4065 1075 4123 Tunc
1107 4079 1287 4124 autem
1339 4087 1359 4120 ι
1398 4067 1661 4124 Reticebo
1714 4068 1935 4125 Judam.
1993 4090 2012 4125 ι

442 4157 686 4228 Assyriis
715 4159 859 4213 enim
895 4173 1019 4213 eum
1053 4174 1162 4214 non
1192 4159 1445 4229 prodam.
1475 4159 1569 4213 sed
1595 4157 2015 4217 Sennacherimi

439 4249 631 4319 copias
659 4265 1003 4315 consumam,
1034 4250 1296 4320 quoniam
1328 4250 1627 4306 roboratur
1664 4266 1730 4309 eo
1772 4252 2013 4311 Iacobus

441 4340 613 4412 (nunc
632 4342 777 4396 enim
800 4341 986 4397 Jacohi
1012 4344 1270 4396 virtutem
1298 4341 1438 4398 Juda
1460 4346 1750 4420 ostendit),
1782 4347 2014 4420 ideoque

2123 3163 2253 3235 γάρ.
2287 3166 2439 3234 φησι.
2481 3165 2696 3237 πονηρὰ
2724 3166 2979 3237 ἐποίησεν
3002 3167 3030 3218 δ
3075 3167 3201 3231 λαός
3235 3185 3358 3238 μου·
3400 3169 3505 3238 ἐμὲ
3537 3171 3707 3239 ἑγκα-

2124 3255 2340 3309 τέλιπον
2368 3256 2553 3327 πηγὴν
2602 3256 2794 3321 ὕδατος
2851 3257 3078 3323 ζῶντος,
3132 3259 3228 3312 καὶ
3280 3259 3704 3332 ἐπορεύθησαν,

2125 3352 2220 3405 καὶ
2248 3352 2510 3422 ἐποίησαν
2542 3354 2755 3417 ἑαυτοῖς
2813 3354 3051 3419 λάκκους
3095 3358 3621 3429 συντετριμμένους,
3657 3356 3711 3413 οι

2122 3444 2181 3496 οὐ
2213 3444 2532 3514 δυνήσονται
2569 3444 2717 3516 ὕδωρ
2748 3449 2987 3517 συσχεῐν.
3031 3467 3050 3500 ι

2195 3532 2286 3587 ια’.
2326 3551 2345 3584 ι
2402 3534 2643 3606 Ἐφρατμ
2666 3536 2898 3607 δάμαλις
2945 3538 3308 3608 δεδιδαγμένη
3339 3540 3568 3612 ἀγαπᾷν
3603 3542 3712 3596 νεί-

2123 3642 2235 3688 κος.
2261 3644 2279 3677 ι
2310 3626 2548 3696 Δαμάλει
2581 3626 2725 3681 ἑοικε
2753 3627 3008 3694 δέξασθαι
3038 3629 3202 3697 ζυγὸν
3227 3632 3329 3684 οὐκ
3356 3633 3668 3705 ἀνεχομένη
3688 3677 3705 3700 ,

2121 3716 2261 3770 ἀλλὰ
2297 3717 2438 3788 πρὸς
2461 3717 2650 3771 τοῦτον
2696 3717 3108 3793 ζυγομαχούσῃ.
3146 3739 3164 3772 t
3217 3722 3361 3791 Ἐγὼ
3391 3723 3448 3778 δὲ
3472 3722 3707 3779 ἑπελεύ.

2124 3810 2405 3877 σομαιξπὶ
2459 3808 2518 3862 τὸ
2561 3809 2759 3873 κάλλος
2817 3811 2911 3864 τοῦ
2946 3813 3220 3883 τραχήλου
3264 3816 3454 3885 αὐτῆς.
3492 3835 3512 3867 ι
3563 3817 3707 3871 Ἀλλ’

2120 3900 2271 3970 ὅμως
2297 3901 2387 3953 τὸν
2408 3902 2613 3972 γαῦρον
2629 3902 2799 3974 αὐτῆς
2822 3904 3092 3976 τράχηλον
3121 3906 3513 3978 καταδαμάσω.
3541 3929 3561 3961 ι
3592 3912 3705 3966 Καὶ

2118 3989 2353 4044 immeo
2381 3994 2459 4065 τῷ
2492 3993 2753 4066 Ἐφραίμ.
2794 4014 2814 4047 ι
2870 3996 3244 4069 Ἐποχήσομαι
3266 3998 3375 4071 γάρ
3399 4001 3571 4073 αὐτῷ,
3604 4004 3701 4057 καὶ

2117 4081 2316 4147 διδάξω
2362 4084 2552 4155 φέρειν
2594 4086 2895 4151 εὐτάκτως.
2932 4089 3084 4151 Τέως
3109 4090 3168 4143 δὲ
3204 4108 3224 4141 ι
3252 4092 3701 4164 Παρασιωπήσο-

2120 4190 2219 4246 μαι
2253 4175 2298 4212 "
2346 4175 2568 4229 Ἰούδαν.
2602 4195 2621 4229 ι
2670 4178 2978 4250 ’Δσσυρίοις
3030 4181 3140 4253 γὰρ
3178 4182 3341 4239 αὐτὸν
3359 4185 3421 4237 ού
3456 4187 3699 4257 προήσο-

2119 4281 2238 4339 μαι,
2272 4265 2408 4319 ἀλλὰ
2431 4266 2527 4320 τοῦ
2564 4267 2939 4339 Σενναχηρεὶμ
2971 4270 3268 4343 δαπανήσω
3310 4272 3409 4343 τὴν
3437 4272 3695 4343 δύναμιν,

2117 4357 2302 4429 ἐπειδὴ
2336 4358 2573 4430 ἐνισχύει
2605 4360 2756 4431 αὐτῷ
2796 4361 2988 4416 ἰακώδ
3022 4362 3137 4435 (τοῦ
3167 4365 3277 4436 γάρ
3322 4365 3518 4420 Ἰακὼϐ
3550 4369 3694 4432 τέως

440 4443 472 4482 a
504 4444 590 4485 me
633 4439 880 4485 curatur.
922 4428 1029 4484 Per
1080 4430 1193 4485 haec
1237 4441 1421 4488 autem
1470 4415 1726 4506 designat
1765 4415 2011 4496 Ezechiae

2134 4415 2327 4514 Ἰούδα’ς
2347 4450 2394 4484 ιε
2420 4415 2522 4522 τίῆν
2558 4415 2762 4523 ἀρετὴν
2789 4415 3302 4526 ἑπιδείκνζδταιῇδῑδ

439 4522 719 4587 virtutem,
747 4538 842 4591 per
872 4536 1036 4588 quam
1071 4525 1251 4579 omnis
1282 4527 1520 4595 populus
1551 4528 1796 4584 divinum
1850 4535 2009 4588 auxi-

438 4609 572 4665 lium
622 4617 953 4665 consecutus
1006 4622 1113 4665 est.
1180 4612 1388 4671 Exinde
1443 4618 1508 4672 ad
1565 4619 2005 4680 exhortationem

437 4703 707 4757 convertit
742 4716 1073 4759 sermonem.
1111 4705 1381 4771 Quoniam
1422 4710 1591 4774 enim,
1652 4713 1855 4784 inquit,
1912 4732 2009 4786 pa-

438 4798 650 4846 ternam
685 4793 940 4847 virtutem
971 4795 1219 4853 exhibuit
1248 4797 1415 4868 Iuda,
1449 4801 1706 4861 hostibus
1750 4812 2008 4877 superior

436 4882 634 4939 evasit.

511 5060 673 5119 Vens.
702 5063 791 5123 l2.
825 5065 965 5123 «Vos
992 5068 1176 5138 etiam,
1206 5073 1477 5131 seminatc
1503 5076 1658 5132 vobis
1688 5077 1743 5132 in
1762 5077 2003 5149 iustitia,

517 5234 539 5261 ε
565 5220 765 5280 Jcrem.
795 5242 858 5289 ll,
897 5229 981 5284 l3.

2115 4542 2379 4597 ἀπολαύει
2429 4542 2709 4615 προνοίας.
2744 4545 3045 4600 Δίνίττεται
3088 4545 3146 4600 δὲ
3203 4547 3293 4602 διά
3345 4550 3557 4604 τούτων
3595 4551 3692 4605 τοῦ

2127 4634 2367 4698 Ἐζεκίου
2406 4635 2507 4706 τήν
2546 4636 2767 4707 ἀρετὴν,
2815 4637 2886 4691 δι’
2932 4640 3000 4711 ἢν
3020 4639 3166 4704 ἀπας
3196 4640 3373 4705 ἀλαὸς
3415 4644 3519 4713 τῆς
3543 4643 3695 4707 θείας

2115 4728 2435 4799 ἐπικουρίας
2486 4729 2822 4801 ἀπήλαυσεν.
2862 4730 3142 4785 Ἐντεῦθεν
3174 4731 3339 4786 πάλιν
3368 4734 3451 4796 εἰς
3489 4735 3692 4805 παραε-

2113 4835 2261 4873 νεσιν
2305 4817 2497 4889 τρέπει
2536 4819 2631 4873 τὸν
2690 4818 2872 4889 λόγον.
2935 4821 3154 4894 Ἐπειδὴ
3207 4823 3338 4893 γάρ,
3384 4825 3544 4895 φησι,
3593 4826 3689 4896 τήν

2113 4909 2372 4982 πατρῴαν
2395 4910 2841 4982 ἐπιδεικνύμενος
2890 4915 2921 4968 δ
2962 4913 3165 4980 Ἰούδας
3195 4916 3422 4987 ἀρετὴν,
3471 4918 3688 4991 "pq!-

2112 5015 2261 5053 νεται
2284 4998 2391 5052 τῶν
2429 4998 2724 5071 πολεμίων,

2187 5090 2274 5161 ιβ’.
2315 5110 2334 5143 ι
2373 5092 2640 5164 Σπείρατε
2662 5095 2755 5150 καὶ
2787 5097 2945 5169 ὑμεῖς
2973 5099 3185 5163 ἑαυτοῖς
3215 5098 3299 5163 είς
3316 5097 3681 5171 δικαιοσύνην,

1718 5395 1951 5452 νΑιιιλε
1987 5398 2383 5461 LECTIONES.

505 5512 813 5612 ἳὲίὲσίιῖ-
1105 5521 1184 5612 Ilii
1205 5523 1357 5612 Alex.
1394 5538 1447 5583 et
1479 5528 1812 5612 Luc:_xXI|t,
2082 5535 2437 5612 ιιδςιλσςζηΙΜεζ
2468 5539 2522 5593 in
2548 5538 2611 5594 C.
2693 5538 2740 5571 “
2787 5539 2924 5595 Ibid.
2956 5541 3399 5612 προσεδρεύουσι.
3479 5543 3528 5577 ⁸³
3552 5541 3676 5598 Πόλ.

432 5586 1203 5681 ἰξὲκο-ῌὲυ-ξιξξ-ξιξῗεςώθ
1229 5608 1366 5681 pert.
1430 5610 1555 5653 uxta
1598 5586 2057 5681 Hebr._et.LX_X.
2093 5586 2715 5681 cst
2753 5586 3486 5681 ei"'Siizi'iidih'iﬁe'éiiéne

320 5700 325 5703 -
434 5660 616 5751 ma.
671 5660 1030 5751 quiaajdeinude
1080 5660 1509 5751 exponituruper
1539 5670 1681 5751 κατὰ
1726 5672 1827 5740 τὴν
1858 5672 2014 5751 imo.
2042 5689 2166 5744 μον.
2222 5660 2290 5710 ’⁸η
2325 5660 2862 5751 παρξῖίῇτᾶεῆιίού.

433 5722 489 5778 h.
527 5730 562 5781 Ι.
605 5722 920 5801 praecedunt
942 5730 1093 5796 Τέως
1131 5722 1208 5788 δέ.
1288 5736 1333 5769 ⁸⁸
1364 5722 1518 5793 Ίόύδ.
1563 5739 1604 5792 (‘.
1629 5722 1819 5809 praeui.
1850 5722 1899 5796 ὁ.

2905 5680 3037 5736 ibid.
3078 5680 3352 5751 expuncta
3394 5692 3528 5739 sunt
3559 5694 3679 5754 qua

2117 5768 2152 5798 σε,
