3912 6206
241 342 368 404 1509
1554 343 1634 403 IN
1685 339 1871 400 OSEE
1907 339 2063 399 CAP.
2119 339 2220 399 XI.
2725 397 2731 404 .
3345 333 3480 400 1510

238 453 327 506 καὶ
393 451 644 522 θερίσατε
695 452 904 520 καρπὸν
960 453 1123 523 ζωῆς.
1159 472 1180 506 ι
1227 455 1386 525 ’Υμῖν
1439 454 1546 525 γὰρ
1598 453 1804 515 αὐτοῖς,

1926 459 1963 503 ξι
1993 451 2176 506 metite
2212 449 2450 504 fructum
2495 449 2707 522 1360
2734 449 2874 506 vitm.
2923 469 2940 501 ι
2978 448 3112 504 Nam
3143 450 3324 514 vobis,
3369 464 3478 505 non

235 545 346 598 ἀλλ’
372 544 434 598 οὐ
472 543 551 615 τῷ
584 545 704 616 Θεῷ
748 546 819 599 τά
871 547 1203 618 σπειρόμενα
1264 547 1568 619 σπείρεται,
1621 547 1714 600 καὶ
1743 547 1810 599 τά

1926 539 2046 606 Deo,
2069 542 2278 596 semina
2310 542 2676 604 scminanlur,
2700 547 2755 594 et
2785 548 3088 596 metuntur.
3118 559 3136 593 ι
3168 540 3481 598 llluminate

234 635 560 707 Οεριξόμενα
641 638 868 706 γίνεται.
915 657 933 690 ι
979 639 1252 693 Φωτίσατε
1346 643 1558 704 ἑαυτοῖς
1607 639 1653 672 ⁸⁸
1696 639 1811 707 φῶς

231 728 504 796 γνώσεως.
548 749 565 781 ι
603 731 879 802 Προσήκει
924 731 1033 804 γὰρ
1071 734 1335 805 πρότερον
1363 735 1462 804 τῆς
1492 735 1660 803 ἄλλης
1682 735 1810 806 ἀρε-

231 817 330 885 τῆς
354 817 782 890 ἐπιμεληθῆναι,
814 815 914 873 εἷθ’
958 820 1131 886 οὕτως
1179 823 1278 893 τῆς
1304 823 1411 875 τῶν
1441 823 1600 876 θείων
1645 840 1812 876 κατα-

231 908 499 978 τολμῆσαι
525 910 797 979 γνώσεως.
831 931 848 964 ι
889 911 978 976 Ὠς
1025 913 1107 968 ἔτι
1149 915 1338 985 καιρὸς
1375 914 1442 980 ⁸ο,
1472 914 1809 984 ὲκζητήσατε

229 995 320 1048 τὸν
354 999 584 1070 Κύριον,
634 999 739 1063 ἕως
763 998 856 1052 τοῦ
889 999 1062 1055 ἐλθεῖν
1093 1001 1221 1072 ὑμῖν
1261 1002 1576 1071 γεννήματα
1606 1000 1809 1054 δικαιο-

235 1092 420 1163 σύνης.
452 1111 471 1144 ι
513 1090 766 1144 Τοιοῦτόν
812 1092 927 1146 ἐστι
982 1091 1041 1145 τὸ
1072 1092 1220 1163 παρά
1266 1093 1342 1162 τῷ
1379 1091 1544 1145 Δαϐὶὸ
1587 1088 1811 1161 εἰρημέ-

234 1203 356 1239 νονο
394 1204 413 1238 ι
456 1183 870 1255 Προφθάσωμεν
909 1183 969 1236 τὸ
1012 1183 1302 1254 πρόσωπον
1341 1183 1503 1238 αὑτοῦ
1539 1184 1596 1236 ἐν
1623 1183 1811 1252 ἐξομο-

234 1277 471 1346 λογήσει.
514 1293 532 1327 ι
585 1275 673 1328 Ἐν
731 1273 811 1344 τῷ
855 1276 953 1345 τῆς
1003 1275 1387 1346 μακροθυμίας
1439 1273 1604 1328 αὐτοῦ
1635 1271 1812 1345 καιρῷ

236 1367 331 1438 τὴν
362 1367 457 1420 ἐπὶ
511 1365 572 1419 τὸ
619 1368 865 1436 κρεῖττον
909 1366 1306 1438 ὲπιδειξώμεθα
1336 1364 1664 1437 μεταϐολὴν,
1720 1365 1810 1418 ἵνα

237 1459 332 1528 τῆς
351 1455 700 1525 δικαιοσύνης
733 1453 1058 1526 δρεψώμεθα
1083 1455 1354 1527 καρπούς.

305 1554 392 1616 ιγ’.
425 1566 444 1598 ‹
503 1546 665 1601 ’ἰνατί
725 1549 1186 1618 παρεσιωπήσατε
1247 1546 1524 1613 ἀσέϐειαν,
1578 1546 1671 1600 καὶ
1721 1547 1811 1600 τὸν

239 1637 446 1708 καρπὸν
469 1637 514 1667 ⁸¹
544 1637 716 1704 αὐτῆς
747 1636 1124 1707 ἐτρυγήσατε;
1173 1655 1191 1688 ›
1229 1637 1397 1702 Ἔδει,
1441 1636 1627 1708 φησιν,
1668 1637 1811 1707 ὑμᾶς

237 1727 576 1799 ἠσεϐηκότας
605 1729 714 1788 τοῖς
731 1725 830 1795 τῆς
871 1725 1163 1796 μετανοίας
1195 1727 1516 1798 φαρμάκοις
1546 1724 1810 1797 θεραπεῦο

1916 632 2070 684 vobis
2101 631 2281 686 lumen
2317 631 2584 686 scientiae.
2636 650 2654 684 ι
2695 631 2855 686 Prius
2905 631 3049 684 enim
3096 639 3311 702 oportet
3344 632 3482 688 alias

1914 721 2150 777 virtutes
2174 722 2450 789 excolere,
2497 730 2609 777 tum
2643 723 2710 777 ad
2758 723 3070 778 divinorum
3109 723 3479 793 cognitionem

1917 812 2185 883 aspirare.
2219 833 2236 864 ι
2266 813 2400 869 Dum
2434 813 2614 869 adhuc
2651 822 2735 870 est
2770 823 3006 885 tempus,
3037 815 3268 884 quaarite
3297 813 3481 866 Domi-

1914 918 2042 958 num
2067 946 2083 971 ,
2112 902 2288 958 donec
2306 904 2594 973 obtingant
2621 905 2779 959 vobis
2816 903 3000 975 fruges
3027 904 3278 973 justitiae.
3307 922 3328 955 ι
3351 903 3482 957 Tale

1913 1003 1997 1051 est
2033 994 2169 1050 illud
2198 1010 2228 1049 a
2249 994 2452 1051 Davide
2479 995 2688 1051 dictum
2717 1013 2728 1050 :
2759 1014 2778 1049 ‹
2810 997 3110 1053 Veniamus
3136 1004 3263 1051 ante
3288 994 3479 1050 faciem

1912 1085 2033 1155 ejus
2074 1100 2200 1141 cum
2244 1085 2598 1141 confessione
2630 1083 2673 1140 τ.
2712 1105 2731 1138 ι
2782 1085 2994 1140 Interea
3050 1087 3180 1141 dum
3221 1099 3322 1140 nos
3360 1083 3480 1154 ejus

1914 1175 2180 1247 patientia
2210 1175 2428 1243 tolerat,
2475 1177 2530 1231 in
2565 1177 2793 1233 meliora
2836 1176 3004 1232 vitam
3053 1186 3477 1242 commutemus,

1916 1274 1976 1322 ut
2009 1267 2222 1323 fructus
2251 1267 2485 1338 justitiae
2513 1268 2905 1340 percipiamus.

1985 1529 2150 1586 Vens.
2179 1530 2267 1585 15.
2304 1549 2322 1582 ς
2360 1529 2475 1585 Cur
2506 1530 2814 1586 reticuistis
2852 1530 3212 1602 impietatem,
3248 1541 3301 1588 et
3365 1531 3484 1586 fru-

1913 1629 2062 1676 ctum
2096 1621 2219 1692 ejus
2267 1621 2693 1678 vindemiastis?
2731 1642 2749 1675 D
2796 1621 2923 1687 Vos,
2952 1623 3151 1692 inquit,
3188 1624 3282 1694 qui
3318 1624 3484 1695 impie

1913 1713 2123 1783 egistis,
2160 1714 2500 1783 poenitentiae
2551 1715 2813 1770 remediis
2843 1715 3028 1770 curari
3063 1715 3378 1801 oportebat,
3427 1725 3484 1772 et

239 1819 414 1872 σαιτά
441 1818 751 1890 τραύματα,
812 1819 906 1872 καὶ
954 1818 1029 1889 μὴ
1068 1821 1519 1891 παρασιωπῆσαι,
1562 1817 1677 1871 ἀλλ’
1721 1817 1810 1882 ἑξ-

1926 1817 2026 1857 non
2061 1812 2264 1870 tacere,
2310 1804 2404 1859 sed
2437 1803 2687 1860 confiteri
2739 1807 2900 1872 mala,
2938 1821 3059 1876 quae
3105 1807 3482 1862 eommisistis.

241 1910 676 1981 ομολογήσασθαι
725 1910 794 1963 τὰ
859 1910 1194 1982 εἰργασμένα
1238 1911 1402 1965 κακά.
1459 1930 1477 1962 ι
1552 1910 1814 1978 Ἐφάγετε

238 2001 446 2074 καρπὸν
508 2000 698 2072 ψευδῆ,
737 2002 818 2054 ὅτι
869 2002 1105 2072 ἤλπισας
1150 2004 1209 2056 ὲν
1233 2005 1344 2067 τοῖς
1387 2003 1596 2074 ἅρμασί
1619 2003 1664 2034 ⁵³
1698 2019 1812 2066 σου,

238 2099 292 2150 ὲν
341 2097 538 2168 πλήθει
591 2094 874 2168 δυνάμεώς
915 2114 1030 2152 σου.
1085 2113 1104 2150 ι
1168 2098 1406 2166 Βρῶσιν
1464 2099 1664 2168 ψευδῆ
1714 2099 1814 2169 τὴν

241 2190 472 2260 ματαίαν
525 2187 714 2241 ἐλπίδα
763 2188 1179 2260 προσαγορεύει.
1229 2190 1318 2260 Τῷ
1347 2190 1456 2260 γὰρ
1495 2189 1687 2259 πλήθει
1721 2191 1814 2244 καὶ

239 2283 344 2344 τοῖς
375 2280 584 2352 ἅρμασι
616 2277 920 2350 θαρρήσας,
943 2279 1200 2350 οὐδεμίαν
1222 2280 1285 2334 ὲκ
1310 2280 1515 2334 τούτων
1546 2280 1814 2351 ὠφέλειαν

239 2369 421 2436 ἐδέξω.

305 2463 386 2517 ιδ’.
425 2481 444 2514 ι
493 2461 944 2533 Ἐξαναστήσεται
969 2463 1078 2534 γὰρ
1110 2461 1356 2517 ἀπώλεια
1379 2466 1437 2518 ὲν
1457 2463 1534 2534 τῷ
1555 2461 1669 2534 λαῷ
1696 2481 1812 2527 σου,

240 2555 328 2608 καὶ
357 2554 537 2609 πάντα
560 2553 627 2607 τὰ
664 2553 1042 2624 τετειχισμένα
1089 2571 1180 2606 σου
1213 2553 1643 2626 ἀφανισθήσεται
1670 2555 1715 2586 ⁵³
1737 2571 1749 2584 ·
1791 2576 1808 2606 ι

241 2644 358 2698 οὔτε
409 2644 504 2698 τοῦ
537 2643 778 2716 πλήθους
821 2643 1005 2715 ὄνησίν
1081 2643 1161 2696 σοί
1191 2661 1314 2696 τινα
1360 2644 1640 2716 φέροντος,
1690 2643 1813 2697 οὔτε

240 2735 344 2788 τῶν
369 2734 571 2805 τειχῶν
601 2733 950 2806 παρεχόντων
976 2734 1074 2806 τὴν
1103 2733 1425 2804 ἀσφάλειαν.

313 2849 331 2880 ι
361 2827 564 2892 Καθὼς
579 2827 849 2899 ἠφανίσθη
880 2830 907 2881 ό
924 2828 1108 2900 άρχων
1135 2827 1394 2900 Σαλμανά
1414 2829 1469 2881 ἐν
1506 2829 1552 2861 ⁵⁸
1581 2828 1656 2900 τῷ
1683 2829 1816 2899 οἴκῳ

255 2919 502 2991 ’Ᾱρϐεὴλ,
548 2922 606 2973 ὲν
642 2918 878 2990 ἡμέραις
931 2919 1169 2990 πολέμου
1216 2921 1429 2991 μητέρα
1469 2920 1562 2972 ἐπὶ
1607 2918 1816 2983 τέκνοις

240 3011 529 3081 ηδάφισαν.
609 3012 740 3081 (ιε’.)
807 3009 962 3064 Οὕτω
1022 3015 1231 3081 ποιήσω
1299 3010 1427 3082 ὑμῖν
1455 3050 1470 3074 ,
1516 3008 1663 3073 οἶκος
1720 3010 1816 3064 τοῦ

252 3103 468 3175 Ἰσραὴλ
496 3104 564 3166 ⁸⁵,
589 3101 696 3156 ἀπὸ
722 3101 1015 3172 προσώπου
1041 3101 1142 3170 τῆς
1173 3101 1371 3164 κακίας
1405 3101 1578 3172 ὑμῶν.
1615 3120 1634 3153 ι
1662 3100 1818 3166 Τινές

241 3212 368 3265 φασι
423 3192 554 3263 περί
603 3210 747 3257 τινος
798 3192 1060 3263 ἄρχοντος
1094 3191 1215 3245 κατ’
1251 3191 1579 3245 ἐκεῖνοντὸν
1628 3191 1818 3262 καιρὸν

239 3284 409 3340 ταῦτα
438 3285 531 3337 καὶ
555 3283 874 3356 δεδρακότος
929 3282 1021 3336 καὶ
1066 3281 1395 3345 πεπονθότος
1451 3281 1706 3351 εἰρῆσθαι
1751 3281 1820 3334 τά

241 3378 506 3450 εἰρημένα
533 3391 549 3408 ο
574 3375 684 3446 ἐγὼ
726 3375 784 3429 δὲ
825 3372 1065 3446 ἡγοῦμαι
1095 3373 1339 3443 περὶτοῦ
1362 3371 1588 3441 Μαδιὰμ
1618 3371 1817 3442 ἄρχον-

241 3495 329 3540 τος
363 3478 538 3529 ταῦτα
574 3471 848 3543 λελέχθαι,
901 3470 960 3524 ὃν
1006 3467 1413 3540 χειρωσάμενος
1437 3467 1642 3520 ἀνεῖλεν
1669 3467 1697 3518 ό
1723 3465 1761 3516 Γ
1766 3483 1822 3517 ε-

241 3567 406 3622 δεών·
439 3567 532 3619 καὶ
582 3565 688 3636 γὰρ
737 3563 947 3617 ἐκείνου
984 3560 1244 3631 ὠμότητα
1287 3560 1320 3629 ἡ
1365 3558 1483 3613 θεία
1526 3556 1820 3627 κατηγορεῖ

244 3659 454 3730 Γραφή.
501 3655 790 3726 Μέμνηται
829 3653 885 3714 δὲ
927 3651 1092 3706 αὑτοῦ
1133 3650 1226 3703 καὶ
1258 3650 1286 3701 ό
1325 3648 1593 3720 μακάριος
1634 3646 1816 3706 Δαϐὶδ,

244 3748 452 3817 λέγων·
487 3764 508 3800 ι
545 3744 658 3798 Θοῦ
691 3745 818 3806 τοὺς
850 3743 1118 3813 ἄρχοντας
1151 3737 1351 3802 αὐτῶν,
1375 3737 1451 3800 ὡς
1496 3736 1587 3790 τὸν
1633 3734 1816 3806 Ὠρὴϐ,

246 3839 336 3892 καὶ
362 3837 496 3908 Ζὴϐ,
527 3835 623 3890 καλ⁸
659 3833 821 3888 Ζεϐεὲ
845 3833 914 3897 ⁸⁸,
949 3834 1041 3886 καὶ
1066 3829 1342 3901 Σαλμανά.
1378 3848 1396 3878 ι
1439 3825 1816 3896 Λέγειτοίνυν,

244 3929 322 3981 ὅτι
345 3927 612 3998 Καθάπερ
637 3927 665 3980 ό
699 3922 959 3995 Σαλμανά
989 3922 1225 3993 παντελῆ
1260 3921 1551 3990 ὑπέμεινεν
1576 3917 1816 3988 ὄλεθρον,

245 4018 432 4089 ἐπειδὴ
458 4020 516 4071 ὲν
560 4016 798 4088 ἡμέραις
824 4015 1064 4085 πολέμου
1089 4014 1300 4085 μητέρα
1326 4013 1420 4068 ἐπὶ
1458 4011 1668 4073 τέκνοις
1691 4009 1820 4079 ὴδά-

247 4123 440 4176 φιιτεν⁹
493 4107 636 4160 οὕτω
681 4109 772 4160 καὶ
812 4107 1022 4176 ποιήσω
1065 4106 1214 4174 ὑμῖν,
1265 4099 1410 4166 οἶκος
1449 4100 1688 4170 Ἰσραὴλ,
1713 4099 1819 4152 ἀπὸ

248 4197 534 4272 προσώπου
557 4196 656 4266 τῆς
689 4197 886 4258 κακίας
926 4194 1102 4263 ὑμῶν.

764 4285 1157 4340 ΚΕΦΑΛΑΙΟΝ
1205 4284 1303 4337 IA'.

312 4387 381 4435 α’.
417 4399 435 4432 ι
472 4378 710 4449 ὐρθρου
749 4375 1131 4448 ἀπερρίφησαν
1165 4375 1231 4428 ⁵⁷.
1259 4392 1277 4424 ι
1318 4374 1445 4424 Ὅτε
1487 4369 1816 4441 προσεδόκη-

1922 1911 1941 1943 ‹
1977 1893 2309 1950 Comedistis
2340 1893 2578 1949 fructum
2610 1895 2950 1964 mendacem,
2984 1897 3112 1968 quia
3157 1898 3392 1969 sperasti
3427 1898 3484 1951 in

1915 1986 2176 2040 curribus
2205 1986 2336 2049 tuis,
2372 1986 2424 2040 in
2457 1987 2810 2043 multitudine
2833 1987 3051 2043 virtutis
3081 1997 3210 2043 tum.
3245 2007 3264 2041 ι
3296 1988 3484 2044 Cibum

1915 2076 2221 2131 mendacem
2253 2086 2411 2131 vocat
2445 2092 2640 2132 vanam
2672 2094 2823 2149 spem
2854 2095 2868 2133 :
2897 2094 3023 2133 nam
3067 2094 3191 2134 cum
3231 2079 3482 2134 multitu-

1916 2165 2031 2222 dini
2062 2175 2117 2223 et
2145 2167 2402 2223 curribus
2431 2168 2738 2223 conlideres
2758 2209 2773 2235 ,
2806 2166 3011 2223 nullam
3057 2183 3121 2223 ex
3153 2167 3241 2222 his
3273 2167 3481 2222 utilita-

1917 2267 2027 2314 tem
2057 2259 2372 2331 reportasti.
2407 2257 2618 2314 Etenim
2658 2277 2672 2313 :

1987 2437 2149 2494 Vens.
2187 2438 2273 2492 14.
2299 2457 2317 2488 ‹
2347 2437 2663 2508 Consurget
2691 2435 2924 2507 perditio
2960 2437 3015 2490 in
3053 2436 3259 2507 populo
3286 2442 3402 2502 tuo,
3430 2445 3486 2490 et

1916 2529 2112 2583 omnia
2144 2529 2355 2584 munita
2384 2537 2476 2584 tua
2509 2527 2878 2584 delebuntur:
2914 2545 2933 2581 ι
2962 2528 3166 2582 nullam
3197 2542 3352 2598 opem
3387 2527 3484 2582 tibi

1919 2623 2128 2678 ferente
2153 2621 2529 2685 multitudine,
2558 2621 2877 2690 nullamque
2926 2619 3278 2675 securitatem
3310 2619 3485 2673 muris

1917 2711 2330 2780 praestantibus.

1992 2820 2010 2854 ‹
2051 2801 2204 2856 Sicut
2226 2801 2535 2857 exstinctus
2565 2809 2648 2857 est
2675 2801 2932 2871 princeps
2955 2799 3210 2856 Salmana
3239 2801 3295 2855 in
3321 2801 3484 2855 domo

1918 2890 2187 2954 Arbeelis.
2221 2894 2237 2914 ‘
2270 2893 2325 2946 in
2353 2891 2550 2948 diebus
2586 2891 2710 2947 belli
2741 2899 2972 2946 matrem
3005 2905 3172 2962 super
3193 2889 3336 2946 ﬁlios
3367 2890 3484 2944 alli-

1919 2993 2130 3039 serunt.
2179 2982 2380 3055 (Vens.
2437 2983 2551 3053 15.)
2613 2983 2704 3038 Sic
2767 2981 2963 3038 faciam
3028 2983 3222 3047 vobis,
3288 2982 3484 3036 domus

1923 3078 2131 3150 1361
2166 3078 2403 3142 lsraelis.
2434 3085 2661 3150 propter
2693 3077 2960 3132 malitiam
2994 3084 3256 3132 vestram.
3295 3093 3314 3128 ι
3347 3075 3483 3142 Qui-

1845 3145 1886 3201 δ
1919 3145 2293 3232 dainvdicunt,
2322 3145 2798 3238 haec—de'qtiodam
2843 3167 3092 3235 principe
3139 3164 3286 3219 dicta
3337 3179 3482 3230 esse,

1919 3263 2011 3332 qui
2043 3277 2109 3317 eo
2145 3268 2388 3330 tempore
2440 3260 2559 3315 haec
2608 3259 2848 3314 faciebat
2889 3266 2941 3314 et
2985 3258 3329 3328 patiebatur:
3382 3272 3484 3327 ego

1920 3368 2050 3408 vero
2114 3351 2392 3416 existimo,
2447 3351 2562 3406 huic
2621 3351 2688 3406 de
2723 3349 2992 3404 Madianis
3043 3346 3291 3417 principe
3337 3346 3484 3400 dicta

1919 3445 2115 3509 fuisse,
2145 3458 2307 3512 quem
2330 3453 2551 3514 captum
2581 3441 2858 3497 interfecit
2888 3440 3132 3496 cheon.
3159 3437 3314 3495 Illius
3338 3438 3484 3495 enim

1919 3535 2296 3591 crudelitatem
2328 3535 2553 3589 damnat
2580 3547 2735 3588 sacra
2771 3532 3079 3602 Scriptura.
3136 3530 3310 3600 Hujus
3344 3545 3482 3600 quo-

1919 3644 2027 3700 que
2056 3628 2384 3684 mentionem
2413 3625 2547 3679 fa'cit
2571 3624 2766 3679 beatus
2795 3621 2985 3688 David,
3016 3621 3208 3676 dicens
3233 3638 3247 3674 :
3285 3637 3304 3672 ι
3341 3618 3486 3673 Pone

1923 3719 2201 3791 principes
2235 3733 2424 3772 eorum
2466 3716 2611 3770 sicut
2641 3713 2805 3777 Oreb,
2840 3720 2896 3767 et
2938 3712 3069 3777 Zeb,
3105 3718 3160 3766 et
3188 3709 3383 3774 Zebee,
3430 3717 3486 3764 et

1921 3810 2178 3865 Salmana
2207 3817 2254 3862 8.
2299 3827 2314 3858 ι
2371 3806 2463 3859 Ait
2516 3805 2720 3874 itaque,
2769 3801 2892 3856 Non
2916 3815 3075 3856 secus
3128 3814 3192 3853 ac
3229 3797 3484 3852 Salmana

1921 3901 2172 3956 funditus
2202 3899 2384 3970 periit,
2439 3911 2576 3953 cum.
2614 3903 2855 3963 tempore
2891 3892 3015 3946 belli
3049 3897 3276 3974 matrem
3319 3903 3486 3958 super

1921 3995 2062 4048 ﬁlios
2111 3993 2371 4047 allisisset
2404 3989 2521 4044 :sic
2549 3986 2744 4041 faciam
2790 3984 2976 4049 vobis,
3015 3984 3210 4037 domus
3247 3981 3483 4045 lsraelis.

1922 4095 2143 4157 propter
2172 4084 2440 4139 malitiam
2477 4089 2733 4134 vestram.

2515 4254 2745 4312 CAPUT
2772 4252 2861 4307 XI.

1993 4355 2154 4410 Vens.
2186 4355 2236 4406 1.
2281 4371 2298 4403 ‹
2337 4351 2492 4404 Mane
2530 4348 2756 4420 projecti
2785 4351 2933 4400 sunt.
2971 4361 2989 4394 ι
3025 4341 3161 4396 Cum
3203 4346 3484 4407 exspecta-

249 4432 344 4527 σαν
363 4473 465 4543 τὴν
494 4432 627 4525 τών⁸
660 4432 978 4537 Αιγυπὲιέυᾴ
1018 4432 1271 4536 βοήθειαν
1300 4465 1374 4528 ώς
1409 4432 1607 4532 ὀρθρον
1638 4432 1814 4520 αὐτοῖς

1926 4457 2046 4504 rent
2098 4447 2202 4517 ipsi
2263 4444 2330 4498 ab
2387 4440 2662 4513 Egyptiis
2703 4436 3034 4499 subsidium,
3071 4432 3217 4502 quod
3267 4432 3386 4532 illis.
3429 4433 3483 4484 in

246 4568 303 4619 ὲν
323 4567 506 4618 σκότει
528 4563 773 4630 διάγουσι
805 4558 1209 4630 φανησομένην,
1233 4553 1536 4628 τηνικαῦτα
1566 4551 1815 4622 ἀπήχθη-

249 4675 344 4711 σαν
380 4654 728 4727 δορυάλωτοι.
761 4670 778 4702 ι
818 4651 906 4713 Ὠς
930 4649 1124 4719 ὄρθρος
1157 4649 1202 4679 ⁸⁸
1239 4646 1519 4718 ἀπερρίφη
1564 4641 1818 4713 βασιλεὺς

258 4747 493 4820 Ἰσραήλ.
527 4765 545 4797 ι
571 4745 645 4799 Τὸ
667 4744 928 4812 σύντομον
961 4740 1059 4811 τῆς
1090 4738 1464 4808 πανωλεθρίας
1495 4736 1582 4789 διὰ
1616 4732 1817 4787 τούτων

245 4841 462 4910 ᾐνίξατο
487 4854 499 4867 °
559 4837 762 4908 βραχὺν
793 4833 902 4903 γὰρ
929 4832 1022 4886 καὶ
1050 4833 1077 4884 ό
1115 4831 1307 4902 ὄρθρος
1351 4827 1569 4897 κατέχει
1607 4824 1816 4894 καιρὸν,

246 4929 362 4987 εἶτα
384 4931 619 5000 ἀνίσχων
651 4929 678 4979 ό
713 4927 861 4996 ἥλιος
905 4924 1001 4993 τὴν
1045 4921 1254 4994 ἡμέραν
1287 4923 1450 4973 ποιεῖ.
1487 4940 1504 4968 ι
1540 4917 1683 4970 Διότι
1723 4916 1818 4984 νή-

247 5040 368 5084 πιος
407 5018 646 5089 Ἰσραήλ.
692 5037 709 5068 ι
755 5015 843 5080 Ἐξ
870 5011 1075 5076 ἀνοίας,
1105 5011 1258 5080 φησι,
1302 5011 1396 5062 καὶ
1418 5008 1672 5077 παιδικῆς
1700 5007 1815 5058 δια-

323 5196 340 5234 ί
373 5195 518 5250 Psal.
549 5211 692 5260 χειν,
722 5194 778 5248 2.
879 5195 904 5234 ε
928 5193 1074 5247 Psal.
1105 5205 1313 5250 Lxxxu,
1340 5189 1425 5240 ll.

1923 4538 2165 4594 tenebris
2199 4534 2525 4605 degentibus
2556 4542 2813 4601 tanquam
2847 4524 3147 4581 diluculum
3201 4520 3483 4590 apparitu-

1925 4646 2046 4683 rum
2076 4634 2242 4690 esset,
2277 4633 2409 4679 tunc
2454 4624 2512 4677 in
2559 4620 2933 4690 captivitatem
2970 4613 3192 4670 abducti
3240 4611 3478 4666 fuerunt.

1931 4741 1947 4772 ι
1989 4720 2144 4774 Sicut
2174 4732 2333 4771 mane
2371 4714 2655 4785 projectus
2685 4718 2771 4766 est
2801 4725 2896 4765 rex
2926 4705 3166 4763 lsraelis.
3206 4723 3224 4756 ι
3267 4704 3486 4771 Repen-

1925 4815 2098 4867 tinum
2129 4809 2356 4864 exitium
2384 4807 2469 4860 his
2502 4804 2686 4860 verbis
2716 4798 3045 4871 designavit.
3069 4795 3206 4850 Nam
3228 4795 3294 4849 ad
3322 4794 3487 4848 breve

1927 4913 2142 4974 tempus
2197 4902 2358 4955 durat
2413 4895 2736 4957 diluculum,
2777 4907 2904 4945 mox
2939 4890 3191 4946 exoriens
3225 4887 3307 4942 sol
3344 4885 3487 4941 diem

1926 4997 2110 5051 infert.
2153 5014 2168 5044 ι
2199 4991 2336 5057 Quia
2365 4987 2627 5060 parvulus
2653 4983 2845 5040 Israel.
2880 5001 2898 5033 ι
2931 4981 3160 5050 Propter
3184 4977 3485 5036 inscitiam,

1620 5320 1851 5378 VARIIE
1894 5317 2289 5375 [.ECTIONES.

320 5455 365 5486 ιθ
386 5454 539 5506 ἑαυτ.
607 5448 749 5502 Edit.
798 5447 948 5516 prior
992 5445 1112 5516 hab.
1149 5443 1349 5516 αὺτρῖς.
1429 5439 1560 5516 ³⁰ώς
1594 5436 1702 5516 Λέτι
1735 5453 1826 5516 και

249 5527 295 5558 ⁸³
333 5521 580 5593 ἃρμαιιε
610 5520 654 5571 Α
675 5529 728 5574 et
848 5531 972 5593 eum
1033 5515 1182 5593 Alea.
1207 5513 1472 5593 _P'raestat.
1506 5506 1809 5593 lectio'clod.

253 5612 344 5648 σου
380 5592 679 5662 οἰχήσεται.

255 5648 600 5718 librariorum
637 5667 817 5712 ortum
852 5671 974 5711 esse
1000 5648 1212 5707 videtur
1239 5667 1302 5705 ex
1347 5648 1473 5718 Ἥλ.

254 5738 413 5789 linem
466 5748 588 5799 cap.
621 5746 655 5783 ι
686 5725 1092 5797 pertinetjuxta
1121 5721 1282 5775 Hebr.

506 5824 778 5882 Ρηιιοι..
815 5819 927 5877 (in.
963 5814 1220 5874 LXXXI.

1834 5453 1912 5558 in.

1924 5435 2000 5489 ιω
2027 5433 2146 5487 Ald.
2228 5435 2268 5462 ⁵³
2325 5447 2374 5483 τ.
2427 5446 2596 5489 καρπ.
2650 5427 2782 5482 Rec.
2816 5424 2939 5479 lect.
2995 5426 3100 5483 est,
3130 5419 3230 5479 τὰς
3250 5414 3484 5489 ἀδικίας.

2325 5447 2374 5483 τ.
2427 5446 2596 5483 καοπ.

1919 5484 2353 5571 ίίάμαρτήμασι.
2413 5501 2459 5532 ⁵³
2483 5484 2613 5554 nec.
2649 5497 2811 5552 lectio
2830 5502 2933 5556 est,
2980 5484 3486 5558 περιτετειχισμένα

1949 5575 1958 5584 -
2035 5573 2092 5589 n,
2141 5572 2164 5589 u,
2228 5581 2264 5589 ,.
2312 5570 2457 5589 Ι---]
2519 5569 2655 5589 Δᾼ-..ι
2691 5566 2832 5589 ρμηι.
2928 5561 2973 5589 15
3023 5558 3135 5589 ’ῐρλ
3197 5555 3266 5589 Et
3304 5565 3486 5589 orrnrn

793 5555 1809 5653 hb2‘:.'“_‘“¥.;'peisaginanam:

793 5673 814 5698 fl
852 5671 974 5698 paen
1000 5654 1212 5698 videtur
1239 5667 1302 5698 ex
1347 5648 1473 5698 Ἥλ.
1571 5647 1614 5676 ⁵⁶
1644 5644 1764 5698 Ζεδ.
1790 5643 1814 5695 ί

1926 5555 2271 5626 ’ίιΓΒέιτὺΫει
2311 5570 2478 5624 Laud.
2516 5569 2656 5638 apud
2689 5566 2853 5621 Grab.
2922 5555 2973 5591 ⁷⁵⁵
3023 5555 3155 5626 ’Ῐσρο
3194 5555 3269 5607 Ex
3304 5565 3488 5606 errore

1926 5658 2053 5694 'a‘in.
2085 5641 2236 5694 ὡσεί.
2313 5642 2354 5671 ⁸⁷
2413 5640 2565 5698 "ope.
2611 5640 2704 5691 ἀπ.
2747 5646 2800 5692 et
2839 5628 3029 5685 deinde
3052 5627 3213 5687 ὼς-
3259 5622 3387 5687 Ἰσρ.
3420 5617 3485 5670 ad

1361 5658 1473 5700 'HA.
1571 5658 1614 5676 °"
1644 5658 1764 5698 me.
1790 5658 1830 5695 υ
1868 5658 2053 5711 praem.
2085 5658 2236 5694 ωσει.
2313 5658 2350 5671 ν’
2414 5658 2565 5709 ήυρυ.
2611 5658 2704 5691 απ.

1361 5719 1404 5749 ⁵⁸
1437 5717 1523 5780 Ὡς
1544 5715 1695 5784 ὅρθρ.
1721 5715 1839 5769 Des.
1881 5711 2020 5780 apud
2044 5709 2200 5765 LXX.

3091 5780 3222 5842 ’51
