3912 6206
463 365 600 434 ’1611

1450 369 1933 431 ΤΗΕΟΒΟΠΕΤΙ
1969 374 2304 435 EPISCOPI
2335 373 2696 434 CYRENSIS

3583 367 3709 431 1612

471 491 670 558 tuquit,
711 493 764 540 et
797 485 1062 558 puerilem
1106 500 1350 551 sensum,
1390 486 1529 540 hanc
1558 488 1840 542 sustinent
1873 491 2012 544 ultio

2137 492 2285 554 νοίας
2322 491 2526 559 ταύτην
2567 488 2897 557 ὑπομένουσι
2951 483 3050 554 τὴν
3096 482 3387 554 τιμωρίαν.
3435 481 3581 552 Ἐγὼ
3612 484 3712 552 γὰρ

471 595 615 633 nem.
650 577 729 648 [2]
777 577 886 646 Ego
917 577 1064 631 enim
1108 591 1205 632 eos
1244 594 1310 631 ex
1350 576 1589 649 Egypto
1624 580 1841 642 reduxi,
1881 591 1933 636 ct
1969 599 2033 637 ex

467 669 822 724 acerbissima
875 667 970 722 illa
1027 669 1290 723 servitute
1340 669 1610 726 liberavi:
1668 673 1772 742 ipsi
1840 682 2034 727 contra

467 774 551 812 me
584 758 786 827 ingrati
822 757 976 821 facti,
1037 757 1307 812 idolorum
1344 759 1554 812 cultum
1614 763 1790 831 magis
1826 778 2036 818 amave-

464 854 592 900 runt
621 846 762 915 (haec
797 847 944 900 enim
975 856 1133 902 vocat
1161 847 1413 915 Baalim),
1449 847 1525 920 [5,
1559 848 1616 921 4]
1646 865 1731 906 me
1755 867 1906 913 vero,
1940 852 2032 922 qui

459 937 738 1006 colligavi,
775 937 984 1008 1362
1008 938 1156 992 etab
1190 937 1469 994 incondito
1514 955 1710 1010 gressu
1755 941 2027 1011 expedivi,

458 1035 516 1081 et
548 1036 835 1096 paternum
870 1028 1122 1082 allectum
1159 1044 1286 1098 erga
1319 1045 1444 1084 eum
1475 1031 1714 1096 ostendi,
1750 1040 1803 1086 et
1851 1033 2031 1087 omnis

459 1118 678 1188 generis
711 1119 1053 1172 curationem
1094 1119 1144 1174 ei
1187 1111 1437 1182 adhibui,
1483 1135 1785 1190 agnoscere
1833 1122 2030 1185 noluit,

454 1210 560 1262 etsi
594 1209 662 1261 ab
691 1211 836 1263 omni
870 1212 1116 1280 pernicie
1151 1211 1436 1266 hominum
1470 1213 1852 1268 invadentium
1887 1231 2031 1285 saape

450 1315 555 1353 eos
585 1301 836 1366 liberavi,
869 1302 1075 1358 amoris
1101 1302 1155 1357 in
1187 1319 1282 1358 eos
1315 1303 1494 1358 studio
1517 1313 1777 1374 tanquam
1812 1305 2029 1361 vinculo

455 1390 693 1459 quodam
727 1391 1084 1459 constrictus,
1125 1409 1234 1464 quo
1289 1395 1586 1448 etiamnum
1617 1412 1711 1452 eos
1767 1412 1939 1460 curo,
1973 1404 2028 1452 et

459 1481 544 1536 his
591 1483 1029 1538 correctionibus
1100 1485 1278 1550 trado,
1342 1485 1488 1540 haud
1518 1487 1678 1542 aliter
1703 1503 1768 1542 ae
1813 1489 1858 1543 si
1901 1488 2028 1560 quis

456 1581 773 1642 peccantem
834 1588 1063 1643 puerum
1119 1574 1173 1627 in
1211 1575 1432 1628 maxilla
1494 1574 1676 1632 feriat.
1715 1577 1846 1632 Mihi
1896 1594 2026 1634 vero

455 1665 592 1720 satis
625 1673 730 1729 est,
761 1674 820 1719 ut
845 1674 998 1719 torve
1039 1665 1190 1718 illum
1237 1665 1472 1732 intuear,
1505 1675 1559 1723 et
1588 1670 1808 1739 penitus
1845 1671 2023 1742 ipsum

454 1757 701 1827 perdam.
749 1756 864 1812 lloc
911 1756 1057 1813 enim
1093 1757 1443 1828 signiﬁcavit,
1475 1772 1600 1813 cum
1635 1758 1812 1815 dixit:

527 2051 545 2083 ι
586 2032 898 2101 Respiciam
925 2031 994 2086 ad
1021 2047 1168 2096 eum,
1200 2040 1253 2088 et
1283 2032 1590 2104 prmvalebo
1624 2034 1694 2089 ei.
1726 2033 1913 2105 (Vnus.
1941 2036 2018 2106 5.)

451 2121 728 2177 Habitavit
768 2123 1025 2193 Ephraim
1057 2125 1113 2178 in
1142 2121 1400 2195 Egypto,
1435 2131 1491 2180 et
1537 2125 1712 2180 Assur
1753 2127 1869 2196 ipse
1922 2142 2018 2182 rex

443 2211 592 2280 ejus.
628 2231 647 2262 ι
685 2211 801 2265 Non
837 2212 983 2266 etiim
1015 2212 1243 2282 ell'ugiet
1271 2213 1438 2283 hujus
1473 2212 1814 2269 dominatum
1836 2256 1852 2282 ,
1894 2215 2019 2270 licet

447 2301 649 2355 millies
677 2301 732 2354 in
763 2299 1062 2371 Egyptum
1104 2299 1312 2370 fugiat:
1366 2315 1533 2356 causa
1575 2317 1702 2357 vero
1742 2304 2014 2358 malorum

448 2389 528 2444 illi
567 2389 800 2456 exstitit,
845 2408 864 2441 ι
923 2389 1053 2459 quia
1087 2392 1100 2407 °
1127 2388 1304 2444 noluit
1336 2391 1610 2445 converti.
1656 2409 1675 2442 ι
1720 2390 2014 2461 Propterea

446 2482 614 2545 cnim,
646 2480 748 2535 etsi
793 2479 1145 2535 multitudine
1175 2487 1230 2535 et
1265 2481 1414 2534 omni
1471 2496 1672 2552 genere
1734 2497 2013 2538 armorum

445 2575 640 2640 utitur,
679 2575 817 2629 nihil
847 2583 1030 2631 tamen
1073 2575 1231 2631 virile
1261 2575 1384 2632 edet
1411 2595 1423 2630 :
1448 2577 1543 2632 sed
1575 2577 1847 2630 malorum
1877 2592 2012 2631 con-

443 2667 694 2720 siliorum
735 2663 948 2720 fructus
979 2666 1181 2736 capiet,
1220 2667 1488 2738 longeque
1525 2681 1554 2720 a
1584 2674 1734 2722 terra
1780 2680 1879 2723 sua
1913 2669 2013 2724 ab-

444 2757 696 2821 ducetur,
728 2757 1173 2828 quandoquidem
1197 2759 1381 2813 omnia
1405 2759 1651 2830 pretiosa
1677 2759 2012 2815 adversariis

445 2849 691 2912 tradam,
747 2853 805 2902 et
850 2847 1112 2902 continuo
1177 2848 1503 2919 deprimam.
1560 2849 1856 2920 Postquam
1913 2850 2012 2906 hos

443 2946 685 2994 terrores
711 2939 925 3009 injecit,
956 2955 1152 2996 rursus
1179 2941 1567 2996 misericordiae
1595 2941 1781 2996 verbis
1814 2942 2007 3006 utitur,

443 3030 714 3085 sermonis
743 3030 1007 3086 varietate
1039 3031 1330 3086 utilitatem
1360 3030 1440 3088 eis
1471 3045 1820 3101 comparans.

511 3216 674 3274 Vens.
692 3217 774 3272 8.;
799 3216 1085 3284 Quomodo
1100 3226 1153 3272 te
1175 3218 1482 3287 disponam,
1509 3217 1766 3290 Ephraim
1784 3221 1807 3274 ?
1826 3247 1843 3274 ι
1865 3219 2010 3288 Quo-

440 3310 622 3375 modo,
638 3309 832 3379 inquit,
851 3308 1176 3378 oEphraim,
1197 3324 1323 3380 erga
1349 3316 1401 3364 te
1425 3325 1510 3365 me
1527 3312 1745 3381 geram?
1777 3331 1794 3364 ι
1819 3310 2010 3368 Prote-

439 3415 561 3469 gam
597 3407 670 3463 te,
693 3397 862 3455 Israel
893 3398 1206 3469 :quomodo
1229 3407 1281 3454 te
1313 3397 1644 3470 disponam?
1674 3419 1692 3452 ι
1731 3399 1842 3472 Ego
1865 3402 2008 3456 enim

439 3502 493 3546 te
520 3489 809 3546 defendere
826 3491 1042 3556 studeo,
1065 3492 1158 3547 sed
1180 3505 1266 3546 me
1281 3491 1388 3545 hoc
1421 3491 1600 3547 facere
1619 3492 1784 3564 impia
1801 3493 2008 3548 scelera

437 3589 531 3635 tua
561 3595 668 3635 non
693 3581 904 3649 sinunt.
927 3583 1106 3648 Quare
1137 3600 1154 3634 ι
1184 3583 1330 3638 sicut
1351 3581 1560 3637 Adama
1600 3597 1797 3652 ponam
1834 3591 1908 3649 te,
1955 3591 2010 3639 et

438 3673 580 3728 sicut
605 3671 847 3727 Seboim.
871 3690 890 3724 ι
912 3671 1044 3738 Quae
1058 3687 1166 3726 una
1185 3687 1308 3728 cum
1327 3671 1563 3726 Sodoma
1601 3671 1810 3742 1363
1830 3683 1880 3727 et
1898 3673 2009 3728 Go-

438 3764 910 3819 morrbaincenste
933 3773 1084 3818 sunt.
1103 3766 1173 3817 At
1192 3764 1414 3818 vixdum
1435 3773 1628 3818 contra
1668 3778 1763 3818 eos
1791 3772 2010 3819 senten-

437 3855 567 3909 tiam
613 3853 830 3915 tulerat,
877 3869 1002 3909 cum
1035 3854 1410 3910 misericordia
1449 3854 1649 3909 ductus
1678 3854 2006 3907 sententiam

435 3953 680 4000 τονοοιιι.

512 4049 530 4083 ι
559 4031 896 4086 Conversum
930 4037 1014 4084 est
1039 4043 1136 4085 cor
1161 4045 1342 4084 meum
1378 4030 1432 4084 in
1464 4031 1582 4099 ipso
1609 4046 1621 4081 :
1659 4028 1825 4082 simul
1858 4043 2007 4082 com-

426 4131 583 4178 mota
620 4128 703 4178 est
736 4121 1061 4192 poenitentia
1109 4135 1249 4177 mea.
1280 4121 1468 4193 (Vens.
1522 4119 1600 4188 9.)
1644 4117 1762 4172 Non
1806 4117 2002 4173 faciam

424 4216 586 4286 juxta
620 4195 757 4268 iram
802 4212 1007 4270 furoris
1039 4213 1167 4279 mei,
1205 4229 1315 4267 non
1369 4209 1752 4280 derelinquam
1797 4219 1856 4264 ιιι
1905 4211 2004 4266 de-

435 4306 610 4359 leatur
646 4305 924 4375 Ephraim.
975 4323 994 4356 ι
1048 4302 1266 4358 Patrem
1303 4299 1576 4366 imitatur,
1609 4306 1663 4353 et
1733 4308 1962 4354 matrem
1986 4339 2000 4366 ,

433 4397 528 4466 qui
568 4411 599 4450 a
635 4404 831 4450 natura
862 4395 1288 4457 conturbantur,
1321 4399 1376 4446 et
1421 4390 1515 4446 diu
1568 4392 1809 4447 aversari
1859 4391 2002 4448 filios

417 4502 541 4542 anon
585 4497 834 4556 possunt.
881 4485 1007 4541 Haec
1055 4494 1236 4538 autent
1295 4484 1470 4550 dicit,
1520 4501 1634 4540 non
1687 4485 1843 4555 quasi
1899 4486 2003 4541 hoc
2037 4527 2078 4581 Β

432 4591 579 4632 nunc
606 4576 762 4638 velit,
791 4589 937 4629 nunc
968 4588 1186 4639 rursus,
1216 4582 1427 4629 mutata
1467 4575 1768 4640 voluntate,
1819 4576 1955 4628 nolit
1983 4594 1996 4630 :

427 4670 524 4724 sed
573 4681 878 4722 sermonem
925 4663 1129 4734 eﬂingit
1161 4665 1230 4719 ad
1268 4665 1404 4720 iram
1455 4674 1510 4722 et
1558 4665 1950 4737 benignitatem
1980 4707 1996 4732 ,

428 4760 494 4812 ad
527 4760 819 4814 vindictam
840 4767 894 4813 et
923 4757 1358 4825 miserationem,
1391 4766 1450 4812 ut
1484 4773 1580 4830 per
1603 4758 1700 4811 illa
1730 4767 1996 4812 terrorem

427 4847 639 4910 aﬂ'erat,
677 4863 775 4917 per
809 4848 924 4902 haec
968 4862 1098 4903 vero
1157 4849 1616 4905 exhortationem.
1666 4848 1820 4904 Hanc
1876 4849 1999 4918 ejus

431 4937 869 4992 misericordiam
925 4937 1120 4994 beatus
1187 4954 1406 5011 quoque
1467 4939 1634 4995 David
1696 4939 1993 4994 celebrat:

433 5046 456 5080 ι
493 5027 779 5095 Quomodo
827 5031 1121 5085 miseretur
1153 5039 1306 5100 pater
1336 5031 1596 5094 ﬁliorum,
1631 5030 1889 5084 misertus
1915 5037 1998 5083 est

419 5118 696 5174 Dominus
725 5119 1036 5175 timentium
1060 5136 1119 5176 se
1139 5115 1188 5177 δ.
1221 5139 1239 5172 ›
1269 5119 1337 5174 Et
1361 5136 1461 5190 per
1489 5119 1682 5176 Isaiam
1716 5120 1848 5174 dicit
1880 5121 1996 5188 ipse

427 5209 611 5264 Deus:
658 5227 677 5261 ι
731 5207 991 5280 Nunquid
1023 5211 1277 5267 oblivisci
1319 5217 1501 5281 potest
1536 5210 1731 5266 mulier
1769 5209 1994 5266 infantis

499 5363 528 5405 ιι
557 5362 826 5430 Psal.cu,

2140 580 2334 642 αὐτοὺς
2379 579 2436 642 ἐξ
2485 578 2759 644 Αἰγύπτου
2818 574 3174 646 μετεκάλεσα,
3228 571 3322 625 καὶ
3370 572 3470 642 τῆς
3516 579 3718 643 πικρᾶς

2137 671 2352 740 ἐκείνης
2405 670 2750 740 ἠλευθέρωσα
2801 666 3042 728 δουλείας
3069 679 3085 693 '
3121 664 3276 716 αὐτοὶ
3312 665 3366 716 δέ
3402 664 3717 736 ἀγνώμονες

2139 763 2263 832 περὶ
2285 764 2382 833 ἐμὲ
2419 763 2717 832 γενόμενοι,
2744 761 2843 831 τὴν
2873 759 2982 813 τῶν
3022 754 3253 810 εἰδώλων
3286 757 3551 829 λατρείαν
3582 777 3713 832 προ-

2135 855 2339 908 είλοντο
2363 872 2374 884 ·
2398 853 2568 910 ταῦτα
2595 855 2701 926 γὰρ
2736 854 2892 908 καλεῖ
2917 853 3185 924 Βααλείμ·
3235 854 3334 924 ἐμὲ
3361 854 3421 907 δέ
3453 854 3549 906 τὸν
3582 871 3716 925 συμ-

2135 947 2446 1011 ποδίσαντα,
2478 949 2569 998 καὶ
2587 947 2684 1015 τῆς
2708 946 2943 1000 ἀτάκτου
2979 948 3152 1017 φορᾶς
3191 945 3606 1009 ἀπαλλάξαντα,
3625 947 3716 998 καὶ

2133 1035 2405 1106 πατρικὴν
2455 1036 2582 1106 περὶ
2629 1036 2791 1090 αὐτὸν
2847 1036 3229 1106 φιλοστοργίαν
3276 1037 3712 1106 ἐπιδειξάμενον,

2132 1127 2226 1180 καὶ
2247 1125 2390 1180 ῐασιν
2412 1125 2558 1196 αὑτῷ
2614 1128 2928 1198 παντοδαπῆ
2973 1128 3369 1193 ἐπιτεθεικότα,
3415 1128 3714 1196 ἐπιγνῶναι

2130 1218 2229 1272 οὐκ
2291 1217 2599 1290 ἠϐουλήθη·
2651 1221 2746 1272 καὶ⁵
2799 1219 2905 1290 μὴν
2962 1221 3068 1272 ἀπὸ
3124 1220 3474 1289 παντοδαπῆς
3519 1222 3714 1283 αὐτοὺς

2129 1309 2426 1383 διαφθορᾶς
2465 1311 2572 1362 τῶν
2611 1311 2872 1363 ἐπιόντων
2896 1310 3200 1381 ἀνθρώπων
3240 1311 3512 1371 πολλάκις
3539 1310 3709 1380 dri).-

2128 1401 2284 1469 λαξα,
2312 1399 2423 1456 οἷόν
2446 1421 2550 1456 τινι
2596 1401 2778 1473 δεσμῷ
2811 1404 2877 1473 τῇ
2914 1402 3044 1472 περὶ
3095 1403 3290 1466 αὐτοὺς
3343 1404 3710 1472 κατεχόμενος

2127 1495 2336 1568 ἀγάπῃ,
2375 1495 2441 1547 δι’
2471 1495 2536 1566 ἢν
2565 1493 2660 1547 καὶ
2690 1493 2771 1546 ἔτι
2814 1494 2993 1546 αὐτῶν
3048 1494 3304 1564 κήδομαι,
3355 1495 3453 1546 καὶ
3484 1493 3706 1556 ταύταις

2129 1585 2438 1658 περιϐαλλω
2487 1589 2604 1648 ταῖς
2627 1585 2918 1650 παιδείαις,
2967 1585 3152 1654 ὅμοιον
3191 1585 3383 1649 ποιῶν,
3425 1585 3505 1648 ὡς
3539 1585 3593 1637 εί
3625 1601 3704 1647 τις

2126 1679 2482 1749 ἡμαρτηκότα
2560 1678 2726 1732 παῖδα
2797 1675 2937 1730 κατὰ
2983 1677 3080 1746 τῆς
3138 1675 3386 1744 σιαγόνος
3435 1677 3696 1730 παίσειεν.

2136 1770 2322 1840 Ἀρκεῖ
2351 1769 2407 1822 δέ
2440 1787 2549 1838 μοι,
2609 1771 2700 1822 καὶ
2742 1769 2907 1841 δριμὺ
2965 1768 3100 1840 πρὸς
3156 1767 3320 1821 αὑτὸν
3353 1767 3574 1838 βλέψαι,
3609 1769 3698 1820 καὶ

2056 1848 2097 1902 Β
2127 1860 2483 1924 παντοδαπῶς
2509 1861 2671 1914 αὐτὸν
2724 1859 3022 1914 ἀναλῶσαι.
3061 1858 3231 1912 Τοῦτο
3278 1858 3389 1930 γὰρ
3429 1860 3696 1930 ἐσήμανεν

2122 1949 2379 2024 εἰρηκώς*

2195 2062 2213 2095 ι
2267 2041 2658 2114 Ἑπιϐλέψομαι
2691 2041 2826 2112 πρὸς
2851 2041 3032 2105 αὐτὸν,
3071 2041 3164 2094 καὶ
3205 2039 3505 2112 δυνήσομαι
3530 2042 3686 2111 αὐτῷ.

2121 2131 2226 2203 (ε’.)
2256 2133 2589 2204 Κατῴκησεν
2625 2132 2863 2204 Ἐφραῒμ
2921 2131 3192 2200 Αἴγυπτον
3219 2131 3285 2195 ⁸9,
3315 2131 3412 2185 καὶ
3468 2133 3689 2203 Ἀσσοίδρ

2117 2225 2278 2290 αὐτὸς
2302 2227 2389 2279 ό⁶⁰
2409 2226 2660 2296 βασιλεὺς
2693 2224 2878 2280 αὐτοῦ.
2917 2244 2935 2275 ›
2965 2225 3038 2278 Οὐ
3083 2223 3434 2294 διαφεύξεται
3459 2224 3568 2294 γὰρ
3596 2227 3687 2294 τὴν

2117 2318 2306 2370 τούτου
2332 2317 2670 2380 δεσποτείαν,
2715 2316 2816 2371 κᾶν
2855 2317 3111 2388 μυριάκις
3163 2317 3242 2381 είς
3277 2316 3550 2386 Λίγυπτον
3570 2317 3686 2388 δρα·-

2117 2407 2396 2479 πετεύσῃν
2454 2407 2623 2462 αἴτιον
2680 2408 2737 2461 δὲ
2796 2407 2944 2478 αὐτῷ
2991 2406 3100 2460 τῶν
3151 2406 3362 2469 κακῶν,
3417 2426 3436 2458 ι
3475 2409 3556 2460 ὅτι
3593 2407 3681 2460 οὐκ

2112 2497 2377 2570 ἠθέλησεν
2427 2499 2773 2572 ἐπιστρέψαι.
2805 2518 2823 2552 ι
2864 2499 3066 2552 Τούτου
3120 2498 3228 2568 γὰρ
3287 2498 3330 2529 ⁶¹
3373 2500 3558 2568 χάριν,
3597 2502 3682 2551 καὶ

2116 2591 2310 2663 πλήθει
2352 2590 2634 2662 χρώμενος
2688 2591 2783 2644 καὶ
2843 2590 3185 2657 πανοπλίαις,
3247 2590 3400 2643 οὐδὲν
3449 2591 3681 2661 ἀνδρεῖον

2114 2681 2440 2750 ἐπιδείξεται
2468 2699 2480 2712 ·
2505 2681 2640 2736 ἀλλὰ
2676 2683 2780 2737 τῶν
2811 2681 2996 2736 κακῶν
3020 2681 3410 2754 βουλευμάτων
3439 2683 3681 2752 δρέψεται

2111 2774 2236 2837 τοὺς
2261 2775 2526 2842 καρποὺς,
2548 2772 2644 2826 καὶ
2677 2774 2866 2844 πόρῤω
2893 2773 2991 2843 τῆς
3009 2772 3217 2834 οἰκείας
3235 2773 3525 2842 γενήσεται
3556 2772 3646 2841 γῆς
3665 2788 3678 2802 ·

2111 2865 2296 2936 ἐπειδὴ
2325 2865 2433 2934 ἐγὼ
2451 2865 2626 2918 πάντα
2640 2863 2710 2917 τὰ
2728 2867 2769 2897 ⁶²
2786 2864 2942 2935 τίμια
2960 2863 3265 2936 παραδώσω
3280 2867 3393 2927 τοῖς
3410 2864 3680 2928 ἐναντίοις,

2112 2957 2207 3010 καὶ
2237 2942 2500 3028 διηνεκῶς
2525 2956 3101 3020 ταπεινὼσω.1Τούτοις
3126 2955 3309 3020 αὐτοῖς
3341 2957 3386 2988 ⁸³
3413 2956 3681 3025 καταπλή-

2087 3046 2227 3116 ’ξας,
2247 3049 2406 3102 πάλιν
2436 3050 2546 3112 τοῖς
2571 3047 2671 3117 τῆς
2689 3047 3096 3119 φιλανθρωπίας
3119 3047 3383 3120 κέχρηται
3405 3047 3601 3116 λόγοις,
3620 3050 3678 3116 τῇ

2060 3191 2077 3212 ,
2113 3141 2350 3213 ποικιλίᾳ
2368 3143 2467 3212 τῆς
2483 3140 2626 3194 διαλέ
2636 3140 2767 3206 ξεως
2785 3140 3050 3210 ὠφέλειαν
3070 3142 3253 3203 αὐτοῖς
3271 3141 3677 3211 μηχανώμενος.

2182 3231 2252 3303 η’.
2291 3252 2309 3284 ι
2341 3232 2405 3285 Τί
2434 3250 2492 3285 σε
2531 3231 2718 3298 διαθῶ,
2761 3231 3036 3304 Ἐφραῖμς
3077 3251 3094 3282 ι
3128 3232 3252 3295 Πῶς
3280 3249 3383 3296 σοι,
3432 3233 3612 3302 φησὶν,
3638 3224 3680 3283 ὧ

2124 3322 2384 3394 Ἐφραῒμ,
2440 3325 2752 3395 χρήσομαι;
2787 3344 2805 3377 ι
2851 3325 3211 3397 ’Υπερασπιῶ
3279 3342 3397 3388 σου,
3443 3323 3676 3395 Ἰσραήλ·

2111 3415 2164 3468 τί
2213 3433 2271 3467 σε
2325 3415 2492 3468 διαθῶ
2525 3416 2608 3482 ⁶⁸;
2647 3435 2665 3468 ι
2713 3414 2852 3485 Ἐγὼ
2897 3415 3006 3486 γὰρ
3049 3415 3093 3447 ⁸⁸
3141 3416 3533 3489 ὑπερμαχῆσαί
3593 3432 3676 3468 σου

2113 3505 2372 3576 βούλομαι
2396 3523 2410 3536 ⁸
2441 3508 2540 3561 οὐκ
2573 3509 2637 3578 ἐᾷ
2665 3506 2720 3560 δέ
2751 3525 2818 3579 με
2849 3508 2916 3562 τὰ
2947 3507 3050 3561 ὑπὸ
3087 3507 3182 3560 σοῦ
3206 3507 3535 3579 τολμώμενα
3557 3510 3669 3561 δυσο

2112 3599 2429 3668 σεῦήματα’
2467 3598 2546 3652 διὸ
2583 3615 2603 3650 ι
2653 3598 2729 3662 ὡς
2788 3598 2995 3669 ’Δδάμα
3041 3598 3275 3670 θήσομαί
3328 3617 3412 3663 σε,
3468 3601 3559 3653 καὶ
3608 3600 3674 3662 ὡς

2111 3691 2329 3761 Σεδωῖμ
2353 3692 2418 3744 “⁶.
2457 3711 2474 3743 ι
2503 3691 2570 3744 Αἲ
2592 3690 2730 3762 μετὰ
2759 3691 3006 3762 Σοδόμων
3031 3692 3123 3746 καὶ
3143 3692 3439 3764 Γομόρρων
3455 3695 3672 3762 ἐνεπρή-

2113 3781 2336 3851 σθησαν.
2387 3769 2524 3835 Ἀλλ’
2586 3780 2738 3836 οὔπω
2783 3781 2880 3854 τὴν
2936 3785 3056 3836 κατ’
3097 3783 3273 3836 αὐτῶν
3312 3785 3495 3855 ψῆφον
3544 3785 3672 3849 ἐξεν-

2109 3872 2306 3941 εγκὼν.
2333 3877 2396 3945 τῇ
2430 3873 2806 3947 φιλανθρωπίᾳ
2833 3875 2929 3946 τὴν
2956 3876 3230 3945 ἀπόφασιν
3264 3859 3404 3931 λόει.

2183 4042 2203 4076 ι
2241 4024 2607 4098 Μετεστράφη
2665 4028 2698 4098 ἡ
2759 4027 2957 4099 καρδία
3000 4045 3102 4098 μου
3153 4029 3212 4082 ἐν
3238 4029 3418 4102 τούτῳ
3445 4032 3521 4062 "-
3559 4046 3671 4082 cov-

2107 4113 2381 4185 εταράχθη
2420 4117 2456 4185 ἡ
2504 4117 2838 4186 μεταμέλειά
2890 4135 3012 4188 μου.
3077 4119 3189 4188 (θ’.)
3235 4121 3310 4173 Οὐ
3360 4122 3436 4190 μὴ
3474 4123 3668 4189 ποιήσω

2107 4204 2249 4257 κατὰ
2275 4205 2370 4275 τὴν
2393 4206 2562 4276 ὀργὴν
2592 4208 2686 4260 τοῦ
2724 4207 2893 4279 θυμοῦ
2928 4223 3028 4280 μου
3049 4227 3064 4242 ο
3113 4210 3174 4262 οὐ
3224 4209 3299 4280 μὴ
3327 4212 3667 4278 ἐγκαταλίπω

2105 4295 2198 4348 τοῦ
2246 4295 2627 4368 ἐξαλειφθῆναι
2673 4300 2764 4352 τὸν
2807 4300 3067 4371 Ἐφραῖμ.
3101 4320 3119 4346 ι
3154 4302 3376 4372 Πατέρα
3432 4308 3665 4374 μιμεῖται

2105 4387 2199 4440 καὶ
2232 4389 2443 4460 μητέρα
2467 4389 2571 4443 ὑπὸ
2603 4392 2701 4461 τῆς
2743 4391 2958 4461 φύσεως
2993 4394 3546 4466 διαταραττομένους,
3584 4397 3670 4449 καὶ

2104 4479 2196 4531 ἐπὶ
2222 4479 2469 4534 πλεῖστον
2523 4483 2962 4554 ἀποστρέφεσθαι
3016 4486 3083 4539 τὰ
3113 4489 3278 4540 τέκνα
3327 4489 3403 4559 μὴ
3449 4489 3668 4558 δυναμέ-

2105 4587 2244 4632 νους.
2271 4571 2451 4625 Ταῦτα
2470 4571 2524 4626 δὲ
2557 4572 2725 4643 λέγει,
2756 4575 2853 4645 οὐχ
2873 4577 2948 4639 ὡς
2985 4575 3082 4630 νῦν
3112 4578 3211 4648 μὲν
3238 4578 3397 4632 τοῦτο
3425 4580 3666 4650 βουλόμε·

2105 4675 2212 4725 νος,
2245 4659 2338 4712 νῦν
2363 4659 2420 4712 δέ
2475 4660 2633 4715 τοῦτο
2675 4662 3199 4735 μεταϐουλευόμενος
3221 4681 3234 4694 ·
3263 4666 3402 4719 ἀλλὰ
3464 4682 3664 4736 σχημα·

2103 4751 2240 4814 τίζει
2293 4751 2385 4804 τὸν
2437 4752 2594 4820 λόγον
2634 4755 2714 4818 εἰς
2767 4755 2934 4828 ὀργὴν
2985 4755 3080 4810 καὶ
3133 4755 3565 4829 φιλανθρωπίαν,
3594 4759 3664 4819 εἰς

2103 4843 2369 4912 τιμωρίαν
2419 4845 2512 4896 καὶ
2563 4843 2732 4908 ἔλεον,
2782 4849 2877 4900 καὶ
2905 4847 2971 4901 δι’
3013 4849 3236 4902 ἐκείνων
3257 4850 3659 4922 καταπλήττων,

2103 4933 2198 4984 καὶ
2268 4933 2356 4986 διὰ
2440 4934 2645 4988 τούτων
2701 4939 3046 5009 προτρέπων.
3097 4941 3315 5012 Ταύτην
3357 4941 3520 4996 αὐτοῦ
3574 4941 3661 5010 τὴν

2105 5022 2512 5096 φιλανθρωπίαν
2545 5027 2638 5080 καὶ
2665 5029 2694 5079 ὁ
2728 5031 2999 5101 μακάριος
3049 5033 3166 5104 ᾄδει
3188 5033 3386 5086 Δαδίδ·
3422 5051 3442 5084 ι
3480 5031 3658 5092 Καθὼς

2099 5119 2356 5189 οίκτείρει
2381 5118 2559 5191 πατὴρ
2581 5121 2748 5186 υἱοὺς,
2785 5121 3088 5195 ᾠκτείρησε
3119 5125 3456 5197 Κύριοςτοὺς
3484 5123 3662 5194 φοϐου-

2102 5210 2299 5280 μένους
2351 5210 2532 5265 αὐτόν.
2591 5228 2610 5265 ι
2658 5213 2769 5266 Καὶ
2814 5213 2903 5268 διὰ
2940 5214 3162 5269 Ἡσαΐου
3217 5217 3378 5280 αὐτὸς
3428 5232 3585 5286 φησιν
3631 5215 3656 5264 ό

1822 5519 2055 5576 VARI/fl
2085 5519 2479 5582 LECTIONES.

503 5684 554 5766 ’ξ
582 5681 710 5766 Rec.
736 5686 1004 5766 lectioest
1028 5685 1406 5766 ὲνᾼίγύπτῳ..
1473 5685 1586 5766 “_6.
1611 5685 1736 5766 Pes.
1764 5687 1901 5766 inf}.
1923 5758 1934 5766 _
1958 5687 2021 5766 _"
2039 5687 2175 5766 γάρ.
2208 5685 2331 5766 lies.
2361 5690 2425 5766 in
2454 5689 2516 5766 ς.
2559 5691 2603 5723 ⁸³
2624 5691 2712 5766 τά.
2733 5691 2808 5766 lb.
2829 5711 3015 5766 praem.
3051 5697 3236 5754 αὑτοῦ.
3315 5698 3414 5754 "C
3439 5695 3637 5759 αὐτούς.

429 5747 475 5778 ⁸⁸
497 5752 549 5805 τί
573 5771 630 5808 σε
666 5758 854 5817 διαθῶ.
909 5757 1032 5812 lies.
1069 5747 1206 5810 ibid.
1278 5756 1322 5787 ⁶⁸
1344 5747 1471 5824 γάρ.
1505 5755 1546 5809 C
1585 5755 1702 5825 μέν.
1787 5759 1830 5788 ⁶⁶
1865 5757 1995 5811 Ibid.
2039 5747 2301 5826 Σεϐωείμ.

2384 5760 2426 5790 ⁸⁷
2464 5759 2597 5818 Rec.
2643 5764 2804 5821 lectio
2830 5759 2917 5822 't'st
2950 5766 3025 5838 τῷ
3041 5767 3209 5823 αὐτῶ.
