3912 6206
466 386 632 453 41615

1525 389 2007 449 TlIEODORETl
2029 390 2366 450 EPISCOPI
2399 393 2762 454 CYRENSIS

3582 401 3691 470 1616

467 513 678 558 aratum
711 510 903 566 vocet,
941 500 1123 555 subdit
1151 519 1221 554 τι
1272 499 1461 554 lnania
1513 509 1567 554 et
1601 514 1741 553 vana
1796 499 2054 568 multipli-

2166 501 2450 554 καύσωνα
2478 503 2651 568 καλεῖ,
2684 505 2878 572 ἐπάγει
2907 521 2918 534 ·
2962 523 2978 554 ι
3023 505 3166 559 Κενὰ
3200 506 3295 560 καὶ
3340 508 3528 576 μάταια
3546 511 3676 585 ἐπλήο

489 597 655 659 cavit,
693 603 746 649 et
770 592 948 648 foedus
983 607 1107 647 cum
1154 591 1397 663 Assyriis
1451 591 1676 662 pepigit,
1738 599 1792 645 et
1829 591 1950 645 oleo
2007 591 2060 644 in

493 687 729 757 Egypto
763 694 1124 741 mercaturam
1158 677 1304 741 fecit.
1343 704 1362 737 ›
1404 685 1632 738 Pravum
1679 684 1929 751 spiritum
1962 698 2062 737 vo-

490 785 578 829 cat
612 775 810 828 malam
843 775 1222 840 voluntatem;
1256 773 1490 827 studium
1525 789 1657 828 vero
1686 773 1830 826 circa
1873 782 2061 826 aratum

490 867 646 932 dicit,
681 883 792 920 non
815 867 990 922 solum
1018 865 1450 930 infructuosum,
1478 865 1572 922 sed
1595 865 1759 920 etiam
1791 865 2061 934 pernicio-

481 973 610 1014 sum
663 959 926 1013 laborem.
965 957 1102 1013 Cum
1147 959 1317 1024 enim,
1355 958 1553 1028 inquit,
1603 973 1706 1029 ego
1755 958 1850 1012 tali
1891 957 2058 1012 animi

489 1063 654 1105 sensu
691 1064 820 1120 erga
857 1048 982 1105 illos
1008 1064 1144 1106 usus
1167 1064 1375 1112 essem,
1405 1051 1572 1120 impie
1597 1051 1864 1112 viventes,
1889 1049 2058 1104 colles

487 1148 650 1210 atque
682 1141 950 1195 idolorum
987 1140 1401 1195 multitudinem
1423 1153 1734 1196 erexerunt.
1762 1139 1886 1195 Haec
1913 1143 2056 1196 enim

472 1233 670 1287 inania
697 1240 751 1286 et
785 1249 917 1286 vana
949 1231 1186 1297 vocavit,
1223 1246 1344 1300 qua:
1389 1240 1559 1287 aestus
1583 1233 1596 1252 ‘
1643 1232 1819 1286 instar
1867 1247 2058 1288 omnes

485 1339 675 1380 eorum
727 1323 940 1378 fructus
991 1330 1327 1393 corruptura
1364 1322 1497 1377 sint.
1535 1321 1616 1376 Ad
1672 1323 1809 1387 haec,
1842 1338 1966 1378 cum
2027 1338 2058 1376 a

485 1431 615 1471 cura
643 1430 761 1471 mea
792 1414 1148 1476 defecissent,
1181 1413 1346 1468 modo
1371 1415 1657 1484 Assyrium
1687 1415 1791 1468 sibi
1822 1430 2058 1484 praeesse

485 1514 770 1576 rogarunt,
812 1506 976 1561 modo
1010 1507 1078 1560 ab
1122 1505 1396 1578 IEgyptiis
1452 1506 1702 1561 subsidia
1756 1509 2054 1576 petierunt.

486 1598 605 1654 Oiei
635 1599 780 1653 enim
832 1606 1187 1650 mercaturam
1240 1597 1390 1652 istud
1440 1604 1620 1651 vocat.
1691 1596 2057 1650 Mercaturam

473 1691 687 1760 quippe
717 1705 824 1745 non
859 1689 1103 1754 damnat,
1140 1687 1235 1743 sed
1287 1688 1520 1742 duorum
1564 1688 1794 1742 alterum
1841 1686 2056 1758 signiﬁ-

485 1793 614 1835 cat:
649 1780 730 1834 vel
773 1779 918 1850 quod
961 1779 1139 1833 oleum
1176 1779 1324 1832 velut
1372 1777 1575 1832 donum
1614 1779 1886 1847 quoddam
1936 1777 2055 1847 regi

2169 591 2312 656 θυνε,
2340 594 2434 646 καὶ
2470 594 2733 666 διαθήκην
2759 597 2896 666 μετὰ
2911 597 3205 667 Ἀσσυρίων
3235 597 3404 662 ἔθετο,
3438 601 3525 653 καὶ
3543 602 3689 659 ἔλαιον

2165 684 2244 746 είς
2280 685 2550 751 Αἴγυπτον
2601 686 2975 757 ἐνεπορεύετο.
3016 707 3034 740 ο
3064 689 3334 757 Πονηρὸν
3377 692 3590 760 πνεῦμα
3610 697 3687 766 τὴν

2165 775 2406 845 πονηρὰν
2433 778 2830 847 προσαγορεύει
2860 779 3172 850 προαίρεσιν
3207 795 3222 808 ·
3243 780 3354 847 τὴν
3383 781 3437 833 δὲ
3468 785 3582 850 περὶ
3607 787 3684 838 τὸν

2163 867 2446 920 καύσωνα
2473 863 2773 936 σπουδὴν,
2796 871 2888 922 τὸν
2903 872 2963 923 ού
2987 871 3146 941 μόνον
3177 871 3440 942 ἄκαρπον,
3471 874 3589 926 ἀλλὰ
3615 877 3692 928 καὶ

2161 957 2453 1028 ἐπιζήμιον
2497 959 2643 1027 λέγει
2682 961 2861 1016 πόνον.
2911 961 3074 1030 Ἐμοῦ
3125 961 3255 1032 γὰρ,
3300 964 3450 1032 φησὶ.
3505 967 3692 1040 τοιαύτῃ

2163 1049 2292 1122 περὶ
2341 1050 2538 1114 αὐτοὺς
2580 1052 2922 1122 κεχρημένου
2952 1056 3018 1125 τῇ
3047 1054 3263 1124 γνώμῃ,
3319 1054 3574 1127 μοχθηρία
3617 1076 3690 1110 συ-

2161 1136 2364 1203 ζῶντες
2417 1141 2636 1210 βουνοὺς
2685 1143 2780 1195 καὶ
2827 1143 3028 1214 πλῆθος
3097 1143 3332 1197 εἰδώλων
3393 1145 3692 1215 ἀνέστησαν·

2159 1228 2328 1282 ταῦτα
2354 1231 2462 1302 γὰρ
2490 1234 2635 1286 κενὰ
2669 1234 2765 1286 καὶ
2795 1234 3010 1304 μάταια
3038 1235 3330 1304 κέκληκεν,
3361 1234 3395 1289 ὃ.
3413 1234 3554 1307 δίκην
3582 1237 3692 1290 καύ-

2161 1339 2331 1386 σωνος
2379 1323 2627 1389 ἅπαντας
2694 1327 2874 1380 αὐτῶν
2928 1326 3212 1397 διαφθερεῖ
3269 1327 3393 1391 τοὺς
3464 1331 3690 1398 καρπούς.

2162 1414 2305 1484 Πρὸς
2327 1415 2383 1467 δὲ
2414 1414 2644 1481 τούτοις,
2666 1418 2761 1470 καὶ
2785 1419 2882 1489 τῆς
2930 1419 3070 1488 ἐμῆς
3099 1421 3240 1487 σφᾶς
3269 1419 3456 1482 αὐτοὺς
3487 1421 3691 1490 ἀποστή-

2163 1520 2355 1569 σαντες
2403 1507 2749 1578 κηδεμονίας,
2804 1510 2899 1563 νῢν
2961 1511 3058 1580 μὲν
3101 1511 3194 1564 τὸν
3267 1512 3536 1582 Ἀσσύριον
3589 1528 3692 1580 προ-

2163 1597 2446 1651 στατεύειν
2479 1599 2657 1652 αὐτῶν
2681 1600 3036 1672 ἐλιπὰρησαν,
3071 1601 3167 1654 νῦν
3204 1601 3262 1653 δὲ
3285 1601 3390 1653 τῶν
3421 1602 3688 1668 Αἰγυπτίων

2157 1688 2256 1757 τὴν
2303 1690 2620 1760 ἐπικουρίαν
2663 1691 2951 1762 ἐζήτησαν.
3021 1695 3258 1747 Ὲλαιόυ
3301 1695 3692 1765 γὰρηὲμπορίαι·

2159 1779 2318 1832 τοῦτο
2373 1781 2545 1835 καλεῖ.
2579 1784 2651 1836 Οὐ
2673 1785 2781 1856 γὰρ
2811 1784 2909 1854 τῆς
2954 1787 3232 1856 ἐμπορίας
3264 1790 3563 1858 κατηγορεῖ,
3587 1789 3690 1841 am

488 1869 868 1942 Egypliorum
898 1868 1178 1934 offerrent,
1220 1870 1304 1924 vel
1335 1868 1480 1938 quod
1516 1883 1708 1922 aurum
1737 1867 2053 1931 offerentes,

2159 1868 2271 1932 τῶν
2321 1869 2414 1922 δύο
2435 1871 2497 1923 τὸ
2515 1872 2700 1943 ἕτερον
2730 1874 3056 1927 αἰνίττεται·
3093 1877 3124 1945 ἢ
3155 1877 3312 1929 ὅτιτὸ
3327 1877 3497 1930 ἔλαιον
3536 1874 3629 1930 οἶόν
3652 1896 3690 1930 τι

469 1963 922 2019 misericordiam
981 1961 1050 2016 ab
1109 1975 1176 2017 eo
1235 1967 1550 2032 poscerent,
1611 1968 1670 2014 ut
1710 1959 1792 2016 eis
1847 1958 2056 2014 auxilio

469 2062 653 2120 esset,
688 2061 962 2126 rogantes.

553 2241 722 2298 Vens.
756 2244 812 2298 2.
843 2261 864 2294 ι
911 2241 974 2296 Et
1003 2241 1270 2313 judicium
1332 2241 1564 2296 Domino
1611 2255 1736 2296 cum
1795 2237 1959 2306 Juda,
1993 2246 2056 2294 ut

488 2333 785 2388 vindictam
838 2340 1018 2390 sumat
1052 2332 1121 2388 de
1170 2330 1375 2386 Jacobo
1431 2330 1587 2401 juxta
1633 2331 1752 2387 vias
1809 2329 1952 2399 ejus,
2003 2338 2057 2384 et

484 2427 640 2496 juxta
689 2425 1108 2480 adinventioncs
1162 2425 1286 2494 ejus
1318 2424 1507 2480 reddet
1564 2423 1636 2478 ei.
1701 2442 1720 2476 ›
1785 2421 2052 2478 Cancrum

486 2527 676 2573 contra
712 2517 925 2588 1366
951 2518 1058 2572 ista
1089 2515 1170 2571 sic
1199 2515 1268 2570 ab
1300 2515 1406 2570 illis
1433 2515 1731 2570 commissa
1779 2511 2051 2583 judicium

473 2610 774 2674 exercebo,
837 2616 891 2663 et
944 2607 1137 2663 ludam
1176 2606 1491 2676 iniquitatis
1532 2620 1687 2660 reum
1726 2604 1946 2671 faciam,
1992 2620 2057 2659 ac

481 2702 686 2772 justam
728 2701 782 2755 in
843 2700 994 2754 illum
1044 2698 1370 2755 sententiam
1427 2696 1634 2762 feram,
1668 2697 1814 2766 quod
1855 2697 2056 2750 avitam

485 2794 742 2848 virtutem
776 2806 886 2845 non
915 2790 1207 2844 aemulatus
1240 2787 1426 2850 fuerit,
1457 2788 1551 2843 sed
1597 2789 1880 2858 impietate
1925 2803 2053 2858 pro-

488 2884 792 2953 genitorem
824 2879 1222 2935 dehonestarit.
1251 2879 1385 2934 Post
1409 2879 1523 2932 haec
1542 2877 1732 2933 Jacobi
1762 2894 1848 2933 res
1875 2887 2058 2947 gestas

488 2976 543 3028 in
590 2974 829 3028 medium
882 2971 1059 3036 aﬂert,
1103 2979 1162 3025 ut
1197 2970 1419 3025 virtutis
1475 2978 1715 3037 paternae
1760 2969 2058 3024 collatione

487 3065 731 3135 apertius
771 3063 966 3118 horum
998 3061 1294 3133 redarguat
1321 3061 1687 3128 iniquitatem.

556 3251 725 3307 Vens.
758 3252 814 3316 3,
865 3251 919 3304 ι.
980 3268 1006 3302 ς
1064 3248 1124 3303 1η
1181 3255 1342 3302 utero
1399 3245 1778 3316 supplantavit
1830 3245 2057 3301 fratrem

488 3359 670 3406 suum,
707 3349 762 3397 et
794 3342 848 3396 in
891 3341 1074 3396 labore
1107 3353 1209 3393 suo
1245 3337 1533 3408 praevaluit
1568 3336 1698 3392 Deo.
1733 3336 1801 3392 Et
1835 3336 2062 3393 confor-

481 3445 636 3490 tatus
664 3443 749 3490 est
775 3448 898 3489 cum
946 3431 1161 3500 angelo,
1199 3437 1253 3484 et
1299 3429 1604 3499 praevaluit.
1639 3448 1658 3482 ι
1689 3428 1784 3484 llle
1828 3431 1884 3484 in
1917 3429 2058 3500 ipso,

486 3527 688 3596 inquit,
723 3533 914 3595 partus
944 3531 1189 3590 tempore
1239 3521 1482 3590 plantam
1521 3520 1712 3577 fratris
1766 3529 1962 3576 tenens
2000 3522 2056 3577 in

482 3618 662 3672 lucem
715 3614 984 3685 prodiitl,
1043 3611 1222 3681 qualis
1258 3611 1480 3666 futurus
1518 3618 1668 3668 esset
1720 3611 2054 3683 praesignifi-

487 3722 642 3771 cans,
677 3713 732 3760 et
762 3706 879 3758 fore
913 3712 971 3756 ut
1003 3702 1142 3756 scita
1187 3701 1379 3757 fraude
1419 3703 1870 3773 primogenitum
1899 3719 2060 3760 acce-

476 3807 682 3868 -pturus
722 3803 868 3850 esset
895 3793 1363 3850 benedictionem.
1399 3793 1698 3865 Progressu
1743 3809 1876 3848 vero
1920 3803 2059 3849 tem-

485 3888 635 3955 poris
665 3886 751 3938 vir
785 3883 986 3945 factus,
1018 3881 1155 3935 adeo
1183 3884 1406 3936 virtutis
1442 3881 1840 3937 exercitatione
1870 3881 2055 3936 excel-

484 3979 605 4043 iuit,
641 3988 698 4031 ut
734 3975 826 4029 Dei
860 3974 964 4028 sibi
1007 3971 1406 4044 providentiam
1438 3973 1852 4027 conciliaverit:
1904 3988 2057 4027 cum-

484 4087 592 4142 que
615 4067 909 4137 aliquando
955 4061 1145 4119 fratris
1179 4067 1398 4119 timeret
1430 4065 1748 4130 adventum,
1775 4064 2056 4136 Deumque

487 4161 816 4218 invocasset,
852 4170 960 4210 non
1017 4155 1402 4225 qualecunque
1458 4155 1723 4208 auxilium
1771 4155 2050 4222 obtinuit,

469 4252 580 4307 sed
611 4257 776 4305 noctu
812 4249 962 4304 visus
991 4254 1073 4302 est
1105 4245 1210 4301 sibi
1247 4245 1443 4298 luctari
1467 4243 1492 4283 ¹ι
1529 4262 1654 4300 cum
1697 4261 1763 4300 eo
1817 4249 1910 4316 qui
1954 4263 2050 4319 ap-

460 4349 757 4413 .paruerat,
787 4348 953 4409 atque
991 4337 1279 4392 victoriam
1309 4344 1613 4405 reportare,
1649 4345 1708 4391 ut
1749 4349 1951 4392 metum
1986 4356 2049 4395 ex

460 4435 667 4488 animo
693 4432 938 4500 ejiceret,
976 4436 1260 4497 reputans,
1297 4443 1420 4482 eum
1457 4429 1552 4499 qui
1587 4445 1849 4498 superare
1875 4429 2045 4485 Deum

2159 1959 2332 2034 δῶρον
2349 1961 2425 2032 τῷ
2457 1964 2565 2017 τῶν
2592 1964 2904 2033 Αἰγυπτίων
2938 1970 3282 2039 προσέφερον
3330 1968 3542 2038 βασιλεῖ,
3569 1969 3596 2040 ἢ
3628 1970 3688 2022 ὅτι

2159 2054 2360 2125 χρυσὸν
2391 2057 2790 2126 προσφέροντες
2827 2058 2918 2111 τὸν
2975 2061 3108 2130 παρ’
3160 2061 3370 2114 ἐκείνου
3407 2063 3688 2131 ἐπήγγελλον

2159 2145 2326 2212 ἔλεον,
2360 2147 2648 2221 ἐπίκουρον
2676 2150 2857 2213 αὐτοῖς
2891 2151 3143 2218 γενέσθαι
3176 2153 3621 2224 παρακαλοῦντες.

2239 2238 2302 2308 β’.
2345 2259 2364 2291 ι
2406 2242 2514 2294 Καὶ
2543 2240 2722 2312 κρίσις
2740 2240 2817 2312 τῷ
2842 2241 3028 2313 Κυρίῳ
3053 2243 3193 2314 πρὸς
3235 2241 3452 2305 Ἰούδαν,
3481 2242 3564 2295 τοῦ
3586 2243 3688 2296 ἐκδι-

2158 2331 2323 2401 κῆσαι
2353 2329 2443 2383 τὸν
2471 2328 2666 2384 Ἰακὼῦ
2694 2330 2837 2382 κατὰ
2856 2330 2953 2394 τὰς
2983 2333 3136 2395 ὁδοὺς
3163 2332 3351 2397 αὐτοῦ,
3374 2333 3466 2386 καὶ
3491 2332 3613 2385 κατὰ
3636 2332 3686 2384 τὰ

2159 2421 2566 2490 ἐπιτηδεύματα
2596 2421 2762 2476 αὑτοῦ
2779 2422 3145 2477 ἀνταποδώσει
3181 2422 3351 2494 αὐτῷ.
3388 2442 3405 2473 ι
3445 2423 3587 2476 Ἀλλὰ
3605 2422 3687 2491 γὰρ

2157 2513 2360 2567 τούτων
2388 2512 2532 2566 οὕτω
2593 2515 2726 2585 παρ’
2767 2517 2947 2571 αὐτῶν
2996 2517 3358 2587 γιγνομένων,
3391 2517 3686 2587 δικαστήριον

2161 2603 2550 2675 συγκροτήσω·
2635 2606 2728 2658 καὶ
2795 2606 2894 2678 τὴν
2967 2607 3062 2659 τοῦ
3137 2607 3313 2662 Ἰούδα
3391 2608 3684 2678 παρανομίαν

2160 2693 2384 2762 ἐλέγξω,
2421 2694 2514 2747 κα)⁵
2537 2694 2749 2748 δικαίαν
2772 2697 2894 2748 κατ’
2915 2695 3079 2749 αὑτοῦ
3100 2697 3202 2768 τὴν
3223 2697 3402 2768 ψῆφον
3423 2697 3684 2762 ἐξοίσω,ὅτι

2161 2785 2256 2839 τοῦ
2287 2785 2629 2856 προπάτορος
2656 2786 2754 2856 τὴν
2787 2787 2987 2857 ἀρετὴν
3012 2789 3112 2841 οὐκ
3152 2787 3443 2859 ἐζήλωσεν,
3492 2787 3608 2842 ἀλλὰ
3633 2789 3682 2856 τῇ

2157 2875 2444 2948 δυσσεϐείᾳ
2469 2877 2559 2930 τὸν
2583 2877 2845 2948 πρόγονον
2877 2877 3118 2948 ὕϐρισεν.
3168 2876 3307 2933 Εἶτα
3350 2879 3418 2932 τὰ
3467 2879 3591 2932 κατὰ
3614 2877 3684 2930 τὸν

2171 2963 2365 3018 Ἰακὼὸ
2393 2965 2484 3020 τὸν
2549 2967 2894 3038 πατριάρχην
2922 2968 3004 3031 εἰς
3047 2967 3217 3037 μέσον
3249 2969 3403 3039 φέρει
3424 3008 3437 3032 ,
3464 2971 3522 3039 τῇ
3549 2984 3686 3037 παρα·

2158 3057 2307 3111 θέσει
2334 3059 2432 3128 τῆς
2458 3058 2715 3130 πατρῴας
2759 3059 2959 3128 ἀρετῆς
2990 3060 3389 3133 ἐναργέστερον
3409 3060 3502 3131 τὴν
3523 3060 3685 3114 τούτων

2157 3147 2445 3219 διελέγχων
2479 3150 2846 3220 παρανομίαν.

2232 3240 2302 3309 γ’,
2338 3239 2401 3295 δ’.
2432 3257 2450 3291 ι
2495 3239 2580 3293 Ἐν
2615 3243 2679 3312 τῇ
2727 3240 2904 3312 κοιλίᾳ
2944 3241 3234 3313 ἐπτέρνισε
3265 3241 3360 3297 τὸν
3383 3241 3588 3311 ἀδελφὸν
3610 3240 3685 3292 ιιι)⁶

2159 3331 2280 3399 τοῦ,
2312 3332 2408 3387 καὶ
2447 3334 2506 3386 ἐν
2549 3332 2737 3396 κόποις
2778 3333 2942 3387 αὐτοῦ
3002 3334 3191 3405 ῐσχυσε
3240 3335 3376 3406 πρὸς
3409 3335 3560 3388 Θεόν.
3602 3331 3684 3387 Καὶ

2161 3423 2410 3494 ἐνίσχυσε
2465 3424 2605 3494 μετὰ
2667 3425 2921 3493 ἀγγέλου,
2961 3427 3057 3478 καὶ
3109 3426 3374 3499 ἠδυνήθη.
3413 3446 3432 3480 ι
3474 3427 3682 3486 Ἐκεῖνος,

2161 3516 2318 3587 φησὶ,
2367 3516 2463 3568 καὶ
2504 3516 2627 3568 κατ’
2671 3515 2831 3568 αὐτὸν
2876 3516 2968 3568 τὸν
3021 3515 3130 3569 τῶν
3175 3518 3383 3573 ὠδίνων
3412 3518 3582 3588 καιρὸν
3611 3516 3686 3584 τῆς

2158 3607 2252 3661 τοῦ
2282 3605 2508 3676 ἀδελφοῦ
2541 3607 2778 3678 πτέρνης
2817 3608 3220 3679 ἐπειλημμένος
3255 3611 3334 3674 είς
3367 3609 3476 3678 φῶς
3503 3607 3685 3677 προελή-

2157 3698 2306 3764 λυθε,
2333 3697 2723 3769 προσημαίνων
2750 3694 2861 3762 οἷος
2909 3698 3084 3765 ἔσται,
3117 3701 3216 3754 καὶ
3249 3702 3332 3754 ὅτι
3381 3701 3483 3754 τῶν
3518 3715 3683 3770 πρωτο-

2157 3791 2356 3845 τοκίων
2378 3789 2466 3844 διὰ
2518 3792 2620 3861 τῆς
2669 3791 2844 3860 καλῆς
2892 3792 3109 3861 ἀπάτης
3149 3797 3426 3865 κομιεῖται
3466 3791 3682 3862 τὴνεύλο-

2158 3881 2302 3950 γίαν.
2335 3881 2446 3934 Καὶ
2465 3880 2557 3934 τοῦ
2589 3881 2780 3952 χρόνου
2810 3881 2865 3934 δὲ
2901 3883 3260 3954 προελθόντος
3291 3887 3368 3948 εἰς
3393 3885 3546 3955 ἄνδρα
3569 3879 3682 3934 τελέ-

2160 3988 2278 4036 σας,
2315 3971 2493 4035 ὀὖτως
2525 3973 2585 4026 ἐν
2611 3976 2724 4037 τοῖς
2761 3975 2857 4045 τῆς
2915 3975 3114 4046 ἀρετῆς
3150 3977 3408 4046 διέπρεψε
3436 3973 3682 4037 πόνοις,ὠς

2157 4071 2250 4124 καὶ
2273 4071 2372 4142 τὴν
2392 4071 2544 4126 θείαν
2594 4073 2933 4145 προμήθειαν
2985 4075 3416 4141 ἐπισπάσασθαι,
3459 4072 3542 4128 καί
3584 4085 3680 4123 ποτε

2156 4160 2338 4224 δείσας
2363 4160 2460 4231 τὴν
2497 4161 2680 4230 ἄφιξιν
2703 4163 2798 4216 τοῦ
2839 4163 3034 4228 Ἡσαῦ,
3061 4165 3156 4218 καὶ
3181 4165 3274 4217 τὸν
3298 4164 3430 4217 Θεὸν
3456 4159 3680 4228 ἀντιϐολῄ

2159 4267 2277 4314 σας,
2296 4251 2396 4320 οὐχ
2421 4250 2606 4315 ἁπλῶς
2653 4252 2750 4321 τῆς
2791 4251 3000 4304 ἐκεῖθεν
3038 4253 3358 4325 ἐπικουρίας
3396 4253 3678 4323 ἀπήλαυσεν,

2156 4342 2408 4409 ἀλλὰκαὶ
2468 4343 2722 4396 παλαίειν
2773 4342 2918 4410 ἔδοξε
2958 4343 3175 4415 νύκτωρ
3223 4346 3454 4413 ὀφθέντι,
3484 4344 3564 4395 καὶ
3581 4339 3679 4408 δρέ-

2156 4435 2351 4487 πεσθαι
2377 4435 2474 4506 τὴν
2507 4436 2684 4506 νῖκην,
2722 4436 2808 4490 ἵνα
2847 4436 2909 4489 τὸ
2940 4436 3060 4499 δέος
3098 4439 3196 4507 τῆς
3236 4437 3470 4500 διανοίας
3493 4431 3676 4502 ἐκϐάλῃ.

457 4525 588 4580 sibi
629 4523 780 4577 visus
837 4521 1051 4582 fuisset,
1107 4533 1450 4589 nequaquam
1499 4520 1567 4574 ab
1603 4521 1822 4576 homine
1845 4521 2049 4576 victum

2159 4525 2508 4596 λογισάμενος
2531 4527 2608 4590 ὡς
2639 4529 2666 4580 ὁ
2693 4527 2786 4580 τοῦ
2831 4527 2968 4580 Θεοῦ
3010 4527 3394 4597 περιγενέσθαι
3421 4524 3578 4589 δόξας,
3608 4521 3677 4572 ὑπ’

458 4615 572 4670 --iri.
608 4612 866 4666 Eumdem
898 4618 1078 4665 autem
1109 4618 1165 4664 et
1199 4611 1366 4664 Deum
1422 4617 1478 4664 et
1535 4612 1775 4681 angelum
1812 4616 2046 4681 voravit,

454 4705 610 4774 quia
640 4710 930 4770 utrumque
961 4715 1159 4754 nomen
1188 4701 1380 4756 beatus
1415 4699 1591 4756 Moses
1619 4703 1818 4770 posuit.
1853 4704 2047 4757 Domi-

482 4810 585 4847 nus
615 4792 759 4845 enim
797 4801 979 4846 noster
1010 4790 1169 4847 Iesus
1205 4791 1479 4855 Christus,
1515 4801 1568 4846 et
1605 4792 1745 4847 Deus
1783 4793 1962 4860 fortis,
1995 4803 2051 4849 et

479 4883 663 4952 magni
722 4882 941 4935 consilii
1001 4882 1241 4952 Angelus
1278 4883 1347 4937 ab
1408 4881 1598 4937 Isaial
1663 4892 1892 4940 vocatus
1941 4893 2044 4941 est.

487 4991 505 5023 ι
547 4971 858 5036 Flevernnt,
894 4981 949 5026 et
975 4971 1257 5042 deprecati
1284 4979 1416 5027 sunt
1470 4988 1578 5037 me,
1637 4974 1690 5026 in
1743 4973 1909 5028 domo
1961 4975 2044 5030 On

482 5064 809 5117 invenerunt
849 5079 972 5129 me;
1005 5074 1058 5118 et
1091 5063 1166 5118 ibi
1207 5062 1426 5118 dictum
1457 5073 1542 5118 est
1600 5064 1666 5117 ad
1715 5079 1832 5119 eos.
1876 5084 1892 5115 ι
1936 5065 2048 5119 Hoc

477 5155 693 5226 .1367
735 5155 825 5210 alii
880 5156 1244 5224 interpretes,
1292 5156 1534 5226 Aquila,
1572 5154 1952 5227 Symmachus,
2000 5169 2054 5212 et

473 5245 881 5309 ΔἸῚιειοάοιίοΑιι
907 5245 1194 5301 deJacobo
1222 5246 1428 5301 dictum
1457 5259 1786 5316 posuerunt:
1815 5269 1832 5302 ι
1856 5249 2050 5315 Flevit,

480 5347 534 5392 et
566 5339 888 5408 deprecatus
921 5345 1005 5391 est
1032 5352 1176 5402 eum,
1209 5347 1263 5391 et
1287 5337 1341 5390 in
1379 5337 1564 5393 Bethel
1595 5340 1801 5408 invenit
1832 5357 1979 5415 eum.
2023 5362 2042 5393 ι

2155 4619 2456 4690 ἀνθρώπων
2491 4620 2588 4689 οὐχ
2609 4619 2991 4692 ἡττηθήσεται.
3025 4620 3128 4673 Τὸν
3150 4620 3208 4673 δὲ
3243 4620 3405 4672 αὐτὸν
3451 4617 3536 4672 καὶ
3561 4613 3677 4668 Θεὸν

2152 4714 2246 4765 καὶ
2275 4711 2538 4782 ἄγγελον
2565 4711 2854 4782 κέκληκεν,
2887 4713 3076 4784 ἐπειδὴ
3108 4713 3201 4766 καὶ
3243 4714 3273 4766 ὁ
3307 4712 3554 4782 μακάριος
3577 4707 3676 4760 Μω-

2153 4801 2252 4872 σῆς
2277 4801 2561 4872 ἀμφότερα
2601 4801 2811 4855 τέθεικε
2853 4801 2922 4855 τὰ
2956 4803 3221 4872 ὀνόματα.
3271 4804 3329 4854 '0
3381 4801 3482 4871 γὰρ
3510 4796 3674 4867 Κύριος

2153 4892 2308 4961 ἡμῶν
2352 4892 2556 4961 Ἰησοῦς
2578 4893 2832 4962 Χριστὸς,
2858 4893 2953 4946 καὶ
2991 4893 3121 4956 Θεὸς
3171 4893 3406 4963 ίσχυρδς,
3436 4887 3674 4957 xci-£15”

2155 4984 2254 5054 λης
2275 4982 2468 5054 βουλῆς
2491 4985 2752 5053 Ἀγγελος
2769 4985 2918 5058 παρά
2943 4985 3022 5055 τῷ
3048 4987 3246 5056 Ἡσαΐᾳ
3269 4983 3672 5055 προσηγόρευται.

2163 5093 2182 5125 ι
2217 5075 2545 5140 Ἐκλαυσαν,
2575 5078 2670 5130 καὶ
2715 5077 3013 5149 ἐδεήθησάν
3064 5095 3189 5146 μου,
3235 5079 3295 5130 ἐν
3341 5076 3416 5147 τῷ
3459 5069 3673 5142 οῐκῳὪν

2157 5159 2325 5235 ηὗρόν
2357 5182 2446 5235 με,
2477 5168 2569 5220 καλ⁸
2596 5168 2642 5200 ⁷⁸
2670 5169 2786 5222 ἐκεῖ
2825 5169 3059 5240 ἐλαλήθη
3102 5168 3451 5240 πρὸςαύτούς.
3488 5184 3506 5217 ι
3537 5161 3672 5216 Τοῦτο

2155 5257 2206 5308 οἱ
2233 5256 2382 5310 ἄλλοι
2456 5257 2805 5328 ἑρμηνευταὶ,
2863 5257 2957 5311 καὶ
2999 5257 3246 5321 Ἀκύλας,
3281 5256 3371 5309 καὶ
3401 5254 3669 5323 Σύμμαχος,

2159 5348 2254 5400 καὶ
2271 5348 2581 5414 Θεοδοτίων,
2625 5349 2700 5412 ὡς
2733 5349 2860 5413 περὶ
2913 5348 3008 5402 τοῦ
3049 5347 3242 5403 Ἰακὼϐ
3298 5344 3562 5418 εἰρημένον
3608 5353 3668 5392 τε·

559 5510 734 5568 iGen.
766 5529 893 5578 xxv,
924 5511 1014 5566 26.
1085 5512 1117 5551 ιιι
1143 5511 1280 5567 Gen.
1316 5529 1487 5579 xxx”,
1519 5515 1610 5581 Ἠ,
1643 5533 1793 5586 seqq.
1879 5517 1894 5554 ι
1934 5518 2034 5572 lsa.
2075 5535 2151 5587 Ix,
2187 5522 2240 5574 (ἶ.

577 5786 614 5812 ⁷³
645 5786 754 5836 καί.
800 5785 922 5838 llcs.
945 5786 1004 5837 in
1040 5783 1101 5838 C.

1804 5676 2032 5732 VARUE
2077 5673 2477 5734 LECTIONES.
