3912 6206
318 293 448 356 1617

1601 301 1680 359 IN
1720 301 1912 361 OSEE'
1943 303 2096 364 CAP.

3366 315 3510 380 1618'"

315 407 554 458 θείκασιν
581 419 594 434 ·
633 423 650 456 ι
688 405 951 459 Ἕκλαυσε
973 407 1038 467 ⁷⁸,
1064 410 1155 461 καὶ
1212 409 1399 479 ἐδεήθη
1453 411 1637 475 αὑτοῦ,
1674 415 1767 466 καὶ
1799 414 1856 465 ὲν

1967 413 2088 467 Nam
2125 431 2247 469 cmn
2277 414 2482 486 fugeret
2511 416 2680 473 Jacob
2713 419 2898 476 fratris
2947 421 3192 488 insidias,
3240 432 3402 494 atque
3433 427 3520 481 adi

315 495 512 565 Βαιθὴλ
564 492 728 567 ηὗρεν
776 497 956 551 αὐτόν.
995 517 1013 550 ι
1051 498 1266 566 Φεύγων
1309 501 1472 572 γὰρὸ
1521 503 1712 556 Ἰακὼϐ
1761 505 1854 557 τοῦ

311 583 540 652 ἀδελφοῦ
564 585 661 653 τὴν
708 586 1018 657 ἐπιϐουλὴν,
1061 589 1154 640 καὶ
1211 590 1343 660 πρὸς
1377 591 1562 646 Λάϐαν
1602 593 1691 646 τὸν
1718 593 1857 648 θεῖον

311 674 737 742 ἀποδιδράσκων,
797 676 854 729 ὲν
907 679 972 746 τῇ
1028 678 1226 748 Βαιθὴλ
1263 673 1549 749 γενόμενος
1580 683 1675 750 τῆς
1709 683 1857 745 θείας

309 763 701 832 ἀποκαλύψεως
772 764 964 835 ἔτυχε,
1021 767 1114 819 καὶ
1177 767 1274 832 τὰς
1335 769 1482 832 θείας
1530 773 1858 839 ἐπαγγελίας

309 850 548 916 ἐδέξατο.
598 872 615 904 ι
652 854 742 923 Μὴ
767 854 930 924 φοϐοῦ
963 855 1090 926 γὰρ,
1131 859 1310 928 φησὶν,
1357 859 1570 922 Ἰακὼϐ,
1593 861 1724 914 διότι
1749 862 1858 930 ἐγὼ

311 941 449 1010 μετὰ
509 943 600 996 σοῦ
624 944 760 1013 είμι.
783 963 801 996 ι
841 945 948 998 Καὶ
977 945 1175 1000 κλαίων
1216 948 1293 1012 δὲ,
1328 949 1401 1013 ὡς
1433 951 1595 1016 εἰκὸς,
1625 951 1751 1016 τοὺς
1772 952 1856 1004 λό-

310 1048 440 1099 γους
493 1033 730 1097 ἐκείνους
781 1035 1104 1106 ὲποιήσατο’
1155 1056 1173 1089 ι
1226 1039 1349 1092 Ἐάν
1391 1057 1479 1106 μοι
1534 1039 1607 1110 δῷ
1657 1040 1859 1110 Κύριος

312 1125 476 1193 ἄρτον
495 1127 702 1193 φαγεῖν,
718 1125 810 1180 καὶ
829 1127 1036 1195 ἱμάτιον
1061 1127 1465 1198 περιϐαλέσθαι,
1485 1131 1578 1184 καὶ
1593 1132 1860 1185 ἀποκατα-

315 1216 503 1282 στήσει
519 1215 565 1247 ⁷³
598 1233 666 1280 με
690 1217 806 1286 μετ’
830 1217 1070 1287 εἰρήνης,
1095 1217 1243 1272 ἔσται
1276 1237 1363 1289 μοι
1386 1219 1583 1292 Κύριος
1603 1223 1680 1285 είς
1706 1221 1856 1286 Θεὸν,

314 1306 406 1357 καὶ
450 1307 479 1358 ὁ
521 1304 684 1370 λίθος,
734 1305 792 1359 ὃν
829 1305 1048 1376 ἐστησα,
1083 1307 1233 1362 ἔσται
1267 1327 1354 1380 μοι
1392 1312 1470 1374 εἰς
1509 1307 1652 1366 οἶκον
1702 1313 1856 1377 Θεοῦ,

313 1394 410 1447 καὶ
443 1395 674 1460 πάντων,
699 1388 772 1450 ὧν
804 1396 896 1449 ὲάν
931 1414 1019 1466 μοι
1037 1398 1162 1468 δῷς,
1196 1400 1424 1471 δεκάτην
1467 1403 1860 1460 ἀπώεκατὼεω

315 1502 398 1538 σοι
428 1487 582 1542 αὑτά.
617 1506 636 1540 ι
663 1489 769 1540 Καὶ
819 1489 1052 1543 ἐπανιὼν
1080 1491 1156 1557 δὲ,
1186 1495 1326 1546 κατὰ
1358 1494 1446 1546 τὸν
1467 1495 1628 1548 τόπον
1656 1497 1857 1549 ἐκεῖνον

317 1576 622 1646 γενόμενος,
649 1577 739 1631 τὸν
783 1579 1070 1651 εὐεργέτην
1108 1582 1288 1651 ὑμνῶν
1345 1583 1546 1650 ἔλεγεν,
1598 1585 1679 1638 ὅτι
1713 1607 1729 1638 ι
1770 1587 1858 1640 Ἑν

315 1668 381 1734 τῇ
411 1667 457 1696 ⁷⁷
489 1667 667 1736 ῥάϐδῳ
701 1685 798 1737 μου
829 1669 996 1742 ταύτῃ
1025 1671 1296 1741 παρῆλθον
1319 1672 1408 1725 τὸν
1441 1674 1727 1745 Ἰορδάνην,
1766 1674 1859 1728 καὶ

320 1755 429 1808 ἰδοὺ
455 1756 650 1824 γέγονα
683 1758 758 1820 είς
811 1757 902 1810 δύο
943 1760 1314 1829 παρεμϐολάς.
1352 1781 1370 1814 ι
1404 1763 1572 1816 Τοῦτο
1615 1743 1788 1817 τοίνυν
1812 1766 1862 1818 οἱ
1891 1743 1932 1796 Β

319 1843 446 1912 περὶ
462 1843 551 1895 τὸν
589 1844 812 1898 Ἀκύλαν
844 1847 936 1898 καὶ
963 1845 1052 1900 τὸν
1103 1847 1392 1919 Σύμμαχον
1437 1852 1860 1923 ἑρμηνεύσαντες

320 1932 728 2003 παρεδήλωσαν,
787 1935 1123 2000 διδάσκοντες
1159 1937 1240 1990 ὄτι
1271 1940 1328 1992 ὲν
1376 1943 1441 2011 τῇ
1476 1941 1695 2012 autem,
1721 1945 1860 2013 ἥτις,

320 2023 474 2090 φησι,
502 2022 596 2076 νῦν
619 2023 677 2076 τὺ
700 2025 792 2078 Ὢν
814 2024 1027 2078 εἴδωλον
1075 2025 1206 2096 ἔχει,
1257 2027 1410 2099 ὤφθη
1451 2031 1527 2100 τῷ
1562 2032 1754 2084 Ἰακώϐ
1776 2049 1788 2064 ·
1814 2035 1862 2086 oi

201 2132 210 2140 '
319 2113 376 2166 δὲ
404 2112 800 2185 Ἑϐδομήκοντα
849 2114 939 2167 ἐπὶ
988 2115 1347 2188 πληθυντικὸν
1393 2119 1499 2172 ἀπὸ
1543 2121 1634 2174 τοῦ
1686 2122 1863 2175 ἑνικοῦ

323 2204 673 2275 μεταϐάντες,
706 2205 1041 2260 διδάσκουσιν
1092 2209 1236 2277 ἡμᾶς
1291 2208 1432 2263 οῦτω
1490 2216 1649 2278 νοεῖν,
1690 2215 1771 2266 ὅτι
1807 2215 1865 2268 ’0

321 2295 423 2362 μὲν
461 2295 756 2367 προπάτωρ
811 2295 962 2365 ὑμῶν
1008 2297 1248 2360 τοιοῦτος
1283 2300 1410 2367 περὶ
1460 2300 1558 2370 ἐμὲ
1584 2302 1867 2372 γενόμενος

316 2385 418 2454 τῆς
446 2387 572 2458 παρ’
608 2385 740 2456 ἐμοῦ
790 2387 1108 2458 κηδεμονίας
1149 2389 1374 2456 ἠξίωται
1399 2405 1413 2420 ο
1455 2390 1610 2460 ὑμεῖς
1665 2391 1720 2444 δὲ
1770 2393 1868 2462 τὴν

317 2475 562 2529 ἐναντίαν
601 2475 886 2542 ὡδεύσατε,
943 2478 1035 2531 καὶ
1098 2477 1425 2550 μεταμελείᾳ
1464 2479 1520 2532 δὲ
1563 2481 1867 2550 χρήσασθαι

321 2563 690 2634 βουληθέντες,
723 2566 820 2618 οῦκ
845 2568 922 2629 είς
951 2567 1038 2620 τὸν
1073 2567 1443 2638 ἀφιερωμένον
1474 2585 1564 2637 μοι
1591 2568 1722 2621 νεὼν
1748 2569 1869 2640 ὲλη-

319 2651 536 2718 λύθατε,
574 2653 705 2706 ἀλλὰ
728 2653 876 2724 παρά
898 2654 958 2706 τὸ
991 2656 1081 2708 ’Ὧν
1115 2655 1327 2707 εἴδωλον
1365 2656 1869 2728 ὀλοφυρόμενοιτὴν

317 2744 459 2814 ἐμὴν
495 2745 733 2815 ἐζητεῖτε
789 2745 1053 2817 βοήθειαν.
1093 2745 1234 2814 Ἐγὼ
1287 2746 1340 2800 δὲ
1379 2746 1472 2800 καὶ
1515 2745 1658 2800 οὕτω
1690 2765 1870 2817 παροιο

317 2835 413 2887 νού
422 2851 578 2904 μενος
606 2836 878 2906 ὲπεφάνην
905 2837 950 2869 ⁷⁸
978 2837 1125 2906 ὑμῖν,
1153 2821 1246 2890 καὶ
1271 2838 1328 2889 ὲν
1357 2833 1436 2900 οἷς
1458 2837 1747 2891 ἐκαλέσατε
1784 2839 1872 2890 τό-

320 2940 442 2985 ποις
459 2925 552 2985 τὰς
583 2924 895 2994 ἀποκρίσεις
929 2924 1289 2994 ἐποιησάμην.
1321 2925 1429 2978 Καὶ
1459 2923 1613 2978 τοῦτο
1636 2924 1870 2978 διδάσκει

321 3015 507 3081 σαφῶς
549 3013 726 3101 ᾎμὼς
763 3017 791 3068 ὁ
841 3015 1144 3085 προφήτης,
1179 3016 1236 3067 ὲν
1292 3015 1356 3084 τῇ
1414 3013 1636 3084 Βαιθὴλ,
1677 3010 1871 3088 ὲνῇτδ
1897 3045 1939 3101 C

320 3103 539 3159 εἴδωλον
563 3099 628 3174 ἦν
651 3103 708 3156 τὸ
737 3105 852 3166 Ὢν,
895 3105 1072 3158 πᾶσαν
1117 3105 1478 3174 ποιησάμενος
1511 3103 1608 3174 τὴν
1655 3121 1869 3175 προφη-

320 3195 493 3248 τείαν
533 3195 666 3266 πρὸς
683 3194 740 3248 ὃν
760 3195 850 3248 καὶ
877 3197 905 3248 ὁ
949 3195 1230 3264 Ἀμασίας,
1263 3195 1402 3263 ὁτῆς
1433 3195 1630 3266 Βαιθὴλ
1675 3197 1874 3268 ἱερεὺς,

321 3286 445 3358 ἔφη’
478 3303 498 3338 ι
527 3285 760 3358 Πορεύου
781 3287 859 3351 είς
888 3287 990 3357 γῆν
1027 3286 1208 3351 Ἰούδα,
1231 3288 1321 3340 καὶ
1356 3288 1429 3358 μὴ
1467 3288 1768 3359 προφήτευε
1802 3291 1881 3351 είς

337 3378 564 3447 Βαιθὴλ,
598 3379 677 3430 ὅτι
710 3377 952 3448 άγίασμα
986 3377 1242 3446 βασιλέως
1283 3377 1445 3433 ἐστίν.
1485 3397 1503 3429 ι

400 3471 462 3532 ε’,
479 3472 582 3531 ς’.‹
603 3467 661 3519 '0
682 3466 737 3520 δὲ
764 3465 963 3537 Κύριος
979 3466 1021 3497 ⁷⁸
1042 3466 1070 3518 ὁ
1093 3465 1480 3537 παντοκράτωρ
1502 3467 1652 3520 ἔσται
1671 3469 1875 3538 μνημό-

1959 502 2236 559 Labanum
2300 507 2624 561 avunculum
2684 507 3018 577 perfugeret,
3087 511 3177 566 ubi
3233 512 3500 567 Bethelem

1958 596 2222 664 pervenit,
2257 596 2328 650 ibi
2361 596 2596 650 divinam
2642 600 3021 654 revelationem
3054 605 3283 657 nactus‘
3315 611 3417 664 est,
3450 613 3504 656 et

1957 683 2170 739 divinas
2205 685 2595 754 promissiones
2650 690 2880 758 accepit.
2935 689 3078 744 Dixit
3107 691 3290 745 enim:
3353 710 3372 741 ι
3429 690 3504 744 Nc

1957 775 2172 839 timeas,
2213 775 2402 844 Iacob,
2456 778 2712 848 quoniam
2761 795 2860 850 ego
2903 789 3078 834 tecum
3123 796 3242 835 sum
3267 792 3327 835 ιιι.
3367 799 3385 830 ι
3442 779 3506 833 Et

1958 863 2116 929 ﬂens,
2150 874 2208 919 ιιι
2235 881 2332 935 par
2361 877 2495 933 erat,
2533 869 2646 923 haec
2672 869 2833 924 verba
2861 869 3030 926 fecit:
3067 889 3085 922 ι
3126 870 3182 924 Si
3216 871 3348 925 mihi
3398 869 3506 925 Do-

1961 953 2146 1009 minus
2175 955 2384 1010 dederit
2411 971 2604 1025 panem
2650 957 2718 1012 ad
2747 959 3097 1021 vescendum,
3130 967 3183 1014 et
3214 961 3504 1014 vestimen—

1959 1050 2072 1097 tum
2106 1044 2174 1096 ad
2205 1044 2557 1111 induendum,
2589 1055 2642 1102 et
2663 1049 2937 1103 reduxerit
2964 1064 3048 1104 me
3073 1064 3196 1104 cum
3225 1064 3376 1118 pace,
3401 1049 3506 1104 erit

1960 1133 2093 1186 mihi
2125 1131 2386 1189 Dominus
2417 1150 2514 1205 pro
2542 1135 2670 1202 Deo,
2713 1145 2767 1192 ct
2797 1137 2936 1207 lapis
2974 1137 3096 1204 iste,
3142 1154 3299 1208 quem
3334 1139 3503 1205 erexi,

1959 1223 2231 1277 eritmihi.
2253 1239 2352 1293 pro
2393 1225 2556 1279 domo
2605 1225 2716 1290 Dei,
2748 1235 2800 1280 et
2849 1228 3092 1280 omnium
3126 1242 3247 1296 qua:
3293 1225 3509 1282 dederis

1963 1312 2118 1375 mihi,
2151 1315 2388 1369 decimas
2418 1314 2637 1369 oii‘eram
2688 1315 2859 1370 tibi".
2902 1335 2921 1368 ι
2960 1316 3094 1370 Cum
3132 1315 3347 1370 rediens
3379 1331 3504 1385 per-

1960 1404 2203 1458 venisset
2228 1403 2294 1457 ad
2324 1405 2498 1460 locum
2529 1405 2679 1460 illum
2703 1446 2719 1473 ,
2750 1406 3148 1462 benefactorem
3200 1405 3527 1461 laudatione-

1962 1508 2316 1563 prosequens,
2340 1494 2476 1549 dixit
2503 1513 2518 1550 :
2559 1515 2577 1546 ι
2606 1496 2739 1550 Cum
2774 1497 2971 1552 baculo
3003 1499 3108 1552 isto
3131 1511 3251 1552 meo
3278 1497 3521 1551 transivi

1958 1581 2271 1650 Jordanem,
2291 1597 2343 1639 et
2369 1603 2511 1642 nunc
2537 1602 2656 1641 cum
2680 1588 2890 1644 duabus
2915 1591 3106 1644 turmis
3134 1589 3409 1659 regredior
3426 1605 3519 1644 ’.ιι

1963 1670 2076 1726 Hoc
2111 1672 2275 1742 igitur
2302 1674 2499 1743 Aquila
2529 1683 2583 1729 et
2617 1675 2995 1746 Symmachus,
3045 1693 3144 1733 sua
3196 1679 3510 1747 interpreta-

1965 1761 2113 1817 tione
2139 1772 2500 1832 exponentes,
2529 1765 2864 1832 docuerunt,
2895 1765 3133 1834 Betbelc,
3177 1783 3299 1839 quae
3341 1781 3507 1829 nunc,
3528 1807 3544 1821 .

1965 1853 2160 1921 inquit,
2229 1854 2433 1908 idolum
2467 1852 2547 1908 On
2600 1855 2784 1922 habet,
2839 1871 2869 1910 a
2923 1855 3125 1911 Jacobo
3158 1864 3512 1926 conspectum

1965 1943 2153 1998 fuisse.
2215 1943 2571 2014 Septuaginta
2621 1960 2749 2000 vero
2815 1945 3182 2015 interpretes,
3246 1945 3508 2015 singulari

1965 2045 2195 2084 numero
2224 2029 2290 2084 ad
2318 2031 2580 2100 pluralem
2617 2033 2907 2096 translato,
2936 2034 3015 2086 sic
3072 2034 3370 2102 intelligere
3409 2047 3522 2088 nos

1964 2120 2160 2174 docent
2190 2137 2203 2174 :
2245 2118 2485 2175 Jacobus
2528 2121 2843 2190 progenitor
2875 2130 3076 2186 vester,
3112 2137 3236 2176 cum
3271 2137 3398 2192 erga
3427 2137 3517 2176 me

1965 2210 2086 2264 talis
2113 2217 2282 2274 esset,
2315 2224 2444 2264 cura
2481 2226 2598 2264 mea
2627 2211 2825 2280 dignus
2864 2211 3082 2266 habitus
3113 2218 3218 2265 est.
3249 2210 3359 2265 Vos
3387 2221 3522 2265 vero

1966 2298 2297 2351 contrariam
2332 2297 2474 2351 viam
2530 2298 2761 2367 ingressi
2793 2297 2945 2362 estis,
2978 2305 3032 2352 et
3076 2311 3201 2351 cum
3253 2297 3524 2367 poenitere

1972 2389 2203 2452 velletis,
2254 2403 2362 2442 non
2409 2389 2668 2456 templum
2728 2389 2859 2442 mihi
2919 2388 3231 2444 dedicatum
3280 2387 3516 2454 adiistis,

1969 2479 2061 2533 sed
2091 2477 2236 2548 apud
2284 2478 2486 2532 idolum
2513 2478 2595 2532 On
2632 2480 2991 2534 lamentantes
3011 2518 3027 2544 ,
3075 2495 3254 2534 meum
3284 2478 3526 2546 petiistis

1969 2569 2255 2622 auxilium.
2293 2569 2404 2636 Ego
2429 2582 2558 2621 vero
2593 2567 2698 2622 hoc
2731 2569 2890 2622 modo
2917 2569 3134 2638 indigna
3161 2583 3374 2638 passus,
3425 2583 3517 2622 vo-

1970 2656 2054 2710 bis
2083 2663 2265 2708 tamen
2299 2670 2386 2709 me
2417 2655 2654 2722 ostendi,
2693 2657 2907 2726 1368
2953 2665 3007 2712 et
3041 2657 3242 2727 quibus
3275 2657 3330 2710 in
3382 2657 3526 2712 locis

1971 2747 2331 2816 implorastis,
2364 2761 2626 2818 responsa
2659 2748 2805 2802 dedi.
2845 2748 3020 2815 Atque
3046 2747 3149 2800 hoc
3175 2747 3332 2815 plane
3359 2745 3530 2801 docet.

1972 2836 2139 2890 Amos
2169 2835 2452 2906 propheta,
2480 2835 2574 2905 qui
2606 2834 2844 2902 Betheie,
2895 2835 2984 2890 ubi
3015 2834 3097 2890 On
3147 2835 3350 2890 idolum
3394 2835 3516 2900 fuit,

1971 2938 2188 2979 omnem
2223 2924 2569 2994 prophetiam
2595 2925 2801 2990 docuit,
2842 2924 2931 2980 cui
2959 2931 3014 2980 et
3044 2924 3295 2980 Amasias
3333 2939 3526 2978 sacer-

1972 3015 2073 3071 dos
2113 3014 2352 3071 Bethelis
2385 3015 2568 3070 dixit:
2631 3033 2650 3068 ι
2685 3014 2835 3070 Vade
2889 3015 2944 3070 in
2997 3022 3196 3070 terram
3232 3013 3419 3080 Iudae,
3466 3022 3535 3069 et.

1978 3104 2197 3160 Bethele
2227 3120 2334 3159 non
2362 3105 2594 3176 amplius
2629 3104 2945 3177 prophetes,
2977 3104 3106 3174 quia
3149 3105 3535 3160 sanctuaarium.

1976 3195 2121 3265 regis
2148 3203 2232 3250 est
2250 3205 2294 3248 ι).
2334 3214 2363 3248 ι.

2049 3469 2209 3523 Vnus.
2225 3468 2281 3534 5,
2300 3467 2354 3523 6.
2373 3486 2388 3519 ι
2405 3466 2668 3522 Dominus
2680 3471 2858 3521 autem
2883 3463 3024 3521 Deus
3049 3461 3394 3533 omnipotens
3419 3463 3532 3518 eritr

327 3573 486 3612 συνον
503 3555 878 3610 αύτοῦ.Ἔλεον
890 3555 934 3588 ⁸⁸
960 3556 1051 3608 καὶ
1080 3558 1250 3626 κρῖμα
1270 3556 1563 3626 φυλάσσου,
1584 3559 1674 3610 καὶ
1691 3557 1867 3627 έγγιξε

1982 3558 2300 3614 memoriale
2324 3557 2466 3627 ejus.
2495 3555 2922 3611 Misericordiam
2962 3565 3015 3609 et
3040 3553 3306 3623 judicium
3338 3561 3523 3607 custo-

329 3646 468 3718 πρὸς
509 3647 599 3700 τὸν
633 3646 761 3700 Θεόν
803 3663 893 3698 σου
930 3647 1016 3700 διὰ
1047 3646 1261 3708 παντός.
1293 3664 1311 3696 ι
1345 3645 1592 3699 Τοιοῦτον
1621 3647 1757 3717 έχων
1779 3650 1867 3700 Δε-

1981 3648 2036 3702 di
2072 3665 2084 3701 :
2122 3654 2176 3701 et
2203 3645 2586 3716 appropinqua
2619 3643 2730 3698 Deo
2761 3651 2856 3698 tuo
2885 3658 3117 3712 semper.
3147 3661 3166 3693 ι
3197 3640 3332 3695 Cum
3363 3640 3527 3693 talem

330 3737 557 3807 σπότην,
571 3736 628 3800 ὃς
643 3735 783 3790 κατὰ
798 3736 1012 3790 πάντων
1031 3737 1142 3806 ἔχει
1157 3735 1216 3788 τὸ
1234 3737 1450 3807 κράτος,
1467 3736 1694 3808 άληστον
1715 3737 1867 3790 αὑτοῦ

1982 3737 2187 3792 habeas
2217 3734 2502 3789 Dominum
2523 3772 2538 3797 ,
2569 3733 2659 3804 qui
2681 3732 2941 3788 omnibus
2973 3732 3306 3795 dominatur,
3341 3729 3543 3799 jugem.

326 3827 418 3882 διὰ
445 3826 643 3890 παντὸς
660 3827 746 3897 ἔχε
763 3829 861 3897 τὴν
894 3828 1131 3898 μνήμην,
1155 3827 1246 3880 καὶ
1268 3827 1608 3898 δικαιοσύνης
1632 3828 1867 3898 ςῑιντέχου1

1985 3829 2106 3897 ejus
2151 3826 2466 3881 memoriam
2499 3833 2658 3890 tene,
2708 3833 2763 3878 et
2786 3823 3056 3894 justitiam
3085 3824 3442 3893 amplectere,
3475 3827 3546 3872 et.

328 3915 425 3969 καὶ
454 3915 825 3986 φιλάνθρωπος
854 3917 944 3968 έσο
973 3917 1098 3986 περὶ
1118 3916 1209 3969 τὸν
1235 3916 1419 3983 πέλας,
1452 3918 1546 3971 καλ¹
1575 3920 1685 3980 τοῖς
1715 3918 1867 3982 θείοις

1986 3917 2258 3970 humanus
2289 3923 2409 3969 esto
2452 3914 2506 3967 in
2550 3927 2886 3983 proxrmum,
2919 3920 2972 3966 et
3005 3911 3205 3966 divinis
3248 3908 3548 3978 praeceptis.

326 4005 592 4075 διηνεκῶς
645 3996 919 4059 ἀκολούθει
965 4006 1374 4076 προστάγμασιν
1403 4023 1416 4036 ·
1461 4005 1602 4059 οὕτω
1645 4006 1752 4077 γὰρ
1803 4007 1867 4077 τᾷ

1989 4021 2201 4076 semper
2231 4005 2552 4074 obsequere.
2609 4001 2700 4055 Sic
2729 4001 2873 4056 enim
2917 4001 3026 4054 Deo
3058 3999 3540 4068 apprOpinqnans,

327 4095 451 4163 Θεῷ
493 4093 739 4158 πελάζων
768 4095 906 4161 ἕξεις
931 4097 1088 4148 αὐτὸν
1116 4097 1531 4166 ὑπερμαχοῦντα
1564 4097 1867 4166 προθύμως.

1987 4095 2211 4149 habebis
2239 4109 2362 4148 eum
2399 4098 2710 4161 promptum
2737 4089 2814 4143 tui
2845 4096 3324 4158 propugnatorem.

399 4183 464 4247 ζ’,
496 4189 566 4253 η’.
598 4201 617 4236 ι
669 4185 903 4248 Χαναὰν,
936 4187 991 4236 ἐν
1043 4186 1184 4256 χειρὶ
1215 4185 1374 4238 αὑτοῦ
1426 4187 1588 4253 ζυγὸς
1631 4187 1867 4247 ἀδικίαςί

2057 4184 2221 4238 Vnus.
2274 4183 2337 4247 7,
2381 4181 2434 4234 8.
2485 4199 2504 4232 ι
2542 4181 2832 4242 Chanaan,
2883 4179 2938 4231 in
2971 4176 3544 4244 nianucejusstatcra.

329 4271 814 4326 καταδυναστεύειν
840 4273 1109 4342 ἠγάπησεο
1138 4275 1229 4326 καὶ
1253 4268 1404 4326 εἶπεν
1449 4273 1706 4343 Ἐφραῒμ·
1737 4273 1867 4341 Πλὴη

1988 4275 2298 4341 iniquitatis
2330 4289 2344 4337 ;
2397 4271 2704 4340 Oppi-iniere
2739 4283 2836 4337 per
2871 4265 3163 4335 potentiam
3196 4264 3426 4317 dilexit:
3481 4270 3540 4316 et

331 4361 701 4432 πεπλούτηκα,
726 4362 931 4434 εὕρηκα
957 4365 1257 4418 ἀνάπαυσιν
1279 4363 1323 4395 ⁸¹
1357 4363 1622 4432 ἐμαυτῷ.)
1647 4363 1867 4416 Χαναὰν

1995 4361 2135 4414 dixit
2179 4359 2464 4428 Ephraim:
2503 4355 2885 4409 Verumtamen
2919 4353 3070 4408 dives
3113 4351 3339 4406 effectus
3373 4362 3540 4406 sum:

331 4454 426 4507 τὸν
440 4422 673 4523 Ἐφραῒμ
687 4422 1077 4524 προσάγορεύει
1093 4454 1158 4506 ⁸⁸.
1180 4452 1333 4506 Οῦτω
1349 4422 1454 4522 γάρ
1471 4422 1563 4505 καί.
1579 4454 1606 4503 ὁ
1623 4452 1867 4522 μακάριος

1990 4449 2169 4503 inveni
2227 4447 2465 4516 requiem
2509 4443 2660 4498 mihi.
2704 4461 2722 4494 ι
2790 4440 3042 4494 Chanaan
3094 4449 3250 4492 vocat
3309 4438 3536 4506 Lptn-ai-

344 4543 604 4613 Ἰεζεκιὴλ
632 4544 1112 4615 προσδιαλεχθῆναι
1145 4543 1489 4614 προσετάχθη
1509 4544 1574 4612 τῇ
1615 4543 1867 4612 Ὶερουσα·

1991 4556 2158 4596 mum.
2196 4538 2272 4592 Ita
2301 4537 2446 4592 enim
2477 4537 2671 4590 beatus
2700 4532 2861 4587 etiam
2888 4530 3135 4586 Ezechiel
3165 4527 3320 4583 aii‘ari
3349 4527 3539 4598 jussus

330 4637 480 4706 λήμ·
512 4655 532 4688 ί
568 4637 641 4689 Τὸ
692 4636 908 4707 σπέρμα
947 4654 1034 4689 σου
1079 4638 1170 4690 καὶ
1210 4635 1489 4705 ὴγένεσίς
1542 4652 1659 4700 σου,
1704 4637 1766 4687 ἐκ
1791 4637 1867 4704 τῆς

1993 4643 2079 4687 est
2126 4629 2601 4699 Hierosolymam:
2657 4647 2675 4680 ι
2711 4626 2905 4684 Semen
2949 4637 3138 4690 tuum,
3181 4631 3236 4678 et
3265 4619 3540 4692 generatio

334 4726 590 4779 Χαναάνο
620 4726 649 4778 ὁ
671 4727 850 4796 πατήρ
883 4742 972 4778 σου
1019 4726 1359 4796 ’Δμορῤαῖος,
1392 4725 1484 4778 καὶ
1511 4725 1542 4794 ἡ
1575 4726 1754 4796 μήτηρ
1798 4741 1867 4777 σοι

1994 4729 2086 4774 tua
2140 4720 2206 4775 de
2257 4727 2396 4772 terra
2441 4718 2700 4772 Chanaan
2737 4730 2751 4769 :
2801 4725 2957 4785 pater
2998 4721 3127 4767 tuus
3158 4709 3537 4772 Amorrhaaus,

334 4816 593 4872 Χετταία.
635 4834 653 4867 ι
679 4810 779 4868 Ὧν
809 4816 914 4885 γὰρ
961 4815 1236 4885 ἐζήλωσαν
1261 4816 1357 4884 τὴν
1384 4815 1632 4867 ἀσέϐειαν
1651 4855 1663 4876 ,
1688 4815 1867 4867 τούτων

1994 4822 2047 4865 ει
2091 4822 2262 4864 mater
2310 4817 2403 4862 tua
2455 4808 2696 4862 Chettaaa
2720 4817 2768 4858 (ι.
2805 4825 2822 4857 ι
2877 4805 2957 4859 Ab
2996 4803 3062 4858 iis
3099 4803 3279 4866 enim,
3309 4813 3540 4870 quarunt

335 4909 436 4961 καὶ
487 4908 585 4976 τῆς
641 4905 1006 4976 προσηγορίας
1074 4905 1379 4974 μετέλαχον.
1454 4905 1524 4957 Σὺ
1585 4905 1788 4968 τοίνυν,
1846 4899 1867 4955 ὃ

1998 4901 2192 4954 imitati
2215 4908 2344 4954 sunt
2375 4898 2733 4968 impietatem,
2759 4895 2938 4950 sortiti
2966 4903 3092 4948 sunt
3122 4907 3337 4947 nomen.
3369 4889 3434 4943 Et
3463 4898 3540 4945 tu.

348 4997 609 5066 Ἐφραῒμ,
658 4998 754 5066 τὴν
812 4996 905 5049 τοῦ
955 4997 1175 5050 Χαναὰν
1230 4995 1560 5064 μιμούμενος
1606 4993 1865 5062 πονηρίαν

1999 4997 2014 5014 “
2040 5008 2073 5046 o
2111 4992 2387 5061 Ephraim,
2420 4991 2641 5045 imitans
2679 4989 2940 5044 malitiam
2962 4983 3277 5042 C‘hanaanis
3304 4981 3542 5050 iniquam

427 5157 462 5183 ω
495 5148 837 5211 Gen.xxvut,
873 5149 958 5208 13,
1002 5147 1082 5202 15.
1175 5155 1204 5184 ιι
1234 5147 1363 5200 ibid.
1402 5148 1469 5200 20
1507 5147 1593 5198 '22.
1668 5155 1687 5175 '
1716 5144 1850 5199 Gen.

1967 5162 2045 5210 tu,
2073 5145 2158 5198 10-.
2237 5155 2264 5192 P
2305 5144 2470 5197 Amos
2498 5141 2706 5207 vu,12,
2739 5141 2826 5194 15.
2901 5149 2928 5188 q
2959 5137 3062 5193 lsa.
3085 5153 3195 5197 xvr.
3229 5139 3282 5190 5.-

1644 5281 1881 5336 VARIIE
1923 5281 2329 5336 LECTIONES.

417 5380 466 5411 ⁷⁸
492 5381 646 5451 Ἐκλ.
685 5410 754 5420 ——
782 5377 907 5451 ηῦρ.
939 5383 1058 5436 αὐτ.
1102 5381 1241 5435 Bene
1295 5381 1446 5448 juxta
1493 5379 1654 5431 11‹·ὶ›1·.
1700 5447 1712 5451 _
1737 5379 1782 5451 7f
1809 5379 2374 5451 Ωάποκαταστήσῃ.-⁸
2399 5379 2523 5451 ζξτῇ
2557 5375 2962 5451 ε-ι-ςιεοὶιιὰε-μου
3001 5373 3115 5451 (ᾔρει
3140 5372 3193 5451 in
3231 5364 3549 5451 εοηῗξῖξῖ·

346 5449 551 5519 φάνην.
578 5449 698 5519 Dus.
734 5451 786 5501 in
807 5438 991 5518 'c'qute
1018 5452 1256 5519 proxima
1284 5438 1428 5511 sunt,
1459 5462 1627 5514 usque
1653 5447 1724 5519 ad
1746 5438 2254 5519 initiunrversull.
2333 5447 2377 5477 7°
2406 5438 2544 5513 Κύρ.
2766 5438 3030 5519 adduan
3070 5438 3218 5519 Θξές-
3295 5438 3342 5465 ⁸⁰
3363 5438 3542 5519 ἐλξίζξλί

1948 5515 1988 5545 ⁸¹
2021 5497 2107 5566 ἄν.
2135 5513 2260 5568 Rcc.
2298 5515 2416 5568 lect.
2454 5497 2541 5569 εέι
2579 5497 2877 5583 ἀναψυχήν.
2951 5511 2994 5540 ⁸³
3035 5524 3085 5558 τ.
3115 5507 3268 5572 Ἐφρ-
3310 5515 3404 5568 προ
3435 5497 3539 5547 Am

351 5587 553 5656 potius,
579 5603 672 5642 cos
698 5591 786 5657 qui
812 5598 1161 5643 mercaturam
1207 5589 1548 5641 exercebant.
