3904 6202
432 259 564 324 1619

1413 257 1867 317 TllEODORET
1874 258 1898 316 Ι
1942 257 2276 318 EPISCOPI
2302 261 2664 321 CYRENSIS

3527 253 3644 316 1620

425 373 626 428 mentis
677 379 937 428 stateram
998 367 1211 421 habes:
1258 367 1527 436 justitiam
1589 367 1734 422 enim
1785 382 2002 439 semper

2120 370 2264 424 ίδικα
2292 373 2509 444 ἐκτήσω
2539 372 2607 426 τὰ
2633 371 2732 442 τῆς
2757 367 2996 431 διανοίας
3022 365 3162 435 ζυγά
3184 379 3198 394 ⁸
3228 364 3290 417 τὸ
3317 365 3422 434 γὰρ
3464 364 3648 420 δίκαιον

428 463 751 536 vilipendis,
800 468 854 516 et
898 460 1146 531 iniquam
1195 460 1492 531 potentiam
1543 469 1804 531 exoptas,
1845 469 1901 517 et
1932 460 2000 515 de

428 557 636 612 divitiis
659 553 936 626 gloriaris,
957 560 1008 606 ct
1031 567 1218 606 earum
1241 551 1620 607 collectionem
1646 552 1744 606 tibi
1773 567 2000 624 arrogas

431 649 756 704 insolenter.
795 642 1090 697 Sciendum
1124 657 1254 697 vero
1278 684 1293 708 ,
1330 641 1588 697 Davidem
1625 641 1838 713 1369
1861 656 2002 712 quo-

431 757 537 813 que
564 746 782 795 statera
823 735 1025 806 iniqua
1063 733 1244 790 facere
1274 734 1634 814 mentionem,
1662 733 1748 789 his
1779 733 1998 788 verbis:

441 850 458 882 ι
492 828 783 884 Mendaces
814 825 908 878 lilii
958 824 1249 879 hominum
1291 823 1344 878 in
1393 823 1657 891 statcris,
1711 831 1769 876 ut
1800 821 2002 892 injuste

433 930 598 993 agant
627 935 667 972 ν.
707 938 725 970 ι
763 917 826 972 Et
871 932 993 988 qua
1038 909 1410 982 subjiciuntur
1436 955 1451 979 ,
1503 915 1838 970 conveniunt
1875 929 2001 969 cum

432 1011 520 1066 his
554 995 675 1080 qua
697 1009 842 1065 dicta
882 1017 1010 1064 sunt
1035 1005 1104 1061 de
1133 1005 1425 1076 Ephraiino
1453 1024 1466 1060 :
1519 1026 1536 1058 ι
1567 1005 1749 1062 Nolite
1780 1020 2004 1077 sperare

434 1103 489 1158 in
520 1101 830 1170 iniquitate,
863 1110 917 1156 et
949 1097 1173 1170 rapinas
1216 1099 1388 1152 nolite
1420 1100 1821 1169 concupiscere
1858 1119 1874 1155 :
1921 1099 2003 1155 di-

435 1194 580 1249 vitia
613 1192 659 1249 si
689 1192 916 1247 afﬂuant
939 1231 954 1253 ,
991 1190 1161 1246 nolite
1195 1205 1292 1244 cor
1327 1205 1609 1260 apponere
1633 1198 1680 1246 '.
1719 1209 1736 1242 ι
1777 1191 1859 1246 Ab
1893 1207 2004 1246 uno

435 1288 578 1342 enim
619 1284 830 1356 Spiritu
861 1291 917 1340 et
938 1283 1054 1338 hac
1087 1290 1142 1337 et
1173 1283 1262 1336 illa
1293 1282 1687 1352 proﬂuxerunt.
1722 1283 2002 1338 Postrema

433 1378 598 1435 etiam
634 1378 726 1432 illa
758 1396 772 1432 :
810 1395 829 1428 ι
859 1374 995 1442 Quia
1025 1382 1082 1428 tu
1113 1375 1309 1430 reddes
1335 1375 1634 1444 unicuique
1663 1376 1818 1444 juxta
1841 1391 2004 1446 opera

435 1486 534 1527 sua
575 1473 631 1538 ι,
676 1489 694 1522 ›
727 1470 1065 1525 conveniunt
1095 1483 1220 1523 cum
1254 1469 1323 1522 iis
1350 1482 1470 1536 qua
1507 1466 1611 1520 hoc
1650 1467 1770 1521 loco
1811 1469 2006 1522 subse-

434 1569 679 1634 quuntur
719 1581 732 1616 :
765 1581 781 1612 ι
815 1559 1056 1615 Labores
1091 1559 1212 1628 ejus
1246 1574 1355 1612 non
1397 1558 1748 1612 invenientur
1784 1559 1832 1612 ei
1876 1573 2006 1628 pro-

438 1663 557 1723 pter
599 1653 942 1724 iniquitates,
971 1652 1025 1706 in
1058 1651 1259 1722 quibus
1299 1651 1571 1720 peccavit.
1612 1669 1630 1701 ι
1667 1648 1834 1706 Bonis
1861 1649 2006 1704 enim

437 1745 753 1800 divitiarum
793 1744 1123 1817 spoliabitur
1145 1782 1158 1806 ,
1223 1742 1405 1812 justas
1440 1756 1633 1811 panas
1667 1756 1766 1811 pro
1801 1741 2008 1811 iniqui-

413 1815 549 1889 °tate
581 1815 923 1904 persolvens.

513 1923 676 1979 Vsus.
708 1924 761 1978 9.
813 1943 831 1975 ι
868 1922 980 1993 Ego
1008 1932 1188 1979 autem
1216 1922 1482 1978 Dominus
1518 1923 1659 1979 Deus
1691 1932 1818 1978 tuus
1845 1923 2010 1979 eduxi

439 2027 492 2072 te
523 2033 553 2072 e
593 2027 736 2070 terra
765 2014 1035 2086 Egypti:
1083 2014 1265 2069 adhuc
1311 2015 1563 2070 habitare
1605 2025 1655 2071 te
1707 2014 1904 2070 faciam
1955 2017 2009 2070 in

440 2108 838 2172 tabernaculis,
868 2108 1017 2162 sicut
1042 2107 1095 2161 in
1126 2106 1324 2162 diebus
1359 2105 1506 2162 t'csti.
1544 2125 1560 2159 ι
1593 2106 1734 2172 Quia
1763 2107 1909 2162 enim
1943 2105 2012 2160 ab

441 2200 765 2271 Egyptiaea
787 2199 1050 2254 servitute
1081 2199 1367 2263 liberatus,
1399 2197 1663 2252 oblivioni
1687 2196 2011 2252 beneficium

441 2289 738 2355 tradidisti,
785 2303 984 2344 rursus
1038 2288 1314 2343 habitabis
1350 2289 1404 2341 in
1453 2288 1862 2354 tabernaculis,
1925 2288 2010 2342 Ia-

440 2392 562 2438 ctus
607 2385 662 2436 in
711 2381 887 2436 aliena
935 2389 1081 2435 terra
1132 2380 1487 2451 inquilinus,
1531 2389 1587 2436 et
1630 2381 2012 2437 recordaberis

441 2473 958 2536 tabernaculorum,
1005 2487 1130 2542 qua
1186 2472 1430 2528 faciebas
1463 2513 1477 2537 ,
1535 2487 1660 2526 eum
1714 2474 1768 2527 in
1817 2474 2014 2530 diebus

444 2566 596 2620 fastis
626 2565 810 2620 latitia
839 2565 1149 2620 exsultares
1170 2603 1184 2629 ,
1225 2572 1282 2620 et
1307 2565 1629 2620 memoriam
1654 2563 2015 2620 habitationis

442 2657 499 2711 in
537 2656 757 2712 deserto
786 2655 1118 2711 celebrat-es.
1159 2655 1512 2727 Scenopegia
1537 2663 1718 2711 autem
1751 2655 2013 2711 solemni-

443 2757 608 2803 tatem
647 2748 942 2819 signiﬁcat.

510 2836 680 2894 Vens.
720 2837 805 2892 to.
841 2857 859 2889 ‹
895 2837 958 2890 Et
979 2837 1200 2891 locutus
1229 2851 1350 2892 sum
1381 2835 1448 2890 ad
1483 2837 1800 2907 prophetas,
1830 2845 1883 2892 et
1915 2852 2015 2907 ego

441 2930 688 2986 visiones
719 2928 1107 3000 multiplicavi,
1137 2937 1194 2982 et
1225 2927 1280 2981 in
1311 2929 1569 2984 manibus
1620 2929 2013 3000 prophetarum

2101 463 2386 533 ἀτιμάζων
2440 463 2725 528 διατελεῖς,
2754 462 2852 532 τὴν
2881 461 3062 516 ἄδικον
3092 458 3412 512 δυναστείαν
3463 459 3648 523 ποθεῖς,

2103 556 2197 609 καὶ
2247 557 2342 609 ἐπὶ
2376 556 2591 627 πλούτῳ
2642 555 2782 624 μέγα
2811 554 3052 622 φρονεῖς,
3085 551 3176 604 καὶ
3225 547 3652 621 ἀλαζονευόμενος

2104 647 2284 717 σαυτῷ
2315 648 2414 718 τὴν
2457 647 2646 701 τούτου
2695 644 2958 716 συλλογὴν
2985 644 3334 713 ἐπιγράφεις.
3375 642 3558 694 *ἰστέον
3583 643 3650 705 δὲ,

2101 741 2184 793 ὅτι
2234 740 2325 793 τὸν
2352 740 2535 795 ᾶδικον
2587 737 2752 807 ζυγὸν
2808 739 2905 792 καὶ
2955 739 2984 790 ὁ
3034 736 3307 806 μακάριος
3355 734 3652 804 μνημονεύει

2104 831 2288 893 Δαὸὶδ,
2323 830 2529 899 λέγων·
2574 849 2590 882 ι
2628 830 2859 893 Ψευδεῖς
2886 829 2936 882 οἰ
2983 828 3088 880 υἰοὶ
3129 826 3241 879 τῶν
3294 823 3580 896 ἀνθρώπων
3606 829 3654 880 ἐν

2106 922 2313 992 ζυγοῖς,
2343 922 2436 976 τοῦ
2470 922 2745 992 ἀδικῆσαι.
2786 941 2804 974 ι
2838 922 2948 974 Καὶ
2981 917 3049 972 τὰ
3096 918 3413 986 ἐπαγόμενα
3456 916 3508 968 δὲ
3535 933 3654 986 συμ-

2106 1015 2273 1083 φωνεῖ
2297 1015 2407 1076 τοῖς
2441 1013 2568 1083 περὶ
2618 1009 2712 1064 τοῦ
2753 1009 2991 1083 Ἐφραῒμ
3031 1006 3344 1080 εἰρημένοις
3365 1023 3378 1037 ⁶
3413 1026 3430 1058 ι
3465 1007 3548 1076 Μὴ
3580 1008 3654 1060 ἐλ-

2107 1105 2293 1170 πίζετε
2326 1105 2414 1158 ἐπ’
2437 1103 2672 1168 ἀδικίαν,
2699 1101 2794 1155 καὶ
2816 1101 2909 1153 ἐπὶ
2936 1100 3212 1170 ἅρπαγμα
3251 1097 3325 1167 μὴ
3355 1096 3652 1149 ἐπιποθείτι·

2106 1196 2338 1262 πλοῦτος
2391 1197 2487 1250 ἐὰν
2521 1196 2643 1267 ῥέῃ,
2674 1195 2748 1265 μὴ
2786 1190 3145 1264 προστίθεσθε
3193 1189 3440 1260 καρδίαν.
3470 1207 3489 1241 ι
3530 1189 3655 1252 Ἐνδς

2107 1292 2216 1362 γὰρ
2251 1290 2559 1358 πνεύματος
2591 1284 2880 1341 καὶταῦτα
2901 1285 3134 1338 κάκεῖνα
3181 1282 3252 1334 τΞι
3295 1279 3522 1350 νάματα.
3566 1281 3657 1332 Καὶ

2106 1384 2167 1436 τὸ
2210 1377 2620 1453 ἀκροτελεύτιον
2662 1378 2719 1431 δὲ
2769 1379 2978 1437 ἐκεῖνο,
3021 1393 3038 1424 ι
3081 1375 3206 1426 Ὀτι
3264 1373 3329 1426 σὺ
3392 1369 3656 1432 ἀποδώσεις

2110 1473 2324 1543 ἑκάστῳ
2356 1471 2496 1524 κατὰ
2531 1470 2598 1522 τὰ
2627 1469 2762 1540 ἔργα
2791 1467 2982 1530 αὐτοῦ,
3035 1485 3052 1518 ι
3096 1466 3384 1534 συμφωνεῖ
3437 1463 3538 1523 τοῖς
3576 1463 3654 1512 ὲπ-

2108 1564 2398 1632 αγομένοις
2428 1561 2682 1616 ἐνταῦθα·
2707 1579 2723 1610 ι
2747 1559 2955 1620 Πάντες
2985 1555 3097 1624 γὰρ
3130 1555 3181 1608 οἰ
3226 1553 3374 1606 πόνοι
3401 1549 3552 1605 αὑτοῦ
3577 1550 3655 1619 οὐχ

2113 1656 2496 1728 εὑρεθήσονται
2547 1651 2696 1724 αύτῷ
2739 1652 2806 1704 δι’
2836 1650 3072 1712 ἀδικίας,
3109 1648 3176 1710 ἃς
3230 1646 3490 1715 ἥμαρτεν.
3529 1662 3544 1694 ι
3576 1642 3656 1694 Γυ-

2120 1750 2462 1821 μνωθήσεται
2511 1747 2620 1818 γὰρ
2660 1745 2768 1798 τῶν
2795 1745 2893 1814 τῆς
2923 1739 3185 1810 εὐπορίας
3216 1735 3456 1807 ἀγαθῶν,
3483 1735 3656 1796 δικαίας

2118 1844 2218 1913 τῆς
2249 1839 2592 1912 παρανομίας
2623 1835 3022 1905 ἀπαιτούμενος
3054 1833 3236 1892 δίκας.

2186 1933 2253 1987 θ’.
2286 1953 2303 1984 ι
2347 1931 2487 2000 Ἐγὼ
2514 1930 2571 1984 δὲ
2617 1929 2820 1998 Κύριος
2871 1928 2898 1980 ὁ
2945 1925 3076 1987 Θεός
3110 1940 3208 1975 σου
3240 1919 3506 1992 ἁνήγαγόν
3534 1935 3583 1971 σε
3607 1922 3656 1970 ἐκ

2118 2025 2222 2095 γῆς
2250 2023 2548 2093 Αἰγύπτου.
2584 2020 2662 2073 ἐτι
2688 2016 2950 2072 κατοικιῶ
2973 2033 3030 2070 σε
3062 2018 3121 2069 ἐν
3158 2015 3404 2084 σκηναῖς.
3435 2008 3594 2072 καθὼς
3611 2011 3656 2060 ἐν

2119 2117 2353 2187 ἡμέραις
2407 2111 2615 2183 ἑορτῆς.
2659 2128 2676 2162 i
2748 2107 2964 2174 Ἐπειδὴ
3010 2106 3120 2177 γὰρ
3163 2104 3265 2174 τῆς
3325 2097 3657 2169 Αἰγυπτιακῆς

2118 2207 2359 2270 δουλείας
2404 2201 2740 2271 ἀπαλλαγεὶς
2773 2199 2912 2272 λήθῃ
2954 2199 3053 2270 τὴν
3095 2193 3416 2266 εὐεργεσίαν
3454 2190 3658 2261 παρέδω-

2121 2319 2241 2364 κας,
2265 2295 2420 2361 αὖθις
2443 2297 2687 2367 οἰκήσεις
2713 2292 2938 2366 σκηνὰς,
2973 2291 3225 2361 μέτοικος
3265 2289 3319 2340 ἐν
3350 2289 3413 2357 τῇ
3442 2284 3656 2354 ἀλλοτρίᾳ

2119 2392 2431 2461 γενόμενος,
2453 2387 2548 2441 καὶ
2578 2384 2970 2457 ἀναμνησθήσῃ
2995 2375 3069 2435 ὧν
3099 2378 3380 2441 ἐπετέλεις
3408 2374 3596 2444 σκηνῶν
3613 2375 3656 2425 ὲν

2119 2484 2240 2546 ταῖς
2280 2481 2492 2550 ἑορταῖς
2537 2475 2782 2548 τρυφῶν,
2815 2474 2908 2527 καὶ
2953 2473 3050 2543 τῆς
3079 2472 3138 2524 ἐν
3182 2469 3375 2540 ἐρήμῳ
3424 2463 3657 2532 διαγωγῆς

2122 2571 2510 2643 πανηγυρίζων
2537 2569 2635 2642 τὴν
2661 2569 2904 2638 μνήμην.
2923 2565 3088 2633 Λέγει
3110 2562 3170 2616 δὲ
3199 2560 3297 2631 τῆς
3322 2554 3654 2629 Σκηνοπηγίας

2118 2664 2218 2732 τὴν
2251 2662 2463 2732 ἑορτήν.

2192 2852 2243 2899 ι’.
2278 2864 2293 2894 ι
2329 2843 2440 2896 Καὶ
2473 2840 2712 2910 ἐλάλησα
2741 2839 2786 2871 ⁸³
2814 2839 2952 2908 πρὸς
2981 2835 3294 2908 προφήτας,
3322 2832 3415 2885 καί
3441 2829 3538 2898 ἐγὼ
3555 2825 3654 2898 ὁρά-

2127 2953 2238 2999 σεις
2288 2933 2587 3006 ἐπλήθυνα,
2615 2931 2708 2986 καὶ
2737 2930 2795 2983 ἐν
2818 2946 2874 3001 χε
2886 2929 2974 3001 ρεὴ¹
3002 2925 3300 2998 προφητῶν
3329 2921 3604 2994 ὠμοιὼθην.
3634 2935 3649 2968 ι

441 3021 785 3080 assimilatus
813 3037 958 3078 sum.
991 3041 1007 3073 ι
1041 3020 1174 3076 Jure
1204 3029 1384 3076 autem
1415 3021 1559 3077 hanc
1594 3037 1810 3094 ptenam
1842 3024 2013 3080 susti-

2136 3029 2390 3092 Ἐνδίκως
2442 3026 2499 3080 δέ
2542 3025 2700 3096 τήνδε
2744 3023 2843 3095 τὴν
2869 3021 3142 3092 τιμωρίαν
3170 3018 3472 3088 ὕτυομένειῖυ
3503 3012 3652 3082 ἐπειδὴ

444 3128 578 3177 nos,
622 3112 716 3182 qui
765 3113 905 3168 hanc
953 3126 1060 3167 non
1095 3112 1420 3167 extimueris
1452 3151 1466 3176 ,
1509 3127 1633 3167 cum
1671 3127 1700 3168 a
1732 3115 2013 3185 prophetis

2120 3121 2322 3191 ταύτης
2346 3118 2436 3172 διὰ
2474 3117 2581 3171 τῶν
2619 3114 2913 3188 προφητῶν
2965 3112 3064 3176 τὰς
3092 3111 3424 3182 προρρήσεις
3462 3106 3652 3175 δεξάμε-

444 3203 828 3272 pradictiones
857 3202 978 3273 ejus
1008 3203 1349 3274 accepisses,
1393 3219 1570 3272 neque
1616 3215 1852 3261 mentem
1895 3223 2016 3262 tnu-

443 3306 560 3350 tare
606 3294 848 3350 volueris
894 3313 907 3348 :
975 3294 1249 3365 praecipue
1290 3310 1414 3348 cum
1465 3295 1853 3366 pradictiones
1906 3314 2014 3354 non

445 3395 653 3439 tantum
693 3385 879 3440 verbis
905 3426 920 3451 ,
967 3385 1061 3440 sed
1099 3386 1266 3440 etiam
1307 3387 1475 3442 rebus
1517 3387 1840 3457 significata
1885 3391 2016 3446 sint.

445 3474 579 3531 Nam
611 3477 720 3532 tale
743 3475 1004 3547 quiddam
1035 3481 1154 3531 erat
1184 3476 1331 3547 quod
1365 3477 1436 3533 ab
1468 3476 1610 3534 Osea
1648 3478 1857 3535 factum
1891 3491 1975 3536 est
2001 3521 2016 3546 ,

444 3567 538 3638 qui
563 3566 726 3622 modo
760 3566 1108 3623 meretricem
1135 3607 1149 3631 ,
1189 3567 1350 3622 modo
1382 3569 1686 3624 adulteram
1733 3568 1828 3626 Dei
1859 3571 2020 3641 jussu

447 3675 670 3716 uxorem
702 3659 860 3715 duxit
884 3700 898 3724 ,
941 3659 1037 3714 Dei
1074 3659 1462 3715 universorum
1511 3661 1725 3732 1370
1777 3661 2023 3719 referens

447 3752 764 3822 imaginem,
797 3767 860 3807 ac
887 3753 1073 3823 populi
1107 3752 1451 3823 iniquitatem
1485 3753 1842 3823 redarguens.
1877 3753 2023 3808 Pra-

448 3852 596 3897 terea
625 3842 820 3910 docet,
859 3858 919 3899 se
945 3843 1117 3899 variis
1157 3843 1590 3900 revelationibus
1619 3860 1776 3899 usum
1812 3845 2019 3901 fuisse:

448 3945 558 3985 non
589 3937 648 3985 ut
679 3945 854 3986 meam
883 3971 897 3996 ,
929 3931 1042 3998 ait,
1077 3941 1334 3987 naturam
1365 3933 1654 3990 ostendam
1677 3975 1691 3999 ,
1725 3933 2026 3991 invisibilis

448 4019 593 4076 enim
621 4019 739 4074 hac
769 4028 874 4082 est,
919 4019 1012 4076 sed
1046 4027 1129 4083 ut,
1163 4029 1324 4090 prout
1352 4036 1492 4092 opus
1525 4031 1646 4087 est,
1685 4023 2025 4093 contempla-

2119 3229 2208 3275 νος
2237 3211 2337 3264 οὑκ
2367 3209 2599 3274 ἔδεισας,
2618 3207 2739 3260 ούδὲ
2773 3204 3095 3275 μεταϐαλεῖν
3123 3199 3420 3271 ἐϐουλήθης
3441 3197 3527 3268 τήν
3544 3192 3653 3264 γνώ-

2123 3323 2230 3377 μην
2250 3321 2262 3335 ’
2300 3303 2392 3356 καὶ
2424 3301 2614 3368 ταῦτα,
2637 3301 2698 3354 οὐ
2727 3299 2813 3352 διὰ
2845 3298 3105 3370 ῥημάτων
3135 3295 3319 3366 μόνον,
3343 3291 3468 3347 ἀλλὰ
3491 3291 3570 3344 καὶ
3585 3287 3652 3341 διὰ

2125 3397 2466 3470 πραγμάτων
2517 3393 2625 3446 τῶν
2675 3394 3032 3464 προρρήσεων
3084 3389 3410 3459 γενομένων.
3444 3383 3652 3439 Τοιοῦτον

2122 3491 2230 3561 γὰρ
2251 3486 2318 3560 ἦν
2349 3487 2442 3542 καὶ
2468 3487 2526 3539 τὸ
2552 3485 2656 3538 ὑπὸ
2685 3482 2778 3536 τοῦ
2810 3480 3099 3536 θεσπεσίου
3131 3479 3295 3547 Ὠσηέ
3313 3473 3648 3545 γεγενημένον’

2125 3581 2256 3634 ποτέ
2291 3579 2390 3650 μὲν
2419 3578 2528 3648 γὰρ
2559 3576 2796 3646 γυναῖκα
2827 3574 3052 3645 πόρνην,
3081 3570 3216 3624 ποτέ
3245 3570 3300 3623 δὲ
3329 3566 3649 3640 μοιχεύτριαν,

2125 3673 2269 3728 κατὰ
2296 3673 2394 3744 τὴν
2423 3670 2570 3726 θείαν
2594 3668 2784 3723 ἐλαϐεν
2815 3665 3056 3738 ἐντολήν,
3097 3662 3265 3718 εἰκὼν
3293 3660 3383 3714 τοῦ
3410 3656 3531 3711 Θεοῦ
3568 3655 3651 3707 τῶν

2124 3766 2262 3819 ὅλων
2315 3763 2600 3834 γινόμενος
2629 3800 2643 3824 ,
2707 3761 2803 3814 καὶ
2858 3758 2958 3828 τῆς
3011 3753 3105 3809 τοῦ
3157 3753 3291 3808 λαοῦ
3354 3747 3650 3821 παρανομίας

2126 3854 2469 3926 κατηγορῶν.
2497 3853 2639 3925 Πρὸς
2658 3850 2714 3904 δὲ
2742 3848 2916 3919 τούτῳ
2946 3846 3115 3917 δηλοῖ,
3143 3846 3228 3899 ὅτι
3257 3844 3372 3898 Καὶ
3418 3838 3648 3907 διαφόροις

2127 3945 2532 4015 ἀποκαλύψεσιν
2586 3941 2929 4014 ἐχρησάμην,
2956 3939 3018 3992 ού
3067 3937 3166 4008 τὴν
3195 3937 3334 4008 ἐμὴν
3373 3933 3520 4002 φύσιν
3546 3931 3650 3982 ὑπο·

2127 4037 2336 4099 δεικνὺς
2368 4035 2618 4106 (ἀόρατος
2647 4033 2754 4104 γὰρ
2803 4031 2991 4101 αὕτη),
3038 4028 3176 4084 ἀλλὰ
3202 4027 3338 4100 πρὸς
3367 4026 3459 4098 τήν
3501 4020 3650 4093 χρείαν

451 4114 654 4168 tionem
709 4111 777 4168 ad
828 4127 988 4167 usum
1042 4109 1315 4182 efﬁngam.
1366 4111 1552 4182 Neque
1584 4112 1730 4167 enim
1767 4115 2013 4170 omnibus

2129 4127 2380 4181 ἐκτυπῶν
2437 4125 2534 4196 τὴν
2594 4124 2844 4195 θεωρίαν.
2901 4120 3040 4177 Οὔτε
3094 4121 3204 4192 γὰρ
3248 4119 3441 4190 ὁμοίως
3487 4115 3650 4168 ἅπασιν

449 4201 700 4260 similiter
733 4203 1000 4274 apparui,
1044 4203 1139 4258 sed
1193 4202 1356 4256 aliter
1407 4201 1652 4266 Danieli,
1692 4204 1856 4258 aliter
1885 4204 2028 4260 Eze-

448 4293 608 4351 chieli
632 4337 648 4362 ,
701 4295 808 4350 alio
849 4294 1012 4351 modo
1058 4294 1214 4350 Isaia
1241 4331 1254 4356 ,
1291 4292 1400 4347 alio
1440 4292 1715 4361 Michaa;
1765 4293 1904 4351 Mosi
1937 4313 2022 4352 ve.

2130 4218 2318 4289 ὢφθην
2340 4233 2353 4248 ο
2402 4216 2576 4278 ἄλλως
2619 4215 2727 4285 γὰρ
2750 4213 2828 4285 τῷ
2851 4213 3072 4283 Δανιὴλ,
3106 4210 3200 4264 καὶ
3227 4209 3400 4271 ἄλλως
3419 4205 3488 4274 τῷ
3522 4199 3626 4263 Ίεξε

2132 4310 2277 4382 κιήλ,
2303 4309 2503 4380 ἑτέρως
2526 4307 2584 4361 δὲ
2614 4306 2692 4377 τῷ
2733 4305 2954 4375 Ἡσαΐᾳ,
2981 4303 3072 4357 καὶ
3115 4299 3193 4372 τῷ
3232 4299 3436 4370 Μιχαίᾳ
3460 4296 3515 4349 οὐ
3541 4291 3649 4382 κατᾷ

449 4403 549 4454 ro,
587 4397 644 4444 et
693 4397 822 4446 ante
879 4390 1028 4444 hunc
1074 4387 1392 4444 Abrahamo
1417 4427 1433 4452 ,
1486 4387 1711 4444 diverso
1739 4390 1902 4446 modo
1941 4406 2013 4447 me

2131 4380 2222 4455 τὸν
2266 4401 2451 4471 ὅμοιον
2482 4399 2701 4470 τρόπον’
2735 4397 2828 4452 καὶ
2855 4397 3028 4466 Μωσῇ
3073 4393 3132 4448 δὲ
3163 4391 3259 4447 καὶ
3302 4387 3530 4459 ’Δδραὰμ
3568 4380 3649 4452 πρὸ

449 4481 687 4536 ostendi.

519 4569 689 4629 Vsus.
722 4572 808 4627 Η.
845 4589 865 4624 ι
903 4570 960 4625 Si
989 4586 1097 4626 non
1134 4573 1148 4589 ‘
1176 4570 1379 4626 Galaad
1411 4582 1519 4638 est,
1553 4589 1684 4646 ergo
1715 4573 1840 4632 falsi
1865 4587 2026 4634 erant

451 4663 731 4734 principes
756 4664 810 4717 in
844 4661 1086 4733 Galgalis
1122 4662 1490 4721 immolantes.
1527 4685 1546 4718 ι
1579 4667 1690 4724 Vos
1719 4685 1869 4735 vero,
1899 4687 2024 4726 cum

450 4771 554 4824 per
579 4772 663 4811 me
691 4755 777 4810 his
801 4754 1086 4822 fruamini,
1111 4755 1166 4811 in
1196 4756 1402 4813 Galaad
1431 4768 1482 4814 et
1509 4758 1772 4833 Galgalis,
1794 4764 2028 4822 urbibus

451 4845 615 4901 idolis
647 4844 854 4903 deditis
879 4889 894 4910 .
925 4861 1052 4902 cum
1097 4847 1296 4904 vestris
1333 4849 1674 4920 principibus
1717 4869 1874 4909 sacra
1908 4855 2022 4910 da-

451 4937 710 4992 monihus
743 4937 962 4993 facitis:
996 4939 1101 4996 etsi
1135 4956 1252 4994 non
1273 4941 1340 4994 ab
1376 4941 1482 5008 his,
1511 4943 1604 4998 sed
1637 4959 1668 4998 a
1699 4961 1784 4999 me
1824 4946 2023 5002 benefi-

451 5027 534 5080 cia
562 5029 900 5099 percipiatis.
933 5029 1068 5085 Nam
1093 5031 1140 5087 si
1168 5049 1234 5089 ex
1253 5032 1479 5100 Galaad,
1501 5038 1605 5091 hoc
1639 5048 1721 5093 est
1749 5053 1812 5092 ex
1840 5039 2022 5106 idolis,

453 5118 656 5174 bonum
706 5121 930 5192 aliquod
981 5126 1379 5195 perciperctis,
1427 5136 1572 5184 esset
1624 5129 1824 5199 aliquis
1871 5131 2023 5187 falla-

451 5211 552 5265 cia
595 5211 775 5268 locus.
825 5215 958 5270 Cum
1015 5227 1196 5272 autem
1256 5217 1418 5273 donis
1467 5219 1604 5275 meis
1650 5221 2020 5290 perfruentes,

524 5393 548 5424 ι’
584 5383 728 5445 Psai.
767 5405 874 5454 ut,
909 5391 993 5445 10.
1076 5405 1098 5431 ⁸
1132 5393 1264 5447 ibid.
1295 5394 1378 5447 Η.
1460 5393 1478 5430 ⁸
1513 5395 1647 5450 ibid.
1684 5397 1768 5452 i3.

2131 4492 2320 4546 τούτου
2355 4490 2647 4562 διαφόρως.

2203 4588 2292 4635 ια’.
2333 4600 2350 4632 ι
2381 4559 2546 4650 Είμή
2564 4575 2776 4632 Γαλαὰδ
2796 4577 2968 4639 ἐστιν,
2999 4574 3112 4644 ἄρα
3153 4570 3360 4642 ψευδεῖς
3411 4561 3536 4635 ἦσαν
3573 4559 3648 4650 ἆρ-

2131 4690 2314 4745 χοντες
2337 4673 2393 4724 ἐν
2416 4647 2713 4739 Γαλγάλοις
2742 4669 2789 4699 ³⁸
2813 4666 3210 4730 θυσιάζοντες.»
3255 4659 3434 4730 Ὑμεῖς
3456 4654 3524 4745 δέ’
3547 4647 3647 4745 Ϊθ

2127 4736 2234 4818 τ’ων
2267 4736 2628 4823 ἀπολαύοντες
2675 4759 2803 4828 παρ’
2832 4756 2988 4828 ἐμοῦ,
3021 4758 3079 4809 ἐν
3131 4751 3335 4808 Γαλαὰδ
3365 4747 3451 4801 καί
3477 4736 3648 4828 Γαλγᾷε

2130 4855 2240 4915 λοις
2263 4856 2383 4916 ταῖς
2410 4849 2753 4911 κατειδώλοις
2784 4846 2994 4911 πόλεσι,
3027 4845 3125 4898 σὺν
3163 4843 3272 4904 τοῖς
3313 4838 3518 4908 ἄρχουσι
3559 4827 3646 4916 τοῖς

2135 4913 2416 5016 ὑμετέροις
2443 4944 2553 5005 τοῖς
2581 4940 2800 5010 δαίμοσι
2825 4938 2924 5000 τὰς
2953 4935 3142 4998 θυσίας
3190 4927 3506 5002 προσφέρετε
3536 4935 3548 4949 '
3575 4913 3647 5016 καὶ

2134 5011 2322 5106 ταῦτα,
2345 5041 2404 5093 ού
2429 5039 2556 5109 παρ’
2585 5034 2785 5099 αὐτῶν,
2807 5033 2942 5088 ἀλλὰ
2965 5030 3096 5100 παρ’
3118 5025 3249 5098 ἐμοῦ
3265 5023 3360 5084 τὰς
3379 5011 3646 5109 εὐεργεσίας
3749 5053 3758 5064 .

2131 5098 2472 5205 δρεπόμενοι.
2511 5098 2582 5183 Ἐἰ
2633 5129 2729 5199 μὲν
2757 5125 2866 5196 γὰρ
2895 5127 2958 5178 ἐκ
2982 5098 3212 5183 Γαλαὰδ,
3259 5111 3505 5205 τουτέστι,
3524 5098 3648 5205 τιςρά

2130 5194 2237 5281 τῶν
2292 5194 2546 5288 εἰδώλων,
2597 5194 2801 5290 ἀγαθοῦ
2833 5194 2978 5282 τινος
3013 5210 3327 5275 ἀπελαύετε,
3379 5199 3510 5272 εἶχεν
3559 5194 3644 5262 ἄρα

1758 5547 1994 5606 ΥΔΒΕΑΞ
2033 5549 2432 5607 LECTIONES.

535 5657 583 5689 ”
618 5659 745 5716 tice.
779 5662 936 5717 lectio
963 5671 1065 5728 est,
1103 5662 1337 5734 λαλήσω.
1421 5665 1465 5696 "‘
1495 5665 1532 5720 (Σ
1557 5667 1786 5721 Γαλαὰδ.
