3904 6202
176 357 180 359 Α
256 309 383 374 1621

1542 325 1624 386 ΙΝ
1663 323 1855 385 OSEE
1891 324 2051 387 CAP.
2091 329 2263 390 XIII.

3354 330 3515 395 1622”

242 418 364 474 τινὰ
384 418 573 493 χώραν
594 422 626 493 ἡ
652 421 893 496 ἐξαπάτη
911 442 924 457 ’
958 427 1149 501 ἐπειδὴ
1190 430 1249 497 δέ
1275 433 1395 496 ταῖς
1417 434 1577 504 ἐμαῖς
1594 433 1823 506 δωρεαῖς

1932 434 1980 490 in
2026 436 2233 494 Galaad
2274 444 2331 495 et
2378 438 2434 493 in
2474 437 2719 510 Galgalis
2746 437 3041 497 immoletis
3072 440 3260 508 idolis,
3293 441 3492 514 ingrati

249 513 639 584 ἐντρυφῶντες,
673 516 732 570 ἐν
778 517 991 575 Γαλαὰδ
1034 521 1130 576 καὶ
1181 522 1478 593 Γαλγάλοις
1510 525 1666 581 θύετε
1709 527 1819 593 τοῖς

246 605 508 675 εἰδώλοις,
536 609 780 679 κήρυκες
809 611 966 683 ὑμεῖς
994 614 1209 684 γίνεσθε
1241 617 1339 690 τῆς
1380 619 1590 685 οἰκείας
1628 622 1821 694 ἀχαρι-

248 697 417 761 στίας.
458 716 477 751 ι
515 699 625 753 Καὶ
657 701 725 755 τά
755 700 1112 777 θυσιαστήρια
1137 708 1334 776 αὐτῶν,
1363 709 1440 774 ὡς
1468 712 1700 781 χελῶναι
1726 714 1820 767 ἐπὶ

244 788 438 861 χέρσον
463 791 655 864 ἀγροῦ.
698 814 718 846 ›
755 794 875 849 Τῶν
898 797 1183 867 άμφιϐἰων
1210 801 1363 855 ἐστὶν
1385 804 1417 875 ή
1444 803 1672 876 χελώνη,
1704 806 1820 862 ἀλλ’

244 882 301 942 ἐν
328 882 426 953 μὲν
443 884 558 946 τοῖς
584 884 742 939 ὕδασι
767 886 1095 961 διαιτωμένῃ
1129 889 1411 962 διαφεύγει
1435 894 1692 959 πολλάκις
1711 895 1820 953 τῶν

244 971 586 1043 θηρευόντων
631 975 732 1042 τὰς
776 979 964 1049 χεῖρας
987 994 999 1008 ·
1050 980 1128 1044 εἰς
1149 980 1329 1053 δὲτὴν
1354 983 1459 1054 γῆν
1509 983 1817 1055 βαδίζουσα,

243 1065 538 1137 πρόχειρός
592 1067 709 1123 ἐστι
762 1069 858 1127 καὶ
908 1071 1195 1138 εὐάλωτος.
1226 1073 1414 1148 Ταύτῃ
1438 1074 1637 1142 τοίνυν,
1664 1079 1817 1148 φησί,

241 1158 641 1230 παραπλησίως
691 1161 952 1217 εὐάλωτοι
994 1162 1206 1219 ἔσονται
1252 1166 1303 1220 οἰ
1342 1169 1473 1240 παρ’
1498 1168 1654 1239 ὑμῶν
1708 1173 1819 1235 τοῖς

239 1248 458 1321 δαίμοσι
488 1253 1027 1319 κατασκευασθέντες
1073 1254 1269 1329 βωμοὶ,
1300 1259 1395 1313 καὶ
1434 1259 1540 1314 ὑπὸ
1584 1261 1690 1317 τῶν
1724 1279 1821 1316 πο-

239 1340 446 1413 λεμίων
470 1346 1008 1418 κατασκαφήσονται.
1033 1344 1168 1404 Εἶτα
1209 1350 1370 1404 πάλιν
1395 1352 1493 1423 τῆς
1542 1352 1637 1406 τοῦ
1686 1370 1819 1425 προ-

241 1432 482 1505 πάτορος
510 1435 710 1506 ἀρετῆς
734 1437 1167 1510 ἀναμιμνήσκει.

310 1524 400 1592 ιβ’,
435 1521 523 1592 ιγ’.
559 1541 578 1576 ι
617 1525 728 1589 Καὶ
778 1524 1126 1602 ἀνεχώρησεν
1168 1524 1362 1581 Ἰακὼὸ
1394 1529 1473 1593 είς
1507 1529 1686 1583 πεδίον
1716 1530 1819 1583 Συ-

243 1611 390 1684 ρίας,
420 1613 516 1678 καὶ
543 1613 856 1680 ἐδούλευσεν
901 1616 1116 1687 Ἰσραὴλ
1143 1616 1201 1669 ἐν
1226 1618 1467 1686 γυναικὶ,
1496 1618 1592 1673 καί
1645 1621 1703 1673 ἐν
1728 1635 1822 1689 γυ-

240 1703 394 1795 ναικὶ
443 1704 765 1795 ἐφυλάξατο.
797 1706 906 1760 Καὶ
949 1708 1006 1761 ἐν
1041 1708 1300 1782 προφήτῃ
1330 1708 1572 1781 ἀνήγαγε
1619 1709 1822 1795 Κύριος

237 1792 337 1852 τὸν
362 1774 579 1867 Ἰσραὴλ
595 1796 660 1849 ἐκ
689 1795 795 1877 γῆς
823 1774 1117 1865 Αἰγύπτου,
1352 1774 1609 1873 προφήτῃ
1635 1774 1820 1870 διέφυ·
1851 1774 1894 1835 Β

239 1886 473 1958 λάχθη.»
515 1887 572 1941 Ὀ
600 1886 707 1958 γάρ
734 1886 1000 1960 ὑμέτερος
1026 1889 1310 1960 πρόγονος,
1341 1890 1442 1964 τῆς
1492 1890 1696 1963 μητρὸς
1723 1891 1822 1954 τὰς

237 1977 525 2051 ὑποθήκας
554 1978 870 2051 δεξάμενος,
900 1980 1000 2052 τὴν
1034 1980 1295 2055 πατρῴαν
1316 1983 1573 2054 ὴνέσχετο
1601 1983 1824 2039 καταλι-

237 2073 367 2126 πεῖν
395 2071 593 2137 οἰκίαν,
611 2073 704 2126 καὶ
727 2072 826 2143 τὴν
856 2072 1129 2145 ἀλλοδαπῆ
1155 2074 1255 2145 τῆς
1283 2075 1491 2139 οἰκείας
1518 2076 1818 2147 προείλετο,

239 2164 339 2219 καὶ
369 2164 627 2235 γυναικὸς
650 2166 829 2237 χάριν,
863 2167 950 2221 ἵνα
975 2165 1049 2238 μή
1092 2166 1233 2238 λάϐῃ
1264 2166 1596 2232 Χαναναίαν,
1622 2167 1735 2223 ἀλλ’
1758 2168 1822 2219 ἐκ

236 2259 343 2331 τῆς
368 2259 467 2312 τοῦ
497 2259 619 2332 Σήμ
649 2260 989 2328 συγγενείας,
1018 2259 1260 2329 δουλείαν
1287 2258 1598 2330 ἐλευθερίας
1630 2276 1821 2332 προτε-

235 2322 465 2420 τεμηκε,
487 2322 592 2403 καὶ.
610 2349 701 2403 τὸν
726 2322 852 2421 περὶ
873 2322 984 2421 τῆς*
1004 2328 1263 2419 γυναικὸς
1291 2347 1398 2401 ὑπὸ
1423 2322 1529 2402 τών
1569 2322 1821 2417 πατέρων

234 2440 467 2497 τεθέντα
492 2440 779 2509 διεφύλαξε
816 2440 998 2511 νόμον.
1049 2440 1140 2494 Διὸ
1173 2438 1334 2511 μέχρι
1374 2437 1486 2494 τῶν
1539 2438 1822 2506 ἀπογόνων

234 2532 340 2606 τῆς
394 2532 546 2605 παρὰ
594 2532 688 2586 τοῦ
745 2531 879 2588 Θεοῦ
928 2531 1187 2606 προνοίας
1239 2529 1553 2601 άπήλαυσε·
1602 2529 1664 2583 τδ
1713 2527 1822 2601 γὰρ

238 2623 451 2683 ἐκείνου
474 2623 663 2697 γένος,
710 2622 1030 2694 Αἰγυπτίοις
1081 2619 1353 2675 δουλεύειν
1383 2618 1819 2693 ἠναγκασμένον,

235 2715 329 2771 διὰ
358 2713 453 2769 τοῦ
486 2715 722 2786 μεγάλου
753 2715 1033 2788 προφήτου
1059 2711 1305 2775 Μωσέως
1352 2709 1453 2779 τῆς
1511 2709 1822 2781 ἐλευθερίας

236 2804 477 2877 ἠξίωτεν
497 2806 525 2859 δ
548 2805 680 2870 Θεός
702 2819 718 2837 ⁶
755 2806 850 2861 καὶ
883 2804 1066 2876 μέντοι
1092 2804 1188 2863 καὶ
1214 2802 1308 2857 ἐπὶ
1335 2804 1432 2873 τῆς
1462 2801 1673 2874 ἐρήμου
1725 2818 1822 2869 γε·

235 2893 487 2964 νόμενον,
508 2893 787 2966 άλώδητον
812 2894 1122 2964 διετήρησε,
1151 2890 1229 2963 τῷ
1259 2890 1407 2963 αύτῷ
1434 2891 1688 2964 προφήτῃ
1708 2891 1823 2943 δια·

239 2984 388 3056 κόνῳ
412 2986 776 3058 χρησάμενος.

315 3074 456 3165 sane
495 3075 776 3165 ’Ῑιὶθύμωσὲ
830 3093 897 3147 με
935 3076 981 3109 ⁸⁸
1037 3076 1280 3148 Ἐφραῖμ
1335 3077 1430 3130 καί.
1479 3075 1818 3148 παρώργισε,
1847 3105 1890 3165 C

236 3163 341 3218 καὶ
386 3164 449 3219 τὸ
501 3160 640 3237 αἷμα
682 3166 847 3231 αὑτοῦ
876 3167 963 3220 ἐπ’
994 3166 1155 3229 αὐτὸν
1178 3165 1564 3237 ἐκχυθήσεται,
1607 3165 1702 3229 καὶ
1730 3166 1820 3219 τὸν

116 3296 123 3302 ρ
234 3253 549 3327 ὀνειδισμὸν
596 3256 761 3311 αὑτοῦ
812 3257 1183 3321 άνταποδώσει
1242 3255 1391 3328 αύτῷ
1427 3256 1633 3329 Κύριος
1682 3256 1825 3326 κατὰ

236 3346 337 3401 τὸν
362 3346 521 3417 λόγον
556 3347 797 3420 Ἐφραῖμ
824 3346 894 3402 ⁸⁸.
930 3367 949 3402 ι
985 3341 1154 3413 Οὗτος
1198 3347 1276 3409 δὲ,
1304 3347 1492 3418 φησὶν,
1528 3346 1587 3412 ἐξ
1614 3346 1821 3402 ἐκείνου

240 3438 507 3508 κατάγων
529 3439 590 3494 τδ
615 3439 791 3509 γένος,
817 3442 898 3504 εἰς
929 3441 1097 3513 ὀργήν
1127 3457 1194 3510 με
1239 3441 1548 3511 παρακινεῖ,
1578 3456 1825 3510 παρανο-

243 3527 350 3601 μίᾳ
380 3529 530 3602 πάσῃ
559 3530 735 3597 συζῶν
757 3547 770 3562 ⁸
805 3531 940 3586 ἀλλὰ
971 3531 1078 3585 τῶν
1102 3531 1232 3602 παρ’
1254 3530 1418 3585 αὑτοῦ
1452 3531 1824 3601 σπειρομένων

236 3620 361 3693 άμή
370 3637 453 3674 σει
474 3621 542 3676 τά
561 3621 870 3694 δράγματα,
889 3620 1186 3688 ἀναλόγους
1202 3613 1276 3674 ὧν
1303 3621 1528 3692 δέδρακε
1553 3621 1647 3685 τὰς
1669 3621 1823 3684 δίκας

241 3712 638 3785 πραττόμενος.

765 3805 1163 3859 ΚΕΦΑΛᾹῙΟΝ
1208 3805 1305 3858 ll".

316 3895 571 3967 Εἰληφὼς
598 3897 707 3970 γάρ
738 3896 869 3968 παρ’
897 3896 1032 3969 ἐμοῦ
1073 3893 1417 3967 δικαιώματα
1471 3897 1562 3949 καὶ
1606 3896 1819 3964 νόμους,

239 3987 372 4044 καθ’
400 3986 494 4052 οὓς
522 3990 796 4060 προσῆκεν
827 3987 989 4043 αύτδν
1020 3986 1420 4053 πολιτεύεσθαι,
1472 3986 1568 4051 τὰς
1598 3986 1705 4040 τῶν
1748 3990 1825 4041 εἰ-

239 4078 432 4134 δώλων
461 4079 804 4152 παρανομίας
845 4079 960 4133 ἀντ’
980 4079 1205 4134 ἐκείνων
1248 4077 1534 4149 ἠγάπησεν
1554 4094 1567 4108 ·
1594 4078 1724 4148 παρ’
1750 4070 1825 4131 ὧν

242 4172 371 4226 ἀντὶ
420 4169 565 4241 ζωῆς
616 4171 879 4245 ἐδρέψατο
923 4169 1174 4225 θάνατον.
1209 4169 1440 4234 Αύξουσι
1470 4170 1524 4239 δὲ
1569 4168 1664 4237 τὴν
1697 4170 1825 4222 ἀσὲ-

244 4262 404 4318 δειαν
436 4264 555 4318 καθ’
579 4263 834 4336 ἑκάστην,
866 4263 942 4327 ώς
973 4263 1104 4327 ἔπος
1132 4263 1577 4333 εἰπεῖν,ήμέραν,
1601 4263 1664 4315 ἐκ
1692 4278 1827 4333 χρυ-

315 4356 345 4369 η

245 4356 346 4413 σοῦ
385 4357 482 4413 καὶ
510 4356 755 4430 ἀργύρου
801 4356 1208 4426 τεκταινόμενοι
1258 4353 1412 4420 ζώων
1448 4353 1720 4425 διαφόρων
1753 4354 1828 4407 ἰν-

1920 529 2092 585 animi
2135 530 2310 587 vestri
2356 532 2731 603 vosmetipsos
2777 547 3059 602 praecones
3094 532 3328 591 etiicitis.
3371 554 3390 586 ι
3428 535 3496 590 Et

1919 622 2118 681 altaria
2171 638 2362 680 eorum
2412 626 2573 694 quasi
2639 625 2948 691 testudines
2999 641 3163 695 super
3215 626 3494 685 desertum

1920 715 2060 786 agri.
2100 733 2125 775 λ
2171 714 2214 773 E
2259 731 2458 787 genere
2488 716 2898 788 amphibiorum
2937 726 3024 775 est
3058 719 3281 774 testudo
3327 736 3343 772 :
3398 720 3494 776 sed

1920 819 2048 861 cum
2085 805 2144 861 in
2178 804 2340 876 aquis
2370 804 2520 877 degit
2546 845 2562 870 ,
2598 821 2743 878 saepe
2771 822 2835 863 ex
2861 806 3117 865 manibus
3159 808 3509 877 piscatorum-

1920 897 2110 970 eti'ugit
2141 920 2154 954 :
2187 898 2244 954 in
2273 906 2479 955 terram
2503 913 2638 955 vero
2668 899 2798 956 dum
2833 900 3004 964 venit,
3036 898 3224 957 subito
3247 904 3300 959 et
3339 897 3497 957 facile

1921 990 2159 1061 capitur.
2189 988 2272 1051 Ad
2303 991 2555 1048 eumdem
2582 1007 2715 1064 ergo
2741 991 2988 1057 modum,
3020 991 3172 1049 nullo
3195 990 3384 1048 labore
3411 1003 3498 1045 ca-

1921 1082 2147 1152 pientur
2175 1082 2374 1138 altaria
2398 1123 2414 1151 ,
2443 1099 2567 1154 qua:
2592 1083 2939 1139 daemonibus
2971 1082 3308 1146 aediﬁcastis,
3344 1089 3401 1136 et
3426 1080 3496 1139 ab

1922 1173 2175 1230 hostibus
2202 1182 2549 1230 evertentur.
2586 1173 2727 1229 Tum
2761 1190 2955 1231 rursus
2984 1173 3349 1245 progenitoris
3377 1174 3493 1228 vir-

1923 1274 2095 1322 tutem
2126 1274 2543 1341 commemorat.
3200 1288 3203 1293 ·
3378 1282 3379 1285 ‘

2000 1526 2164 1583 Vens.
2196 1528 2283 1593 l2,
2314 1529 2398 1584 15.
2438 1547 2457 1581 ι
2487 1529 2550 1583 Et
2583 1527 2812 1599 recessit
2837 1526 3006 1584 Iacob
3033 1526 3087 1581 in
3118 1541 3374 1596 campum
3405 1524 3505 1597 Sy-

1923 1623 2018 1677 riae
2041 1661 2054 1685 .
2096 1629 2151 1679 et
2186 1621 2412 1678 servivit
2446 1618 2613 1679 Israel
2662 1619 2732 1675 ob
2773 1633 2997 1676 uxorem
3019 1656 3036 1684 ,
3078 1625 3135 1674 et
3166 1617 3237 1674 ob
3270 1632 3497 1673 uxorem

1923 1711 2223 1767 custodivit
2249 1709 2536 1782 (gregem).
2576 1709 2640 1764 Et
2663 1725 2760 1781 per
2795 1709 3120 1781 prophetam
3157 1708 3348 1764 eduxit
3389 1706 3502 1761 Do-

1925 1802 2110 1861 minus
2147 1803 2409 1881 lsraelem
2439 1817 2504 1859 ex
2532 1800 2808 1874 Egypto,
2857 1800 3068 1883 1371
3115 1808 3170 1856 et
3216 1815 3317 1871 per
3369 1814 3499 1869 pro-

1924 1892 2141 1964 phetam
2169 1901 2421 1953 servatus
2450 1899 2556 1953 est.
2592 1912 2611 1945 ι
2645 1891 2893 1953 Proavus
2938 1892 3084 1951 enim
3129 1899 3309 1947 vester
3333 1930 3348 1953 ,
3381 1904 3496 1947 ma-

1924 1986 2030 2041 tris
2064 1983 2360 2040 consilium
2408 1992 2676 2049 seeutns,
2726 1983 2950 2039 domum
3000 1989 3283 2050 paternam
3331 1980 3502 2035 relin-

1923 2091 2094 2145 quere
2143 2091 2252 2129 non
2289 2074 2524 2138 abnuit,
2572 2080 2738 2144 atque
2768 2080 3015 2128 exteram
3057 2071 3338 2141 regionem
3386 2086 3503 2125 suae

1924 2167 2221 2233 antetulit,
2270 2174 2327 2222 et
2373 2167 2599 2237 quidem
2652 2165 2846 2229 uxoris
2895 2165 3110 2236 gratia,
3159 2179 3227 2220 ne
3274 2163 3504 2218 duceret

1921 2255 2308 2325 Chananaeam,
2339 2254 2435 2311 sed
2466 2270 2534 2310 ex
2561 2269 2759 2326 genere
2781 2253 2953 2331 Semi,
2987 2253 3304 2319 servitutem
3338 2252 3502 2306 Iiber-

1925 2345 2021 2398 tati
2055 2344 2403 2413 anteposuit,
2445 2343 2732 2414 legemque
2780 2341 2847 2397 de
2881 2343 3147 2397 uxoribus
3185 2358 3214 2395 a
3249 2341 3509 2414 patrihus

1924 2437 2091 2489 latam
2149 2412 2408 2491 servavit.
2461 2412 2835 2505 Quamobrem
2892 2447 3066 2503 usque
3122 2431 3188 2487 ad
3244 2412 3502 2503 posreros

1924 2539 2056 2580 suos
2102 2525 2285 2579 divina
2316 2524 2662 2596 providentia
2714 2523 2923 2593 potitus
2975 2530 3085 2579 est.
3126 2521 3315 2579 Genus
3350 2522 3501 2577 enim

1924 2615 2120 2680 illius,
2144 2615 2200 2669 in
2237 2614 2625 2686 Egyptiorum
2673 2614 2996 2679 servitutem
3032 2613 3313 2668 redactum
3346 2653 3361 2676 ,
3404 2628 3501 2682 per

1924 2719 2183 2774 magnum
2218 2705 2543 2781 prophetam
2572 2703 2758 2761 Mosen
2793 2702 3045 2759 liberavit
3071 2701 3243 2771 Deus,
3284 2713 3339 2757 et
3373 2718 3499 2758 cum

1924 2795 1978 2848 in
2004 2796 2224 2852 deserto
2254 2801 2594 2859 versaretur,
2627 2794 2859 2849 illaesum
2898 2791 3216 2860 custodivit,
3248 2790 3506 2864 ejusdem.

1924 2887 2204 2963 propheta:
2236 2885 2568 2947 ministerio.

1998 3062 2163 3121 Vsus.
2194 3063 2282 3120 Η.
2320 3079 2339 3114 ι
2366 3059 2645 3131 indignari
2677 3072 2765 3113 me
2789 3055 2944 3124 fecit,
2972 3064 3026 3112 et
3052 3054 3121 3110 ad
3155 3053 3497 3109 iracundiam

1924 3158 2244 3230 provocavit
2273 3154 2537 3229 Ephraint
2559 3192 2574 3219 ,
2610 3160 2665 3220 et
2696 3149 2927 3221 sanguis
2960 3149 3081 3221 ejus
3108 3162 3275 3219 super
3318 3148 3498 3217 ipsum

1923 3248 2232 3305 eﬂundetur
2269 3266 2282 3306 :
2318 3255 2371 3303 et
2393 3245 2754 3316 opprobrium
2784 3243 2933 3299 illius
2962 3241 3214 3313 restituet
3237 3239 3286 3294 ei
3319 3237 3501 3293 Domi-

1926 3358 2030 3397 nus
2052 3342 2212 3412 juxta
2236 3352 2546 3396 sermonem
2583 3334 2885 3407 Epitraimi.
2921 3352 2940 3386 ι
2976 3331 3080 3389 ilic
3108 3347 3265 3398 vero,
3299 3329 3498 3396 inquit,

1924 3451 1991 3491 ex
2018 3435 2116 3489 illo
2142 3448 2315 3504 genus
2340 3432 2576 3497 ducens,
2607 3429 2674 3483 ad
2704 3428 2842 3483 iram
2874 3440 2959 3490 me
2989 3431 3321 3486 commovet,
3353 3420 3501 3492 quod

1926 3527 1981 3582 iu
2013 3526 2159 3582 omni
2188 3538 2389 3596 genere
2417 3524 2676 3578 vitiorum
2705 3526 2958 3575 versetur
2983 3533 2996 3570 :
3034 3516 3128 3572 sed
3165 3530 3356 3571 eorum
3381 3527 3502 3584 quae

1928 3615 2324 3683 seminaverit,
2369 3614 2683 3685 manipulos
2737 3617 2942 3674 metet,
2994 3608 3296 3681 dignasque
3343 3604 3503 3659 factis
3592 3682 3595 3685 _

1927 3710 2044 3766 suis
2076 3723 2269 3780 ptenas
2296 3707 2586 3778 persolvet.

2509 3794 2741 3853 CAPUT
2772 3794 2915 3850 Xlll.

1996 3893 2075 3967 [1,
2105 3892 2164 3967 2]
2191 3894 2327 3949 Cum
2358 3891 2505 3948 enim
2546 3905 2576 3946 a
2618 3905 2704 3947 me
2738 3888 3045 3960 accepisset
3072 3883 3502 3957 iustiﬁcationes

1926 3993 1982 4041 et
2022 3986 2206 4057 leges,
2254 3982 2557 4041 secundum
2591 3995 2730 4052 quas
2759 3979 2928 4034 vitam
2962 3976 3106 4049 exigi
3143 3982 3501 4045 oportuerat,

1928 4075 2201 4131 idolorum
2257 4080 2274 4098 '
2321 4073 2645 4144 iniquitates
2687 4084 2789 4141 pro
2823 4068 2937 4142 illis
2971 4065 3259 4138 amplexus
3295 4072 3381 4119 est
3413 4103 3428 4127 ,
3472 4077 3502 4115 a

1928 4167 2130 4236 quibus
2169 4178 2270 4237 pro
2313 4164 2422 4219 vita
2469 4169 2700 4216 mortem
2732 4158 2969 4229 accepit.
2997 4154 3115 4210 Jam
3147 4168 3276 4209 vero
3309 4153 3502 4219 impie-

1928 4262 2097 4310 tatem
2139 4253 2191 4307 in
2239 4252 2359 4307 dies
2408 4247 2810 4322 propemodum
2865 4251 3110 4316 augent,
3158 4257 3224 4297 ex
3274 4254 3412 4295 auro
3448 4247 3505 4293 et

1929 4352 2161 4416 argento
2206 4343 2545 4398 fabricantes
2585 4339 2932 4394 diversorum
2972 4334 3291 4388 animalium
3332 4332 3505 4385 simu-

240 4421 679 4521 δάλματα,’καί
722 4421 1120 4521 χειροποιήτοις
1166 4445 1404 4510 εἰδώλοις
1450 4421 1823 4517 λατρεύοντες.

1932 4438 2079 4492 Iaera
2098 4478 2114 4504 ,
2146 4442 2200 4490 et
2230 4430 2565 4489 manufactis
2592 4428 2761 4485 idolis
2790 4427 3117 4484 servientes.
3145 4423 3323 4477 Tanta
3354 4421 3504 4475 enim

242 4539 504 4611 Τοσούτῳ
532 4540 639 4613 γάρ
675 4539 876 4612 οἴστρῳ
903 4540 1032 4611 περί
1074 4537 1247 4592 ταῦτα
1277 4536 1614 4608 κατέχονται,
1645 4535 1720 4601 ώς
1746 4535 1825 4608 τῷ

243 4632 447 4703 πλήθει
471 4632 579 4687 τῶν
603 4631 813 4703 ἱερείων
839 4633 1110 4684 ἐπιλιπεῖν
1134 4628 1240 4684 τῶν
1267 4628 1524 4700 θυμάτών
1551 4626 1611 4682 τδ
1641 4628 1823 4697 γένος,

242 4723 344 4779 καὶ
368 4720 636 4795 τολμῆσαι
667 4720 866 4784 αὐτοὺς
893 4722 1068 4774 εἰπεῖν
1088 4733 1103 4749 ⁶

327 4833 347 4866 ι
375 4812 586 4868 Θύσατε
635 4812 990 4885 ἀνθρώπουςο
1050 4811 1241 4884 μόσχοι
1300 4811 1409 4883 γὰρ
1458 4811 1822 4866 ἐκλελοίπασι.

244 4907 369 4978 (γ’.)
398 4907 498 4961 Διὰ
537 4896 695 4961 τοῦτο
747 4905 959 4959 ἔσονται
1003 4905 1079 4969 ὠς
1123 4903 1319 4976 νεφέλη
1364 4901 1596 4975 πρωῖνὴ,
1630 4902 1724 4956 καὶ
1752 4902 1827 4967 ὡς

216 4998 436 5071 ,δρόσος
456 4997 681 5070 ὀρθρινὴ
707 4994 1068 5067 πορευομένη,
1096 4994 1189 5048 καὶ
1236 4993 1312 5058 ώς
1337 4992 1381 5026 ³⁷
1411 4992 1570 5065 χνοῦς
1612 4994 1824 5064 ἀποφυα

244 5089 495 5162 σώμενος
516 5089 560 5122 ⁸⁸
581 5088 803 5151 λαίλαπι
831 5086 937 5141 ἀπὸ
968 5085 1192 5154 ἅλωνος,
1224 5085 1319 5140 καὶ
1348 5084 1424 5150 ὡς
1452 5085 1618 5156 ἀτμὶς
1645 5085 1690 5117 ⁸³
1717 5084 1827 5138 ἀπὸ

247 5181 489 5254 ἀκρίδων
530 5182 596 5238 ’⁸.
638 5200 656 5231 ι
711 5179 930 5249 Ταύτης
968 5177 1166 5241 ἕνεκα,
1197 5178 1365 5249 φησὶ,
1413 5177 1510 5247 τῆς
1542 5175 1819 5241 ἀσεϐείας,

1929 4528 2146 4584 insania
2200 4525 2257 4580 in
2309 4524 2425 4578 haec
2466 4521 2720 4577 feruntur
2742 4558 2757 4584 ,
2793 4524 2853 4574 ut
2880 4530 2992 4588 pra‘.
3026 4512 3382 4570 multitudine
3411 4523 3502 4564 sa-

1928 4619 2264 4676 criﬁciorum
2303 4615 2514 4688 1372
2543 4611 2804 4669 deficiant
2828 4609 3096 4672 victimae,
3126 4606 3199 4660 ita
3229 4612 3289 4660 ut
3321 4603 3505 4658 dicere

1929 4726 2039 4767 non
2068 4717 2367 4765 vereantur
2401 4724 2414 4761 ε

2007 4821 2024 4854 ι
2068 4800 2351 4856 immolata
2399 4798 2699 4863 homines,
2746 4794 2905 4852 vituli
2956 4793 3104 4849 enim
3162 4789 3501 4846 defecerunt.

1931 4893 2123 4967 (Vsus.
2158 4892 2213 4964 3)
2271 4891 2482 4947 ideirco
2532 4895 2697 4946 erunt
2721 4885 2880 4958 quasi
2920 4884 3096 4941 nubes
3129 4881 3421 4944 matutina,
3450 4886 3507 4936 et

1933 4988 2080 5046 sicut
2110 5002 2202 5041 ros
2239 4984 2549 5040 matutinus
2578 4979 2961 5053 pertransiens
2985 5016 3002 5045 ,
3046 4982 3101 5033 et
3139 4976 3281 5031 sicut
3324 4973 3511 5044 pulvis

1935 5080 2155 5134 turbine
2181 5076 2503 5133 exsufﬂatus
2550 5088 2618 5129 ex
2653 5085 2779 5128 area
2803 5110 2819 5136 ,
2866 5078 2920 5126 et
2949 5070 3093 5126 sicut
3124 5083 3296 5140 vapor
3320 5067 3387 5122 de
3424 5066 3508 5120 lo-

1931 5173 2129 5230 custis.
2169 5191 2185 5223 »
2211 5169 2444 5240 Propter
2472 5169 2613 5224 hanc
2639 5208 2653 5232 ,
2689 5167 2889 5236 inquit,
2921 5166 3284 5236 impietatem,
3315 5161 3504 5218 hostili

1536 5351 1774 5407 VARIIE
1809 5350 2215 5405 LECTIONES.

298 5453 348 5522 εξ
371 5447 681 5522 μέζοιηῑιίὶ
717 5446 857 5522 solet
891 5445 953 5522 in
990 5454 1138 5522 tegtu
1162 5445 1270 5522 τῷν
1305 5448 1379 5498 0’.
1412 5445 1513 5522 ’δεῖ
1538 5444 1753 5522 κατὰ-τ.
1776 5444 1826 5498 λ.
1873 5443 2028 5522 Ἐφρ.
2057 5440 2276 5522 Haequ
2300 5455 2358 5522 Ic.
2388 5438 2797 5522 .Xltl'pefline-llt
2823 5437 2978 5522 iusta
3007 5433 3210 5522 “Hebr.
3241 5439 3296 5484 et
3321 5426 3499 5522 ἐμὲ.

246 5521 296 5556 θ’
321 5496 855 5583 ὼζὲὲειέὶίἱιῖἐέῐῖιί
992 5496 1379 5583 νέίάποιρ.
1404 5515 1445 5570 C
1483 5513 1621 5582 ἄχνη
1662 5496 2093 5583 ἀποφυσωμένή.
2169 5512 2228 5583 εξ
2376 5496 2567 5580 ἀτμός,
2614 5496 3233 5583 contran'aliospodices2

251 5590 507 5662 ἀκρίδας,
540 5589 819 5662 aeriaeque
868 5593 1057 5640 contra

1144 5566 1748 5641 ebﬁréeuntsLee‘ttonem
1779 5566 1887 5636 άπὸ
1913 5566 2149 5650 ἀκρίδων
2189 5578 2424 5634 Grabius
2448 5566 2776 5650 auetoritate
2806 5572 3240 5650 Theodoretingt
3287 5566 3504 5650 ΔΙξὶειςοέ

540 5635 1061 5730 έέᾶἱιῖιῖιῖᾆιιινὲυο-ῐῆ
1093 5635 1538 5727 EééépftIEpt-Et'd
1564 5635 1795 5709 lectione
1833 5651 1958 5707 cod.
1990 5635 2147 5706 Alex.
2185 5651 2248 5703 ἐκ
2274 5649 2631 5718 καπνοδόκης,
2663 5663 2692 5702 a
2748 5662 2854 5717 qua
2886 5658 3071 5714 parum
3126 5637 3305 5692 dill'ert
3342 5635 3507 5691 lectio

255 5725 445 5802 tz'yrnu
470 5729 578 5785 ἀπὸ
600 5725 954 5796 καπνοδόκης.
