3904 6202
451 319 587 386 1623

1430 326 1916 389 TIIEODORETI
1941 325 2281 387 EPISCOPI
2301 330 2670 391 CYRENSIS

3561 333 3685 398 1624

449 434 656 505 impetu
701 431 952 492 funditus
999 431 1125 488 illos
1172 435 1415 503 perdam.
1457 436 1614 490 Sicut
1651 437 1795 492 enim
1843 452 2021 492 rorem

2139 438 2392 507 ρρούδους
2439 442 2637 504 αὐτοὺς
2671 443 2882 511 ποιήσω
2934 446 2999 514 τῇ
3038 443 3146 499 τῶν
3202 445 3472 515 πολεμίων
3505 446 3683 517 ἐφόδῳ.

447 528 799 592 matutinum,
831 533 887 580 et
923 526 1124 580 nubem
1155 541 1278 596 quae
1313 537 1446 582 tunc
1484 537 1734 598 apparet,
1765 529 2022 585 exoriens

450 623 533 678 sol
588 619 749 674 faeile
788 617 1026 672 absumit
1071 627 1124 673 et
1163 619 1421 676 celeriter
1449 619 1730 691 dissipat,
1779 629 1837 678 et
1877 623 2022 677 sicut

451 724 594 765 areae
640 708 922 778 pulverem
985 707 1282 763 vehemens
1328 718 1528 764 ventus
1591 710 1744 765 nullo
1801 713 2023 781 negotio

443 798 712 862 discutit,
737 811 1105 869 vaporemque
1137 798 1190 853 in
1223 813 1349 855 aere
1376 801 1677 856 excitatum
1709 817 1841 874 grex
1866 803 2023 857 loeu-

451 899 661 944 starum
705 887 1008 944 adveniens
1049 888 1305 945 dissolvit
1337 906 1350 941 :
1395 891 1475 945 sic
1508 906 1607 947 vos
1633 892 1873 948 hostium
1908 908 2025 947 ma-

448 995 557 1036 nus
586 978 811 1050 perdet,
845 987 901 1033 et
928 989 1129 1035 terram
1170 995 1291 1051 quae
1327 996 1476 1036 nunc
1505 997 1534 1036 a
1562 983 1719 1038 vobis
1749 981 2024 1038 inhabita-

444 1081 558 1141 tur,
589 1072 863 1130 desertam
887 1071 1098 1129 reddet.

521 1259 767 1317 Vens].
817 1278 837 1314 ι
872 1262 986 1333 Ego
1025 1261 1170 1317 enim
1217 1277 1339 1318 sum
1383 1262 1646 1319 Dominus
1679 1262 1824 1320 Deus
1855 1274 2024 1329 tuus;

446 1350 673 1406 firmans
713 1350 951 1414 caelum,
986 1359 1040 1407 et
1081 1365 1278 1407 creans
1322 1361 1523 1406 terram
1555 1391 1568 1415 ,
1624 1352 1782 1423 cujus
1826 1368 2026 1410 manus

446 1442 762 1498 formarunt
791 1457 1010 1497 omnem
1052 1444 1359 1498 exercitum
1391 1443 1543 1499 cmli.
1579 1464 1596 1496 ι
1617 1443 1733 1500 Hoc
1765 1454 1848 1500 est
1875 1463 1889 1499 :
1918 1444 2022 1512 Qui

447 1534 646 1589 cmlum
703 1540 757 1589 et
806 1540 1012 1588 terram
1061 1549 1171 1588 non
1226 1534 1412 1589 creavi
1463 1535 1668 1598 modo,
1723 1536 1819 1590 sed
1858 1536 2024 1589 etiam

447 1623 672 1694 perfeci,
705 1631 766 1678 ut
794 1623 1021 1680 stabilia
1055 1625 1368 1681 diutissime
1412 1635 1806 1697 permaneant;
1841 1643 1942 1698 ego
1973 1635 2027 1683 et

447 1729 666 1770 omnem
696 1715 1000 1770 exercitum
1041 1716 1168 1771 οωιί
1219 1716 1499 1787 produxi,
1552 1733 1650 1773 seu
1705 1719 1978 1775 visibilem
2007 1760 2023 1786 ,

449 1824 544 1864 seu
576 1808 911 1863 invisibilem
938 1850 954 1876 ,
987 1809 1102 1864 sive
1133 1811 1448 1879 superiores
1483 1812 1717 1867 virtutes
1767 1820 2025 1868 naturas-

449 1917 555 1972 que
600 1900 1045 1970 intellectuales,
1091 1910 1206 1956 tum
1262 1903 1546 1958 stellarum
1581 1905 2026 1974 multitudinem,

450 2009 558 2048 una
591 2009 716 2050 cum
747 1995 866 2052 sole
893 2002 950 2050 et
985 1995 1139 2063 luna,
1173 1997 1385 2066 magnis
1417 1996 1813 2053 luminaribus.

523 2200 542 2231 ‹
581 2181 649 2235 Ει
681 2195 791 2235 non
823 2181 1041 2238 ostendi
1072 2196 1135 2236 ea
1177 2181 1276 2237 tibi
1339 2191 1399 2237 ut
1431 2183 1748 2240 ambulares
1777 2194 1902 2255 post
1939 2200 2023 2240 ea.

449 2272 636 2343 (Vens.
657 2273 736 2345 5.)
766 2272 830 2328 Et
856 2288 958 2344 ego
985 2271 1150 2328 eduxi
1181 2281 1236 2328 te
1261 2288 1292 2329 e
1317 2282 1463 2330 terra
1489 2274 1708 2347 Egypti
1737 2293 1751 2330 :
1783 2286 1837 2332 et
1859 2275 2026 2333 Deum

450 2373 646 2433 prater
694 2379 781 2420 me
825 2379 935 2419 non
983 2379 1322 2435 cognosces,
1380 2374 1435 2422 et
1482 2366 1728 2423 salvator
1780 2383 1892 2422 non
1943 2379 2029 2425 est

448 2455 660 2527 absque
699 2471 805 2512 me.
837 2473 858 2509 ι
904 2455 1116 2526 1373
1165 2454 1302 2510 Cum
1352 2456 1497 2511 enim
1533 2457 1767 2512 liberato
1794 2457 1890 2513 tibi
1922 2497 1936 2522 ,
1975 2466 2030 2512 et

447 2545 648 2604 educto
671 2564 736 2602 ex
759 2547 1018 2620 Egypto,
1047 2549 1196 2618 leges
1225 2549 1433 2615 darem,
1456 2549 1742 2614 admonui,
1770 2565 1840 2606 ne
1868 2564 2028 2620 quem

447 2640 616 2694 alium
665 2649 868 2710 praeter
920 2656 1006 2695 me
1054 2639 1225 2696 Deum
1277 2655 1634 2711 agnosceres.
1682 2640 1818 2694 Nam
1873 2641 2028 2696 dixi:

453 2749 471 2781 ι
509 2727 631 2785 Non
659 2728 833 2785 facies
866 2729 1034 2785 ullius
1077 2730 1156 2785 rei
1190 2729 1656 2798 similitudinem,
1699 2747 1888 2787 eorum
1913 2746 2034 2803 qua:

448 2829 579 2875 sunt
612 2822 667 2876 in
698 2822 840 2877 cmlo
871 2836 1092 2878 sursum
1119 2861 1134 2887 ,
1181 2833 1235 2878 et
1274 2839 1397 2893 quae
1437 2823 1493 2878 in
1539 2833 1687 2879 terra
1732 2823 1990 2880 deorsum
2016 2863 2031 2888 ,

448 2927 549 2966 nec
587 2927 776 2968 eorum
812 2927 935 2982 qua:
972 2921 1104 2969 sunt
1145 2912 1202 2967 in
1247 2913 1409 2982 aquis
1448 2914 1556 2969 sub
1587 2921 1734 2968 terra
1762 2925 1812 2967 ιι.
1853 2932 1872 2965 ι
1912 2912 2033 2968 Non

447 3007 628 3062 solum
658 3016 839 3064 autem
868 3017 920 3064 te
950 3024 981 3064 a
1012 3009 1150 3065 dura
1183 3007 1566 3080 Egyptiorum
1602 3008 1875 3066 servitute
1905 3009 2042 3066 libe-

449 3097 592 3164 ravi,
624 3097 719 3152 'sed
751 3099 918 3153 etiam

523 3206 542 3238 c
599 3187 658 3243 ln
727 3189 950 3246 deserto
1009 3191 1132 3261 pavi
1189 3199 1262 3255 te,
1319 3189 1375 3244 in
1437 3195 1584 3246 terra
1651 3189 2026 3246 inbabitabili.

449 3288 634 3357 (Vens.
663 3286 740 3358 6.)
773 3287 940 3342 Juxta
979 3301 1184 3357 pascua
1223 3301 1439 3342 eorum.
1498 3305 1518 3340 ι
1572 3284 1689 3341 Hoc
1734 3293 1841 3352 est,
1892 3301 2032 3357 prm-

451 3379 586 3435 bens
636 3379 706 3434 ad
751 3395 886 3435 usus
929 3378 1027 3433 tibi
1084 3379 1456 3442 necessarios,
1505 3393 1705 3433 manna
1757 3393 1821 3434 ex
1867 3377 2028 3441 cmlo,

449 3469 763 3525 coturnices
805 3485 872 3524 ex
906 3468 1070 3533 mari,
1106 3483 1306 3539 aquam
1355 3485 1423 3525 ex
1478 3477 1655 3539 petra.
1691 3467 1812 3524 Non
1861 3471 2030 3532 enim,

450 3561 598 3616 velut
637 3561 692 3616 in
737 3562 858 3616 locu
915 3560 1139 3617 deserto
1165 3562 1435 3628 viventes,
1477 3561 1813 3618 necessariis
1864 3563 2033 3618 rebus

452 3662 742 3724 eguerunt,
795 3653 890 3709 sed
931 3673 949 3706 ι
978 3653 1061 3709 Ad
1106 3656 1456 3711 saturitatem
1514 3655 1715 3725 expleti
1777 3665 1926 3720 sunt,
1977 3662 2034 3710 et

446 3745 573 3800 elati
627 3752 757 3800 sunt
811 3744 1075 3802 cordibus
1130 3747 1264 3802 suis.
1332 3745 1630 3817 Propterea
1695 3746 1852 3801 obliti
1903 3758 2034 3802 sunt

448 3835 575 3891 mei.
633 3854 652 3887 ι
713 3833 833 3889 Non
880 3836 1175 3892 dissimilia
1223 3837 1291 3892 de
1333 3837 1440 3892 illis
1498 3841 1514 3860 '
1570 3837 1765 3893 beatus
1815 3853 2034 3908 quoque

448 3925 626 3981 Moses
659 3925 736 3980 ait
770 3944 784 3981 :
827 3943 846 3976 ι
889 3924 952 3981 Et
987 3925 1228 3981 comedit
1275 3925 1468 3990 Jacob,
1515 3933 1570 3981 et
1621 3927 1867 3997 repletus
1896 3933 1982 3980 est
2016 3945 2028 3980 :

449 4024 502 4071 et
531 4016 897 4072 recaleitravit
935 4016 1171 4087 dilectus
1201 4033 1214 4069 :
1252 4018 1614 4081 incrassatus,
1635 4017 2030 4088 impinguatus,

364 4133 367 4136 ·
460 4109 722 4166 dilatatus
747 4119 852 4176 est,
873 4117 928 4166 et
957 4109 1250 4180 dereliquit
1274 4109 1440 4164 Deum
1469 4108 1727 4164 faetorem
1753 4125 1913 4164 suum
1937 4117 1986 4164 ν.
2008 4130 2027 4164 ι

455 4203 621 4273 Atqui
673 4218 783 4259 non
813 4204 992 4259 sinam
1035 4218 1184 4268 eum,
1239 4201 1440 4272 inquit,
1501 4215 1610 4256 non
1677 4202 2027 4273 castigatum.

448 4297 584 4358 Nam

521 4384 688 4444 Vens.
722 4387 776 4441 '1.
818 4407 836 4441 ‹
884 4389 991 4444 Ero
1018 4389 1068 4444 ei
1091 4388 1250 4458 quasi
1287 4387 1578 4458 panthera,
1619 4397 1673 4443 et
1715 4389 1862 4444 sicut
1901 4401 2026 4459 par-

2127 529 2394 601 Καθάπερ
2429 532 2536 604 γάρ
2556 532 2654 604 τήν
2686 533 2914 608 ἑωθινὴν
2934 535 3143 607 δρόσον,
3168 537 3262 590 καὶ
3289 536 3386 608 τὴν
3406 537 3542 590 κατὰ
3571 540 3683 592 τοῦ-

2124 638 2218 675 τον
2268 623 2358 675 τὸν
2415 625 2606 696 καιρὸν
2657 627 3085 699 ἐπιφαινομένην
3135 629 3392 700 νεφέλην,
3417 629 3683 700 άνίσχωνό

2123 713 2275 784 ἥλιος
2320 715 2417 786 τὴν
2464 717 2562 786 μὲν
2599 716 2813 790 δαπανᾷ
2854 720 3072 791 ῥᾳδίως,
3099 721 3198 791 τὴν
3244 721 3302 774 δὲ
3355 722 3683 777 σκεδάννυσιν

2125 803 2390 868 εὐπετῶς,
2411 806 2502 859 τὸν
2533 806 2589 859 δέ
2616 807 2718 875 τῆς
2771 808 2885 862 άλω
2915 810 2959 841 ⁸⁸
2987 809 3147 880 χνοῦν
3176 810 3354 882 βίαιος
3385 811 3577 884 ἄνεμος
3603 817 3683 869 εύ-

2130 894 2319 966 μαρῶς
2366 896 2635 972 ἀφανίζει,
2683 898 2854 968 ἀτμὸν
2883 899 2939 953 δὲ
2977 901 3036 954 ἐν
3086 901 3210 972 ἀέρι
3234 903 3515 973 γινόμενον
3544 907 3684 974 νέφος

2126 986 2364 1058 ἀκρίδων
2408 989 2794 1060 ἐπιγενόμενον
2825 989 3048 1045 διαλύει·
3079 992 3252 1058 οὕτως
3282 994 3430 1065 ὑμᾶς
3471 996 3574 1050 τῶν
3601 1016 3682 1052 πο-

2125 1078 2330 1150 λεμίων
2353 1079 2622 1134 ἀναλώσει
2650 1080 2711 1135 τὸ
2734 1082 2914 1154 νέφος,
2962 1083 3059 1138 καὶ
3088 1083 3184 1158 τὴν
3215 1084 3311 1140 νῦν
3338 1086 3428 1156 ὑφ’
3455 1087 3597 1159 ὑμῶν
3617 1092 3680 1144 ol-

2127 1171 2401 1241 κουμένην
2429 1171 2532 1242 γῆν
2562 1171 2768 1245 ἔρημον
2801 1178 3162 1248 καταστήσει.

2193 1262 2255 1315 δ’.
2285 1279 2304 1313 t
2356 1261 2495 1330 Ἐγὼ
2528 1264 2634 1334 γάρ
2657 1267 2770 1336 είμι
2797 1260 3003 1338 Κύριος
3027 1269 3056 1321 ὁ
3087 1267 3219 1334 Θεός
3251 1286 3369 1338 σου,
3404 1271 3627 1342 στερεῶν
3643 1275 3678 1306 ⁹¹

2125 1357 2374 1428 οὐρανὸν,
2415 1358 2511 1412 καὶ
2557 1359 2758 1426 κτίζων
2787 1362 2911 1434 γῆν,
2939 1357 3001 1417 οῦ
3037 1363 3093 1416 αἱ
3140 1365 3189 1397 ’³
3237 1367 3423 1436 χεῖρες
3468 1366 3679 1421 ἔπλασαν

2126 1449 2223 1519 τὴν
2255 1448 2304 1480 ⁸⁸
2322 1449 2578 1521 στρατιάν
2630 1451 2817 1508 αὑτοῦ.
2851 1473 2870 1505 ι
2906 1454 3217 1509 Τουτέστιψ
3262 1455 3321 1508 Ὅ
3350 1456 3445 1510 τὸν
3481 1457 3680 1530 οὐρανὸν

2128 1542 2222 1596 καὶ
2247 1543 2346 1613 τὴν
2372 1543 2475 1614 γῆν
2503 1545 2565 1598 οὐ
2593 1543 2754 1614 μόνον
2788 1542 3010 1610 κτίζων,
3039 1547 3174 1600 ἀλλὰ
3207 1549 3302 1601 καὶ
3331 1547 3392 1600 τὸ
3427 1548 3681 1618 ἐπιμένειν

2128 1634 2308 1699 αὐτοῖς
2353 1634 2446 1687 ἐπὶ
2514 1634 2764 1689 πλεῖστον
2806 1635 3165 1708 δωρούμενος·
3220 1637 3335 1706 ἐγὼ
3387 1638 3482 1690 καὶ
3527 1640 3681 1692 πᾶσαν

2127 1725 2224 1796 τὴν
2271 1726 2530 1795 στρατιάν
2567 1725 2662 1780 τοῦ
2690 1727 2921 1799 ούρανοῦ
2971 1730 3050 1793 είς
3096 1728 3156 1782 τὸ
3184 1725 3324 1784 εἶναι
3365 1730 3680 1800 παρήγαγον,

2127 1818 2235 1872 εἴτε
2282 1818 2520 1888 ὁρατὴν,
2573 1819 2682 1871 εῐτε
2736 1819 2971 1890 ἀόρατον
2998 1860 3014 1885 ,
3071 1821 3182 1874 εἴτε
3240 1820 3340 1884 τὰς
3393 1819 3505 1874 ἄνω
3549 1821 3683 1874 δυνάο

2132 1927 2253 1980 μεις
2309 1909 2404 1962 καὶ
2458 1909 2656 1980 νοητὰς
2712 1909 2944 1978 φύσεις,
3006 1910 3118 1964 εἴτε
3182 1910 3292 1965 τῶν
3357 1912 3596 1983 ἀστέρων
3635 1911 3682 1964 τὸ

2129 2001 2334 2071 πλῆθος
2357 2039 2374 2067 ,
2426 2002 2522 2055 σὺν
2553 2000 2688 2073 ἡλίῳ
2721 2001 2815 2055 καὶ
2865 2001 3062 2073 σελήνῃ
3090 2041 3104 2065 ,
3161 2004 3275 2065 τοῖς
3310 2002 3568 2074 μεγάλοις
3593 2021 3683 2071 φω-

2131 2093 2346 2164 στῆρσι.

2195 2203 2213 2234 ι
2251 2183 2363 2236 Καὶ
2379 2182 2439 2234 οὐ
2471 2181 2767 2253 παρέδειξά
2788 2199 2870 2236 σοι
2897 2181 3038 2236 αὐτὰ
3058 2180 3152 2235 τοῦ
3177 2181 3508 2252 πορεύεσθαι
3536 2181 3686 2234 ὀπίσω

2129 2273 2330 2328 αὐτῶν.
2359 2273 2468 2344 (ε’.)
2503 2274 2613 2325 Καὶ
2642 2272 2756 2342 ἐγὼ
2784 2273 3062 2344 άνήγαγόν
3089 2291 3149 2326 σε
3180 2275 3244 2326 ἐκ
3276 2273 3384 2343 γῆς
3412 2273 3684 2341 Αἰγύπτου,

2130 2368 2226 2420 καὶ
2253 2367 2384 2418 Θεὸν
2413 2365 2554 2436 πλὴν
2583 2364 2717 2436 ἐμοῦ
2751 2365 2812 2418 οὐ
2845 2364 3029 2436 γνώσῃ
3051 2403 3066 2428 ,
3098 2365 3193 2419 καὶ
3224 2364 3412 2429 σώζων
3441 2365 3542 2417 οὐκ
3591 2364 3687 2418 ἔστι

2131 2456 2306 2526 πάρεξ
2334 2455 2490 2526 ἐμοῦ.
2505 2477 2522 2508 ι
2544 2454 2869 2526 Νομοθετῶν
2889 2455 2997 2527 γάρ
3027 2472 3109 2508 σοι
3136 2456 3274 2526 μετά
3292 2456 3392 2526 τὴν
3411 2455 3688 2525 γενομένην

2131 2549 2464 2620 ἐλευθερίαν,
2497 2547 2594 2601 καὶ
2628 2547 2730 2618 τῆς
2759 2547 3033 2616 Αἰγύπτου
3067 2547 3165 2618 τὴν
3195 2546 3536 2617 ἀπαλλαγὴν,
3563 2563 3685 2617 παρ-

2133 2641 2384 2714 ηγγύησα
2442 2640 2644 2711 μηδένα
2691 2639 2879 2709 ἕτερον
2930 2638 3070 2710 πλὴν
3119 2637 3254 2708 ἐμοῦ
3309 2638 3511 2692 είδέναι
3555 2638 3684 2690 Θεόν.

2141 2752 2158 2784 ι
2197 2733 2272 2786 Οὐ
2312 2732 2559 2802 ποιήσεις
2588 2728 2718 2800 γὰρ,
2755 2723 2930 2795 εἷπον,
2961 2729 3162 2792 παντὸς
3199 2727 3474 2800 ὁμοίωμα,
3505 2729 3600 2804 ὅσα
3641 2727 3688 2778 ἐν

2133 2823 2212 2894 τῷ
2239 2821 2454 2894 οὐρανῷ
2495 2823 2607 2877 ἄνω
2635 2822 2704 2888 ⁸⁸,
2759 2822 2854 2876 καὶ
2893 2822 2996 2875 ὅσα
3019 2821 3112 2875 ἐπὶ⁵
3153 2821 3251 2892 τῆς
3281 2820 3390 2890 γῆς
3416 2822 3583 2884 κάτω,
3611 2820 3690 2874 καί

2135 2917 2234 2970 ὅσα
2261 2918 2319 2969 ἐν
2353 2919 2465 2979 τοῖς
2486 2915 2641 2970 ὕδασι
2676 2915 2932 2969 ὑποκάτω
2954 2915 3052 2984 τῆς
3081 2914 3235 2985 γῆς.»
3263 2914 3336 2968 Οὐ
3372 2914 3535 2985 μόνον
3563 2913 3614 2967 δέ
3642 2929 3692 2965 σε

2135 3008 2236 3078 τῆς
2269 3008 2473 3080 πικρᾶς
2519 3007 2630 3061 τῶν
2675 3005 2990 3076 Αἰγυπτίων
3030 3003 3386 3076 ἠλευθέρωσα
3427 3003 3690 3070 δουλείας,

2057 3108 2107 3174 c
2135 3099 2272 3156 ἀλλὰ
2299 3099 2396 3154 καὶ

2209 3211 2228 3246 t
2279 3193 2367 3246 ‘Ev
2395 3193 2462 3263 τῇ
2511 3192 2704 3264 ἐρήμῳ
2737 3191 3055 3262 ἐποίμαινόν
3091 3207 3174 3256 σε,
3224 3189 3285 3244 ἐν
3329 3191 3400 3260 γῇ
3449 3187 3692 3258 ἀοικήτῳ.

2135 3282 2256 3354 (ς’.)
2287 3282 2443 3336 Κατὰ
2473 3281 2572 3345 τὰς
2599 3281 2768 3352 νομὰς
2800 3281 2998 3335 αὐτῶν.
3040 3299 3060 3333 ι
3105 3280 3252 3334 ’Λντὶ
3303 3279 3422 3342 τοῦ,
3458 3281 3568 3342 Τὰς
3607 3280 3694 3348 ἀρ-

2136 3375 2436 3448 μοττούσας
2488 3392 2571 3428 σοι
2622 3373 2872 3445 χορηγῶν
2904 3373 3097 3444 χρείας
3119 3413 3134 3440 ,
3170 3373 3345 3442 μάννα
3376 3372 3436 3438 ἐξ
3464 3369 3696 3442 οὐρανοῦ,

2133 3469 2548 3541 δρτυγομήτρας
2569 3467 2634 3520 ἐκ
2660 3467 2953 3536 θαλάττης,
2974 3464 3118 3536 ὕδωρ
3144 3467 3208 3518 ἐκ
3239 3465 3464 3538 πέτρας.
3485 3465 3556 3518 Οὐ
3583 3466 3698 3533 γὰρ,

2133 3561 2209 3626 ὡς
2243 3563 2302 3615 ἐν
2331 3561 2520 3631 ἐρήμῳ
2575 3559 2874 3626 διάγοντες,
2909 3558 2968 3610 ἐν
3001 3557 3194 3612 σπάνει
3249 3555 3359 3612 τῶν
3405 3556 3699 3625 ἀναγκαίων

2131 3650 2293 3726 ἦσαν,
2358 3652 2472 3716 ἀλλ’
2505 3669 2523 3702 ι
2566 3649 3010 3722 Ἐνεπλήσθησαν
3067 3651 3148 3711 εἰς
3229 3647 3559 3720 πλησμονὴν,
3615 3648 3699 3700 καὶ

2136 3745 2430 3817 ὑψώθησαν
2458 3744 2514 3797 αί
2546 3742 2763 3813 καρδίαι
2797 3740 2982 3794 αὐτῶν
3004 3757 3017 3771 ο
3070 3741 3258 3794 ἕνεκεν
3303 3739 3492 3793 τούτου
3517 3739 3696 3792 ἐπελά·

2135 3839 2290 3893 θοντό
2336 3855 2458 3908 μου.
2497 3855 2515 3889 ι
2553 3833 2792 3888 Τοιαῦτα
2841 3833 2935 3885 καὶ
2965 3834 2992 3885 ὁ
3026 3831 3166 3896 θεῖος
3215 3833 3320 3904 ἔφη
3351 3832 3485 3903 περὶ
3538 3830 3698 3884 αὐτῶν

2134 3933 2340 4001 Μωσῆς
2369 3945 2382 3957 ’
2422 3947 2441 3979 ι
2495 3927 2605 3982 Ka‘.
2633 3927 2679 3959 "
2723 3926 2926 3995 ἔφαγεν
2969 3923 3201 3990 Ἰακὼϐ,
3244 3925 3338 3977 καὶ
3387 3922 3696 3992 ἐνεπλήσθη,

2134 4021 2230 4074 καὶ
2259 4019 2624 4073 ἁπελάκτισεν
2649 4019 2677 4070 ὁ
2699 4014 3078 4086 ἠγαπημένος,
3095 4014 3383 4086 ὲλιπάνθή,
3413 4011 3696 4084 ἐπαχύνθη,

2134 4110 2463 4181 ἐπλατύνθη,
2517 4109 2610 4162 καὶ
2663 4107 2987 4177 ἐγκατέλιπε
3038 4105 3244 4176 Κύριον
3275 4105 3367 4159 τὸν
3416 4108 3698 4177 ποιήσαντα

2135 4205 2318 4260 αὐτόν.
2375 4223 2394 4256 i
2459 4201 2599 4256 Ἀλλ’
2643 4201 2743 4254 οὐκ
2797 4201 2942 4255 ἐάσω
2992 4201 3175 4265 αὑτὸν,
3227 4200 3392 4269 φησὶν
3431 4199 3500 4264 ⁸⁷,
3555 4200 3698 4253 ἀπαί-

2133 4299 2339 4352 δευτον·

2206 4389 2271 4452 ζ’.
2311 4405 2330 4439 ι
2377 4387 2611 4456 Ἔσομαι
2639 4382 2697 4437 δέ
2724 4381 2892 4453 αὐτῷ,
2921 4380 3110 4452 φησὶν,
3140 4379 3216 4444 ώς
3256 4379 3495 4450 πάνθηρ,
3524 4379 3615 4432 καὶ
3636 4376 3697 4438 ὡς

453 4481 554 4534 dus
588 4478 643 4534 in
685 4479 774 4534 via
821 4479 1196 4550 Assyriorum.
1249 4497 1268 4528 ι
1324 4477 1722 4535 Ferocissimos
1752 4479 1898 4534 enim
1933 4479 2027 4534 ho-

2139 4447 2422 4552 πάρδαλις,
2477 4447 2620 4533 κατὰ
2647 4475 2746 4548 τὴν
2799 4447 3053 4528 δδδν-τών
3082 4473 3127 4504 ’⁸
3170 4447 3494 4542 Ἀσσυρίων.
3527 4490 3546 4522 ι
3577 4470 3697 4528 Τοὺς

452 4580 564 4626 stes
587 4572 643 4624 in
661 4585 786 4626 eum
815 4571 1105 4627 concitabo
1131 4613 1145 4636 ,
1175 4569 1274 4640 qui
1309 4585 1422 4625 non
1451 4569 1634 4635 aliter,
1660 4586 1826 4640 quam
1850 4571 2027 4627 solent

2139 4573 2242 4644 γὰρ
2270 4569 2552 4644 θηριώδεις
2583 4566 2730 4638 αὐτῷ
2763 4563 3054 4634 πολεμίους
3087 4563 3478 4630 ἐπαναστήσω,
3510 4558 3698 4624 πάνθη-

453 4661 720 4733 pantbera
755 4670 809 4717 et
858 4661 1083 4730 pardus,
1141 4676 1266 4716 eum
1317 4664 1652 4719 tractabunt.
1710 4663 1845 4719 Nam
1897 4667 2027 4736 quia

2139 4682 2229 4736 ρος
2259 4663 2414 4732 δίκην
2437 4661 2530 4714 καὶ
2556 4657 2875 4727 παρδάλεως
2901 4654 3271 4727 χρησομένους
3297 4651 3468 4722 αὐτῷ.
3499 4647 3696 4716 Ἐπειδὴ

455 4759 593 4827 ipse,
628 4757 722 4826 qui
751 4756 936 4810 omnia
970 4755 1465 4826 gubernat,hostes
1489 4758 1754 4824 immittit,
1781 4759 2023 4830 seipsum

2139 4755 2243 4826 γάρ
2271 4752 2452 4817 αὐτὸς,
2485 4751 2579 4805 άτε
2599 4750 2662 4818 δὴ
2691 4748 2866 4803 πάντα
2883 4749 2927 4780 ⁹⁹
2961 4744 3333 4815 πρυτανεύων,
3363 4743 3559 4808 ἐπάγει
3587 4739 3695 4798 τοὺς

454 4845 734 4916 pantherae
769 4854 822 4901 et
859 4845 1014 4916 pardi
1061 4847 1293 4903 similem
1342 4863 1465 4905 esse
1505 4849 1662 4905 dicit.
1693 4850 1859 4906 Addit
1891 4832 2026 4908 vero

2139 4846 2445 4918 πολεμίους,
2472 4842 2665 4896 ἐαυτὸν
2718 4839 2956 4910 πάνθηρι
2987 4839 3079 4892 καὶ
3109 4836 3368 4908 παρδάλει
3419 4830 3694 4895 ἀπεικάζε-

453 4952 618 5007 porro
649 4956 664 4991 :

524 5026 692 5085 Vsus.
728 5029 783 5085 8.
819 5049 838 5083 ι
882 5029 1184 5086 Occurram
1227 5031 1310 5087 eis
1344 5031 1490 5088 sicut
1526 5046 1655 5086 ursa
1687 5033 1878 5086 orbata
1912 5034 2029 5103 pul-

452 5121 561 5178 lis:
591 5133 646 5177 et
683 5121 1024 5194 disrumpam
1058 5124 1369 5180 clausuram
1412 5122 1596 5180 cordis
1626 5139 1870 5179 eorum.»
1909 5124 2030 5193 Sic-

525 5263 552 5294 ιι
585 5252 762 5311 Exod.
795 5271 887 5321 xx,
921 5255 974 5310 ι.
1085 5265 1113 5296 ν
1145 5255 1304 5312 Deut.
1331 5273 1501 5324 xxx",
1533 5257 1625 5310 15.

2139 4938 2262 4993 σθαι
2293 4937 2462 5004 λέγει.
2500 4933 2860 5008 Προστέθεικε
2888 4931 2964 4997 δὲ,
2995 4932 3078 4984 ὅτι

2205 5040 2274 5101 η’.
2306 5049 2324 5080 ‹
2374 5027 2781 5096 Ἀπαντήσομαι
2813 5025 2998 5086 αὐτοῖς
3023 5023 3098 5086 ὡς
3121 5022 3287 5092 ἄρκος
3341 5016 3691 5092 ἀπορουμένη.

2139 5122 2232 5179 καὶ
2265 5116 2542 5190 διαρρήξω
2569 5114 2931 5186 συγκλεισμὸν
2981 5111 3209 5186 καρδίας
3238 5110 3438 5166 αὐτῶν.
3482 5129 3501 5163 ι
3535 5107 3691 5164 Καθά-

1644 5391 1882 5449 VABIIE
1919 5394 2321 5453 LECTlONES.

525 5487 570 5560 ’_‘
604 5485 646 5541 C
677 5487 904 5560 ἅλωνος.
927 5557 956 5560 __
977 5488 1024 5521 ³³
1067 5504 1215 5560 στερ.
1256 5517 1320 5528 —-
1340 5506 1540 5560 ,στρατ.
1567 5489 1754 5554 αὑτοῦ,
1783 5499 1836 5546 et
1873 5493 2070 5548 deinde
2101 5492 2211 5546 Καὶ
2231 5491 2292 5544 οὐ
2335 5519 2402 5560 -έ-
2427 5486 2602 5541 ὀπίσω
2633 5485 2834 5538 αὐτῶν.
2867 5481 3000 5560 llaeﬁ
3040 5481 3227 5560 om_n_i_a
3255 5479 3392 5560 d_es._
3432 5481 3486 5560 in
3540 5478 3684 5560 llcbr.

457 5565 511 5610 at
547 5557 602 5628 in
630 5559 854 5628 antiqua
874 5557 1009 5612 edit.
1028 5557 1135 5609 τῶν
1163 5550 1238 5623 0',
1256 5566 1310 5612 ut
1333 5550 1442 5627 jam
1464 5567 1610 5614 recte
1635 5561 1704 5615 ab
1728 5550 1874 5616 Hier.
1902 5564 2170 5617 monitum
2195 5569 2279 5616 est
2305 5579 2318 5626 ;
2348 5559 2850 5628 alleganturiautem
2881 5569 2912 5628 a
2938 5550 3523 5628 Tbeophilo_Antiocb.
3549 5550 3634 5628 li_b.
3653 5563 3685 5598 ιι

456 5628 538 5698 Αμά
566 5627 908 5698 Δυιοίῃειιηι.

1001 5629 1068 5699 ³³-
1086 5628 1142 5679 ai
1282 5620 1375 5683 καὶ
1403 5629 1502 5696 τὴν
1531 5631 1656 5696 γῆν.
1693 5631 1814 5686 Des.
1846 5633 1897 5685 in
1928 5633 1990 5687 C.
2075 5634 2120 5666 ⁸⁵
2157 5632 2277 5685 ἔπλ.
2307 5620 2429 5699 τήν.
2456 5620 2543 5682 Ἰιίι
2575 5627 2694 5681 Ald.
2728 5623 2860 5699 ἣδε,
2893 5624 3053 5678 lectio
3079 5620 3196 5682 est,
3248 5620 3470 5673 ἔκτισαν
3499 5620 3686 5699 fcian

455 5692 551 5774 τὴν
594 5686 756 5774 age."
790 5697 1008 5774 "Agim.
1042 5697 1251 5774 Des._in
1285 5699 1356 5774 C_._
1385 5769 1394 5774 Δ
1419 5686 1469 5774 ξδ’
1491 5686 1623 5754 Κάί.
1659 5699 1780 5757 Des.
1815 5686 1953 5758 ibid.
2039 5705 2080 5735 ’τ
2121 5703 2272 5774 φησί.
2309 5686 2429 5756 Des.
2475 5699 2574 5762 ib.,
2604 5707 2718 5752 tum
2750 5695 2803 5750 b.
2849 5695 2907 5762 .|.,
2947 5701 3056 5749 tum
3083 5699 3209 5763 post
3227 5705 3419 5763 pauca.
3499 5689 3540 5721 "
3565 5686 3680 5739 τῶν-

456 5762 580 5818 Des.
620 5762 752 5822 ibid.
849 5763 894 5796 θ’
931 5768 1123 5823 πάντα.
1168 5767 1457 5841 Dcs._ibid.
