3904 6202
302 308 430 372 1625

1576 313 1653 375 [Ν
1687 315 1876 379 OSEE
1911 316 2069 381 CAP.
2102 323 2272 386 XIII.

3412 333 3548 401 1626

299 436 399 520 περ
433 421 542 520 γάρ
570 423 602 491 ἡ
633 421 799 494 ἄρκος
849 427 1347 499 στενοχωρουμένη,
1376 429 1471 481 καὶ
1522 432 1714 499 φυγεῖν
1752 431 1815 484 οὐ
1852 430 1859 461 ¹

1972 446 2031 490 ut
2054 437 2198 492 enim
2234 452 2362 494 ursa
2397 437 2451 493 in
2484 437 2592 495 loci
2625 443 2910 513 angustias
2950 448 3230 518 compulsa
3271 454 3325 505 et
3360 448 3545 520 fugere

296 511 587 581 δυναμένη,
618 512 757 583 μετά
805 514 1004 585 πολλῆς
1032 518 1133 588 τῆς
1166 518 1362 588 μανίας
1405 522 1518 585 τοῖς
1552 521 1868 594 προσιοῦσιν

295 603 587 674 ἐπέρχεται
606 620 621 634 ·
652 604 825 670 οὕτως
853 606 903 659 oi
942 607 1189 679 πολέμιοι
1239 610 1451 679 φειδοῦς
1494 612 1694 677 αὐτοὺς
1720 613 1870 667 οὐδε-

298 697 421 764 μιᾶς
457 696 804 763 ἀξιώσουσιν,
850 698 967 753 ἀλλ’
995 701 1153 772 ὠμὴν
1182 703 1277 756 καὶ
1306 703 1487 776 ἀπηνῆ
1513 706 1643 776 περὶ
1672 707 1868 772 αὐτοὺς

292 787 647 853 ἐπιδείξονται
692 791 937 863 γνώμην.
971 793 1156 847 Ταῦτα
1188 796 1244 850 δὲ
1291 797 1370 860 είς
1406 799 1604 862 αὐτοὺς
1630 798 1866 872 διαπρά-

293 876 478 949 ξομαι,
519 880 616 953 τὴν
645 882 1140 957 συγκεκλεισμένην
1167 886 1345 941 αὐτῶν
1375 888 1601 961 καρδίαν
1630 893 1725 945 καὶ
1753 892 1868 946 δια-

291 972 568 1044 νοιχθῆναι
601 974 676 1045 μὴ
707 974 1054 1049 βουλομένην,
1096 978 1211 1033 ἀλλ’
1237 980 1547 1053 ἀτεράμονα
1570 984 1662 1037 καὶ
1686 984 1866 1055 ἀκαμο

288 1064 368 1134 πῆ
406 1065 693 1134 μένουσαν,
722 1066 980 1134 διανοῖξαι
1031 1070 1125 1124 καὶ
1178 1072 1477 1139 κατανῦξαι
1523 1072 1863 1145 βουλόμενος,

288 1156 384 1209 καὶ
417 1158 494 1221 είς
525 1157 820 1227 ἐπίγνωσιν
852 1161 943 1213 τοῦ
993 1164 1361 1235 προσήκοντος
1417 1165 1663 1234 ἀγαγεῖν.
1698 1185 1717 1217 ‹
1754 1166 1866 1221 Καὶ

286 1248 699 1317 καταφάγονται
715 1249 913 1315 αὐτοὺς
938 1252 1054 1306 ἐκεῖ
1084 1254 1313 1325 σκύμνοι
1335 1255 1561 1326 δρυμοῦ,
1580 1257 1674 1311 καὶ
1701 1258 1867 1330 θηρία

282 1339 459 1409 ἀγροῦ
486 1341 775 1396 διασπάσει
805 1342 1055 1409 αὐτούς.»
1079 1346 1364 1418 Διαφόρως
1393 1347 1579 1420 εἴρηκε
1608 1349 1675 1403 τὰ
1703 1351 1863 1420 αὐτὰ,

280 1430 364 1502 τῷ
413 1431 610 1503 πλήθει
655 1434 768 1488 τῶν
811 1434 1059 1507 φοϐερῶν
1112 1436 1338 1493 είκόνων
1371 1440 1499 1504 τοὺς
1527 1441 1865 1515 ἀναλγησίαν

279 1525 575 1587 νοσοῦντας
615 1527 1012 1599 καταπλήττων
1035 1531 1129 1583 καὶ
1161 1530 1549 1602 δεδιττόμενος.
1575 1530 1708 1588 Εἶτα
1736 1536 1865 1607 θρη-

278 1617 366 1667 νεί
395 1614 519 1668 καθ’
539 1616 721 1683 αὐτὸν,
747 1619 843 1673 καὶ
869 1620 1140 1688 ὀνειδίζει,
1170 1622 1382 1695 καὶτῆς
1406 1626 1677 1698 προτέρας
1702 1627 1863 1681 ἀδελ-

276 1708 479 1779 τηρίας
507 1710 933 1782 ἀναμιμνήσκει.

1969 545 2079 585 non
2115 531 2324 602 valens,
2380 530 2599 607 1375
2637 549 2835 608 magna
2873 551 3002 593 cum
3058 541 3209 596 rabie
3250 543 3546 613 appropin-

1969 627 2203 691 quantes
2224 621 2460 681 invadit:
2491 628 2572 682 sic
2604 626 2792 683 hostes
2822 624 3026 684 nullam
3060 629 3170 687 illis
3202 632 3415 687 veniam
3458 634 3544 688 in-
3571 681 3579 687 .

1969 711 2292 781 dulgebunt,
2340 715 2436 770 sed
2476 723 2719 770 atrocem
2755 723 2810 771 et
2842 717 3139 772 immanem
3191 719 3247 773 in
3281 734 3377 775 eos
3421 720 3544 774 ani-

1969 814 2117 854 mum
2164 802 2478 858 ostendent.
2514 802 2643 859 Haec
2691 811 2878 860 autem
2917 816 3111 861 contra
3155 821 3254 862 eos
3304 806 3542 874 faciam,

1967 891 2161 948 volens
2188 908 2286 948 cor
2310 909 2500 949 eorum
2527 895 2804 961 clausum,
2838 911 2940 953 nec
2965 898 3178 967 aperire
3208 913 3268 953 se
3290 900 3543 965 studens,

1968 984 2066 1039 sed
2117 985 2452 1041 obduratum
2498 997 2552 1043 et
2591 987 2893 1044 inﬂexibile
2928 996 3320 1060 peraeverans,
3359 990 3544 1045 reclu~

1969 1076 2102 1133 dere
2128 1086 2182 1133 et
2207 1093 2603 1151 compungere,
2634 1088 2801 1150 atque
2828 1079 2895 1135 ad
2927 1081 3297 1152 cognitionem
3325 1082 3543 1139 honesti

1967 1170 2263 1226 deducere.
2316 1189 2336 1223 ι
2370 1170 2434 1225 Ει
2476 1171 2825 1228 devorabunt
2860 1189 2959 1229 eos
3008 1174 3084 1229 ibi
3120 1175 3292 1230 catuli
3339 1176 3542 1246 sylvaa:

1967 1269 2021 1316 et
2055 1261 2248 1318 bestia:
2283 1263 2397 1333 agri
2439 1262 2786 1334 disrumpent
2838 1279 2957 1321 eos.
3010 1284 3029 1318 ›
3067 1264 3311 1321 Diversis
3362 1265 3545 1322 modis

1966 1352 2159 1408 eadem
2186 1353 2358 1419 dixit,
2391 1362 2452 1408 ut
2491 1353 2850 1410 multitudine
2880 1356 3233 1411 borribilium
3274 1356 3539 1411 similitu-
3642 1388 3647 1391 -

1966 1444 2158 1500 diuum
2187 1452 2417 1515 stupore
2462 1451 2518 1500 et
2561 1445 2868 1501 indolentia
2906 1447 3230 1503 laborantes
3262 1456 3545 1517 perterre-

1967 1533 2195 1589 faceret.
2232 1533 2354 1588 Mox
2380 1535 2719 1590 lamentatur
2753 1549 2965 1600 secum,
3000 1542 3057 1591 et
3089 1536 3364 1607 objurgat,
3399 1536 3547 1608 prio-

1965 1638 2193 1695 remque
2216 1624 2592 1696 insipientiam
2624 1624 2825 1681 iterum
2855 1634 3273 1683 commemorat.

351 1769 417 1863 θ’,
452 1769 502 1857 ζ’.
533 1820 551 1852 ι
599 1769 976 1876 διαφθορᾷ
1004 1805 1025 1835 ¹
1056 1822 1171 1870 σου,
1208 1806 1443 1880 Ἰσραὴλ,
1474 1807 1558 1874 τίς
1600 1810 1857 1884 βοηθήσει

2029 1804 2193 1859 Vens.
2222 1805 2386 1867 9,10.
2425 1824 2444 1859 ι
2478 1806 2616 1873 Quis
2658 1807 3013 1863 auxiliabitur
3043 1806 3382 1875 corruptioni
3412 1812 3541 1873 tuae,

278 1907 365 1943 σοι
394 1890 451 1958 ⁸;
485 1891 593 1946 Ποῦ
627 1896 654 1948 ὁ
692 1893 944 1964 βασιλεύς
976 1914 1069 1950 σου
1101 1892 1296 1966 οὗτοςς
1328 1900 1423 1954 καὶ
1448 1901 1770 1957 διασωσάτω
1797 1921 1857 1958 σε

274 1982 340 2035 ὲν
366 1982 570 2046 πάσαις
597 1986 716 2048 ταῖς
745 1985 935 2039 πόλεσί
962 2004 1076 2054 σου,
1097 1989 1189 2043 καὶ
1216 1992 1456 2061 κρινάτω
1480 2010 1559 2059 σε,
1588 1993 1647 2048 ὃν
1673 1990 1855 2061 εἶπας·

273 2075 377 2138 Δός
406 2093 497 2144 μοι
542 2075 767 2146 βασιλέα
798 2080 893 2133 καὶ
924 2080 1180 2158 ἄρχοντα.
1222 2103 1241 2137 ι
1281 2083 1378 2149 Τίς
1403 2085 1470 2139 ἂν
1515 2086 1653 2158 πρὸς
1702 2087 1857 2153 ἀξίαν

273 2163 378 2234 τὴν
405 2164 701 2237 διαφθοράν
731 2185 844 2236 σου,
874 2162 919 2224 ὦ
952 2168 1183 2243 Ἰσραὴλ,
1213 2172 1501 2246 θρηνήσειε
1531 2192 1544 2241 ;
1602 2176 1856 2248 Μεμένη-

265 2271 381 2317 κας
413 2254 525 2326 7&9
555 2256 735 2329 πάσης
757 2257 961 2330 ἔρημος
986 2262 1260 2333 βοηθείας,
1297 2266 1392 2319 καὶ
1419 2265 1592 2320 ταῦτα
1620 2267 1725 2320 ὑπὸ
1757 2268 1857 2339 βα-

269 2345 474 2411 σιλέως
502 2348 822 2419 ἀρχόμενος,
853 2353 948 2409 καὶ
1000 2353 1108 2408 ὑπὸ
1157 2355 1334 2427 τούτῳ
1386 2356 1808 2433 πλιτευᾷμενος
1838 2374 1853 2389 ·

268 2436 373 2508 τὴν
410 2437 521 2509 7&9
558 2439 700 2511 ὲμὴν
749 2440 1023 2513 ἀτιμάσας
1051 2445 1370 2517 ἠγεμονίαν,
1402 2447 1688 2505 ἄνθρωπον
1713 2450 1856 2523 ἔχειν

267 2529 554 2600 ἑπόθησας
580 2531 825 2602 βασιλέα.

343 2630 433 2679 ια’.
470 2642 490 2677 ι
542 2624 683 2695 Ἐγὼ
726 2626 783 2680 δὲ
828 2626 1007 2683 ἔδωκά
1048 2646 1128 2683 σοι
1159 2630 1216 2683 ὲν
1256 2633 1323 2703 τῇ
1361 2630 1497 2704 ὀργῇ
1537 2650 1639 2701 μου
1672 2650 1687 2665 ’
1723 2633 1857 2689 ἀλλά

266 2716 503 2787 ἀνέσχον
529 2718 551 2749 ⁵
585 2718 747 2773 πάλιν
790 2721 847 2774 ὲν
874 2720 952 2793 τῷ
983 2720 1139 2793 θυμῷ
1171 2740 1296 2794 μου.
1335 2742 1354 2776 ι
1412 2724 1721 2794 Ὀργισθεὶς
1757 2726 1856 2798 μὲν

268 2806 384 2879 γὰρ
430 2807 518 2863 διὰ
544 2808 645 2880 τὴν
686 2809 880 2881 ἄλογον
909 2812 1148 2883 αἴτησιν,
1193 2813 1371 2868 ἔδωκά
1401 2831 1482 2868 σοι
1513 2816 1605 2870 τὸν
1631 2816 1804 2871 Σαούλ
1838 2835 1851 2849 ·

267 2899 596 2973 ἀνεξικακίᾳ
654 2901 712 2956 δὲ
783 2904 878 2957 καὶ
950 2904 1304 2977 μακροθυμίᾳ
1361 2906 1522 2960 πάλιν
1576 2909 1857 2980 χρησάμε-

263 3007 384 3056 νος,
408 2990 797 3062 ἀντεισήγαγον
821 2993 913 3047 τὸν
940 2994 1123 3050 Δαϐίδ.
1153 2996 1325 3049 Τοῦτο
1356 2996 1465 3068 γὰρ
1491 2996 1693 3067 λέγειοι
1739 2998 1856 3052 Ἀν-

1958 1911 1992 1953 0
2025 1896 2235 1953 Israel?
2265 1896 2368 1952 Ubi
2393 1907 2476 1953 est
2507 1914 2601 1952 rex
2635 1905 2764 1955 tuus
2792 1898 2935 1954 iste?
2965 1906 3019 1953 et
3049 1897 3262 1954 salvum
3294 1903 3349 1951 te
3379 1896 3545 1951 faciat

1962 1991 2016 2045 in
2043 1989 2259 2046 cunctis
2282 1990 2515 2046 urbibus
2532 1990 2647 2046 luis
2668 2011 2683 2045 :
2706 2002 2757 2046 et
2771 1992 2984 2063 judicet
3001 1999 3075 2056 te,
3093 1991 3161 2046 de
3178 2005 3288 2061 quo
3309 1989 3499 2045 dixisti
3525 2008 3539 2043 :

1960 2081 2035 2135 Da
2077 2082 2207 2136 mibi
2257 2098 2440 2153 regem
2487 2091 2542 2137 et
2582 2084 2916 2154 principem.
2956 2101 2976 2137 ›
3028 2082 3167 2149 Quis
3202 2082 3342 2138 satis
3378 2080 3545 2152 digne

1960 2177 2109 2224 tuam
2174 2172 2581 2240 corruptionem
2609 2211 2625 2238 ,
2690 2186 2724 2226 ο
2782 2171 2998 2236 Israel,
3046 2170 3248 2225 deﬂere
3316 2170 3544 2240 posset?

1957 2260 2210 2316 Mansisti
2260 2262 2408 2316 enim
2454 2262 2525 2316 ab
2571 2262 2721 2316 omni
2772 2261 2981 2316 auxilio
3020 2261 3184 2331 inops
3228 2269 3284 2317 et
3327 2261 3540 2327 nudus,

1960 2353 2143 2425 idque,
2177 2353 2309 2408 dum
2360 2368 2391 2407 a
2433 2368 2567 2425 rege
2607 2353 2977 2423 gubernaris,
3023 2362 3078 2409 et
3124 2352 3229 2409 sub
3269 2367 3337 2408 eo
3376 2354 3543 2409 vivis.

1959 2446 2160 2518 Spreto
2186 2447 2332 2502 enim
2369 2462 2495 2503 meo
2522 2447 2861 2519 principatu,
2897 2446 3176 2501 hominem
3209 2446 3413 2503 habere
3455 2462 3546 2503 re-

1958 2554 2078 2609 gem
2102 2539 2377 2608 exoptasti

2029 2626 2197 2682 Vens.
2234 2627 2321 2682 11.
2371 2644 2391 2678 ι
2426 2628 2538 2698 Ego
2572 2635 2755 2683 autem
2789 2626 2914 2683 dedi
2954 2629 3049 2683 tibi
3079 2626 3336 2699 (regem)
3372 2627 3427 2681 in
3459 2626 3544 2682 ira

1957 2736 2116 2785 mea,
2147 2727 2204 2775 et
2249 2719 2491 2775 sustinui
2540 2735 2746 2776 rursus
2788 2720 2842 2774 in
2895 2719 3086 2775 furore
3134 2734 3276 2774 meo.
3312 2737 3331 2771 ι
3362 2718 3543 2775 Iratus

1956 2813 2106 2867 enim
2140 2813 2212 2867 ob
2237 2813 2612 2882 importunam
2643 2810 3041 2882 ﬂagitationem
3065 2851 3080 2876 ,
3117 2810 3243 2866 dedi
3273 2811 3371 2866 tibi
3399 2810 3537 2866 Sau-

1958 2904 2102 2972 Iem;
2141 2890 2406 2975 patientia
2448 2919 2650 2960 rursus
2691 2910 2747 2958 et
2786 2903 3087 2957 tolerantia
3119 2918 3288 2968 usus,
3328 2903 3384 2957 in
3420 2902 3543 2972 ejus

1958 2997 2141 3051 locum
2169 2996 2429 3052 substitui
2458 2995 2738 3050 Davidem.
2774 2992 2890 3049 Hoc
2911 2994 3057 3049 enim
3091 2994 3247 3058 dicit,
3273 3009 3397 3050 cum
3425 2995 3536 3050 ait:

266 3083 432 3154 έσχον
456 3083 516 3138 ἐν
536 3081 616 3155 τῷ
643 3083 800 3156 θυμῷ
826 3103 982 3157 μουοι
1008 3087 1129 3143 ἀντὶ
1164 3087 1278 3155 τοῦ,
1304 3090 1668 3163 Μακροθυμίᾳ
1696 3093 1859 3164 ἐχρη-

1971 3107 1990 3139 ι
2034 3088 2283 3143 Sustinui
2327 3088 2382 3143 in
2422 3086 2607 3142 furore
2642 3102 2804 3153 meo,
2836 3104 2854 3138 ι
2900 3086 3005 3141 hoc
3031 3094 3155 3154 est,
3190 3085 3541 3142 Patientissi-

268 3175 478 3245 σάμην.

344 3266 434 3338 ιβ’.
467 3288 487 3320 ί
519 3268 805 3340 Συστροφὴ
835 3270 856 3301 ⁸
889 3269 1104 3334 ἀδικίας
1141 3271 1398 3344 Ἐφραῒμ,
1433 3275 1856 3349 ὲγκεκρυμμένη

266 3358 308 3429 ἡ
337 3359 585 3431 ἁμαρτία
627 3360 814 3414 αὑτοῦ.
855 3379 873 3413 ι
915 3361 1100 3416 Ἔοικε
1145 3362 1305 3417 τοῦτο
1334 3366 1448 3428 τοῖς
1489 3365 1594 3419 ὑπὸ
1634 3366 1855 3421 Ἡσαΐου

267 3449 545 3521 λεχθεῖσιν
568 3468 580 3482 '
612 3470 631 3503 ι
666 3452 824 3519 Οὐαὶ,
852 3455 901 3506 οἱ
930 3453 1307 3526 ἐπισπώμενοι
1338 3456 1435 3520 τὰς
1482 3458 1756 3529 ἁμαρτίας
1781 3460 1858 3523 ὡς

270 3543 496 3613 σχοινίῳ
530 3543 758 3616 μακρῷί
804 3564 823 3597 ι
861 3545 1031 3599 Τοῦτο
1062 3547 1171 3617 7&9
1202 3550 1297 3602 καὶ
1318 3550 1553 3605 ἐνταῦθα
1574 3550 1741 3620 λέγει,
1775 3554 1857 3607 ὅτι

266 3633 301 3686 ὁ
329 3632 877 3706 Ἐφραῒμῖσυστρέφει
905 3637 1004 3701 τάς
1024 3638 1259 3705 ἀδικίας,
1277 3641 1370 3695 καὶ
1390 3641 1542 3709 αὔξει
1569 3644 1852 3716 διηνεκῶς,

270 3723 438 3796 βουλῇ
466 3727 679 3797 πονηρᾷ
708 3728 1063 3798 κεχρημένος.
1093 3729 1167 3783 Τὸ
1188 3730 1319 3802 7&9,
1346 3750 1364 3784 ι
1401 3734 1854 3809 Ἐγκεκρυμμένη

270 3817 306 3889 ἡ
360 3816 608 3888 ἁμαρτία
656 3818 846 3883 αὐτοῦ,
887 3839 906 3872 ι
968 3820 1128 3875 τοῦτο
1181 3823 1371 3894 δηλοῖ,
1422 3828 1691 3895 τουτέστι,
1753 3830 1849 3893 Εἰς

272 3906 439 3978 βάθος
486 3908 599 3979 ἔχει
646 3910 748 3980 τὴν
798 3913 1063 3983 πονηρίαν
1098 3929 1114 3944 ο
1175 3914 1312 3970 ἀλλὰ
1366 3918 1641 3984 τοσούτοις
1692 3920 1855 3975 αὑτὸν

269 4001 555 4073 περιὸαλῶ
597 4005 786 4067 κακοῖς
814 4043 830 4067 ,
877 4003 951 4068 ὠς
982 4004 1247 4080 ώδινούσῃ
1299 4012 1516 4077 γυναικὶ
1564 4014 1854 4083 παραπλη-

270 4093 405 4158 σίως
455 4092 762 4151 ὀδυνᾶσθαι.
820 4090 952 4151 Εἶτα
982 4096 1057 4161 ὡς
1106 4099 1227 4152 κατ’
1248 4099 1516 4171 ἐρώτησιν
1567 4103 1705 4175 πρὸς
1760 4104 1853 4158 τὸν

281 4187 505 4259 Ἰσραήλ
524 4204 538 4219 ο

1962 3196 2050 3236 me
2075 3181 2197 3234 tuli.

2034 3272 2199 3328 Vens.
2244 3271 2330 3326 1‘2.
2386 3291 2405 3322 ς
2448 3270 2817 3343 Conglobatio
2863 3271 3175 3342 iniquitatis
3227 3271 3487 3341 prraim
3521 3307 3540 3338 ,

1961 3363 2342 3421 absconditum
2377 3372 2664 3434 peccatum
2709 3363 2852 3434 ejus.
2887 3382 2906 3415 ι
2950 3363 3146 3418 Simile
3174 3370 3259 3418 est
3296 3364 3401 3416 hoc
3435 3362 3540 3432 iis,

1958 3473 2081 3528 qua:
2116 3457 2265 3513 dicta
2314 3464 2443 3512 sunt
2485 3456 2554 3513 ab
2602 3456 2813 3528 1375
2852 3456 2993 3513 Isaia
3030 3474 3043 3512 :
3092 3475 3111 3509 ι
3143 3455 3238 3511 Va:
3276 3455 3385 3512 illis
3445 3458 3539 3527 qui

1959 3551 2183 3605 trahunt
2208 3558 2427 3621 peccata
2452 3549 2612 3620 quasi
2642 3549 2890 3605 funiculo
2919 3551 3080 3620 longo
3103 3551 3150 3604 ιι
3193 3568 3212 3600 ι
3246 3547 3361 3605 Hoc
3390 3549 3538 3604 enim

1958 3639 2049 3696 hic
2080 3641 2246 3696 etiam
2282 3640 2452 3708 dicit,
2482 3640 2628 3711 quod
2656 3640 2915 3710 Ephraim
2949 3646 3240 3695 coacervet
3276 3639 3543 3706 iniquita-

1959 3740 2066 3786 tem
2088 3771 2105 3798 ,
2154 3733 2491 3803 assidueque
2521 3741 2737 3802 augeat,
2768 3732 2915 3787 malo
2944 3740 3105 3787 utens
3140 3730 3393 3786 consilio.
3426 3727 3540 3783 Hoc

1958 3825 1978 3845 ⁶
2006 3838 2202 3893 nempe
2232 3822 2507 3895 signiﬁcat
2530 3822 2676 3892 quod
2729 3822 2825 3888 ait,
2861 3839 2880 3872 ι
2905 3820 3303 3877 Absconditum
3339 3832 3538 3889 pecca-

1958 3923 2072 3970 tum
2117 3915 2240 3986 ejus
2261 3954 2276 3980 ,
2319 3933 2338 3967 ›
2374 3915 2480 3969 hoc
2511 3922 2631 3978 est,
2661 3913 2888 3970 Penitus
2921 3912 3144 3967 inﬁxam
3183 3911 3345 3965 habet
3378 3909 3539 3964 mali--

1957 4009 2122 4064 tiam:
2159 4007 2254 4063 sed
2289 4008 2463 4063 tantis
2493 4008 2660 4061 malis
2691 4021 2816 4061 eum
2850 4005 3171 4075 implicabo,
3203 4013 3263 4058 ut
3290 4001 3541 4057 mulieris

1954 4101 2321 4171 parturientis
2371 4115 2526 4155 more
2578 4108 2925 4170 torqueatur.
2982 4097 3192 4154 Deinde
3235 4096 3400 4153 veluti
3443 4110 3540 4166 per

1954 4193 2447 4264 interrogationem
2477 4192 2545 4247 ad
2574 4192 2840 4246 Israelem
2878 4190 3016 4245 dicit
3044 4204 3059 4242 :

345 4281 438 4351 t7'.
482 4299 501 4332 ι
531 4274 699 4345 Οὗτος
718 4283 746 4335 ὁ
766 4266 789 4312 δ
809 4281 921 4346 υἱός
943 4299 1037 4337 σου
1062 4284 1091 4337 ὁ
1114 4284 1396 4355 φρόνιμος.
1438 4305 1457 4337 ι
1495 4286 1712 4352 Τοῦτον,
1744 4307 1850 4360 φη-

2024 4284 2193 4340 Vens.
2224 4285 2310 4338 15.
2361 4304 2380 4335 ι
2422 4284 2530 4338 Iste
2572 4294 2656 4337 est
2684 4282 2831 4337 {ilius
2866 4288 2993 4335 tuus
3031 4279 3270 4347 sapiens.
3313 4294 3332 4326 ι
3379 4273 3537 4328 Hunc

268 4374 327 4428 al.
346 4374 391 4439 ⁷,
416 4372 512 4428 τοῦ
539 4374 806 4444 Μανασσῆ
829 4374 1266 4446 προτετίμηκας,
1295 4376 1392 4429 καὶ
1420 4377 1541 4431 νέον
1575 4378 1704 4431 ὄντα
1750 4379 1845 4433 τοῦ

1965 4384 2035 4438 ιιι,
2063 4372 2266 4441 inquit,
2293 4370 2643 4440 prmposuisti
2669 4368 2932 4432 Manassi,
2957 4376 3011 4422 et
3037 4366 3317 4436 juniorem
3343 4362 3536 4429 majori

267 4466 647 4538 πρεσϐυτέρου
665 4467 970 4538 προέταξας
995 4486 1008 4499 ’
1035 4467 1144 4521 ἀλλ’
1179 4469 1300 4523 ἀντὶ
1326 4472 1423 4541 τῆς
1445 4472 1614 4541 τιμῆς
1635 4473 1850 4543 ἐκείνης

1965 4473 2088 4517 natu
2127 4461 2479 4516 antetulisti:
2522 4474 2713 4514 verum
2763 4474 2863 4529 pro
2909 4458 3126 4543 honore
3163 4455 3259 4509 illo
3310 4451 3536 4507 infamia

265 4554 535 4628 ἀτιμίαν⁸
577 4559 1059 4630 περιϐληθήσεται.
1110 4560 1226 4614 «UO
1281 4561 1391 4632 7&9
1427 4562 1502 4632 μὴ
1537 4562 1746 4635 ὑποστῇ
1794 4567 1854 4619 ὲν

1965 4553 2244 4608 aﬂicictur.
2309 4568 2327 4602 ι
2377 4549 2517 4616 Quia
2580 4564 2688 4604 non
2746 4547 3046 4605 suStincbit
3096 4547 3149 4601 in
3201 4545 3538 4600 contritione

268 4650 535 4722 συντριϐῇ
569 4649 776 4704 τέκνων
819 4648 1046 4705 αὑτοῦ.»
1082 4649 1223 4704 Οὔτε
1259 4650 1368 4722 γὰρ
1416 4654 1527 4715 τοῖς
1558 4654 1855 4722 περιοίκοις

1965 4646 2195 4699 filiorum
2226 4657 2478 4698 suorum.
2513 4661 2532 4693 ›
2568 4639 2688 4694 Νοη
2726 4641 2868 4695 enim
2902 4640 3104 4694 vicinis
3135 4638 3277 4694 bello
3311 4635 3534 4707 impeti-

266 4738 700 4810 πολεμουμένοις
719 4740 996 4810 ἐπαμῦναι
1013 4741 1322 4813 δυνήσεται.
1351 4740 1507 4796 Οὕτω
1535 4743 1604 4796 τὰ
1629 4743 1851 4814 λυπηρὰ

1965 4740 2024 4796 Lis
2055 4739 2314 4808 opitulari
2348 4737 2572 4820 poterit.
2606 4733 2909 4805 Postquam
2938 4748 3072 4788 vero
3108 4730 3290 4786 tristia
3321 4731 3407 4785 sic
3435 4727 3537 4783 de-

267 4832 671 4904 παραγγείλας,
700 4831 794 4884 ἐπὶ
825 4831 923 4900 τὴν
954 4831 1064 4898 τῶν
1093 4832 1347 4904 χρηστῶν
1376 4834 1715 4903 ἐπαγγελίαν
1746 4835 1850 4890 πά-

1965 4832 2250 4898 nuntiavit,
2289 4830 2355 4884 ad
2392 4829 2663 4883 bonorum
2698 4825 3126 4898 promissionem
3168 4822 3366 4878 iterum
3406 4835 3539 4876 con-

264 4919 354 4975 λιν
388 4921 682 4991 μεταφέρει
710 4920 801 4973 τὸν
824 4919 1001 4987 λόγον.

1965 4920 2121 4977 vertit
2149 4933 2485 4976 sermonem.

349 5010 431 5064 ιδ’.
463 5028 483 5061 ι
527 5008 622 5062 Ἐκ
648 5008 829 5080 χειρὸς
863 5008 988 5079 ᾅδου
1017 5007 1255 5081 ῥύσομαι
1288 5010 1505 5077 αὐτοὺς,
1538 5014 1633 5069 καὶ
1659 5016 1723 5069 ὲκ
1751 5014 1850 5070 θα-

2024 5009 2191 5066 Vsns.
2234 5009 2322 5064 M.
2369 5025 2388 5059 ‹
2421 5005 2463 5060 Ε
2494 5021 2660 5060 manu
2690 5002 2892 5058 inferni
2936 5001 3185 5057 liberabo
3222 5014 3348 5066 cos,
3383 5005 3438 5053 et
3468 4995 3537 5052 de

264 5098 433 5160 νάτου
471 5097 822 5171 λυτρώσομαι
858 5097 1074 5164 αὐτούς.
1102 5117 1122 5151 ι
1179 5095 1313 5155 Εἶτα
1361 5103 1673 5168 παιανίζειν
1709 5107 1851 5162 κατὰ

1965 5112 2139 5162 morte
2190 5100 2455 5158 redimam
2506 5098 2653 5153 illos.
2709 5114 2729 5149 ι
2775 5092 2985 5151 Deinde
3032 5100 3292 5164 tanquam
3346 5103 3535 5164 paeana

371 5246 521 5293 xlsa.
561 5255 616 5304 ν,
656 5246 744 5294 18.

415 5236 521 5293 Isa.
561 5255 616 5304 ν,
656 5238 744 5294 18.

475 5359 478 5362 ’
1586 5331 1823 5388 VARIJE
1864 5329 2272 5390 LECTIONES.

345 5423 481 5505 '96.
519 5423 561 5478 Ο
607 5424 702 5494 μή.
779 5425 801 5456 ⁸
868 5423 1051 5505 διαφθ.
1082 5422 1123 5477 C
1152 5423 1441 5547 διασπορέ.
1474 5428 1541 5480 Ει
1568 5429 1763 5482 deinde
1805 5429 2127 5499 διασποράν.
2204 5426 2226 5458 ³
2288 5441 2389 5476 σοι.
2432 5421 2538 5508 Des
2591 5419 2736 5491 apud
2763 5421 2838 5474 0'.
2907 5418 3052 5499 ‘_&v.
3112 5408 3523 5494 lta_Ald..Bec.

345 5502 434 5547 :tto
463 5502 548 5547 est
582 5494 763 5547 ἔσγον.
801 5508 1006 5547 omisso
1035 5494 1217 5547 πάλιν.
1299 5495 1322 5527 ⁵
1418 5510 1498 5547 ee.
1525 5497 1685 5547 lectio
1744 5500 2084 5547 Συστοσωήν.
2189 5496 2209 5527 θ
2242 5495 2271 5546 ὀ
2320 5510 2579 5547 -φοον.
2633 5491 2781 5545 Hanc
2841 5489 3125 5543 lectionem
3180 5482 3523 5535 librariorum

263 5492 434 5569 lectio
463 5482 1006 5569 est_€'ciov,_omisso
1035 5494 1217 5549 πάλιν.
1299 5495 1322 5527 ⁵
1353 5482 1498 5569 ᾙιξο.
1525 5497 1685 5551 lectio
1732 5482 2084 5569 iudaprqﬂv.
2189 5496 2209 5527 °
2242 5495 2271 5569 ῥ
2311 5523 2397 5569 _—-_
2422 5482 2781 5569 cppo'v.__IIan_c
2821 5489 3135 5569 _lectionemr
3180 5482 3525 5569 Ιξξτξπξςξειξξξξ

266 5563 626 5634 negligentia,
649 5549 712 5617 ἰὶι
751 5549 984 5628 videtur,
1012 5572 1349 5633 corruptam,
1382 5549 2149 5630 bene,ein'evndavitvhrabius,
2176 5564 2271 5633 qui
2311 5549 2493 5627 habét',
2549 5563 2663 5625 υἱὸς
2699 5562 2760 5634 οὐ
2812 5562 2841 5634 ᾧ
2879 5557 3158 5634 φρρνιμοςο
3189 5549 3303 5634 ίξρίξ
3342 5553 3522 5634 ³31⁸⁸2⁸

270 5614 2498 5759 ragafe'c‘é‘iécima;quae;'natura;magis}aiaéﬁréiaiag‘aa;'auras
2544 5614 2660 5688 non
2707 5614 2974 5687 licuit.”'
3005 5614 3157 5692 φῆσί·
3204 5618 3327 5673 θεεο
3370 5616 3427 5670 in
3456 5614 3521 5668 θ’

434 5722 528 5759 τιν.
556 5721 608 5759 1.

434 5721 608 5774 τιμιᾳ.
