3904 6202
249 316 376 381 1029

1516 327 1592 388 IN
1632 328 1819 388 OSEE
1853 328 2014 391 CAP.
2054 333 2208 393 XIV.

3340 324 3478 390 1630

244 428 507 498 προσήκει
535 428 842 500 χρήσασθαι
885 430 1063 499 λόγοις
1092 431 1182 486 τὸν
1210 433 1345 488 Θεὸν
1370 433 1787 507 ὲξιλεουμένους

1908 456 2037 507 eos,
2097 442 2301 512 quibus
2344 440 2523 495 verbis
2565 439 2857 497 conveniat
2909 438 2988 493 uti
3044 435 3213 495 Deum
3259 437 3479 509 placare

239 519 439 573 Εἴπατε
498 520 627 590 γάρ.
684 520 838 591 φησὶ,
889 538 909 573 ι
930 520 1167 577 Δύνασαι
1209 525 1254 557 ³⁸
1320 527 1501 582 πᾶσαν
1554 528 1806 598 ἀφαιρεῖν

240 611 533 682 ἁμαρτίαν.
567 631 588 663 ι
620 612 838 683 Ταύτην
864 612 973 684 γὰρ
1011 613 1160 685 αὐτῷ
1203 618 1303 687 τὴν
1330 616 1609 690 ἱκετηρίαν
1640 636 1807 690 προσ-

238 701 514 771 φέροντες,
544 701 605 755 ού
649 701 883 773 λήψεσθε
913 703 1011 773 μὲν
1044 703 1144 776 τῆς
1170 704 1383 770 ἀδικίας
1425 708 1493 763 τὰ
1529 709 1804 781 ἐπίχειρα,

235 794 292 844 ὲν
341 791 642 847 ἀπολαύσει
691 793 750 847 δὲ
808 795 1102 866 γενήσεσθε
1151 798 1508 854 παντοδαπῶν
1562 801 1802 867 ἀγαθῶν.

233 882 504 953 Πρόσθετε
533 883 589 937 δὲ
614 884 841 947 ἐκείνοις
867 889 979 950 τοῖς
1007 886 1203 956 λόγοις,
1227 889 1319 942 τὸν
1348 890 1575 962 Σωτῆρα
1602 895 1695 945 καὶ
1714 892 1806 945 εύ-

230 974 462 1047 εργέτην
494 976 915 1042 ἀντιϐολοῦντες,
946 979 1022 1044 ὡς
1047 979 1247 1034 Οὐκέτι
1283 982 1459 1036 οὐδενὶ
1498 982 1801 1054 ἀνθρώπων

229 1064 598 1137 θαρρήσομεν,
640 1066 741 1120 οὐκ
800 1068 1125 1140 Ἀσσυρίοις,
1172 1070 1273 1124 οὐκ
1318 1072 1656 1139 Αἰγυπτίοις,
1702 1073 1833 1143 οὑχη

229 1155 411 1211 ἵππων
434 1156 653 1228 πλήθει,
687 1157 812 1211 οὔτε
855 1159 961 1230 μὴν
1001 1159 1157 1224 θεοὺς
1190 1162 1486 1234 νομιοῦμεν
1523 1165 1592 1218 τά
1621 1165 1801 1235 χειρὸ-

226 1263 416 1316 κμητα
446 1246 656 1301 εἴδωλα.
694 1246 909 1302 Τούτων
938 1250 1047 1319 γάρ
1084 1249 1189 1303 ὑπὸ
1219 1250 1311 1304 σοῦ
1349 1252 1674 1321 λεγομένων,
1701 1254 1729 1304 ὁ
1755 1254 1797 1287 ¹⁷

222 1337 285 1389 ἐν
319 1338 405 1402 σοι
435 1337 672 1408 συνεχῶς
724 1340 1044 1411 φαινόμενος
1087 1344 1301 1409 Κύριος
1341 1342 1581 1410 ἐλεήσει
1612 1345 1796 1414 ὀρφα-

220 1431 356 1483 νόν·
373 1428 643 1493 τουτέστι,
661 1428 754 1481 τὸν
769 1428 1005 1499 ὀρφανοῦ
1025 1430 1179 1502 δίκην
1203 1432 1307 1501 ἀτη
1317 1432 1544 1502 μέλητον
1569 1430 1697 1487 ὄντα
1714 1451 1793 1495 σε,

219 1521 317 1573 καὶ
347 1518 798 1590 ἀκηδεμόνευτον,
828 1520 1006 1587 πάσης
1036 1520 1257 1586 ἀξιώσει
1291 1523 1566 1594 προνοίας,
1591 1525 1687 1579 καὶ
1722 1524 1795 1579 ίά-

219 1627 361 1674 σεως
389 1610 447 1665 δὲ
474 1610 768 1681 μεταδώσω
792 1628 894 1677 σοι,
919 1613 1027 1666 τῶν
1053 1614 1416 1686 ἐπικειμένων
1439 1615 1794 1671 ἀπαλλάττων

218 1700 430 1754 κακῶν.
475 1701 714 1772 Γνησίως
753 1701 809 1755 δὲ
842 1701 970 1773 περὶ
1014 1703 1073 1756 σὲ
1115 1703 1461 1775 διαθήσομαι,
1493 1707 1588 1760 καὶ
1613 1707 1794 1760 πᾶσαν

214 1793 319 1863 τὴν
342 1790 725 1863 ἐπενεχθεῖσαν
753 1809 833 1846 σοι
865 1795 1204 1851 καταπαύσω
1237 1796 1486 1851 παιδείαν
1510 1814 1525 1829 ·
1557 1798 1789 1870 χορηγήο
1823 1778 1863 1833 Β

216 1901 300 1939 σω
325 1884 383 1939 δέ
424 1900 505 1939 σοι
534 1878 645 1938 οἶόν
681 1902 801 1940 τινα
822 1884 1008 1956 δρόσον
1045 1886 1144 1951 τὰς
1182 1888 1321 1957 ἐμὰς
1354 1889 1581 1959 δωρεὰς,
1613 1889 1688 1954 ὡς
1723 1890 1790 1946 ἂν

213 1978 392 2048 κρίνῳ
413 1976 807 2048 παραπλησίως
834 1977 1098 2049 ἀνθήσαις
1118 1998 1131 2012 ·
1155 1979 1314 2033 τοῦτο
1338 1982 1447 2053 γάρ
1478 1983 1788 2054 παρεδήλωο

212 2084 311 2122 σεν
338 2067 577 2139 εἰρηκὼς
608 2086 623 2100 ο

288 2167 363 2226 ς’.
411 2180 430 2213 ι
462 2161 695 2231 Ἔσομαι
745 2161 820 2225 ὡς
847 2161 890 2193 ³⁸
936 2162 1127 2234 δρόσος
1148 2162 1227 2231 τῷ
1277 2163 1514 2236 Ἰσραὴλ,
1562 2165 1786 2237 ἀνθήσει

209 2254 291 2319 ὡς
310 2254 513 2324 κρίνον.
546 2272 567 2305 ι
605 2252 879 2324 Πολλαχοῦ
901 2254 957 2307 δὲ
988 2253 1180 2308 τούτου
1211 2253 1303 2309 τοῦ
1322 2257 1361 2288 ³⁸
1394 2255 1588 2319 ἄνθους
1616 2255 1788 2327 ήθεία

211 2345 494 2416 μέμνηται
521 2345 733 2418 Γραφή.
772 2346 883 2400 Καὶ
924 2347 1154 2410 Ἡσαΐας
1190 2346 1289 2420 μὲν
1316 2346 1416 2418 βοᾷ
1437 2366 1451 2379 ο
1489 2367 1507 2400 ι
1537 2346 1789 2418 Εὐφρανο

208 2436 361 2506 θήτω
386 2437 418 2506 ἡ
447 2435 672 2507 ἕρημος,
703 2436 794 2490 καὶ
816 2436 1048 2491 ἀνθείτω
1076 2436 1153 2501 ὡς
1184 2437 1389 2508 κρίνον.
1424 2457 1444 2491 ι
1506 2438 1595 2492 Ἐν
1625 2438 1682 2492 δὲ
1710 2437 1788 2510 τῷ

211 2527 458 2598 ’ᾼσματι
488 2527 597 2580 τῶν
628 2527 885 2599 ᾀσμάτων
925 2528 1054 2599 περὶ
1106 2529 1204 2598 τῆς
1230 2528 1448 2599 νύμφης
1488 2530 1517 2584 ὁ
1555 2529 1786 2601 νυμφίος

207 2620 379 2689 φησίν
398 2637 413 2651 ι
438 2638 457 2671 ι
490 2620 580 2684 Ὠς
604 2619 788 2690 κρίνον
816 2621 873 2674 ὲν
902 2620 1053 2691 μέσῳ
1076 2620 1347 2687 ἀκανθῶν,
1379 2623 1551 2685 οὕτως
1579 2621 1785 2693 ήάδελ-

204 2711 338 2784 φιδή
378 2728 480 2783 μου
497 2710 544 2742 ’⁸
584 2710 858 2783 ἀναμέσον
886 2711 993 2765 τῶν
1033 2711 1369 2783 θυγατέρων.
1399 2730 1420 2764 ι
1465 2713 1577 2767 Καὶ
1611 2715 1638 2766 ὁ
1673 2712 1786 2767 Κύ-

205 2821 327 2875 ριος
347 2803 405 2859 δὲ
431 2806 488 2858 ὲν
512 2806 627 2871 τοῖς
656 2804 820 2876 ἱεροῖς
846 2805 1202 2875 Εὑαγγελίοις
1222 2845 1237 2872 ,
1272 2825 1292 2859 ι
1332 2805 1780 2877 Ἀποϐλέψατε²¹,

203 2897 398 2967 φησιν,
426 2897 507 2963 είς
544 2897 611 2952 τὰ
656 2896 815 2968 κρίνα
863 2897 958 2951 τοῦ
988 2897 1185 2969 ἀγροῦ.
1225 2897 1397 2968 Ἀμὴν
1426 2897 1569 2966 λέγω
1617 2898 1779 2967 ὑμῖν,

200 2984 332 3040 οὔτε
373 2985 623 3057 Σολομὼν
659 2988 719 3040 ἐν
759 2987 908 3059 πάσῃ
948 2989 1014 3057 τῇ
1058 2986 1182 3058 δόξῃ
1215 2987 1380 3041 αὑτοῦ
1429 2988 1784 3059 περιεϐάλετο

1909 533 2280 590 studentibus.
2322 532 2494 589 Dicite
2551 533 2719 596 enim,
2748 530 2847 595 ait,
2878 548 2898 581 ι
2933 531 3090 586 l'otes
3118 545 3337 586 omnem
3368 529 3479 584 .tol-

1907 628 2020 685 lore
2059 628 2426 698 iniquitatem.
2462 646 2483 679 ι
2531 624 2684 680 Hanc
2725 625 2871 679 enim
2910 622 2989 681 illi
3022 622 3475 692 supplicationem

1907 719 2236 783 oder-entes,
2283 733 2392 773 non
2437 718 2669 787 capietis
2724 714 3009 785 iniustitiae
3050 713 3312 785 praemia,
3341 712 3474 781 quin

1900 809 2211 865 eﬂiciemini
2246 815 2530 876 eompotes
2563 808 2808 861 omnium
2851 805 3148 861 bonorum.
3186 801 3477 871 Adjungite

1902 901 2069 957 etiam
2104 900 2216 956 illis
2244 900 2445 963 verbis,
2477 897 2820 952 Salvatorem
2856 904 2907 951 et
2939 894 3344 951 benefactorem
3382 907 3474 945 ro-

1904 1001 2122 1063 gantes,
2149 989 2290 1046 Nulli
2325 990 2560 1059 amplius
2595 989 2912 1044 mortalium
2940 986 3284 1043 conﬁdemus
3309 1026 3327 1049 ,
3364 998 3474 1039 non

1900 1083 2162 1154 Assyriis,
2195 1098 2304 1137 non
2340 1082 2630 1153 Egyptiis,
2661 1096 2772 1136 non
2807 1093 3073 1148 equorum
3108 1075 3471 1139 multitudini,

1903 1190 2081 1244 neque
2130 1175 2264 1231 deos
2313 1174 2759 1233 existimabimus
2802 1173 2949 1229 idola
2997 1170 3330 1229 manut‘acta.
3374 1165 3473 1222 His

1900 1267 2047 1323 enim
2079 1266 2175 1323 abs
2206 1275 2259 1322 te
2284 1265 2452 1321 dictis
2474 1305 2491 1331 ,
2544 1265 2839 1327 Dominus,
2882 1263 2979 1331 qui
3033 1261 3258 1317 assiduo
3293 1267 3469 1313 tecum

1897 1366 2017 1421 est,
2058 1357 2397 1415 miserebitur
2424 1356 2658 1425 pupilli:
2705 1355 2810 1410 boc
2840 1362 2957 1416 est,
2996 1359 3049 1407 te
3081 1358 3341 1420 tanquam
3370 1363 3472 1417 pu-

1898 1449 2090 1519 pillum
2134 1449 2306 1505 tutela
2341 1456 2395 1503 et
2430 1447 2720 1502 curatione
2762 1452 3042 1502 carentem
3096 1441 3244 1497 omni
3284 1439 3468 1508 provi-

1897 1539 2084 1595 dentia
2120 1540 2356 1606 fovebit;
2407 1538 2517 1593 imo
2551 1538 2844 1592 sanitatem
2866 1576 2882 1602 ,
2911 1533 3126 1604 inquit,
3160 1530 3229 1587 ab
3265 1545 3466 1598 urgcno

1895 1630 2046 1686 tibus
2092 1631 2252 1686 malis
2294 1640 2347 1685 te
2398 1629 2617 1699 1378
2672 1628 2947 1692 liberans,
2999 1622 3302 1694 impertiar.
3345 1619 3471 1674 Sin—

1895 1735 2025 1776 cero
2062 1729 2243 1777 autem
2267 1718 2466 1775 aﬂ‘ectu
2497 1729 2551 1775 te
2586 1732 2920 1788 prosequar,
2967 1722 3022 1770 et
3071 1711 3331 1771 inﬂictam
3366 1707 3466 1765 tibi

1893 1811 2314 1882 castigationem
2365 1825 2583 1865 onmem
2627 1823 2853 1864 cessare
2901 1805 3097 1862 faciam
3136 1822 3156 1865 ς
3206 1809 3465 1874 przeterea

1891 1903 1988 1959 tibi
2017 1903 2172 1973 quasi
2220 1917 2403 1959 rorem
2461 1900 2757 1971 quemdam
2803 1913 2924 1954 mea
2978 1897 3124 1953 dona
3170 1893 3464 1967 praebebo,

1892 1999 1950 2047 ut
1985 1991 2185 2048 ﬂoreas
2229 1992 2378 2048 sicut
2425 1990 2622 2045 lilium.
2673 1988 2789 2043 Hoc
2831 1988 2975 2043 enim
3029 1983 3336 2056 expressit,
3383 1981 3465 2037 di—

1886 2101 2022 2141 cens
2054 2103 2068 2139 ἶ

1960 2176 2124 2232 Vsus.
2169 2175 2220 2230 6.
2274 2194 2294 2227 ι
2338 2174 2447 2229 Ero
2493 2173 2653 2244 quasi
2710 2188 2803 2227 ros
2852 2169 3086 2236 lsraeli,
3135 2166 3354 2224 ﬁorebit
3403 2174 3464 2223 ut

1888 2269 2082 2326 lilium.
2118 2286 2137 2321 ι
2189 2267 2363 2336 Hujus
2400 2280 2529 2319 vero
2571 2263 2723 2318 ﬂoris
2766 2276 2914 2332 saepe
2967 2274 3130 2316 sacra
3178 2257 3464 2328 Scriptura

1888 2358 2159 2415 meminit.
2195 2356 2260 2411 Et
2284 2353 2509 2426 quidem
2542 2352 2714 2409 Isaias
2742 2352 2944 2409 clamat
2976 2371 2990 2406 :
3039 2368 3057 2401 ι
3092 2347 3328 2404 Latetur
3365 2347 3461 2402 de-

1886 2456 2065 2512 serta,
2093 2457 2147 2501 et
2177 2445 2366 2502 ﬂoreat
2391 2443 2554 2516 quasi
2583 2442 2757 2497 lilium
2791 2449 2836 2495 ι.
2871 2459 2890 2494 ι
2929 2441 2989 2497 ln
3022 2439 3255 2495 Cantica
3282 2447 3463 2493 autem

1886 2539 2230 2595 canticorum
2256 2537 2326 2592 de
2355 2550 2557 2606 sponsa
2588 2548 2832 2605 sponsus
2869 2532 2985 2589 ait;
3027 2550 3046 2582 ι
3088 2529 3242 2586 Sicut
3287 2529 3460 2585 lilium

1863 2631 1940 2685 ‘in
1969 2628 2148 2687 medio
2172 2629 2477 2698 spinarum,
2508 2627 2590 2681 sic
2612 2633 2842 2695 cognata
2875 2636 2995 2678 mea
3027 2621 3168 2676 inter
3198 2620 3338 2676 ﬁlias
3361 2632 3409 2672 ι.
3434 2638 3455 2672 ι

1886 2719 2023 2775 Tum
2052 2721 2107 2775 in
2140 2719 2315 2777 sacris
2337 2716 2648 2786 Evangeliis
2682 2714 2948 2770 Dominus
2983 2713 3160 2781 inquit
3197 2729 3210 2765 :
3263 2728 3284 2762 ι
3316 2710 3461 2764 Con-

1886 2812 2125 2869 siderate
2159 2811 2271 2866 lilia
2302 2809 2444 2882 agri.
2476 2807 2648 2861 Amen
2681 2805 2805 2860 dico
2834 2804 3012 2869 vobis,
3051 2807 3070 2825 ¹
3114 2818 3184 2859 ne
3222 2801 3451 2857 Salomo

1884 2901 2108 2971 quidem
2138 2899 2193 2953 in
2221 2899 2370 2953 omni
2403 2896 2577 2971 gloria
2606 2911 2704 2952 sua
2727 2896 2959 2952 vestitus
2987 2892 3089 2948 fuit
3118 2894 3263 2951 sicut
3286 2906 3456 2949 unum

1883 3008 1948 3047 ex
1993 2991 2116 3046 istis
2155 2990 2206 3045 δ.
2249 3008 2268 3042 ι
2321 2989 2399 3043 Ex
2437 2987 2586 3043 omni
2632 2993 2788 3056 parte
2829 2985 2994 3055 igitur
3022 2983 3454 3053 cognoscimus,

198 3079 284 3144 ὡς
311 3079 371 3132 ἓν
397 3078 626 3133 τούτων.
658 3096 678 3132 ι
725 3079 1069 3150 Πανταχόθεν
1101 3079 1283 3133 τοίνυν
1315 3080 1679 3152 μανθάνομεν,
1707 3081 1783 3144 ὼς

1892 3086 2083 3150 praeter
2107 3077 2539 3135 suaveolentiam
2570 3077 2732 3131 etiam
2767 3075 2866 3129 lilii
2899 3073 3245 3144 splendorem
3279 3071 3456 3126 admio

200 3173 345 3243 πρὸς
368 3174 432 3243 τῇ
459 3171 660 3243 εὐωδίᾳ
694 3170 787 3225 καὶ
812 3172 843 3242 ὴ
865 3171 1187 3243 λαμπρότης
1215 3171 1309 3225 τοῦ
1346 3172 1538 3236 ἄνθους
1566 3171 1779 3245 θαυμά-

200 3267 380 3331 ζεται.
430 3263 617 3337 Ταύτῃ
660 3262 717 3317 δὲ
757 3263 1163 3335 παραϐάλλεται
1218 3265 1250 3333 ἡ
1306 3262 1399 3316 τοῦ
1448 3262 1620 3333 ῥύπου
1681 3265 1781 3333 τῆς

198 3355 482 3428 ἁμαρτίας
511 3353 907 3426 ἀπηλλαγμένη
932 3354 1102 3426 ψυχὴ,
1136 3354 1229 3407 καὶ
1256 3354 1355 3422 τὴν
1389 3353 1780 3425 λαμπροτάτην

196 3446 300 3501 τοῦ
330 3446 707 3518 βαπτίσματος
729 3444 1167 3515 περιϐεϐλημένη
1195 3445 1409 3514 στολὴν,
1439 3445 1567 3516 περὶ
1595 3439 1662 3517 ἧς
1686 3445 1783 3500 καὶ

208 3540 443 3602 Ἡσαΐας
482 3537 580 3610 βοᾷ
599 3556 612 3569 ·
649 3558 669 3590 ι
709 3535 1079 3607 ’Δγαλλιάσθω
1101 3538 1133 3608 ἡ
1159 3536 1303 3608 ψυχή
1329 3553 1429 3606 μου
1451 3536 1542 3589 ἐπὶ
1567 3536 1644 3607 τῷ
1671 3538 1781 3591 Κυ-

200 3629 337 3703 ρίῳ·
385 3628 598 3682 ἐνέδυσε
629 3628 738 3700 γάρ
776 3645 844 3699 με
881 3628 1095 3697 ἱμάτιον
1123 3625 1414 3698 σωτηρίου,
1453 3627 1546 3680 καὶ
1579 3625 1782 3696 χιτῶνα

197 3719 566 3793 εὐφροσύνης.
580 3738 598 3771 ι
614 3719 800 3788 Τούτῳ
822 3718 932 3789 γὰρ
952 3717 1348 3790 παραπλησίως
1361 3717 1438 3788 τῷ
1451 3718 1621 3788 κρίνῳ
1640 3718 1733 3772 καὶ
1752 3720 1780 3772 ὁ

210 3809 436 3882 Ἰσραὴλ
469 3809 560 3864 τὸν
598 3807 730 3863 Θεὸν
775 3809 1052 3877 ἐπιγνοὺς,
1122 3826 1140 3859 ι
1178 3809 1450 3879 Ἀνθήσει,
1490 3809 1652 3878 φησὶ,
1685 3810 1780 3863 καὶ⁵

198 3903 362 3975 βαλεῖ
402 3902 501 3967 τὰς
546 3901 705 3972 ῥίζας
758 3898 924 3955 αὐτοῦ
958 3897 1034 3963 ὡς
1077 3897 1329 3963 Λίϐανος.
1365 3917 1384 3949 ι
1427 3899 1587 3970 Δηλοῖ
1620 3898 1675 3952 δὲ
1717 3899 1781 3952 τὸ

194 3997 328 4067 ὅρος
356 3994 418 4049 τὸ
445 3996 563 4058 ταῖς
592 3992 803 4063 κέδροις
831 3990 1297 4063 κατεστεμμένον.
1341 3985 1474 4044 Εϊτα
1498 3990 1560 4045 τὸ
1584 3990 1779 4061 ἐσόμε-

194 4104 293 4141 νον
320 4082 688 4155 αἰνιττόμενος
711 4081 938 4153 πλῆθοςο

273 4176 339 4241 ς’.
376 4195 395 4228 ι
428 4172 793 4246 Πορεύσονται
832 4170 880 4223 οί
911 4169 1097 4224 κλάδοι
1128 4167 1316 4222 αὑτοῦ.
1351 4186 1371 4218 ι
1411 4166 1778 4237 Προαγορεύει

197 4269 300 4322 καὶ
338 4266 428 4320 τὸν
443 4265 488 4298 ’³
529 4263 631 4335 τῆς
681 4261 960 4326 εὐσεϐείας
1003 4260 1255 4333 καρπόν·
1286 4277 1305 4310 ι
1343 4258 1452 4312 Καὶ
1500 4257 1652 4310 ἔσται
1702 4257 1778 4320 ὡς

196 4359 360 4417 ἐλαία
387 4356 760 4428 κατάκαρπος,
781 4352 873 4408 καὶ
899 4354 933 4423 ἡ
952 4351 1224 4423 ὀσφρασία
1242 4351 1288 4381 ’³
1317 4347 1480 4401 αὑτοῦ
1509 4346 1585 4409 ὡς
1609 4347 1778 4401 Λιϐά-

196 4468 317 4506 νου.
346 4468 365 4501 ι
389 4447 637 4501 Διδάσκει
664 4444 721 4498 δὲ
749 4444 845 4499 καὶ
868 4442 976 4496 τῶν
996 4440 1214 4511 ἀγαθῶν
1235 4439 1333 4511 τὴν
1361 4438 1558 4491 αἰτίαν·

273 4547 349 4612 η’.
386 4558 406 4591 ι
438 4536 875 4607 Ἐπιστρέψουσι,
934 4534 1028 4587 καὶ
1076 4528 1388 4586 καθιοῦνται
1424 4528 1528 4583 ὑπὸ
1545 4528 1626 4560 ¹³⁶
1677 4527 1776 4598 τὴν

197 4635 415 4705 σκέπην
445 4630 629 4686 αὐτοῦ’
664 4649 681 4680 ι
703 4628 971 4694 τουτέστι,
998 4625 1091 4679 τοῦ
1117 4624 1275 4679 Θεοῦ.
1308 4642 1327 4676 ι
1361 4623 1468 4677 Καὶ
1495 4621 1773 4693 ζήσονται,

197 4726 301 4779 καὶ
334 4719 847 4793 σ·τ;ηριχθήσονται²¹⁵
880 4718 1031 4787 σίτῳ,
1060 4717 1158 4770 καὶ
1187 4714 1473 4783 ὲξανθήσει
1492 4713 1567 4777 ὡς
1596 4713 1777 4781 ἄμπε-

193 4817 294 4877 λος
326 4814 391 4869 τδ
419 4813 759 4885 μνημόσυνον
788 4809 985 4871 αὐτῶν,
1008 4809 1084 4870 ὼς
1107 4803 1253 4871 οἶνος
1282 4804 1539 4860 Λιϐάνου.
1566 4823 1585 4856 ι
1608 4805 1773 4859 Ἀπο-

193 4907 520 4977 ταττόμενοι
556 4904 667 4975 γὰρ
700 4905 767 4975 τῇ
802 4901 979 4972 πλάνῃ
1008 4899 1117 4952 τῶν
1158 4897 1413 4964 εἰδώλων,
1444 4898 1539 4950 καὶ
1567 4899 1635 4968 τῇ
1664 4899 1771 4968 ἐμῇ

196 4996 536 5071 θαρροῦντες
571 4993 886 5066 κηδεμονίᾳ,
934 4988 1291 5043 παντοδαπῶν
1336 4987 1557 5058 ἀγαθῶν
1587 4986 1766 5051 δέξον-

1885 3172 2154 3227 rationem
2181 3169 2482 3225 concitare.
2514 3167 2652 3222 lluic
2683 3175 2865 3223 autem
2897 3174 3250 3236 comparatur
3274 3164 3456 3219 anima

1882 3275 1914 3313 a
1950 3258 2211 3316 sordibus
2243 3265 2594 3328 peccatorum
2632 3256 2881 3321 liberata,
2916 3262 2973 3312 et
3007 3253 3458 3324 splendidissima

1882 3352 2021 3408 stola
2060 3350 2317 3422 baptismi
2359 3357 2575 3414 ornata,
2612 3348 2680 3404 de
2715 3363 2825 3417 qua
2858 3347 3025 3401 etiam
3065 3346 3236 3402 Isaias
3276 3345 3458 3415 loqui-

1883 3455 2009 3500 tur:
2046 3461 2065 3495 ί
2100 3442 2352 3499 Exsultet
2384 3441 2569 3495 anima
2598 3454 2714 3495 mea
2744 3438 2798 3493 in
2830 3437 3084 3503 Domino,
3112 3437 3244 3507 quia
3278 3436 3457 3493 induit

1880 3552 1967 3592 me
2007 3535 2331 3592 vestimento
2364 3534 2582 3595 salutis,
2612 3541 2667 3587 et
2689 3531 2877 3585 tunica
2898 3528 3111 3589 laetitia:
3145 3539 3193 3584 ο.
3224 3547 3245 3583 ι
3301 3527 3459 3583 Sicut

1879 3628 2023 3684 enim
2052 3627 2155 3685 hoc
2180 3626 2354 3681 lilium
2380 3666 2395 3688 .
2432 3624 2649 3694 inquit,
2686 3621 2904 3681 ﬁorebit
2942 3620 3108 3679 Israel
3137 3634 3450 3690 agnoscens

1879 3720 2195 3776 Dominum.
2252 3736 2271 3770 ι
2313 3716 2593 3779 Florebit,
2644 3714 2862 3785 inquit,
2914 3723 2968 3769 et
2990 3711 3205 3768 emittet
3239 3702 3454 3766 radiCES

1880 3826 2011 3867 suas
2063 3811 2222 3879 quasi
2280 3806 2547 3862 Libanus.
2587 3824 2606 3859 ι
2658 3804 2894 3860 Montem
2946 3813 3130 3858 autem
3183 3801 3456 3872 signiﬁcat

1879 3901 2059 3958 cedris
2117 3899 2276 3970 quasi
2330 3898 2494 3955 sertis
2550 3896 2885 3952 redimitum.
2948 3893 3153 3951 Deinde
3211 3893 3454 3949 futuram

1879 3993 2282 4051 multitudinem
2317 3991 2595 4063 designat,
2624 4004 2748 4046 cum
2776 3987 2855 4045 ait
2883 4006 2895 4043 :

1947 4175 2117 4233 Vens.
2164 4177 2216 4232 7.
2267 4194 2287 4228 ι
2320 4174 2487 4230 Ibunt
2527 4176 2665 4229 rami
2714 4174 2860 4244 ejus.
2896 4192 2917 4227 ι
2970 4171 3227 4226 Prmdicit
3283 4170 3451 4225 etiam

1880 4265 2097 4336 pietatis
2143 4263 2379 4317 fructum
2418 4280 2431 4314 :
2460 4280 2479 4315 ι
2514 4261 2580 4315 Ει
2614 4264 2719 4317 erit
2748 4261 2907 4320 quasi
2942 4261 3090 4317 oliva
3124 4258 3446 4324 fructifera,

1878 4362 1933 4408 et
1965 4353 2102 4409 odor
2155 4353 2370 4422 1379
2410 4352 2558 4406 illius
2597 4353 2754 4422 quasi
2786 4350 3001 4406 Libani.
3035 4369 3055 4401 ι
3110 4348 3248 4404 Tum
3287 4347 3447 4402 docet

1805 4442 1852 4501 D
1882 4446 2149 4502 bonorum
2184 4459 2414 4497 causam
2450 4459 2464 4494 :

1950 4535 2115 4590 Vens.
2151 4534 2203 4588 8.
2244 4555 2262 4585 ι
2291 4533 2714 4591 Convertentur,
2737 4538 2790 4586 et
2816 4530 3086 4585 sedebunt
3116 4529 3220 4584 sub
3253 4528 3448 4582 umbra

1875 4625 2018 4695 ejus.
2058 4643 2077 4676 ι
2124 4622 2237 4677 Ηοο
2277 4632 2358 4678 est
2390 4660 2402 4684 .
2451 4622 2556 4676 sub
2604 4621 2796 4675 umbra
2845 4619 2961 4675 Dei.
3004 4638 3023 4670 ι
3057 4619 3122 4674 Ει
3147 4621 3366 4686 vivent,
3392 4626 3449 4673 et

1878 4716 2246 4773 ﬁrmabuntur
2289 4713 2601 4768 frumento:
2644 4722 2698 4768 et
2732 4712 2998 4767 eiﬂorebit
3040 4720 3099 4765 ut
3127 4711 3287 4764 vinea
3333 4724 3448 4763 me-

1876 4807 2105 4863 moriaie
2145 4820 2334 4860 eorum
2364 4844 2378 4868 ,
2423 4804 2581 4873 quasi
2628 4805 2812 4858 vinum
2864 4803 3077 4858 Libani.
3113 4821 3131 4853 ι
3182 4794 3446 4855 Nuntium

1883 4899 2028 4954 enim
2067 4897 2407 4951 remittentes
2450 4894 2721 4949 idolorum
2757 4895 2966 4958 errori,
3011 4903 3067 4949 et
3098 4907 3231 4948 meae
3265 4890 3450 4961 provi-

1872 4987 2074 5044 dentiae
2098 4983 2458 5051 conﬁdentes,
2491 4984 2734 5039 omnium
2763 4985 3028 5039 bonorum
3056 4984 3215 5055 copia
3239 4982 3448 5039 redun-

314 5114 447 5194 Jlsa.
477 5153 639 5203 xxxv,
673 5137 722 5191 ί.
794 5145 818 5173 ⁸
846 5133 1003 5189 Cant.
1042 5147 1103 5199 ll,
1130 5130 1185 5186 2.
1258 5132 1290 5173 δ
1321 5130 1512 5186 Matth.
1531 5147 1608 5197 vr,
1637 5132 1729 5197 29,
1754 5134 1787 5188 5

1921 5142 1944 5171 ο
1967 5130 2070 5185 lsa.
2102 5143 2213 5195 LXI,
2245 5127 2333 5182 ιο.

1516 5273 1750 5330 VARIZE
1782 5269 2182 5328 LECTIONES.

273 5437 325 5511 ξ’
355 5437 483 5511 Adv.
520 5469 591 5511 έ-
630 5439 833 5511 ἀμαρτ.
854 5435 994 5511 pes:
1016 5433 1174 5511 apud
1197 5431 1338 5511 LX}
1358 5453 1376 5511 ξ
1407 5433 1531 5511 eod.
1569 5433 1730 5511 Bari}:
1767 5430 1930 5486 habet
1980 5433 2213 5511 ἀδικίαν.

852 5484 994 5560 FEva
1018 5484 1382 5575 £66153”;
1574 5484 1660 5558 ou.
1680 5484 1887 5569 Supra,
1915 5484 2222 5570 ‘p."54"emi
2253 5499 2285 5566 ή
2331 5497 2558 5567 πλησίον
2617 5484 2763 5565 p.00.-
2785 5484 2801 5492 ’
2827 5495 2869 5524 ³⁸
2897 5490 3114 5551 ἀποϐλ.,
3170 5506 3221 5541 κ.
3279 5505 3325 5538 τ.
3387 5484 3443 5535 λ.

648 5595 704 5628 ςςε.
777 5578 821 5609 ’³
847 5577 940 5628 καὶ
968 5575 1080 5628 τόν.
1105 5520 1227 5628 (gae
1254 5574 1366 5627 καί.
1444 5573 1490 5605 ³³
1527 5521 1686 5628 foco.
1715 5572 1755 5624 C
1788 5571 2081 5628 εὐφρασία.
2115 5572 2233 5626 sine
2262 5568 2423 5628 alius,
2462 5573 2724 5628 quantum
2753 5561 2977 5625 scimus,
3006 5559 3214 5628 codicis
3246 5554 3442 5628 suﬁra-

203 5508 343 5563 edit.

378 5509 570 5577 priori.

205 5577 380 5633 Aliter
424 5578 461 5630 Ι.
508 5594 559 5632 c.
599 5578 704 5645 leg.

777 5578 821 5609 “
847 5577 940 5630 καὶ
968 5575 1080 5628 τόν.

2310 5430 2352 5461 ιτ
2377 5428 2426 5482 ὁ.
2456 5426 2533 5482 Ex
2585 5424 2626 5482 C
2678 5421 2858 5492 suppl.
2966 5421 3137 5492 κως.
3166 5419 3358 5474 Deerat
3382 5417 3446 5492 in

1170 5554 1227 5626 δὲ
1254 5554 1382 5627 καί)
1411 5554 1490 5605 ’λέ
1527 5554 1686 5643 ὄσφρ.
1709 5554 2081 5643 (ςἐὑφρῖισία,
2100 5554 2233 5643 sine
2257 5554 2724 5643 alius,'_q_uan_tum
2753 5561 2977 5643 scimus,
3004 5559 3214 5643 codicis
3246 5554 3442 5643 satira:

203 5621 370 5716 Eii-3'."
396 5621 464 5679 ⁸δῖ
786 5621 1489 5716 Ιεξῖέιίιῖιᾉῗοῖάξῂέὶνηι.
1526 5621 1684 5694 5:5."
1714 5621 1757 5673 ἶί
1781 5621 2228 5710 άττξρῖιιίεῖᾟεί
2247 5621 2310 5705 C,
2346 5621 2450 5695 sed
2480 5621 2679 5693 Bosius
2742 5632 2807 5686 ad
2844 5631 2899 5684 lt.
2926 5621 2972 5684 l.
3003 5626 3202 5682 Nostro
3250 5621 3443 5678 tribuit

206 5711 498 5774 lectionem
533 5718 656 5774 cod.
692 5711 863 5771 νειιίοῖ
900 5711 1345 5784 μεθυσθήσονται.
