3904 6202
520 319 645 386 1831
715 279 722 286 ’

1505 317 1989 378 ΤΙΙΕΟΟΟΒΕΤΙ
2022 315 2360 375 EPISCOPI
2396 317 2760 378 CYRENSIS

3586 318 3693 384 1632

515 439 744 494 dabunt.
782 437 846 492 Et
871 436 1120 492 similiter
1149 444 1208 489 ut
1242 436 1429 489 vinum
1462 435 1751 488 odoratum
1790 435 1842 486 in
1877 432 2087 485 Libano

2206 450 2282 485 ιαι
2312 433 2410 502 τὴν
2441 431 2722 499 ἀφθονίαν,
2751 429 2846 484 καὶ
2877 426 3011 498 οἴνῳ
3041 427 3220 480 εὐώδει
3267 429 3628 500 παραπλησίως,
3655 441 3695 488 ὲν

516 534 763 595 cultum,
792 529 1009 583 virtutis
1048 543 1274 582 suavem
1305 526 1529 580 odorem
1573 525 1853 580 habebunt
1881 543 1893 578 :
1929 532 2094 594 atque

519 620 668 673 illinc
703 626 1012 672 manantem
1049 619 1207 673 bona:
1230 615 1667 672 existimationis
1700 615 1939 670 fructum
1974 630 2096 684 per-

518 711 721 778 cipient
749 727 760 761 :

590 797 757 854 Vens.
787 800 840 853 9.
879 817 898 851 ι
933 799 1251 869 Ephraimo.
1283 799 1424 866 Quid
1459 798 1509 853 ei
1541 799 1688 853 ultra
1739 806 1794 854 et
1837 798 2042 853 idolis?
2073 818 2090 850 ι

517 891 651 947 Cum
688 890 888 960 igitur,
916 889 1176 959 Ephraim
1202 929 1216 954 ,
1253 892 1568 960 perceperis
1601 890 1806 956 animo,
1839 906 1962 959 quae
1989 891 2098 944 sint

518 981 739 1052 pietatis
775 997 930 1050 opes,
955 982 1080 1051 fuge
1112 982 1384 1036 idolorum
1424 996 1670 1037 errorem
1702 1000 1716 1036 :
1751 982 1917 1052 hujus
1951 982 2095 1036 enim

519 1074 693 1144 gratia
737 1075 1017 1144 corrigere
1055 1081 1109 1129 te
1148 1074 1336 1129 volens
1371 1073 1656 1128 humiliavi
1687 1113 1702 1139 ,
1743 1081 1798 1129 et
1838 1074 2103 1128 corrobo-

517 1166 653 1220 rabo
694 1174 746 1221 te
794 1165 1174 1221 misericordia
1217 1173 1418 1228 utens,
1470 1173 1526 1220 et
1564 1165 1819 1235 junipero
1853 1167 2097 1220 conden-

520 1267 652 1311 sata:
691 1256 925 1312 similem
969 1272 1055 1312 me
1096 1257 1193 1312 tibi
1232 1257 1500 1312 exhibebo
1527 1299 1541 1323 ,
1581 1265 1636 1311 et
1683 1257 1895 1313 fructus
1931 1272 1961 1311 a
2016 1274 2099 1314 me

521 1348 815 1418 percipies.
862 1347 993 1402 Nam
1043 1363 1259 1414 semper
1295 1348 1479 1404 virens
1518 1348 1817 1418 iuniperus
1839 1349 2098 1406 exsistit:

523 1458 700 1511 neque
729 1451 810 1497 est
844 1443 1216 1512 putrescentis
1253 1448 1467 1496 natura:
1493 1483 1507 1504 ,
1561 1449 1616 1496 et
1656 1457 1814 1497 coma
1864 1443 2102 1512 cingitur

522 1533 793 1587 aculeata.
825 1532 981 1588 l-lunc
1017 1541 1197 1586 autem
1232 1532 1335 1588 ista
1369 1533 1576 1586 habent
1613 1548 1834 1588 sensum
1874 1551 1884 1582 :
1940 1532 2100 1589 Omni

523 1625 712 1679 studio
743 1623 837 1679 tibi
872 1625 1220 1695 prospiciens
1248 1665 1262 1690 ,
1315 1625 1382 1678 ab
1419 1625 1567 1678 omni
1617 1627 1861 1694 pernicie
1910 1628 2103 1681 immu-

520 1733 644 1772 nem
686 1725 739 1772 te
773 1717 1076 1787 praestabo,
1132 1731 1197 1770 ac
1243 1725 1298 1770 te
1339 1716 1659 1772 invadentes
1695 1721 1850 1788 quasi
1893 1720 2101 1775 aculeis

2196 518 2274 588 τῷ
2303 517 2525 588 Λιϐάνῳ
2557 517 2979 589 γεωργουμένη),
3025 515 3122 586 τὴν
3171 515 3266 586 τῆς
3297 517 3478 587 ἀρετῆς
3527 521 3697 584 ἕξουσιν

2198 609 2477 680 εὐοσμίαν,
2519 611 2614 663 καὶ
2641 611 2738 681 τὴν
2765 607 3015 663 ἐντεῦθεν
3063 608 3329 679 εὐφημίαν
3361 610 3696 682 καρπώσονται.

2269 796 2331 850 θ’.
2368 816 2387 848 ι
2416 796 2506 867 Τῷ
2551 795 2816 866 Ἐφραῖμ.
2845 793 2911 847 Τί
2966 791 3116 862 αύτῷ
3148 792 3227 845 ἔτι
3271 793 3360 846 καὶ
3413 794 3616 860 εἰδώλοις
3641 815 3695 862 ;›

2197 889 2400 943 Μαθὼν
2428 889 2611 941 τοίνυν
2654 885 2916 958 Ἐφρατμ,
2944 885 3032 939 οἵα
3061 885 3158 955 τῆς
3183 884 3446 948 εὐσεϐείας
3473 888 3502 956 ἠ
3530 889 3698 957 κτῆσις,

2200 981 2340 1050 φύγε
2372 981 2481 1033 τῶν
2512 980 2744 1032 εἰδώλων
2790 977 2890 1049 τὴν
2931 977 3140 1046 πλάνην
3174 992 3185 1004 ·
3219 974 3399 1028 τούτου
3439 976 3533 1046 γάρ
3554 993 3600 1029 σε
3626 979 3700 1048 χά-

2202 1091 2285 1144 ριν
2334 1072 2428 1124 καὶ
2473 1071 2814 1124 ἐταπείνωσα
2884 1068 3198 1131 παιδεύσας,
3237 1067 3328 1120 καὶ
3361 1067 3561 1120 δυνατὸν
3601 1070 3701 1123 ἀπο·

2201 1161 2356 1230 φανῶ
2406 1159 2786 1230 φιλανθρωπίᾳ
2832 1157 3199 1229 χρησάμενος,
3255 1157 3346 1210 καὶ
3377 1158 3702 1228 παραπλησίως

2201 1255 2455 1325 ἀρκεύθῳ
2491 1253 2893 1324 πεπυκνωμένῃ
2917 1251 2962 1283 ’⁸
2998 1250 3300 1320 γενήσομαί
3344 1267 3441 1312 σοι,
3486 1251 3570 1302 καὶ
3611 1254 3702 1316 τοὺς

2202 1347 2330 1418 παρ’
2364 1344 2497 1416 ἐμοῦ
2530 1346 2824 1416 τρυγήσεις
2854 1343 3120 1413 καρπούς.
3171 1341 3441 1412 Ἀειθαλὴς
3466 1341 3562 1412 γὰρ
3586 1342 3702 1414 ἠᾶρ-

2202 1439 2416 1504 κευθος,
2460 1437 2553 1491 καὶ
2601 1437 2844 1507 ἄσηπτον
2891 1435 3088 1504 ἔχουσα
3118 1432 3214 1503 τὴν
3263 1433 3434 1500 φύσιν,
3472 1433 3554 1484 καὶ
3579 1435 3703 1486 ἀκαν-

2203 1529 2344 1602 θώδη
2394 1531 2568 1601 κόμην
2608 1528 2989 1599 περικειμένη.
3024 1527 3188 1596 Δηλοῖ
3219 1525 3274 1578 δέ
3311 1525 3396 1577 διὰ
3430 1525 3620 1590 τούτων,
3646 1527 3702 1579 ὅτι

2204 1622 2272 1674 Σὲ
2317 1621 2658 1692 παντοδαπῆς
2687 1619 2924 1685 ἀξιώσας
2972 1616 3229 1689 προνοίας
3260 1615 3539 1685 ἀλύμαντον
3565 1617 3702 1687 διατη-

2207 1715 2379 1785 ρήσω,
2407 1715 2532 1776 τοὺς
2564 1712 2816 1775 ἐπιόντας
2848 1729 2928 1765 σοι
2961 1710 3217 1778 καθάπερ
3241 1711 3349 1761 τισὶ
3386 1709 3703 1779 καταπλήττων

522 1779 854 1880 quibusdam
908 1779 1121 1865 feriam.
1173 1809 1347 1879 Atque
1397 1811 1470 1863 ita
1529 1779 2093 1882 totam'propltetiam

2206 1807 2407 1860 άκίσιν.
2435 1805 2589 1858 Οὕτω
2629 1807 2809 1858 πᾶσαν
2844 1805 3202 1874 συμπεράνας
3218 1805 3263 1836 ’⁸
3299 1801 3392 1872 τὴν
3419 1803 3702 1872 προφητείαν,

523 1899 832 1962 absolvens,
871 1900 1298 1956 saluberrimum
1328 1899 1583 1957 omnibus
1610 1901 1908 1959 lectoribus
1938 1903 2096 1960 tinem

523 1989 806 2058 imposuit.

595 2079 756 2135 Vens.
792 2081 880 2135 10.
948 2101 966 2133 ι
1005 2080 1141 2148 Quis
1188 2080 1412 2151 sapiens
1442 2121 1456 2144 ,
1517 2092 1570 2137 et
1620 2082 1891 2153 intelliget
1943 2084 2100 2138 haec?

525 2181 618 2225 aut
655 2172 968 2243 intelligens
993 2218 1007 2242 ,
1050 2184 1103 2230 et
1145 2183 1441 2244 cognoscet
1476 2175 1582 2228 ea?
1617 2175 1743 2244 quia
1779 2183 1942 2230 recta:
1970 2182 2099 2230 sunt

523 2263 623 2316 viae
661 2263 896 2329 Domini,
929 2273 982 2319 et
1004 2265 1139 2334 justi
1174 2267 1536 2322 ambulabunt
1563 2265 1616 2319 in
1644 2269 1725 2321 eis
1750 2283 1767 2321 :
1795 2267 1887 2336 qui
1917 2276 2097 2321 autem

525 2351 675 2420 impii
714 2363 842 2408 sunt
885 2355 1316 2409 inlirmabuntur
1349 2357 1403 2409 in
1439 2355 1570 2411 illis.
1607 2375 1626 2408 ι
1686 2359 1847 2412 Hunc
1880 2373 2100 2427 quoque

527 2442 684 2496 linem
718 2443 916 2509 David,
945 2461 1068 2501 cum
1097 2445 1191 2502 Dei
1221 2448 1491 2503 beneficia
1523 2457 1861 2514 enarrasset,
1889 2450 2100 2519 psalmo

524 2536 824 2591 centesimo
861 2545 1014 2593 sexto
1060 2539 1274 2610 1380
1317 2541 1556 2610 adjecit:
1609 2560 1627 2593 ι
1665 2541 1800 2608 Quis
1831 2543 2055 2612 sapiens
2081 2581 2096 2604 .

524 2634 577 2678 et
607 2626 880 2681 custodiet
920 2629 1034 2683 hagc
1060 2671 1074 2697 ,
1115 2639 1168 2685 et
1199 2632 1506 2703 intelligent
1541 2632 1954 2688 misericordias
1998 2632 2102 2688 Do-

526 2717 658 2771 mini
685 2717 755 2770 «ιι
791 2738 809 2770 ι
873 2722 890 2742 ‘
923 2719 1205 2791 Sapientia
1253 2725 1400 2777 enim
1444 2739 1672 2793 prorsus
1714 2731 1769 2778 et
1818 2725 2098 2780 intellectu

524 2824 663 2878 opus
689 2818 772 2864 est
805 2811 871 2864 ad
899 2813 1269 2882 cognitionem
1302 2823 1354 2868 et
1384 2815 1944 2884 comprehensionem
1974 2818 2103 2871 divi-

525 2913 720 2951 norum
768 2901 1112 2970 eloquiorum
1143 2944 1158 2968 ,
1211 2910 1376 2972 atque
1428 2903 1494 2956 ad
1552 2906 1868 2960 eorumdem
1913 2906 2102 2975 imple-

525 2990 729 3044 tionem
761 3001 812 3045 et
840 2992 1306 3049 observationem.
1349 2993 1535 3063 Neque
1578 2995 1724 3049 enim
1755 2996 1870 3050 haec
1900 2997 2102 3052 intelli-

524 3097 650 3151 gere
681 3092 931 3152 possunt,
967 3087 1058 3154 qui
1089 3084 1259 3139 divini
1294 3084 1533 3155 Spiritus
1569 3087 1747 3141 lucem
1781 3102 1889 3140 non
1919 3104 2104 3144 susce-

525 3169 708 3238 perint
736 3188 749 3224 :
793 3186 966 3240 neque
991 3173 1309 3240 observare,
1342 3173 1434 3242 qui
1472 3189 1775 3242 supernum
1815 3192 1921 3230 non
1953 3192 2105 3232 asse-

526 3262 639 3315 cuti
688 3261 799 3316 sint
845 3264 1133 3318 auxilium.
1185 3263 1288 3330 Qui
1335 3280 1464 3319 vero
1495 3266 1657 3319 talem
1705 3275 1759 3321 et
1799 3275 2006 3322 tantam
2040 3270 2107 3325 de

525 3352 639 3408 Deo
675 3356 924 3409 notitiam
964 3363 1092 3410 sttnt
1137 3356 1354 3426 adepti,
1388 3357 1702 3413 subsidium
1751 3359 1875 3416 inde
1919 3362 2106 3426 nacti,

529 3447 693 3501 rectis
722 3447 827 3502 viis
859 3447 1154 3514 incedunt,
1183 3457 1237 3503 et
1269 3449 1404 3519 justi
1439 3460 1716 3505 vocantur
1749 3471 1763 3506 :
1799 3452 1894 3522 qui
1925 3461 2106 3506 autem

527 3538 694 3606 impie
740 3538 973 3603 vivunt,
1035 3549 1090 3592 et
1148 3539 1424 3594 diversam
1470 3541 1612 3594 viam
1674 3541 2062 3612 ingrediuntur
2091 3585 2106 3610 ,

528 3625 824 3694 impietatis
867 3629 1088 3697 prmtnia
1137 3637 1442 3699 reportant.
1496 3630 1596 3686 Det
1642 3639 1822 3687 autem
1862 3633 2107 3688 omnium

527 3714 674 3770 Deus
700 3757 713 3778 ,
745 3717 844 3787 qui
892 3733 1085 3775 omnes
1136 3720 1391 3777 homines
1425 3723 1540 3775 vult
1578 3723 1758 3778 salvos
1793 3723 1910 3778 ﬁeri
1953 3733 2003 3778 et
2042 3723 2108 3778 ad

528 3806 781 3862 veritatis
810 3811 1182 3879 cognitionem
1224 3817 1512 3880 pervenire
1549 3825 1572 3854 ο
1595 3853 1608 3877 ,
1661 3826 1720 3867 ιιι
1761 3831 1871 3868 non
1902 3815 2066 3883 hujus
2093 3857 2107 3880 ,

531 3897 624 3950 sed
670 3897 818 3953 illius
857 3902 1159 3971 participes
1194 3902 1392 3960 ﬁamus
1424 3923 1437 3958 :
1488 3913 1547 3956 ut
1585 3905 1887 3959 secundum
1920 3921 2108 3962 sacras

531 3988 681 4044 illius
717 3989 864 4060 leges
897 3992 1064 4045 vitam
1094 3992 1360 4049 ducentes
1388 4033 1402 4058 ,
1455 3994 1744 4050 laudemus
1773 4003 1826 4051 et
1845 3996 2110 4066 gloriﬁce-

529 4094 655 4136 mus
679 4097 828 4148 eum,
859 4091 914 4138 et
946 4099 1197 4154 corpore,
1226 4095 1279 4139 et
1308 4087 1523 4154 spiritu,
1555 4095 1612 4139 ut
1645 4087 1721 4140 ait
1762 4088 2061 4157 Apostolus
2091 4110 2104 4144 :

529 4174 657 4243 quia
689 4173 738 4229 ei
765 4176 1022 4231 convenit
1049 4177 1228 4230 omnis
1257 4178 1453 4246 gloria,
1492 4178 1666 4231 honor
1699 4185 1752 4232 et
1781 4181 2105 4249 reverentia,

531 4278 658 4318 cum
692 4265 976 4335 unigenito
1006 4266 1124 4335 ejus
1164 4265 1306 4321 Filio
1348 4277 1400 4320 et
1435 4265 1647 4336 Spiritu
1689 4278 1917 4336 sancto,
1962 4288 2109 4328 nunc

530 4365 586 4412 et
611 4372 844 4427 semper,
878 4367 931 4413 et
967 4360 1020 4412 in
1055 4358 1256 4413 saecula
1288 4359 1647 4414 saeculorum.
1679 4361 1874 4418 Amen.
1963 4421 1970 4428 ,

604 4633 631 4672 d
665 4627 808 4683 Psal.
839 4643 948 4692 ενι,
975 4629 1062 4686 45.
1147 4643 1170 4672 ο
1205 4631 1394 4691 lTim.
1428 4651 1490 4703 ll,
1525 4638 1577 4692 4.

2201 1899 2353 1962 τέλος
2380 1898 2714 1952 ἐπιτέθεικεν
2754 1897 2927 1950 ἅπασι
2975 1899 3088 1960 τοῖς
3123 1896 3522 1966 ἐντυγχάνουσιν
3571 1894 3703 1964 ὀνησι-

2206 1991 2385 2060 φόρον.

2279 2089 2332 2136 ι’.
2375 2099 2393 2132 t
2428 2081 2522 2144 Τίς
2555 2079 2737 2148 σοφὸς,
2767 2079 2859 2132 καὶ
2895 2079 3113 2148 συνήσει
3145 2078 3315 2130 ταῦτα
3339 2095 3351 2142 ;
3376 2077 3404 2146 ἦ
3432 2075 3629 2138 συνετὸς,
3642 2076 3706 2127 καὶ

2205 2170 2478 2240 γνώσεται
2523 2170 2663 2223 αὑτά
2691 2188 2705 2237 ;
2747 2170 2829 2222 ὅτι
2862 2169 3065 2222 εὐθεῖαι
3092 2170 3149 2222 αἱ
3175 2168 3286 2222 ὁδοὶ
3315 2167 3403 2221 τοῦ
3429 2166 3619 2235 Κυρίου,
3642 2169 3705 2220 καὶ

2205 2265 2401 2318 δίκαιοι
2425 2263 2783 2334 πορεύσονται
2813 2264 2869 2315 ἐν
2894 2262 3113 2325 αὐταῖς·
3145 2263 3196 2314 οἱ
3217 2261 3270 2314 δὲ
3303 2260 3499 2324 ἀσεϐεῖς
3534 2261 3705 2327 ἀσθενής

2208 2373 2389 2410 σουσιν
2437 2357 2496 2408 ἐν
2535 2357 2746 2418 αὑταῖς.
2777 2374 2794 2407 ι
2834 2353 3004 2407 Τοῦτο
3033 2354 3090 2406 δὲ
3145 2355 3242 2407 καὶ
3267 2355 3294 2406 ό
3315 2352 3448 2415 θεῖος
3483 2351 3616 2404 Δασὶδ
3639 2352 3706 2413 τὰς

2206 2448 2356 2508 θείας
2387 2447 2670 2512 διεξελθὼν
2693 2447 3012 2517 εὐεργεσίας
3039 2447 3095 2500 ἐν
3117 2446 3196 2516 τῷ
3223 2445 3482 2513 ἑκατοστῷ
3507 2445 3583 2497 καὶ
3606 2445 3706 2511 ἕκτῳ

2205 2538 2405 2609 ψαλμῷ
2434 2539 2586 2600 τέλος
2637 2539 2942 2591 ἐπιτέθεικε
2987 2539 3051 2608 τῇ
3105 2535 3372 2608 μελῳδίᾳ’
3410 2554 3426 2587 t
3452 2535 3536 2598 Τίς
3576 2533 3704 2600 σοφὸς.

2208 2631 2302 2683 καλ⁸
2350 2629 2572 2699 φυλάξει
2619 2629 2810 2692 ταῦτα,
2873 2628 2967 2682 καὶ
3014 2628 3310 2698 συνήσουσι
3331 2627 3373 2658 ⁸¹¹
3398 2628 3462 2678 τὸ.
3506 2624 3605 2694 ἐλέη
3642 2622 3704 2675 τιν]

2208 2721 2413 2792 Κυρίου
2449 2740 2463 2787 ;
2507 2741 2525 2772 ›
2561 2722 2759 2790 Σοφίας
2808 2719 2915 2789 γὰρ
2954 2719 3033 2788 τῷ
3082 2719 3205 2771 ὄντι
3254 2718 3346 2771 καὶ
3391 2716 3615 2775 συνέσεως
3635 2713 3703 2775 δεῖ,

2211 2813 2304 2866 καὶ
2335 2815 2414 2874 εἰς
2453 2811 2550 2883 τὴν
2596 2811 2796 2882 γνῶσιν
2845 2811 2938 2863 καὶ
2976 2811 3306 2880 κατανόησιν
3344 2807 3446 2860 τῶν
3489 2806 3616 2858 θείων
3649 2804 3704 2855 io-

2207 2905 2364 2973 γίων,
2413 2903 2506 2955 καὶ
2552 2904 2631 2965 είς
2669 2903 2766 2972 τὴν
2813 2901 3016 2955 τούτων
3056 2898 3401 2972 ἐκπλήρωσίν
3427 2915 3482 2951 τε
3517 2898 3591 2949 καὶ
3627 2895 3705 2947 δια-

2208 2994 2438 3064 τήρησιν
2469 3010 2482 3023 ·
2516 2993 2638 3045 οὔτε
2685 2992 2792 3062 γάρ
2823 2993 3061 3045 συνιέναι
3092 2990 3267 3044 ταῦτα
3302 2990 3506 3044 δυνατὸν
3525 2991 3624 3051 τοὺς
3640 2986 3704 3039 τοῦ

2210 3084 2354 3138 θείου
2403 3084 2718 3154 Πνεύματος
2760 3084 2860 3156 τὴν
2907 3083 3098 3154 αἴγλην
3145 3084 3224 3155 μὴ
3270 3082 3582 3154 δεξαμένους,
3619 3079 3704 3132 οὔτε

2211 3178 2442 3247 φυλάξαι
2492 3177 2564 3249 μὴ
2605 3179 2702 3247 τῆς
2754 3176 2959 3231 ἄνωθεν
2994 3175 3371 3239 ἀπολαύοντας
3407 3174 3634 3246 βοηθείας.
3663 3173 3705 3222 Οί

2209 3272 2266 3325 δὲ
2301 3271 2567 3340 τοσαύτην
2623 3271 2718 3324 καὶ
2761 3269 3014 3340 τοιαύτην
3076 3270 3209 3340 περὶ
3256 3269 3345 3323 τὸν
3385 3267 3505 3320 Θεὸν
3551 3265 3706 3318 εὔνοιαν

2211 3363 2626 3433 ἐνδεικνύμενοι,
2669 3361 2769 3430 τῆς
2816 3363 3024 3414 ἐκεῖθεν
3063 3361 3378 3428 ἐπικουρίας
3407 3358 3705 3428 τυγχάνοντες,

2210 3454 2308 3516 τὰς
2342 3453 2556 3514 εὐθείας
2587 3451 2917 3522 διαπερῶσιν
2960 3451 3132 3514 ὁδοὺς,
3165 3454 3260 3504 καὶ
3291 3452 3474 3503 δίκαιοι
3508 3443 3707 3519 χρηματίι

2212 3545 2391 3610 ζουσιν
2419 3563 2430 3576 ·
2470 3546 2516 3597 οἱ
2547 3544 2602 3597 δὲ
2643 3543 2868 3614 ἀσεϐείᾳ
2901 3543 3209 3608 συζῶντες,
3253 3545 3346 3596 καὶ
3384 3543 3474 3612 τὴν
3515 3537 3699 3592 ἐναντίαν

2211 3639 2523 3702 ὁδεύοντες,
2587 3636 2872 3706 δρέπονται
2930 3635 3027 3703 τῆς
3081 3635 3334 3698 ἀσεϐείας
3380 3632 3443 3686 τὰ
3488 3631 3704 3700 ἐπίχειρα·

2213 3728 2482 3798 παράσχοι
2509 3726 2565 3779 δὲ
2593 3727 2620 3777 ὀ
2641 3726 2748 3777 τῶν
2784 3727 3036 3779 ἁπάντων
3053 3723 3208 3790 Θεὸς,
3241 3725 3440 3787 πάντας
3464 3718 3708 3791 ἀνθρώπους

2212 3818 2412 3870 ἐθέλων
2444 3817 2702 3886 σωθῆναι,
2735 3816 2828 3869 καὶ
2861 3816 2939 3878 εἰς
2973 3815 3284 3884 ἐπίγνωσιν
3312 3812 3547 3884 ἀληθείας
3569 3807 3705 3867 ἐλθεῖν,

2215 3906 2288 3976 μὴ
2311 3906 2513 3974 ταύτης
2549 3908 2716 3975 ἡμᾶς,
2758 3904 2872 3959 ἀλλ’
2905 3904 3121 3975 ἐκείνης
3157 3903 3410 3973 γενέσθαι
3436 3903 3525 3972 τῆς
3553 3898 3706 3970 μοίρας.

2213 3997 2301 4048 ἵνα
2326 3997 2466 4049 κατὰ
2487 3998 2612 4058 τοὺς
2643 3997 2817 4060 θείους
2844 3997 3007 4049 αὑτοῦ
3032 3996 3432 4066 πολιτευόμενοι
3460 3993 3639 4063 νόμους,
3657 3987 3708 4038 δθ·

2215 4088 2464 4158 ξάςωμεν
2494 4088 2676 4154 αὑτὸν,
2716 4089 2858 4141 κατὰ
2896 4089 2986 4142 τὸν
3021 4088 3165 4159 ἱερὸν
3203 4086 3523 4148 Ἀπόστολον,
3560 4083 3639 4135 κάν
3658 4075 3708 4144 τῷ

2214 4179 2448 4251 σώματι,
2492 4183 2594 4234 κάν
2626 4180 2704 4251 τῷ
2737 4181 3007 4250 πνεύματι
3043 4195 3057 4209 ⁸
3091 4181 3177 4234 ὅτι
3209 4179 3357 4250 αὐτῷ
3394 4177 3570 4248 πρέπει
3606 4172 3707 4222 πᾶσι

2209 4273 2358 4340 δόξα,
2393 4272 2544 4343 τιμὴ,
2582 4273 2676 4325 καὶ
2706 4271 3098 4342 προσκύνησις,
3133 4273 3231 4326 σὺν
3264 4273 3341 4342 τῷ
3375 4267 3617 4342 μονογενεῖ
3644 4261 3708 4314 ati-

2210 4365 2304 4418 τοῦ
2337 4363 2470 4434 Υἰῷ,
2527 4364 2619 4416 καὶ
2665 4363 2742 4434 τῷ
2773 4364 2915 4434 ἁγίῳ
2949 4365 3249 4435 Πνεύματι,
3283 4363 3372 4416 νῦν
3418 4361 3502 4415 καὶ
3531 4356 3619 4420 ἀεὶ,
3646 4347 3706 4404 καὶ

2147 4474 2191 4530 ι)
2221 4460 2299 4522 είς
2327 4458 2451 4522 τοὺς
2485 4455 2688 4521 αἰῶνας
2720 4457 2827 4513 τῶν
2863 4456 3094 4513 αἰώνων.
3136 4457 3309 4529 Ἀμήν
3332 4455 3396 4513 ’⁸.

1837 4791 2072 4847 νΔΒΙᾹΞ
2104 4791 2503 4853 LECTIONES.

603 4875 648 4907 ³⁵
680 4891 812 4929 πεπ.
846 4873 986 4928 LXX
1030 4873 1326 4956 habet-itm;
1353 4878 1636 4956 ἄρκευθος-
1658 4881 1996 4956 πυκάςουσα.
2031 4883 2254 4956 Rectius
2285 4887 2442 4956 juxta
2481 4887 2646 4943 Hebr.
2683 4886 2846 4942 habet
2873 4884 3093 4942 Barber.
3118 4884 3194 4950 ὡς
3221 4885 3371 4938 ἐλαία
3407 4896 3483 4943 τις
3512 4872 3702 4956 εὕθαξλήςσ

532 4945 580 5027 ξς
607 4961 890 5027 pepli-rep”
923 4963 977 5000 κ.
1005 4964 1055 5000 τ.
1090 4945 1139 5027 λ..
1173 4943 1406 5027 Lacuna'
1422 4959 1506 5004 est
1538 4950 1596 5005 h.
1626 4952 1660 5006 Ι.
1705 4943 1831 5027 in_C
1863 4969 2036 5027 usque
2066 4955 2132 5027 ad
2164 4943 2303 5027 Jgel;
2339 4975 2378 5021 ι,
2418 4959 2470 5012 2.
2549 4959 2592 4990 ’⁷
2631 4957 2826 5026 Supra,
2889 4967 2929 5027 ιι
2988 4956 3027 5022 l,
3070 4973 3102 5027 p
3173 4943 3479 5027 πῖλοι-ιιι
3519 4943 3701 5027 συνήσει-

531 5015 578 5097 "_
607 5013 940 5097 S_ubjic_imus
960 5033 1088 5097 quae
1115 5016 1168 5069 in
1201 5019 1322 5097 co_d.
1360 5017 1499 5097 Aug.
1526 5027 1602 5097 (et
1627 5023 1813 5090 paucis
1839 5013 2069 5097 mutatis
2099 5026 2152 5097 in
2187 5013 2376 5096 Flor.)'
2409 5037 2534 5097 post
2610 5013 2824 5080 textum
2895 5013 3082 5097 Osez'e,‘
3112 5027 3178 5097 de
3212 5013 3423 5097 nomine
3450 5014 3702 5097 _pl‘0‘llP°‘§’g

531 5093 584 5138 et
611 5085 678 5165 de
713 5086 878 5165 rebus
909 5087 972 5165 ad
996 5102 1119 5165 eum
1143 5085 1561 5165 pertinentibus,
1587 5085 1843 5165 leguntur
1870 5111 1882 5145 :
1925 5094 2083 5165 Ὠσηὲ

533 5111 584 5138 τι
612 5111 678 5138 tu:
721 5111 878 5140 I‘cuus
909 5111 972 5140 au
996 5111 1119 5142 cum
1143 5111 1561 5156 ptfrlllIClllllNlS,
1592 5111 1843 5160 leguntur
1870 5111 1882 5145 :
1943 5111 2018 5144 uc
2058 5111 2078 5145 ε

533 5154 708 5231 ςρυλῆς
760 5157 1000 5231 ζισαχὰ-ρ,
1033 5157 1127 5231 καὶ
1161 5157 1364 5231 ἔδωκεν
1387 5159 1551 5229 τέρας
1582 5161 1732 5229 ἥξειν
1759 5162 1964 5229 Κύριον
1997 5111 2078 5231 (θ’.

535 5224 1377 5317 Δςξξηῖοηλιξημ)
1392 5224 1793 5317 μερισθῆήσεῖαι
1831 5224 1916 5317 εἰς
1941 5224 2088 5313 (Pes.
2110 5233 2163 5317 i‘n
2197 5224 2511 5317 ηχδώδεκα
2753 5224 2848 5288 καὶ
2878 5224 3196 5317 γείήσονται

2137 5078 2531 5164 ἑρμηνεύεται⁷
2559 5078 2864 5166 σωζόμενος
3279 5099 3338 5148 ἐκ
3386 5078 3604 5166 Βελεμὼθ

2103 5160 2251 5236 addit
2270 5160 2392 5235 καὶ)
2430 5168 2522 5220 ἐπὶ
2553 5167 2656 5235 γῆς
2686 5160 2993 5236 ἀνθρώποις
3047 5160 3599 5236 συναναστρεφόμεὲονν

3474 5227 3598 5298 e55;-
3625 5215 3704 5298 ίῳ

533 5287 900 5378 ἀκολουθῇσαι
928 5287 1077 5378 αιτῴ
1104 5295 1186 5364 (ιτ.
1205 5287 1342 5378 ,ιτῷὶ
1354 5287 1443 5378 ea;
1472 5287 1572 5378 γῇς
1607 5287 1826 5378 φανέν-εξ
2225 5287 2298 5378 at:
2315 5287 2503 5360 ’άὸτῶ
2539 5287 2870 5378 eaeeae.
2889 5287 3071 5360 ’.ιε-ιε
3093 5287 3158 5378 ιγ
3185 5287 3275 5376 γῆ.
3311 5303 3414 5358 Καὶ
3464 5287 3594 5357 eam;
3643 5287 3702 5357 με

534 5362 727 5434 οὕτως)
762 5363 939 5420 θανὼν
968 5362 1165 5435 ἐτάφη,
1201 5368 1258 5418 ἐν
1277 5362 1346 5438 τῇ
1371 5371 1439 5438 γῇ
1475 5362 1661 5424 αύτοῧ.
1697 5371 1754 5424 ln
1789 5365 1846 5424 F.
1878 5362 2124 5443 hac'c'leg.
2162 5375 2216 5430 in
2272 5375 2377 5434 line
2410 5362 2713 5448 argumenti
2758 5377 2814 5431 in
2844 5373 3072 5434 Joelem.
