3904 6202
219 383 347 447 1633

1508 383 1588 442 IN
1619 382 1877 442 JUEIJS
1911 383 2048 442 CAP
2101 383 2150 443 ῐ.

3340 386 3475 453 163i

571 688 920 821 ΤΟΥ
975 633 1875 824 ΜΑΚΑΡΙΟΥ
1954 693 3126 832 ΘΕΟΔΩΡΗΤΟΥ

1492 922 1896 975 ΕΠΙΣΚΟΠΟΥ
1920 925 2158 979 ΚΥΡΟΥ

693 1085 1296 1212 .EPMHNEIA
1341 1085 1513 1172 ΕΙΣ
1577 1089 1802 1173 TON

1921 1064 2486 1181 [ΡΟΦΗΤΗΝ
2549 1093 2828 1182 ΙΩΗΑ
2871 1083 2961 1179 ’9.

851 1445 1426 1600 BEATI
1588 1449 2851 1611 THEODORETI

1492 1713 1800 1770 EPISCOPI
1853 1717 1892 1774 C
1907 1717 2195 1775 YRENSI‘S

618 1883 1318 1977 ENARRATIO
1462 1888 1584 1973 IN
1723 1885 2196 2054 J’OELEM
2324 1894 3112 1990 PROPHETAM.

837 2255 1192 2310 ΥΠΟΘΕΣΙΣ.

299 2349 455 2420 Ἰωὴλ
485 2349 514 2402 δ
561 2348 702 2412 θεῖος
749 2349 1038 2419 προφήτης
1067 2347 1156 2400 τὸν
1191 2347 1291 2418 μὲν
1321 2348 1534 2419 χρόνον,
1588 2349 1712 2405 καθ’
1739 2349 1798 2403 ὃν

210 2441 512 2511 ἐποιήσατο
535 2441 633 2503 τὰς
663 2441 1011 2510 προρρήσεις,
1043 2438 1230 2508 σαφῶς
1260 2441 1405 2510 ἡμᾶς
1427 2442 1525 2493 οὐκ
1555 2439 1759 2506 ἐδίδαξε
1780 2457 1796 2471 ο

210 2533 286 2586 δι’
338 2533 522 2587 αὐτῶν
582 2533 763 2604 μέντοι
813 2531 1082 2603 δεδήλωκε
1131 2533 1237 2584 τῶν
1293 2534 1673 2604 προρρήσεων,
1725 2533 1800 2597 ὡς

213 2624 341 2677 κατ’
368 2625 573 2678 ἐκεῖνον
600 2625 692 2676 τὸν
719 2624 910 2694 χρόνον
947 2623 1258 2692 γεγένηται,
1292 2622 1415 2676 καθ’
1438 2623 1497 2675 ὃν
1531 2625 1559 2676 ὁ
1585 2622 1800 2694 θαυμά-

214 2731 337 2778 σιος
381 2715 539 2785 Ὠσηὲ
582 2714 680 2785 τὴν
715 2714 822 2767 τῶν
861 2715 1134 2785 ἐσομένων
1165 2714 1511 2786 προθεωρίαν
1540 2717 1760 2783 ἐδέξατο
1782 2733 1796 2747 ·

209 2804 395 2858 ταύτὰ
423 2805 531 2874 γὰρ
554 2805 646 2858 καὶ
671 2805 833 2868 αὐτὸς
862 2806 1138 2875 προλέγει,
1177 2805 1476 2876 Ἀσσυρίων
1503 2806 1598 2859 καὶ
1623 2808 1802 2861 Βαϐυ-

213 2895 428 2948 λωνίων
467 2895 672 2964 ἔφοδον,
700 2899 793 2949 καὶ
823 2895 1258 2966 ἀνδραποδισμὸν
1300 2897 1395 2949 καὶ
1428 2897 1672 2952 δουλείαν
1707 2899 1801 2952 τοῦ

229 2985 473 3057 Ἰσραὴλ,
522 2987 616 3038 καὶ
663 2985 760 3056 τὴν
797 2985 903 3039 ἀπὸ
955 2984 1055 3055 τῆς
1103 2985 1479 3054 αἰχμαλωσίας
1525 2988 1798 3043 ἐπάνοδον.

219 3079 486 3150 Προλέγει
515 3067 571 3132 δὲ
603 3080 697 3132 καὶ
723 3077 790 3130 τὰ
816 3076 955 3148 μετὰ
978 3078 1076 3148 τὴν
1104 3077 1362 3132 ἐπάνοδον
1394 3076 1802 3150 συμϐεϐηκότα,

213 3170 318 3223 τοῦ
350 3171 470 3238 Γὼγ
505 3170 788 3242 (Σκυθικὸν
815 3169 872 3222 δὲ
901 3168 1270 3241 τοῦτοέθνος),
1301 3171 1400 3242 τὴν
1427 3174 1566 3227 κατὰ
1592 3175 1692 3244 τῆς
1707 3175 1805 3228 Ἱε-

223 3260 524 3332 ρουσαλὴμ
580 3260 758 3330 ὁρμὴν
812 3260 1151 3330 πανστρατιᾷ
1200 3261 1520 3334 γενομένην,
1572 3264 1668 3316 καὶ
1709 3265 1806 3336 τὴν

217 3347 614 3419 ἐπενεχθεῖσαν
665 3349 847 3411 αὐτοῖς
894 3346 1080 3401 θεόθεν
1132 3351 1532 3420 πανωλεθρίαν.
1569 3352 1806 3424 Προστέ-

216 3440 376 3493 θεικε
410 3440 466 3492 δὲ
503 3441 598 3493 καὶ
627 3440 725 3501 τὰς
753 3439 890 3508 μετὰ
922 3440 1021 3510 τὴν
1049 3440 1464 3514 ἐνανθρώπησιν
1486 3443 1580 3497 τοῦ
1618 3446 1804 3515 Σωτῆ-

219 3548 321 3604 ρος
367 3531 526 3602 ἡμῶν
575 3531 681 3583 ὑπὸ
737 3531 1002 3599 παναγίου
1049 3532 1364 3601 Πνεύματος
1410 3536 1808 3606 χορηγηθείσας

1832 2263 1881 2320 Δ

2336 2261 2545 2332 1331
2580 2260 3096 2320 ARGUMENTUM.

1973 2351 2130 2409 ποθι·
2165 2352 2381 2408 divinus
2441 2355 2702 2424 propheta
2765 2357 2985 2412 tametsi
3065 2364 3321 2428 tempus,
3379 2375 3489 2430 quo

1907 2445 2244 2515 prophetiam
2315 2446 2504 2512 edidit,
2543 2454 2728 2516 aperte
2773 2464 2880 2502 non
2935 2449 3199 2516 ostendit,
3261 2468 3326 2506 ex
3372 2452 3487 2522 ipsa

1908 2545 2088 2590 tamen
2125 2535 2408 2605 prophetia
2435 2537 2730 2607 colligitur,
2767 2553 2894 2592 eum
2937 2545 3183 2607 tempore
3237 2540 3350 2603 illo,
3377 2557 3487 2610 quo

1907 2625 2169 2680 miriﬁcus
2198 2628 2367 2681 Oseas
2403 2627 2633 2690 exstitit,
2679 2627 2862 2681 futura
2906 2629 3244 2697 praedixisse.
3283 2627 3484 2684 Eadem

1907 2715 2050 2768 enim
2080 2723 2134 2769 et
2163 2715 2280 2785 ipse
2303 2715 2572 2784 praedicit,
2595 2716 2948 2786 Assyriorum
2973 2725 3026 2772 et
3065 2717 3489 2788 Babyloniorum

1909 2807 2216 2874 incursum,
2251 2808 2618 2878 captivitatem
2663 2816 2718 2863 et
2751 2809 3066 2864 servitutem
3100 2809 3317 2866 lsraelis
3346 2811 3492 2866 redi-

1910 2906 2138 2970 tumque
2171 2915 2236 2956 ex
2269 2900 2610 2970 captivitate.
2665 2901 2925 2956 Praedicit
2976 2903 3140 2956 etiam
3186 2919 3308 2973 qua;
3362 2911 3492 2974 post

1909 2994 2283 3048 reversionem
2325 2993 2644 3048 acciderunt
2687 3011 2700 3048 :
2739 2994 3152 3051 ‘incursionem
3201 2996 3336 3068 Gogi
3395 2996 3490 3067 (ea

1911 3099 2043 3139 vero
2073 3099 2207 3156 gens
2242 3091 2327 3140 est
2377 3083 2679 3157 Scythica)
2713 3087 2766 3140 in
2815 3085 3252 3159 Hierosolymam
3288 3087 3490 3144 factam

1912 3192 2037 3232 cum
2067 3178 2312 3232 exercitu
2343 3177 2793 3244 instructissimo,
2819 3179 3037 3249 illisque
3064 3179 3331 3237 divinitus
3367 3182 3492 3236 illa-

1912 3278 2024 3325 tam
2057 3278 2358 3326 extremam
2392 3271 2714 3340 perniciem.
2744 3271 2825 3324 Ad
2877 3273 2990 3327 haec
3041 3273 3289 3342 adjunxit
3327 3273 3490 3336 dona,

1914 3379 2034 3434 quae
2072 3371 2198 3432 post
2229 3363 2664 3417 incarnationem
2701 3363 3004 3420 Salvatoris
3046 3367 3223 3420 nostri
3255 3364 3492 3436 Spiritus

1914 3463 2142 3508 sanctus
2201 3453 2516 3508 hominibus
2557 3456 2864 3509 concessit.
2920 3456 2994 3509 Ex
3045 3457 3493 3525 praedictionibus

1917 3544 2098 3613 itaque
2115 3545 2180 3597 de
2201 3545 2442 3615 Assyriis
2471 3553 2526 3600 et
2562 3547 2774 3616 1382
2804 3547 3132 3617 Babyloniis,
3160 3555 3376 3618 tempus
3396 3550 3496 3604 hu-

216 3624 436 3694 δωρεὰς
461 3625 572 3686 τοῖς
599 3621 924 3693 ἀνθρώποις.
960 3622 1261 3694 Τοιγαροῦν
1285 3625 1350 3676 ἐκ
1386 3625 1495 3678 τῶν
1530 3627 1671 3678 κατὰ
1696 3628 1803 3680 τῶν

1921 3634 1998 3701 ius
2023 3634 2319 3703 prophetia-
2341 3637 2718 3704 cognovimus.
2747 3637 2924 3708 Atque
2945 3638 3051 3692 hoc
3080 3639 3132 3692 in
3167 3655 3384 3694 summa
3405 3651 3489 3696 est

239 3715 547 3786 Ἀσσυρίων
572 3715 667 3767 καὶ
698 3713 1056 3767 Βαϐυλωνίων
1104 3715 1562 3786 προαγορεύσεων
1589 3718 1679 3769 τὸν
1711 3722 1810 3788 τῆς

224 3809 566 3878 προφητείας
592 3804 913 3876 ἐγνώκαμεν
945 3807 1156 3875 χρόνον.
1193 3807 1256 3858 Ἠ
1285 3807 1383 3876 μὲν
1425 3803 1517 3861 οὖν
1553 3808 1812 3874 ὑπόθεσις

227 3901 291 3951 ἐν
331 3898 611 3968 κεφαλαίῳ
645 3895 782 3967 αὕτη
803 3913 816 3927 ο
844 3897 1028 3950 λοιπὸν
1061 3897 1119 3949 δὲ
1152 3898 1252 3968 τῆς
1303 3899 1444 3952 κατὰ
1491 3901 1656 3973 μέρος
1693 3902 1812 3971 (σὺν

227 3987 356 4058 Θεῷ
388 3989 444 4040 δὲ
493 3987 763 4058 εἰρῆσθαι)
788 3987 1082 4057 ἑρμηνείας
1109 3988 1372 4058 ἁψώμεθα
1391 3990 1458 4044 ³ο.

763 4080 1157 4133 ΚΕΦΑΛΑῙΟΝ
1202 4083 1280 4134 Α’.

305 4177 378 4225 α’.
417 4190 435 4222 ‹
469 4171 640 4240 Λόγος
685 4170 912 4242 Κυρίου,
967 4172 1026 4235 ὃς
1075 4173 1296 4239 ἐγένετο
1340 4174 1478 4244 πρὸς
1519 4176 1675 4246 Ίωὴλ
1721 4179 1813 4230 τὸν

231 4263 331 4318 τοῦ
366 4264 606 4335 Βαθουὴλ
627 4264 691 4316 ³¹.
731 4265 865 4317 »Διά
894 4263 954 4316 τὺ
993 4264 1243 4327 πολλοὺς,
1280 4263 1358 4326 ὡς
1391 4267 1558 4330 εἰκὸς,
1601 4269 1694 4320 καὶ
1719 4270 1816 4321 αὑ-

230 4358 338 4428 τὴν
363 4354 505 4425 ἔχειν
543 4354 933 4426 προσηγορίαν,
969 4355 1062 4407 καὶ
1099 4353 1160 4406 τὸ
1199 4353 1291 4406 τοῦ
1324 4356 1527 4424 πατρὸς
1579 4358 1812 4426 προστέ-

233 4448 417 4501 θεικεν
441 4447 627 4517 ὄνομα.
664 4445 914 4499 Διδάσκει
944 4445 1020 4506 δὲ,
1043 4445 1117 4508 ὡς
1148 4446 1209 4497 οὐ
1238 4445 1512 4517 λογισμῶν
1537 4448 1814 4518 ἀνθρωπί-

234 4558 346 4593 νων
367 4539 502 4591 είσὶν
531 4538 714 4600 ὠδῖνες
737 4539 782 4590 οἱ
815 4538 943 4609 παρ’
975 4536 1138 4590 αὑτοῦ
1184 4537 1458 4606 γινόμενοι
1497 4539 1642 4607 λύγοι
1670 4557 1681 4567 ·
1711 4543 1816 4595 ὑπὸ

230 4629 413 4684 δὲτοῦ
458 4630 666 4701 Κυρίου
710 4629 817 4683 τῶν
871 4629 1007 4682 ὅλων
1062 4628 1440 4699 ἐμπνευσθεὶς,
1482 4631 1577 4684 καὶ
1609 4635 1817 4704 προορᾷ

231 4723 306 4776 τὰ
347 4721 596 4792 ἐσόμενα,
644 4722 736 4774 καὶ
778 4719 1053 4792 προλέγει.

312 4811 378 4880 β’.
418 4829 436 4862 ι
460 4811 751 4864 Ἀκούσατε
785 4811 978 4875 ταῦτα,
1014 4812 1062 4863 οἱ
1096 4811 1477 4883 πρεσϐύτεροι,
1515 4815 1609 4866 καὶ
1631 4814 1818 4868 ἐνωτί-

1913 3729 2292 3795 argumentum
2320 3739 2333 3775 :
2365 3724 2632 3794 reliquum
2657 3732 2760 3789 est,
2793 3733 2852 3778 ut
2911 3727 3348 3796 explanationem
3401 3747 3496 3801 per

1911 3811 2155 3883 singulas
2208 3821 2390 3882 partes
2431 3814 2540 3868 Deo
2593 3814 2808 3872 favente
2855 3817 3254 3888 aggrediamur.

2557 4075 2783 4132 CAPUT
2815 4077 2853 4132 Ι.

1985 4168 2152 4222 Vnus.
2186 4169 2237 4223 1.
2297 4188 2316 4221 ι
2351 4168 2590 4226 Verbum
2646 4170 2886 4237 Domini,
2949 4173 3096 4240 quod
3157 4172 3362 4226 factum
3413 4182 3496 4228 est

1918 4259 1985 4312 ad
2030 4259 2234 4314 Joelem
2271 4263 2437 4316 lilium
2483 4264 2781 4318 Bathuelis.
2827 4283 2845 4316 ›
2884 4265 3152 4329 Quoniam
3214 4268 3388 4332 multi,
3437 4277 3495 4321 ut

1913 4354 2210 4410 verisimile
2265 4361 2369 4418 est,
2401 4355 2540 4407 idem
2573 4369 2767 4407 nomen
2813 4354 3102 4419 habebant,
3151 4355 3324 4423 patris
3352 4372 3492 4424 quo-

1914 4459 2020 4514 que
2061 4458 2254 4497 nomen
2286 4441 2516 4494 addidit.
2555 4444 2718 4494 Docet
2766 4449 2971 4506 autem,
3019 4443 3179 4495 verba
3233 4457 3331 4496 sua
3383 4458 3490 4496 non

1917 4536 2276 4588 humanarum
2309 4532 2706 4601 cogitationum
2745 4546 2868 4587 esse
2904 4539 3116 4600 partus,
3171 4533 3266 4588 sed
3309 4533 3490 4587 alllatu

1917 4627 2104 4682 divino
2135 4641 2194 4681 se
2223 4624 2406 4679 futura
2441 4631 2495 4679 et
2520 4622 2841 4694 praevidere,
2873 4631 2927 4679 et
2960 4625 3276 4694 prredicere.

1990 4807 2156 4862 Vens.
2195 4806 2248 4858 2.
2288 4824 2306 4857 ι
2336 4803 2532 4859 Audite
2564 4803 2697 4868 haec,
2734 4817 2914 4868 senes,
2944 4809 2998 4857 et
3041 4802 3270 4859 auribus
3317 4804 3497 4874 perci-

205 4933 208 4935 λ
237 4901 430 4966 σασθε,
471 4902 672 4964 πάντες
700 4903 750 4954 οἱ
782 4900 1164 4965 κατοικοῦντες
1196 4903 1201 4908 ’
1228 4901 1327 4972 τὴν
1368 4904 1472 4972 γῆν
1497 4921 1509 4934 ·
1551 4907 1598 4957 εἰ
1624 4905 1808 4974 γέγονε

1921 4902 2051 4972 pite,
2079 4914 2270 4954 omnes
2301 4897 2635 4951 habitatores
2667 4903 2847 4959 terrm,
2881 4911 2950 4948 an
2980 4895 3118 4949 facta
3149 4897 3258 4950 sint
3289 4897 3418 4950 talia
3445 4898 3497 4952 in

233 4992 469 5048 τοιαῦτα
519 4994 577 5045 ἐν
615 4995 732 5055 ταῖς
768 4993 1006 5062 ἡμέραις
1049 4992 1220 5060 ὑμῶν,
1258 4993 1290 5062 ἢ
1321 4994 1378 5046 ἐν
1394 4996 1542 5059 ,ταῖς
1577 4997 1808 5066 ἡμέραις

1921 4971 2115 5048 diebus
2143 4989 2465 5052 vestris,aut
2499 4989 2552 5041 in
2597 4986 2793 5040 diebus
2839 4994 3054 5056 patrum
3099 4996 3423 5042 vestrorum.
3475 5007 3494 5039 ι

232 5087 350 5139 τῶν
400 5086 648 5156 πατέρων
693 5083 844 5155 ὑμῶν
877 5101 892 5146 ς
924 5103 941 5133 ι
977 5083 1182 5154 Ὑμεῖς,
1228 5085 1412 5155 φησιν,
1438 5087 1486 5138 οἱ
1517 5087 1683 5140 πολὺν
1725 5087 1814 5156 βε-

233 5177 501 5239 ϐιωκότες
535 5176 742 5246 χρόνον,
782 5176 830 5227 οἱ
858 5174 1078 5227 πλείονα
1108 5176 1320 5243 πεῖραν,
1347 5174 1420 5239 ὡς
1443 5176 1608 5240 εἰκὸς,
1641 5194 1820 5248 πραγ-

239 5271 432 5342 μάτων
473 5267 780 5337 δεξάμενοι,
825 5265 1076 5335 πατέρων
1136 5281 1194 5316 τε
1256 5265 1350 5316 καὶ
1412 5266 1693 5336 προγόνων
1742 5267 1821 5318 δι-

234 5359 564 5433 ηγουμένων
588 5358 844 5421 πολλάκις
875 5355 1194 5426 ἀκηκοότες,
1221 5355 1326 5410 τῶν
1354 5357 1454 5425 τῆς
1483 5358 1820 5430 προφητείας

1927 5083 2054 5145 Vos.
2087 5082 2288 5151 inquit,
2315 5081 2408 5150 qui
2443 5094 2538 5149 per
2573 5080 2794 5148 longum
2825 5085 3042 5148 tempus
3087 5078 3329 5144 vixistis,
3381 5093 3499 5130 ma-

1923 5173 2234 5243 ioremque,
2288 5177 2347 5224 ut
2382 5183 2480 5238 par
2512 5175 2617 5230 est,
2673 5181 2855 5220 rerum
2915 5166 3306 5236 experientiam
3375 5179 3496 5234 per-

1893 5263 2175 5332 cepistis,
2227 5260 2428 5330 quique
2484 5264 2668 5327 patres
2715 5263 2767 5309 et
2813 5270 2946 5332 avos
3006 5263 3298 5309 narrantes
3355 5267 3498 5321 saepe

1927 5354 2238 5418 audivistis,
2277 5352 2440 5406 verba
2482 5349 2784 5420 prephetiae
2851 5348 3016 5417 hujus
3089 5347 3498 5408 auscultantes,

1547 5491 1777 5547 VARIIE
1818 5486 2222 5546 LECTIONES.

317 5597 360 5628 ”
383 5592 701 5647 Proximum
727 5590 904 5642 locum
932 5595 1081 5660 tenet
1099 5585 1238 5660 Jocl,
1271 5585 1458 5660 eodem
1506 5587 1577 5660 in
1597 5587 1682 5642 his
1717 5584 2142 5660 Commentariis
2184 5587 2400 5660 servato
2432 5575 2722 5660 dupdegjm
2745 5571 3493 5660 prophetarumnprdint;,qui

236 5675 330 5723 est
367 5636 774 5719 ίῖίῆὲὶὶῖςῖξξρῖ
2288 5651 2573 5728 ὀιγαπητδς
2613 5636 2907 5728 μυρίουξῆ
2933 5645 3096 5728 ἀρχή.
3127 5636 3496 5728 ρῦξφᾲςᾷ

238 5711 1397 5822 Ξῇἒὲᾡὲὶἧὲ-Ϊέῥὲξὴῗύἒάἵιρρἐῖ.μξ9ομὁρῢ)ν.
1447 5727 1532 5777 Ἐν
1568 5711 1754 5796 εἰρήνῃ
1782 5711 2068 5790 ἀπέθανεν,
2111 5725 2202 5778 καὶ
2239 5711 2410 5791 ἐτάφη
2446 5711 2577 5774 ἐκεῖ.
2613 5722 2670 5772 In
2695 5711 2735 5770 Ᾱ
2768 5711 3088 5822 eade'ntleg.
3128 5711 3180 5764 in
3208 5711 3311 5763 line
3344 5711 3495 5765 libri.

200 5856 204 5860 .
243 5797 311 5838 “'
341 5797 469 5857 Βαθ.
506 5800 734 5855 Rectius
770 5799 881 5865 alii,
913 5797 1179 5867 Φαθουήλ.
