3904 6202
458 368 592 431 1635

1445 363 1936 426 TIIEODORETI
1971 361 2310 423 EPISCOPI
2333 365 2697 426 CYRENSIS

3583 367 3703 432 1626

454 485 736 537 vobiscum
765 489 1034 550 reputate,
1072 493 1141 534 an
1173 479 1283 535 tale
1316 478 1596 551 quidpiam
1626 487 1784 533 antea
1827 477 2030 530 factum

2145 478 2535 541 κατακούοντες
2583 479 2774 547 λόγων,
2827 477 3132 548 σκοπήσατε
3173 475 3304 546 παρ’
3350 475 3478 548 ὑμῖν
3513 481 3698 546 αὐτοῖς,

453 574 547 633 sit.
580 575 662 629 vel
695 581 896 637 vestra,
939 573 1021 626 vel
1056 583 1269 643 patrum
1305 582 1610 629 vestrorum
1653 571 1915 626 memoria
1943 579 2029 624 :et

451 684 644 722 omnes
673 667 766 735 qui
811 673 1008 719 terram
1053 666 1436 735 promissionis
1469 655 1748 730 habitatis,
1799 664 2030 731 diligen—

454 769 538 813 ter
567 759 633 812 ad
673 773 734 812 ea
768 771 890 827 qua
919 757 1171 812 dicentur
1203 759 1487 812 attendite.
1519 757 1626 830 [3’]
1655 755 1792 810 Tum
1840 755 2025 809 addit:

451 851 586 902 Cum
636 847 748 902 hare
785 849 992 917 experti
1047 849 1191 911 sitis,
1247 865 1312 902 ne
1359 848 1720 904 committalis
1761 858 1817 900 ut
1849 863 1879 901 e
1921 861 2026 899 me-

453 940 623 991 moria
658 947 836 994 vestra
879 939 1188 1002 elabantur,
1237 941 1329 994 sed
1373 941 1568 995 horum
1617 939 1837 1009 ignaros
1892 937 2031 992 tilios

451 1032 518 1086 ad
550 1033 663 1085 haec
693 1031 980 1094 instituitc,
1007 1043 1170 1100 atque
1197 1032 1303 1086 illis
1323 1032 1616 1103 praacipite,
1648 1039 1707 1085 ut
1729 1031 1842 1084 haec
1871 1028 2032 1098 quasi

449 1141 545 1193 per
579 1140 774 1180 manus
827 1125 952 1179 ﬁliis
987 1126 1106 1180 suis
1139 1124 1362 1179 tradant
1403 1145 1416 1179 :
1463 1135 1519 1179 et
1574 1123 1853 1194 generatio
1908 1136 2031 1193 qua:

452 1217 552 1269 hos
597 1223 984 1284 consequetur,
1018 1232 1047 1270 a
1095 1217 1365 1286 superiori
1421 1216 1779 1286 generatione
1831 1214 2027 1266 horum

451 1308 825 1361 narrationem
878 1307 1130 1377 accipiat.
1185 1307 1337 1360 Talia
1389 1321 1612 1377 quoque
1675 1305 1887 1376 1383
1955 1304 2035 1357 ait

451 1401 643 1454 beatus
694 1399 911 1454 David:
951 1419 968 1450 ι
1002 1400 1070 1455 Ut
1123 1407 1423 1470 cognosrat
1484 1400 1767 1471 generatio
1829 1399 2024 1460 altera,

453 1496 545 1549 ﬁlii
579 1494 672 1564 qui
709 1503 1020 1558 nascentur,
1084 1501 1140 1549 et
1184 1505 1501 1563 exsurgunt,
1545 1499 1598 1546 et
1639 1491 1938 1546 narrabunt
1970 1502 2032 1542 ea

454 1590 580 1644 ﬁliis
618 1589 733 1644 suis
761 1588 838 1641 τ.»
871 1587 1219 1658 Causamque
1250 1587 1431 1650 affert,
1469 1607 1484 1638 ι
1511 1586 1580 1642 Ut
1607 1591 1810 1656 ponant
1836 1584 1888 1637 in
1929 1583 2034 1636 Deo

453 1697 603 1750 spem
636 1697 790 1736 suam
812 1683 898 1734 εδ
947 1679 1118 1734 Unam
1183 1681 1364 1748 itaque
1405 1679 1578 1734 divini
1629 1676 1868 1747 Spiritus
1908 1691 2032 1746 gra-

454 1776 583 1828 tiam
619 1781 840 1829 sanctos
874 1775 1167 1844 prophetas
1197 1773 1377 1827 aﬁlatu
1412 1771 1603 1826 divino
1644 1770 1945 1831 concitare,
1968 1784 2032 1822 ex

454 1867 618 1921 dictis
655 1873 824 1936 patet.
875 1839 989 1937 -μῖ⁷
1021 1866 1196 1934 Atque
1236 1866 1312 1918 ita
1351 1863 1602 1919 excitatis
1649 1863 1714 1916 ad
1763 1859 2034 1916 audienda
2065 1839 2108 1895 Β

454 1974 576 2028 qua:
629 1958 886 2011 dicantur
925 1955 1238 2010 senioribus
1264 1963 1318 2009 et
1350 1954 1472 2008 aliis
1499 1956 1518 1976 ⁶
1549 1954 1842 2016 universis,
1867 1960 2034 2005 totam

453 2052 712 2120 deinceps
744 2049 1117 2104 calamitatum
1156 2047 1352 2101 seriem
1385 2054 1630 2107 enarrat,
1671 2045 1878 2114 aitque,
1924 2042 2038 2113 pri-

454 2156 598 2194 mam
634 2139 879 2193 omnium
915 2152 1138 2192 erucam
1175 2143 1461 2190 venturam
1511 2151 1633 2191 esse
1665 2150 1825 2204 ;qua:
1856 2141 2035 2187 autem

456 2232 524 2285 ab
555 2235 658 2284 hac
697 2239 957 2299 corrupta
1002 2242 1112 2282 non
1155 2227 1382 2291 fuerint,
1413 2241 1443 2280 a
1475 2227 1684 2282 locusta
1716 2237 2035 2294 corruptum

455 2322 521 2377 iri
553 2337 713 2390 ;qme
764 2336 892 2376 vero
923 2319 1064 2373 banc
1104 2317 1417 2385 ellugerint,
1468 2317 1740 2372 bruchum
1777 2330 2036 2370 consum-

372 2452 376 2454 »
456 2423 678 2483 pturum
708 2429 722 2478 ;
752 2419 1054 2466 extremam
1091 2425 1222 2464 vero
1249 2409 1554 2479 rubiginem
1586 2410 1874 2477 impaclam
1901 2406 2038 2461 nihil

458 2519 683 2576 prorsus
740 2503 1011 2573 integrum
1063 2500 1382 2556 relicturam
1437 2516 1583 2557 esse.
1639 2501 1873 2566 Quidam
1906 2515 2038 2570 ergo

456 2598 662 2668 tropice
708 2597 811 2652 ista
847 2595 915 2651 de
951 2593 1190 2665 Assyriis
1225 2601 1278 2648 et
1341 2593 1656 2664 Babyloniis
1699 2591 2039 2662 interpretati

455 2698 607 2755 sunt,
679 2705 893 2744 erucam
942 2687 1163 2757 quidem
1213 2686 1772 2758 Theglaph‘alasarem
1827 2699 2040 2740 nuncu-

455 2793 670 2852 pantes,
708 2783 967 2835 locustam
1006 2794 1137 2836 vero
1185 2780 1633 2834 Salmauasarem
1680 2796 1694 2844 ;
1727 2777 2040 2833 Sennache-

454 2873 655 2928 rimum
705 2879 888 2924 autem
949 2870 1202 2923 bruchum
1259 2870 1689 2938 appellaverunt,
1748 2867 2038 2936 rubiginem

454 2963 691 3032 denique
719 2960 1334 3024 Nabuchodonosorem,
1371 2959 1466 3028 qui
1499 2968 1805 3028 postremus
1838 2957 2036 3011 bellum

453 3054 658 3117 intulit,
693 3052 1047 3121 funditusquc
1067 3049 1308 3106 Iudaeam
1355 3051 1665 3103 universam
1710 3049 2037 3113 devastavit,

455 3152 509 3198 et
533 3160 630 3198 eos
653 3144 744 3214 qui
772 3154 1000 3200 mortem
1026 3142 1352 3212 effugerant,
1375 3140 1626 3209 captivos
1653 3139 1902 3194 abduxit.
1924 3140 2038 3211 Ego

457 3246 637 3289 autem
671 3251 796 3289 vera
819 3236 939 3289 hac
979 3233 1198 3303 quidem
1223 3248 1346 3288 esse
1392 3247 1588 3287 censeo
1616 3252 1629 3287 :
1654 3234 1912 3288 existimo
1941 3249 2039 3287 au-

464 3337 591 3390 tem,
627 3325 797 3378 etiam
843 3333 903 3378 ut
943 3324 1088 3378 dicta
1138 3330 1290 3386 sunt,
1325 3322 1504 3392 reipsa
1545 3322 1862 3392 contigisse.
1905 3321 2039 3376 Nam

463 3416 656 3471 beatus
680 3417 848 3470 Amos
878 3413 1122 3469 meminit
1155 3412 1316 3467 etiam
1367 3413 1610 3478 locustae,
1643 3420 1698 3466 et
1731 3411 1952 3476 bruchi,
1987 3417 2042 3465 et

458 3508 879 3573 combustionis,
917 3514 970 3559 et
999 3504 1262 3575 :eruginis
1289 3521 1305 3572 ;
1333 3504 1533 3559 licuum
1586 3504 1735 3569 item,
1773 3503 2040 3569 olearum,

458 3606 516 3651 at
569 3599 850 3652 vinearum
904 3595 974 3649 ab
1015 3594 1198 3649 erucis
1249 3603 1698 3664 consumpturum
1732 3592 2043 3663 ;squaloris

464 3696 747 3758 prasterea,
797 3692 853 3740 et
887 3683 1193 3752 pluviarum
1227 3684 1447 3754 inopia».
1504 3682 1678 3738 «Pars
1715 3684 1862 3738 enim
1911 3697 2041 3746 una,

464 3781 664 3849 inquit,
700 3775 1042 3848 irrigabitur,
1065 3783 1118 3829 et
1150 3791 1278 3845 pars
1308 3791 1474 3844 super
1493 3790 1656 3844 quam
1691 3788 1798 3826 non
1829 3773 2041 3841 pluere,

463 3870 648 3928 areﬁct
669 3871 748 3925 ιι.»
791 3867 965 3938 Hujus
1007 3884 1132 3922 vero
1155 3869 1318 3920 etiam
1353 3867 1574 3922 divinus
1603 3865 1862 3920 Jeremias
1895 3879 2044 3916 men-

467 3965 667 4019 tionem
713 3961 866 4016 facit.
899 3959 1016 4014 Non
1053 3959 1219 4028 igitur
1259 3959 1488 4026 ﬁgurate
1521 3958 1702 4012 solum
1744 3957 1858 4010 haec
1895 3955 2042 4010 acci-

467 4053 662 4124 pienda
693 4060 820 4106 sunt
855 4093 869 4115 ,
903 4051 1117 4121 1384
1135 4064 1258 4102 cum
1285 4049 1428 4103 sacri
1464 4050 1741 4118 prophetae
1771 4045 1836 4100 ad
1876 4060 2044 4100 unum

467 4159 658 4200 omnes
692 4158 792 4198 nos
819 4144 1128 4206 docuerint,
1168 4141 1524 4210 supradicta,
1559 4139 1702 4194 sicut
1729 4147 2043 4200 narrantur,

465 4241 757 4295 accidisse.
787 4236 854 4291 Ut
875 4238 1020 4292 enim
1057 4249 1287 4304 prorsus
1317 4239 1734 4304 cognoscerent,
1760 4232 1905 4303 quod
1940 4231 2046 4285 ini—

466 4331 696 4402 quitatis
737 4329 1137 4400 impietatisque
1167 4341 1358 4396 punias
1389 4325 1784 4396 persolventcs,
1830 4325 2046 4379 irruen-

469 4424 614 4478 tibus
663 4423 718 4475 in
757 4436 852 4475 eos
899 4420 1149 4474 hostibus
1209 4418 1395 4472 traditi
1453 4417 1680 4479 fuerint,
1713 4418 1838 4486 jure
1883 4416 2046 4470 illatis

2139 569 2271 620 εἴτι
2322 568 2532 622 τοιοῦτο
2594 570 2888 641 γεγένηται
2933 569 3218 640 πρότερον,
3271 570 3304 640 ἦ
3358 570 3442 638 ἐφ’
3481 571 3700 644 ὕμῶν,ἧ

2137 661 2230 713 ἐπὶ
2259 659 2368 713 τῶν
2418 661 2696 731 ὑμετέρων
2737 661 2988 733 πατέρων
3013 678 3028 690 ο
3061 661 3157 714 καὶ
3187 661 3426 725 ἅπαντες
3449 662 3504 714 δέ
3535 665 3580 716 οἱ
3618 666 3702 734 τῆς

2137 750 2472 818 ἐπαγγελίας
2499 752 2543 782 ⁸¹
2595 751 2694 823 τὴν
2755 753 2862 822 γῆν
2933 751 3208 814 οἰκοῦντες
3240 793 3255 818 ,
3303 753 3546 824 ἀκριϐῶς
3603 760 3702 819 τοῖς

2137 843 2554 913 λεχθησομένοις
2609 845 2922 916 προσέχετε.
2963 841 3093 898 Εἶτα
3128 845 3346 913 ἐπάγει,
3383 845 3467 898 ὃτι
3504 846 3700 900 Τούτων

2139 937 2334 1004 πεῖραν
2367 933 2760 1006 λαμϐάνοντες,
2783 935 2858 1007 μὴ
2891 936 3161 1006 παράδοτε
3189 936 3327 1008 λήθῃ
3348 938 3452 1008 τὴν
3481 940 3697 1008 μνήμην,

2139 1027 2272 1080 ἀλλά
2297 1029 2408 1089 τοῖς
2431 1027 2718 1095 ἀγνοοῦσιν
2739 1028 2848 1081 τῶν
2873 1028 3076 1082 παίδων
3093 1028 3160 1080 τὰ
3182 1045 3249 1081 πε
3259 1028 3312 1100 ρί
3333 1028 3535 1081 τούτων
3555 1047 3700 1098 προσ-

2139 1119 2334 1190 φέρετε
2359 1120 2672 1190 διηγήματα
2697 1137 2710 1150 ·
2734 1121 3016 1184 κάκείνοις
3048 1120 3104 1172 δέ
3135 1120 3446 1173 ἐντείλασθε
3495 1123 3571 1184 εἰς
3593 1123 3696 1184 τοὺς

2140 1211 2349 1264 ἑαυτῶν
2370 1211 2542 1266 ταῦτα
2573 1212 3003 1283 διαπορθμεῦσαι
3027 1213 3242 1278 παῖδας,
3268 1213 3414 1284 καὶὴ
3443 1215 3557 1282 μετ’
3577 1215 3697 1266 ἐκεί-

2140 1321 2267 1367 νους
2299 1305 2462 1370 γενεὰ
2520 1305 2759 1374 δεχέσθω
2809 1305 2961 1375 παρά
2994 1306 3093 1376 τῆς
3125 1307 3232 1377 πρὸ
3261 1305 3430 1376 αὐτῆς
3459 1307 3556 1376 τὴν
3593 1308 3699 1379 περὶ

2141 1399 2345 1452 τούτων
2377 1398 2649 1469 διήγησιν.
2684 1397 2923 1453 Τοιαῦτα
2954 1401 3049 1454 καὶ
3088 1402 3118 1452 ὁ
3150 1400 3420 1470 μακάριος
3447 1399 3590 1468 λέγει
3615 1403 3699 1454 Δα-

2143 1491 2247 1543 ϐἰδ·
2264 1490 2486 1554 «Ὅπως
2504 1491 2568 1543 ἂν
2591 1491 2704 1562 γνῷ
2719 1493 2882 1560 γενεά
2912 1495 3093 1565 ἑτέρα,
3113 1494 3220 1546 υἱοὶ
3245 1494 3291 1546 oi
3315 1511 3374 1545 τε
3379 1493 3696 1564 χθησὸμενοι,

2141 1587 2238 1637 καὶ
2261 1585 2674 1656 ἀναστήσονται,
2710 1586 2802 1639 καὶ
2837 1586 3239 1654 ἀπαγγελοῦσιν
3269 1586 3408 1640 αὐτά
3441 1589 3552 1651 τοῖς
3584 1588 3699 1650 υἱοῖς

2143 1674 2342 1730 αὐτῶν.
2373 1695 2390 1727 ι
2417 1677 2526 1728 Καὶ
2554 1675 2650 1746 τὴν
2675 1676 2852 1730 αἰτίαν
2885 1676 3179 1743 διδάσκων,
3226 1697 3243 1728 ι
3272 1677 3386 1730 Ἶνα
3413 1676 3603 1730 θῶνται
3623 1681 3699 1730 ἐπὶ

2142 1768 2232 1821 τὸν
2265 1768 2418 1833 Θεὸν,
2480 1767 2633 1838 φησὶ,
2665 1767 2762 1840 τὴν
2800 1769 2990 1823 ἐλπίδα
3023 1770 3221 1825 αὐτῶν.
3261 1789 3279 1822 ι
3321 1771 3436 1824 Μία
3486 1770 3695 1841 τοίνυνή

2141 1860 2234 1914 τοῦ
2267 1859 2411 1913 θείου
2443 1859 2756 1932 Πνεύματος
2783 1861 3020 1932 χάρις,ή
3053 1863 3165 1924 τοῖς
3209 1861 3388 1929 ἁγίοις
3421 1862 3698 1932 πφφῂταις

2143 1951 2514 2021 ἐμπνεύσασα,
2542 1951 2606 2003 ἐκ
2633 1951 2740 2004 τῶν
2763 1953 3066 2024 εἰρημένων
3093 1952 3388 2006 δείκνυται.
3415 1952 3593 2015 Οῦτως
3635 1951 3708 2016 εἰς’

2143 2042 2406 2112 ἀκρόασιν
2451 2041 2557 2094 τῶν
2591 2041 2979 2114 ῥηθησομένων
3025 2043 3152 2107 τούς
3196 2061 3256 2097 τε
3298 2045 3696 2116 πρεσϐυτέρους,

2144 2134 2380 2196 καὶτοὺς
2407 2133 2463 2188 ἀ)
2475 2133 2600 2197 λους
2641 2133 2886 2196 ἅπαντας
2910 2133 3202 2206 διεγείρας,
3238 2134 3510 2205 διηγεῖται
3542 2135 3699 2188 λοιπὸν

2143 2227 2252 2279 πᾶν
2298 2225 2360 2278 τὸ
2403 2226 2606 2298 πλῆθος
2650 2226 2759 2280 τῶν
2793 2227 3113 2298 συμφορῶν,
3153 2228 3246 2281 καὶ
3295 2228 3464 2297 λέγει,
3506 2228 3699 2299 πρώτην

2146 2316 2247 2386 μὲν
2297 2315 2527 2387 κάμπην
2570 2315 2980 2382 ἐπελεύσεσθαι,
3021 2317 3088 2371 τὰ
3124 2318 3181 2370 δὲ
3241 2318 3348 2371 ὑπὸ
3400 2317 3597 2388 ταύτης
3640 2321 3700 2389 μὴ

2143 2407 2506 2480 διαφθαρέντα
2570 2408 2676 2462 ὑπὸ
2719 2409 2940 2479 ἀκρίδος
2991 2409 3451 2481 ἀναλωθήσεσθαι
3483 2427 3497 2440 ·
3525 2410 3618 2463 ὅσα
3656 2411 3702 2462 δὲ

2143 2500 2345 2570 ταύτην
2369 2499 2734 2568 διαφεύξεται,
2768 2500 3100 2573 δαπανήσειν
3126 2503 3217 2555 τὸν
3258 2501 3491 2572 βροῦχον
3521 2518 3534 2532 ·
3558 2502 3703 2571 ἐσχά-

2145 2607 2243 2660 την
2264 2590 2321 2644 δὲ
2344 2591 2444 2660 τὴν
2491 2591 2751 2662 ἐρυσίϐην
2788 2593 3194 2662 ἐπενεχθεῖσαν,
3241 2593 3407 2663 μηδὲν
3453 2593 3706 2655 παντελῶς

2145 2681 2490 2751 καταλείψειν
2537 2682 2831 2752 ἀλώϐητον.
2884 2684 3041 2747 Τινὲς
3091 2685 3190 2754 μὲν
3210 2681 3302 2739 οὖν
3332 2684 3506 2739 ταῦτα
3537 2701 3706 2755 τροπι-

2145 2773 2256 2838 κῶς
2289 2773 2369 2838 εῖς
2424 2792 2483 2827 τε
2541 2776 2632 2828 τὸν
2679 2775 2964 2846 Ἀσσύριον
3018 2777 3107 2830 καὶ
3145 2776 3491 2830 Βαϐυλώνιον
3517 2777 3706 2847 ἐξειλήο

2146 2883 2277 2935 φασι
2303 2883 2315 2894 ·
2342 2865 2584 2934 κὰμπην
2623 2867 2720 2938 μὲν
2745 2868 2835 2922 τὸν
2866 2868 3304 2938 Θεγλαφαλασὰρ
3324 2869 3704 2940 ὀνομάσαντες·

2145 2957 2360 3026 ἀκρίδα
2401 2958 2460 3010 δὲ
2517 2959 2609 3012 τὸν
2671 2959 3037 3031 Σαλμανασάρ
3059 2976 3078 2994 ο
3110 2960 3200 3014 τὸν
3249 2961 3305 3014 δὲ
3359 2962 3708 3032 Σενναχηρεὶμ

2147 3052 2599 3124 προσηγόρευσαν
2627 3053 2902 3124 βροῦχον
2928 3069 2942 3085 ·
2965 3055 3258 3124 ἐρυσίϐην
3301 3055 3362 3108 δὲ
3395 3056 3487 3109 τὸν
3515 3055 3706 3108 Ναϐου-

2146 3144 2447 3214 χοδονόσορ,
2500 3145 2806 3200 τελευταῖον
2853 3147 3386 3218 ἐπιστρατεύσαντα,
3433 3148 3527 3202 καὶ
3562 3147 3709 3218 ἀρδην

2138 3236 2360 3289 ἅπασαν
2394 3235 2494 3306 τὴν
2531 3236 2792 3290 Ἰουδαίαν
2821 3237 3133 3308 δῃώσαντα,
3186 3238 3284 3292 καὶ
3318 3239 3446 3302 τοὺς
3491 3239 3583 3292 τὸν
3629 3237 3710 3292 0d-

2141 3345 2298 3381 νατον
2332 3328 2698 3398 διαφυγόντας
2735 3329 3120 3401 αἰχμαλώτους
3157 3331 3538 3399 ἀπαγαγόντα.
3587 3329 3707 3397 Ἐγὼ

2139 3418 2198 3472 δὲ
2235 3418 2406 3490 ἀληθῆ
2454 3420 2552 3490 μὲν
2600 3419 2842 3491 ἠγοῦμαι
2874 3422 2968 3474 καὶ
3009 3421 3185 3476 ταῦτα
3215 3438 3230 3451 ·
3259 3422 3626 3492 ὑπολαμϐάνω
3659 3422 3706 3474 δὲ

2142 3510 2236 3563 καὶ
2265 3513 2332 3564 τὰ
2359 3509 2498 3563 κατά
2535 3509 2595 3564 τὸ
2625 3512 2787 3582 ῥητὸν
2816 3513 3078 3583 νοούμενα
3111 3514 3190 3582 τῷ
3221 3515 3335 3567 δντι
3377 3513 3704 3584 γεγενῆσθαι.

2142 3603 2428 3673 Μέμνηται
2458 3603 2566 3674 γὰρ
2597 3605 2694 3656 καὶ
2730 3607 2758 3658 ό
2798 3606 3069 3675 μακάριος
3110 3606 3312 3676 Ἀμὼς,
3347 3609 3445 3660 καὶ
3483 3607 3704 3676 ἀκρίδας,

2143 3695 2239 3748 καὶ
2269 3694 2484 3766 βρόχον,
2521 3696 2614 3749 καὶ
2650 3696 2969 3767 πυρώσεως,
2999 3697 3092 3751 καὶ
3125 3699 3362 3770 ἰκτέρου,
3398 3699 3494 3753 καὶ
3524 3697 3705 3760 συκῶν,

2143 3785 2238 3838 καὶ
2269 3785 2482 3852 ἐλαιῶν,
2517 3788 2611 3842 καὶ
2637 3789 2900 3858 ἀμπέλων
2937 3791 3042 3843 ύπὸ
3075 3792 3314 3861 καμπῶν
3345 3791 3708 3862 διαφθειρομέ-

2145 3894 2271 3942 νων,
2304 3878 2396 3930 καὶ
2438 3880 2576 3950 πρὸς
2601 3881 2812 3944 τούτοις
2839 3882 3052 3952 αὐχμοῦ
3086 3884 3182 3936 καὶ
3214 3884 3545 3954 ἀνομϐρίας.
3582 3884 3708 3937 (Mt-

2149 3968 2231 4038 pl;
2259 3969 2388 4040 γὰρ,
2426 3971 2582 4043 φησι,
2627 3973 2725 4043 μία
2757 3972 3108 4044 βραχήσεται,
3144 3976 3237 4027 καὶ
3270 3975 3431 4045 μερὶς
3457 3977 3542 4044 ἐφ’
3575 3977 3633 4047 ἢν
3655 3975 3706 4027 ού

2148 4059 2342 4132 βρέξω,
2387 4061 2809 4138 ξηρανθήσεται.
2833 4085 2850 4117 ι
2889 4067 3105 4139 Ταύτης
3148 4068 3206 4122 δὲ
3246 4069 3342 4122 καὶ
3376 4071 3406 4122 ὁ
3445 4069 3708 4130 θεσπέσιος

2158 4150 2424 4223 Ἱερεμίας
2485 4155 2674 4225 σαφῶς
2719 4158 3156 4229 ἐμνημόνευσεν.
3201 4162 3275 4215 Ού
3311 4161 3396 4212 δεῖ
3441 4160 3708 4230 τοιγαροῦν

2145 4245 2424 4313 τροπικῶς
2481 4248 2640 4318 μόνον
2693 4249 2942 4303 ἐκλαϐεῖν
2984 4250 3055 4304 τὰ
3100 4252 3389 4322 εἰρημένα,
3427 4249 3709 4323 συμφώνως

2146 4337 2294 4406 ἡμᾶς
2319 4338 2429 4392 τῶν
2460 4340 2620 4412 ἱερῶν
2649 4341 2944 4413 προφητῶν
2967 4342 3312 4410 διὼξάντων,
3342 4343 3421 4408 ὡς
3456 4346 3550 4398 καὶ
3589 4348 3712 4399 κτιτᾶ⁵

2147 4425 2244 4496 τὴν
2277 4429 2515 4500 ἱστορίαν
2540 4433 2608 4486 τὰ
2641 4433 3005 4505 προλεχθέντα
3037 4436 3254 4505 συνέϐη.
3293 4437 3412 4491 Ἵνα
3449 4437 3560 4509 γὰρ
3597 4453 3708 4507 μαν-

464 4516 629 4570 etiam
696 4512 764 4566 de
835 4510 976 4565 etelo
1030 4510 1479 4578 corrcptionibus
1536 4509 1875 4565 feriebantur
1908 4523 2037 4578 :per

2149 4517 2382 4574 θάνωσιν
2403 4523 2665 4594 ἀκριϐῶς,
2693 4528 2768 4592 ὡς
2798 4530 2893 4599 τῆς
2919 4530 3266 4597 παρανομίας
3289 4529 3386 4582 καὶ
3412 4529 3708 4590 δυσσεϐείας

468 4607 584 4660 haec
605 4602 804 4667 edocti,
836 4604 979 4671 quod
1020 4601 1185 4664 Deus,
1238 4618 1398 4672 quem
1443 4603 1546 4673 ipsi
1595 4601 2042 4664 contemnebant,

467 4697 720 4763 utrisque
782 4695 905 4748 illos
938 4694 1219 4763 suppliciis
1255 4696 1572 4750 ulciscatur.
1604 4694 1871 4750 Caterum
1898 4701 2046 4764 post-

447 4801 632 4856 quam
666 4785 846 4839 tristia
877 4795 933 4839 et
979 4786 1114 4840 dura
1162 4787 1432 4855 praadixit,
1481 4787 1913 4844 consolationem
1964 4781 2042 4837 af-

465 4876 574 4933 fert
599 4887 652 4932 et
678 4876 992 4932 consilium.

2151 4609 2344 4681 ποινὴν
2396 4613 2631 4679 τίνοντες
2655 4617 2700 4649 ⁸³
2750 4622 2861 4682 τοῖς
2907 4617 3154 4672 ἐπιοῦσιν
3202 4620 3385 4684 αὐτοῖς
3439 4621 3706 4674 ἐκδίδονται

2153 4701 2452 4771 πολεμίοις,
2477 4708 2699 4773 εἰκότως
2724 4711 2817 4764 καὶ
2839 4715 2961 4775 ταῖς
2987 4713 3279 4783 οὐρανόθεν
3305 4713 3708 4784 ἐπιφερομένας

2152 4790 2424 4857 παιδείαις
2449 4797 2758 4866 ἐϐάλλοντο,
2791 4801 3172 4872 διδασκόμενοι
3215 4803 3304 4856 διὰ
3334 4803 3566 4870 τούτων,
3596 4803 3661 4865 ὡς
3686 4803 3709 4852 ὁ

2144 4881 2274 4953 παρ’
2304 4884 2482 4940 αὐτῶν
2525 4885 2896 4963 ἀμελούμενος
2933 4893 3084 4959 Θεὸς,
3126 4895 3220 4948 καὶ
3275 4893 3492 4958 τούτοις
3531 4894 3706 4952 αὐτοὺς

463 4976 808 5045 τιμωρεῖται,
857 4975 1151 5040 κάκείνοις.
1193 4976 1542 5048 Προειρηκὼς
1605 4979 1786 5033 τοίνυν
1837 4980 1906 5033 τὰ
1953 4974 2274 5048 σκυθρωπὰ,
2330 4985 2650 5054 παραίνεσιν
2701 4987 2944 5058 εἰσφέρει
2993 4989 3090 5042 καὶ
3143 4988 3471 5060 συμϐουλήν.

540 5063 704 5120 Vens.
737 5065 790 5118 5.
827 5083 846 5118 ι
874 5065 1160 5136 Evigilate,
1193 5067 1285 5136 qui
1327 5069 1465 5122 ebrii
1505 5071 1639 5126 estis
1681 5087 1749 5126 ex
1786 5072 1914 5126 vino
1953 5087 2048 5128 eo-

469 5167 614 5219 rum,
648 5163 702 5210 et
733 5157 942 5225 plorata
977 5167 1068 5223 ;et
1106 5158 1364 5228 plangite,
1397 5171 1588 5217 omnes
1625 5163 1717 5232 qui
1755 5163 1940 5219 bibitis
1970 5165 2050 5220 vi-

471 5262 601 5300 num
625 5248 690 5302 ad
711 5249 1052 5304 ebrietatem.
1066 5269 1084 5302 ι
1105 5250 1437 5317 Convertite,
1461 5253 1658 5324 inquit,
1684 5255 2049 5326 intemperan-

473 5338 602 5392 tiam
635 5339 1076 5410 voluptatemque
1107 5342 1540 5412 immoderatam,
1569 5345 1623 5400 in
1654 5347 2045 5405 lamenta.Non

551 5515 572 5555 ί
595 5514 741 5574 Psal.
772 5533 978 5585 Lxxvn,
1015 5516 1068 5572 6.
1149 5519 1174 5558 ε
1211 5519 1344 5574 ibid.
1382 5524 1436 5575 7.
1528 5523 1557 5560 ¹ι
1592 5525 1761 5582 Amos
1785 5544 1860 5594 Iv,
1890 5528 1942 5582 7.

2226 5079 2290 5128 ε’.
2323 5093 2343 5127 ι
2405 5075 2738 5148 Ἐκνήψατε,
2779 5079 2826 5130 οἰ
2853 5077 3164 5149 μεθύοντες,
3218 5079 3278 5144 ἐξ
3327 5081 3471 5132 οἰνου
3515 5077 3707 5134 αὐτῶν,

2156 5167 2254 5221 καὶ
2281 5167 2553 5222 κλαύσατε
2575 5169 2652 5202 ³⁸⁸
2688 5169 3027 5242 θρηνήσατε,
3063 5170 3265 5234 πάντες
3293 5171 3345 5223 οἰ
3378 5171 3622 5231 πίνοντες
3646 5161 3710 5219 oi-

2154 5277 2246 5316 νον
2276 5263 2356 5325 εἰς
2410 5262 2601 5333 μέθην.
2638 5281 2657 5316 ι
2695 5261 3068 5325 Μεταϐἀλετε,
3099 5261 3238 5332 φησι
3293 5262 3395 5332 τὴν
3434 5258 3707 5332 ἀκρασίαν.

2155 5354 2251 5409 καὶ
2277 5355 2379 5425 τὴν
2407 5357 2505 5425 τῆς
2531 5353 2716 5426 χλιδῆς
2743 5353 3032 5426 ἀμετρίαν,
3057 5352 3138 5418 εἰς
3164 5351 3470 5424 θρηνῳδίαν
3487 5368 3502 5384 ·
3525 5352 3589 5406 οὐ
3615 5348 3712 5418 γὰρ

1781 5681 2012 5738 VARle
2049 5682 2456 5738 LECTlONES.

551 5784 596 5816 ³²
621 5804 673 5841 τ.
703 5789 792 5840 ἐπ.
813 5787 933 5843 Des.
969 5788 1020 5842 in
1049 5786 1110 5841 C.
1213 5788 1256 5820 ³³
1284 5789 1324 5843 C
1347 5789 1666 5852 τιννύοντες.

1774 5793 1817 5823 ³³
1840 5793 1931 5864 _ld.
1957 5793 2246 5859 κλαύσατε,
2283 5793 2400 5846 καί.
