3904 6202
240 367 367 433 1637

1502 373 1586 437 1N
1633 364 1889 443 J'OELIS
1926 381 2082 443 CAP.
2116 384 2164 444 ι.

3342 393 3483 465 1638

231 477 289 531 τὸ
312 473 493 532 πίνειν
526 472 687 544 οἶνον,
715 479 904 547 κακὸν,
941 479 1078 535 ἀλλά
1098 479 1160 535 τδ
1190 482 1445 555 ἀμέτρως
1479 486 1656 540 πίνειν
1681 490 1792 540 ἑπι-

1903 488 2049 543 enim
2082 491 2269 547 bibere
2301 492 2486 549 vinum
2517 496 2719 551 malum
2759 506 2861 563 est,
2917 499 3012 556 sed
3057 499 3488 574 intemperanter

233 567 447 633 ωαόές.
486 566 741 642 Είρηκὼς
803 573 860 627 δὲ
910 571 980 637 ἐξ
1028 574 1199 629 οἴνου
1238 575 1458 642 αὐτῶν,
1484 577 1578 632 καὶ
1614 580 1806 651 ἑτέραν

229 658 444 732 ᾐνίξατο
481 661 672 733 μέθην,
694 664 795 734 τὴν
826 665 1061 736 παντελῆ
1090 665 1187 736 τῆς
1213 666 1388 738 ψυχῆς
1421 669 1512 721 ἐπὶ
1536 668 1605 723 τὰ
1639 670 1805 742 χείρω

229 754 422 823 ῥοπὴν,
450 753 545 806 καὶ
576 754 671 825 τὴν
721 756 1037 827 παντοδαπῆ
1084 757 1423 828 παρανομίαν
1450 758 1589 813 οὕτω
1636 770 1805 832 προσ-

227 845 556 914 αγορεύσας.
610 846 883 916 Προσήκει
915 847 971 900 δὲ
1026 848 1192 917 ὑμᾶς,
1238 849 1391 918 φησὶ,
1437 849 1656 922 θρηνεῖν
1709 852 1804 905 καὶ

226 935 541 1006 ὀδύρεσθαι,
568 936 715 988 ὄτι³⁸
759 935 853 990 τοῦ
897 937 993 1009 τὴν
1030 938 1367 1010 εὐφροσύνην
1419 941 1548 1010 ὑμῖν
1605 940 1802 1013 προξε-

226 1024 445 1089 νοῦντος
506 1024 908 1096 στερηθήσεσθε
966 1026 1165 1099 πάντη.
1232 1023 1367 1081 Εἶτα
1413 1029 1681 1100 διηγεῖται
1733 1030 1802 1084 τὰ

225 1115 365 1168 κατά
397 1113 495 1184 τὴν
528 1113 758 1186 ἀκρίδα,
793 1114 969 1168 είτουν
1016 1115 1106 1169 τὸν
1160 1116 1441 1189 ’Ἀσσύριον
1472 1135 1484 1145 ·
1516 1119 1803 1190 ἀμφότερα

222 1203 334 1274 γὰρ
391 1204 707 1268 αἰνίττεται,
768 1205 863 1258 καὶ
913 1205 1081 1273 λέγει,
1134 1224 1152 1257 ι
1207 1205 1357 1271 ἔθνος
1428 1209 1800 1279 ἀναϐήσεσθαι

224 1297 318 1349 ἐπὶ
347 1297 445 1366 τὴν
495 1296 599 1367 γῆν
625 1296 808 1362 αὐτοῦ,
848 1298 1081 1370 ἀριθμοῦ
1113 1317 1171 1353 τε
1217 1305 1483 1372 κρεῖττον,
1514 1304 1605 1357 καὶ
1639 1304 1799 1378 ῥώμῃ

223 1389 321 1441 καὶ
368 1387 594 1456 δυνάμει
629 1391 1018 1462 κοσμούμενον.
1058 1410 1077 1443 ι
1114 1383 1246 1459 Γῆν
1274 1394 1330 1446 δὲ
1363 1396 1548 1450 αὐτοῦ
1579 1397 1676 1467 τὴν
1701 1397 1796 1451 τοῦ

233 1485 453 1555 Ἰσραὴλ
477 1485 729 1556 ὀνομάζει
761 1485 866 1556 γῆν
892 1502 903 1515 ³
937 1487 1126 1559 ἐπειδὴ
1160 1489 1251 1542 καὶ
1277 1488 1367 1541 τὸν
1405 1489 1642 1559 Ἰσραὴλ
1668 1491 1797 1545 ἴδιον

219 1575 481 1645 ὀνομάζει
503 1575 651 1630 λαόν.
698 1596 715 1627 ι
755 1578 818 1630 Oi
846 1576 1055 1642 ὀδόντες
1100 1579 1264 1632 αὐτοῦ
1308 1581 1517 1644 ὀδόντες
1563 1582 1793 1650 λέοντος,

221 1668 317 1718 καὶ
339 1666 398 1718 αἱ
450 1666 615 1737 μῦλαι
646 1665 831 1732 αὐτοῦ,
862 1667 936 1732 ὡς
961 1667 1201 1739 σκύμνου
1241 1669 1427 1723 αὐτοῦ.
1467 1692 1484 1723 ι
1514 1673 1796 1745 Διαφόρως

220 1754 276 1806 δὲ
308 1753 376 1807 τά
398 1754 539 1808 αὐτὰ
561 1754 768 1827 εἴρηκε,
792 1760 915 1820 ταῖς
961 1758 1167 1812 πλείοσι
1216 1762 1607 1833 προσηγορίαις
1631 1778 1797 1816 κατα-

1907 579 2102 637 bibere
2147 584 2516 653 perniciosum
2569 601 2672 642 est.
2731 586 2865 644 Cum
2910 600 3090 647 autem
3144 592 3364 663 dixerit,
3422 613 3488 651 ea:

1905 671 2024 725 vino
2090 689 2294 742 eorum,
2344 677 2506 730 aliam
2556 679 2722 733 etiam
2780 681 3099 737 ebrietatem
3155 683 3481 756 designavit,

1907 777 2134 831 pronam
2166 768 2423 824 videlicet
2451 768 2620 824 animi
2652 770 2718 824 ad
2748 769 3021 828 deteriora
3053 783 3478 847 propensionem

1906 854 2327 928 universamque
2379 859 2722 930 iniquitatem
2756 862 2836 916 sic
2871 865 3174 933 appellans.
3220 865 3332 923 Vos
3384 886 3483 923 au-

1906 946 2012 992 tem
2063 941 2302 1009 plorare,
2357 945 2453 1009 ait,
2487 954 2541 1001 et
2590 946 2879 1003 lamentari
2920 955 3201 1021 convenit,
3243 957 3369 1026 quia
3419 970 3485 1012 eo

1907 1044 2138 1099 prorsus
2165 1034 2541 1104 privabimini,
2593 1041 2739 1108 quod
2785 1041 3115 1111 voluptatem
3164 1046 3319 1102 vobis
3348 1051 3368 1073 ⁶
3400 1050 3485 1102 af-

1903 1119 2131 1176 ferebat.
2183 1122 2258 1197 [6]
2302 1125 2500 1184 Postea
2551 1138 2741 1184 narrat
2789 1146 2852 1187 ea
2900 1150 3023 1203 qua:
3074 1135 3140 1190 ad
3190 1138 3482 1207 locustam,

1903 1213 2021 1268 sive
2077 1214 2360 1286 Assyrium
2406 1228 2674 1291 spectant.
2708 1222 3012 1296 Utrumque
3036 1229 3183 1283 enim
3214 1229 3482 1304 designat,

1902 1314 1957 1359 et
1987 1306 2099 1370 ait,
2132 1326 2151 1359 ι
2189 1318 2403 1379 gentem
2433 1324 2787 1368 ascen‘suram
2834 1315 2901 1368 ad
2932 1323 3136 1371 terram
3168 1319 3363 1390 ipsius,
3398 1323 3483 1376 in-

1901 1399 2293 1453 numerabilem
2333 1442 2349 1466 ,
2390 1402 2605 1459 viribus
2654 1414 2707 1459 et
2754 1407 2995 1474 potentia
3044 1416 3414 1479 praestantem.
3458 1434 3478 1466 ι

1904 1482 2121 1569 Terram
2176 1503 2308 1545 vero
2353 1492 2518 1560 ipsius
2575 1503 2734 1549 vocat
2772 1502 2969 1551 terram
3032 1499 3288 1567 lsraelis,
3344 1518 3482 1572 quo-

1898 1576 2044 1630 niam
2100 1576 2357 1634 Israelem
2415 1598 2632 1653 quoque
2694 1587 2951 1656 populum
2998 1603 3157 1642 suum
3213 1592 3479 1647 nominat.

1903 1682 1922 1716 ι
1976 1664 2177 1723 Dentes
2230 1670 2350 1739 ejus
2402 1672 2599 1738 leonis,
2640 1682 2695 1728 et
2740 1676 2973 1732 molares
3021 1678 3169 1748 ejus,
3216 1688 3276 1734 ut
3310 1683 3476 1738 catuli

1896 1760 2093 1816 leonis.
2124 1780 2144 1813 ι
2166 1758 2329 1818 Varie
2364 1774 2543 1820 autem
2572 1765 2759 1822 eadem
2792 1767 2950 1836 dixit,
2982 1772 3262 1828 nominum
3293 1760 3483 1829 multi-

222 1842 428 1913 πλῆξαι
480 1843 796 1915 βουλόμενος
820 1862 833 1874 ·
864 1843 1084 1900 λέοντα
1136 1846 1242 1917 γάρ
1271 1849 1364 1903 καὶ
1390 1852 1666 1919 σκύμνον
1708 1852 1792 1905 τὸν

1905 1854 2095 1909 tudine
2125 1852 2558 1925 perterrefacere
2580 1858 2788 1914 volens.
2825 1857 3044 1914 Leonem
3069 1864 3213 1917 enim
3241 1874 3295 1920 et
3318 1877 3478 1921 catu-

222 1935 394 1988 αὑτὸν
430 1935 586 1990 καλεῖ
605 1953 620 1966 ·
657 1939 705 1990 εί
736 1936 792 1990 δὲ
812 1938 905 1991 καὶ
934 1939 1206 2010 διαφόρως
1228 1958 1313 2003 τις
1342 1942 1513 1995 ἐθέλει
1543 1947 1701 2009 νοεῖν,
1736 1945 1795 1998 οὐ

216 2024 545 2097 λυμανεῖται
572 2031 639 2101 τῇ
668 2028 904 2101 διανοίᾳ·
932 2031 966 2102 ἦ
989 2047 1048 2084 τε
1072 2031 1180 2102 γὰρ
1205 2031 1365 2102 ἀκρίς
1397 2032 1509 2103 ἔχει
1545 2034 1644 2097 τὰς
1666 2034 1799 2104 βρα-

217 2121 458 2193 χυτέρας
479 2115 589 2174 οἶόν
621 2138 771 2186 τινας
808 2122 1082 2194 σκύμνους
1106 2123 1398 2191 ἑπομένας,
1423 2124 1517 2177 καὶ
1560 2126 1608 2177 οἱ
1641 2124 1800 2179 πολέ-

221 2231 340 2285 μιοι
370 2212 508 2284 πρὸς
542 2216 653 2277 τοῖς
705 2214 962 2286 μαχίμοις
1005 2215 1100 2268 καὶ
1128 2213 1463 2290 ἀριστεῦσιν,
1503 2214 1799 2285 ἐπάγονται

215 2304 314 2358 καὶ
364 2305 493 2369 τοὺς
542 2305 763 2359 ἔλαττον
809 2306 1155 2377 δυναμένους.
1189 2309 1465 2378 Διηγείται
1497 2307 1553 2360 δὲ
1601 2306 1694 2361 καὶ
1730 2306 1799 2362 τὰ

217 2397 375 2467 παρὰ
398 2397 604 2450 τούτων
624 2398 877 2468 ἐσόμενα,
909 2397 1185 2468 ἀμπέλους
1211 2398 1529 2462 ὑποδεικνὺς
1553 2398 1798 2468 διαφθει-

218 2487 481 2558 ρομένας,
517 2487 611 2541 καὶ
644 2488 711 2541 τὰ
750 2488 951 2541 τούτων
983 2488 1236 2559 κλήματα
1274 2488 1797 2560 λευκαινόμενα,κα”ί

217 2578 396 2640 συκᾶς
455 2578 838 2649 γυμνουμένας
891 2579 989 2648 τῆς
1024 2579 1219 2650 κόμης,
1256 2579 1393 2648 ὅπερ
1442 2579 1599 2634 είωθε
1660 2598 1798 2651 συμ-

216 2668 429 2722 ϐαίνειν
458 2670 905 2740 έπισκηπτούσης
940 2670 1180 2741 ἀκρίδος.
1228 2670 1336 2724 Καὶ
1360 2671 1441 2722 ὅτι
1475 2671 1573 2741 οὐχ
1600 2671 1675 2736 ὡς
1702 2689 1796 2741 γε-

212 2774 349 2828 γενη
358 2758 495 2829 μένα
526 2759 697 2812 ταῦτα
719 2759 888 2829 λέγει,
914 2759 1027 2813 ἀλλ’
1065 2759 1141 2823 ὡς
1181 2761 1433 2830 ἐσόμενα,
1469 2761 1503 2831 ή
1534 2762 1796 2834 ἐπαγωγὴ

216 2854 503 2924 μαρτυρεῖ.

284 2946 359 3012 η’.
406 2960 423 2992 ι
463 2939 797 3013 Θρηνήσει⁸⁶
827 2939 956 3012 γὰρ,
992 2941 1165 3012 φησὶ,
1197 2941 1328 3012 πρός
1382 2956 1449 3012 με
1493 2943 1632 3016 ὑπὲρ
1660 2942 1798 3015 νύμ-

213 3047 324 3102 φην
350 3030 795 3102 περιεζωσμένην
827 3031 1031 3083 σάκκον
1069 3029 1161 3081 ἐπὶ
1190 3030 1281 3082 τὸν
1309 3028 1477 3100 ἄνδρα
1508 3033 1678 3104 αὐτῆς
1706 3034 1795 3087 τὸν

1902 1942 2010 1995 lum
2035 1945 2286 1999 eumdem
2309 1956 2488 2002 vocat.
2518 1948 2573 2003 Si
2591 1949 2714 2016 quis
2739 1959 2920 2005 autem
2942 1948 3157 2006 diverse
3179 1952 3482 2023 intelligere

1899 2034 2051 2098 velit,
2082 2035 2267 2090 sensui
2304 2053 2411 2091 non
2461 2038 2665 2096 officiet
2718 2057 2883 2097 :nam
2939 2053 2992 2099 et
3022 2045 3231 2101 locusta
3264 2046 3479 2119 1385

1899 2124 2140 2180 minores
2170 2128 2328 2194 alias,
2370 2139 2630 2201 tanquam
2672 2135 2906 2201 catulos,
2940 2137 3338 2209 subsequenles
3382 2141 3477 2195 ha-

1896 2214 2007 2281 bet,
2035 2226 2089 2273 et
2121 2219 2304 2275 hostes
2332 2236 2438 2275 una
2466 2239 2590 2276 cum
2624 2224 2900 2282 bellicosis
2932 2237 2985 2283 et
3010 2230 3270 2296 strenuis,
3312 2233 3476 2287 etiam

1897 2308 2080 2363 minus
2109 2309 2363 2368 robustos
2400 2314 2695 2369 adducunt.
2730 2312 2810 2390 [7]
2838 2317 3084 2388 Explicat
3125 2329 3305 2375 autem
3356 2332 3477 2392 qua!

1897 2412 1995 2469 per
2026 2400 2125 2457 has
2161 2403 2509 2471 producenda
2537 2408 2667 2472 sint,
2704 2408 2892 2465 vineas
2935 2409 3137 2465 docens
3167 2419 3475 2482 corruptas,

1897 2505 2196 2563 earumque
2248 2496 2502 2565 palmites
2550 2498 2850 2567 dealbatos,
2902 2506 2956 2554 et
3011 2501 3146 2556 ficus
3192 2501 3477 2560 frondibus

1900 2584 2183 2653 spoliatas,
2237 2589 2382 2656 quod
2443 2589 2687 2646 irruente
2741 2593 2953 2647 locusta
3005 2594 3257 2649 accidere
3313 2596 3472 2649 solet.

1902 2670 2058 2740 Quod
2102 2685 2280 2730 autem
2311 2678 2426 2732 haec
2458 2695 2568 2734 non
2602 2689 2662 2736 ut
2700 2681 2861 2750 facta,
2883 2681 2977 2739 sed
3009 2691 3067 2737 ut
3095 2684 3275 2738 futura
3305 2685 3473 2751 dicat,

1899 2764 2287 2836 subsequentia
2322 2774 2618 2824 testantur.

1964 2936 2135 2998 Vsus.
2166 2943 2219 2998 8.
2251 2962 2271 2997 ι
2308 2943 2537 3017 Planget
2566 2946 2733 3010 enim,
2778 2946 2980 3018 inquit,
3038 2949 3104 3003 ad
3161 2964 3246 3004 me
3300 2964 3472 3020 supra

1894 3046 2158 3106 sponsam
2191 3038 2492 3092 accinctam
2533 3038 2716 3092 cilicio
2748 3047 2974 3110 propter
2994 3041 3170 3095 virum
3211 3041 3475 3112 juventno

213 3121 568 3194 παρθενικὸν.
627 3141 645 3173 ι
698 3118 833 3174 Οὐδὲ
882 3119 992 3190 γὰρ
1038 3114 1190 3174 εἶπεν
1240 3120 1598 3190 captivum-2r,
1657 3124 1792 3179 ἀλλά

1899 3125 1970 3179 tis
2001 3129 2115 3180 sua:
2164 3144 2192 3179 ·ο
2232 3125 2350 3180 Non
2401 3127 2540 3182 dixit
2576 3128 2827 3196 planxit,
2872 3132 2966 3184 sed
3001 3131 3252 3201 plangat:
3289 3141 3468 3187 osten‘

212 3184 524 3281 θρῆνήσει,
558 3212 843 3276 διδάσκων,
997 3211 1133 3281 μετά
1158 3213 1258 3282 τὴν
1301 3184 1500 3284 πεῖραν
1539 3184 1792 3288 ὀλοφυρό-

1898 3215 2033 3271 deus
2079 3216 2195 3272 fore
2224 3226 2289 3272 ut
2335 3227 2455 3290 post
2493 3221 2886 3288 experientiam
2939 3184 3198 3277 continuo
3253 3221 3476 3293 lugeant

216 3321 373 3375 μενοι
406 3304 792 3368 διατελέσουσι,
830 3302 1024 3372 πικρδν
1064 3302 1374 3373 ποιούμενοι
1428 3304 1642 3368 πένθος,
1683 3302 1793 3361 οἷον

212 3398 282 3451 ἂν
302 3398 516 3466 γένοιτο
562 3395 714 3466 παρὰ
745 3394 963 3464 νύμφης
988 3392 1113 3448 νέαν
1151 3394 1392 3465 ἀγούσης
1425 3397 1523 3464 τὴν
1555 3397 1790 3468 ἠλικίαν,

212 3490 313 3542 καὶ
344 3488 435 3542 τὸν
468 3487 669 3541 οἰκεῖον
698 3486 931 3557 νυμφίον
960 3485 1228 3539 τεθνεῶτα
1247 3485 1480 3558 ὁρώσης.

283 3579 384 3635 θ’.‹
404 3580 887 3651 Ἐξῆρται³⁷θυσία
913 3579 1009 3633 καὶ
1035 3580 1234 3651 σπονδὴ
1265 3578 1324 3644 ἐξ
1351 3579 1499 3633 οἴκου
1528 3582 1786 3652 Κυρίου.»

208 3673 288 3726 Τὸ
329 3674 513 3744 μέντοι
564 3672 633 3725 τὰ
672 3671 904 3742 ἐσόμενα
931 3671 1007 3735 ὡς
1052 3672 1392 3741 γεγενημένα
1425 3672 1625 3741 λέγειν,
1662 3674 1790 3728 ἴδιόν

209 3765 330 3817 ἐστι
358 3763 457 3834 τῆς
481 3762 631 3827 θείας
658 3763 904 3835 Γραφῆς,
925 3763 1206 3833 Κέχρηται
1235 3762 1292 3815 δὲ
1323 3762 1518 3834 τούτῳ,
1542 3764 1603 3816 οὑ
1630 3763 1790 3834 μόνον

206 3854 304 3909 διὰ
333 3852 432 3926 τὴν
457 3854 565 3907 ἀπὸ
593 3852 830 3923 γλώττης
857 3854 935 3916 είς
972 3852 1219 3920 γλῶτταν
1260 3853 1450 3925 ἑτέραν
1478 3852 1585 3907 τῶν
1617 3854 1791 3924 λόγων

211 3945 551 4018 μεταφορὰν,
582 3944 716 3998 ἀλλά
752 3943 842 3999 καὶ
871 3944 957 3997 διὰ
979 3944 1024 3975 ³⁸
1065 3943 1163 4016 τὴν
1215 3945 1324 3998 τῶν
1365 3946 1672 4017 λεγομένων
1709 3947 1791 4018 βε.

208 4035 464 4089 ϐαίωσιν.
506 4032 661 4086 Οὕτω
696 4033 826 4104 γὰρ,
859 4033 1024 4103 φησὶν
1049 4071 1064 4095 ,
1110 4032 1327 4104 ἀληθῶς
1379 4036 1531 4089 ἔσται
1587 4036 1785 4103 ταῦτα,

206 4127 292 4180 ὅτι
321 4125 398 4188 ὡς
427 4124 766 4194 γεγενημένα
799 4141 857 4178 τε
882 4121 1214 4194 θεωροῦμεν,
1242 4126 1439 4189 καὶηώς
1471 4128 1597 4198 περὶ
1625 4144 1786 4197 γεγεε

208 4216 462 4287 νημένων
502 4214 879 4286 διαλεγόμεθα.
917 4214 1132 4286 Ἀμέλει
1172 4216 1333 4269 πάλιν
1361 4216 1436 4278 ὡς
1467 4218 1597 4288 περὶ
1642 4236 1789 4285 γενο-

208 4308 394 4379 μένων
418 4307 644 4370 τούτων,
666 4306 703 4360 ἃ
737 4306 1031 4379 προείρηκε
1061 4305 1275 4375 μέλλειν
1305 4305 1542 4368 ἔσεσθαι.
1570 4309 1787 4362 πενθεῖν

203 4404 323 4464 τοῖς
373 4398 577 4470 ἱερεῦσι
632 4398 1103 4469 παρακελεύεται,
1153 4397 1229 4461 ὡς
1287 4398 1382 4451 καὶ
1437 4398 1636 4452 θυσιῶν
1689 4401 1787 4455 καὶ

1892 3309 2094 3364 acerbo
2132 3310 2305 3377 luctu,
2342 3310 2524 3381 qualis
2549 3308 2857 3380 juveneula!
2901 3326 3118 3383 sponsae
3160 3326 3284 3370 esse
3333 3316 3473 3371 solet

1891 3412 2018 3454 cum
2049 3416 2312 3471 sponsum
2351 3408 2514 3456 suum
2546 3409 2819 3457 murteum
2850 3404 3023 3461 videt.

1961 3567 2129 3624 Vsus.
2184 3569 2236 3625 9.
2272 3588 2291 3621 ‹
2330 3570 2591 3626 Ablatum
2652 3587 2736 3629 est
2793 3576 3145 3643 sacrificium,
3180 3586 3235 3633 et
3279 3581 3472 3639 libatio

1891 3660 1957 3716 de
1984 3661 2151 3716 domo
2181 3660 2420 3727 meini.
2458 3682 2477 3715 ι
2506 3662 2711 3719 Futura
2740 3667 2957 3737 quidem
2993 3679 3049 3725 ut
3078 3672 3351 3739 praeterita
3386 3674 3471 3729 di-

1891 3761 2018 3807 cere
2040 3754 2325 3822 propriam
2344 3755 2640 3811 estdiv—ina:
2671 3755 2990 3828 Scripturae.
3022 3760 3179 3827 Quod
3211 3764 3284 3817 ita
3316 3764 3465 3827 facit.

1891 3856 2000 3897 non
2028 3844 2206 3898 solum
2242 3844 2312 3899 ob
2336 3846 2748 3903 translationem
2774 3851 3067 3906 verborum
3100 3854 3167 3909 de
3191 3855 3373 3926 lingua
3412 3858 3468 3913 in

1891 3935 2132 4006 linguam
2184 3936 2413 3990 alteram
2471 3938 2610 3993 :sed
2663 3939 2827 3994 etiam
2869 3943 2935 3996 ad
2993 3944 3468 4003 conﬁrmationem

1888 4041 2077 4081 eorum
2118 4044 2240 4098 quae
2262 4028 2543 4085 dicuntur.
2580 4029 2672 4087 Sic
2716 4034 2885 4098 enim,
2937 4035 3135 4105 inquit,
3184 4039 3288 4094 ista
3342 4055 3468 4095 vere

1889 4120 2165 4183 accident,
2200 4129 2258 4174 ut
2282 4136 2350 4176 ea
2411 4130 2676 4191 tanquam
2713 4122 2860 4178 facta
2914 4139 3228 4193 cernamus,
3264 4140 3318 4183 et
3346 4137 3469 4185 tan-

1890 4226 2054 4280 quam
2083 4210 2149 4265 de
2186 4211 2346 4266 factis
2373 4227 2684 4267 sermonem
2716 4214 3039 4272 habeamus.
3074 4216 3261 4285 Itaque
3283 4219 3349 4272 de
3379 4219 3467 4274 his

1888 4316 2085 4355 rursus
2123 4303 2279 4368 quasi
2314 4302 2625 4370 praeteritis,
2660 4318 2781 4371 quae
2832 4303 3014 4357 futura
3067 4307 3337 4374 praedixit,
3383 4323 3466 4362 sa-

1887 4390 2142 4446 cerdotes
2195 4392 2378 4460 lugere
2422 4391 2711 4456 hortatur,
2760 4393 3020 4461 quoniam
3074 4395 3341 4451 sacriﬁcia
3387 4408 3463 4452 -et

206 4488 456 4544 σπονδῶν
507 4488 896 4543 ὲπιλειπουσῶν
944 4486 1032 4541 διὰ
1076 4487 1175 4557 τὴν
1225 4489 1418 4542 σπάνιν
1460 4488 1567 4542 τῶν
1616 4491 1786 4560 ἀναγ-

1898 4482 2184 4536 Ιίίιοῑίοηρε
2248 4479 2567 4535 defecerunt
2604 4492 2823 4552 propter
2861 4487 3300 4541 necessariorum
3342 4488 3463 4544 ino-

205 4582 403 4641 καίων,
441 4582 535 4636 καὶ
576 4583 756 4652 μέντοι
789 4580 885 4634 καὶ
917 4579 1016 4650 τὴν
1072 4579 1177 4648 γῆν
1224 4579 1312 4632 διὰ
1367 4578 1466 4649 τὴν
1507 4581 1784 4650 ἀκαρπίαν

202 4675 320 4728 τῶν
353 4675 411 4740 ἐξ
442 4674 630 4744 αὐτῆς.
674 4672 761 4726 Ἐν
787 4671 1016 4743 αἰσχύνῃ
1066 4672 1122 4724 δὲ
1157 4671 1248 4724 καὶ
1275 4672 1323 4722 οἱ
1352 4671 1603 4740 γηπόνοι,
1625 4671 1779 4741 φησὶ,

202 4767 604 4836 καθεστήκασι,
633 4760 804 4817 πολλά
845 4763 942 4834 μὲν
990 4763 1082 4815 ἐπὶ
1132 4761 1230 4834 τὴν
1256 4763 1359 4832 γῆν
1385 4763 1779 4832 πεπονηκότες,

203 4858 402 4912 οὐδένα
451 4858 508 4910 δὲ
554 4855 768 4925 καρπὸν
810 4853 1189 4925 κομισάμενοι.
1226 4849 1398 4904 Τοῦτο
1446 4850 1503 4903 δὲ
1553 4850 1648 4903 καί
1686 4849 1780 4904 νῦν

203 4950 506 5021 συμϐαῖνον
526 4947 759 5019 ὁρῶμεν.
790 4942 879 4999 Ἐν
903 4947 1011 5015 γὰρ
1045 4944 1166 5006 ταῖς
1192 4942 1294 5011 τῆς
1338 4942 1441 5012 γῆς
1480 4940 1780 5011 ἀκαρπίαις

200 5038 467 5112 ἑρυθριᾷν
496 5035 749 5090 εἰώθασιν
782 5036 829 5087 οἱ
858 5033 1104 5104 γηπόνοι,
1134 5031 1233 5094 τάς
1258 5047 1317 5083 τε
1344 5028 1593 5100 συνήθεις
1619 5044 1780 5099 προσ-

200 5132 361 5193 όδους
390 5131 502 5192 τοῖς
534 5128 894 5198 κεκτημένοις
922 5126 984 5178 οὐ
1032 5120 1411 5194 χορηγοῦντες,
1439 5120 1532 5173 καὶ
1564 5118 1652 5173 διὰ
1680 5120 1780 5190 τὴν

200 5222 317 5276 τῶν
364 5220 675 5292 ἀναγκαίων
707 5218 901 5273 σπάνιν
942 5217 1002 5282 ἐξ
1053 5216 1247 5287 ἐράνου
1301 5212 1401 5284 ζῇν
1445 5210 1777 5282 βιαζόμενοι.

200 5314 549 5386 Πλατύτερον
578 5312 636 5367 δὲ
660 5312 757 5385 τὴν
786 5309 1068 5382 συμφορὰν
1104 5304 1477 5377 διηγούμενος,
1526 5302 1666 5355 ὥστε
1703 5301 1782 5355 δι-

1889 4574 2071 4644 piam:
2101 4587 2164 4626 ac
2210 4580 2415 4627 terram
2446 4574 2673 4642 pariter,
2724 4582 2945 4644 propter
2991 4574 3222 4646 frugum‘
3258 4579 3463 4634 sterili-

1884 4673 2075 4720 tatem.
2136 4661 2251 4736 [10]
2311 4662 2369 4717 In
2407 4663 2732 4719 confusione
2790 4675 2993 4731 autem,
3042 4667 3238 4738 inquit,
3292 4672 3460 4725 etiam

1885 4750 2142 4820 agricola:
2178 4760 2485 4815 versantur,
2513 4766 2635 4805 cum
2668 4752 2877 4806 nullum
2898 4753 3136 4811 fructum
3167 4767 3290 4827 post
3317 4761 3460 4815 mul-

1885 4851 1968 4896 tos
2020 4841 2235 4897 labores
2254 4858 2321 4895 ex
2359 4850 2502 4895 terra
2556 4844 2918 4912 perceperint.
2977 4845 3092 4900 Hoc
3136 4863 3267 4903 vero
3314 4866 3462 4909 nunc

1884 4949 2103 5005 quoque
2134 4933 2382 4988 accidere
2413 4933 2681 4990 videmus.
2728 4935 2863 4990 Nam
2913 4938 2985 4992 ob
3032 4946 3191 4996 terrae
3246 4944 3463 5017 1383

1886 5029 2229 5083 sterilitatem
2260 5029 2458 5084 rubore
2483 5027 2734 5097 perfundi
2752 5029 2932 5085 solent
2953 5033 3228 5102 agricolae,
3249 5041 3343 5107 qui
3359 5054 3459 5094 nee

1886 5120 2084 5176 solitos
2121 5118 2332 5174 reditus
2386 5119 2802 5189 possessoribus
2841 5121 3099 5191 reddunt,
3139 5135 3195 5181 et
3239 5138 3461 5199 propter

1882 5212 2323 5265 necessariorum
2367 5208 2610 5278 inopiam
2650 5208 2961 5266 mendicato
3001 5214 3185 5271 vivere
3238 5233 3458 5288 cogun-

1885 5310 1994 5355 tur.
2019 5300 2132 5373 ιιι,
2160 5300 2252 5373 12]
2276 5299 2468 5356 Latius
2507 5308 2695 5354 autem
2753 5299 3042 5361 declarans
3084 5306 3452 5362 calamitatem

1456 5479 1691 5539 ΥΑΒΙᾸΞ
1730 5479 2129 5537 LECTIONES.

280 5649 327 5683 ⁸⁵
383 5649 463 5703 ὅτι
496 5646 806 5719 -στέρηθ,
839 5663 898 5698 π.
935 5642 1074 5698 Hinc
1100 5641 1278 5711 colligi
1306 5648 1504 5711 potest,
1532 5637 1795 5693 Nostrum
1835 5638 1889 5692 in
1924 5637 2031 5692 ﬁne
2052 5653 2196 5692 vers.
2251 5638 2302 5705 5,
2370 5639 2568 5710 legisse
2597 5654 2721 5722 eum
2775 5637 2937 5703 LXX,
3003 5632 3327 5753 εὐφροσύνη-1
3358 5631 3452 5684 καὶ

290 5721 353 5753 .1.
405 5730 524 5753 ,ιη-κ.
559 5717 654 5753 δικ
699 5718 751 5753 tn
784 5714 927 5753 Hahn
978 5722 1031 5753 ρι
1067 5729 1132 5753 ρτ
1169 5727 1293 5753 vom
1354 5711 1418 5753 Hi
1458 5711 1620 5753 mlila
1647 5722 1769 5753 esse
1787 5709 2060 5753 videntur-
2139 5708 2184 5739 ³⁸
2215 5706 2312 5753 Oa-
2355 5704 2481 5753 Rm-
2510 5710 2668 5753 Ιριοιιη
2690 5718 2774 5753 ρει
2801 5709 3258 5753 ϐοήνηαονΑΙΙιῑἎ
3333 5700 3450 5753 ebr.

442 5730 524 5774 ua:
558 5704 752 5772 des.'iri
782 5714 945 5770 Hebr.
978 5722 1032 5767 et
1067 5729 1134 5766 ex
1169 5704 1320 5768 vers:
1354 5711 1418 5763 16
1458 5711 1769 5778 ρειηογεεεε
1787 5709 2060 5778 videntur.
2127 5704 2313 5778 _“_Op.
2352 5704 2483 5765 Reiz.
2510 5710 2668 5765 lectio
2690 5718 2774 5764 est
2801 5704 3258 5776 θρήνησον,]ιιιια

205 5739 281 5825 λα
288 5721 437 5825 ἓξὲξ

3333 5700 3450 5754 ebr.

309 5776 560 5861 Ἐξῖίρται
581 5787 769 5861 (Sim).
816 5783 1070 5853 Ἐξήρθη)
1101 5783 1213 5834 θυσ.
1244 5810 1309 5820 —-
1339 5776 1563 5848 Κυρίου.
1619 5777 1740 5831 Des.
1774 5779 1827 5830 in
1848 5777 1909 5833 (ἒ,
1986 5776 2031 5807 ³⁸
2056 5776 2162 5830 διά.
2188 5776 2307 5833 Des.
2339 5779 2466 5833 ibid.
