3904 6202
517 301 652 368 1639

1501 297 1984 358 THEODORETI
2019 293 2358 356 EPISCOPI
2390 299 2753 360 CYRENSIS

3562 313 3664 378 1640

514 422 571 469 ιιι
607 413 673 468 ad
732 408 1168 480 resipiscentiam
1217 407 1415 463 excitet
1446 423 1540 463 eos
1594 409 1686 479 qui
1735 409 2079 478 stupiditate‘

2182 410 2379 478 εγεῖραι
2401 409 2480 472 είς
2515 408 2878 478 μεταμέλειαν
2921 406 3046 470 τοὺς
3077 406 3383 480 ἀναλγησίαν
3420 418 3666 490 νοσοῦντας,

513 503 780 566 laborant,
843 503 988 570 ipsas
1021 501 1187 554 etiam
1238 499 1618 569 possessiones
1673 501 1859 570 lugere
1909 499 2086 569 jubet,

509 594 764 666 quoniam
809 592 1143 645 frumentum
1220 599 1274 645 et
1316 590 1578 645 hordeum
1632 591 1984 654 defecerunt,
2038 599 2092 645 et

513 690 666 742 vinea
701 685 938 749 exaruit,
975 683 1131 738 oliva:
1161 682 1395 752 denique
1420 692 1472 737 et
1498 683 1654 746 ﬁcus,
1685 684 1910 752 alizrque
1931 683 2092 736 arbo-

510 795 596 834 res
637 778 876 831 fructum
912 777 1124 830 nullum
1162 775 1367 838 ferunt,
1409 776 1552 844 quod
1587 775 1736 829 omni
1782 775 1876 844 qui
1909 775 1960 827 in
2007 774 2091 842 ip-

509 869 585 924 sis
619 877 735 924 erat
771 869 999 923 humore
1060 867 1285 937 privatae
1321 867 1452 920 sint.
1502 865 1596 921 Est
1625 873 1811 919 autem
1839 863 2089 919 animad-

505 961 854 1025 vertendum,
889 959 1034 1029 quod
1092 973 1202 1013 non
1249 967 1452 1013 terram
1503 967 1554 1012 et
1591 956 1995 1027 possessiones,
2030 964 2090 1008 ut

512 1051 727 1104 ratione
759 1050 1012 1119 prteditas
1054 1047 1240 1117 lugere
1298 1047 1591 1100 hortetur:
1638 1046 1730 1100 sed
1782 1051 1841 1099 ut
1879 1045 2090 1098 ratione

507 1142 763 1211 praeditos
815 1157 909 1210 per
961 1155 1050 1197 res
1083 1140 1413 1193 inanimatas
1436 1139 1680 1194 excitare
1727 1137 1992 1192 studeat:
2035 1135 2089 1190 id

505 1232 650 1300 quod
714 1232 891 1296 docet,
958 1247 1082 1285 cum
1135 1230 1441 1300 subjungit,
1495 1247 1512 1280 ι
1563 1229 1835 1295 Quoniam
1890 1225 2087 1281 confu-

505 1323 703 1377 derunt.
731 1323 990 1393 gaudium
1041 1323 1139 1377 filii
1182 1323 1486 1377 hominum.
1529 1321 1731 1389 illujus
1773 1320 1916 1375 enim
1942 1362 1956 1385 ,
2005 1319 2089 1372 in-

505 1415 643 1483 quit,
682 1413 1094 1469 infecunditatis
1126 1429 1295 1470 causa
1323 1421 1406 1470 est
1459 1413 1725 1483 iniquitas
1757 1412 2040 1466 hominum
2070 1427 2086 1463 :

506 1514 726 1576 propter
754 1508 897 1560 illam
929 1507 1072 1561 enim
1111 1507 1305 1576 gaudia
1335 1514 1649 1568 cessurum,
1673 1512 1732 1559 et
1759 1503 1928 1556 animi
1956 1509 2090 1556 mte-

506 1612 658 1651 rores
713 1596 914 1650 invecti
975 1605 1124 1650 sunt.
1176 1594 1290 1666 [l5]
1332 1594 1721 1660 Quamobrem,
1759 1592 1953 1662 inquit,
1987 1605 2086 1645 vos

503 1703 720 1757 quoque
750 1687 1088 1753 sacerdotes,
1126 1694 1329 1740 vestem
1362 1685 1646 1754 lugubrem
1683 1684 1913 1752 accipite
1954 1697 2087 1737 :ne—

503 1794 612 1847 que
669 1779 811 1848 apud
847 1781 1018 1832 altare
1071 1777 1246 1830 solum
1303 1774 1728 1839 lamentamini,
1765 1774 1860 1828 sed
1915 1773 2081 1828 etiam
2119 1751 2159 1805 Β

502 1869 837 1923 dormientes
897 1868 1052 1922 vobis
1110 1882 1328 1923 saccum
1398 1865 1782 1921 substernite:
1824 1869 2082 1935 quoniam

503 1968 655 2014 tanta
693 1963 1128 2015 necessariorum
1168 1958 1350 2027 inopia
1381 1957 1524 2011 facta
1560 1965 1668 2022 est,
1717 1966 1779 2011 ut
1817 1973 1886 2012 ne
1922 1957 2082 2013 solita

502 2053 722 2122 quidem
755 2052 1022 2106 celebrari
1054 2050 1263 2120 possint
1291 2049 1588 2104 sacriﬁcia.

573 2145 739 2198 Vens.
788 2145 873 2198 M.
913 2161 931 2194 ε
959 2141 1310 2196 Sanctiﬁcate
1359 2156 1489 2212 ergo
1527 2139 1824 2210 jejunium,
1888 2139 2085 2210 praedi-

502 2245 622 2291 cate
675 2233 1013 2289 curationem
1052 2269 1069 2297 ,
1123 2239 1452 2302 congregate
1498 2245 1722 2295 senes,»
1753 2229 1837 2284 vel
1903 2231 2083 2299 potius

502 2347 612 2387 non
649 2331 748 2384 hos
773 2336 1006 2393 tantum,
1047 2327 1140 2382 sed
1170 2319 1333 2380 etiam
1367 2345 1384 2378 ι
1416 2341 1606 2382 omnes
1640 2325 1848 2380 incolas
1897 2332 2079 2391 terrae,

501 2424 556 2478 iu
589 2421 810 2477 domum
842 2419 933 2474 Dei
960 2417 1149 2473 vestri.
1192 2436 1210 2470 ι
1252 2415 1319 2471 Ει
1352 2416 1664 2488 congregati
1713 2415 1968 2481 clamate,
1997 2414 2081 2470 dir

498 2521 684 2570 centes
712 2532 725 2568 :

569 2604 736 2660 Vens.
777 2603 863 2658 15.
905 2620 924 2654 ι
946 2599 1058 2655 Heu
1095 2600 1226 2655 mihi
1249 2640 1264 2665 ,
1297 2599 1399 2655 heu
1441 2599 1596 2663 mihi,
1631 2599 1684 2654 in
1710 2597 1893 2654 diem!
1928 2617 1946 2649 ι
1979 2596 2083 2652 Per

498 2712 560 2750 ea
590 2703 767 2748 autem
804 2707 926 2763 qua:
964 2691 1112 2747 dicta
1147 2699 1296 2754 sunt,
1357 2692 1518 2762 plane
1547 2690 1828 2756 docemur,
1868 2690 2079 2761 1387

497 2787 764 2858 jejunium
801 2785 997 2839 animae
1022 2785 1162 2838 male
1189 2782 1416 2838 habenti
1451 2783 1778 2838 medicinam
1822 2798 1944 2838 esse
1995 2798 2082 2838 sa-

499 2879 755 2941 lutarem,
811 2891 934 2946 qua:
980 2873 1269 2930 affectibus
1325 2874 1534 2943 peccati
1593 2873 1799 2930 mederi
1845 2873 2014 2943 possit
2063 2891 2077 2928 :

498 2985 669 3040 quare
692 2967 902 3038 jejunio
947 2968 1234 3037 subjunxit
1280 2967 1647 3021 curationem.
1679 2985 1698 3019 ι
1729 2965 2081 3020 Sanctiﬁcate

497 3061 667 3125 enim,
718 3059 916 3129 inquit,
979 3059 1274 3129 jejunium,
1309 3058 1606 3129 praedicate
1657 3059 2020 3113 curationem.
2052 3075 2070 3110 ι
2103 3087 2144 3146 C

498 3149 1028 3218 Sanctiﬁcateautem
1051 3147 1233 3221 posuit
1259 3156 1653 3218 prosegregate.
1672 3147 1752 3201 Ad
1780 3147 1884 3202 hoc
1906 3147 2074 3217 enim,

497 3244 694 3313 inquit,
754 3257 852 3296 vos
905 3251 1207 3311 segregate,
1262 3248 1454 3296 sancte
1509 3247 1563 3295 et
1612 3255 1750 3310 pure
1803 3239 2076 3310 jejunium

499 3336 742 3406 peragite
775 3351 790 3389 :
846 3333 1164 3404 jejunantes
1211 3349 1341 3390 vero
1385 3334 1618 3388 clamate
1652 3351 1666 3389 :
1708 3351 1728 3385 ι
1767 3333 1880 3388 Heu
1921 3332 2075 3398 mihi,

500 3425 604 3479 heu
641 3423 792 3488 mihi,
829 3422 882 3476 in
911 3423 1082 3478 diem!
1119 3441 1138 3475 ι
1168 3421 1270 3478 hoc
1291 3431 1396 3491 est,
1427 3423 1500 3480 ob
1515 3423 1656 3481 diem
1681 3424 1946 3480 malorum
1985 3439 2081 3480 ex-

499 3525 830 3586 spectatum.

572 3717 592 3750 ‹
630 3696 902 3764 Quoniam
930 3697 1276 3767 prapinquus
1304 3705 1389 3753 est
1424 3696 1543 3753 dies
1564 3695 1805 3762 Domini,
1838 3703 1891 3751 et
1915 3694 2075 3766 quasi

498 3789 722 3844 miseria
776 3803 806 3844 e
865 3788 1088 3843 miseria
1146 3789 1346 3844 veniet.
1409 3788 1598 3857 (Vens.
1657 3788 1767 3858 16.)
1801 3787 2074 3853 Quoniam

499 3888 628 3936 ante
653 3881 843 3936 oculos
873 3890 1083 3936 vestros
1118 3882 1381 3936 alimenta
1404 3882 1712 3950 perierunt,
1740 3889 1794 3934 et
1823 3879 1892 3936 de
1912 3880 2074 3936 domo

499 3971 591 4026 Dei
632 3973 804 4027 nostri
837 3972 1030 4026 laetitia
1053 3978 1107 4026 et
1142 3972 1461 4041 gaudium.»
1503 3971 1667 4038 Mala,
1690 3971 1890 4041 inquit,
1916 3973 2074 4029 malis

500 4067 854 4123 succedentia
888 4066 1171 4130 videbitis,
1203 4074 1374 4136 atque
1411 4065 1520 4118 alia
1552 4066 1679 4120 aliis
1712 4065 1918 4122 addita.
1960 4066 2075 4123 Hoc

499 4161 642 4214 enim
680 4160 895 4216 vocavit
936 4178 954 4210 ι
993 4159 1275 4213 miseriam
1315 4171 1485 4226 super
1511 4155 1818 4212 miseriam.
1846 4176 1866 4210 ι

569 4335 738 4392 Vens.
765 4338 848 4391 t7.
889 4355 909 4387 ‹
935 4335 1401 4390 Subsultaverunt
1432 4333 1621 4390 vitula;
1646 4335 1700 4390 in
1727 4337 2070 4408 praesepibus

2197 500 2291 551 καὶ
2326 501 2464 553 αύτά
2518 501 2585 554 τὰ
2640 500 2897 570 κτήματα
2958 498 3165 553 κελεύει
3201 501 3412 574 θρηνεῖν,
3433 508 3496 572 ὡς
3517 512 3604 566 τῶν
3627 534 3665 570 τε

2193 588 2394 660 κριθῶν
2436 591 2529 644 καὶ
2580 591 2690 643 τῶν
2738 589 2925 660 πυρῶν
2957 590 3352 658 ἐπιλειπόντων,
3386 597 3469 651 καὶ
3494 602 3666 675 τῆςάμ.

2191 681 2355 734 πέλου
2386 682 2765 752 διαυανθείσης
2791 699 2804 714 ·
2826 682 2920 734 καὶ
2949 681 3272 749 ἁπαξαπλῶς
3297 687 3380 738 καὶ
3407 689 3586 755 ἐλαιῶν,
3602 700 3670 750 καὶ

2192 771 2392 836 συκῶν,
2431 772 2665 824 καὶτῶν
2719 771 2894 824 ἄλλων
2944 772 3256 842 ἀκροδρύων
3301 779 3486 848 καρπὸν
3530 783 3675 839 οὐδένα

2191 864 2485 934 φερόντων,
2527 865 2615 918 διὰ
2647 864 2709 918 τὸ
2745 864 2926 934 πάσης
2981 863 3079 934 τῆς
3105 866 3162 918 ὲν
3209 867 3377 932 αὐτοῖς
3415 875 3675 945 στερηθῆναι

2189 957 2410 1020 νοτίδος.
2445 958 2640 1010 ’ἰστέον
2662 957 2836 1021 δέ,ὅτι
2876 961 2940 1029 τῇ
2979 961 3049 1029 γῇ
3083 959 3306 1022 καὶτοῖς
3334 963 3583 1032 κτήμασιν,
3604 969 3677 1038 οὐχ

2188 1046 2263 1109 ὡς
2313 1048 2547 1115 λογικοῖς
2597 1049 2815 1120 θρηνεῖν
2862 1050 3310 1122 παρακελεύεται,
3337 1053 3458 1108 ἀλλά
3491 1057 3565 1110 διὰ
3597 1060 3677 1112 τῶν

2189 1138 2412 1209 ἀψύχων
2446 1141 2574 1204 τοὺς
2606 1140 2750 1211 λόγῳ
2774 1143 3168 1214 τετιμημένους
3207 1143 3446 1215 διεγεῖραι
3465 1147 3677 1220 πειρώμε-

2189 1245 2305 1292 νοςο
2335 1229 2429 1282 καὶ
2464 1229 2624 1283 τοῦτο
2651 1230 2917 1284 διδάσκων
2947 1233 3253 1303 ἐπήγαγεν·
3283 1252 3300 1286 ι
3334 1235 3443 1289 Ὅτι
3470 1239 3680 1310 κατῄσχυο

2188 1341 2285 1376 ναν
2321 1323 2491 1392 χαρὰν
2519 1325 2568 1376 οἱ
2626 1325 2732 1377 υίοὶ
2790 1325 2898 1379 τῶν
2939 1325 3259 1397 ἀνθρώπων.
3309 1345 3328 1378 ι
3358 1328 3546 1401 Ταύτης
3584 1331 3678 1401 rip,

2188 1413 2342 1483 φησὶ,
2388 1415 2487 1484 τῆς
2539 1415 2818 1486 ἀκαρπίας
2847 1417 2997 1470 αίτία
3033 1419 3066 1487 ἡ
3105 1419 3213 1470 τῶν
3259 1417 3530 1490 ἀνθρώπων
3550 1438 3682 1493 παραυ

2187 1504 2350 1573 νομία
2384 1521 2396 1535 ·
2424 1504 2490 1556 δι’
2513 1504 2728 1575 ἐκείνην
2757 1505 2865 1576 γὰρ
2891 1507 3169 1560 πέπαυται
3200 1507 3265 1562 τὰ
3285 1509 3373 1578 τῆς
3395 1511 3680 1581 εὐφροσύνης,

2186 1596 2255 1648 τὰ
2285 1596 2341 1648 δὲ
2375 1596 2474 1665 τῆς
2505 1597 2742 1667 ἀθυμίας
2773 1599 3164 1669 εἰσενήνεκται.
3186 1600 3292 1662 Διὸ,
3314 1602 3454 1671 φησὶ,
3475 1603 3552 1654 καὶ
3570 1603 3682 1672 ὑμεῖς

2189 1687 2239 1738 οἱ
2281 1687 2469 1757 ἱερεῖς,
2493 1687 2554 1740 τὸ
2585 1687 2844 1758 πένθιμον
2874 1690 3174 1744 ἀναλάϐετε
3214 1692 3410 1761 σχῆμα,
3436 1693 3516 1745 καὶ
3539 1694 3594 1760 μὴ
3617 1693 3682 1760 μό-

2185 1793 2272 1829 νον
2307 1777 2455 1846 παρά
2476 1775 2536 1829 τὸ
2563 1777 2944 1849 θυσιαστήριον
2973 1779 3320 1850 ὀλοφύρεσθε,
3351 1781 3472 1834 ἀλλά
3495 1782 3572 1835 καὶ
3594 1782 3684 1834 καθ·

2187 1867 2432 1932 εύδοντες
2472 1869 2674 1923 σάκκον
2728 1871 2942 1934 ἑαυτοῖς
2979 1871 3377 1942 ὑποστρώσατε,
3410 1873 3482 1925 ὅτι
3503 1873 3682 1942 τοσαύτη

2187 1958 2381 2023 σπάνις
2424 1958 2532 2012 τῶν
2565 1961 2876 2028 ἀναγκαίων
2936 1961 3178 2031 ἐγένετο,
3203 1963 3276 2026 ὠς
3304 1963 3442 2034 ίμηδέ
3475 1963 3556 2026 τὰς
3594 1979 3684 2016 συν·

2183 2050 2340 2121 ήθεις
2393 2051 2759 2105 ἐπιτελεῖσθαι
2793 2052 3003 2117 θυσίας.

2256 2141 2339 2194 ιδ’.
2379 2157 2398 2192 ι
2457 2140 2749 2209 ’Δγιάσατε
2771 2140 2950 2194 τοίνυν
2999 2141 3272 2212 νηστείαν,
3303 2141 3543 2215 κηρύξατε
3568 2141 3683 2214 θερα-

2185 2231 2364 2295 πείαν,
2417 2233 2750 2301 συναγάγετε
2809 2233 3079 2305 πρεσϐυτέ
3088 2252 3220 2304 ρους
3249 2251 3264 2267 ·
3301 2253 3318 2285 ι
3346 2235 3536 2304 ’μᾶλλον
3562 2235 3605 2287 δέ
3632 2233 3683 2304 μὴ

2181 2323 2401 2388 τούτους
2444 2324 2626 2395 μόνον,
2662 2325 2800 2379 ἀλλά
2855 2328 2950 2379 καὶ
2989 2347 3008 2379 ‹
3046 2327 3258 2392 πάντας
3290 2331 3410 2392 τοὺς
3438 2327 3682 2381 κατοικοῦν-

2181 2431 2279 2477 τας
2307 2413 2406 2484 τὴν
2439 2415 2542 2484 γῆν
2568 2415 2647 2478 είς
2669 2410 2818 2468 οἶκον
2839 2416 2972 2469 Θεοῦ
3004 2417 3052 2448 ³⁸
3081 2417 3258 2488 ὑμῶν.
3294 2437 3312 2471 ι
3343 2417 3683 2488 Συναθροισθέν-

2183 2525 2274 2571 τες
2303 2508 2361 2560 δέ
2379 2507 2682 2578 κεκράξατε
2704 2508 2772 2574 δυ,
2818 2507 3092 2578 λέγοντες·

2259 2603 2337 2651 ιε’.
2387 2615 2405 2648 ‹
2445 2597 2624 2668 Οἵμοι,
2660 2597 2807 2668 οἴμοι
2831 2597 2896 2666 υ,
2933 2600 3014 2662 εἰς
3058 2600 3294 2672 ἡμέρανί
3336 2619 3354 2652 ι
3389 2596 3684 2668 Διδασκόμεθα

2182 2688 2238 2742 δὲ
2274 2686 2462 2758 σαφῶς
2495 2690 2560 2742 ἐκ
2598 2689 2707 2742 τῶν
2743 2690 3073 2760 εἰρημένων,
3119 2691 3195 2755 ῶς
3229 2689 3492 2762 ὴνηστεία
3511 2688 3597 2741 τῶν
3618 2703 3685 2739 κα-

2184 2779 2295 2842 κῶς
2325 2780 2421 2844 τὰς
2454 2780 2629 2851 ψυχὰς
2660 2781 3018 2852 διακειμένων
3041 2781 3366 2847 ἀλεξίκακον
3388 2782 3567 2851 γίνεται
3590 2779 3687 2846 φάρ-

2185 2888 2378 2942 μακον,
2415 2872 2738 2944 θεραπεύειν
2793 2873 2863 2928 τά
2918 2873 3016 2945 τῆς
3068 2873 3347 2944 ἁμαρτίας
3385 2874 3517 2942 πάθη
3567 2872 3685 2924 δυνά·

2184 2979 2346 3031 μενον
2370 2980 2383 2994 ·
2420 2963 2499 3016 διὸ
2534 2965 2629 3018 καὶ
2650 2967 2720 3036 τῇ
2778 2967 3004 3040 νηστείᾳ
3055 2967 3162 3036 τὴν
3201 2965 3480 3036 θεραπείαν
3513 2960 3688 3034 προστέ-

2183 3053 2384 3108 θεικεν.
2438 3073 2458 3106 ί
2493 3055 2780 3125 Ἀγιάσατε
2807 3057 2936 3126 γὰρ,
2993 3058 3152 3128 φησὶ,
3187 3058 3446 3128 νηστείαν,
3478 3053 3685 3127 κηρύξατε

2182 3146 2498 3218 θεραπείαν.
2523 3166 2542 3200 ι
2574 3148 2647 3201 Τὸ
2673 3147 2749 3213 δὲ,
2773 3149 3078 3217 ἁγιάσατε,
3110 3151 3234 3204 ἀντὶ
3259 3149 3371 3214 τοῦ,
3399 3147 3682 3216 ἁφορίσατε.

2181 3238 2444 3292 τέθεικεν.
2478 3240 2573 3302 Είς
2605 3238 2763 3293 τοῦτο
2797 3240 2924 3312 γὰρ,
2952 3241 3144 3312 φησὶν,
3187 3243 3407 3304 ἑαυτοὺς
3436 3238 3685 3310 ἀφορίσατει

2182 3329 2352 3398 ἀγίως
2383 3328 2476 3383 καὶ
2535 3329 2790 3399 καθαρῶς
2836 3329 2936 3401 τὴν
2960 3331 3222 3402 νηστείαν
3282 3330 3579 3400 μετέλθετε·
3619 3341 3686 3391 νη·

2183 3421 2463 3484 στεύοντες
2517 3420 2574 3473 δέ
2642 3420 2822 3492 βοᾶτε
2857 3441 2875 3473 ι
2915 3423 3097 3492 Οῑμοι,
3130 3423 3306 3494 οῐμοι,
3338 3421 3412 3484 είς
3439 3417 3642 3491 ἡμέρανῑ
3671 3433 3682 3464 ι

2179 3512 2305 3566 ἀντὶ
2335 3510 2451 3578 τοῦ,
2479 3511 2566 3565 διὰ
2591 3512 2692 3582 τὴν
2743 3513 3213 3586 προσδοκωμένην
3243 3513 3353 3568 τῶν
3389 3510 3556 3566 κακῶν
3593 3507 3688 3578 ἡμέ-

2183 3621 2303 3676 ραν.

2256 3715 2275 3748 !
2320 3697 2440 3751 ’Ότι
2463 3695 2628 3764 ἐγγὺς
2655 3694 2901 3766 ﬂii-€90.“
2930 3695 3161 3766 Κυρίου,
3195 3695 3290 3749 καὶ
3316 3694 3387 3757 ὡς
3416 3685 3688 3756 ταλαιπωρία

2178 3787 2244 3840 ἐκ
2293 3785 2668 3858 ταλαιπωρίας
2727 3785 2868 3856 ἥξει.
2928 3785 3074 3858 (ις’.)
3134 3787 3258 3840 ’Ότι
3307 3783 3565 3838 κατέναντι
3609 3775 3686 3829 τῶν

2175 3877 2471 3948 ὀφθαλμῶν
2528 3877 2682 3949 ὑμῶν
2723 3877 2987 3949 βρώματα
3021 3878 3296 3950 ἐξηράνθη
3321 3920 3336 3946 ,
3372 3877 3460 3931 καὶ
3498 3874 3548 3938 ἐξ
3582 3871 3688 3924 οἴκου

2175 3969 2309 4022 Θεοῦ
2344 3969 2499 4040 ήμῶν
2540 3970 2845 4042 εὐφροσύνη
2889 3971 2985 4023 καὶ
3013 3973 3183 4041 χαρά.
3222 3989 3240 4022 ι
3291 3966 3585 4036 Ἐπάλληλα,
3613 3977 3688 4028 φη-

2177 4059 2284 4125 σὶν,
2309 4059 2506 4129 ὄψεσθε
2540 4060 2609 4114 τά
2651 4059 2818 4124 κακὰ,
2848 4060 2944 4112 καὶ
2975 4059 3194 4122 τούτοις
3244 4061 3423 4112 ἐκεῖνα
3463 4048 3688 4126 xpendi.

2177 4169 2314 4222 μενα
2334 4168 2346 4181 °
2372 4151 2530 4205 τοῦτο
2557 4151 2665 4223 γὰρ
2695 4151 2919 4205 ἐκάλεσε
2987 4171 3004 4201 ι
3047 4151 3424 4221 ταλαιπωρίαν
3453 4149 3532 4200 ἐπὶ
3553 4142 3688 4197 ταλαι-

2175 4245 2406 4317 πωρίαν.
2451 4263 2468 4296 ι

2246 4335 2332 4402 ιζ’.
2364 4357 2383 4390 ι
2423 4336 2787 4408 Ἐσκίρτησαν
2839 4336 3106 4405 δαμάλεις
3156 4337 3218 4390 ἐν
3244 4337 3364 4398 ταῖς
3400 4333 3601 4404 φάτναις
3621 4325 3688 4379 αύ-

499 4428 665 4482 suis:
720 4429 886 4483 situm
940 4432 1337 4480 contraxerunt
1383 4427 1580 4481 horrea
1642 4428 1709 4483 ab
1776 4432 2074 4501 unguentis

2182 4429 2304 4494 τῶν,
2340 4428 2651 4499 ηύρωτίασε
2689 4428 2988 4499 σιτοδοχεῖα
3037 4428 3148 4482 ἀπὸ
3180 4429 3289 4482 τῶν
3322 4423 3606 4500 χρισμάτων
3623 4416 3688 4472 αὖ·

499 4519 642 4574 suis.
686 4537 704 4570 ι
751 4516 1177 4571 Subsultaturas
1208 4531 1335 4573 esse
1376 4517 1452 4572 ait
1479 4517 1705 4585 vitulas,
1732 4535 1842 4575 non
1867 4537 1949 4577 ex.
1978 4537 2070 4578 sa-

2168 4517 2299 4571 τῶν.
2349 4537 2367 4570 ι
2404 4518 2727 4589 Σκιρτήσειν
2761 4517 2864 4589 ἔφη
2895 4519 2994 4582 τάς
3040 4519 3331 4590 δαμάλεις,
3379 4518 3438 4570 ού
3468 4514 3545 4569 διά
3571 4511 3687 4578 κόρον

498 4605 728 4660 turitate
760 4604 812 4658 id
845 4613 1094 4675 agentes,
1128 4605 1224 4660 sed
1260 4604 1406 4662 fame
1440 4617 1772 4678 oppressas,
1808 4610 2072 4683 humique

2182 4608 2326 4662 τοῦτο
2377 4608 2672 4674 ποιούσας,
2709 4610 2826 4663 ἀλλ’
2860 4610 2965 4663 ὑπὸ
3019 4610 3183 4681 λιμοῦ
3231 4607 3597 4680 φθειρομένας,
3624 4599 3686 4653 καὶ

497 4703 725 4762 stratas,
753 4702 807 4751 et
830 4696 1008 4750 solum
1045 4697 1278 4766 pedibus
1313 4698 1628 4755 allidentes.
1669 4699 1883 4757 Horrea
1920 4719 2068 4770 vero,

2167 4700 2262 4754 ἐπὶ
2285 4698 2378 4752 τοῦ
2411 4699 2639 4770 ἐδάφους
2668 4699 3035 4772 ἐρριμμένας,
3074 4701 3173 4754 καὶ
3205 4701 3333 4764 τοὺς
3385 4699 3535 4758 πόδας
3555 4695 3608 4762 τῇ
3637 4690 3684 4757 γῇ

496 4785 696 4854 inquit,
733 4787 899 4842 silum
959 4793 1391 4854 contraxerunt,
1429 4805 1626 4858 nempe
1677 4807 1801 4862 qua:
1860 4792 2068 4848 dudum

2182 4788 2686 4861 προσαρασσούσας.
2755 4789 2836 4843 Τά
2888 4790 2945 4843 δὲ
2993 4789 3088 4844 τοῦ
3139 4791 3326 4855 σίτου,
3379 4786 3523 4860 φησὶ,
3553 4781 3688 4851 δοχεῖι

498 4872 831 4929 frumentum
881 4891 991 4931 non
1052 4885 1438 4947 susceperunt.
1490 4876 1597 4933 Sed
1631 4886 1687 4934 et
1736 4883 2065 4947 toreularia,

496 4965 695 5034 inquit,
734 4977 990 5036 tanquam
1037 4971 1486 5038 supervacanea‘
1519 4970 1668 5040 fossa
1716 4981 1871 5037 sunt,
1911 4980 1966 5028 et.
2020 4973 2068 5028 si

494 5056 629 5124 quid
677 5059 825 5112 aliud
857 5059 1131 5128 ejusmodi
1193 5061 1385 5116 usibus
1423 5063 1896 5118 accommodatum
1933 5064 2059 5132 fuit,

495 5151 655 5219 quasi
692 5150 1025 5221 superﬂuum
1056 5159 1111 5207 et
1143 5154 1360 5221 inutile,
1389 5156 1659 5210 remansit
1701 5157 2014 5227 neglectum
2049 5176 2062 5212 :

495 5241 640 5311 quod
665 5242 922 5296 nimirum
955 5243 1092 5297 nihil
1124 5253 1307 5309 esset,
1341 5245 1486 5315 quod
1518 5246 1722 5316 conjici
1759 5248 1814 5302 in
1847 5263 1910 5302 ea
1939 5265 2066 5318 pos-

497 5339 599 5388 set.
635 5330 748 5405 [18]
777 5331 1040 5404 Mugitum
1072 5333 1235 5388 etiam
1265 5336 1556 5392 ediderunt
1585 5347 1836 5393 armenta
1873 5339 2062 5404 boum,

2174 4881 2389 4953 εὐρῶτα
2414 4882 2737 4952 ὑπέμεινεν,
2765 4882 2841 4946 ὡς
2866 4883 3116 4937 πλεῖστον
3149 4884 3344 4956 χρόνον
3374 4882 3445 4951 μὴ
3475 4876 3686 4944 δεξάμενι

2176 4975 2342 5026 σῖτον.
2383 4973 2543 5026 Ἀλλά
2574 4973 2667 5028 καὶ
2713 4974 2910 5041 ληνοὶ,
2938 4975 3103 5046 φησὶν
3125 5014 3142 5040 ,
3209 4974 3285 5038 ὡς
3322 4969 3555 5045 περιτταὶ
3583 4978 3679 5019 κατ·

2174 5064 2558 5134 εσκάφησαν,
2628 5067 2722 5119 καὶ
2763 5068 2816 5121 εῖ
2857 5086 2908 5122 τι
2973 5069 3160 5141 ἕτερον
3199 5064 3270 5138 ἦν
3319 5069 3432 5129 ταῖς
3468 5060 3686 5116 τοιαύταις

2175 5158 2652 5228 ἀπονενεμημένον
2694 5160 2906 5230 χρείαις
2924 5203 2938 5224 ,
2971 5156 3057 5214 οἷα
3084 5161 3151 5232 δὴ
3205 5158 3471 5231 περιττὸν,
3495 5149 3687 5224 μεμένη-

2173 5264 2268 5301 κεν
2305 5248 2643 5319 ἀτημέλητον
2663 5291 2677 5314 ,
2712 5251 2789 5315 ὡς
2823 5252 2933 5305 τῶν
2988 5254 3046 5306 ἐν
3094 5253 3282 5315 αὐτοῖς
3330 5243 3688 5320 ἐμϐαλλομένων

2172 5339 2272 5390 οὐκ
2320 5338 2511 5393 ὄντων.
2543 5341 2798 5394 Μυκᾶται
2832 5341 2888 5394 δέ
2931 5343 3025 5396 καὶ
3049 5342 3119 5395 τά
3173 5340 3448 5411 βουκόλια,
3480 5335 3568 5404 τὴν
3605 5325 3687 5383 τῶν

1766 5513 1998 5571 VARUS
2034 5514 2438 5573 LECTlONES.

569 5645 611 5680 ³⁸
644 5643 799 5723 Θεοῦἶ
831 5645 894 5700 Α.
927 5660 1113 5715 praem.
1159 5645 1384 5718 Κυρίου.
1464 5648 1508 5681 ⁸ο
1539 5648 1580 5702 C
1618 5650 1875 5720 κράξατε.
1952 5651 1994 5685 ⁸⁸
2021 5653 2076 5706 οῖ
2099 5670 2210 5722 μοι.
2269 5652 2550 5722 Repetitur
2583 5651 2635 5705 in
2669 5649 2731 5706 C.
2781 5651 2856 5706 Ita
2887 5665 3101 5723 quoque
3141 5657 3263 5720 post
3305 5660 3483 5718 pauca.
3544 5637 3680 5709 δ’ἠμ

497 5713 536 5765 C
561 5729 746 5783 praui).
777 5716 831 5784 η.
917 5773 920 5776 ,
