  <div class='ocr_page' id='page_1' title='image "/cluster/home/n/w/nwhite01/storage/ocr_20150623/81/mdp.39015078384339/872.png"; bbox 0 0 3904 6202; ppageno 0'>
   <div class='ocr_carea' id='block_1_1' title="bbox 288 323 419 390">
    <p class='ocr_par' dir='ltr' id='par_1_1' title="bbox 288 323 419 390">
     <span class='ocr_line' id='line_1_1' title="bbox 288 323 419 390; baseline -0.008 -3"><span class='ocrx_word' id='word_1_1' title='bbox 288 323 419 390; x_wconf 72' lang='grc'><strong>1641</strong></span> 
     </span>
    </p>
   </div>
   <div class='ocr_carea' id='block_1_2' title="bbox 1576 333 2234 401">
    <p class='ocr_par' dir='ltr' id='par_1_2' title="bbox 1576 333 2234 401">
     <span class='ocr_line' id='line_1_2' title="bbox 1576 333 2234 401; baseline 0.015 -10"><span class='ocrx_word' id='word_1_2' title='bbox 1576 333 1657 393; x_wconf 79' lang='lat' dir='ltr'><strong>IN</strong></span> <span class='ocrx_word' id='word_1_3' title='bbox 1685 334 1940 395; x_wconf 81' lang='lat' dir='ltr'><strong>JOELIS</strong></span> <span class='ocrx_word' id='word_1_4' title='bbox 1961 337 2118 399; x_wconf 78' lang='lat' dir='ltr'><strong>CAP.</strong></span> <span class='ocrx_word' id='word_1_5' title='bbox 2154 342 2234 401; x_wconf 87' lang='lat' dir='ltr'><strong>II.</strong></span> 
     </span>
    </p>
   </div>
   <div class='ocr_carea' id='block_1_3' title="bbox 3400 355 3536 423">
    <p class='ocr_par' dir='ltr' id='par_1_3' title="bbox 3400 355 3536 423">
     <span class='ocr_line' id='line_1_3' title="bbox 3400 355 3536 423; baseline 0.007 -3"><span class='ocrx_word' id='word_1_6' title='bbox 3400 355 3536 423; x_wconf 73' lang='grc'><strong>1642</strong></span> 
     </span>
    </p>
   </div>
   <div class='ocr_carea' id='block_1_4' title="bbox 282 440 1842 539">
    <p class='ocr_par' dir='ltr' id='par_1_4' title="bbox 282 440 1842 517">
     <span class='ocr_line' id='line_1_4' title="bbox 282 440 1842 517; baseline 0.006 -26"><span class='ocrx_word' id='word_1_7' title='bbox 282 440 623 512; x_wconf 74' lang='grc' dir='ltr'><strong>ὀδυρομένων</strong></span> <span class='ocrx_word' id='word_1_8' title='bbox 656 441 1072 513; x_wconf 67' lang='grc' dir='ltr'><strong>ἐπιδεικνύμενα</strong></span> <span class='ocrx_word' id='word_1_9' title='bbox 1115 443 1332 515; x_wconf 76' lang='grc' dir='ltr'>φωνὴν,</span> <span class='ocrx_word' id='word_1_10' title='bbox 1368 445 1554 516; x_wconf 77' lang='grc' dir='ltr'>ἐπειδὴ</span> <span class='ocrx_word' id='word_1_11' title='bbox 1605 448 1703 517; x_wconf 84' lang='grc' dir='ltr'>τῆς</span> <span class='ocrx_word' id='word_1_12' title='bbox 1736 465 1842 502; x_wconf 87' lang='grc' dir='ltr'>συν·</span> 
     </span>
    </p>
   </div>
   <div class='ocr_carea' id='block_1_5' title="bbox 1948 440 3535 539">
    <p class='ocr_par' dir='ltr' id='par_1_5' title="bbox 1965 452 3535 539">
     <span class='ocr_line' id='line_1_5' title="bbox 1965 452 3535 539; baseline 0.015 -35"><span class='ocrx_word' id='word_1_13' title='bbox 1965 452 2269 532; x_wconf 82' lang='lat' dir='ltr'><strong>lugentium</strong></span> <span class='ocrx_word' id='word_1_14' title='bbox 2303 474 2489 513; x_wconf 83' lang='lat' dir='ltr'><strong>vocem</strong></span> <span class='ocrx_word' id='word_1_15' title='bbox 2540 466 3011 532; x_wconf 72' lang='lat' dir='ltr'><strong>reprzesentantia,</strong></span> <span class='ocrx_word' id='word_1_16' title='bbox 3065 467 3211 539; x_wconf 83' lang='lat' dir='ltr'><strong>quod</strong></span> <span class='ocrx_word' id='word_1_17' title='bbox 3240 484 3352 525; x_wconf 89' lang='lat' dir='ltr'><strong>non</strong></span> <span class='ocrx_word' id='word_1_18' title='bbox 3401 489 3535 527; x_wconf 83' lang='lat' dir='ltr'><strong>con-</strong></span> 
     </span>
    </p>
   </div>
   <div class='ocr_carea' id='block_1_6' title="bbox 282 530 1862 606">
    <p class='ocr_par' dir='ltr' id='par_1_6' title="bbox 282 530 1862 606">
     <span class='ocr_line' id='line_1_6' title="bbox 282 530 1862 606; baseline 0.006 -24"><span class='ocrx_word' id='word_1_19' title='bbox 282 530 447 601; x_wconf 86' lang='grc' dir='ltr'>ήθους</span> <span class='ocrx_word' id='word_1_20' title='bbox 503 532 603 585; x_wconf 77' lang='grc' dir='ltr'>οὐκ</span> <span class='ocrx_word' id='word_1_21' title='bbox 654 532 913 587; x_wconf 81' lang='grc' dir='ltr'><strong>ἀπολαύει</strong></span> <span class='ocrx_word' id='word_1_22' title='bbox 957 534 1193 606; x_wconf 81' lang='grc' dir='ltr'>τροφῆς’</span> <span class='ocrx_word' id='word_1_23' title='bbox 1226 536 1399 588; x_wconf 77' lang='grc' dir='ltr'>ταύτά</span> <span class='ocrx_word' id='word_1_24' title='bbox 1448 536 1505 589; x_wconf 81' lang='grc' dir='ltr'>δὲ</span> <span class='ocrx_word' id='word_1_25' title='bbox 1546 541 1690 591; x_wconf 83' lang='grc' dir='ltr'>ποιεῖ</span> <span class='ocrx_word' id='word_1_26' title='bbox 1742 542 1862 603; x_wconf 84' lang='grc' dir='ltr'>ταῖς</span> 
     </span>
    </p>
   </div>
   <div class='ocr_carea' id='block_1_7' title="bbox 282 620 1861 694">
    <p class='ocr_par' dir='ltr' id='par_1_7' title="bbox 282 620 1861 694">
     <span class='ocr_line' id='line_1_7' title="bbox 282 620 1861 694; baseline 0.007 -21"><span class='ocrx_word' id='word_1_27' title='bbox 282 620 438 689; x_wconf 82' lang='grc' dir='ltr'>βουσὶ</span> <span class='ocrx_word' id='word_1_28' title='bbox 466 621 694 675; x_wconf 72' lang='grc' dir='ltr'>καὶτῶν</span> <span class='ocrx_word' id='word_1_29' title='bbox 726 623 1014 694; x_wconf 86' lang='grc' dir='ltr'>προϐάτων</span> <span class='ocrx_word' id='word_1_30' title='bbox 1051 624 1119 676; x_wconf 61' lang='lat' dir='ltr'><strong>ca</strong></span> <span class='ocrx_word' id='word_1_31' title='bbox 1159 624 1405 694; x_wconf 87' lang='grc' dir='ltr'>ποίμνια.</span> <span class='ocrx_word' id='word_1_32' title='bbox 1451 625 1611 680; x_wconf 83' lang='grc' dir='ltr'>Ἀλλά</span> <span class='ocrx_word' id='word_1_33' title='bbox 1655 628 1861 684; x_wconf 86' lang='grc' dir='ltr'>τούτων</span> 
     </span>
    </p>
   </div>
   <div class='ocr_carea' id='block_1_8' title="bbox 281 712 1584 790">
    <p class='ocr_par' dir='ltr' id='par_1_8' title="bbox 281 712 1584 790">
     <span class='ocr_line' id='line_1_8' title="bbox 281 712 1584 790; baseline 0.013 -25"><span class='ocrx_word' id='word_1_34' title='bbox 281 712 426 766; x_wconf 81' lang='grc' dir='ltr'>οὕτω</span> <span class='ocrx_word' id='word_1_35' title='bbox 450 713 766 786; x_wconf 83' lang='grc' dir='ltr'><strong>δρωμένων,</strong></span> <span class='ocrx_word' id='word_1_36' title='bbox 810 715 972 784; x_wconf 85' lang='grc' dir='ltr'>Ἐγὼ,</span> <span class='ocrx_word' id='word_1_37' title='bbox 1009 716 1172 788; x_wconf 76' lang='grc' dir='ltr'>φησὶν</span> <span class='ocrx_word' id='word_1_38' title='bbox 1205 718 1235 770; x_wconf 83' lang='grc' dir='ltr'><strong>ό</strong></span> <span class='ocrx_word' id='word_1_39' title='bbox 1276 718 1584 790; x_wconf 74' lang='grc' dir='ltr'><strong>προφήτης,</strong></span> 
     </span>
    </p>
   </div>
   <div class='ocr_carea' id='block_1_9' title="bbox 357 805 1864 883">
    <p class='ocr_par' dir='ltr' id='par_1_9' title="bbox 357 805 1864 883">
     <span class='ocr_line' id='line_1_9' title="bbox 357 805 1864 883; baseline 0.005 -24"><span class='ocrx_word' id='word_1_40' title='bbox 357 805 447 859; x_wconf 82' lang='grc' dir='ltr'>ιθ’.</span> <span class='ocrx_word' id='word_1_41' title='bbox 488 823 506 855; x_wconf 83' lang='grc' dir='ltr'><strong>ι</strong></span> <span class='ocrx_word' id='word_1_42' title='bbox 546 806 689 876; x_wconf 81' lang='grc' dir='ltr'>Πρὸς</span> <span class='ocrx_word' id='word_1_43' title='bbox 716 806 803 873; x_wconf 84' lang='grc' dir='ltr'><strong>σὲ,</strong></span> <span class='ocrx_word' id='word_1_44' title='bbox 836 806 1030 878; x_wconf 77' lang='grc' dir='ltr'>Κύριε,</span> <span class='ocrx_word' id='word_1_45' title='bbox 1065 806 1352 881; x_wconf 81' lang='grc' dir='ltr'><strong>βοήσομαι,</strong></span> <span class='ocrx_word' id='word_1_46' title='bbox 1377 809 1461 864; x_wconf 86' lang='grc' dir='ltr'>ὅτι</span> <span class='ocrx_word' id='word_1_47' title='bbox 1483 810 1594 881; x_wconf 85' lang='grc' dir='ltr'><strong>πῦρ</strong></span> <span class='ocrx_word' id='word_1_48' title='bbox 1620 811 1864 883; x_wconf 82' lang='grc' dir='ltr'><strong>ἀνήλωσε</strong></span> 
     </span>
    </p>
   </div>
   <div class='ocr_carea' id='block_1_10' title="bbox 281 893 1861 969">
    <p class='ocr_par' dir='ltr' id='par_1_10' title="bbox 281 893 1861 969">
     <span class='ocr_line' id='line_1_10' title="bbox 281 893 1861 969; baseline 0.006 -21"><span class='ocrx_word' id='word_1_49' title='bbox 281 893 351 948; x_wconf 84' lang='grc' dir='ltr'><strong>τά</strong></span> <span class='ocrx_word' id='word_1_50' title='bbox 376 895 557 966; x_wconf 81' lang='grc' dir='ltr'>ὡραία</span> <span class='ocrx_word' id='word_1_51' title='bbox 583 898 680 967; x_wconf 85' lang='grc' dir='ltr'><strong>τῆς</strong></span> <span class='ocrx_word' id='word_1_52' title='bbox 707 897 935 968; x_wconf 80' lang='grc' dir='ltr'><strong>ἐρήμου,</strong></span> <span class='ocrx_word' id='word_1_53' title='bbox 955 898 1047 951; x_wconf 78' lang='grc' dir='ltr'>καὶ</span> <span class='ocrx_word' id='word_1_54' title='bbox 1071 897 1205 967; x_wconf 80' lang='grc' dir='ltr'>φλὸξ</span> <span class='ocrx_word' id='word_1_55' title='bbox 1230 899 1401 969; x_wconf 80' lang='grc' dir='ltr'>ἀνῆψε</span> <span class='ocrx_word' id='word_1_56' title='bbox 1425 900 1603 954; x_wconf 85' lang='grc' dir='ltr'>πάντα</span> <span class='ocrx_word' id='word_1_57' title='bbox 1632 900 1703 955; x_wconf 87' lang='grc' dir='ltr'><strong>τά</strong></span> <span class='ocrx_word' id='word_1_58' title='bbox 1728 902 1861 969; x_wconf 79' lang='grc' dir='ltr'>ξύλα</span> 
     </span>
    </p>
   </div>
   <div class='ocr_carea' id='block_1_11' title="bbox 279 986 1859 1061">
    <p class='ocr_par' dir='ltr' id='par_1_11' title="bbox 279 986 1859 1061">
     <span class='ocr_line' id='line_1_11' title="bbox 279 986 1859 1061; baseline 0.005 -23"><span class='ocrx_word' id='word_1_59' title='bbox 279 986 374 1039; x_wconf 84' lang='grc' dir='ltr'><strong>τοῦ</strong></span> <span class='ocrx_word' id='word_1_60' title='bbox 405 986 599 1057; x_wconf 80' lang='grc' dir='ltr'><strong>ἀγροῦ.</strong></span> <span class='ocrx_word' id='word_1_61' title='bbox 640 1005 659 1039; x_wconf 71' lang='grc' dir='ltr'><strong>ι</strong></span> <span class='ocrx_word' id='word_1_62' title='bbox 688 988 809 1040; x_wconf 86' lang='grc' dir='ltr'>Τῶν</span> <span class='ocrx_word' id='word_1_63' title='bbox 844 988 950 1061; x_wconf 81' lang='grc' dir='ltr'>γὰρ</span> <span class='ocrx_word' id='word_1_64' title='bbox 984 988 1345 1060; x_wconf 78' lang='grc' dir='ltr'><strong>ἐπικειμένων</strong></span> <span class='ocrx_word' id='word_1_65' title='bbox 1377 990 1562 1044; x_wconf 84' lang='grc' dir='ltr'>κακῶν</span> <span class='ocrx_word' id='word_1_66' title='bbox 1584 991 1679 1060; x_wconf 80' lang='grc' dir='ltr'>τὴν</span> <span class='ocrx_word' id='word_1_67' title='bbox 1707 991 1859 1048; x_wconf 83' lang='grc' dir='ltr'>λύσιν</span> 
     </span>
    </p>
   </div>
   <div class='ocr_carea' id='block_1_12' title="bbox 278 1082 1860 1163">
    <p class='ocr_par' dir='ltr' id='par_1_12' title="bbox 278 1082 1860 1163">
     <span class='ocr_line' id='line_1_12' title="bbox 278 1082 1860 1163; baseline 0.005 -28"><span class='ocrx_word' id='word_1_68' title='bbox 278 1083 432 1153; x_wconf 80' lang='grc' dir='ltr'><strong>παρά</strong></span> <span class='ocrx_word' id='word_1_69' title='bbox 455 1082 550 1135; x_wconf 86' lang='grc' dir='ltr'>σοῦ</span> <span class='ocrx_word' id='word_1_70' title='bbox 578 1083 740 1152; x_wconf 90' lang='grc' dir='ltr'>μόνου</span> <span class='ocrx_word' id='word_1_71' title='bbox 769 1084 1094 1155; x_wconf 73' lang='grc' dir='ltr'>πορίσασθαι</span> <span class='ocrx_word' id='word_1_72' title='bbox 1124 1085 1366 1163; x_wconf 17' lang='grc' dir='ltr'>δυνατόν..</span> <span class='ocrx_word' id='word_1_73' title='bbox 1384 1086 1514 1155; x_wconf 82' lang='grc' dir='ltr'>Πῦρ</span> <span class='ocrx_word' id='word_1_74' title='bbox 1534 1086 1589 1140; x_wconf 83' lang='grc' dir='ltr'>δὲ</span> <span class='ocrx_word' id='word_1_75' title='bbox 1621 1088 1715 1141; x_wconf 75' lang='grc' dir='ltr'>καὶ</span> <span class='ocrx_word' id='word_1_76' title='bbox 1734 1091 1860 1154; x_wconf 78' lang='grc' dir='ltr'>τοὺς</span> 
     </span>
    </p>
   </div>
   <div class='ocr_carea' id='block_1_13' title="bbox 278 1164 1858 1268">
    <p class='ocr_par' dir='ltr' id='par_1_13' title="bbox 278 1164 1858 1268">
     <span class='ocr_line' id='line_1_13' title="bbox 278 1164 1858 1268; baseline 0.007 -42"><span class='ocrx_word' id='word_1_77' title='bbox 278 1174 574 1245; x_wconf 83' lang='grc' dir='ltr'>πολεμίους</span> <span class='ocrx_word' id='word_1_78' title='bbox 607 1177 796 1247; x_wconf 79' lang='grc' dir='ltr'>νοῆσαι</span> <span class='ocrx_word' id='word_1_79' title='bbox 847 1177 1092 1243; x_wconf 78' lang='grc' dir='ltr'>δυνατὸν,</span> <span class='ocrx_word' id='word_1_80' title='bbox 1122 1177 1292 1268; x_wconf 75' lang='grc' dir='ltr'>πυρδς</span> <span class='ocrx_word' id='word_1_81' title='bbox 1327 1164 1485 1268; x_wconf 65' lang='grc' dir='ltr'>δίκην</span> <span class='ocrx_word' id='word_1_82' title='bbox 1532 1182 1713 1235; x_wconf 69' lang='grc' dir='ltr'>πᾶσαν</span> <span class='ocrx_word' id='word_1_83' title='bbox 1758 1182 1858 1255; x_wconf 80' lang='grc' dir='ltr'><strong>τὴν</strong></span> 
     </span>
    </p>
   </div>
   <div class='ocr_carea' id='block_1_14' title="bbox 278 1262 1855 1342">
    <p class='ocr_par' dir='ltr' id='par_1_14' title="bbox 278 1262 1855 1342">
     <span class='ocr_line' id='line_1_14' title="bbox 278 1262 1855 1342; baseline 0.006 -27"><span class='ocrx_word' id='word_1_84' title='bbox 278 1262 465 1334; x_wconf 86' lang='grc' dir='ltr'>χώραν</span> <span class='ocrx_word' id='word_1_85' title='bbox 486 1264 697 1333; x_wconf 78' lang='grc' dir='ltr'>ἐκείνην</span> <span class='ocrx_word' id='word_1_86' title='bbox 719 1264 1031 1338; x_wconf 84' lang='grc' dir='ltr'>δῃώσαντας</span> <span class='ocrx_word' id='word_1_87' title='bbox 1052 1285 1064 1298; x_wconf 90' lang='grc'><strong>·</strong></span> <span class='ocrx_word' id='word_1_88' title='bbox 1085 1268 1178 1320; x_wconf 73' lang='grc' dir='ltr'><strong>καὶ</strong></span> <span class='ocrx_word' id='word_1_89' title='bbox 1200 1267 1382 1338; x_wconf 89' lang='grc' dir='ltr'>μέντοι</span> <span class='ocrx_word' id='word_1_90' title='bbox 1411 1262 1618 1341; x_wconf 52' lang='lat' dir='ltr'><strong>mitti-iw</strong></span> <span class='ocrx_word' id='word_1_91' title='bbox 1639 1271 1855 1342; x_wconf 82' lang='grc' dir='ltr'><strong>ἀκρίδα,</strong></span> 
     </span>
    </p>
   </div>
   <div class='ocr_carea' id='block_1_15' title="bbox 276 1352 1858 1441">
    <p class='ocr_par' dir='ltr' id='par_1_15' title="bbox 276 1352 1858 1441">
     <span class='ocr_line' id='line_1_15' title="bbox 276 1352 1858 1441; baseline 0.006 -34"><span class='ocrx_word' id='word_1_92' title='bbox 276 1355 376 1408; x_wconf 76' lang='grc' dir='ltr'>καὶ</span> <span class='ocrx_word' id='word_1_93' title='bbox 403 1355 501 1426; x_wconf 82' lang='grc' dir='ltr'>τὴν</span> <span class='ocrx_word' id='word_1_94' title='bbox 531 1354 813 1428; x_wconf 71' lang='grc' dir='ltr'>ὲρισύϐην,</span> <span class='ocrx_word' id='word_1_95' title='bbox 857 1359 949 1412; x_wconf 64' lang='grc' dir='ltr'>καὶ</span> <span class='ocrx_word' id='word_1_96' title='bbox 982 1357 1051 1412; x_wconf 89' lang='grc' dir='ltr'><strong>τά</strong></span> <span class='ocrx_word' id='word_1_97' title='bbox 1080 1358 1289 1422; x_wconf 81' lang='grc' dir='ltr'><strong>τούτοις</strong></span> <span class='ocrx_word' id='word_1_98' title='bbox 1320 1352 1669 1441; x_wconf 43' lang='grc' dir='ltr'>συνημμένῳ</span> <span class='ocrx_word' id='word_1_99' title='bbox 1707 1363 1858 1417; x_wconf 84' lang='grc' dir='ltr'>οὐδὲν</span> 
     </span>
    </p>
   </div>
   <div class='ocr_carea' id='block_1_16' title="bbox 274 1442 1856 1535">
    <p class='ocr_par' dir='ltr' id='par_1_16' title="bbox 274 1442 1856 1535">
     <span class='ocr_line' id='line_1_16' title="bbox 274 1442 1856 1535; baseline 0.006 -37"><span class='ocrx_word' id='word_1_100' title='bbox 274 1445 389 1517; x_wconf 77' lang='grc' dir='ltr'><strong>γὰρ</strong></span> <span class='ocrx_word' id='word_1_101' title='bbox 419 1442 581 1519; x_wconf 72' lang='grc' dir='ltr'>ἦττον</span> <span class='ocrx_word' id='word_1_102' title='bbox 608 1447 727 1501; x_wconf 73' lang='grc' dir='ltr'>οὐδὲ</span> <span class='ocrx_word' id='word_1_103' title='bbox 758 1447 928 1502; x_wconf 83' lang='grc' dir='ltr'>ταῦτα</span> <span class='ocrx_word' id='word_1_104' title='bbox 964 1449 1173 1519; x_wconf 87' lang='grc' dir='ltr'>πέφυκε</span> <span class='ocrx_word' id='word_1_105' title='bbox 1196 1451 1320 1514; x_wconf 81' lang='grc' dir='ltr'>τοὺς</span> <span class='ocrx_word' id='word_1_106' title='bbox 1351 1450 1457 1504; x_wconf 84' lang='grc' dir='ltr'>ἀπὸ</span> <span class='ocrx_word' id='word_1_107' title='bbox 1489 1452 1589 1523; x_wconf 82' lang='grc' dir='ltr'>γῆς</span> <span class='ocrx_word' id='word_1_108' title='bbox 1605 1452 1856 1535; x_wconf 66' lang='grc' dir='ltr'>’διαφθεί-</span> 
     </span>
    </p>
   </div>
   <div class='ocr_carea' id='block_1_17' title="bbox 275 1536 1858 1615">
    <p class='ocr_par' dir='ltr' id='par_1_17' title="bbox 275 1536 1858 1615">
     <span class='ocr_line' id='line_1_17' title="bbox 275 1536 1858 1615; baseline 0.007 -28"><span class='ocrx_word' id='word_1_109' title='bbox 275 1552 397 1603; x_wconf 84' lang='grc' dir='ltr'>ρειν</span> <span class='ocrx_word' id='word_1_110' title='bbox 432 1536 697 1608; x_wconf 81' lang='grc' dir='ltr'>καρπούς.</span> <span class='ocrx_word' id='word_1_111' title='bbox 738 1539 934 1607; x_wconf 81' lang='grc' dir='ltr'><strong>Ὠραῖα</strong></span> <span class='ocrx_word' id='word_1_112' title='bbox 961 1538 1017 1592; x_wconf 86' lang='grc' dir='ltr'>δὲ</span> <span class='ocrx_word' id='word_1_113' title='bbox 1042 1540 1264 1610; x_wconf 77' lang='grc' dir='ltr'><strong>ἐρήμου</strong></span> <span class='ocrx_word' id='word_1_114' title='bbox 1293 1541 1447 1595; x_wconf 84' lang='grc' dir='ltr'>καλεῖ</span> <span class='ocrx_word' id='word_1_115' title='bbox 1472 1544 1537 1596; x_wconf 72' lang='grc' dir='ltr'><strong>τὰ</strong></span> <span class='ocrx_word' id='word_1_116' title='bbox 1560 1543 1724 1597; x_wconf 82' lang='grc' dir='ltr'>πάλαι</span> <span class='ocrx_word' id='word_1_117' title='bbox 1742 1542 1858 1615; x_wconf 66' lang='grc' dir='ltr'>ῑμὲν</span> 
     </span>
    </p>
   </div>
   <div class='ocr_carea' id='block_1_18' title="bbox 272 1625 1856 1704">
    <p class='ocr_par' dir='ltr' id='par_1_18' title="bbox 272 1625 1856 1704">
     <span class='ocr_line' id='line_1_18' title="bbox 272 1625 1856 1704; baseline 0.006 -27"><span class='ocrx_word' id='word_1_118' title='bbox 272 1626 476 1693; x_wconf 83' lang='grc' dir='ltr'>ὡραῖα,</span> <span class='ocrx_word' id='word_1_119' title='bbox 496 1625 590 1679; x_wconf 86' lang='grc' dir='ltr'><strong>νῦν</strong></span> <span class='ocrx_word' id='word_1_120' title='bbox 620 1626 675 1679; x_wconf 86' lang='grc' dir='ltr'>δὲ</span> <span class='ocrx_word' id='word_1_121' title='bbox 703 1626 882 1697; x_wconf 76' lang='grc' dir='ltr'>ἔρημα</span> <span class='ocrx_word' id='word_1_122' title='bbox 908 1631 1249 1699; x_wconf 73' lang='grc' dir='ltr'><strong>γεγενημένα</strong></span> <span class='ocrx_word' id='word_1_123' title='bbox 1276 1630 1364 1685; x_wconf 81' lang='grc' dir='ltr'><strong>διά</strong></span> <span class='ocrx_word' id='word_1_124' title='bbox 1386 1630 1451 1685; x_wconf 89' lang='grc' dir='ltr'><strong>τά</strong></span> <span class='ocrx_word' id='word_1_125' title='bbox 1473 1631 1856 1704; x_wconf 82' lang='grc' dir='ltr'>συμϐεϐηκότα</span> 
     </span>
    </p>
   </div>
   <div class='ocr_carea' id='block_1_19' title="bbox 270 1716 1855 1797">
    <p class='ocr_par' dir='ltr' id='par_1_19' title="bbox 270 1716 1855 1797">
     <span class='ocr_line' id='line_1_19' title="bbox 270 1716 1855 1797; baseline 0.006 -30"><span class='ocrx_word' id='word_1_126' title='bbox 270 1716 443 1771; x_wconf 81' lang='grc' dir='ltr'>κακά.</span> <span class='ocrx_word' id='word_1_127' title='bbox 500 1718 606 1770; x_wconf 80' lang='grc' dir='ltr'><strong>Καὶ</strong></span> <span class='ocrx_word' id='word_1_128' title='bbox 645 1718 810 1789; x_wconf 64' lang='grc' dir='ltr'><strong>γάρ“</strong></span> <span class='ocrx_word' id='word_1_129' title='bbox 845 1719 983 1790; x_wconf 87' lang='grc' dir='ltr'><strong>μετά</strong></span> <span class='ocrx_word' id='word_1_130' title='bbox 1032 1719 1238 1791; x_wconf 80' lang='grc' dir='ltr'><strong>βραχέα</strong></span> <span class='ocrx_word' id='word_1_131' title='bbox 1268 1720 1437 1791; x_wconf 80' lang='grc' dir='ltr'>λέγει,</span> <span class='ocrx_word' id='word_1_132' title='bbox 1473 1723 1554 1775; x_wconf 85' lang='grc' dir='ltr'>ὅτι</span> <span class='ocrx_word' id='word_1_133' title='bbox 1587 1742 1605 1774; x_wconf 81' lang='grc' dir='ltr'><strong>ι</strong></span> <span class='ocrx_word' id='word_1_134' title='bbox 1652 1723 1731 1775; x_wconf 85' lang='grc' dir='ltr'><strong>Τά</strong></span> <span class='ocrx_word' id='word_1_135' title='bbox 1757 1723 1855 1797; x_wconf 81' lang='grc' dir='ltr'><strong>ἔμ-</strong></span> 
     </span>
    </p>
   </div>
   <div class='ocr_carea' id='block_1_20' title="bbox 1966 545 3537 628">
    <p class='ocr_par' dir='ltr' id='par_1_20' title="bbox 1966 545 3537 628">
     <span class='ocr_line' id='line_1_20' title="bbox 1966 545 3537 628; baseline 0.011 -30"><span class='ocrx_word' id='word_1_136' title='bbox 1966 551 2124 598; x_wconf 89' lang='lat' dir='ltr'><strong>sneto</strong></span> <span class='ocrx_word' id='word_1_137' title='bbox 2157 546 2280 600; x_wconf 90' lang='lat' dir='ltr'><strong>cibo</strong></span> <span class='ocrx_word' id='word_1_138' title='bbox 2310 545 2625 606; x_wconf 84' lang='lat' dir='ltr'><strong>fruerentur</strong></span> <span class='ocrx_word' id='word_1_139' title='bbox 2656 572 2669 607; x_wconf 89' lang='lat'><strong>:</strong></span> <span class='ocrx_word' id='word_1_140' title='bbox 2704 563 2818 609; x_wconf 88' lang='lat' dir='ltr'><strong>tum</strong></span> <span class='ocrx_word' id='word_1_141' title='bbox 2851 552 3045 628; x_wconf 84' lang='lat' dir='ltr'><strong>greges</strong></span> <span class='ocrx_word' id='word_1_142' title='bbox 3065 559 3247 614; x_wconf 85' lang='lat' dir='ltr'><strong>ovium</strong></span> <span class='ocrx_word' id='word_1_143' title='bbox 3280 562 3537 620; x_wconf 80' lang='lat' dir='ltr'><strong>similiter</strong></span> 
     </span>
    </p>
   </div>
   <div class='ocr_carea' id='block_1_21' title="bbox 1967 635 3531 721">
    <p class='ocr_par' dir='ltr' id='par_1_21' title="bbox 1967 635 3531 721">
     <span class='ocr_line' id='line_1_21' title="bbox 1967 635 3531 721; baseline 0.015 -34"><span class='ocrx_word' id='word_1_144' title='bbox 1967 643 2026 687; x_wconf 89' lang='lat' dir='ltr'><strong>ut</strong></span> <span class='ocrx_word' id='word_1_145' title='bbox 2054 635 2220 691; x_wconf 85' lang='lat' dir='ltr'><strong>boves</strong></span> <span class='ocrx_word' id='word_1_146' title='bbox 2271 637 2545 697; x_wconf 79' lang='lat' dir='ltr'><strong>fecerunt.</strong></span> <span class='ocrx_word' id='word_1_147' title='bbox 2588 639 2786 699; x_wconf 86' lang='lat' dir='ltr'><strong>Verum</strong></span> <span class='ocrx_word' id='word_1_148' title='bbox 2825 647 2912 703; x_wconf 89' lang='lat' dir='ltr'><strong>his</strong></span> <span class='ocrx_word' id='word_1_149' title='bbox 2968 649 3045 703; x_wconf 82' lang='lat' dir='ltr'><strong>ita</strong></span> <span class='ocrx_word' id='word_1_150' title='bbox 3073 664 3133 705; x_wconf 90' lang='lat' dir='ltr'><strong>sc</strong></span> <span class='ocrx_word' id='word_1_151' title='bbox 3176 650 3531 721; x_wconf 89' lang='lat' dir='ltr'><strong>habentibus,</strong></span> 
     </span>
    </p>
   </div>
   <div class='ocr_carea' id='block_1_22' title="bbox 1969 726 3469 811">
    <p class='ocr_par' dir='ltr' id='par_1_22' title="bbox 1969 726 3469 811">
     <span class='ocr_line' id='line_1_22' title="bbox 1969 726 3469 811; baseline 0.013 -32"><span class='ocrx_word' id='word_1_152' title='bbox 1969 726 2341 800; x_wconf 68' lang='lat'><strong>13881330,</strong></span> <span class='ocrx_word' id='word_1_153' title='bbox 2379 731 2559 801; x_wconf 90' lang='lat' dir='ltr'><strong>inquit</strong></span> <span class='ocrx_word' id='word_1_154' title='bbox 2584 736 2873 811; x_wconf 80' lang='lat' dir='ltr'><strong>propheta,</strong></span> <span class='ocrx_word' id='word_1_155' title='bbox 2976 739 2981 745; x_wconf 82' lang='grc'><strong>’</strong></span> <span class='ocrx_word' id='word_1_156' title='bbox 3104 742 3105 749; x_wconf 69' lang='grc'><em>“</em></span> <span class='ocrx_word' id='word_1_157' title='bbox 3462 741 3469 746; x_wconf 84' lang='grc'><em>’</em></span> 
     </span>
    </p>
   </div>
   <div class='ocr_carea' id='block_1_23' title="bbox 2038 818 3537 905">
    <p class='ocr_par' dir='ltr' id='par_1_23' title="bbox 2038 818 3537 905">
     <span class='ocr_line' id='line_1_23' title="bbox 2038 818 3537 905; baseline 0.014 -34"><span class='ocrx_word' id='word_1_158' title='bbox 2038 818 2199 875; x_wconf 66' lang='lat' dir='ltr'><strong>Vnus.</strong></span> <span class='ocrx_word' id='word_1_159' title='bbox 2246 820 2333 878; x_wconf 85' lang='lat' dir='ltr'><strong>l9.</strong></span> <span class='ocrx_word' id='word_1_160' title='bbox 2366 841 2385 875; x_wconf 83' lang='grc' dir='ltr'><strong>ι</strong></span> <span class='ocrx_word' id='word_1_161' title='bbox 2423 825 2505 879; x_wconf 82' lang='lat' dir='ltr'><strong>Ad</strong></span> <span class='ocrx_word' id='word_1_162' title='bbox 2559 833 2633 890; x_wconf 89' lang='lat' dir='ltr'><strong>te,</strong></span> <span class='ocrx_word' id='word_1_163' title='bbox 2666 826 2914 894; x_wconf 90' lang='lat' dir='ltr'><strong>Domine,</strong></span> <span class='ocrx_word' id='word_1_164' title='bbox 2978 832 3248 900; x_wconf 82' lang='lat' dir='ltr'><strong>clamabo,</strong></span> <span class='ocrx_word' id='word_1_165' title='bbox 3273 838 3537 905; x_wconf 84' lang='lat' dir='ltr'><strong>quoniam</strong></span> 
     </span>
    </p>
   </div>
   <div class='ocr_carea' id='block_1_24' title="bbox 1963 909 3534 989">
    <p class='ocr_par' dir='ltr' id='par_1_24' title="bbox 1963 909 3534 989">
     <span class='ocr_line' id='line_1_24' title="bbox 1963 909 3534 989; baseline 0.014 -26"><span class='ocrx_word' id='word_1_166' title='bbox 1963 909 2109 979; x_wconf 79' lang='lat' dir='ltr'><strong>ignis</strong></span> <span class='ocrx_word' id='word_1_167' title='bbox 2139 916 2490 984; x_wconf 87' lang='lat' dir='ltr'><strong>consumpsit</strong></span> <span class='ocrx_word' id='word_1_168' title='bbox 2525 920 2776 988; x_wconf 83' lang='lat' dir='ltr'><strong>speciosa</strong></span> <span class='ocrx_word' id='word_1_169' title='bbox 2804 920 3037 989; x_wconf 78' lang='lat' dir='ltr'><strong>deserti,</strong></span> <span class='ocrx_word' id='word_1_170' title='bbox 3069 933 3124 979; x_wconf 94' lang='lat' dir='ltr'><strong>et</strong></span> <span class='ocrx_word' id='word_1_171' title='bbox 3155 923 3374 982; x_wconf 82' lang='lat' dir='ltr'><strong>ﬂamma</strong></span> <span class='ocrx_word' id='word_1_172' title='bbox 3404 945 3534 984; x_wconf 89' lang='lat' dir='ltr'><strong>suc-</strong></span> 
     </span>
    </p>
   </div>
   <div class='ocr_carea' id='block_1_25' title="bbox 1962 1000 3530 1081">
    <p class='ocr_par' dir='ltr' id='par_1_25' title="bbox 1962 1000 3530 1081">
     <span class='ocr_line' id='line_1_25' title="bbox 1962 1000 3530 1081; baseline 0.015 -27"><span class='ocrx_word' id='word_1_173' title='bbox 1962 1000 2149 1056; x_wconf 84' lang='lat' dir='ltr'><strong>cendit</strong></span> <span class='ocrx_word' id='word_1_174' title='bbox 2208 1005 2395 1060; x_wconf 85' lang='lat' dir='ltr'><strong>omnia</strong></span> <span class='ocrx_word' id='word_1_175' title='bbox 2444 1006 2589 1079; x_wconf 88' lang='lat' dir='ltr'><strong>ligna</strong></span> <span class='ocrx_word' id='word_1_176' title='bbox 2638 1011 2774 1081; x_wconf 83' lang='lat' dir='ltr'><strong>agri.</strong></span> <span class='ocrx_word' id='word_1_177' title='bbox 2833 1030 2854 1065; x_wconf 83' lang='grc'><strong>›</strong></span> <span class='ocrx_word' id='word_1_178' title='bbox 2897 1011 3335 1073; x_wconf 87' lang='lat' dir='ltr'><strong>lncumbentium</strong></span> <span class='ocrx_word' id='word_1_179' title='bbox 3383 1023 3530 1077; x_wconf 88' lang='lat' dir='ltr'><strong>enim</strong></span> 
     </span>
    </p>
   </div>
   <div class='ocr_carea' id='block_1_26' title="bbox 1961 1090 3526 1179">
    <p class='ocr_par' dir='ltr' id='par_1_26' title="bbox 1961 1090 3526 1179">
     <span class='ocr_line' id='line_1_26' title="bbox 1961 1090 3526 1179; baseline 0.015 -36"><span class='ocrx_word' id='word_1_180' title='bbox 1961 1090 2235 1145; x_wconf 88' lang='lat' dir='ltr'><strong>malorum</strong></span> <span class='ocrx_word' id='word_1_181' title='bbox 2266 1093 2652 1154; x_wconf 84' lang='lat' dir='ltr'><strong>liberationem</strong></span> <span class='ocrx_word' id='word_1_182' title='bbox 2691 1100 2790 1156; x_wconf 79' lang='lat' dir='ltr'><strong>abs</strong></span> <span class='ocrx_word' id='word_1_183' title='bbox 2826 1111 2879 1159; x_wconf 91' lang='lat' dir='ltr'><strong>te</strong></span> <span class='ocrx_word' id='word_1_184' title='bbox 2917 1104 3037 1160; x_wconf 91' lang='lat' dir='ltr'><strong>solo</strong></span> <span class='ocrx_word' id='word_1_185' title='bbox 3075 1111 3344 1179; x_wconf 84' lang='lat' dir='ltr'><strong>consequi</strong></span> <span class='ocrx_word' id='word_1_186' title='bbox 3373 1111 3526 1167; x_wconf 89' lang='lat' dir='ltr'><strong>licet.</strong></span> 
     </span>
    </p>
   </div>
   <div class='ocr_carea' id='block_1_27' title="bbox 1963 1174 3527 1273">
    <p class='ocr_par' dir='ltr' id='par_1_27' title="bbox 1963 1174 3527 1273">
     <span class='ocr_line' id='line_1_27' title="bbox 1963 1174 3527 1273; baseline 0.018 -45"><span class='ocrx_word' id='word_1_187' title='bbox 1963 1174 2110 1247; x_wconf 80' lang='lat' dir='ltr'><strong>Ignis</strong></span> <span class='ocrx_word' id='word_1_188' title='bbox 2137 1189 2321 1235; x_wconf 89' lang='lat' dir='ltr'><strong>autem</strong></span> <span class='ocrx_word' id='word_1_189' title='bbox 2353 1183 2547 1242; x_wconf 86' lang='lat' dir='ltr'><strong>hostes</strong></span> <span class='ocrx_word' id='word_1_190' title='bbox 2570 1202 2791 1259; x_wconf 88' lang='lat' dir='ltr'><strong>quoque</strong></span> <span class='ocrx_word' id='word_1_191' title='bbox 2821 1192 3141 1262; x_wconf 83' lang='lat' dir='ltr'><strong>signiﬁcare</strong></span> <span class='ocrx_word' id='word_1_192' title='bbox 3182 1174 3383 1268; x_wconf 77' lang='lat' dir='ltr'><strong>potest,</strong></span> <span class='ocrx_word' id='word_1_193' title='bbox 3434 1203 3527 1273; x_wconf 85' lang='lat' dir='ltr'><strong>qui</strong></span> 
     </span>
    </p>
   </div>
   <div class='ocr_carea' id='block_1_28' title="bbox 1961 1267 3527 1360">
    <p class='ocr_par' dir='ltr' id='par_1_28' title="bbox 1961 1267 3527 1360">
     <span class='ocr_line' id='line_1_28' title="bbox 1961 1267 3527 1360; baseline 0.017 -39"><span class='ocrx_word' id='word_1_194' title='bbox 1961 1267 2137 1323; x_wconf 83' lang='lat' dir='ltr'><strong>instar</strong></span> <span class='ocrx_word' id='word_1_195' title='bbox 2166 1271 2308 1341; x_wconf 80' lang='lat' dir='ltr'><strong>ignis</strong></span> <span class='ocrx_word' id='word_1_196' title='bbox 2336 1288 2551 1332; x_wconf 88' lang='lat' dir='ltr'><strong>omnem</strong></span> <span class='ocrx_word' id='word_1_197' title='bbox 2580 1280 2860 1350; x_wconf 76' lang='lat' dir='ltr'><strong>regionem</strong></span> <span class='ocrx_word' id='word_1_198' title='bbox 2886 1283 3034 1339; x_wconf 82' lang='lat' dir='ltr'><strong>illam</strong></span> <span class='ocrx_word' id='word_1_199' title='bbox 3064 1267 3377 1360; x_wconf 84' lang='lat' dir='ltr'><strong>depopulati</strong></span> <span class='ocrx_word' id='word_1_200' title='bbox 3410 1267 3527 1348; x_wconf 74' lang='lat' dir='ltr'><strong>fuc-</strong></span> 
     </span>
    </p>
   </div>
   <div class='ocr_carea' id='block_1_29' title="bbox 1961 1365 3523 1453">
    <p class='ocr_par' dir='ltr' id='par_1_29' title="bbox 1961 1365 3523 1453">
     <span class='ocr_line' id='line_1_29' title="bbox 1961 1365 3523 1453; baseline 0.017 -41"><span class='ocrx_word' id='word_1_201' title='bbox 1961 1370 2085 1414; x_wconf 90' lang='lat' dir='ltr'><strong>rant</strong></span> <span class='ocrx_word' id='word_1_202' title='bbox 2116 1378 2130 1414; x_wconf 91' lang='lat'><strong>:</strong></span> <span class='ocrx_word' id='word_1_203' title='bbox 2163 1369 2275 1417; x_wconf 89' lang='lat' dir='ltr'><strong>tum</strong></span> <span class='ocrx_word' id='word_1_204' title='bbox 2306 1365 2475 1420; x_wconf 87' lang='lat' dir='ltr'><strong>etiam</strong></span> <span class='ocrx_word' id='word_1_205' title='bbox 2507 1367 2798 1437; x_wconf 86' lang='lat' dir='ltr'><strong>locustam,</strong></span> <span class='ocrx_word' id='word_1_206' title='bbox 2822 1375 3157 1447; x_wconf 88' lang='lat' dir='ltr'><strong>rubiginem,</strong></span> <span class='ocrx_word' id='word_1_207' title='bbox 3182 1388 3237 1435; x_wconf 87' lang='lat' dir='ltr'><strong>et</strong></span> <span class='ocrx_word' id='word_1_208' title='bbox 3259 1399 3382 1453; x_wconf 76' lang='lat' dir='ltr'><strong>qua:</strong></span> <span class='ocrx_word' id='word_1_209' title='bbox 3402 1401 3523 1440; x_wconf 88' lang='lat' dir='ltr'><strong>cum</strong></span> 
     </span>
    </p>
   </div>
   <div class='ocr_carea' id='block_1_30' title="bbox 1960 1450 3531 1530">
    <p class='ocr_par' dir='ltr' id='par_1_30' title="bbox 1960 1450 3531 1530">
     <span class='ocr_line' id='line_1_30' title="bbox 1960 1450 3531 1530; baseline 0.017 -25"><span class='ocrx_word' id='word_1_210' title='bbox 1960 1450 2086 1508; x_wconf 84' lang='lat' dir='ltr'><strong>istis</strong></span> <span class='ocrx_word' id='word_1_211' title='bbox 2119 1455 2418 1524; x_wconf 89' lang='lat' dir='ltr'><strong>conjuncta</strong></span> <span class='ocrx_word' id='word_1_212' title='bbox 2449 1469 2598 1515; x_wconf 90' lang='lat' dir='ltr'><strong>sunt.</strong></span> <span class='ocrx_word' id='word_1_213' title='bbox 2629 1460 2763 1519; x_wconf 89' lang='lat' dir='ltr'><strong>Nam</strong></span> <span class='ocrx_word' id='word_1_214' title='bbox 2809 1465 2926 1522; x_wconf 73' lang='lat' dir='ltr'><strong>haec</strong></span> <span class='ocrx_word' id='word_1_215' title='bbox 2971 1469 3139 1527; x_wconf 88' lang='lat' dir='ltr'><strong>etiam</strong></span> <span class='ocrx_word' id='word_1_216' title='bbox 3179 1450 3291 1529; x_wconf 80' lang='lat' dir='ltr'><strong>non</strong></span> <span class='ocrx_word' id='word_1_217' title='bbox 3343 1477 3531 1530; x_wconf 81' lang='lat' dir='ltr'><strong>minus</strong></span> 
     </span>
    </p>
   </div>
   <div class='ocr_carea' id='block_1_31' title="bbox 1959 1541 3527 1632">
    <p class='ocr_par' dir='ltr' id='par_1_31' title="bbox 1959 1541 3527 1632">
     <span class='ocr_line' id='line_1_31' title="bbox 1959 1541 3527 1632; baseline 0.017 -36"><span class='ocrx_word' id='word_1_218' title='bbox 1959 1541 2149 1615; x_wconf 82' lang='lat' dir='ltr'><strong>fruges</strong></span> <span class='ocrx_word' id='word_1_219' title='bbox 2191 1554 2351 1604; x_wconf 77' lang='lat' dir='ltr'><strong>terrae</strong></span> <span class='ocrx_word' id='word_1_220' title='bbox 2403 1564 2763 1625; x_wconf 88' lang='lat' dir='ltr'><strong>corrumpere</strong></span> <span class='ocrx_word' id='word_1_221' title='bbox 2803 1558 3000 1615; x_wconf 88' lang='lat' dir='ltr'><strong>solent.</strong></span> <span class='ocrx_word' id='word_1_222' title='bbox 3034 1560 3287 1632; x_wconf 76' lang='lat' dir='ltr'><strong>Speciosa</strong></span> <span class='ocrx_word' id='word_1_223' title='bbox 3341 1576 3527 1623; x_wconf 87' lang='lat' dir='ltr'><strong>autem</strong></span> 
     </span>
    </p>
   </div>
   <div class='ocr_carea' id='block_1_32' title="bbox 1957 1631 3526 1722">
    <p class='ocr_par' dir='ltr' id='par_1_32' title="bbox 1957 1631 3526 1722">
     <span class='ocr_line' id='line_1_32' title="bbox 1957 1631 3526 1722; baseline 0.019 -38"><span class='ocrx_word' id='word_1_224' title='bbox 1957 1631 2153 1689; x_wconf 82' lang='lat' dir='ltr'><strong>deserti</strong></span> <span class='ocrx_word' id='word_1_225' title='bbox 2176 1645 2335 1692; x_wconf 86' lang='lat' dir='ltr'><strong>vocat</strong></span> <span class='ocrx_word' id='word_1_226' title='bbox 2384 1655 2467 1708; x_wconf 86' lang='lat' dir='ltr'><strong>ea,</strong></span> <span class='ocrx_word' id='word_1_227' title='bbox 2515 1659 2638 1713; x_wconf 73' lang='lat' dir='ltr'><strong>qua:</strong></span> <span class='ocrx_word' id='word_1_228' title='bbox 2697 1646 2974 1716; x_wconf 83' lang='lat' dir='ltr'><strong>quondam</strong></span> <span class='ocrx_word' id='word_1_229' title='bbox 3038 1631 3315 1722; x_wconf 86' lang='lat' dir='ltr'><strong>speciosa,</strong></span> <span class='ocrx_word' id='word_1_230' title='bbox 3376 1672 3526 1713; x_wconf 80' lang='lat' dir='ltr'><strong>nunc</strong></span> 
     </span>
    </p>
   </div>
   <div class='ocr_carea' id='block_1_33' title="bbox 1958 1719 3528 1813">
    <p class='ocr_par' dir='ltr' id='par_1_33' title="bbox 1958 1719 3528 1813">
     <span class='ocr_line' id='line_1_33' title="bbox 1958 1719 3528 1813; baseline 0.019 -40"><span class='ocrx_word' id='word_1_231' title='bbox 1958 1719 2181 1777; x_wconf 88' lang='lat' dir='ltr'><strong>deserta</strong></span> <span class='ocrx_word' id='word_1_232' title='bbox 2214 1722 2364 1780; x_wconf 78' lang='lat' dir='ltr'><strong>facta</strong></span> <span class='ocrx_word' id='word_1_233' title='bbox 2389 1737 2516 1783; x_wconf 87' lang='lat' dir='ltr'><strong>sunt</strong></span> <span class='ocrx_word' id='word_1_234' title='bbox 2540 1740 2768 1802; x_wconf 80' lang='lat' dir='ltr'><strong>propter</strong></span> <span class='ocrx_word' id='word_1_235' title='bbox 2790 1719 3163 1808; x_wconf 73' lang='lat' dir='ltr'><strong>calamitates,</strong></span> <span class='ocrx_word' id='word_1_236' title='bbox 3214 1760 3338 1813; x_wconf 67' lang='lat' dir='ltr'><strong>quae</strong></span> <span class='ocrx_word' id='word_1_237' title='bbox 3381 1750 3528 1802; x_wconf 87' lang='lat' dir='ltr'><strong>acci-</strong></span> 
     </span>
    </p>
   </div>
   <div class='ocr_carea' id='block_1_34' title="bbox 271 1794 1842 1901">
    <p class='ocr_par' dir='ltr' id='par_1_34' title="bbox 271 1794 1842 1884">
     <span class='ocr_line' id='line_1_34' title="bbox 271 1794 1842 1884; baseline 0.008 -28"><span class='ocrx_word' id='word_1_238' title='bbox 271 1805 512 1875; x_wconf 87' lang='grc' dir='ltr'>προσθεν</span> <span class='ocrx_word' id='word_1_239' title='bbox 573 1807 758 1872; x_wconf 78' lang='grc' dir='ltr'>αὐτοῦ,</span> <span class='ocrx_word' id='word_1_240' title='bbox 800 1807 876 1871; x_wconf 82' lang='grc' dir='ltr'>ὡς</span> <span class='ocrx_word' id='word_1_241' title='bbox 933 1809 1259 1880; x_wconf 83' lang='grc' dir='ltr'><strong>παράδεισος</strong></span> <span class='ocrx_word' id='word_1_242' title='bbox 1310 1813 1518 1884; x_wconf 81' lang='grc' dir='ltr'>τρυφῆς</span> <span class='ocrx_word' id='word_1_243' title='bbox 1554 1814 1621 1877; x_wconf 62' lang='grc'><strong>⁸⁸,</strong></span> <span class='ocrx_word' id='word_1_244' title='bbox 1665 1794 1842 1869; x_wconf 75' lang='grc' dir='ltr'>καὶτὰ</span> 
     </span>
    </p>
   </div>
   <div class='ocr_carea' id='block_1_35' title="bbox 1948 1794 3524 1901">
    <p class='ocr_par' dir='ltr' id='par_1_35' title="bbox 1956 1794 3524 1901">
     <span class='ocr_line' id='line_1_35' title="bbox 1956 1794 3524 1901; baseline 0.018 -38"><span class='ocrx_word' id='word_1_245' title='bbox 1956 1808 2175 1865; x_wconf 90' lang='lat' dir='ltr'><strong>derunt.</strong></span> <span class='ocrx_word' id='word_1_246' title='bbox 2208 1812 2346 1870; x_wconf 89' lang='lat' dir='ltr'><strong>Nam</strong></span> <span class='ocrx_word' id='word_1_247' title='bbox 2379 1825 2435 1872; x_wconf 91' lang='lat' dir='ltr'><strong>et</strong></span> <span class='ocrx_word' id='word_1_248' title='bbox 2464 1794 2628 1889; x_wconf 76' lang='lat' dir='ltr'><strong>paulo</strong></span> <span class='ocrx_word' id='word_1_249' title='bbox 2644 1794 2782 1893; x_wconf 63' lang='lat' dir='ltr'><strong>post</strong></span> <span class='ocrx_word' id='word_1_250' title='bbox 2815 1825 2897 1881; x_wconf 88' lang='lat' dir='ltr'><strong>ait</strong></span> <span class='ocrx_word' id='word_1_251' title='bbox 2929 1844 2943 1881; x_wconf 92' lang='lat'><strong>:</strong></span> <span class='ocrx_word' id='word_1_252' title='bbox 2979 1847 2996 1881; x_wconf 80' lang='grc' dir='ltr'><strong>ι</strong></span> <span class='ocrx_word' id='word_1_253' title='bbox 3037 1794 3194 1886; x_wconf 72' lang='lat' dir='ltr'><strong>Sicut</strong></span> <span class='ocrx_word' id='word_1_254' title='bbox 3220 1794 3524 1901; x_wconf 63' lang='lat' dir='ltr'><strong>paradisus</strong></span> 
     </span>
    </p>
   </div>
   <div class='ocr_carea' id='block_1_36' title="bbox 268 1895 1848 1979">
    <p class='ocr_par' dir='ltr' id='par_1_36' title="bbox 268 1895 1848 1979">
     <span class='ocr_line' id='line_1_36' title="bbox 268 1895 1848 1979; baseline 0.009 -31"><span class='ocrx_word' id='word_1_255' title='bbox 268 1895 447 1949; x_wconf 82' lang='grc' dir='ltr'>ὀπίσω</span> <span class='ocrx_word' id='word_1_256' title='bbox 505 1898 692 1964; x_wconf 72' lang='grc' dir='ltr'>αὐτοῦ,</span> <span class='ocrx_word' id='word_1_257' title='bbox 733 1899 810 1963; x_wconf 84' lang='grc' dir='ltr'><strong>ὡς</strong></span> <span class='ocrx_word' id='word_1_258' title='bbox 843 1900 1022 1954; x_wconf 85' lang='grc' dir='ltr'>πεδίον</span> <span class='ocrx_word' id='word_1_259' title='bbox 1071 1902 1402 1973; x_wconf 87' lang='grc' dir='ltr'>ἀφανισμοῦ.</span> <span class='ocrx_word' id='word_1_260' title='bbox 1463 1905 1742 1979; x_wconf 44' lang='grc' dir='ltr'>[Ἐπειδὴ</span> <span class='ocrx_word' id='word_1_261' title='bbox 1769 1908 1848 1973; x_wconf 88' lang='grc' dir='ltr'>δὲ,</span> 
     </span>
    </p>
   </div>
   <div class='ocr_carea' id='block_1_37' title="bbox 269 1988 1851 2068">
    <p class='ocr_par' dir='ltr' id='par_1_37' title="bbox 269 1988 1851 2068">
     <span class='ocr_line' id='line_1_37' title="bbox 269 1988 1851 2068; baseline 0.009 -30"><span class='ocrx_word' id='word_1_262' title='bbox 269 1988 428 2057; x_wconf 73' lang='grc' dir='ltr'>φησὶ,</span> <span class='ocrx_word' id='word_1_263' title='bbox 484 1989 645 2059; x_wconf 76' lang='grc' dir='ltr'>ἡμεῖς</span> <span class='ocrx_word' id='word_1_264' title='bbox 688 1990 896 2055; x_wconf 76' lang='grc' dir='ltr'>ἀνάξιοι</span> <span class='ocrx_word' id='word_1_265' title='bbox 942 1992 1042 2062; x_wconf 78' lang='grc' dir='ltr'><strong>τῆς</strong></span> <span class='ocrx_word' id='word_1_266' title='bbox 1102 1994 1251 2062; x_wconf 87' lang='grc' dir='ltr'><strong>παρά</strong></span> <span class='ocrx_word' id='word_1_267' title='bbox 1295 1995 1387 2049; x_wconf 87' lang='grc' dir='ltr'><strong>σοῦ</strong></span> <span class='ocrx_word' id='word_1_268' title='bbox 1442 1995 1851 2068; x_wconf 69' lang='grc' dir='ltr'><strong>φιλανθρωπίας</strong></span> 
     </span>
    </p>
   </div>
   <div class='ocr_carea' id='block_1_38' title="bbox 266 2080 1850 2160">
    <p class='ocr_par' dir='ltr' id='par_1_38' title="bbox 266 2080 1850 2160">
     <span class='ocr_line' id='line_1_38' title="bbox 266 2080 1850 2160; baseline 0.009 -30"><span class='ocrx_word' id='word_1_269' title='bbox 266 2082 477 2148; x_wconf 80' lang='grc' dir='ltr'><strong>τυχεῖν,</strong></span> <span class='ocrx_word' id='word_1_270' title='bbox 523 2080 737 2149; x_wconf 80' lang='grc' dir='ltr'>φειδοῦς</span> <span class='ocrx_word' id='word_1_271' title='bbox 792 2099 934 2145; x_wconf 85' lang='grc' dir='ltr'>τινος</span> <span class='ocrx_word' id='word_1_272' title='bbox 968 2083 1325 2138; x_wconf 81' lang='grc' dir='ltr'>ἀπολαυσάτω</span> <span class='ocrx_word' id='word_1_273' title='bbox 1354 2087 1421 2139; x_wconf 75' lang='grc' dir='ltr'>τὰ</span> <span class='ocrx_word' id='word_1_274' title='bbox 1453 2089 1622 2159; x_wconf 77' lang='grc' dir='ltr'>κτήνη</span> <span class='ocrx_word' id='word_1_275' title='bbox 1665 2090 1850 2160; x_wconf 84' lang='grc' dir='ltr'>μυκώ-</span> 
     </span>
    </p>
   </div>
   <div class='ocr_carea' id='block_1_39' title="bbox 269 2169 1850 2250">
    <p class='ocr_par' dir='ltr' id='par_1_39' title="bbox 269 2169 1850 2250">
     <span class='ocr_line' id='line_1_39' title="bbox 269 2169 1850 2250; baseline 0.01 -31"><span class='ocrx_word' id='word_1_276' title='bbox 269 2184 412 2236; x_wconf 86' lang='grc' dir='ltr'>μενα</span> <span class='ocrx_word' id='word_1_277' title='bbox 459 2171 553 2222; x_wconf 77' lang='grc' dir='ltr'>καὶ</span> <span class='ocrx_word' id='word_1_278' title='bbox 579 2169 901 2241; x_wconf 63' lang='grc' dir='ltr'>βληχώμενοι</span> <span class='ocrx_word' id='word_1_279' title='bbox 923 2215 937 2237; x_wconf 90' lang='grc'><strong>,</strong></span> <span class='ocrx_word' id='word_1_280' title='bbox 970 2192 987 2223; x_wconf 79' lang='grc' dir='ltr'><strong>ι</strong></span> <span class='ocrx_word' id='word_1_281' title='bbox 1024 2172 1145 2228; x_wconf 86' lang='grc' dir='ltr'>Ὅτι</span> <span class='ocrx_word' id='word_1_282' title='bbox 1189 2174 1563 2250; x_wconf 77' lang='grc' dir='ltr'>ἐξηράνθησαν</span> <span class='ocrx_word' id='word_1_283' title='bbox 1624 2181 1850 2250; x_wconf 81' lang='grc' dir='ltr'>ἀφέσεις</span> 
     </span>
    </p>
   </div>
   <div class='ocr_carea' id='block_1_40' title="bbox 266 2259 1850 2344">
    <p class='ocr_par' dir='ltr' id='par_1_40' title="bbox 266 2259 1850 2344">
     <span class='ocr_line' id='line_1_40' title="bbox 266 2259 1850 2344; baseline 0.01 -33"><span class='ocrx_word' id='word_1_284' title='bbox 266 2259 501 2313; x_wconf 81' lang='grc' dir='ltr'><strong>ὑδάτων.</strong></span> <span class='ocrx_word' id='word_1_285' title='bbox 540 2279 558 2312; x_wconf 77' lang='grc' dir='ltr'><strong>ι</strong></span> <span class='ocrx_word' id='word_1_286' title='bbox 597 2259 668 2314; x_wconf 85' lang='grc' dir='ltr'>Τὸ</span> <span class='ocrx_word' id='word_1_287' title='bbox 700 2262 755 2315; x_wconf 75' lang='grc' dir='ltr'>δὲ</span> <span class='ocrx_word' id='word_1_288' title='bbox 804 2262 871 2329; x_wconf 75' lang='grc'><strong>⁸⁵,</strong></span> <span class='ocrx_word' id='word_1_289' title='bbox 901 2283 918 2315; x_wconf 85' lang='grc' dir='ltr'><strong>ι</strong></span> <span class='ocrx_word' id='word_1_290' title='bbox 956 2265 1285 2337; x_wconf 75' lang='grc' dir='ltr'>’Λνέϐλεψαν</span> <span class='ocrx_word' id='word_1_291' title='bbox 1316 2269 1451 2341; x_wconf 80' lang='grc' dir='ltr'>πρὸς</span> <span class='ocrx_word' id='word_1_292' title='bbox 1482 2271 1560 2337; x_wconf 84' lang='grc' dir='ltr'><strong>σὲ,</strong></span> <span class='ocrx_word' id='word_1_293' title='bbox 1592 2292 1610 2323; x_wconf 76' lang='grc' dir='ltr'><strong>ι</strong></span> <span class='ocrx_word' id='word_1_294' title='bbox 1649 2274 1747 2344; x_wconf 78' lang='grc' dir='ltr'><strong>οὐχ</strong></span> <span class='ocrx_word' id='word_1_295' title='bbox 1773 2273 1850 2338; x_wconf 87' lang='grc' dir='ltr'>ὼς</span> 
     </span>
    </p>
   </div>
   <div class='ocr_carea' id='block_1_41' title="bbox 263 2344 1849 2426">
    <p class='ocr_par' dir='ltr' id='par_1_41' title="bbox 263 2344 1849 2426">
     <span class='ocr_line' id='line_1_41' title="bbox 263 2344 1849 2426; baseline 0.011 -23"><span class='ocrx_word' id='word_1_296' title='bbox 263 2344 400 2422; x_wconf 77' lang='grc' dir='ltr'>περῖ</span> <span class='ocrx_word' id='word_1_297' title='bbox 442 2352 676 2420; x_wconf 79' lang='grc' dir='ltr'>λογικῶν</span> <span class='ocrx_word' id='word_1_298' title='bbox 728 2356 970 2426; x_wconf 74' lang='grc' dir='ltr'>εἴρηκεν,</span> <span class='ocrx_word' id='word_1_299' title='bbox 1009 2358 1124 2412; x_wconf 85' lang='grc' dir='ltr'>ἀλλ’</span> <span class='ocrx_word' id='word_1_300' title='bbox 1157 2360 1237 2424; x_wconf 82' lang='grc' dir='ltr'><strong>είς</strong></span> <span class='ocrx_word' id='word_1_301' title='bbox 1276 2359 1422 2413; x_wconf 73' lang='grc' dir='ltr'>ἔλεον</span> <span class='ocrx_word' id='word_1_302' title='bbox 1476 2363 1703 2419; x_wconf 84' lang='grc' dir='ltr'>ἑλκῦσαι</span> <span class='ocrx_word' id='word_1_303' title='bbox 1755 2365 1849 2420; x_wconf 81' lang='grc' dir='ltr'>τὸν</span> 
     </span>
    </p>
   </div>
   <div class='ocr_carea' id='block_1_42' title="bbox 261 2444 1847 2530">
    <p class='ocr_par' dir='ltr' id='par_1_42' title="bbox 261 2444 1847 2530">
     <span class='ocr_line' id='line_1_42' title="bbox 261 2444 1847 2530; baseline 0.009 -36"><span class='ocrx_word' id='word_1_304' title='bbox 261 2444 550 2513; x_wconf 86' lang='grc' dir='ltr'>Δεσπότην</span> <span class='ocrx_word' id='word_1_305' title='bbox 598 2444 920 2516; x_wconf 83' lang='grc' dir='ltr'>βουλόμενος</span> <span class='ocrx_word' id='word_1_306' title='bbox 945 2490 958 2514; x_wconf 92' lang='grc'><strong>,</strong></span> <span class='ocrx_word' id='word_1_307' title='bbox 995 2449 1167 2515; x_wconf 75' lang='grc' dir='ltr'>οὕτως</span> <span class='ocrx_word' id='word_1_308' title='bbox 1209 2450 1435 2506; x_wconf 79' lang='grc' dir='ltr'>ἐκάλεσε</span> <span class='ocrx_word' id='word_1_309' title='bbox 1482 2453 1572 2508; x_wconf 85' lang='grc' dir='ltr'>τὸν</span> <span class='ocrx_word' id='word_1_310' title='bbox 1606 2454 1715 2510; x_wconf 73' lang='grc' dir='ltr'>ἀπὸ</span> <span class='ocrx_word' id='word_1_311' title='bbox 1744 2456 1847 2530; x_wconf 80' lang='grc' dir='ltr'>τῆς</span> 
     </span>
    </p>
   </div>
   <div class='ocr_carea' id='block_1_43' title="bbox 262 2534 1139 2609">
    <p class='ocr_par' dir='ltr' id='par_1_43' title="bbox 262 2534 1139 2609">
     <span class='ocr_line' id='line_1_43' title="bbox 262 2534 1139 2609; baseline 0.008 -22"><span class='ocrx_word' id='word_1_312' title='bbox 262 2534 471 2599; x_wconf 75' lang='grc' dir='ltr'>ἐνδείας</span> <span class='ocrx_word' id='word_1_313' title='bbox 498 2535 780 2606; x_wconf 84' lang='grc' dir='ltr'>γινόμενον</span> <span class='ocrx_word' id='word_1_314' title='bbox 804 2542 1139 2609; x_wconf 77' lang='grc' dir='ltr'>μυκηθμόν.</span> 
     </span>
    </p>
   </div>
   <div class='ocr_carea' id='block_1_44' title="bbox 873 2742 1251 2800">
    <p class='ocr_par' dir='ltr' id='par_1_44' title="bbox 873 2742 1251 2800">
     <span class='ocr_line' id='line_1_44' title="bbox 873 2742 1251 2800; baseline 0.013 -5"><span class='ocrx_word' id='word_1_315' title='bbox 873 2742 1126 2797; x_wconf 79' lang='grc' dir='ltr'><strong>ΚΕΦᾹΛ.</strong></span> <span class='ocrx_word' id='word_1_316' title='bbox 1176 2743 1251 2800; x_wconf 85' lang='lat' dir='ltr'><strong>B’.</strong></span> 
     </span>
    </p>
   </div>
   <div class='ocr_carea' id='block_1_45' title="bbox 349 2854 1845 2935">
    <p class='ocr_par' dir='ltr' id='par_1_45' title="bbox 349 2854 1845 2935">
     <span class='ocr_line' id='line_1_45' title="bbox 349 2854 1845 2935; baseline -0.004 -25"><span class='ocrx_word' id='word_1_317' title='bbox 349 2854 510 2910; x_wconf 82' lang='grc' dir='ltr'>Ἀλλά</span> <span class='ocrx_word' id='word_1_318' title='bbox 535 2856 633 2910; x_wconf 76' lang='grc' dir='ltr'>καὶ</span> <span class='ocrx_word' id='word_1_319' title='bbox 662 2855 756 2908; x_wconf 87' lang='grc' dir='ltr'><strong>τοῦ</strong></span> <span class='ocrx_word' id='word_1_320' title='bbox 777 2857 1060 2925; x_wconf 79' lang='grc' dir='ltr'><strong>προφήτου</strong></span> <span class='ocrx_word' id='word_1_321' title='bbox 1095 2855 1553 2929; x_wconf 85' lang='grc' dir='ltr'>προσενηνοχότος</span> <span class='ocrx_word' id='word_1_322' title='bbox 1586 2859 1685 2932; x_wconf 80' lang='grc' dir='ltr'>τὴν</span> <span class='ocrx_word' id='word_1_323' title='bbox 1718 2862 1845 2935; x_wconf 73' lang='grc' dir='ltr'>δέη-</span> 
     </span>
    </p>
   </div>
   <div class='ocr_carea' id='block_1_46' title="bbox 263 2945 1842 3018">
    <p class='ocr_par' dir='ltr' id='par_1_46' title="bbox 263 2945 1842 3018">
     <span class='ocr_line' id='line_1_46' title="bbox 263 2945 1842 3018; baseline 0.006 -19"><span class='ocrx_word' id='word_1_324' title='bbox 263 2964 376 3013; x_wconf 87' lang='grc' dir='ltr'>σιν,</span> <span class='ocrx_word' id='word_1_325' title='bbox 408 2945 570 3001; x_wconf 78' lang='grc' dir='ltr'>πάλιν</span> <span class='ocrx_word' id='word_1_326' title='bbox 596 2948 624 3001; x_wconf 85' lang='grc' dir='ltr'><strong>ό</strong></span> <span class='ocrx_word' id='word_1_327' title='bbox 644 2947 921 3016; x_wconf 80' lang='grc' dir='ltr'><strong>Δεσπότης</strong></span> <span class='ocrx_word' id='word_1_328' title='bbox 975 2948 1411 3018; x_wconf 80' lang='grc' dir='ltr'>παρακελεύεται</span> <span class='ocrx_word' id='word_1_329' title='bbox 1443 2950 1543 3014; x_wconf 81' lang='grc' dir='ltr'><strong>τὰς</strong></span> <span class='ocrx_word' id='word_1_330' title='bbox 1580 2953 1724 3008; x_wconf 82' lang='grc' dir='ltr'><strong>κατά</strong></span> <span class='ocrx_word' id='word_1_331' title='bbox 1753 2955 1842 3009; x_wconf 90' lang='grc' dir='ltr'>νό-</span> 
     </span>
    </p>
   </div>
   <div class='ocr_carea' id='block_1_47' title="bbox 265 3040 1839 3116">
    <p class='ocr_par' dir='ltr' id='par_1_47' title="bbox 265 3040 1839 3116">
     <span class='ocr_line' id='line_1_47' title="bbox 265 3040 1839 3116; baseline 0.006 -24"><span class='ocrx_word' id='word_1_332' title='bbox 265 3058 374 3112; x_wconf 74' lang='grc' dir='ltr'><strong>μον</strong></span> <span class='ocrx_word' id='word_1_333' title='bbox 407 3040 888 3111; x_wconf 75' lang='grc' dir='ltr'>προστεταγμένας</span> <span class='ocrx_word' id='word_1_334' title='bbox 911 3041 1115 3111; x_wconf 79' lang='grc' dir='ltr'>ὴχῆσαι</span> <span class='ocrx_word' id='word_1_335' title='bbox 1147 3040 1452 3111; x_wconf 80' lang='grc' dir='ltr'>σάλπιγγας</span> <span class='ocrx_word' id='word_1_336' title='bbox 1480 3045 1538 3097; x_wconf 80' lang='grc' dir='ltr'>ὲν</span> <span class='ocrx_word' id='word_1_337' title='bbox 1570 3049 1635 3116; x_wconf 84' lang='grc' dir='ltr'>τῇ</span> <span class='ocrx_word' id='word_1_338' title='bbox 1680 3046 1839 3112; x_wconf 86' lang='grc' dir='ltr'>Σιὼν,</span> 
     </span>
    </p>
   </div>
   <div class='ocr_carea' id='block_1_48' title="bbox 1954 1901 3524 1997">
    <p class='ocr_par' dir='ltr' id='par_1_48' title="bbox 1954 1901 3524 1997">
     <span class='ocr_line' id='line_1_48' title="bbox 1954 1901 3524 1997; baseline 0.018 -45"><span class='ocrx_word' id='word_1_339' title='bbox 1954 1901 2256 1971; x_wconf 78' lang='lat' dir='ltr'><strong>voluptatis</strong></span> <span class='ocrx_word' id='word_1_340' title='bbox 2297 1921 2361 1961; x_wconf 91' lang='lat' dir='ltr'><strong>ea</strong></span> <span class='ocrx_word' id='word_1_341' title='bbox 2409 1924 2530 1978; x_wconf 72' lang='lat' dir='ltr'><strong>quae</strong></span> <span class='ocrx_word' id='word_1_342' title='bbox 2574 1921 2703 1969; x_wconf 88' lang='lat' dir='ltr'><strong>ante</strong></span> <span class='ocrx_word' id='word_1_343' title='bbox 2740 1912 2939 1971; x_wconf 78' lang='lat' dir='ltr'><strong>faciem</strong></span> <span class='ocrx_word' id='word_1_344' title='bbox 2974 1918 3119 1988; x_wconf 83' lang='lat' dir='ltr'><strong>ejus,</strong></span> <span class='ocrx_word' id='word_1_345' title='bbox 3153 1930 3208 1976; x_wconf 84' lang='lat' dir='ltr'><strong>et</strong></span> <span class='ocrx_word' id='word_1_346' title='bbox 3241 1940 3365 1994; x_wconf 80' lang='lat' dir='ltr'><strong>quae</strong></span> <span class='ocrx_word' id='word_1_347' title='bbox 3399 1937 3524 1997; x_wconf 87' lang='lat' dir='ltr'><strong>post</strong></span> 
     </span>
    </p>
   </div>
   <div class='ocr_carea' id='block_1_49' title="bbox 1952 1991 3526 2093">
    <p class='ocr_par' dir='ltr' id='par_1_49' title="bbox 1952 1991 3526 2093">
     <span class='ocr_line' id='line_1_49' title="bbox 1952 1991 3526 2093; baseline 0.017 -49"><span class='ocrx_word' id='word_1_348' title='bbox 1952 1991 2106 2046; x_wconf 91' lang='lat' dir='ltr'><strong>illum</strong></span> <span class='ocrx_word' id='word_1_349' title='bbox 2132 2007 2282 2061; x_wconf 89' lang='lat' dir='ltr'><strong>sunt,</strong></span> <span class='ocrx_word' id='word_1_350' title='bbox 2324 1998 2470 2052; x_wconf 86' lang='lat' dir='ltr'><strong>sicut</strong></span> <span class='ocrx_word' id='word_1_351' title='bbox 2502 2015 2731 2074; x_wconf 88' lang='lat' dir='ltr'><strong>campus</strong></span> <span class='ocrx_word' id='word_1_352' title='bbox 2763 2005 3082 2064; x_wconf 82' lang='lat' dir='ltr'><strong>solitudinis</strong></span> <span class='ocrx_word' id='word_1_353' title='bbox 3104 2012 3148 2066; x_wconf 77' lang='grc' dir='ltr'><strong>ί.</strong></span> <span class='ocrx_word' id='word_1_354' title='bbox 3194 2031 3213 2064; x_wconf 75' lang='grc' dir='ltr'><strong>ι</strong></span> <span class='ocrx_word' id='word_1_355' title='bbox 3242 1991 3356 2086; x_wconf 34' lang='grc'><strong>[⁷20]</strong></span> <span class='ocrx_word' id='word_1_356' title='bbox 3377 1991 3526 2093; x_wconf 70' lang='grc' dir='ltr'><strong>ῥυο-</strong></span> 
     </span>
    </p>
   </div>
   <div class='ocr_carea' id='block_1_50' title="bbox 1953 2083 3522 2173">
    <p class='ocr_par' dir='ltr' id='par_1_50' title="bbox 1953 2083 3522 2173">
     <span class='ocr_line' id='line_1_50' title="bbox 1953 2083 3522 2173; baseline 0.017 -37"><span class='ocrx_word' id='word_1_357' title='bbox 1953 2083 2101 2138; x_wconf 88' lang='lat' dir='ltr'><strong>niam</strong></span> <span class='ocrx_word' id='word_1_358' title='bbox 2137 2094 2319 2141; x_wconf 89' lang='lat' dir='ltr'><strong>autem</strong></span> <span class='ocrx_word' id='word_1_359' title='bbox 2352 2089 2584 2163; x_wconf 76' lang='lat' dir='ltr'><strong>indigni,</strong></span> <span class='ocrx_word' id='word_1_360' title='bbox 2619 2094 2716 2163; x_wconf 86' lang='lat' dir='ltr'><strong>ait,</strong></span> <span class='ocrx_word' id='word_1_361' title='bbox 2752 2112 2856 2154; x_wconf 90' lang='lat' dir='ltr'><strong>nos</strong></span> <span class='ocrx_word' id='word_1_362' title='bbox 2902 2115 3096 2156; x_wconf 86' lang='lat' dir='ltr'><strong>sumus</strong></span> <span class='ocrx_word' id='word_1_363' title='bbox 3144 2104 3239 2173; x_wconf 88' lang='lat' dir='ltr'><strong>qui</strong></span> <span class='ocrx_word' id='word_1_364' title='bbox 3273 2120 3303 2159; x_wconf 90' lang='lat' dir='ltr'><strong>a</strong></span> <span class='ocrx_word' id='word_1_365' title='bbox 3330 2114 3384 2160; x_wconf 88' lang='lat' dir='ltr'><strong>te</strong></span> <span class='ocrx_word' id='word_1_366' title='bbox 3414 2088 3522 2162; x_wconf 86' lang='lat' dir='ltr'><strong>mi-</strong></span> 
     </span>
    </p>
   </div>
   <div class='ocr_carea' id='block_1_51' title="bbox 1954 2177 3519 2265">
    <p class='ocr_par' dir='ltr' id='par_1_51' title="bbox 1954 2177 3519 2265">
     <span class='ocr_line' id='line_1_51' title="bbox 1954 2177 3519 2265; baseline 0.017 -35"><span class='ocrx_word' id='word_1_367' title='bbox 1954 2177 2314 2234; x_wconf 86' lang='lat' dir='ltr'><strong>sericordiam</strong></span> <span class='ocrx_word' id='word_1_368' title='bbox 2347 2197 2776 2255; x_wconf 86' lang='lat' dir='ltr'><strong>consequamur,</strong></span> <span class='ocrx_word' id='word_1_369' title='bbox 2805 2193 3021 2247; x_wconf 80' lang='lat' dir='ltr'><strong>veniam</strong></span> <span class='ocrx_word' id='word_1_370' title='bbox 3052 2196 3292 2265; x_wconf 81' lang='lat' dir='ltr'><strong>aliquam</strong></span> <span class='ocrx_word' id='word_1_371' title='bbox 3325 2202 3519 2257; x_wconf 88' lang='lat' dir='ltr'><strong>saltem</strong></span> 
     </span>
    </p>
   </div>
   <div class='ocr_carea' id='block_1_52' title="bbox 1951 2277 3523 2354">
    <p class='ocr_par' dir='ltr' id='par_1_52' title="bbox 1951 2277 3523 2354">
     <span class='ocr_line' id='line_1_52' title="bbox 1951 2277 3523 2354; baseline 0.015 -35"><span class='ocrx_word' id='word_1_372' title='bbox 1951 2278 2363 2339; x_wconf 79' lang='lat' dir='ltr'><strong>consequantur</strong></span> <span class='ocrx_word' id='word_1_373' title='bbox 2398 2287 2599 2340; x_wconf 87' lang='lat' dir='ltr'><strong>pecora</strong></span> <span class='ocrx_word' id='word_1_374' title='bbox 2627 2277 2926 2348; x_wconf 87' lang='lat' dir='ltr'><strong>mugientia</strong></span> <span class='ocrx_word' id='word_1_375' title='bbox 2960 2290 3012 2335; x_wconf 89' lang='lat' dir='ltr'><strong>et</strong></span> <span class='ocrx_word' id='word_1_376' title='bbox 3037 2281 3298 2351; x_wconf 82' lang='lat' dir='ltr'><strong>balantia,</strong></span> <span class='ocrx_word' id='word_1_377' title='bbox 3326 2308 3343 2338; x_wconf 78' lang='grc' dir='ltr'><strong>ι</strong></span> <span class='ocrx_word' id='word_1_378' title='bbox 3374 2287 3523 2354; x_wconf 84' lang='lat' dir='ltr'><strong>Quo-</strong></span> 
     </span>
    </p>
   </div>
   <div class='ocr_carea' id='block_1_53' title="bbox 1951 2354 3518 2444">
    <p class='ocr_par' dir='ltr' id='par_1_53' title="bbox 1951 2354 3518 2444">
     <span class='ocr_line' id='line_1_53' title="bbox 1951 2354 3518 2444; baseline 0.016 -34"><span class='ocrx_word' id='word_1_379' title='bbox 1951 2358 2102 2412; x_wconf 86' lang='lat' dir='ltr'><strong>niam</strong></span> <span class='ocrx_word' id='word_1_380' title='bbox 2127 2354 2464 2417; x_wconf 84' lang='lat' dir='ltr'><strong>exaruerunt</strong></span> <span class='ocrx_word' id='word_1_381' title='bbox 2483 2365 2816 2425; x_wconf 86' lang='lat' dir='ltr'><strong>emissiones</strong></span> <span class='ocrx_word' id='word_1_382' title='bbox 2836 2384 3126 2441; x_wconf 87' lang='lat' dir='ltr'><strong>aquarum.</strong></span> <span class='ocrx_word' id='word_1_383' title='bbox 3152 2394 3172 2427; x_wconf 74' lang='grc' dir='ltr'><strong>ι</strong></span> <span class='ocrx_word' id='word_1_384' title='bbox 3199 2377 3335 2431; x_wconf 84' lang='lat' dir='ltr'><strong>illud</strong></span> <span class='ocrx_word' id='word_1_385' title='bbox 3366 2395 3518 2444; x_wconf 86' lang='lat' dir='ltr'><strong>vero,</strong></span> 
     </span>
    </p>
   </div>
   <div class='ocr_carea' id='block_1_54' title="bbox 1960 2450 3518 2529">
    <p class='ocr_par' dir='ltr' id='par_1_54' title="bbox 1960 2450 3518 2529">
     <span class='ocr_line' id='line_1_54' title="bbox 1960 2450 3518 2529; baseline 0.017 -27"><span class='ocrx_word' id='word_1_386' title='bbox 1960 2468 1979 2502; x_wconf 76' lang='grc' dir='ltr'><strong>ι</strong></span> <span class='ocrx_word' id='word_1_387' title='bbox 2025 2450 2406 2522; x_wconf 78' lang='lat' dir='ltr'><strong>Suspexerunt</strong></span> <span class='ocrx_word' id='word_1_388' title='bbox 2438 2456 2503 2510; x_wconf 89' lang='lat' dir='ltr'><strong>ad</strong></span> <span class='ocrx_word' id='word_1_389' title='bbox 2530 2465 2605 2523; x_wconf 87' lang='lat' dir='ltr'><strong>te,</strong></span> <span class='ocrx_word' id='word_1_390' title='bbox 2626 2478 2644 2510; x_wconf 75' lang='grc' dir='ltr'><strong>ι</strong></span> <span class='ocrx_word' id='word_1_391' title='bbox 2674 2475 2787 2515; x_wconf 87' lang='lat' dir='ltr'><strong>non</strong></span> <span class='ocrx_word' id='word_1_392' title='bbox 2818 2471 2880 2519; x_wconf 88' lang='lat' dir='ltr'><strong>ut</strong></span> <span class='ocrx_word' id='word_1_393' title='bbox 2907 2464 2976 2519; x_wconf 87' lang='lat' dir='ltr'><strong>de</strong></span> <span class='ocrx_word' id='word_1_394' title='bbox 2995 2466 3211 2523; x_wconf 85' lang='lat' dir='ltr'><strong>ratione</strong></span> <span class='ocrx_word' id='word_1_395' title='bbox 3238 2473 3518 2529; x_wconf 80' lang='lat' dir='ltr'><strong>utentibus</strong></span> 
     </span>
    </p>
   </div>
   <div class='ocr_carea' id='block_1_55' title="bbox 1950 2543 3517 2618">
    <p class='ocr_par' dir='ltr' id='par_1_55' title="bbox 1950 2543 3517 2618">
     <span class='ocr_line' id='line_1_55' title="bbox 1950 2543 3517 2618; baseline 0.013 -21"><span class='ocrx_word' id='word_1_396' title='bbox 1950 2543 2111 2609; x_wconf 80' lang='lat' dir='ltr'><strong>dixit,</strong></span> <span class='ocrx_word' id='word_1_397' title='bbox 2148 2545 2245 2601; x_wconf 89' lang='lat' dir='ltr'><strong>sed</strong></span> <span class='ocrx_word' id='word_1_398' title='bbox 2268 2547 2334 2600; x_wconf 87' lang='lat' dir='ltr'><strong>ad</strong></span> <span class='ocrx_word' id='word_1_399' title='bbox 2361 2547 2798 2605; x_wconf 86' lang='lat' dir='ltr'><strong>misericordiam</strong></span> <span class='ocrx_word' id='word_1_400' title='bbox 2831 2554 3056 2612; x_wconf 88' lang='lat' dir='ltr'><strong>allicere</strong></span> <span class='ocrx_word' id='word_1_401' title='bbox 3092 2560 3282 2616; x_wconf 87' lang='lat' dir='ltr'><strong>volens</strong></span> <span class='ocrx_word' id='word_1_402' title='bbox 3326 2562 3517 2618; x_wconf 90' lang='lat' dir='ltr'><strong>Domi-</strong></span> 
     </span>
    </p>
   </div>
   <div class='ocr_carea' id='block_1_56' title="bbox 1952 2630 3516 2724">
    <p class='ocr_par' dir='ltr' id='par_1_56' title="bbox 1952 2630 3516 2724">
     <span class='ocr_line' id='line_1_56' title="bbox 1952 2630 3516 2724; baseline 0.016 -40"><span class='ocrx_word' id='word_1_403' title='bbox 1952 2644 2109 2709; x_wconf 67' lang='lat' dir='ltr'><strong>num,</strong></span> <span class='ocrx_word' id='word_1_404' title='bbox 2147 2634 2229 2689; x_wconf 90' lang='lat' dir='ltr'><strong>sic</strong></span> <span class='ocrx_word' id='word_1_405' title='bbox 2262 2630 2483 2691; x_wconf 75' lang='lat' dir='ltr'><strong>vocavit</strong></span> <span class='ocrx_word' id='word_1_406' title='bbox 2514 2645 2790 2694; x_wconf 78' lang='lat' dir='ltr'><strong>extortum</strong></span> <span class='ocrx_word' id='word_1_407' title='bbox 2830 2658 2928 2712; x_wconf 90' lang='lat' dir='ltr'><strong>per</strong></span> <span class='ocrx_word' id='word_1_408' title='bbox 2967 2647 3211 2718; x_wconf 84' lang='lat' dir='ltr'><strong>inopiam</strong></span> <span class='ocrx_word' id='word_1_409' title='bbox 3239 2656 3516 2724; x_wconf 73' lang='lat' dir='ltr'><strong>mugitum.</strong></span> 
     </span>
    </p>
   </div>
   <div class='ocr_carea' id='block_1_57' title="bbox 2615 2752 2894 2814">
    <p class='ocr_par' dir='ltr' id='par_1_57' title="bbox 2615 2752 2894 2814">
     <span class='ocr_line' id='line_1_57' title="bbox 2615 2752 2894 2814; baseline 0.022 -6"><span class='ocrx_word' id='word_1_410' title='bbox 2615 2752 2767 2810; x_wconf 86' lang='lat' dir='ltr'><strong>CAP.</strong></span> <span class='ocrx_word' id='word_1_411' title='bbox 2830 2755 2894 2814; x_wconf 93' lang='grc' dir='ltr'><strong>ΙΙ.</strong></span> 
     </span>
    </p>
   </div>
   <div class='ocr_carea' id='block_1_58' title="bbox 2017 2855 3511 2947">
    <p class='ocr_par' dir='ltr' id='par_1_58' title="bbox 2017 2855 3511 2947">
     <span class='ocr_line' id='line_1_58' title="bbox 2017 2855 3511 2947; baseline 0.021 -36"><span class='ocrx_word' id='word_1_412' title='bbox 2017 2855 2098 2931; x_wconf 85' lang='lat' dir='ltr'><strong>[l]</strong></span> <span class='ocrx_word' id='word_1_413' title='bbox 2133 2858 2435 2933; x_wconf 84' lang='lat' dir='ltr'><strong>Postquam</strong></span> <span class='ocrx_word' id='word_1_414' title='bbox 2489 2868 2761 2941; x_wconf 83' lang='lat' dir='ltr'><strong>propheta</strong></span> <span class='ocrx_word' id='word_1_415' title='bbox 2810 2887 3001 2943; x_wconf 86' lang='lat' dir='ltr'><strong>preces</strong></span> <span class='ocrx_word' id='word_1_416' title='bbox 3050 2878 3285 2947; x_wconf 86' lang='lat' dir='ltr'><strong>obtulit,</strong></span> <span class='ocrx_word' id='word_1_417' title='bbox 3317 2899 3511 2943; x_wconf 85' lang='lat' dir='ltr'><strong>rursus</strong></span> 
     </span>
    </p>
   </div>
   <div class='ocr_carea' id='block_1_59' title="bbox 1940 2947 3511 3043">
    <p class='ocr_par' dir='ltr' id='par_1_59' title="bbox 1940 2947 3511 3043">
     <span class='ocr_line' id='line_1_59' title="bbox 1940 2947 3511 3043; baseline 0.018 -41"><span class='ocrx_word' id='word_1_418' title='bbox 1940 2947 2099 3043; x_wconf 61' lang='lat' dir='ltr'><strong>j_ubet</strong></span> <span class='ocrx_word' id='word_1_419' title='bbox 2128 2949 2394 3012; x_wconf 75' lang='lat' dir='ltr'><strong>Dominus</strong></span> <span class='ocrx_word' id='word_1_420' title='bbox 2426 2956 2577 3014; x_wconf 85' lang='lat' dir='ltr'><strong>tubis</strong></span> <span class='ocrx_word' id='word_1_421' title='bbox 2603 2973 2667 3014; x_wconf 81' lang='lat' dir='ltr'><strong>ex</strong></span> <span class='ocrx_word' id='word_1_422' title='bbox 2697 2960 2837 3032; x_wconf 82' lang='lat' dir='ltr'><strong>legis</strong></span> <span class='ocrx_word' id='word_1_423' title='bbox 2864 2965 3126 3022; x_wconf 85' lang='lat' dir='ltr'><strong>mandato</strong></span> <span class='ocrx_word' id='word_1_424' title='bbox 3165 2970 3426 3043; x_wconf 87' lang='lat' dir='ltr'><strong>clangere</strong></span> <span class='ocrx_word' id='word_1_425' title='bbox 3453 2970 3511 3030; x_wconf 79' lang='lat' dir='ltr'><strong>i&#39;n</strong></span> 
     </span>
    </p>
   </div>
   <div class='ocr_carea' id='block_1_60' title="bbox 1946 3035 3512 3125">
    <p class='ocr_par' dir='ltr' id='par_1_60' title="bbox 1946 3035 3512 3125">
     <span class='ocr_line' id='line_1_60' title="bbox 1946 3035 3512 3125; baseline 0.019 -33"><span class='ocrx_word' id='word_1_426' title='bbox 1946 3035 2135 3109; x_wconf 89' lang='lat' dir='ltr'><strong>Sione,</strong></span> <span class='ocrx_word' id='word_1_427' title='bbox 2167 3052 2223 3097; x_wconf 88' lang='lat' dir='ltr'><strong>et</strong></span> <span class='ocrx_word' id='word_1_428' title='bbox 2247 3058 2347 3113; x_wconf 87' lang='lat' dir='ltr'><strong>per</strong></span> <span class='ocrx_word' id='word_1_429' title='bbox 2369 3060 2650 3115; x_wconf 69' lang='lat' dir='ltr'><strong>praecones</strong></span> <span class='ocrx_word' id='word_1_430' title='bbox 2677 3065 3017 3125; x_wconf 82' lang='lat' dir='ltr'><strong>congregare</strong></span> <span class='ocrx_word' id='word_1_431' title='bbox 3044 3073 3237 3116; x_wconf 87' lang='lat' dir='ltr'><strong>omnes</strong></span> <span class='ocrx_word' id='word_1_432' title='bbox 3274 3035 3328 3117; x_wconf 75' lang='lat' dir='ltr'><strong>in</strong></span> <span class='ocrx_word' id='word_1_433' title='bbox 3356 3080 3512 3120; x_wconf 88' lang='lat' dir='ltr'><strong>mon-</strong></span> 
     </span>
    </p>
   </div>
   <div class='ocr_carea' id='block_1_61' title="bbox 258 3130 1842 3226">
    <p class='ocr_par' dir='ltr' id='par_1_61' title="bbox 258 3133 1839 3210">
     <span class='ocr_line' id='line_1_61' title="bbox 258 3133 1839 3210; baseline 0.004 -23"><span class='ocrx_word' id='word_1_434' title='bbox 258 3135 363 3187; x_wconf 69' lang='grc' dir='ltr'>καὶ</span> <span class='ocrx_word' id='word_1_435' title='bbox 380 3134 470 3187; x_wconf 75' lang='grc' dir='ltr'><strong>διὰ</strong></span> <span class='ocrx_word' id='word_1_436' title='bbox 496 3133 754 3205; x_wconf 79' lang='grc' dir='ltr'>κηρύκων</span> <span class='ocrx_word' id='word_1_437' title='bbox 787 3138 1111 3203; x_wconf 86' lang='grc' dir='ltr'>συναγαγεῖν</span> <span class='ocrx_word' id='word_1_438' title='bbox 1139 3136 1382 3199; x_wconf 77' lang='grc' dir='ltr'>ἅπαντας</span> <span class='ocrx_word' id='word_1_439' title='bbox 1406 3137 1485 3202; x_wconf 87' lang='grc' dir='ltr'><strong>είς</strong></span> <span class='ocrx_word' id='word_1_440' title='bbox 1513 3138 1575 3190; x_wconf 83' lang='grc' dir='ltr'>τὸ</span> <span class='ocrx_word' id='word_1_441' title='bbox 1600 3139 1839 3210; x_wconf 74' lang='grc' dir='ltr'>ἀφιερωο</span> 
     </span>
    </p>
   </div>
   <div class='ocr_carea' id='block_1_62' title="bbox 1948 3130 3510 3226">
    <p class='ocr_par' dir='ltr' id='par_1_62' title="bbox 1948 3130 3510 3226">
     <span class='ocr_line' id='line_1_62' title="bbox 1948 3130 3510 3226; baseline 0.018 -44"><span class='ocrx_word' id='word_1_442' title='bbox 1948 3137 2054 3184; x_wconf 88' lang='lat' dir='ltr'><strong>tem</strong></span> <span class='ocrx_word' id='word_1_443' title='bbox 2091 3130 2201 3188; x_wconf 86' lang='lat' dir='ltr'><strong>Deo</strong></span> <span class='ocrx_word' id='word_1_444' title='bbox 2231 3146 2622 3193; x_wconf 74' lang='lat' dir='ltr'><strong>comecratum</strong></span> <span class='ocrx_word' id='word_1_445' title='bbox 2663 3157 2676 3193; x_wconf 91' lang='lat'><strong>:</strong></span> <span class='ocrx_word' id='word_1_446' title='bbox 2716 3160 2737 3193; x_wconf 85' lang='grc'><em>‹</em></span> <span class='ocrx_word' id='word_1_447' title='bbox 2769 3143 3283 3220; x_wconf 84' lang='lat' dir='ltr'><strong>Quoniam,inquit,</strong></span> <span class='ocrx_word' id='word_1_448' title='bbox 3308 3168 3510 3226; x_wconf 83' lang='lat' dir='ltr'><strong>appro—</strong></span> 
     </span>
    </p>
   </div>
   <div class='ocr_carea' id='block_1_63' title="bbox 263 3223 1841 3298">
    <p class='ocr_par' dir='ltr' id='par_1_63' title="bbox 263 3223 1841 3298">
     <span class='ocr_line' id='line_1_63' title="bbox 263 3223 1841 3298; baseline 0.006 -24"><span class='ocrx_word' id='word_1_449' title='bbox 263 3223 428 3293; x_wconf 81' lang='grc' dir='ltr'>μένον</span> <span class='ocrx_word' id='word_1_450' title='bbox 458 3223 535 3294; x_wconf 84' lang='grc' dir='ltr'><strong>τῷ</strong></span> <span class='ocrx_word' id='word_1_451' title='bbox 563 3223 685 3293; x_wconf 84' lang='grc' dir='ltr'><strong>Θεῷ</strong></span> <span class='ocrx_word' id='word_1_452' title='bbox 736 3224 861 3295; x_wconf 74' lang='grc' dir='ltr'>ὅρος</span> <span class='ocrx_word' id='word_1_453' title='bbox 899 3239 913 3254; x_wconf 89' lang='grc'><strong>·</strong></span> <span class='ocrx_word' id='word_1_454' title='bbox 954 3243 974 3276; x_wconf 74' lang='grc' dir='ltr'><strong>ι</strong></span> <span class='ocrx_word' id='word_1_455' title='bbox 1004 3226 1127 3279; x_wconf 83' lang='grc' dir='ltr'>’Ότι</span> <span class='ocrx_word' id='word_1_456' title='bbox 1166 3226 1408 3292; x_wconf 76' lang='grc' dir='ltr'>πελάζει,</span> <span class='ocrx_word' id='word_1_457' title='bbox 1452 3228 1636 3296; x_wconf 63' lang='grc' dir='ltr'>φησιν,</span> <span class='ocrx_word' id='word_1_458' title='bbox 1665 3230 1694 3281; x_wconf 89' lang='grc' dir='ltr'><strong>ό</strong></span> <span class='ocrx_word' id='word_1_459' title='bbox 1740 3228 1841 3298; x_wconf 79' lang='grc' dir='ltr'>τῆς</span> 
     </span>
    </p>
   </div>
   <div class='ocr_carea' id='block_1_64' title="bbox 258 3314 1839 3388">
    <p class='ocr_par' dir='ltr' id='par_1_64' title="bbox 258 3314 1839 3388">
     <span class='ocr_line' id='line_1_64' title="bbox 258 3314 1839 3388; baseline 0.003 -21"><span class='ocrx_word' id='word_1_460' title='bbox 258 3315 535 3385; x_wconf 79' lang='grc' dir='ltr'>τιμωρίας</span> <span class='ocrx_word' id='word_1_461' title='bbox 572 3315 760 3386; x_wconf 88' lang='grc' dir='ltr'>καιρός</span> <span class='ocrx_word' id='word_1_462' title='bbox 776 3314 845 3366; x_wconf 63' lang='grc'><strong>⁵⁸.</strong></span> <span class='ocrx_word' id='word_1_463' title='bbox 882 3334 900 3365; x_wconf 74' lang='grc' dir='ltr'><strong>ι</strong></span> <span class='ocrx_word' id='word_1_464' title='bbox 937 3316 1030 3369; x_wconf 90' lang='grc' dir='ltr'>Ὃν</span> <span class='ocrx_word' id='word_1_465' title='bbox 1072 3316 1171 3369; x_wconf 82' lang='grc' dir='ltr'><strong>οὐκ</strong></span> <span class='ocrx_word' id='word_1_466' title='bbox 1216 3317 1281 3368; x_wconf 78' lang='grc' dir='ltr'>ἄν</span> <span class='ocrx_word' id='word_1_467' title='bbox 1308 3334 1394 3377; x_wconf 86' lang='grc' dir='ltr'><strong>τις</strong></span> <span class='ocrx_word' id='word_1_468' title='bbox 1433 3318 1690 3388; x_wconf 74' lang='grc' dir='ltr'>ἁμάρτοι,</span> <span class='ocrx_word' id='word_1_469' title='bbox 1713 3321 1839 3387; x_wconf 85' lang='grc' dir='ltr'>γνό-</span> 
     </span>
    </p>
   </div>
   <div class='ocr_carea' id='block_1_65' title="bbox 258 3406 1839 3482">
    <p class='ocr_par' dir='ltr' id='par_1_65' title="bbox 258 3406 1839 3482">
     <span class='ocr_line' id='line_1_65' title="bbox 258 3406 1839 3482; baseline 0.004 -24"><span class='ocrx_word' id='word_1_470' title='bbox 258 3424 388 3477; x_wconf 81' lang='grc' dir='ltr'>φου,</span> <span class='ocrx_word' id='word_1_471' title='bbox 444 3407 536 3460; x_wconf 74' lang='grc' dir='ltr'>καὶ</span> <span class='ocrx_word' id='word_1_472' title='bbox 570 3407 814 3471; x_wconf 81' lang='grc' dir='ltr'>σκότους,</span> <span class='ocrx_word' id='word_1_473' title='bbox 866 3406 1096 3478; x_wconf 86' lang='grc' dir='ltr'>ὁμίχλης</span> <span class='ocrx_word' id='word_1_474' title='bbox 1126 3424 1185 3461; x_wconf 90' lang='grc' dir='ltr'><strong>τε</strong></span> <span class='ocrx_word' id='word_1_475' title='bbox 1213 3408 1306 3461; x_wconf 72' lang='grc' dir='ltr'>καὶ</span> <span class='ocrx_word' id='word_1_476' title='bbox 1346 3408 1573 3479; x_wconf 83' lang='grc' dir='ltr'>θυέλλης</span> <span class='ocrx_word' id='word_1_477' title='bbox 1623 3411 1839 3482; x_wconf 84' lang='grc' dir='ltr'>ἡμέραν</span> 
     </span>
    </p>
   </div>
   <div class='ocr_carea' id='block_1_66' title="bbox 258 3496 1839 3569">
    <p class='ocr_par' dir='ltr' id='par_1_66' title="bbox 258 3496 1839 3569">
     <span class='ocr_line' id='line_1_66' title="bbox 258 3496 1839 3569; baseline 0.002 -20"><span class='ocrx_word' id='word_1_478' title='bbox 258 3496 694 3569; x_wconf 71' lang='grc' dir='ltr'>προσαγορεύων</span> <span class='ocrx_word' id='word_1_479' title='bbox 714 3512 729 3527; x_wconf 76' lang='grc'><strong>⁸</strong></span> <span class='ocrx_word' id='word_1_480' title='bbox 780 3497 1005 3551; x_wconf 86' lang='grc' dir='ltr'>τοιαῦτα</span> <span class='ocrx_word' id='word_1_481' title='bbox 1041 3498 1149 3569; x_wconf 87' lang='grc' dir='ltr'>γὰρ</span> <span class='ocrx_word' id='word_1_482' title='bbox 1191 3498 1258 3550; x_wconf 85' lang='grc' dir='ltr'><strong>τά</strong></span> <span class='ocrx_word' id='word_1_483' title='bbox 1300 3499 1359 3550; x_wconf 79' lang='grc' dir='ltr'>ὲν</span> <span class='ocrx_word' id='word_1_484' title='bbox 1387 3499 1536 3569; x_wconf 84' lang='grc' dir='ltr'><strong>αύτῴ</strong></span> <span class='ocrx_word' id='word_1_485' title='bbox 1565 3502 1730 3564; x_wconf 86' lang='grc' dir='ltr'>κακά,</span> <span class='ocrx_word' id='word_1_486' title='bbox 1763 3501 1839 3563; x_wconf 82' lang='grc' dir='ltr'>ὡς</span> 
     </span>
    </p>
   </div>
   <div class='ocr_carea' id='block_1_67' title="bbox 258 3584 1849 3659">
    <p class='ocr_par' dir='ltr' id='par_1_67' title="bbox 258 3584 1849 3659">
     <span class='ocr_line' id='line_1_67' title="bbox 258 3584 1849 3659; baseline 0.001 -21"><span class='ocrx_word' id='word_1_487' title='bbox 258 3587 473 3659; x_wconf 77' lang='grc' dir='ltr'>μηδένα</span> <span class='ocrx_word' id='word_1_488' title='bbox 504 3585 759 3654; x_wconf 83' lang='grc' dir='ltr'>αἴσθησιν</span> <span class='ocrx_word' id='word_1_489' title='bbox 787 3584 1087 3655; x_wconf 80' lang='grc' dir='ltr'>λαμϐάνειν</span> <span class='ocrx_word' id='word_1_490' title='bbox 1125 3586 1298 3652; x_wconf 79' lang='grc' dir='ltr'>φωτὸς</span> <span class='ocrx_word' id='word_1_491' title='bbox 1314 3584 1381 3648; x_wconf 66' lang='grc'><strong>⁸⁷,</strong></span> <span class='ocrx_word' id='word_1_492' title='bbox 1417 3585 1531 3638; x_wconf 78' lang='grc' dir='ltr'>ἀλλ’</span> <span class='ocrx_word' id='word_1_493' title='bbox 1572 3588 1631 3637; x_wconf 81' lang='grc' dir='ltr'>ἐν</span> <span class='ocrx_word' id='word_1_494' title='bbox 1662 3586 1849 3656; x_wconf 78' lang='grc' dir='ltr'>σκότῳ.</span> 
     </span>
    </p>
   </div>
   <div class='ocr_carea' id='block_1_68' title="bbox 254 3672 1837 3747">
    <p class='ocr_par' dir='ltr' id='par_1_68' title="bbox 254 3672 1837 3747">
     <span class='ocr_line' id='line_1_68' title="bbox 254 3672 1837 3747; baseline -0.003 -14"><span class='ocrx_word' id='word_1_495' title='bbox 254 3680 358 3733; x_wconf 70' lang='grc' dir='ltr'>καὶ</span> <span class='ocrx_word' id='word_1_496' title='bbox 377 3678 560 3747; x_wconf 82' lang='grc' dir='ltr'>γνόφῳ</span> <span class='ocrx_word' id='word_1_497' title='bbox 588 3676 795 3742; x_wconf 79' lang='grc' dir='ltr'>διάγειν</span> <span class='ocrx_word' id='word_1_498' title='bbox 820 3676 1244 3745; x_wconf 78' lang='grc' dir='ltr'>ὑπολαμϐάνειν.</span> <span class='ocrx_word' id='word_1_499' title='bbox 1270 3672 1402 3728; x_wconf 82' lang='grc' dir='ltr'>Εἶτα</span> <span class='ocrx_word' id='word_1_500' title='bbox 1434 3675 1582 3743; x_wconf 84' lang='grc' dir='ltr'>λέγει</span> <span class='ocrx_word' id='word_1_501' title='bbox 1618 3677 1709 3728; x_wconf 76' lang='grc' dir='ltr'><strong>καὶ</strong></span> <span class='ocrx_word' id='word_1_502' title='bbox 1738 3675 1837 3745; x_wconf 85' lang='grc' dir='ltr'>τῆς</span> 
     </span>
    </p>
   </div>
   <div class='ocr_carea' id='block_1_69' title="bbox 252 3761 1836 3837">
    <p class='ocr_par' dir='ltr' id='par_1_69' title="bbox 252 3761 1836 3837">
     <span class='ocr_line' id='line_1_69' title="bbox 252 3761 1836 3837; baseline 0 -16"><span class='ocrx_word' id='word_1_503' title='bbox 252 3767 532 3837; x_wconf 79' lang='grc' dir='ltr'>τιμωρίας</span> <span class='ocrx_word' id='word_1_504' title='bbox 554 3766 616 3819; x_wconf 86' lang='grc' dir='ltr'>τὸ</span> <span class='ocrx_word' id='word_1_505' title='bbox 648 3761 809 3829; x_wconf 70' lang='grc' dir='ltr'>εἶδος.</span> <span class='ocrx_word' id='word_1_506' title='bbox 840 3786 859 3817; x_wconf 71' lang='grc' dir='ltr'><strong>ι</strong></span> <span class='ocrx_word' id='word_1_507' title='bbox 907 3766 994 3828; x_wconf 85' lang='grc' dir='ltr'>Ὠς</span> <span class='ocrx_word' id='word_1_508' title='bbox 1028 3765 1222 3836; x_wconf 75' lang='grc' dir='ltr'>ὄρθρος</span> <span class='ocrx_word' id='word_1_509' title='bbox 1254 3765 1297 3797; x_wconf 64' lang='grc'><strong>⁸⁸</strong></span> <span class='ocrx_word' id='word_1_510' title='bbox 1324 3766 1616 3836; x_wconf 84' lang='grc' dir='ltr'>χυθήσεται</span> <span class='ocrx_word' id='word_1_511' title='bbox 1650 3768 1741 3818; x_wconf 68' lang='grc' dir='ltr'><strong>ἐπὶ</strong></span> <span class='ocrx_word' id='word_1_512' title='bbox 1769 3767 1836 3821; x_wconf 75' lang='grc' dir='ltr'>τὰ</span> 
     </span>
    </p>
   </div>
   <div class='ocr_carea' id='block_1_70' title="bbox 252 3856 1836 3928">
    <p class='ocr_par' dir='ltr' id='par_1_70' title="bbox 252 3856 1836 3928">
     <span class='ocr_line' id='line_1_70' title="bbox 252 3856 1836 3928; baseline -0.004 -14"><span class='ocrx_word' id='word_1_513' title='bbox 252 3860 365 3928; x_wconf 77' lang='grc' dir='ltr'>ὅρη</span> <span class='ocrx_word' id='word_1_514' title='bbox 398 3858 524 3921; x_wconf 73' lang='grc' dir='ltr'>λαὸς</span> <span class='ocrx_word' id='word_1_515' title='bbox 546 3857 715 3919; x_wconf 76' lang='grc' dir='ltr'>πολὺς</span> <span class='ocrx_word' id='word_1_516' title='bbox 737 3857 830 3908; x_wconf 68' lang='grc' dir='ltr'><strong>κα)⁵</strong></span> <span class='ocrx_word' id='word_1_517' title='bbox 867 3857 1084 3927; x_wconf 65' lang='grc' dir='ltr'>ἰσχυρός</span> <span class='ocrx_word' id='word_1_518' title='bbox 1110 3873 1122 3884; x_wconf 89' lang='grc'>·</span> <span class='ocrx_word' id='word_1_519' title='bbox 1154 3856 1338 3924; x_wconf 84' lang='grc' dir='ltr'>ὅμοιος</span> <span class='ocrx_word' id='word_1_520' title='bbox 1382 3856 1545 3911; x_wconf 80' lang='grc' dir='ltr'>αὑτοῦ</span> <span class='ocrx_word' id='word_1_521' title='bbox 1575 3858 1633 3909; x_wconf 81' lang='grc' dir='ltr'><strong>οὐ</strong></span> <span class='ocrx_word' id='word_1_522' title='bbox 1676 3858 1836 3926; x_wconf 80' lang='grc' dir='ltr'>γέγο·</span> 
     </span>
    </p>
   </div>
   <div class='ocr_carea' id='block_1_71' title="bbox 249 3947 1835 4020">
    <p class='ocr_par' dir='ltr' id='par_1_71' title="bbox 249 3947 1835 4020">
     <span class='ocr_line' id='line_1_71' title="bbox 249 3947 1835 4020; baseline 0.001 -19"><span class='ocrx_word' id='word_1_523' title='bbox 249 3967 350 4002; x_wconf 82' lang='grc' dir='ltr'>νεν</span> <span class='ocrx_word' id='word_1_524' title='bbox 383 3948 491 4002; x_wconf 78' lang='grc' dir='ltr'>ἀπὸ</span> <span class='ocrx_word' id='word_1_525' title='bbox 520 3948 610 4001; x_wconf 87' lang='grc' dir='ltr'><strong>τοῦ</strong></span> <span class='ocrx_word' id='word_1_526' title='bbox 642 3947 858 4011; x_wconf 77' lang='grc' dir='ltr'>αἰῶνος,</span> <span class='ocrx_word' id='word_1_527' title='bbox 897 3949 990 4000; x_wconf 77' lang='grc' dir='ltr'>καὶ</span> <span class='ocrx_word' id='word_1_528' title='bbox 1041 3950 1157 4016; x_wconf 82' lang='grc' dir='ltr'>μετ’</span> <span class='ocrx_word' id='word_1_529' title='bbox 1179 3947 1339 4000; x_wconf 82' lang='grc' dir='ltr'>αὐτὸν</span> <span class='ocrx_word' id='word_1_530' title='bbox 1380 3949 1439 3999; x_wconf 84' lang='grc' dir='ltr'><strong>ού</strong></span> <span class='ocrx_word' id='word_1_531' title='bbox 1472 3948 1835 4020; x_wconf 83' lang='grc' dir='ltr'>προστεθήσε-</span> 
     </span>
    </p>
   </div>
   <div class='ocr_carea' id='block_1_72' title="bbox 254 4036 1832 4105">
    <p class='ocr_par' dir='ltr' id='par_1_72' title="bbox 254 4036 1832 4105">
     <span class='ocr_line' id='line_1_72' title="bbox 254 4036 1832 4105; baseline 0.003 -15"><span class='ocrx_word' id='word_1_532' title='bbox 254 4054 374 4101; x_wconf 79' lang='grc' dir='ltr'>ται,</span> <span class='ocrx_word' id='word_1_533' title='bbox 402 4036 507 4101; x_wconf 76' lang='grc' dir='ltr'>ἕως</span> <span class='ocrx_word' id='word_1_534' title='bbox 539 4036 674 4090; x_wconf 81' lang='grc' dir='ltr'>ἐτῶν</span> <span class='ocrx_word' id='word_1_535' title='bbox 698 4039 776 4100; x_wconf 79' lang='grc' dir='ltr'><strong>είς</strong></span> <span class='ocrx_word' id='word_1_536' title='bbox 797 4037 988 4105; x_wconf 78' lang='grc' dir='ltr'>γενεὰς</span> <span class='ocrx_word' id='word_1_537' title='bbox 1018 4037 1127 4089; x_wconf 85' lang='grc' dir='ltr'><strong>τῶν</strong></span> <span class='ocrx_word' id='word_1_538' title='bbox 1150 4037 1190 4068; x_wconf 64' lang='grc'><strong>⁵⁹</strong></span> <span class='ocrx_word' id='word_1_539' title='bbox 1223 4036 1444 4104; x_wconf 84' lang='grc' dir='ltr'>γενεῶν.</span> <span class='ocrx_word' id='word_1_540' title='bbox 1484 4058 1502 4088; x_wconf 72' lang='grc' dir='ltr'><strong>ι</strong></span> <span class='ocrx_word' id='word_1_541' title='bbox 1532 4040 1832 4094; x_wconf 75' lang='grc' dir='ltr'>Δίνίττεται</span> 
     </span>
    </p>
   </div>
   <div class='ocr_carea' id='block_1_73' title="bbox 253 4123 1833 4199">
    <p class='ocr_par' dir='ltr' id='par_1_73' title="bbox 253 4123 1833 4199">
     <span class='ocr_line' id='line_1_73' title="bbox 253 4123 1833 4199; baseline 0.001 -16"><span class='ocrx_word' id='word_1_542' title='bbox 253 4129 323 4184; x_wconf 72' lang='grc' dir='ltr'>δὲ.</span> <span class='ocrx_word' id='word_1_543' title='bbox 348 4123 436 4182; x_wconf 81' lang='grc' dir='ltr'>δίἀ</span> <span class='ocrx_word' id='word_1_544' title='bbox 468 4129 671 4182; x_wconf 86' lang='grc' dir='ltr'>τούτων</span> <span class='ocrx_word' id='word_1_545' title='bbox 722 4130 1028 4198; x_wconf 81' lang='grc' dir='ltr'>ἀμφότερα,</span> <span class='ocrx_word' id='word_1_546' title='bbox 1083 4131 1175 4181; x_wconf 77' lang='grc' dir='ltr'>καὶ</span> <span class='ocrx_word' id='word_1_547' title='bbox 1209 4130 1305 4199; x_wconf 74' lang='grc' dir='ltr'>τὴν</span> <span class='ocrx_word' id='word_1_548' title='bbox 1341 4130 1569 4198; x_wconf 79' lang='grc' dir='ltr'>ἀκρίδα,</span> <span class='ocrx_word' id='word_1_549' title='bbox 1605 4133 1697 4183; x_wconf 78' lang='grc' dir='ltr'>καὶ</span> <span class='ocrx_word' id='word_1_550' title='bbox 1724 4132 1833 4186; x_wconf 81' lang='grc' dir='ltr'><strong>τῶν</strong></span> 
     </span>
    </p>
   </div>
   <div class='ocr_carea' id='block_1_74' title="bbox 257 4219 1835 4295">
    <p class='ocr_par' dir='ltr' id='par_1_74' title="bbox 257 4219 1835 4295">
     <span class='ocr_line' id='line_1_74' title="bbox 257 4219 1835 4295; baseline 0.002 -22"><span class='ocrx_word' id='word_1_551' title='bbox 257 4219 539 4291; x_wconf 84' lang='grc' dir='ltr'>πολεμίων</span> <span class='ocrx_word' id='word_1_552' title='bbox 560 4221 620 4273; x_wconf 81' lang='grc' dir='ltr'>τὺ</span> <span class='ocrx_word' id='word_1_553' title='bbox 655 4222 833 4289; x_wconf 82' lang='grc' dir='ltr'>νέφος.</span> <span class='ocrx_word' id='word_1_554' title='bbox 866 4221 978 4274; x_wconf 73' lang='grc' dir='ltr'><strong>Καὶ</strong></span> <span class='ocrx_word' id='word_1_555' title='bbox 1016 4222 1155 4292; x_wconf 82' lang='grc' dir='ltr'>αὐτὴ</span> <span class='ocrx_word' id='word_1_556' title='bbox 1183 4223 1291 4291; x_wconf 87' lang='grc' dir='ltr'>γὰρ</span> <span class='ocrx_word' id='word_1_557' title='bbox 1321 4225 1561 4275; x_wconf 76' lang='grc' dir='ltr'>κάκεῖνοι</span> <span class='ocrx_word' id='word_1_558' title='bbox 1592 4225 1669 4294; x_wconf 79' lang='grc' dir='ltr'>τῷ</span> <span class='ocrx_word' id='word_1_559' title='bbox 1701 4225 1835 4295; x_wconf 82' lang='grc' dir='ltr'>πλὴ-</span> 
     </span>
    </p>
   </div>
   <div class='ocr_carea' id='block_1_75' title="bbox 249 4312 1832 4383">
    <p class='ocr_par' dir='ltr' id='par_1_75' title="bbox 249 4312 1832 4383">
     <span class='ocr_line' id='line_1_75' title="bbox 249 4312 1832 4383; baseline -0.001 -17"><span class='ocrx_word' id='word_1_560' title='bbox 249 4315 342 4367; x_wconf 87' lang='grc' dir='ltr'><strong>θει</strong></span> <span class='ocrx_word' id='word_1_561' title='bbox 373 4314 465 4366; x_wconf 81' lang='grc' dir='ltr'>καὶ</span> <span class='ocrx_word' id='word_1_562' title='bbox 501 4313 571 4367; x_wconf 87' lang='grc' dir='ltr'><strong>τά</strong></span> <span class='ocrx_word' id='word_1_563' title='bbox 594 4313 771 4378; x_wconf 83' lang='grc' dir='ltr'>πεδία,</span> <span class='ocrx_word' id='word_1_564' title='bbox 796 4312 889 4365; x_wconf 76' lang='grc' dir='ltr'>καὶ</span> <span class='ocrx_word' id='word_1_565' title='bbox 915 4312 1014 4375; x_wconf 83' lang='grc' dir='ltr'><strong>τάς</strong></span> <span class='ocrx_word' id='word_1_566' title='bbox 1047 4312 1159 4366; x_wconf 84' lang='grc' dir='ltr'><strong>τῶν</strong></span> <span class='ocrx_word' id='word_1_567' title='bbox 1182 4313 1324 4383; x_wconf 86' lang='grc' dir='ltr'>ὀρῶν</span> <span class='ocrx_word' id='word_1_568' title='bbox 1354 4313 1635 4382; x_wconf 71' lang='grc' dir='ltr'>ἐκάλυψαν</span> <span class='ocrx_word' id='word_1_569' title='bbox 1670 4332 1832 4383; x_wconf 85' lang='grc' dir='ltr'>κορυ-</span> 
     </span>
    </p>
   </div>
   <div class='ocr_carea' id='block_1_76' title="bbox 248 4400 1829 4476">
    <p class='ocr_par' dir='ltr' id='par_1_76' title="bbox 248 4400 1829 4476">
     <span class='ocr_line' id='line_1_76' title="bbox 248 4400 1829 4476; baseline 0 -19"><span class='ocrx_word' id='word_1_570' title='bbox 248 4406 384 4473; x_wconf 77' lang='grc' dir='ltr'>φάς.</span> <span class='ocrx_word' id='word_1_571' title='bbox 415 4405 486 4457; x_wconf 82' lang='grc' dir='ltr'>Τὸ</span> <span class='ocrx_word' id='word_1_572' title='bbox 529 4405 629 4473; x_wconf 82' lang='grc' dir='ltr'>μὲν</span> <span class='ocrx_word' id='word_1_573' title='bbox 674 4400 768 4457; x_wconf 75' lang='grc' dir='ltr'><strong>οὖν</strong></span> <span class='ocrx_word' id='word_1_574' title='bbox 799 4405 874 4474; x_wconf 81' lang='grc' dir='ltr'>μὴ</span> <span class='ocrx_word' id='word_1_575' title='bbox 928 4404 1258 4473; x_wconf 79' lang='grc' dir='ltr'>γεγενῆσθαι</span> <span class='ocrx_word' id='word_1_576' title='bbox 1308 4405 1427 4459; x_wconf 79' lang='grc' dir='ltr'>κατ’</span> <span class='ocrx_word' id='word_1_577' title='bbox 1474 4405 1689 4475; x_wconf 73' lang='grc' dir='ltr'>ἐκείνην</span> <span class='ocrx_word' id='word_1_578' title='bbox 1732 4406 1829 4476; x_wconf 80' lang='grc' dir='ltr'>τὴν</span> 
     </span>
    </p>
   </div>
   <div class='ocr_carea' id='block_1_77' title="bbox 246 4473 1903 4567">
    <p class='ocr_par' dir='ltr' id='par_1_77' title="bbox 246 4473 1903 4567">
     <span class='ocr_line' id='line_1_77' title="bbox 246 4473 1903 4567; baseline -0.004 -15"><span class='ocrx_word' id='word_1_579' title='bbox 246 4497 442 4564; x_wconf 78' lang='grc' dir='ltr'>ἔφοδον</span> <span class='ocrx_word' id='word_1_580' title='bbox 491 4496 685 4566; x_wconf 82' lang='grc' dir='ltr'>ἑτέραν</span> <span class='ocrx_word' id='word_1_581' title='bbox 719 4534 734 4557; x_wconf 95' lang='grc'><strong>,</strong></span> <span class='ocrx_word' id='word_1_582' title='bbox 790 4496 1062 4565; x_wconf 83' lang='grc' dir='ltr'>ἀορίστως</span> <span class='ocrx_word' id='word_1_583' title='bbox 1119 4489 1435 4567; x_wconf 76' lang='grc' dir='ltr'>ἀπεφήνατο</span> <span class='ocrx_word' id='word_1_584' title='bbox 1479 4514 1492 4527; x_wconf 79' lang='grc' dir='ltr'><strong><em>ο</em></strong></span> <span class='ocrx_word' id='word_1_585' title='bbox 1525 4495 1584 4548; x_wconf 79' lang='grc' dir='ltr'>τὸ</span> <span class='ocrx_word' id='word_1_586' title='bbox 1644 4495 1701 4547; x_wconf 76' lang='grc' dir='ltr'>δὲ</span> <span class='ocrx_word' id='word_1_587' title='bbox 1752 4496 1826 4565; x_wconf 83' lang='grc' dir='ltr'>μὴ</span> <span class='ocrx_word' id='word_1_588' title='bbox 1863 4473 1903 4527; x_wconf 82' lang='lat' dir='ltr'><strong>D</strong></span> 
     </span>
    </p>
   </div>
   <div class='ocr_carea' id='block_1_78' title="bbox 245 4586 1827 4657">
    <p class='ocr_par' dir='ltr' id='par_1_78' title="bbox 245 4586 1827 4657">
     <span class='ocr_line' id='line_1_78' title="bbox 245 4586 1827 4657; baseline -0.001 -15"><span class='ocrx_word' id='word_1_589' title='bbox 245 4587 506 4657; x_wconf 75' lang='grc' dir='ltr'>ἕπεσθαι,</span> <span class='ocrx_word' id='word_1_590' title='bbox 541 4586 678 4657; x_wconf 85' lang='grc' dir='ltr'><strong>μετά</strong></span> <span class='ocrx_word' id='word_1_591' title='bbox 697 4586 979 4657; x_wconf 83' lang='grc' dir='ltr'>διορισμοῦ</span> <span class='ocrx_word' id='word_1_592' title='bbox 1011 4605 1154 4651; x_wconf 90' lang='grc' dir='ltr'>τινος</span> <span class='ocrx_word' id='word_1_593' title='bbox 1180 4604 1193 4617; x_wconf 95' lang='grc'><strong>·</strong></span> <span class='ocrx_word' id='word_1_594' title='bbox 1226 4605 1246 4638; x_wconf 76' lang='grc' dir='ltr'><strong>ι</strong></span> <span class='ocrx_word' id='word_1_595' title='bbox 1296 4588 1371 4639; x_wconf 75' lang='grc' dir='ltr'><strong>Οὐ</strong></span> <span class='ocrx_word' id='word_1_596' title='bbox 1399 4586 1827 4657; x_wconf 75' lang='grc' dir='ltr'>προστεθήσεται</span> 
     </span>
    </p>
   </div>
   <div class='ocr_carea' id='block_1_79' title="bbox 244 4655 1824 4750">
    <p class='ocr_par' dir='ltr' id='par_1_79' title="bbox 244 4655 1824 4750">
     <span class='ocr_line' id='line_1_79' title="bbox 244 4655 1824 4750; baseline -0.001 -18"><span class='ocrx_word' id='word_1_597' title='bbox 244 4677 386 4750; x_wconf 78' lang='grc' dir='ltr'>γὰρ,</span> <span class='ocrx_word' id='word_1_598' title='bbox 418 4655 603 4749; x_wconf 64' lang='grc' dir='ltr'>φησίν,</span> <span class='ocrx_word' id='word_1_599' title='bbox 630 4677 735 4739; x_wconf 73' lang='grc' dir='ltr'>ἕως</span> <span class='ocrx_word' id='word_1_600' title='bbox 760 4655 918 4730; x_wconf 77' lang='grc' dir='ltr'>ἐτῶν.</span> <span class='ocrx_word' id='word_1_601' title='bbox 951 4696 971 4729; x_wconf 82' lang='grc'><em>›</em></span> <span class='ocrx_word' id='word_1_602' title='bbox 1005 4678 1258 4732; x_wconf 81' lang='grc' dir='ltr'>Διδάσκει</span> <span class='ocrx_word' id='word_1_603' title='bbox 1287 4677 1343 4731; x_wconf 80' lang='grc' dir='ltr'>δὲ</span> <span class='ocrx_word' id='word_1_604' title='bbox 1382 4655 1456 4742; x_wconf 80' lang='grc' dir='ltr'>ὡς</span> <span class='ocrx_word' id='word_1_605' title='bbox 1488 4679 1624 4748; x_wconf 74' lang='grc' dir='ltr'>πυρὶ</span> <span class='ocrx_word' id='word_1_606' title='bbox 1644 4655 1824 4750; x_wconf 85' lang='grc' dir='ltr'>παρα-</span> 
     </span>
    </p>
   </div>
   <div class='ocr_carea' id='block_1_80' title="bbox 242 4768 1828 4841">
    <p class='ocr_par' dir='ltr' id='par_1_80' title="bbox 242 4768 1828 4841">
     <span class='ocr_line' id='line_1_80' title="bbox 242 4768 1828 4841; baseline -0.001 -17"><span class='ocrx_word' id='word_1_607' title='bbox 242 4769 497 4841; x_wconf 74' lang='grc' dir='ltr'>πλησίως</span> <span class='ocrx_word' id='word_1_608' title='bbox 526 4768 899 4834; x_wconf 82' lang='grc' dir='ltr'>ἐπελεύσεται,</span> <span class='ocrx_word' id='word_1_609' title='bbox 937 4770 1028 4822; x_wconf 76' lang='grc' dir='ltr'><strong>καὶ</strong></span> <span class='ocrx_word' id='word_1_610' title='bbox 1074 4769 1254 4822; x_wconf 85' lang='grc' dir='ltr'>πάντα</span> <span class='ocrx_word' id='word_1_611' title='bbox 1291 4769 1587 4841; x_wconf 84' lang='grc' dir='ltr'>διαφθερεῖ.</span> <span class='ocrx_word' id='word_1_612' title='bbox 1620 4770 1828 4823; x_wconf 86' lang='grc' dir='ltr'>Τοσαύ-</span> 
     </span>
    </p>
   </div>
   <div class='ocr_carea' id='block_1_81' title="bbox 240 4856 1825 4930">
    <p class='ocr_par' dir='ltr' id='par_1_81' title="bbox 240 4856 1825 4930">
     <span class='ocr_line' id='line_1_81' title="bbox 240 4856 1825 4930; baseline 0.001 -19"><span class='ocrx_word' id='word_1_613' title='bbox 240 4874 351 4928; x_wconf 84' lang='grc' dir='ltr'><strong>την</strong></span> <span class='ocrx_word' id='word_1_614' title='bbox 378 4857 453 4921; x_wconf 81' lang='grc' dir='ltr'>δὲ,</span> <span class='ocrx_word' id='word_1_615' title='bbox 485 4857 669 4928; x_wconf 77' lang='grc' dir='ltr'>φησὶν,</span> <span class='ocrx_word' id='word_1_616' title='bbox 703 4857 892 4922; x_wconf 76' lang='grc' dir='ltr'>ἐπάξει</span> <span class='ocrx_word' id='word_1_617' title='bbox 932 4856 1111 4927; x_wconf 84' lang='grc' dir='ltr'>λώϐην</span> <span class='ocrx_word' id='word_1_618' title='bbox 1144 4861 1209 4928; x_wconf 82' lang='grc' dir='ltr'><strong>τῇ</strong></span> <span class='ocrx_word' id='word_1_619' title='bbox 1249 4861 1341 4929; x_wconf 74' lang='grc' dir='ltr'>γῇ,</span> <span class='ocrx_word' id='word_1_620' title='bbox 1376 4858 1452 4922; x_wconf 83' lang='grc' dir='ltr'>ὡς</span> <span class='ocrx_word' id='word_1_621' title='bbox 1486 4859 1578 4912; x_wconf 84' lang='grc' dir='ltr'>τὸν</span> <span class='ocrx_word' id='word_1_622' title='bbox 1613 4857 1825 4930; x_wconf 83' lang='grc' dir='ltr'>θεώμε-</span> 
     </span>
    </p>
   </div>
   <div class='ocr_carea' id='block_1_82' title="bbox 241 4946 1820 5019">
    <p class='ocr_par' dir='ltr' id='par_1_82' title="bbox 241 4946 1820 5019">
     <span class='ocr_line' id='line_1_82' title="bbox 241 4946 1820 5019; baseline 0 -16"><span class='ocrx_word' id='word_1_623' title='bbox 241 4965 340 5003; x_wconf 91' lang='grc' dir='ltr'><strong>νον</strong></span> <span class='ocrx_word' id='word_1_624' title='bbox 388 4946 713 5010; x_wconf 77' lang='grc' dir='ltr'>ἀπεικάζειν</span> <span class='ocrx_word' id='word_1_625' title='bbox 750 4948 818 5000; x_wconf 76' lang='grc' dir='ltr'><strong>τά</strong></span> <span class='ocrx_word' id='word_1_626' title='bbox 863 4947 959 5018; x_wconf 87' lang='grc' dir='ltr'>μὲν</span> <span class='ocrx_word' id='word_1_627' title='bbox 1010 4948 1234 5019; x_wconf 82' lang='grc' dir='ltr'>μηδέπω</span> <span class='ocrx_word' id='word_1_628' title='bbox 1267 4950 1461 5019; x_wconf 86' lang='grc' dir='ltr'>πεῖραν</span> <span class='ocrx_word' id='word_1_629' title='bbox 1502 4948 1607 5002; x_wconf 87' lang='grc' dir='ltr'><strong>τῶν</strong></span> <span class='ocrx_word' id='word_1_630' title='bbox 1636 4949 1820 5003; x_wconf 82' lang='grc' dir='ltr'>κακῶν</span> 
     </span>
    </p>
   </div>
   <div class='ocr_carea' id='block_1_83' title="bbox 240 5039 1818 5112">
    <p class='ocr_par' dir='ltr' id='par_1_83' title="bbox 240 5039 1818 5112">
     <span class='ocr_line' id='line_1_83' title="bbox 240 5039 1818 5112; baseline 0.001 -19"><span class='ocrx_word' id='word_1_631' title='bbox 240 5039 508 5110; x_wconf 76' lang='grc' dir='ltr'>εἰληφότα</span> <span class='ocrx_word' id='word_1_632' title='bbox 552 5040 632 5111; x_wconf 84' lang='grc' dir='ltr'>τῷ</span> <span class='ocrx_word' id='word_1_633' title='bbox 676 5041 776 5110; x_wconf 84' lang='grc' dir='ltr'>τῆς</span> <span class='ocrx_word' id='word_1_634' title='bbox 828 5041 1039 5110; x_wconf 82' lang='grc' dir='ltr'>τρυφῆς</span> <span class='ocrx_word' id='word_1_635' title='bbox 1097 5041 1408 5112; x_wconf 81' lang='grc' dir='ltr'>παραδείσῳ</span> <span class='ocrx_word' id='word_1_636' title='bbox 1436 5058 1450 5073; x_wconf 82' lang='grc' dir='ltr'><strong><em>ο</em></strong></span> <span class='ocrx_word' id='word_1_637' title='bbox 1488 5040 1555 5094; x_wconf 82' lang='grc' dir='ltr'><strong>τὰ</strong></span> <span class='ocrx_word' id='word_1_638' title='bbox 1583 5042 1638 5095; x_wconf 83' lang='grc' dir='ltr'>δὲ</span> <span class='ocrx_word' id='word_1_639' title='bbox 1679 5042 1818 5111; x_wconf 85' lang='grc' dir='ltr'><strong>μετά</strong></span> 
     </span>
    </p>
   </div>
   <div class='ocr_carea' id='block_1_84' title="bbox 236 5131 1821 5206">
    <p class='ocr_par' dir='ltr' id='par_1_84' title="bbox 236 5131 1821 5206">
     <span class='ocr_line' id='line_1_84' title="bbox 236 5131 1821 5206; baseline 0.001 -21"><span class='ocrx_word' id='word_1_640' title='bbox 236 5131 346 5203; x_wconf 81' lang='grc' dir='ltr'>τὴν</span> <span class='ocrx_word' id='word_1_641' title='bbox 400 5131 589 5203; x_wconf 66' lang='grc' dir='ltr'>ἔφοδον</span> <span class='ocrx_word' id='word_1_642' title='bbox 614 5172 629 5199; x_wconf 90' lang='grc'><strong>,</strong></span> <span class='ocrx_word' id='word_1_643' title='bbox 662 5132 982 5206; x_wconf 77' lang='grc' dir='ltr'>δεδῃωμένῳ</span> <span class='ocrx_word' id='word_1_644' title='bbox 1042 5133 1231 5202; x_wconf 85' lang='grc' dir='ltr'>πεδίῳ,</span> <span class='ocrx_word' id='word_1_645' title='bbox 1281 5134 1373 5186; x_wconf 70' lang='grc' dir='ltr'>καὶ</span> <span class='ocrx_word' id='word_1_646' title='bbox 1424 5132 1698 5197; x_wconf 84' lang='grc' dir='ltr'>παντελῶς</span> <span class='ocrx_word' id='word_1_647' title='bbox 1749 5133 1821 5188; x_wconf 88' lang='grc' dir='ltr'>δι-</span> 
     </span>
    </p>
   </div>
   <div class='ocr_carea' id='block_1_85' title="bbox 236 5224 1818 5297">
    <p class='ocr_par' dir='ltr' id='par_1_85' title="bbox 236 5224 1818 5297">
     <span class='ocr_line' id='line_1_85' title="bbox 236 5224 1818 5297; baseline 0.001 -20"><span class='ocrx_word' id='word_1_648' title='bbox 236 5224 600 5295; x_wconf 81' lang='grc' dir='ltr'>εφθαρμένῳ.</span> <span class='ocrx_word' id='word_1_649' title='bbox 658 5224 894 5297; x_wconf 84' lang='grc' dir='ltr'>Τοιαύτῃ</span> <span class='ocrx_word' id='word_1_650' title='bbox 959 5224 1066 5295; x_wconf 81' lang='grc' dir='ltr'><strong>γὰρ</strong></span> <span class='ocrx_word' id='word_1_651' title='bbox 1123 5224 1463 5295; x_wconf 75' lang='grc' dir='ltr'>πανωλεθρίᾳ</span> <span class='ocrx_word' id='word_1_652' title='bbox 1516 5224 1818 5296; x_wconf 72' lang='grc' dir='ltr'>παραδοθήο</span> 
     </span>
    </p>
   </div>
   <div class='ocr_carea' id='block_1_86' title="bbox 323 5378 652 5449">
    <p class='ocr_par' dir='ltr' id='par_1_86' title="bbox 323 5378 652 5449">
     <span class='ocr_line' id='line_1_86' title="bbox 323 5378 652 5449; baseline 0.003 -15"><span class='ocrx_word' id='word_1_653' title='bbox 323 5380 343 5423; x_wconf 83' lang='grc' dir='ltr'><strong><em>ι</em></strong></span> <span class='ocrx_word' id='word_1_654' title='bbox 376 5378 492 5438; x_wconf 75' lang='lat' dir='ltr'><strong>Joel</strong></span> <span class='ocrx_word' id='word_1_655' title='bbox 518 5397 576 5449; x_wconf 86' lang='grc' dir='ltr'><strong>ιι,</strong></span> <span class='ocrx_word' id='word_1_656' title='bbox 599 5381 652 5436; x_wconf 80' lang='lat'><strong>3.</strong></span> 
     </span>
    </p>
   </div>
   <div class='ocr_carea' id='block_1_87' title="bbox 1942 3222 3510 3317">
    <p class='ocr_par' dir='ltr' id='par_1_87' title="bbox 1942 3222 3510 3317">
     <span class='ocr_line' id='line_1_87' title="bbox 1942 3222 3510 3317; baseline 0.019 -43"><span class='ocrx_word' id='word_1_657' title='bbox 1942 3222 2171 3293; x_wconf 88' lang='lat' dir='ltr'><strong>pinquat</strong></span> <span class='ocrx_word' id='word_1_658' title='bbox 2228 3234 2443 3296; x_wconf 87' lang='lat' dir='ltr'><strong>tempus</strong></span> <span class='ocrx_word' id='word_1_659' title='bbox 2491 3232 2740 3288; x_wconf 84' lang='lat' dir='ltr'><strong>ultionis.</strong></span> <span class='ocrx_word' id='word_1_660' title='bbox 2773 3251 2792 3286; x_wconf 75' lang='grc' dir='ltr'><strong>ι</strong></span> <span class='ocrx_word' id='word_1_661' title='bbox 2823 3233 2980 3303; x_wconf 82' lang='lat' dir='ltr'><strong>Quod</strong></span> <span class='ocrx_word' id='word_1_662' title='bbox 3020 3246 3236 3311; x_wconf 89' lang='lat' dir='ltr'><strong>tempus</strong></span> <span class='ocrx_word' id='word_1_663' title='bbox 3286 3222 3510 3317; x_wconf 45' lang='lat' dir='ltr'><strong>sti—quis</strong></span> 
     </span>
    </p>
   </div>
   <div class='ocr_carea' id='block_1_88' title="bbox 1942 3316 3510 3409">
    <p class='ocr_par' dir='ltr' id='par_1_88' title="bbox 1942 3316 3510 3409">
     <span class='ocr_line' id='line_1_88' title="bbox 1942 3316 3510 3409; baseline 0.018 -43"><span class='ocrx_word' id='word_1_664' title='bbox 1942 3327 2142 3368; x_wconf 84' lang='lat' dir='ltr'><strong>vocare</strong></span> <span class='ocrx_word' id='word_1_665' title='bbox 2173 3316 2305 3370; x_wconf 90' lang='lat' dir='ltr'><strong>velit</strong></span> <span class='ocrx_word' id='word_1_666' title='bbox 2327 3318 2475 3373; x_wconf 90' lang='lat' dir='ltr'><strong>diem</strong></span> <span class='ocrx_word' id='word_1_667' title='bbox 2501 3321 2780 3393; x_wconf 79' lang='lat' dir='ltr'><strong>caliginis,</strong></span> <span class='ocrx_word' id='word_1_668' title='bbox 2807 3328 3183 3397; x_wconf 85' lang='lat' dir='ltr'><strong>tenebrarum,</strong></span> <span class='ocrx_word' id='word_1_669' title='bbox 3213 3316 3428 3409; x_wconf 76' lang='lat'><strong>1389</strong></span> <span class='ocrx_word' id='word_1_670' title='bbox 3455 3350 3510 3395; x_wconf 85' lang='lat' dir='ltr'><strong>et</strong></span> 
     </span>
    </p>
   </div>
   <div class='ocr_carea' id='block_1_89' title="bbox 1940 3404 3510 3485">
    <p class='ocr_par' dir='ltr' id='par_1_89' title="bbox 1940 3404 3510 3485">
     <span class='ocr_line' id='line_1_89' title="bbox 1940 3404 3510 3485; baseline 0.018 -28"><span class='ocrx_word' id='word_1_671' title='bbox 1940 3404 2152 3460; x_wconf 73' lang='lat' dir='ltr'><strong>nebulae</strong></span> <span class='ocrx_word' id='word_1_672' title='bbox 2184 3422 2248 3461; x_wconf 87' lang='lat' dir='ltr'><strong>ac</strong></span> <span class='ocrx_word' id='word_1_673' title='bbox 2286 3411 2546 3477; x_wconf 74' lang='lat' dir='ltr'><strong>turbinis,</strong></span> <span class='ocrx_word' id='word_1_674' title='bbox 2581 3428 2693 3469; x_wconf 89' lang='lat' dir='ltr'><strong>non</strong></span> <span class='ocrx_word' id='word_1_675' title='bbox 2721 3417 2931 3472; x_wconf 89' lang='lat' dir='ltr'><strong>e&#39;rrabit</strong></span> <span class='ocrx_word' id='word_1_676' title='bbox 2960 3436 2975 3473; x_wconf 89' lang='lat'><strong>:</strong></span> <span class='ocrx_word' id='word_1_677' title='bbox 3008 3437 3133 3479; x_wconf 86' lang='lat' dir='ltr'><strong>nam</strong></span> <span class='ocrx_word' id='word_1_678' title='bbox 3175 3404 3414 3485; x_wconf 53' lang='lat' dir='ltr'><strong>tanta—in</strong></span> <span class='ocrx_word' id='word_1_679' title='bbox 3442 3447 3510 3485; x_wconf 86' lang='lat' dir='ltr'><strong>eo</strong></span> 
     </span>
    </p>
   </div>
   <div class='ocr_carea' id='block_1_90' title="bbox 1938 3499 3507 3589">
    <p class='ocr_par' dir='ltr' id='par_1_90' title="bbox 1938 3499 3507 3589">
     <span class='ocr_line' id='line_1_90' title="bbox 1938 3499 3507 3589; baseline 0.017 -38"><span class='ocrx_word' id='word_1_680' title='bbox 1938 3505 2103 3551; x_wconf 84' lang='lat' dir='ltr'><strong>erunt</strong></span> <span class='ocrx_word' id='word_1_681' title='bbox 2132 3499 2293 3562; x_wconf 82' lang='lat' dir='ltr'><strong>mala,</strong></span> <span class='ocrx_word' id='word_1_682' title='bbox 2325 3508 2382 3554; x_wconf 88' lang='lat' dir='ltr'><strong>ut</strong></span> <span class='ocrx_word' id='word_1_683' title='bbox 2426 3517 2587 3559; x_wconf 89' lang='lat' dir='ltr'><strong>nemo</strong></span> <span class='ocrx_word' id='word_1_684' title='bbox 2622 3506 2764 3562; x_wconf 88' lang='lat' dir='ltr'><strong>lucis</strong></span> <span class='ocrx_word' id='word_1_685' title='bbox 2795 3523 3022 3567; x_wconf 84' lang='lat' dir='ltr'><strong>sensum</strong></span> <span class='ocrx_word' id='word_1_686' title='bbox 3076 3518 3380 3589; x_wconf 89' lang='lat' dir='ltr'><strong>percipiat,</strong></span> <span class='ocrx_word' id='word_1_687' title='bbox 3413 3524 3507 3578; x_wconf 80' lang='lat' dir='ltr'><strong>sed</strong></span> 
     </span>
    </p>
   </div>
   <div class='ocr_carea' id='block_1_91' title="bbox 1940 3586 3508 3684">
    <p class='ocr_par' dir='ltr' id='par_1_91' title="bbox 1940 3586 3508 3684">
     <span class='ocr_line' id='line_1_91' title="bbox 1940 3586 3508 3684; baseline 0.017 -45"><span class='ocrx_word' id='word_1_688' title='bbox 1940 3586 1994 3641; x_wconf 88' lang='lat' dir='ltr'><strong>in</strong></span> <span class='ocrx_word' id='word_1_689' title='bbox 2033 3589 2277 3645; x_wconf 86' lang='lat' dir='ltr'><strong>tenebris</strong></span> <span class='ocrx_word' id='word_1_690' title='bbox 2308 3602 2362 3646; x_wconf 87' lang='lat' dir='ltr'><strong>et</strong></span> <span class='ocrx_word' id='word_1_691' title='bbox 2401 3595 2637 3665; x_wconf 85' lang='lat' dir='ltr'><strong>caligine</strong></span> <span class='ocrx_word' id='word_1_692' title='bbox 2681 3614 2743 3654; x_wconf 89' lang='lat' dir='ltr'><strong>se</strong></span> <span class='ocrx_word' id='word_1_693' title='bbox 2790 3604 3000 3658; x_wconf 86' lang='lat' dir='ltr'><strong>versari</strong></span> <span class='ocrx_word' id='word_1_694' title='bbox 3034 3618 3206 3677; x_wconf 88' lang='lat' dir='ltr'><strong>putet.</strong></span> <span class='ocrx_word' id='word_1_695' title='bbox 3229 3586 3329 3684; x_wconf 55' lang='grc' dir='ltr'><strong>β]</strong></span> <span class='ocrx_word' id='word_1_696' title='bbox 3367 3586 3508 3669; x_wconf 14' lang='grc' dir='ltr'>γΡοει</span> 
     </span>
    </p>
   </div>
   <div class='ocr_carea' id='block_1_92' title="bbox 1939 3678 3504 3764">
    <p class='ocr_par' dir='ltr' id='par_1_92' title="bbox 1939 3678 3504 3764">
     <span class='ocr_line' id='line_1_92' title="bbox 1939 3678 3504 3764; baseline 0.018 -33"><span class='ocrx_word' id='word_1_697' title='bbox 1939 3678 2075 3742; x_wconf 75' lang='lat' dir='ltr'><strong>haec,</strong></span> <span class='ocrx_word' id='word_1_698' title='bbox 2113 3680 2345 3737; x_wconf 88' lang='lat' dir='ltr'><strong>ultionis</strong></span> <span class='ocrx_word' id='word_1_699' title='bbox 2375 3687 2540 3740; x_wconf 86' lang='lat' dir='ltr'><strong>etiam</strong></span> <span class='ocrx_word' id='word_1_700' title='bbox 2572 3703 2747 3757; x_wconf 87' lang='lat' dir='ltr'><strong>genus</strong></span> <span class='ocrx_word' id='word_1_701' title='bbox 2780 3695 3062 3764; x_wconf 81' lang='lat' dir='ltr'><strong>exprimit.</strong></span> <span class='ocrx_word' id='word_1_702' title='bbox 3096 3717 3112 3751; x_wconf 77' lang='grc' dir='ltr'><strong>ι</strong></span> <span class='ocrx_word' id='word_1_703' title='bbox 3139 3678 3504 3760; x_wconf 44' lang='lat' dir='ltr'><strong>Sicut-mane</strong></span> 
     </span>
    </p>
   </div>
   <div class='ocr_carea' id='block_1_93' title="bbox 1937 3767 3501 3852">
    <p class='ocr_par' dir='ltr' id='par_1_93' title="bbox 1937 3767 3501 3852">
     <span class='ocr_line' id='line_1_93' title="bbox 1937 3767 3501 3852; baseline 0.018 -30"><span class='ocrx_word' id='word_1_704' title='bbox 1937 3767 2197 3826; x_wconf 82' lang='lat' dir='ltr'><strong>fundetur</strong></span> <span class='ocrx_word' id='word_1_705' title='bbox 2226 3788 2395 3843; x_wconf 91' lang='lat' dir='ltr'><strong>super</strong></span> <span class='ocrx_word' id='word_1_706' title='bbox 2427 3787 2646 3834; x_wconf 87' lang='lat' dir='ltr'><strong>montes</strong></span> <span class='ocrx_word' id='word_1_707' title='bbox 2672 3784 2913 3852; x_wconf 90' lang='lat' dir='ltr'><strong>populus</strong></span> <span class='ocrx_word' id='word_1_708' title='bbox 2948 3789 3154 3846; x_wconf 88' lang='lat' dir='ltr'><strong>multus</strong></span> <span class='ocrx_word' id='word_1_709' title='bbox 3201 3800 3255 3846; x_wconf 86' lang='lat' dir='ltr'><strong>et</strong></span> <span class='ocrx_word' id='word_1_710' title='bbox 3295 3793 3455 3850; x_wconf 82' lang='lat' dir='ltr'><strong>fortis</strong></span> <span class='ocrx_word' id='word_1_711' title='bbox 3488 3817 3501 3850; x_wconf 89' lang='lat'><strong>:</strong></span> 
     </span>
    </p>
   </div>
   <div class='ocr_carea' id='block_1_94' title="bbox 1937 3861 3501 3948">
    <p class='ocr_par' dir='ltr' id='par_1_94' title="bbox 1937 3861 3501 3948">
     <span class='ocr_line' id='line_1_94' title="bbox 1937 3861 3501 3948; baseline 0.017 -33"><span class='ocrx_word' id='word_1_712' title='bbox 1937 3861 2136 3918; x_wconf 87' lang='lat' dir='ltr'><strong>similis</strong></span> <span class='ocrx_word' id='word_1_713' title='bbox 2179 3865 2228 3919; x_wconf 90' lang='lat' dir='ltr'><strong>ei</strong></span> <span class='ocrx_word' id='word_1_714' title='bbox 2271 3881 2380 3920; x_wconf 89' lang='lat' dir='ltr'><strong>non</strong></span> <span class='ocrx_word' id='word_1_715' title='bbox 2417 3866 2518 3924; x_wconf 84' lang='lat' dir='ltr'><strong>fuit</strong></span> <span class='ocrx_word' id='word_1_716' title='bbox 2567 3885 2597 3923; x_wconf 87' lang='lat' dir='ltr'><strong>a</strong></span> <span class='ocrx_word' id='word_1_717' title='bbox 2650 3874 2874 3942; x_wconf 75' lang='lat' dir='ltr'><strong>saeculo,</strong></span> <span class='ocrx_word' id='word_1_718' title='bbox 2917 3885 2966 3933; x_wconf 91' lang='lat' dir='ltr'><strong>et</strong></span> <span class='ocrx_word' id='word_1_719' title='bbox 3031 3891 3158 3948; x_wconf 89' lang='lat' dir='ltr'><strong>post</strong></span> <span class='ocrx_word' id='word_1_720' title='bbox 3214 3898 3337 3938; x_wconf 89' lang='lat' dir='ltr'><strong>eun:</strong></span> <span class='ocrx_word' id='word_1_721' title='bbox 3392 3902 3501 3941; x_wconf 87' lang='lat' dir='ltr'><strong>non</strong></span> 
     </span>
    </p>
   </div>
   <div class='ocr_carea' id='block_1_95' title="bbox 1937 3955 3506 4049">
    <p class='ocr_par' dir='ltr' id='par_1_95' title="bbox 1937 3955 3506 4049">
     <span class='ocr_line' id='line_1_95' title="bbox 1937 3955 3506 4049; baseline 0.018 -42"><span class='ocrx_word' id='word_1_722' title='bbox 1937 3955 2252 4023; x_wconf 85' lang='lat' dir='ltr'><strong>adjicietur,</strong></span> <span class='ocrx_word' id='word_1_723' title='bbox 2297 3975 2469 4029; x_wconf 77' lang='lat' dir='ltr'><strong>usque</strong></span> <span class='ocrx_word' id='word_1_724' title='bbox 2526 3965 2592 4017; x_wconf 81' lang='lat' dir='ltr'><strong>ad</strong></span> <span class='ocrx_word' id='word_1_725' title='bbox 2635 3980 2809 4023; x_wconf 87' lang='lat' dir='ltr'><strong>annos</strong></span> <span class='ocrx_word' id='word_1_726' title='bbox 2868 3970 2922 4023; x_wconf 92' lang='lat' dir='ltr'><strong>in</strong></span> <span class='ocrx_word' id='word_1_727' title='bbox 2959 3972 3383 4041; x_wconf 64' lang='lat' dir='ltr'><strong>generationes‘</strong></span> <span class='ocrx_word' id='word_1_728' title='bbox 3414 3996 3506 4049; x_wconf 82' lang='lat' dir='ltr'><strong>ge-</strong></span> 
     </span>
    </p>
   </div>
   <div class='ocr_carea' id='block_1_96' title="bbox 1934 4047 3500 4140">
    <p class='ocr_par' dir='ltr' id='par_1_96' title="bbox 1934 4047 3500 4140">
     <span class='ocr_line' id='line_1_96' title="bbox 1934 4047 3500 4140; baseline 0.016 -41"><span class='ocrx_word' id='word_1_729' title='bbox 1934 4047 2338 4104; x_wconf 64' lang='lat' dir='ltr'><strong>nerationum.»</strong></span> <span class='ocrx_word' id='word_1_730' title='bbox 2368 4049 2678 4123; x_wconf 88' lang='lat' dir='ltr'><strong>Utrumque</strong></span> <span class='ocrx_word' id='word_1_731' title='bbox 2701 4064 2884 4115; x_wconf 87' lang='lat' dir='ltr'><strong>autem</strong></span> <span class='ocrx_word' id='word_1_732' title='bbox 2911 4060 2995 4117; x_wconf 88' lang='lat' dir='ltr'><strong>his</strong></span> <span class='ocrx_word' id='word_1_733' title='bbox 3028 4064 3208 4121; x_wconf 81' lang='lat' dir='ltr'><strong>verbis</strong></span> <span class='ocrx_word' id='word_1_734' title='bbox 3230 4047 3500 4140; x_wconf 74' lang='lat' dir='ltr'><strong>designat,</strong></span> 
     </span>
    </p>
   </div>
   <div class='ocr_carea' id='block_1_97' title="bbox 1933 4139 3499 4211">
    <p class='ocr_par' dir='ltr' id='par_1_97' title="bbox 1933 4139 3499 4211">
     <span class='ocr_line' id='line_1_97' title="bbox 1933 4139 3499 4211; baseline 0.013 -22"><span class='ocrx_word' id='word_1_735' title='bbox 1933 4150 1985 4190; x_wconf 86' lang='lat' dir='ltr'><strong>et</strong></span> <span class='ocrx_word' id='word_1_736' title='bbox 2023 4139 2318 4202; x_wconf 71' lang='lat' dir='ltr'><strong>lucustam,</strong></span> <span class='ocrx_word' id='word_1_737' title='bbox 2357 4149 2414 4195; x_wconf 92' lang='lat' dir='ltr'><strong>et</strong></span> <span class='ocrx_word' id='word_1_738' title='bbox 2451 4142 2693 4198; x_wconf 90' lang='lat' dir='ltr'><strong>hostium</strong></span> <span class='ocrx_word' id='word_1_739' title='bbox 2728 4149 2953 4203; x_wconf 90' lang='lat' dir='ltr'><strong>nubem.</strong></span> <span class='ocrx_word' id='word_1_740' title='bbox 2982 4150 3118 4205; x_wconf 88' lang='lat' dir='ltr'><strong>Nam</strong></span> <span class='ocrx_word' id='word_1_741' title='bbox 3151 4162 3204 4208; x_wconf 90' lang='lat' dir='ltr'><strong>et</strong></span> <span class='ocrx_word' id='word_1_742' title='bbox 3234 4155 3325 4209; x_wconf 74' lang='lat' dir='ltr'><strong>illa</strong></span> <span class='ocrx_word' id='word_1_743' title='bbox 3358 4166 3413 4211; x_wconf 88' lang='lat' dir='ltr'><strong>ct</strong></span> <span class='ocrx_word' id='word_1_744' title='bbox 3448 4159 3499 4210; x_wconf 81' lang='lat' dir='ltr'><strong>bi</strong></span> 
     </span>
    </p>
   </div>
   <div class='ocr_carea' id='block_1_98' title="bbox 1932 4238 3500 4303">
    <p class='ocr_par' dir='ltr' id='par_1_98' title="bbox 1932 4238 3500 4303">
     <span class='ocr_line' id='line_1_98' title="bbox 1932 4238 3500 4303; baseline 0.016 -26"><span class='ocrx_word' id='word_1_745' title='bbox 1932 4242 2170 4296; x_wconf 90' lang='lat' dir='ltr'><strong>quoque,</strong></span> <span class='ocrx_word' id='word_1_746' title='bbox 2228 4245 2547 4300; x_wconf 87' lang='lat' dir='ltr'><strong>camporum</strong></span> <span class='ocrx_word' id='word_1_747' title='bbox 2616 4238 2775 4303; x_wconf 84' lang='lat' dir='ltr'><strong>plana</strong></span> <span class='ocrx_word' id='word_1_748' title='bbox 2833 4246 2887 4292; x_wconf 86' lang='lat' dir='ltr'><strong>et</strong></span> <span class='ocrx_word' id='word_1_749' title='bbox 2942 4243 3207 4296; x_wconf 89' lang='lat' dir='ltr'><strong>montium</strong></span> <span class='ocrx_word' id='word_1_750' title='bbox 3265 4246 3500 4301; x_wconf 72' lang='lat' dir='ltr'><strong>vertices</strong></span> 
     </span>
    </p>
   </div>
   <div class='ocr_carea' id='block_1_99' title="bbox 1932 4318 3500 4398">
    <p class='ocr_par' dir='ltr' id='par_1_99' title="bbox 1932 4318 3500 4398">
     <span class='ocr_line' id='line_1_99' title="bbox 1932 4318 3500 4398; baseline 0.011 -29"><span class='ocrx_word' id='word_1_751' title='bbox 1932 4318 2286 4372; x_wconf 86' lang='lat' dir='ltr'><strong>multitudine</strong></span> <span class='ocrx_word' id='word_1_752' title='bbox 2327 4333 2752 4389; x_wconf 87' lang='lat' dir='ltr'><strong>cooperuerunt.</strong></span> <span class='ocrx_word' id='word_1_753' title='bbox 2788 4325 2942 4390; x_wconf 85' lang='lat' dir='ltr'><strong>Quod</strong></span> <span class='ocrx_word' id='word_1_754' title='bbox 2975 4329 3146 4398; x_wconf 82' lang='lat' dir='ltr'><strong>igitur</strong></span> <span class='ocrx_word' id='word_1_755' title='bbox 3178 4346 3287 4385; x_wconf 89' lang='lat' dir='ltr'><strong>non</strong></span> <span class='ocrx_word' id='word_1_756' title='bbox 3337 4334 3500 4387; x_wconf 82' lang='lat' dir='ltr'><strong>fuerit</strong></span> 
     </span>
    </p>
   </div>
   <div class='ocr_carea' id='block_1_100' title="bbox 1932 4405 3492 4487">
    <p class='ocr_par' dir='ltr' id='par_1_100' title="bbox 1932 4405 3492 4487">
     <span class='ocr_line' id='line_1_100' title="bbox 1932 4405 3492 4487; baseline 0.013 -33"><span class='ocrx_word' id='word_1_757' title='bbox 1932 4405 2037 4456; x_wconf 77' lang='lat' dir='ltr'><strong>alia</strong></span> <span class='ocrx_word' id='word_1_758' title='bbox 2066 4405 2195 4459; x_wconf 87' lang='lat' dir='ltr'><strong>huic</strong></span> <span class='ocrx_word' id='word_1_759' title='bbox 2233 4406 2434 4461; x_wconf 88' lang='lat' dir='ltr'><strong>similis</strong></span> <span class='ocrx_word' id='word_1_760' title='bbox 2460 4410 2731 4477; x_wconf 88' lang='lat' dir='ltr'><strong>incursio,</strong></span> <span class='ocrx_word' id='word_1_761' title='bbox 2758 4413 3040 4470; x_wconf 82' lang='lat' dir='ltr'><strong>indeﬁnite</strong></span> <span class='ocrx_word' id='word_1_762' title='bbox 3074 4422 3451 4487; x_wconf 78' lang='lat' dir='ltr'><strong>pronuntiavit</strong></span> <span class='ocrx_word' id='word_1_763' title='bbox 3480 4443 3492 4477; x_wconf 94' lang='lat'><strong>:</strong></span> 
     </span>
    </p>
   </div>
   <div class='ocr_carea' id='block_1_101' title="bbox 1929 4494 3498 4574">
    <p class='ocr_par' dir='ltr' id='par_1_101' title="bbox 1929 4494 3498 4574">
     <span class='ocr_line' id='line_1_101' title="bbox 1929 4494 3498 4574; baseline 0.016 -29"><span class='ocrx_word' id='word_1_764' title='bbox 1929 4494 2078 4562; x_wconf 87' lang='lat' dir='ltr'><strong>quod</strong></span> <span class='ocrx_word' id='word_1_765' title='bbox 2108 4511 2240 4549; x_wconf 88' lang='lat' dir='ltr'><strong>vero</strong></span> <span class='ocrx_word' id='word_1_766' title='bbox 2272 4496 2454 4551; x_wconf 80' lang='lat' dir='ltr'><strong>futura</strong></span> <span class='ocrx_word' id='word_1_767' title='bbox 2498 4517 2606 4555; x_wconf 79' lang='lat' dir='ltr'><strong>non</strong></span> <span class='ocrx_word' id='word_1_768' title='bbox 2638 4504 2731 4568; x_wconf 91' lang='lat' dir='ltr'><strong>sit,</strong></span> <span class='ocrx_word' id='word_1_769' title='bbox 2764 4519 2884 4557; x_wconf 83' lang='lat' dir='ltr'><strong>cum</strong></span> <span class='ocrx_word' id='word_1_770' title='bbox 2916 4509 3155 4574; x_wconf 85' lang='lat' dir='ltr'><strong>quadam</strong></span> <span class='ocrx_word' id='word_1_771' title='bbox 3180 4510 3498 4569; x_wconf 75' lang='lat' dir='ltr'><strong>deﬁnitione</strong></span> 
     </span>
    </p>
   </div>
   <div class='ocr_carea' id='block_1_102' title="bbox 1928 4586 3497 4667">
    <p class='ocr_par' dir='ltr' id='par_1_102' title="bbox 1928 4586 3497 4667">
     <span class='ocr_line' id='line_1_102' title="bbox 1928 4586 3497 4667; baseline 0.012 -30"><span class='ocrx_word' id='word_1_772' title='bbox 1928 4587 2112 4654; x_wconf 84' lang='lat' dir='ltr'><strong>posuit</strong></span> <span class='ocrx_word' id='word_1_773' title='bbox 2146 4607 2159 4639; x_wconf 87' lang='lat'>:</span> <span class='ocrx_word' id='word_1_774' title='bbox 2190 4586 2323 4642; x_wconf 85' lang='lat' dir='ltr'><strong>dicit</strong></span> <span class='ocrx_word' id='word_1_775' title='bbox 2353 4590 2521 4653; x_wconf 89' lang='lat' dir='ltr'><strong>enim,</strong></span> <span class='ocrx_word' id='word_1_776' title='bbox 2553 4610 2571 4641; x_wconf 79' lang='grc' dir='ltr'><strong>ι</strong></span> <span class='ocrx_word' id='word_1_777' title='bbox 2613 4591 2730 4647; x_wconf 84' lang='grc' dir='ltr'>Νοιι</span> <span class='ocrx_word' id='word_1_778' title='bbox 2760 4595 3058 4664; x_wconf 85' lang='lat' dir='ltr'><strong>adjicietur</strong></span> <span class='ocrx_word' id='word_1_779' title='bbox 3091 4612 3264 4667; x_wconf 89' lang='lat' dir='ltr'><strong>usque</strong></span> <span class='ocrx_word' id='word_1_780' title='bbox 3298 4602 3366 4655; x_wconf 89' lang='lat' dir='ltr'><strong>ad</strong></span> <span class='ocrx_word' id='word_1_781' title='bbox 3400 4620 3497 4655; x_wconf 88' lang='lat' dir='ltr'><strong>an-</strong></span> 
     </span>
    </p>
   </div>
   <div class='ocr_carea' id='block_1_103' title="bbox 1928 4676 3493 4758">
    <p class='ocr_par' dir='ltr' id='par_1_103' title="bbox 1928 4676 3493 4758">
     <span class='ocr_line' id='line_1_103' title="bbox 1928 4676 3493 4758; baseline 0.009 -28"><span class='ocrx_word' id='word_1_782' title='bbox 1928 4692 2052 4733; x_wconf 89' lang='lat' dir='ltr'><strong>nos.</strong></span> <span class='ocrx_word' id='word_1_783' title='bbox 2092 4697 2111 4730; x_wconf 72' lang='grc' dir='ltr'><strong>ι</strong></span> <span class='ocrx_word' id='word_1_784' title='bbox 2146 4676 2226 4751; x_wconf 75' lang='grc' dir='ltr'><strong>[ὅ]</strong></span> <span class='ocrx_word' id='word_1_785' title='bbox 2283 4677 2449 4733; x_wconf 90' lang='lat' dir='ltr'><strong>Docet</strong></span> <span class='ocrx_word' id='word_1_786' title='bbox 2497 4693 2680 4737; x_wconf 84' lang='lat' dir='ltr'><strong>autem</strong></span> <span class='ocrx_word' id='word_1_787' title='bbox 2718 4699 2784 4739; x_wconf 90' lang='lat' dir='ltr'><strong>ea</strong></span> <span class='ocrx_word' id='word_1_788' title='bbox 2821 4686 2999 4740; x_wconf 88' lang='lat' dir='ltr'><strong>instar</strong></span> <span class='ocrx_word' id='word_1_789' title='bbox 3033 4688 3179 4758; x_wconf 88' lang='lat' dir='ltr'><strong>ignis</strong></span> <span class='ocrx_word' id='word_1_790' title='bbox 3236 4700 3493 4755; x_wconf 65' lang='lat' dir='ltr'><strong>ventura,</strong></span> 
     </span>
    </p>
   </div>
   <div class='ocr_carea' id='block_1_104' title="bbox 1926 4771 3496 4851">
    <p class='ocr_par' dir='ltr' id='par_1_104' title="bbox 1926 4771 3496 4851">
     <span class='ocr_line' id='line_1_104' title="bbox 1926 4771 3496 4851; baseline 0.01 -28"><span class='ocrx_word' id='word_1_791' title='bbox 1926 4781 1981 4823; x_wconf 88' lang='lat' dir='ltr'><strong>et</strong></span> <span class='ocrx_word' id='word_1_792' title='bbox 2017 4771 2202 4823; x_wconf 88' lang='lat' dir='ltr'><strong>omnia</strong></span> <span class='ocrx_word' id='word_1_793' title='bbox 2246 4779 2529 4828; x_wconf 85' lang='lat' dir='ltr'><strong>vastatura</strong></span> <span class='ocrx_word' id='word_1_794' title='bbox 2565 4789 2711 4830; x_wconf 85' lang='lat' dir='ltr'><strong>esse.</strong></span> <span class='ocrx_word' id='word_1_795' title='bbox 2762 4775 3126 4846; x_wconf 87' lang='lat' dir='ltr'><strong>Tantamque,</strong></span> <span class='ocrx_word' id='word_1_796' title='bbox 3169 4780 3370 4851; x_wconf 82' lang='lat' dir='ltr'><strong>inquit,</strong></span> <span class='ocrx_word' id='word_1_797' title='bbox 3403 4798 3496 4838; x_wconf 83' lang='lat' dir='ltr'><strong>ca-</strong></span> 
     </span>
    </p>
   </div>
   <div class='ocr_carea' id='block_1_105' title="bbox 1928 4858 3497 4945">
    <p class='ocr_par' dir='ltr' id='par_1_105' title="bbox 1928 4858 3497 4945">
     <span class='ocr_line' id='line_1_105' title="bbox 1928 4858 3497 4945; baseline 0.012 -33"><span class='ocrx_word' id='word_1_798' title='bbox 1928 4858 2228 4916; x_wconf 86' lang='lat' dir='ltr'><strong>lamitatem</strong></span> <span class='ocrx_word' id='word_1_799' title='bbox 2264 4863 2319 4916; x_wconf 93' lang='lat' dir='ltr'><strong>in</strong></span> <span class='ocrx_word' id='word_1_800' title='bbox 2355 4872 2557 4920; x_wconf 88' lang='lat' dir='ltr'><strong>terram</strong></span> <span class='ocrx_word' id='word_1_801' title='bbox 2589 4868 2833 4934; x_wconf 85' lang='lat' dir='ltr'><strong>invchet,</strong></span> <span class='ocrx_word' id='word_1_802' title='bbox 2870 4879 2927 4923; x_wconf 91' lang='lat' dir='ltr'><strong>ut</strong></span> <span class='ocrx_word' id='word_1_803' title='bbox 2956 4886 3017 4926; x_wconf 85' lang='lat' dir='ltr'><strong>ea</strong></span> <span class='ocrx_word' id='word_1_804' title='bbox 3050 4872 3190 4937; x_wconf 87' lang='lat' dir='ltr'><strong>loca,</strong></span> <span class='ocrx_word' id='word_1_805' title='bbox 3215 4890 3334 4945; x_wconf 62' lang='lat' dir='ltr'><strong>qua</strong></span> <span class='ocrx_word' id='word_1_806' title='bbox 3359 4893 3497 4931; x_wconf 91' lang='lat' dir='ltr'><strong>non-</strong></span> 
     </span>
    </p>
   </div>
   <div class='ocr_carea' id='block_1_106' title="bbox 1925 4955 3493 5036">
    <p class='ocr_par' dir='ltr' id='par_1_106' title="bbox 1925 4955 3493 5036">
     <span class='ocr_line' id='line_1_106' title="bbox 1925 4955 3493 5036; baseline 0.01 -27"><span class='ocrx_word' id='word_1_807' title='bbox 1925 4956 2053 5009; x_wconf 90' lang='lat' dir='ltr'><strong>dum</strong></span> <span class='ocrx_word' id='word_1_808' title='bbox 2110 4955 2318 5012; x_wconf 88' lang='lat' dir='ltr'><strong>cladem</strong></span> <span class='ocrx_word' id='word_1_809' title='bbox 2374 4959 2521 5014; x_wconf 89' lang='lat' dir='ltr'><strong>illam</strong></span> <span class='ocrx_word' id='word_1_810' title='bbox 2574 4962 2925 5032; x_wconf 88' lang='lat' dir='ltr'><strong>pertulerint,</strong></span> <span class='ocrx_word' id='word_1_811' title='bbox 2958 4969 3331 5036; x_wconf 90' lang='lat' dir='ltr'><strong>comparaturi</strong></span> <span class='ocrx_word' id='word_1_812' title='bbox 3384 4970 3493 5024; x_wconf 89' lang='lat' dir='ltr'><strong>sint</strong></span> 
     </span>
    </p>
   </div>
   <div class='ocr_carea' id='block_1_107' title="bbox 1926 5048 3492 5118">
    <p class='ocr_par' dir='ltr' id='par_1_107' title="bbox 1926 5048 3492 5118">
     <span class='ocr_line' id='line_1_107' title="bbox 1926 5048 3492 5118; baseline 0.011 -18"><span class='ocrx_word' id='word_1_813' title='bbox 1926 5048 2022 5118; x_wconf 89' lang='lat' dir='ltr'><strong>qui</strong></span> <span class='ocrx_word' id='word_1_814' title='bbox 2061 5048 2358 5117; x_wconf 88' lang='lat' dir='ltr'><strong>inspicient</strong></span> <span class='ocrx_word' id='word_1_815' title='bbox 2412 5066 2537 5106; x_wconf 90' lang='lat' dir='ltr'><strong>cum</strong></span> <span class='ocrx_word' id='word_1_816' title='bbox 2586 5055 2751 5107; x_wconf 77' lang='lat' dir='ltr'><strong>horto</strong></span> <span class='ocrx_word' id='word_1_817' title='bbox 2805 5053 3311 5114; x_wconf 84' lang='lat' dir='ltr'><strong>deliciarum:alia</strong></span> <span class='ocrx_word' id='word_1_818' title='bbox 3362 5076 3492 5117; x_wconf 83' lang='lat' dir='ltr'><strong>vero</strong></span> 
     </span>
    </p>
   </div>
   <div class='ocr_carea' id='block_1_108' title="bbox 1927 5140 3490 5222">
    <p class='ocr_par' dir='ltr' id='par_1_108' title="bbox 1927 5140 3490 5222">
     <span class='ocr_line' id='line_1_108' title="bbox 1927 5140 3490 5222; baseline 0.008 -29"><span class='ocrx_word' id='word_1_819' title='bbox 1927 5150 2051 5209; x_wconf 86' lang='lat' dir='ltr'><strong>post</strong></span> <span class='ocrx_word' id='word_1_820' title='bbox 2081 5140 2478 5209; x_wconf 82' lang='lat' dir='ltr'><strong>incursionem,</strong></span> <span class='ocrx_word' id='word_1_821' title='bbox 2512 5157 2636 5197; x_wconf 88' lang='lat' dir='ltr'><strong>cum</strong></span> <span class='ocrx_word' id='word_1_822' title='bbox 2666 5158 2863 5215; x_wconf 84' lang='lat' dir='ltr'><strong>campo</strong></span> <span class='ocrx_word' id='word_1_823' title='bbox 2896 5147 3110 5219; x_wconf 89' lang='lat' dir='ltr'><strong>direpto</strong></span> <span class='ocrx_word' id='word_1_824' title='bbox 3161 5151 3490 5222; x_wconf 81' lang='lat' dir='ltr'><strong>penitusque</strong></span> 
     </span>
    </p>
   </div>
   <div class='ocr_carea' id='block_1_109' title="bbox 1927 5226 3488 5304">
    <p class='ocr_par' dir='ltr' id='par_1_109' title="bbox 1927 5226 3488 5304">
     <span class='ocr_line' id='line_1_109' title="bbox 1927 5226 3488 5304; baseline 0.009 -26"><span class='ocrx_word' id='word_1_825' title='bbox 1927 5235 2161 5281; x_wconf 73' lang='lat' dir='ltr'><strong>vastato.</strong></span> <span class='ocrx_word' id='word_1_826' title='bbox 2213 5226 2305 5282; x_wconf 86' lang='lat' dir='ltr'><strong>Sic</strong></span> <span class='ocrx_word' id='word_1_827' title='bbox 2338 5230 2482 5283; x_wconf 75' lang='lat' dir='ltr'><strong>enim</strong></span> <span class='ocrx_word' id='word_1_828' title='bbox 2534 5230 2792 5287; x_wconf 72' lang='lat' dir='ltr'><strong>funditus</strong></span> <span class='ocrx_word' id='word_1_829' title='bbox 2843 5236 3120 5304; x_wconf 82' lang='lat' dir='ltr'><strong>peribunt,</strong></span> <span class='ocrx_word' id='word_1_830' title='bbox 3156 5247 3216 5293; x_wconf 88' lang='lat' dir='ltr'><strong>ut</strong></span> <span class='ocrx_word' id='word_1_831' title='bbox 3259 5240 3488 5296; x_wconf 84' lang='lat' dir='ltr'><strong>salutem</strong></span> 
     </span>
    </p>
   </div>
   <div class='ocr_carea' id='block_1_110' title="bbox 1515 5511 2184 5571">
    <p class='ocr_par' dir='ltr' id='par_1_110' title="bbox 1515 5511 2184 5571">
     <span class='ocr_line' id='line_1_110' title="bbox 1515 5511 2184 5571; baseline 0.004 -5"><span class='ocrx_word' id='word_1_832' title='bbox 1515 5511 1750 5567; x_wconf 70' lang='lat' dir='ltr'><strong>VARIAE</strong></span> <span class='ocrx_word' id='word_1_833' title='bbox 1780 5512 2076 5571; x_wconf 81' lang='lat' dir='ltr'><strong>LECTION</strong></span> <span class='ocrx_word' id='word_1_834' title='bbox 2082 5514 2184 5569; x_wconf 83' lang='lat' dir='ltr'><strong>ES.</strong></span> 
     </span>
    </p>
   </div>
   <div class='ocr_carea' id='block_1_111' title="bbox 316 5620 3479 5739">
    <p class='ocr_par' dir='ltr' id='par_1_111' title="bbox 316 5620 3479 5739">
     <span class='ocr_line' id='line_1_111' title="bbox 316 5620 3479 5739; baseline 0.007 -45"><span class='ocrx_word' id='word_1_835' title='bbox 316 5652 368 5694; x_wconf 70' lang='grc' dir='ltr'>οι</span> <span class='ocrx_word' id='word_1_836' title='bbox 394 5620 522 5739; x_wconf 44' lang='grc' dir='ltr'>γάρί</span> <span class='ocrx_word' id='word_1_837' title='bbox 557 5655 681 5713; x_wconf 82' lang='lat' dir='ltr'><strong>Des.</strong></span> <span class='ocrx_word' id='word_1_838' title='bbox 716 5655 853 5739; x_wconf 62' lang='lat' dir='ltr'><strong>inc.</strong></span> <span class='ocrx_word' id='word_1_839' title='bbox 929 5654 1060 5717; x_wconf 64' lang='lat' dir='ltr'><strong>“di;</strong></span> <span class='ocrx_word' id='word_1_840' title='bbox 1080 5670 1233 5739; x_wconf 37' lang='grc' dir='ltr'>επαρ.</span> <span class='ocrx_word' id='word_1_841' title='bbox 1268 5670 1353 5739; x_wconf 53' lang='lat' dir='ltr'><strong>cf.</strong></span> <span class='ocrx_word' id='word_1_842' title='bbox 1384 5651 1518 5739; x_wconf 48' lang='lat' dir='ltr'><strong>ﬁco.</strong></span> <span class='ocrx_word' id='word_1_843' title='bbox 1539 5652 1710 5739; x_wconf 41' lang='lat' dir='ltr'><strong>.lec’t‘io</strong></span> <span class='ocrx_word' id='word_1_844' title='bbox 1745 5661 1831 5739; x_wconf 58' lang='lat' dir='ltr'><strong>est</strong></span> <span class='ocrx_word' id='word_1_845' title='bbox 1857 5654 1966 5739; x_wconf 70' lang='grc' dir='ltr'><strong>πῦρ</strong></span> <span class='ocrx_word' id='word_1_846' title='bbox 1992 5654 2313 5739; x_wconf 37' lang='grc' dir='ltr'>ἀναλίσκειν,</span> <span class='ocrx_word' id='word_1_847' title='bbox 2373 5658 2522 5739; x_wconf 39' lang='lat' dir='ltr'><strong>&quot;de.</strong></span> <span class='ocrx_word' id='word_1_848' title='bbox 2541 5660 2581 5715; x_wconf 88' lang='lat' dir='ltr'>C</span> <span class='ocrx_word' id='word_1_849' title='bbox 2609 5661 2736 5739; x_wconf 62' lang='lat' dir='ltr'><strong>ydrp.</strong></span> <span class='ocrx_word' id='word_1_850' title='bbox 2761 5732 2784 5739; x_wconf 91' lang='lat'>_</span> <span class='ocrx_word' id='word_1_851' title='bbox 2812 5663 2857 5694; x_wconf 79' lang='lat'><strong>“</strong></span> <span class='ocrx_word' id='word_1_852' title='bbox 2886 5664 3004 5739; x_wconf 72' lang='grc' dir='ltr'>πελ.</span> <span class='ocrx_word' id='word_1_853' title='bbox 3036 5664 3150 5739; x_wconf 35' lang='grc' dir='ltr'>όιτ.</span> <span class='ocrx_word' id='word_1_854' title='bbox 3180 5677 3293 5739; x_wconf 49' lang='lat' dir='ltr'><strong>ius.</strong></span> <span class='ocrx_word' id='word_1_855' title='bbox 3327 5675 3479 5732; x_wconf 78' lang='grc' dir='ltr'>καιρο</span> 
     </span>
    </p>
   </div>
   <div class='ocr_carea' id='block_1_112' title="bbox 240 5723 1682 5793">
    <p class='ocr_par' dir='ltr' id='par_1_112' title="bbox 240 5723 1682 5793">
     <span class='ocr_line' id='line_1_112' title="bbox 240 5723 1682 5793; baseline -0.003 -12"><span class='ocrx_word' id='word_1_856' title='bbox 240 5723 415 5781; x_wconf 70' lang='lat' dir='ltr'><strong>Aliter</strong></span> <span class='ocrx_word' id='word_1_857' title='bbox 436 5723 485 5781; x_wconf 79' lang='grc' dir='ltr'><strong>οἱ</strong></span> <span class='ocrx_word' id='word_1_858' title='bbox 524 5724 683 5781; x_wconf 72' lang='lat' dir='ltr'><strong>LXX.</strong></span> <span class='ocrx_word' id='word_1_859' title='bbox 760 5724 804 5754; x_wconf 69' lang='grc'>⁸⁷</span> <span class='ocrx_word' id='word_1_860' title='bbox 831 5742 965 5792; x_wconf 77' lang='grc' dir='ltr'>φωτ.</span> <span class='ocrx_word' id='word_1_861' title='bbox 993 5723 1336 5793; x_wconf 59' lang='grc' dir='ltr'>-ύπολαμῗ.</span> <span class='ocrx_word' id='word_1_862' title='bbox 1384 5723 1503 5779; x_wconf 84' lang='lat' dir='ltr'><strong>Des.</strong></span> <span class='ocrx_word' id='word_1_863' title='bbox 1538 5724 1592 5778; x_wconf 89' lang='lat' dir='ltr'><strong>in</strong></span> <span class='ocrx_word' id='word_1_864' title='bbox 1619 5723 1682 5778; x_wconf 78' lang='grc' dir='ltr'><strong>Ο.</strong></span> 
     </span>
    </p>
   </div>
   <div class='ocr_carea' id='block_1_113' title="bbox 644 5815 1368 5877">
    <p class='ocr_par' dir='ltr' id='par_1_113' title="bbox 644 5815 1368 5877">
     <span class='ocr_line' id='line_1_113' title="bbox 644 5815 1368 5877; baseline 0.001 -1"><span class='ocrx_word' id='word_1_865' title='bbox 644 5818 912 5877; x_wconf 75' lang='grc' dir='ltr'>ΡΑτιιοῐ..</span> <span class='ocrx_word' id='word_1_866' title='bbox 951 5815 1067 5876; x_wconf 79' lang='lat' dir='ltr'><strong>Gn.</strong></span> <span class='ocrx_word' id='word_1_867' title='bbox 1103 5816 1368 5877; x_wconf 72' lang='lat' dir='ltr'><strong>LXXXI.</strong></span> 
     </span>
    </p>
   </div>
   <div class='ocr_carea' id='block_1_114' title="bbox 1786 5723 2539 5794">
    <p class='ocr_par' dir='ltr' id='par_1_114' title="bbox 1786 5723 2539 5794">
     <span class='ocr_line' id='line_1_114' title="bbox 1786 5723 2539 5794; baseline 0.011 -18"><span class='ocrx_word' id='word_1_868' title='bbox 1786 5723 1832 5755; x_wconf 72' lang='grc'><strong>⁸³</strong></span> <span class='ocrx_word' id='word_1_869' title='bbox 1871 5724 2025 5794; x_wconf 81' lang='grc' dir='ltr'>δρθρ.</span> <span class='ocrx_word' id='word_1_870' title='bbox 2059 5724 2133 5780; x_wconf 81' lang='lat' dir='ltr'><strong>Id.</strong></span> <span class='ocrx_word' id='word_1_871' title='bbox 2169 5726 2321 5783; x_wconf 84' lang='lat' dir='ltr'><strong>addit</strong></span> <span class='ocrx_word' id='word_1_872' title='bbox 2355 5729 2539 5794; x_wconf 86' lang='grc' dir='ltr'>πολύς.</span> 
     </span>
    </p>
   </div>
   <div class='ocr_carea' id='block_1_115' title="bbox 2647 5730 3241 5786">
    <p class='ocr_par' dir='ltr' id='par_1_115' title="bbox 2647 5730 3241 5786">
     <span class='ocr_line' id='line_1_115' title="bbox 2647 5730 3241 5786; baseline 0.002 -3"><span class='ocrx_word' id='word_1_873' title='bbox 2647 5730 2696 5764; x_wconf 54' lang='grc'><strong>⁸³⁷</strong></span> <span class='ocrx_word' id='word_1_874' title='bbox 2719 5732 2845 5786; x_wconf 91' lang='grc' dir='ltr'>τῶν.</span> <span class='ocrx_word' id='word_1_875' title='bbox 2913 5732 3036 5786; x_wconf 81' lang='lat' dir='ltr'><strong>Des.</strong></span> <span class='ocrx_word' id='word_1_876' title='bbox 3076 5731 3130 5783; x_wconf 88' lang='lat' dir='ltr'><strong>in</strong></span> <span class='ocrx_word' id='word_1_877' title='bbox 3179 5730 3241 5784; x_wconf 89' lang='lat' dir='ltr'><strong>C.</strong></span> 
     </span>
    </p>
   </div>
   <div class='ocr_carea' id='block_1_116' title="bbox 3026 5819 3097 5879">
    <p class='ocr_par' dir='ltr' id='par_1_116' title="bbox 3026 5819 3097 5879">
     <span class='ocr_line' id='line_1_116' title="bbox 3026 5819 3097 5879; baseline 0 0"><span class='ocrx_word' id='word_1_878' title='bbox 3026 5819 3097 5879; x_wconf 74' lang='lat'><strong>52</strong></span> 
     </span>
    </p>
   </div>
  </div>
