3904 6202
384 232 518 297 1ύὶ3

1366 239 1851 311 THEODORETI
1892 236 2230 300 EPISCOPI
2263 239 2628 304 CYRERSIS

3501 239 3631 304 1644

376 359 450 398 ne
484 343 520 399 ii
548 342 771 414 quidem
843 344 933 414 qui
992 342 1233 413 fugerint
1280 343 1393 398 sint
1456 345 1730 417 adepturi.
1793 345 1950 407 Nam,

2068 365 2260 413 :ov1at,
2297 349 2372 412 di;
2409 349 2543 420 μηδὲ
2572 350 2695 412 τοὺς
2719 347 3081 418 διαφυγόντας
3119 348 3394 420 σωτηρίας
3428 351 3566 414 τινος
3588 353 3632 383 ⁸⁸

387 457 408 491 ι
437 436 541 505 Qui
578 439 840 503 salvetur,
874 437 1073 507 inquit,
1101 452 1169 491 ex
1192 436 1327 501 illis,
1358 451 1468 491 non
1493 439 1622 492 erit.
1652 457 1671 490 ο
1712 438 1816 494 Per
1841 437 1955 492 hate

381 539 566 588 autem
599 532 839 588 hostiqu
879 532 1163 586 incursum
1199 531 1534 604 designavit.

341 684 348 721 ξ
453 710 618 765 Vens.
641 707 785 772 4,54
820 706 976 763 Sicut
1002 715 1265 777 aspectus
1294 723 1562 779 equorum
1583 716 1842 779 aspectus
1864 723 1945 763 eo-

383 818 524 871 rum,
550 812 607 857 et
640 801 790 857 sicut
820 800 1059 872 equites,
1095 801 1177 857 sic
1212 810 1637 872 persequentur.
1671 800 1828 856 Sicut
1853 816 1956 855 vox

381 909 648 948 curruum
680 894 735 947 in
760 893 1067 950 verticibus
1097 894 1371 948 montium
1412 893 1671 948 exsilient
1705 899 1798 949 :et
1815 892 1958 949 sicut

382 1002 491 1043 vox
544 986 778 1041 flammae
802 986 945 1056 ignis
995 985 1317 1042 devorantis
1372 986 1637 1056 stipulam
1674 1003 1688 1039 :
1720 995 1775 1040 et
1815 984 1958 1040 sicut

382 1080 621 1151 pupulus
653 1079 861 1133 multus
882 1085 937 1134 et
968 1078 1146 1143 l‘ortis,
1169 1088 1513 1148 praeparatus
1538 1077 1603 1133 ad
1631 1077 1905 1150 prrelium.
1932 1093 1950 1126 ι

384 1171 441 1227 Si
476 1170 690 1242 1390
724 1170 839 1225 haec
870 1169 939 1225 de
965 1170 1199 1239 Assyriis
1244 1181 1298 1225 et
1330 1169 1644 1241 Babyloniis
1695 1168 1958 1239 intelligi-

384 1279 528 1326 mus,
570 1271 685 1318 tum
716 1260 792 1327 ὼς
823 1260 982 1327 illud,
1013 1277 1122 1316 uon
1160 1262 1227 1316 ad
1276 1260 1722 1324 similitudinem,
1765 1260 1859 1317 sed
1891 1258 1959 1313 ad

383 1354 750 1409 intentionem
805 1352 1232 1423 signiﬁcandam
1283 1353 1527 1423 positum
1596 1351 1957 1422 accipiamus,

385 1455 444 1501 ut
472 1446 526 1501 in
565 1446 754 1502 verbis
788 1446 900 1502 illis
936 1444 1162 1501 Davidis
1196 1459 1256 1500 ιι
1290 1444 1466 1512 Quam
1502 1446 1678 1501 bonus
1709 1452 1793 1500 est
1819 1444 1962 1500 Deus

384 1536 610 1595 lsraelii
640 1540 652 1592 l
695 1558 714 1590 ι
753 1538 860 1593 hoc
887 1544 994 1603 est,
1031 1537 1187 1593 valde
1214 1538 1434 1605 bonus;
1466 1546 1520 1592 et
1558 1538 1612 1592 in
1644 1537 1768 1593 aliis
1812 1534 1961 1608 ejus-

2056 443 2257 510 τυχεῖν.
2306 459 2324 492 ί
2374 439 2810 511 Ἀνασωζόμενος
2839 438 2966 510 γὰρ,
3012 441 3196 512 φησὶν,
3229 442 3332 493 ούκ
3364 441 3514 495 ἔσται
3542 443 3633 497 ἀπ’

2057 531 2256 586 αὐτῶν.
2298 552 2317 584 ›
2370 532 2618 605 ᾘνίξατο
2642 530 2697 585 δὲ
2725 530 2812 585 διὰ
2833 530 3057 598 τούτων,
3101 531 3210 588 τῶν
3242 531 3518 604 πολεμίων
3542 535 3635 603 τὴν

2057 624 2387 696 προσϐολήν.

2126 711 2189 777 δ’,
2221 719 2282 767 ε’.
2311 714 2439 777 «Ὧς
2466 715 2651 787 ὅρασις
2694 716 2877 772 ἵππων
2903 719 2937 791 ἡ
2968 717 3157 787 ὅρασις
3191 711 3396 777 αὐτῶν,
3430 716 3522 768 καὶ
3562 714 3634 779 ὡς

2059 806 2266 869 ἱππεῖς,
2291 804 2466 870 οὕτως
2496 807 2941 875 καταδιώξονται.
2976 809 3063 873 Ὦς
3088 807 3135 839 ⁸⁸
3172 806 3325 878 φωνὴ
3378 807 3633 877 ἁρμάτων

2059 896 2151 949 ἐπὶ
2172 896 2271 960 τὰς
2300 897 2543 969 κορυφάς
2571 899 2679 954 τῶν
2705 900 2876 969 ὀρέων
2905 900 3241 967 ὲξαλοῦνται,
3263 898 3358 952 καὶ
3383 898 3460 963 ὡς
3488 899 3633 969 φωνὴ

2062 989 2257 1058 φλογὸς
2310 991 2481 1062 πυρὸς
2536 992 2932 1063 κατεσθιούσης
2980 990 3234 1062 καλάμην
3254 1031 3268 1057 ,
3289 991 3387 1045 καὶ
3412 989 3489 1054 ὡς
3514 990 3633 1054 λαὸς

2060 1080 2228 1144 πολὺς
2274 1081 2370 1133 καὶ
2423 1083 2641 1153 ἰσχυρὸς
2674 1082 3161 1154 παρατασσόμενος
3190 1083 3271 1144 είς
3313 1080 3569 1150 πόλεμον.
3612 1101 3628 1132 ι

2061 1171 2248 1226 Ταῦτα
2304 1173 2396 1227 ἐπὶ
2444 1174 2543 1245 μὲν
2577 1174 2684 1227 τῶν
2727 1175 3055 1243 Ἀσσυρίων
3099 1175 3190 1229 καὶ
3244 1172 3637 1228 Βαϐυλωνίων

2061 1263 2327 1329 νοοῦντες,
2354 1264 2415 1317 τὸ
2447 1263 2547 1331 ὡς,
2578 1263 2640 1317 οὐ
2688 1263 3092 1335 παραϐολικῶς,
3144 1262 3260 1318 ἀλλ’
3309 1263 3635 1327 ὲπιτατικῶς

2060 1355 2366 1425 νοήσωμεν,
2403 1354 2481 1419 ὡς
2529 1353 2638 1408 τῶν
2691 1353 2844 1425 παρὰ
2896 1354 2975 1425 τῷ
3010 1355 3265 1427 μακαρίῳ
3291 1353 3462 1407 Δαϐὶδ
3493 1355 3636 1423 είρη-

2065 1443 2273 1514 μένων·
2315 1462 2335 1494 ‹
2386 1441 2474 1507 Ὠς
2521 1442 2723 1513 ἀγαθὸς
2761 1445 2790 1497 ὁ
2831 1442 2963 1507 Θεὸς
3010 1442 3085 1514 τῷ
3102 1444 3147 1475 ⁸²
3189 1442 3437 1515 Ἰσραήλί
3481 1445 3634 1497 »ἀντὶ

2062 1531 2177 1598 τοῦ,
2221 1534 2424 1606 σφόδρα
2467 1533 2690 1603 ἀγαθός.
2744 1534 2856 1588 Kal
2888 1533 2950 1587 τό
2972 1551 2986 1564 ο
3020 1554 3037 1586 ‹
3095 1536 3184 1598 Ὡς
3212 1535 3258 1567 ⁵³
3284 1534 3547 1606 ἀγαπητὰ
3572 1535 3634 1590 τὰ

385 1632 506 1686 dem
539 1651 553 1686 :
588 1649 607 1683 ι
650 1628 825 1697 Quam
882 1629 1082 1685 dilecta
1136 1631 1499 1686 tabernacula
1565 1639 1682 1697 tua,
1727 1629 1962 1687 Domine

2068 1623 2399 1696 σκηνώματά
2428 1642 2542 1689 σου,
2568 1624 2741 1697 Κύριε
2772 1624 2881 1679 τῶν
2936 1625 3251 1699 δυνάμεωνί
3285 1647 3303 1679 ι
3351 1627 3474 1680 ἀντὶ
3522 1627 3630 1692 τοῦ,

384 1695 715 1779 νίτιυιυηιίι
742 1741 760 1776 ι
788 1722 844 1777 id
861 1729 966 1789 est,
984 1722 1146 1777 valde
1172 1720 1376 1778 dilecta
1402 1741 1417 1791 ;
1447 1731 1502 1778 et
1532 1695 1708 1778 illud:
1736 1740 1754 1774 ι
1784 1720 1958 1790 Quam

2068 1716 2184 1771 λίαν
2214 1717 2490 1788 ἀγαπητά.
2518 1718 2630 1771 Kal
2656 1695 2748 1771 16'
2775 1736 2794 1770 ι
2832 1718 2921 1782 Ὠς
2950 1695 3322 1789 ἐμεχαλύνθης
3354 1718 3585 1790 σφόδραί
3612 1741 3630 1772 ο

387 1815 776 1886 magnificatus
841 1830 900 1871 es
956 1814 1394 1871 vehementerlt
1456 1835 1475 1869 ι
1506 1815 1612 1871 hoc
1662 1823 1767 1881 est,
1804 1814 1962 1869 valde

386 1906 775 1978 magnificatus
813 1920 893 1961 es.
946 1905 1039 1961 Sic
1076 1905 1247 1976 igitur
1296 1906 1405 1961 hoc
1459 1908 1626 1962 etiam
1679 1907 1801 1960 loco
1840 1920 1962 1976 quae

384 1999 655 2054 dicuntur
683 1996 753 2053 de
783 1995 1041 2052 hostibus
1080 1997 1536 2067 interpretantes,
1589 1997 1962 2068 intelligemus

387 2090 525 2145 illud
586 2099 830 2161 aspectus
878 2104 1155 2160 equorum,
1219 2088 1335 2145 fore
1371 2099 1430 2146 ut
1470 2090 1660 2146 multis
1708 2091 1866 2161 equis
1910 2101 1964 2147 et

387 2184 669 2254 equitibus
688 2190 938 2247 utantur,
963 2181 1262 2251 multisque
1283 2197 1406 2236 cum
1430 2182 1687 2237 curribus
1713 2183 1959 2249 veniant,

387 2284 543 2331 tanta
571 2276 766 2345 peritia
822 2281 877 2330 et
931 2280 1051 2330 arte
1076 2274 1422 2345 aurigarum,
1451 2279 1511 2329 ut
1567 2275 1719 2344 ipsos
1755 2275 1810 2329 in
1845 2289 1964 2329 ver-

389 2370 525 2425 tices
554 2369 821 2422 montium
854 2380 1081 2422 cursum
1116 2364 1395 2436 dirigant,
1435 2373 1490 2421 et
1522 2364 1575 2420 in
1632 2364 1773 2421 locis
1821 2364 1977 2443 (ἰίίῖ-⁵

388 2458 613 2515 cillimis
638 2455 863 2530 perinde
886 2467 1051 2527 atque
1086 2457 1139 2510 in
1173 2455 1405 2527 planitie
1464 2470 1680 2512 summa
1724 2471 1959 2512 versen-

389 2559 498 2605 tur.
533 2549 589 2606 Si
614 2563 745 2604 vero
773 2547 841 2604 de
874 2549 1085 2603 locusta
1123 2547 1239 2603 haec
1272 2547 1419 2603 dicta
1451 2547 1711 2613 velimus,
1750 2548 1853 2601 hoc
1882 2547 1964 2618 ip-

366 2658 534 2704 'sum,
577 2660 596 2694 ι
632 2641 787 2696 Sicut
819 2646 1081 2711 aspectus
1109 2654 1379 2710 equorum
1407 2646 1665 2710 aspectus
1696 2653 1907 2703 eorum,
1939 2656 1957 2689 ι

387 2733 787 2805 experientiam
824 2731 879 2786 in
916 2746 985 2786 eo
1024 2730 1346 2800 magistram
1402 2738 1704 2801 sequentes
1759 2729 1964 2785 intelli-

387 2835 598 2891 gemus.
636 2818 772 2873 Nam
803 2819 849 2873 si
883 2818 1012 2889 quis
1042 2818 1273 2875 locusta:
1299 2826 1467 2890 caput
1506 2820 1806 2891 diligenter
1828 2834 1961 2873 con-

388 2912 612 2993 sideret,
678 2909 816 2967 illud
863 2910 1034 2981 capiti
1099 2910 1305 2980 equino
1360 2911 1646 2981 persimile
1694 2910 1957 2965 inveniet.

387 3004 468 3057 Ac
503 3001 691 3058 videre
714 3011 800 3058 est
834 3001 1009 3071 illam,
1044 3016 1170 3059 cum
1206 3001 1378 3066 volat,
1414 3001 1554 3055 nihil
1594 3016 1740 3071 equo
1770 3000 1840 3056 ad
1867 3014 1959 3055 ce-

388 3093 660 3148 leritatem
689 3092 837 3164 quod
892 3092 1111 3157 attinet,
1162 3089 1488 3156 concedere,
1545 3097 1875 3161 montesque
1907 3100 1956 3147 et

388 3199 612 3255 campos
641 3182 800 3240 facile
830 3184 1136 3256 pervolare,
1163 3192 1280 3237 tum
1314 3180 1551 3236 ﬂammae
1597 3182 1775 3236 instar
1802 3197 1957 3252 sege-

388 3283 473 3331 tes
531 3274 794 3333 invadere
865 3276 1080 3331 culmus
1133 3272 1481 3327 devorantis.
1540 3271 1847 3339 Quinetiam
1906 3283 1963 3328 et

388 3381 512 3421 cum
539 3367 776 3431 volant,‘
807 3375 862 3423 et
897 3381 1023 3423 cum
1059 3374 1284 3435 repunt,
1332 3363 1544 3421 similes
1601 3372 1733 3421 sunt
1768 3366 1964 3421 multi-
2000 3384 2003 3387 ·

389 3455 564 3510 tudini
592 3455 659 3510 ad
686 3455 890 3511 bellum
909 3463 1240 3524 comparatae
1273 3471 1286 3507 :
1320 3468 1447 3508 nam
1471 3452 1617 3510 inter
1650 3470 1709 3511 se
1732 3469 1965 3527 congre—
2006 3482 2007 3491 ι

390 3557 525 3622 gata:
562 3549 751 3604 omnia
782 3546 1018 3612 faciunt,
1068 3554 1122 3601 et
1153 3544 1453 3603 testudinis
1504 3547 1798 3617 cujusdam
1835 3563 1962 3617 spe-

390 3640 531 3696 ciem
564 3639 829 3710 praebent,
871 3634 1159 3707 aciemque
1196 3646 1599 3709 repraesentant
1638 3638 1953 3693 militarem.

465 3728 628 3786 Vsus.
661 3730 716 3785 6.
755 3746 778 3782 ι
812 3727 856 3781 Α
886 3726 1032 3783 facie
1062 3729 1207 3800 ejus,
1239 3730 1443 3801 inquit,
1474 3737 1835 3784 conterentur
1858 3743 1958 3799 po-

390 3823 526 3895 puli,
563 3828 618 3877 et
663 3820 847 3875 omnis
896 3819 1086 3877 vultus
1133 3820 1242 3876 erit
1286 3822 1434 3875 sicut
1485 3820 1711 3874 adustio
1754 3820 1895 3875 ollae.
1938 3838 1957 3870 ι

390 3912 577 3968 Talem
616 3911 764 3967 enim
813 3909 1132 3964 hominibus
1176 3908 1384 3979 1391
1427 3908 1793 3964 calamitatem
1820 3907 1963 3961 inlli-

389 4013 498 4076 get,
536 4011 595 4058 ut
645 4016 835 4058 eorum
890 4000 1060 4057 facies
1119 4013 1369 4056 evasura;
1411 3999 1522 4053 sint
1578 3998 1788 4054 similes
1842 3999 1965 4055 ollae

2062 1808 2182 1863 ἀντὶ
2210 1808 2326 1875 106,
2350 1810 2495 1863 Πάνυ
2522 1808 2917 1882 ὲμεγαλύνθης.
2953 1810 3139 1873 Οὕτως
3168 1808 3260 1867 οὖν
3287 1814 3384 1867 καὶ
3409 1813 3636 1868 ἐνταῦθα

2062 1901 2192 1974 περὶ
2233 1901 2342 1955 τῶν
2374 1901 2647 1973 πολεμίων
2676 1902 2746 1956 τὰ
2795 1903 3063 1975 εἰρημένα
3096 1904 3472 1975 λαμϐάνοντες
3514 1907 3634 1976 νοή-

2065 2011 2232 2066 σομεν
2263 1993 2344 2060 τὸ,
2382 1993 2653 2063 ὅρασιςδδ
2681 1995 2903 2062 ἵππων,
2933 1996 3013 2050 ὅτι
3060 1996 3249 2061 ἵπποις
3292 1998 3513 2061 πολλοῖς
3550 2000 3636 2052 xal

2065 2084 2289 2138 ἱππεῦσι
2323 2085 2633 2155 χρήσονται,
2658 2085 2753 2139 καὶ
2792 2085 2932 2156 μετὰ
2976 2085 3185 2139 πολλῶν
3208 2086 3267 2140 δὲ
3294 2086 3519 2159 ἥξουσιν
3547 2088 3637 2160 ap-

2067 2172 2250 2243 μάτων
2279 2211 2293 2236 ,
2325 2171 2561 2246 τοσαύτῃ
2608 2173 2772 2247 τέχνῃ
2823 2174 3180 2246 κεχρημένων
3231 2176 3341 2231 τῶν
3389 2178 3633 2248 ἡνιόχων,

2062 2263 2139 2326 ὡς
2184 2264 2277 2317 καὶ
2308 2264 2390 2328 εἰς
2445 2264 2616 2328 αὐτὰς
2654 2264 2854 2319 ἰθύνειν
2880 2265 2978 2330 τὰς
3009 2267 3319 2339 ἀκρωρείας
3345 2308 3360 2333 ,
3387 2270 3483 2322 zal
3525 2271 3635 2331 ταῖς

2060 2355 2385 2427 δυσχωρίαις
2407 2355 2485 2418 ὡς
2518 2355 2723 2420 πεδίοις
2751 2357 3073 2429 κεχρῆσθαι.
3102 2358 3197 2423 Eis;
3213 2358 3269 2412 δὲ
3294 2358 3408 2428 τὴν
3432 2359 3635 2427 ἀκρίδα

2063 2447 2130 2501 τά
2183 2447 2451 2517 εἰρημένα
2485 2447 2859 2518 λαμϐάνοντες
2908 2449 2990 2515 τὸ,
3023 2468 3041 2501 r
3086 2449 3174 2513 Ὠς
3217 2451 3408 2522 ὅρασις
3466 2452 3635 2505 ἵππων

2062 2539 2095 2609 ἡ
2128 2539 2319 2609 ὅρασις
2350 2537 2551 2602 αὐτῶν,
2585 2557 2604 2590 ι
2660 2539 2927 2611 νοήσομεν
2958 2542 3025 2611 τῇ
3076 2540 3242 2611 πείρᾳ
3289 2541 3429 2610 πρὸς
3472 2543 3635 2613 τούτῳ

2065 2628 2337 2699 χρώμενοι
2387 2630 2711 2701 διδασκάλῳ.
2760 2633 2822 2685 Et
2879 2631 2990 2704 γάρ
3028 2650 3113 2696 τις
3154 2634 3402 2704 ἀκριϐῶς
3441 2635 3633 2690 κατίδοι

2065 2720 2161 2791 τὴν
2214 2719 2454 2791 κεφαλὴν
2503 2721 2602 2791 τῆς
2640 2706 2902 2792 ἀκρίδος,
2940 2721 3147 2793 σφόδρα.
3202 2724 3268 2793 τῇ
3330 2722 3428 2776 106
3479 2724 3632 2778 ῖππου

2066 2812 2308 2866 ἐοικυῖαν
2342 2812 2583 2884 εὑρήβει.
2632 2813 2790 2865 Ἐστι
2828 2812 2885 2865 δὲ
2918 2813 3049 2867 ἰδεῖν
3081 2814 3177 2867 καὶ
3215 2815 3522 2886 πετομένην
3547 2817 3634 2869 αύ-

2063 2902 2191 2974 τὴν,
2216 2904 2338 2957 κατ’
2361 2902 2512 2956 οὐδὲν
2539 2903 2640 2975 τῆς
2668 2902 2778 2957 τῶν
2823 2903 3005 2957 ἵππων
3041 2905 3342 2977 ταχύτητος
3397 2906 3657 2975 ὲλαττουτ

2070 2995 2256 3066 μένην,
2292 2995 2444 3067 ὅρεσί
2493 3012 2552 3049 τε
2599 2995 2695 3049 καὶ
2726 2995 2930 3061 πεδίοις
2965 2997 3163 3069 ῥᾳδίως
3211 2999 3584 3071 ὲφιπταμένην
3617 3015 3630 3030 ·

2068 3089 2163 3141 καὶ
2198 3088 2380 3158 μέντοι
2414 3087 2508 3141 καὶ
2553 3089 2667 3151 τοῖς
2718 3087 2893 3160 ληίοις
2941 3089 3100 3159 δίκην
3136 3089 3335 3159 φλογὸς
3360 3090 3631 3157 ἐπιοῦσαν,

2069 3177 2462 3249 κατεσθιούσης
2514 3177 2791 3248 καλάμην.
2849 3179 2958 3233 Kal
2989 3179 3182 3252 πλήθει
3228 3180 3286 3233 δὲ
3335 3199 3633 3252 παρατετα-

2069 3269 2257 3341 γμένῳ
2283 3269 2329 3302 ⁸⁵
2361 3271 2442 3333 είς
2476 3268 2714 3339 πόλεμον
2744 3269 2887 3323 ἔοικε
2917 3310 2933 3334 ,
2966 3270 3063 3323 καὶ
3129 3271 3488 3342 πετόμεναι⁸⁸
3507 3313 3521 3337 ,
3550 3272 3634 3326 καὶ

2068 3363 2334 3433 ἓρπουσαι
2397 3361 2780 3434 (συνημμέναι
2839 3361 2947 3433 γὰρ
3002 3361 3260 3434 ἀλλήλαις
3319 3363 3560 3418 ποιοῦσιν
3601 3363 3633 3417 ὃ.

2070 3451 2369 3521 ποιοῦσιν),
2437 3445 2616 3505 οἶόν⁸⁷
2647 3471 2768 3506 τινα
2808 3453 3181 3524 συνασπισμὸν
3222 3453 3318 3507 καὶ
3346 3453 3501 3521 τάξιν
3539 3454 3633 3507 δει-

2070 3544 2263 3599 κνῦσαι
2310 3544 2629 3614 πολεμικήν.

2143 3734 2215 3793 ς’.
2252 3747 2270 3779 ι
2295 3726 2425 3780 Ἀπὸ
2449 3726 2740 3797 προσώπου
2771 3724 2959 3792 αὐτοῦ,
2994 3727 3150 3799 φησὶ,
3195 3728 3631 3800 συντριϐήσονται

2069 3819 2188 3874 λαοί
2212 3837 2225 3849 ·
2257 3818 2352 3872 καὶ
2403 3821 2512 3874 πᾶν
2545 3819 2862 3892 πρόσωπον,
2891 3821 2967 3885 ὡς
3001 3823 3334 3894 πρόσκαυμα
3372 3824 3589 3893 χύτρας.
3613 3841 3630 3874 ι

2070 3912 2339 3983 Τοιαύτην
2369 3914 2477 3986 γάρ
2510 3913 2701 3981 ἑπάξει
2734 3918 2846 3979 τοῖς
2878 3913 3189 3986 ἀνθρώποις
3216 3915 3314 3986 τὴν
3341 3913 3632 3986 συμφοράν,

2069 4001 2144 4067 ὡς
2176 4005 2279 4058 ὑπὸ
2338 4005 2511 4077 πυρός
2547 4022 2691 4069 τινος
2743 4006 3072 4079 μελανθείσῃ
3128 4007 3303 4078 χύτρᾳ
3333 4007 3402 4059 τὰ
3450 4006 3635 4060 τούτων

389 4097 515 4167 igne
551 4093 860 4161 infuscatae,
896 4091 1041 4148 fame
1069 4100 1123 4148 et
1156 4096 1399 4162 egestate
1442 4090 1587 4143 hanc
1620 4090 1728 4145 illis
1780 4092 1964 4161 perni-

390 4188 529 4242 ciem
563 4185 854 4242 inferente.

2068 4188 2273 4258 ταύτην
2302 4189 2678 4261 ἐργαζομένης
2709 4192 2810 4258 τὴν
2834 4190 3150 4261 διαφθοράν.

459 4277 623 4335 Vsus.
653 4279 702 4343 7,
734 4279 785 4336 3.
826 4298 844 4331 ι
887 4278 1045 4333 Sicut
1078 4280 1418 4347 pugnatores
1442 4281 1698 4338 current,
1732 4280 1785 4328 et
1810 4276 1961 4333 sicut

2142 4280 2206 4346 ζ’,
2243 4288 2311 4353 η’.
2348 4301 2365 4333 ι
2403 4281 2491 4345 Ὠς
2532 4283 2773 4353 μαχηταὶ
2802 4283 3159 4355 δραμοῦνται,
3208 4284 3303 4338 καὶ
3351 4283 3429 4346 ὼς
3460 4281 3637 4352 ἄνδρες

389 4371 497 4428 viri
518 4371 810 4427 bellatores
832 4371 1135 4426 ascendent
1152 4381 1316 4437 super
1334 4380 1555 4421 muros:
1579 4369 1962 4438 unusquisque

2072 4373 2393 4444 πολεμισταὶ
2437 4373 2801 4444 ἀναϐήσονται
2851 4374 2944 4425 ἐπὶ
2993 4374 3062 4427 τά
3115 4372 3303 4445 τείχη·
3330 4373 3557 4437 ἕκαστος
3586 4373 3637 4424 ὲν

392 4468 449 4518 in
470 4464 560 4523 tia
586 4478 685 4519 sua
710 4462 1042 4527 ambulabit,
1076 4468 1133 4515 et
1156 4474 1267 4514 non
1292 4458 1658 4514 declinabunt
1682 4475 1710 4513 a
1747 4461 1962 4518 seruilis

2070 4467 2134 4535 τῇ
2169 4463 2271 4535 ὁδῷ
2299 4463 2461 4517 αὑτοῦ
2496 4463 2874 4533 πορεύσονται,
2908 4465 3003 4518 καὶ
3033 4466 3094 4518 06
3133 4465 3207 4536 μὴ
3232 4464 3521 4519 ὲκκλίνωσι
3548 4463 3638 4526 τὰς

394 4555 533 4610 suis.
571 4551 636 4606 Et
670 4551 1058 4620 unusquisque
1092 4564 1122 4602 a
1152 4548 1323 4604 fratre
1355 4563 1457 4604 suo
1493 4550 1733 4604 recedet.
1773 4569 1791 4601 ι
1836 4549 1962 4607 Haec

2070 4555 2288 4627 τρίϐους
2316 4554 2515 4609 αὐτῶν.
2561 4554 2669 4607 Kal
2702 4556 2931 4619 ἕκαστος
2961 4556 3070 4610 ἀπὸ
3093 4556 3188 4609 τοῦ
3231 4555 3464 4624 ἀδελφοῦ
3479 4555 3637 4617 ⁸⁸,αὑ-

392 4647 648 4722 similiter
690 4651 750 4699 ut
795 4641 1142 4712 supradicta,
1172 4649 1289 4695 tum
1318 4639 1385 4696 de
1424 4641 1714 4707 hostibus,
1750 4652 1864 4698 tum
1898 4645 1962 4700 de

2071 4646 2163 4701 106
2194 4649 2294 4700 οὐκ
2323 4645 2632 4715 ἀφέξεται.»
2655 4646 2767 4701 Kal
2797 4646 2969 4702 ταῦτα
2991 4650 3102 4710 τοῖς
3130 4647 3441 4719 είρημένοις
3469 4662 3638 4718 παρα-

394 4738 634 4793 lucustis
697 4734 991 4806 exposita,
1060 4733 1457 4804 intelligamus.
1519 4732 1657 4788 Nam
1719 4735 1962 4794 locustae

2074 4739 2313 4810 πλησίως
2342 4740 2644 4811 νοήσωμεν,
2676 4738 2759 4801 είς
2782 4756 2841 4792 τε
2870 4739 2997 4803 τοὺς
3017 4740 3327 4811 πολεμίους,
3354 4742 3435 4805 εἷς
3466 4757 3522 4793 τε
3548 4739 3637 4810 τὴν

395 4830 580 4885 videre
610 4838 718 4894 est,
753 4843 866 4882 non
895 4827 1058 4882 aliter
1080 4842 1246 4896 quam
1277 4828 1492 4893 hostes,
1524 4835 1578 4883 et
1598 4842 1791 4884 muros
1829 4845 1962 4884 con-

2073 4831 2268 4902 ἀκρίδα
2306 4830 2693 4900 λαμϐάνοντες.
2727 4830 2881 4883 Ἐστι
2901 4831 3009 4903 γὰρ
3029 4831 3155 4884 ἰδεῖν
3184 4832 3279 4885 καὶ
3303 4831 3404 4901 τὴν
3428 4831 3635 4904 ἀκρίδα,

394 4920 680 4984 scandere,
720 4928 774 4973 et
800 4932 899 4989 per
941 4917 1061 4973 vias
1120 4917 1418 4974 incedere:
1477 4933 1579 4973 nec
1632 4918 1743 4972 ulla
1798 4920 1851 4974 vi
1910 4936 1962 4975 se

2069 4920 2179 4973 τῶν
2213 4921 2259 4952 ⁵³
2290 4918 2561 4989 πολεμίων
2613 4919 2790 4990 δίκην,
2828 4922 2923 4974 καὶ
2973 4921 3170 4991 τειχῶν
3221 4922 3635 4985 ὲπιϐαίνουσαν,

393 5008 586 5063 divelli
640 5017 695 5064 et
746 5008 980 5065 distrahi
1037 5008 1367 5078 patiuntur,
1422 5009 1520 5065 sed
1581 5018 1843 5080 tanquam
1898 5027 1962 5066 ex

2072 5015 2176 5066 κάν
2204 5013 2323 5068 ταῖς
2359 5011 2497 5074 ὁδοῖς
2537 5010 2875 5082 βαδίζουσαν,
2912 5011 3005 5066 καὶ
3039 5012 3149 5066 οὐδ’
3178 5013 3282 5068 ὑπό
3309 5030 3457 5079 τινος
3484 5016 3641 5083 ἀνάγ-

396 5110 585 5154 mutua
636 5100 877 5171 quadam
939 5100 1360 5170 conspiratione
1416 5100 1685 5172 impetum
1728 5100 1962 5161 faciunt.

2076 5122 2177 5175 κης
2234 5104 2591 5176 σκεδασθῆναι
2628 5104 2989 5176 ἀνεχομένην,
3022 5105 3138 5161 ἀλλ’
3169 5103 3280 5160 οἷον
3333 5108 3475 5178 μετά
3504 5125 3640 5169 τινος

2070 4096 2514 4168 παραϐάλλεσθαι
2548 4098 2838 4169 πρόσωπα,
2863 4097 2958 4151 τοῦ
2983 4098 3145 4168 λιμοῦ
3182 4102 3277 4151 καὶ
3307 4099 3408 4167 τῆς
3446 4097 3633 4160 ἐνδείας

470 5248 485 5287 ι
517 5236 660 5294 Psal.
682 5253 848 5304 uxn,
884 5237 938 5293 1.
1015 5228 1044 5277 ι
1073 5236 1217 5293 Psal.
1252 5252 1484 5303 uxxnn,
1509 5236 1562 5289 2.
1648 5234 1668 5275 ι
1699 5238 1848 5293 Psal.
1885 5256 2002 5306 vnn,
2034 5241 2085 5306 1,
2120 5243 2172 5297 9.

1651 5351 1886 5408 VARIIE
1929 5354 2338 5412 LECTIO‘NES.

483 5508 530 5543 ”
557 5510 718 5575 τινός.
773 5512 897 5566 Des.
942 5511 1074 5566 ibid.
1175 5512 1219 5543 "
1261 5512 1367 5575 Ὦς.
1420 5511 1542 5567 Des.
1588 5513 1718 5567 ibid.

393 5576 445 5613 ”
470 5578 556 5646 ὅρ.
612 5581 673 5636 in
699 5580 740 5637 C
774 5581 843 5635 ab
888 5582 1074 5636 eadem
1129 5596 1293 5637 manu
1341 5582 1586 5636 additum
1620 5583 1714 5646 ὡς.

393 5648 667 5722 πετομένη
691 5659 745 5706 et
778 5650 971 5706 deinde
986 5651 1152 5722 ἕρπον
1167 5671 1226 5705 ςα

1825 5516 1871 5588 ff
1897 5515 1997 5584 τῷ.
2047 5515 2245 5588 Supra,
2287 5528 2324 5573 t.
2360 5515 2400 5581 1,
2439 5518 2679 5588 p.1lN,
2732 5527 2873 5588 erat,
2918 5519 3034 5575 106.
3112 5521 3161 5554 ³³
3209 5522 3315 5586 Ὧς.
3337 5521 3460 5580 Des.
3489 5523 3543 5578 in
3572 5524 3628 5578 C.

1349 5585 1586 5668 additum
1620 5585 1714 5646 ὡς.
1823 5586 2024 5690 ⁵⁸παρ.
2078 5585 2301 5642 Itacum
2360 5585 2679 5658 Clegituus.
2733 5587 2900 5645 Sirm.
2967 5589 3422 5664 παρατεταμένῳ.
3514 5590 3645 5645 ισο-

1349 5652 1391 5684 ’7
1423 5669 1534 5690 n-nu
1594 5653 1634 5690 (ἶ
1662 5667 1826 5690 nrmnn
1893 5672 1958 5690 ναι
2104 5657 2149 5689 ’Β
2184 5659 2253 5690 λλ
2307 5659 2332 5690 Α
2374 5659 2601 5690 ,Ἅπαηῖηυ
2733 5660 2779 5690 BD
2800 5659 2909 5690 ιιι-ἴ...
2961 5661 3061 5690 nm.
3119 5662 3171 5690 ς..
3205 5662 3243 5690 l‘

1423 5654 1553 5705 οἷον.
1594 5654 1635 5708 (ἶ
1662 5667 1849 5724 prtem.
1893 5654 2004 5710 καί.
2104 5657 2149 5689 ⁸³
2182 5659 2266 5713 ἁδ.
2298 5659 2341 5712 Α
2374 5654 2623 5727 πλησίον.
2733 5660 2779 5693 ⁵⁹
2799 5659 2930 5716 τῶν.
2957 5654 3085 5716 Des.
3118 5662 3172 5715 in
3204 5654 3265 5718 Ο.
