3904 6202
218 314 352 379 liii?)

1529 314 1613 374 IN
1654 310 1914 374 JOELIS
1968 310 2127 372 CAP.
2163 313 2243 373 ΙΙ.

3338 304 3474 369 1646

212 431 514 504 συμπνοίας
544 432 642 505 τὴν
666 431 851 504 ἔφοδον
884 432 1231 504 ποιουμένην.
1264 452 1282 484 ι
1327 428 1792 500 Καταϐαρυνόμε-

1915 446 1927 478 ι
1966 430 2258 499 Aggravati
2294 431 2466 487 armis
2499 430 2620 487 suis
2669 428 2855 493 ibunt,
2902 434 2958 482 et
2999 426 3056 481 in
3099 423 3307 496 jaculis
3361 424 3480 479 suis

211 543 288 578 νοι
319 526 378 576 ὲν
410 526 525 587 τοῖς
572 523 760 587 ὅπλοις
814 524 998 580 αὐτῶν
1054 523 1442 596 πορεύσονται,
1471 521 1567 576 καὶ
1598 523 1655 574 ἐν
1684 521 1798 582 τοῖς

210 610 420 682 βέλεσιν
448 611 630 665 αὐτῶν
654 612 970 678 πεσοῦνται,
992 613 1087 667 καὶ
1104 613 1165 667 οὐ
1198 611 1274 684 μὴ
1300 609 1744 666 συντελεσθῶσιν.
1774 629 1791 661 ι

212 704 392 759 Ὅπλα
416 704 476 759 δὲ
502 706 557 759 al
596 706 692 775 μὲν
720 705 937 776 ἀκρίδες
962 705 1142 776 έχουσι
1181 703 1406 774 φυσικὰ,
1430 703 1673 767 ὀδόντας,
1701 703 1799 756 καὶ

211 800 407 871 πτερὰ,
462 802 559 854 καὶ
591 799 860 872 πριονώδη
904 800 1055 854 κῶλα
1086 814 1102 832 ο
1130 801 1179 853 oi
1208 800 1263 853 δὲ
1310 797 1563 869 πολέμιοι
1592 796 1659 850 τὰ
1686 796 1797 851 ἀπὸ

212 897 311 963 τῆς
341 893 536 965 τέχνης
573 892 903 964 πορισθέντα
957 896 1023 964 τῇ
1077 891 1259 959 φύσει.
1304 889 1464 944 Ἀλλὰ
1495 888 1591 944 καὶ
1628 881 1796 954 οὗτοι,

212 985 369 1054 φησὶ,
402 985 646 1038 κάκεῖνοι
670 987 784 1048 τοῖς
822 984 1009 1048 ὅπλοις
1061 982 1324 1053 διηνεκῶς
1350 982 1667 1053 χρήσονται.
1690 967 1801 1034 Καὶ

211 1073 577 1145 πολεμοῦντες
617 1074 662 1107 ⁸⁸
691 1074 801 1146 γάρ
832 1076 891 1129 ἐν
941 1076 1053 1138 τοῖς
1089 1074 1469 1148 σφοδροτέροις
1515 1074 1797 1146 πολέμοις,

213 1165 309 1219 καὶ
358 1164 846 1236 σιδηροφοροῦντες
890 1165 1073 1220 σιτίων
1110 1165 1207 1219 καὶ
1244 1164 1411 1219 ὕπνου
1456 1165 1800 1236 μεταλαγχᾶ-

212 1274 324 1311 νειν
370 1256 619 1322 εἰώθασι,
656 1257 767 1311 τῶν
820 1256 1162 1321 πελαζόντων
1191 1258 1375 1321 αὐτοῖς
1401 1258 1676 1328 πολεμίων
1704 1257 1802 1322 τὰς

209 1351 435 1420 ἐφόδους
461 1350 848 1421 δειμαίνοντες
871 1350 945 1403 Τὸ
971 1344 1085 1414 οὖν,
1110 1348 1445 1404 Πεσοῦνται
1469 1350 1539 1405 ἐν
1556 1350 1683 1416 τοῖς
1694 1350 1803 1414 βέ-

210 1447 392 1497 λεσιν
441 1440 659 1506 αὐτῶν,
689 1442 751 1495 τὸ
815 1440 956 1512 μετὰ
994 1441 1109 1494 τῶν
1156 1432 1339 1495 ὅπλων
1371 1440 1800 1497 διαναπαύεσθαι

211 1534 384 1601 λέγει.
412 1533 476 1587 τὸ
507 1533 585 1600 δὲ,
625 1535 708 1589 οὐ
745 1533 832 1603 μὴ
863 1533 1380 1600 συντελεσθῶσιν,
1415 1535 1538 1590 ἀντὶ
1560 1533 1676 1601 τοῦ,
1709 1537 1802 1590 κό-

216 1643 307 1696 ρον
337 1625 400 1679 o6
423 1625 686 1697 λήψονται
716 1625 826 1679 τῶν
858 1625 1136 1697 πολεμίων
1159 1627 1201 1658 ⁸¹
1229 1642 1244 1656 ·
1279 1626 1402 1680 οὐδὲ
1432 1627 1538 1699 μὴν
1561 1628 1618 1681 αἱ
1639 1626 1802 1699 άκρί-

211 1717 297 1781 δες
322 1716 424 1787 τῆς
451 1715 725 1788 βρώσεως.
774 1712 908 1770 Εἶτα
939 1717 1156 1786 ὲπάγει,
1197 1717 1273 1783 ὼς
1312 1718 1413 1771 ούκ
1450 1718 1665 1791 ἀπόχρη
1693 1719 1803 1773 τῶν

214 1807 516 1879 περιϐόλων
537 1808 598 1862 τὸ
630 1806 763 1877 ὕψος
790 1808 1043 1880 ἐμποδὼν
1089 1812 1153 1880 τῇ
1187 1809 1391 1863 τούτων
1427 1811 1619 1882 εἰσόδῳ
1644 1811 1801 1881 γενέ-

213 1897 361 1950 σθαι·
399 1898 536 1953 ἀλλὰ
581 1898 780 1970 ῥᾳδίως
813 1900 913 1969 μὲν
941 1899 1349 1972 ὑπερδήσονται
1381 1901 1449 1955 τὰ
1484 1902 1660 1972 τείχη,
1681 1901 1803 1954 κλέ-

210 2004 373 2052 πταις
406 1988 465 2042 δὲ
513 1989 911 2061 παραπλησίως
944 1991 1031 2045 διὰ
1088 1991 1317 2063 θυρίδων
1365 1995 1447 2057 είς
1479 1993 1579 2057 τὰς
1624 1994 1802 2059 οίκίας

211 2078 629 2134 εἰσελεύσονται.
663 2082 773 2134 Καὶ
800 2080 961 2135 τοῦτο
990 2082 1047 2135 δὲ
1079 2084 1138 2136 ού
1185 2082 1346 2154 μόνον
1373 2084 1478 2137 61:0
1503 2084 1800 2156 πολεμίων,

210 2171 346 2226 ἀλλὰ
401 2173 497 2225 καὶ
547 2172 652 2226 ὑπὸ
680 2172 920 2243 ἀκρίδων
949 2175 1317 2246 γεγενημένον
1354 2176 1615 2243 πολλάκις
1644 2177 1801 2232 ἐθεα-

1903 520 2102 575 cadent
2136 528 2191 575 et
2249 537 2363 576 non
2412 528 2841 578 consumeutur.
2890 537 2909 569 ι
2961 518 3130 572 Arma
3165 524 3352 572 autem
3385 516 3482 569 ba-

1902 615 2057 676 bent,
2090 613 2322 669 locustae
2353 613 2603 689 quidem,
2633 611 2942 676 naturalia,
2972 609 3192 678 dentes,
3237 610 3381 676 alas,
3423 617 3483 663 et

1904 714 2117 761 serrata
2155 706 2448 762 membra:
2487 706 2681 761 hostes
2710 720 2865 771 vero,
2895 720 2959 760 ea
2994 720 3118 775 qua:
3147 719 3243 760 ars
3277 719 3486 774 suppe-

1902 796 2042 852 ditat
2067 805 2299 852 natura}.
2326 794 2435 853 Sed
2459 803 2512 851 et
2538 796 2618 858 bi,
2644 795 2846 867 inquit,
2867 795 3041 862 etilli,
3062 795 3290 851 assidue
3313 792 3486 848 armis

1905 898 2153 952 utentur.
2201 890 2340 946 Nam
2385 891 2481 962 qui
2533 891 2740 947 bellum
2788 897 3010 961 gerunt,
3047 893 3102 944 in
3136 886 3486 958 gravissimis

1904 984 2088 1051 bellis,
2125 985 2326 1040 armati
2353 993 2411 1040 et
2435 983 2623 1040 cibum
2662 992 2714 1038 et
2746 998 3002 1039 somnum
3040 995 3244 1052 capere
3281 980 3485 1042 solent,

1902 1076 2153 1133 hostium
2232 1076 2343 1133 sibi
2404 1075 2973 1154 appropinquantium
3040 1073 3306 1143 impetum
3368 1085 3488 1125 me-

1905 1177 2148 1226 tuentes.
2185 1168 2253 1224 In
2283 1169 2492 1238 jaculis
2556 1181 2692 1238 ergo
2723 1166 2834 1220 suis
2895 1164 3105 1228 cadent,
3164 1163 3347 1227 dixit,
3383 1161 3489 1217 hoc
3568 1217 3578 1229 ,

1903 1269 2011 1326 est,
2042 1277 2159 1316 una
2186 1276 2314 1317 cum
2346 1261 2521 1315 armis
2558 1260 2675 1315 suis
2701 1257 3080 1329 requiescent.
3124 1252 3248 1308 Non
3292 1268 3488 1307 consu-

1905 1359 2118 1406 mantur
2149 1357 2360 1414 autem,
2391 1349 2538 1405 idem
2569 1358 2655 1404 est
2678 1346 2852 1419 quod,
2882 1345 3142 1400 hosribus
3166 1358 3278 1399 nou
3319 1342 3492 1398 satia-

1903 1443 2161 1500 buntur:
2211 1457 2394 1514 neque
2445 1442 2599 1498 enim
2631 1441 2864 1497 locustae
2919 1437 3175 1493 satietate
3233 1434 3344 1491 cibi
3395 1448 3491 1489 ca-

1905 1538 2164 1608 piuntur.
2199 1533 2278 1608 [9]
2312 1532 2447 1589 Post
2473 1534 2590 1588 hac
2620 1531 2797 1597 addit,
2836 1545 2951 1585 non
2982 1541 3272 1584 murorum
3302 1526 3494 1581 altitu-
3549 1525 3569 1551 ’-

1904 1624 2091 1679 dinem
2115 1622 2252 1678 satis
2277 1620 2395 1678 fore
2413 1620 2482 1676 ad
2508 1619 2884 1691 prohibendos
2903 1619 3094 1674 hostes
3114 1616 3185 1672 ab
3203 1616 3486 1688 ingressu:

1909 1714 2006 1771 sed
2034 1714 2154 1770 fore
2191 1723 2253 1769 ut
2281 1728 2474 1769 muros
2529 1711 2784 1783 expedite
2822 1709 3036 1781 1392
3067 1707 3490 1774 transcendant,

1909 1815 1965 1862 et
2000 1807 2149 1863 sicut
2185 1804 2341 1862 fures
2381 1819 2481 1876 per
2519 1803 2798 1859 fenestras
2846 1804 3044 1857 domos
3085 1799 3489 1872 ingrediantur.

1907 1899 1965 1955 ld
1990 1899 2141 1970 quod
2176 1913 2287 1953 non
2334 1897 2519 1953 solum
2556 1896 2627 1952 ab
2658 1893 2937 1960 hostibus,
2976 1891 3074 1948 sed
3121 1890 3294 1948 etiam
3340 1903 3372 1945 ιι
3412 1890 3496 1946 Ιο-

1906 1990 2085 2045 custis
2141 2004 2287 2058 saepe
2349 1987 2562 2043 factum
2624 1986 2907 2042 vidimus:
2954 1998 3087 2039 nam
3146 1999 3261 2039 non
3308 1982 3494 2040 solum

1906 2084 2173 2147 volando,
2206 2081 2305 2138 sed
2337 2082 2509 2138 etiam
2543 2081 2612 2136 ad
2645 2094 2837 2135 muros
2866 2076 3188 2149 irrependo,
3212 2092 3312 2149 per
3342 2076 3496 2133 fene-

1908 2185 2056 2233 stras
2084 2176 2284 2230 domos
2315 2181 2634 2243 penetrant.

213 2261 427 2333 σάμεοα
450 2280 463 2294 ·
500 2263 560 2317 οὐ
592 2264 888 2335 πετόμεναι
913 2265 1022 2338 γάρ
1045 2266 1382 2338 μόνον,ὰλλά
1404 2272 1498 2323 καὶ
1523 2270 1666 2325 κατὰ
1685 2271 1794 2327 τῶν
1831 2270 2027 2342 τειχῶν
2041 2270 2086 2301 ⁸³
2111 2267 2470 2339 ἁνέρπουσαι,
2499 2264 2590 2319 διὰ
2636 2264 2746 2318 τῶν
2796 2261 3150 2338 φωταγωγῶν
3215 2262 3298 2325 εἰς
3368 2259 3494 2321 τοὺς

213 2357 395 2417 οἴκους
420 2357 644 2412 εἰσίασι.

270 2444 339 2509 Δι’,
357 2453 445 2500 ια’.
470 2466 491 2498 ι
518 2448 628 2519 Πρὸ
655 2451 949 2520 προσώπου
977 2451 1139 2507 αὐτοῦ
1199 2456 1603 2528 συγχυθήσεται
1635 2458 1668 2527 ἡ
1700 2455 1794 2526 γῆν

216 2537 308 2591 καὶ
343 2537 690 2610 σεισθήσεται
713 2541 741 2594 ὁ
764 2541 993 2612 οὐρανός
1014 2560 1027 2573 ·
1060 2545 1088 2596 ὁ
1113 2546 1265 2616 ἥλιος
1291 2548 1386 2601 καὶ
1410 2547 1606 2619 σελήνη
1640 2549 1686 2579 ⁸³
1711 2564 1798 2599 συ-

214 2629 561 2695 σκοτάσουσι,
597 2631 690 2684 καὶ
717 2632 786 2685 τὰ
817 2633 994 2705 ἄστρα
1016 2635 1077 2689 o6
1111 2636 1341 2692 δώσουσι
1373 2640 1434 2693 τὸ
1463 2640 1667 2709 φέγγος
1700 2640 1800 2694 a6-

1973 2447 2138 2502 Vsas.
2172 2445 2262 2512 10,
2296 2446 2385 2500 il.
2440 2463 2459 2497 ι
2496 2446 2642 2499 Ante
2688 2441 2897 2497 faciem
2930 2442 3055 2513 ejus
3110 2443 3500 2503 confundetur

1901 2546 2072 2603 terra,
2099 2545 2153 2591 et
2193 2534 2639 2589 commovebitur
2665 2532 2870 2587 cretum
2902 2551 2916 2586 :
2953 2532 3036 2587 sol
3088 2542 3145 2586 et
3173 2533 3498 2590 lunaobte-

1902 2629 2286 2684 nebrabuutur
2312 2644 2325 2679 :
2353 2635 2407 2680 et
2429 2624 2599 2679 stellae
2622 2639 2732 2677 non
2762 2622 2972 2677 dabunt
2996 2622 3182 2677 lumen
3214 2638 3398 2679 suum.
3427 2624 3496 2680 Et

213 2718 342 2772 τῶν.
375 2722 485 2774 Καὶ
508 2721 713 2794 Κύριος
738 2725 899 2780 δώσει
931 2728 1114 2800 φωνὴν
1166 2731 1331 2786 αὑτοῦ
1367 2732 1474 2800 πρὸ
1501 2731 1796 2803 προσώπου

1915 2723 2172 2777 Dominus
2202 2718 2361 2775 dabit
2392 2732 2582 2772 vocem
2613 2733 2772 2771 suam
2817 2730 2847 2769 a
2877 2714 3022 2770 facie
3050 2716 3284 2773 virtutis
3335 2733 3450 2774 sum
3480 2738 3494 2774 :

214 2810 502 2881 δυνάμεως
535 2813 721 2881 αὑτοῦ,
754 2816 836 2869 ὅτι
886 2818 1052 2891 πολλή
1085 2821 1232 2873 ἐστιν
1270 2822 1305 2891 ἡ
1354 2820 1673 2893 παρεμϐολὴ
1703 2821 1801 2873 a6-

216 2905 334 2958 τοῦ.
378 2924 397 2956 ι
423 2904 607 2959 Ταῦτα
654 2906 710 2960 δὲ
761 2910 907 2974 είκὸς
936 2911 1035 2982 μὲν
1085 2912 1178 2965 καὶ
1222 2913 1289 2965 δι’
1321 2913 1503 2967 αὐτῶν
1552 2912 1804 2982 γενέσθαι

1909 2814 2173 2884 quoniam
2215 2812 2388 2865 multa
2425 2818 2559 2868 sunt
2612 2818 2795 2865 castra
2834 2810 2975 2880 ejus.
3036 2829 3057 2863 ι
3122 2808 3253 2867 Haec
3308 2821 3495 2869 autem

1911 2905 2080 2960 rebus
2109 2904 2251 2975 ipsis
2286 2903 2407 2959 fieri
2443 2918 2579 2960 vero
2625 2903 2945 2974 proximum
2975 2910 3098 2958 est:
3132 2919 3260 2959 nam
3322 2887 3499 2961 υοοεὴι
3562 2924 3569 2931 ο

217 2994 329 3047 τῶν
360 2996 705 3066 πραγμάτων
727 3015 741 3028 ·
758 3000 972 3068 φωνὴν
1001 3001 1110 3072 γὰρ
1135 3003 1292 3057 καλεῖ
1309 3002 1408 3075 τήν
1432 3003 1685 3075 βροντὴν,
1711 3003 1806 3057 καὶ

1915 3006 2073 3053 vocat
2117 2997 2361 3060 tonitru,
2409 2995 2546 3051 solis
2593 3004 2777 3051 autem
2828 3001 2884 3050 et
2942 2995 3092 3051 lunae
3150 2994 3498 3055 defectiones

220 3086 375 3157 ἡλίου
403 3062 461 3141 δὲ
491 3062 586 3141 καὶ
617 3062 847 3162 σελήνης
894 3062 1164 3163 ἐκλείψεις
1216 3062 1482 3160 πολλάκίςι
1505 3062 1806 3169 γεγενημέ-

1915 3104 2061 3160 saepe
2129 3088 2249 3144 ﬁeri
2306 3087 2715 3159 perspeximus,
2762 3088 3065 3154 astraque'
3120 3103 3190 3145 ex
3239 3088 3501 3159 squalore

220 3196 318 3241 νας
377 3179 755 3251 ἐθεασάμεθα,
791 3184 985 3237 καὶτὰ
1041 3185 1215 3257 ἄστρα
1266 3186 1373 3240 61:0
1421 3186 1634 3258 αὐχμοῦ
1662 3206 1809 3253 τινος

125 3294 135 3309 ι
222 3270 375 3323 ἐστιν
403 3272 493 3324 ὅτε
527 3273 742 3344 ἀμυδρὰ
787 3274 998 3343 γίνεται
1035 3276 1237 3350 σφόδρα
1261 3295 1274 3308 '
1303 3279 1397 3331 καὶ
1430 3281 1559 3351 ήγῆ
1597 3280 1655 3334 δὲ
1689 3280 1813 3334 κλο-

221 3360 483 3430 νουμένη,
509 3361 603 3414 τοῦ
634 3361 769 3415 Θεοῦ
802 3365 1104 3435 παραδηλοῖ
1131 3367 1229 3437 τήν
1255 3366 1443 3439 ὀργήν.
1480 3369 1588 3422 Καὶ
1611 3370 1811 3439 ἑτέρως

220 3454 279 3507 δὲ
302 3453 526 3506 δυνατὸν
561 3454 735 3508 ταῦτα
762 3456 952 3525 νοῆσαι
970 3472 984 3485 °
1002 3459 1050 3510 oi
1076 3458 1186 3529 γάρ
1208 3460 1265 3511 ὲν
1301 3463 1608 3531 συμφοραῖς
1638 3461 1809 3525 ὄντες,

221 3536 335 3595 οἷον
363 3543 421 3595 ὲν
454 3542 633 3613 σκότῳ
674 3544 779 3596 τινὶ
817 3544 1121 3612 διάγοντες,
1158 3548 1218 3600 οὐ
1263 3549 1363 3618 τῆς
1413 3549 1522 3603 τῶν
1566 3551 1815 3622 οὐρανῶν

223 3633 645 3687 ὲπαισθάνονται
703 3635 962 3703 στάσεως,
1015 3638 1073 3690 06
1120 3638 1219 3710 τὴν
1258 3639 1361 3709 γῆν
1400 3640 1657 3711 ἀκίνητον
1683 3643 1816 3695 ὑπο-

225 3723 597 3796 λαμϐάνουσιν
620 3718 782 3788 εἶναι,
833 3726 932 3780 οὐκ
965 3727 1022 3780 ἐν
1071 3729 1211 3797 φωτὶ
1243 3728 1341 3800 τὴν
1372 3729 1604 3803 ἡμέραν,
1631 3731 1732 3784 οὐκ
1757 3733 1814 3785 ἐν

226 3816 371 3886 αὐγῇ
402 3833 511 3869 τινι
545 3817 845 3888 συμμέτρῳ
900 3817 997 3889 τὴν
1027 3818 1230 3885 νύκτα,
1261 3821 1377 3874 ἀλλ’
1406 3821 1619 3875 ἅπαντα
1646 3822 1815 3894 ἄρδην

226 3908 636 3981 ἀνατετράφθαι
653 3910 950 3980 νομίζουσι.
973 3910 1193 3974 Τούτοις
1213 3913 1411 3982 ἐπάγει
1432 3931 1443 3944 ·
1471 3934 1489 3966 ι
1518 3916 1639 3969 ’Ότι
1664 3918 1816 3987 ίσχυοο

230 4001 300 4074 ρὰ
328 4000 469 4073 ἔργα
490 4001 667 4070 λόγων
691 4002 875 4056 αὑτοῦ.
900 4022 918 4054 ι
958 4003 1105 4058 Ἀντὶ
1136 4004 1252 4074 τοῦ,
1286 4006 1475 4070 Οὐδεὶς
1499 4007 1632 4061 Θεοῦ
1660 4007 1818 4078 λόγος

230 4097 438 4167 ἕρημος
474 4094 652 4166 ἔργων
679 4095 864 4166 μένει·
897 4096 925 4149 ὃ
950 4097 1059 4168 γὰρ
1081 4098 1147 4151 ἂν
1177 4098 1334 4173 εἴπῃ.
1371 4099 1530 4154 τοῦτο
1558 4101 1719 4166 εὐθὺς
1739 4104 1819 4168 είς

230 4186 394 4258 ἔργον
452 4187 641 4257 χωρεῖ.
694 4204 712 4237 ι
755 4186 900 4240 Διότι
944 4189 1155 4260 μεγάλη
1182 4190 1215 4259 ή
1246 4191 1426 4262 ἡμέρα
1454 4190 1549 4244 τοῦ
1588 4193 1816 4265 Κυρίου,

232 4278 447 4350 μεγάλη
490 4279 586 4333 καὶ
642 4278 912 4349 ἐπιφανὴς
944 4279 1146 4352 σφόδρα
1173 4321 1187 4346 ,
1217 4282 1308 4334 καὶ
1338 4282 1421 4345 τίς
1456 4282 1609 4336 ἔσται
1640 4285 1820 4350 ἱκανὸς

229 4373 413 4442 αὐτῇ;
450 4391 469 4422 ι
518 4371 834 4436 Τοιαῦτασθ,
870 4375 1057 4442 φησὶν,
1112 4372 1242 4442 ὑμῖν
1279 4375 1307 4426 ὁ
1349 4373 1459 4427 τῶν
1502 4375 1639 4428 ὅλων
1686 4377 1819 4441 Θεὸς
1853 4418 1896 4472 D

229 4461 424 4525 ἑπάξει
460 4460 626 4528 κακὰ,
649 4461 792 4515 ὥστε
820 4462 960 4515 κατὰ
988 4463 1167 4515 πᾶσαν
1198 4461 1372 4515 ταῦτα
1397 4463 1531 4532 δῆλα
1561 4465 1815 4531 γενέσθαι

229 4555 331 4625 τὴν
358 4555 705 4625 οἰκουμένην.
738 4556 985 4625 Ἠμέραν
1002 4556 1111 4627 γὰρ
1130 4555 1405 4625 μεγάλην
1430 4558 1524 4610 καὶ
1549 4558 1814 4629 ἐπιφανῆ

229 4648 472 4718 κέκληκε
502 4648 601 4717 τήν
628 4650 708 4711 είς
737 4649 984 4711 ἅπαντας
1023 4647 1342 4721 ἀνθρώπους
1372 4649 1480 4703 τῶν
1506 4651 1814 4722 ἐπαχθησο-

232 4754 416 4811 μενων
456 4739 643 4793 δεινῶν
681 4739 1069 4811 διατρέχουσαν
1115 4743 1325 4812 φήμην.
1379 4742 1720 4815 Ἀντιστῆναι
1759 4746 1815 4799 δὲ

227 4836 347 4895 τοῖς
384 4830 745 4902 ἐπαγομένοις
772 4831 875 4884 61:0
902 4831 1036 4884 Θεοῦ
1071 4834 1258 4895 κακοῖς
1290 4831 1464 4895 οὐδεὶς
1508 4833 1814 4904 ἀνθρώπων

230 4923 545 4994 δυνήσεται.
600 4921 753 4975 Μετὰ
802 4920 1001 4984 ταύτας
1054 4920 1153 4984 τὰς
1206 4922 1436 4993 ἀπηχεῖς
1482 4924 1709 4989 ἀπειλὰς
1735 4928 1815 4991 είς

233 5015 566 5084 παραίνεσιν
605 5016 696 5068 καὶ
733 5013 1045 5084 συμϐουλὴν
1075 5013 1266 5083 τρέπει
1306 5013 1399 5067 τὸν
1436 5013 1614 5083 λόγον,

310 5106 399 5177 ιβ’.
433 5125 452 5158 ι
494 5105 920 5177 Ἐπιστράφητε,
949 5103 1151 5171 λέγων,
1180 5103 1239 5167 ἐξ
1289 5104 1415 5175 ὅλης
1459 5106 1562 5177 τῆς
1592 5108 1818 5180 καρδίας

233 5202 414 5273 ὑμῶν’
450 5220 468 5253 ι
495 5199 568 5271 μὴ
597 5199 909 5271 μερίζοντες
931 5199 1135 5268 ταύτην
1169 5199 1248 5261 εἰς
1271 5197 1462 5269 ἡδονὰς
1494 5203 1590 5254 καὶ
1633 5202 1798 5273 εὐχὰς

232 5288 375 5349 ἀλλὰ
402 5293 629 5365 νηστείᾳ
659 5292 754 5346 καὶ
778 5291 1011 5362 δάκρυσι
1034 5289 1327 5362 χρώμενοι.

1913 3178 2156 3253 quodam
2205 3178 2487 3235 interdum
2553 3177 2718 3233 valde
2766 3177 3163 3247 obscurantur,
3231 3188 3287 3235 et
3336 3189 3500 3235 terra:

1914 3287 2137 3346 quoque
2164 3271 2466 3327 concussio
2505 3268 2600 3325 Dei
2640 3269 2774 3324 iram
2807 3269 3076 3325 ostendit.
3100 3268 3345 3327 Possunt
3369 3287 3500 3327 vero

1914 3376 1972 3424 et
2001 3365 2108 3419 alia
2141 3365 2359 3419 ratione
2393 3364 2509 3418 haec
2541 3362 2795 3432 intelligi.
2826 3361 2933 3428 Qui
2966 3362 3116 3417 enim
3166 3362 3225 3417 in
3260 3364 3496 3418 calami-

1915 3457 2124 3513 tatibus
2145 3465 2459 3519 versantur,
2495 3465 2760 3524 tanquam
2789 3454 2848 3508 in
2892 3453 3148 3509 tenebris
3171 3455 3497 3524 quibusdam

1913 3547 2203 3621 degentes,
2230 3561 2334 3602 nec
2354 3546 2628 3601 caelorum
2659 3554 2864 3600 statum
2899 3560 3067 3602 sensu
3110 3545 3362 3615 capiunt,
3398 3561 3499 3600 nec

1915 3656 2043 3697 esse
2084 3646 2290 3695 terram
2328 3637 2675 3692 immobilem
2728 3636 3093 3694 existimant:
3137 3652 3251 3693 non
3283 3639 3340 3693 in
3376 3638 3501 3692 luce

1916 3733 2088 3796 diem,
2127 3746 2240 3787 non
2296 3731 2352 3784 in
2392 3729 2680 3785 moderato
2716 3729 2906 3800 aliquo
2961 3729 3178 3801 fulgore
3239 3739 3499 3797 noctem,

1917 3822 2013 3879 sed
2047 3822 2300 3878 funditus
2336 3821 2558 3878 inversa
2595 3836 2724 3891 esse
2768 3821 2958 3876 omnia
2997 3822 3363 3880 arbitrantur.
3401 3823 3503 3880 His

1919 3915 2208 3987 adiungit:
2276 3935 2295 3967 ‹
2372 3914 2647 3982 Quoniam
2714 3912 2882 3968 fortia
2944 3929 3109 3985 opera
3178 3930 3500 3971 sermonum

1918 4008 2099 4063 illius.
2137 4025 2157 4059 ι
2193 4005 2310 4062 Hoc
2348 4015 2454 4071 est,
2506 4004 2705 4062 Nullus
2738 4005 2837 4061 Dei
2865 4020 3052 4061 sermo
3074 4006 3241 4063 rebus
3271 4009 3503 4063 destitu-

1919 4107 2014 4154 tus
2038 4107 2264 4153 manet:
2296 4099 2395 4154 sed
2423 4098 2572 4170 quod
2603 4098 2759 4165 dicit,
2797 4096 3099 4153 confestim
3126 4114 3296 4168 opere
3341 4101 3503 4169 perﬁ-

1919 4191 2088 4245 citur.
2130 4210 2149 4242 ι
2196 4188 2339 4255 Quia
2383 4205 2621 4260 magnus
2685 4188 2811 4243 dies
2869 4187 3113 4254 Domini,
3170 4204 3400 4258 magnus
3449 4201 3503 4245 et

1920 4279 2078 4334 valde
2110 4280 2349 4335 illustris
2376 4299 2389 4334 :
2423 4288 2479 4335 et
2504 4280 2632 4349 quis
2679 4279 2963 4335 sustinere
3006 4278 3213 4350 poterit
3243 4296 3367 4336 eum
3394 4282 3418 4335 ?
3477 4301 3496 4333 ι

1922 4368 2080 4424 Talia
2111 4369 2257 4426 Deus
2284 4370 2447 4427 vobis
2477 4368 2678 4425 inferet
2720 4370 2864 4423 mala
2892 4410 2910 4434 ,
2960 4377 3022 4424 ut
3071 4370 3332 4426 universo
3381 4373 3501 4428 orbi

1921 4470 2084 4519 terra:
2112 4460 2406 4519 manifesta
2438 4462 2591 4516 fiant.
2625 4460 2781 4515 Diem
2809 4462 2960 4516 enim
2995 4478 3247 4532 magnum
3285 4471 3340 4519 et
3373 4454 3503 4517 ilia-

1922 4565 2085 4610 strem
2144 4554 2364 4611 vocavit
2416 4554 2617 4608 famam
2665 4551 3082 4610 inferendarum
3130 4555 3502 4610 calamitatum

1923 4649 1990 4704 ad
2041 4663 2234 4704 omnes
2289 4647 2544 4702 homines
2604 4632 2817 4718 1393
2881 4653 3298 4717 pervagantem.
3347 4647 3503 4703 Malis

1923 4752 2127 4809 autem,
2159 4755 2285 4812 quae
2320 4739 2469 4797 Deus
2505 4738 2745 4811 inﬂigit,
2782 4739 3101 4794 mortalium
3148 4738 3334 4794 nullus
3365 4740 3505 4796 resi-

1925 4845 2075 4890 stere
2109 4833 2333 4905 poterit.
2369 4831 2501 4888 Post
2532 4832 2633 4889 bas
2659 4832 2962 4888 horribiles
2993 4831 3171 4886 minas
3202 4831 3271 4885 ad
3302 4846 3504 4886 conso-

1923 4928 2185 4982 lationem
2225 4933 2284 4983 et
2330 4923 2630 4982 consilium
2680 4922 2956 4980 convertit
3010 4937 3362 4993 sermonem,
3416 4925 3502 4981 di»

1922 5035 2054 5076 cens
2074 5038 2090 5075 2

1992 5109 2157 5165 Vens.
2198 5110 2279 5166 l2.
2331 5130 2349 5162 ι
2406 5109 2810 5165 Convertimini
2844 5108 2956 5181 (ad
3004 5108 3342 5182 Dominum)
3393 5118 3510 5164 toto

1923 5204 2091 5257 corde
2145 5192 2375 5257 vestro:
2411 5222 2427 5253 ι
2479 5219 2587 5257 non
2640 5202 2952 5258 dividentes
3008 5204 3186 5275 ipsum
3225 5204 3283 5259 in
3349 5209 3503 5258 volu—

1927 5301 2105 5363 ptates
2147 5304 2201 5349 et
2227 5309 2443 5364 preces,
2491 5293 2586 5349 sed
2633 5293 2844 5365 jejunio
2874 5301 2929 5351 et
2971 5295 3229 5368 lacrymis
3276 5309 3501 5364 operam

1928 5383 2141 5437 dantes.

1523 5511 1756 5568 VARIIE
1804 5513 2210 5572 LECTIONES.

331 5610 377 5642 “
413 5609 536 5666 πολ.
572 5608 613 5663 C
644 5609 813 5686 addit,
854 5609 947 5661 καὶ
994 5608 1457 5686 διαναπαυόμενοι
1486 5626 1501 5641 ·
1552 5611 2059 5686 σιδηροφοροῦντες.
2101 5615 2382 5683 Sequitur,
2420 5616 2529 5686 γὰρ
2560 5620 2616 5669 ὲν
2664 5620 2796 5679 τοῖς,
2839 5634 2894 5669 κ.
2925 5633 2976 5671 τ.
3011 5613 3060 5667 λ.
3097 5612 3174 5686 Eg
3206 5611 3291 5686 b_is
3324 5611 3501 5686 solum

242 5680 495 5750 σιδηροφ.
528 5689 649 5746 post
681 5681 939 5750 πολέμοις
967 5680 1219 5750 supplere
1244 5681 1415 5733 visum
1448 5689 1553 5737 est.

228 5752 291 5825 ,⁸⁸
332 5749 519 5807 σελ.⁷ϐ
546 5766 733 5822 praem.
758 5749 827 5822 ἡ.
918 5750 962 5781 ⁸*
994 5749 1250 5805 Τοιαῦτα.
1282 5750 1323 5804 (1
1355 5751 1514 5806 αὐτά.

1662 5685 1703 5715 ⁸⁸
1732 5683 1852 5738 πολ.
1889 5683 1959 5739 Ita
2008 5700 2130 5739 cum
2166 5686 2206 5739 Ο
2241 5683 2691 5757 Ιοείηιιιεζδίτηι.
2749 5687 3021 5755 πολέμων.

3135 5684 3178 5715 ⁶¹
3209 5680 3252 5737 C
3284 5680 3500 5751 τοίχων.
