3904 6202
466 298 597 362 1647

460 507 786 561 vestimenta
846 511 1047 558 vestra.
1103 517 1123 552 ›
1164 500 1276 555 lloe
1315 512 1421 568 est,
1464 500 1839 570 Cogitationes
1876 517 2027 557 com-

460 593 775 665 punctionis
832 600 1018 646 mente
1057 599 1297 655 versate,
1348 600 1402 645 et
1435 591 1604 645 animi
1658 591 2030 661 pervicaciam

456 685 721 748 cmollite,
752 693 806 738 et
857 682 1120 737 salutaria
1166 681 1347 753 capite
1383 682 1637 750 consilia,
1668 684 2031 755 nequitiaeque

456 777 543 831 via
572 775 784 839 relicta,
830 775 897 829 ad
930 774 1101 829 Deum
1152 773 1444 829 ducentem
1475 775 1617 831 viam
1656 790 1871 832 summa
1906 792 2030 832 eum

455 866 809 922 contentione
865 864 1262 937 ingredimini:
1329 879 1457 919 nam
1519 865 1911 922 misericordiae
1978 875 2033 923 et

455 958 827 1014 miserationis
869 958 1026 1013 multi
1055 957 1199 1028 apud
1232 973 1355 1013 eum
1403 956 1581 1014 fontes
1627 960 1925 1027 exsistunt,
1977 968 2033 1016 et

456 1050 721 1121 patientia
763 1061 925 1105 utens
969 1050 1111 1104 solet
1148 1050 1329 1103 minas
1369 1049 1554 1120 reipsa
1614 1064 1725 1104 non
1775 1051 2029 1121 exsequi.

455 1142 571 1199 lloc
603 1142 750 1197 enim
786 1140 1137 1212 significavit,
1164 1140 1397 1197 dicens:
1441 1160 1460 1193 ι
1502 1139 1566 1195 Et
1623 1143 1856 1211 poenitet
1904 1157 2030 1197 eum

455 1233 748 1301 malorum,
790 1252 809 1285 ι
852 1233 954 1288 hoc
1000 1242 1105 1297 est,
1165 1232 1625 1304 perterrefaciens
1654 1234 1881 1303 quidem
1920 1249 2033 1303 poe-

454 1340 647 1380 narum
667 1324 853 1388 minis,
873 1324 966 1380 sed
984 1324 1125 1380 facta
1146 1324 1423 1380 hominum
1446 1324 1499 1379 in
1520 1325 1712 1381 melius
1733 1334 2035 1381 commuta-

454 1418 627 1483 tione,
649 1425 999 1473 commutans
1027 1425 1081 1472 et
1117 1417 1235 1487 ipse
1258 1417 1439 1473 minas
1470 1418 1525 1472 in
1557 1417 1612 1472 id
1643 1417 1785 1489 quod
1815 1425 2031 1488 gratum

453 1521 559 1568 est.
615 1509 805 1581 Neque
855 1510 1000 1566 enim
1051 1510 1438 1566 universorum
1496 1509 1640 1568 Deus
1690 1527 1839 1568 nunc
1898 1510 2027 1577 hoc,

453 1617 600 1658 nunc
630 1602 766 1657 illud
808 1603 946 1669 vult,
974 1617 1154 1673 neque
1190 1601 1452 1658 similiter
1488 1610 1547 1657 ut
1581 1618 1704 1670 nos,
1752 1619 1877 1660 eum
1912 1618 2030 1674 poe-

455 1693 590 1749 nitet
627 1707 820 1750 eorum
871 1707 993 1764 qua:
1043 1692 1217 1747 facit:
1251 1693 1348 1748 sed
1378 1694 1544 1749 etiam
1595 1695 1725 1749 dum
1760 1696 2028 1757 minatur,

458 1786 617 1839 habet
645 1785 788 1856 apud
822 1799 882 1839 se
910 1784 1375 1848 misericordiam,
1414 1801 1579 1856 quam
1611 1787 1700 1841 bis
1732 1803 1872 1857 quos
1895 1803 2027 1858 pec-

454 1886 704 1931 catorum
736 1875 983 1946 paenitet,
1021 1875 1295 1945 largitur:
1337 1890 1534 1932 rursus
1565 1894 1688 1933 cum
1724 1880 1866 1934 bona
1895 1895 2029 1949 pro~

457 1969 647 2034 mittit,
684 1982 794 2023 non
825 1967 1041 2039 ignorat
1064 1967 1155 2037 qui
1184 1967 1313 2023 boni
1348 1969 1482 2033 siut,
1510 1969 1677 2039 quive
1717 1970 1881 2027 donis
1912 1974 2030 2028 suis

456 2060 700 2130 indigni;
736 2067 791 2114 et
844 2058 954 2113 illis
1007 2059 1227 2130 quidem
1284 2059 1430 2114 dona
1486 2061 1711 2133 praebet,
1754 2062 1845 2118 his
1895 2078 2030 2119 vero

455 2159 649 2205 contra
699 2163 864 2220 quam
904 2149 1198 2220 pollicetur
1248 2149 1509 2219 impertit.
1557 2152 2030 2209 Promissionibus

455 2242 602 2296 enim
638 2248 694 2296 et
728 2239 892 2295 minis
926 2238 993 2293 ad
1026 2240 1322 2295 utilitatem
1350 2240 1683 2312 (hominum)
1717 2242 1798 2297 uti
1846 2243 2026 2299 solet:

457 2342 519 2386 ut
573 2330 672 2385 has
732 2336 1078 2395 metuentes,
1112 2329 1249 2399 illas
1300 2338 1648 2402 exoptantes,
1698 2333 1909 2388 vitam'
1962 2334 2030 2389 ad

458 2422 628 2492 legem
660 2420 1014 2491 compositam
1068 2420 1281 2493 1394
1332 2432 1519 2494 agant.
1565 2421 1696 2478 Post
1753 2424 1869 2479 base
1904 2442 2030 2497 pro-

460 2514 623 2584 pheta
652 2526 775 2567 cum
824 2510 1063 2582 quadam
1112 2511 1459 2584 dubitatione
1506 2512 1750 2568 divinam
1790 2516 2029 2571 clemen-

460 2608 591 2660 tiam
632 2604 963 2676 pollicetur,
1025 2604 1128 2659 hoc
1177 2604 1341 2659 etiam
1405 2604 1568 2660 modo
1624 2606 1877 2678 stupidos
1936 2623 2031 2664 ex-

460 2704 701 2777 tcrrc‘ns.

530 2785 699 2842 Vens.
738 2788 822 2841 Η.
864 2804 883 2837 ι
926 2783 1062 2850 Quis
1090 2786 1264 2854 novit,
1297 2802 1365 2841 an
1398 2797 1731 2853 revertatur,
1769 2797 1823 2846 et
1857 2790 2032 2859 pceni-

462 2888 571 2935 teat
625 2894 774 2946 eum,
825 2886 879 2933 et
923 2879 1203 2948 relinquat
1262 2888 1388 2948 post
1442 2894 1502 2935 se
1557 2879 2030 2948 benedictionem,

462 2969 819 3035 sacrificium,
858 2978 913 3024 et
965 2970 1205 3023 libamen
1261 2968 1493 3025 Domino
1556 2969 1669 3025 Deo
1723 2971 1965 3026 nostro?
2008 2989 2028 3022 ι

468 3061 774 3118 Verisimile
830 3060 1167 3131 est,inquit,
1217 3059 1336 3117 fore
1373 3070 1434 3117 ut
1466 3062 1634 3119 minis
1684 3064 1805 3119 sine
1836 3063 2033 3120 effectu

464 3156 696 3220 relictis,
736 3155 901 3210 solita
935 3169 1037 3211 nos
1070 3154 1341 3210 bonorum
1378 3155 1538 3225 capia
1572 3156 1842 3220 cumulet,
1881 3162 1941 3210 ut
1983 3163 2038 3211 et

465 3247 687 3301 solitum
745 3244 905 3299 altari
957 3244 1168 3299 cultum
1230 3242 1554 3300 olferamus.
1605 3243 2037 3299 Benedictioncm

464 3338 633 3405 enim,
660 3337 930 3391 bonorum
957 3336 1179 3391 vocavit
1210 3334 1734 3406 suppeditationem.
1766 3335 1901 3393 Cum
1935 3337 2038 3391 hac

468 3427 656 3498 igitur,
697 3426 899 3497 inquit,
925 3440 1046 3497 spe,

542 3517 704 3575 Vens.
742 3518 828 3576 15.
866 3538 887 3571 ο
935 3517 1185 3589 Claugite
1218 3519 1347 3574 tuba
1384 3518 1444 3573 in
1500 3517 1669 3574 Sione
1703 3538 1716 3575 :
1767 3538 1785 3571 ›
1825 3517 1942 3593 [16]
1984 3520 2038 3574 in

462 3612 677 3684 jejunio
713 3617 769 3665 et
819 3610 1007 3666 divino
1042 3609 1192 3664 cultu
1238 3623 1456 3664 omnem
1497 3611 1758 3680 populum
1805 3625 2039 3681 congre-

467 3712 679 3773 gantes,
719 3708 784 3756 ut
840 3700 1022 3757 culmis
1074 3699 1320 3756 Ecclesia
1371 3700 1617 3757 studiose
1674 3702 1763 3756 det
1815 3715 2037 3771 operam

466 3792 822 3864 penitentite.
854 3791 1094 3861 Maiores
1122 3799 1305 3846 autem
1340 3800 1473 3845 natu
1505 3799 1773 3860 przeeant,
1824 3791 2037 3846 omnis-

465 3895 573 3949 que
594 3890 727 3934 aetas
758 3881 993 3945 intersit,
1019 3876 1087 3933 ne
1112 3878 1422 3935 infantibus
1458 3881 1679 3949 quidem
1708 3881 2040 3935 lactentibus

465 3972 733 4040 exceptis.
768 3970 834 4022 Et
867 3970 960 4039 qui
986 3983 1164 4038 nuper
1189 3969 1357 4023 etiam
1395 3971 1650 4040 sponsale
1678 3969 1873 4041 jugum
1906 3972 2039 4026 sub-

468 4063 671 4128 ierunt,
707 4060 1051 4131 nuptialibus
1107 4059 1376 4116 conriviis
1430 4061 1659 4126 relictis,
1693 4062 1861 4117 simul
1911 4079 2036 4117 cum

465 4161 666 4209 ca2ter0
711 4154 914 4223 populo
957 4151 1295 4224 pmnitentia:
1350 4151 1622 4223 lacrymas
1678 4152 2035 4222 profundant.

467 4248 827 4305 Sacerdotum
858 4256 1040 4304 autem
1089 4246 1384 4317 collegium
1436 4244 1502 4299 ad
1557 4247 1743 4316 templi
1782 4245 1951 4315 fores,
1984 4256 2038 4304 et

465 4343 639 4397 altare
666 4340 814 4413 quod
843 4347 928 4396 est
959 4356 1075 4411 pra:
1104 4337 1314 4394 foribus
1341 4338 1484 4408 ejus,
1522 4338 1715 4409 lugens
1741 4347 1794 4394 et
1821 4341 2038 4410 ejulans

466 4434 846 4489 universorum
882 4430 1051 4487 Deum
1089 4431 1311 4502 placare
1338 4429 1558 4485 studeat
1590 4431 1675 4486 bis
1707 4433 1887 4487 verbis
1915 4452 1929 4487 :

441 4644 448 4709 ἶ
534 4667 702 4724 Vens.
733 4670 818 4723 17.
860 4685 880 4720 ι
915 4666 1127 4732 Parce,
1165 4665 1427 4734 Dontme,
1480 4670 1681 4739 popqu
1710 4680 1806 4729 tuo
1831 4714 1845 4737 ,
1883 4684 1937 4730 et
1969 4692 2041 4733 ne

465 4760 682 4816 dederis
713 4758 1086 4815 liazreditatem
1115 4766 1264 4813 tuam
1316 4759 1371 4815 in
1409 4763 1793 4833 opprobrium,
1828 4773 1889 4821 ut
1935 4768 2037 4823 do-

465 4853 742 4905 minentur
768 4852 877 4906 illis
899 4858 1089 4922 gentes
1119 4867 1131 4904 :
1165 4867 1230 4905 ne
1256 4850 1446 4909 dicant
1469 4854 1522 4908 iu
1552 4856 1903 4915 nationibus:
1934 4859 2036 4918 Ubi

356 4934 363 4941 ’
464 4949 546 4993 est
576 4938 717 4995 Deus
747 4941 981 4995 eorum?
1025 4958 1043 4992 ι
1089 4940 1192 4994 llic
1220 4929 1355 5013 ergo
1387 4953 1575 5013 aperte
1620 4948 1887 5017 ostendit,
1922 4950 2039 5006 fore

467 5038 524 5084 ut
555 5032 624 5083 ob
654 5030 1147 5087 Scnnacherimum
1182 5035 1616 5105 supplicationes
1651 5039 2036 5110 instituantur,

463 5122 536 5179 ob
572 5137 732 5195 quem
760 5124 928 5179 etiam
971 5138 1065 5179 rex
1097 5123 1363 5181 Ezechias
1402 5142 1659 5200 magnum
1708 5132 2030 5203 prophetam

467 5211 660 5269 Isaiam
685 5215 919 5284 rogavit,
951 5223 1010 5269 ut
1033 5230 1134 5286 pro
1162 5218 1371 5286 popqu
1400 5217 1729 5288 legationem
1762 5222 1828 5277 ad
1861 5222 2029 5280 Deum

464 5308 662 5364 obiret.
688 5304 804 5381 [l8]
826 5306 955 5376 Quae
987 5322 1117 5363 vero
1142 5307 1535 5378 subjiciuntur,
1563 5310 1783 5377 docent,
1820 5315 2035 5389 1395

465 5409 620 5456 terrae
640 5416 858 5473 quoque
885 5399 1069 5473 fruges
1090 5398 1350 5455 divinitus
1371 5400 1591 5471 injectis
1618 5420 1633 5441 ν
1654 5405 1792 5476 lagis
1821 5409 2038 5465 labefa-

1432 294 1915 353 THEODOBETI
1946 292 2282 351 EPISCOPI
2307 293 2670 353 CYRENSIS

532 412 695 469 Vnus.
731 412 818 465 15.
862 429 879 462 ι
946 408 1009 462 Et
1048 407 1282 463 sciudite
1323 407 1487 462 corda
1543 417 1757 476 vestra,
1815 422 1870 463 et
1920 424 2029 463 non
2061 415 2107 470 Α

2208 417 2295 478 ιγ’.
2330 430 2347 461 ι
2383 411 2491 463 Καὶ
2525 407 2855 481 διαρρήξατε
2903 407 2999 472 τὰς
3034 408 3253 479 καρδίας
3285 411 3443 482 ὑμῶν.
3470 417 3551 469 καὶ
3582 422 3643 492 μὴ

2134 501 2203 555 τά
2245 504 2434 572 ἱμάτια
2485 502 2658 573 ὑμῶν.
2709 520 2727 552 ι
2763 501 3042 566 Τουτέστι,
3088 502 3207 564 Τοῖς
3231 502 3324 572 τῆς
3356 507 3643 575 κατανύξεως

2135 593 2414 665 χρήσασθε
2478 593 2790 665 λογισμοῖς,
2824 593 2920 647 καὶ
2967 592 3027 645 τὸ
3075 594 3289 658 ἀπειθὲς
3325 596 3418 665 τῆς
3448 597 3645 666 διανοίας

2135 686 2579 758 καταμαλάξατε,
2608 688 2700 740 καὶ
2745 687 2843 751 τάς
2886 685 3182 756 ὲπωφελεῖς
3210 686 3509 755 ὑποδέξασθε
3538 709 3645 762 συμ-

2135 778 2354 845 ϐουλὰς,
2378 780 2472 831 καὶ
2503 777 2599 850 τὴν
2646 777 2747 848 τῆς
2786 776 2984 842 κακίας
3023 776 3398 844 καταλιπόντες
3427 781 3548 848 ὁδὸν,
3569 787 3649 854 τὴν

2135 873 2271 944 πρὸς
2290 871 2421 924 Θεὸν
2449 871 2689 940 ἄγουσαν
2722 870 2989 934 συντόνως
3010 870 3222 925 όδεύετε
3241 872 3436 925 ὀἴκτου
3458 873 3551 945 γάρ
3575 876 3650 928 καὶ

2134 963 2284 1017 ἐλέου
2348 963 2541 1017 πολλαὶ
2586 963 2714 1032 παρ’
2769 961 2921 1033 αὑτῷ
2967 961 3175 1033 πηγαὶ,
3219 963 3308 1016 καὶ
3353 963 3652 1038 μακροθυμίᾳ

2134 1053 2415 1127 χρώμενος
2459 1049 2599 1107 οἶδεν
2627 1056 2709 1118 εἰς
2760 1052 2920 1125 ἔργον
2975 1052 3052 1125 μὴ
3107 1051 3292 1123 φέρειν
3327 1055 3417 1117 τὰς
3444 1057 3648 1121 ἀπειλάς.

2135 1146 2306 1201 Τοῦτο
2340 1146 2448 1218 γὰρ
2481 1146 2865 1218 παρεδήλωσεν
2908 1143 3147 1216 είρηκῶς
3173 1160 3187 1174 ο
3233 1162 3253 1195 ι
3287 1145 3390 1200 Καὶ
3423 1150 3651 1216 μετανοῶν

2134 1240 2226 1293 ἐπὶ
2258 1242 2379 1303 ταῖς
2412 1237 2631 1301 κακίαις
2654 1254 2669 1267 ο
2706 1256 2725 1289 ι
2754 1236 2874 1290 ἀντὶ
2906 1235 2999 1288 τοῦ
3020 1275 3037 1301 ,
3063 1234 3419 1307 δεδιττόμενος
3453 1236 3539 1305 μὲν
3560 1243 3653 1301 ταῖς

2133 1329 2241 1382 τῶν
2289 1326 2562 1381 κολάσεων
2596 1325 2850 1388 ἀπειλαῖς
2870 1364 2885 1387 ,
2911 1326 3030 1387 ταῖς
3054 1322 3114 1377 δὲ
3149 1323 3258 1377 τῶν
3286 1324 3557 1396 ἀνθρώπων
3583 1329 3655 1381 ἐπὶ

2132 1420 2194 1474 τὸ
2251 1421 2495 1492 κρεῖττον
2536 1415 2859 1489 μεταϐολαῖς
2890 1415 3354 1487 συμμεταϐάλλων
3392 1418 3477 1469 ἐπὶ
3508 1418 3560 1471 τὸ
3591 1418 3656 1472 θυ-

2138 1513 2309 1584 μῆρες
2336 1510 2434 1575 τὰς
2468 1508 2718 1574 ἀπειλάς.
2763 1509 2820 1562 Ὀ
2862 1509 2970 1579 γὰρ
3013 1507 3123 1562 τῶν
3172 1507 3304 1567 ὅλων
3352 1507 3473 1572 Θεὸς
3504 1510 3553 1561 οὗ
3585 1509 3655 1563 νῦν

2137 1605 2235 1673 μὲν
2269 1600 2462 1664 ταῦτα,
2486 1599 2579 1655 νῦν
2610 1600 2666 1653 δὲ
2697 1601 2887 1653 ἐκεῖνα
2913 1598 3252 1670 βουλεύεται,
3281 1599 3393 1653 οὐδὲ
3420 1601 3658 1673 παραπλη-

2137 1697 2267 1758 σίως
2312 1698 2445 1767 ἡμῖν
2479 1695 2548 1762 ⁸⁸,
2604 1695 2691 1765 ἐφ’
2729 1692 2811 1759 οἷς
2862 1695 3091 1767 πράττει
3132 1697 3403 1765 μετανοεῖ·
3434 1696 3552 1749 ἀλλά
3587 1699 3660 1750 καὶ

2138 1787 2378 1843 ἀπειλῶν
2412 1786 2522 1859 ἔχει
2573 1786 2704 1859 παρ’
2742 1785 2892 1857 αὐτῷ
2923 1786 3014 1840 τὸν
3044 1786 3220 1853 ἔλεον,
3243 1786 3300 1840 ὃν
3338 1788 3443 1850 τοῖς
3489 1803 3657 1856 μεταμ-

2137 1881 2412 1951 ελομένοις
2464 1879 2548 1948 ἐφ’
2595 1871 2676 1942 οἷς
2729 1876 3036 1949 ἐξήμαρτον
3092 1878 3350 1948 χορηγεῖ·
3397 1878 3481 1930 καὶ
3518 1876 3660 1942 ἀγαθά

2139 1973 2565 2044 ὑπισχνούμενος
2602 1966 2710 2024 οἶδε
2758 1970 2883 2035 τούς
2925 1986 2985 2023 τε
3024 1968 3289 2038 ἀγαθοὺς,
3335 1969 3559 2031 καὶτοὺς
3591 1969 3660 2022 ἀν-

2138 2061 2322 2128 αξίους
2340 2064 2385 2095 ⁸·
2402 2062 2508 2116 τῶν
2534 2060 2770 2133 δωρεῶν·
2790 2061 3008 2123 καὶτοῖς
3032 2062 3135 2132 μὲν
3160 2059 3356 2124 ταύτας
3382 2060 3557 2130 ὀρέγει,
3577 2062 3660 2121 τοῖς

2138 2158 2193 2210 δὲ
2228 2156 2489 2210 τάναντία
2546 2148 2621 2211 ὧν
2677 2154 3021 2224 ὑπισχνεῖται
3068 2151 3308 2206 δίδωσιν.
3358 2151 3661 2221 ’Υποσχὲσεσι

2138 2250 2247 2322 γὰρ
2296 2250 2392 2304 καὶ
2420 2249 2670 2313 ἀπειλαῖς
2702 2248 2841 2320 πρὸς
2866 2249 3140 2316 ὠφέλειαν
3167 2249 3439 2319 κέχρηται,
3474 2246 3548 2297 ἵνα
3587 2245 3663 2306 τὰς

2142 2340 2241 2412 μὲν
2269 2340 2523 2406 δεδιότες,
2567 2340 2666 2406 τὰς
2703 2342 2761 2394 δὲ
2805 2340 3100 2405 ποθοῦντες
3126 2379 3144 2406 ,
3175 2338 3272 2411 τὴν
3311 2337 3513 2409 ἔννομον
3548 2337 3663 2390 πολι-

2139 2435 2289 2487 τείαν
2342 2433 2716 2489 ἀσπάσωνται.
2769 2429 2906 2489 Εἶτα
2965 2433 3114 2505 μετά
3167 2448 3309 2496 τινος
3340 2428 3665 2502 ἀμφιὸολίαςὸ

2141 2526 2426 2596 προφήτης
2447 2525 2546 2596 τὴν
2592 2524 2743 2577 θείαν
2772 2524 3059 2596 εὐμένειαν
3087 2522 3477 2592 ἐπαγγέλλεται
3494 2559 3508 2585 ,
3533 2517 3662 2573 xliv"

2141 2616 2314 2686 τούτῳ
2344 2617 2468 2680 τοὺς
2485 2616 2843 2687 ἀναισθήτους
2876 2615 3079 2685 φοϐῶν.

2215 2848 2293 2903 ιδ’.
2333 2865 2351 2899 ι
2394 2847 2487 2912 Τίς
2545 2844 2717 2914 οἶδεν,
2752 2850 2800 2903 εί
2846 2847 3208 2919 ἐπιστρέψει,
3239 2849 3330 2903 καὶ
3382 2847 3665 2919 μετανοήσει,

2142 2942 2237 2996 καὶ
2265 2940 2609 3011 ὐπολείψεται
2646 2941 2825 2995 ὀπίσω
2870 2939 3037 2995 αὑτοῦ
3072 2939 3327 3010 εὐλογίαν
3346 2979 3361 3004 ,
3392 2938 3573 3003 θυσίαν,
3597 2938 3667 2990 καὶ

2144 3034 2374 3105 σπονδὴν
2411 3032 2602 3105 Κυρίῳ
2630 3032 2710 3103 τῷ
2740 3031 2859 3104 Θεῷ
2902 3031 3101 3105 ήμῶνς
3150 3052 3171 3086 ι
3213 3033 3389 3098 Εἰκὸς,
3422 3032 3580 3103 φησὶν,
3596 3032 3659 3083 ὅτι

2066 3112 2110 3171 C
2143 3125 2241 3190 τάς
2289 3124 2520 3189 ἀπειλὰς
2570 3124 2887 3179 καταλιπὼν
2924 3125 3165 3191 ἀτελεῖς,
3214 3126 3311 3197 τὴν
3361 3123 3543 3195 συνήθη
3585 3120 3670 3175 τῶν

2146 3218 2369 3289 ἀγαθῶν
2412 3221 2546 3290 ἡμῖν
2598 3218 2861 3288 ἀφθονίαν
2909 3218 3256 3291 δωρήσεται,
3293 3217 3426 3272 ὥστε
3476 3215 3556 3269 καὶ
3594 3213 3666 3282 τὴν

2147 3310 2352 3383 συνήθη
2384 3307 2639 3382 λατρείαν
2662 3309 2740 3382 τῷ
2762 3308 3136 3382 θυσιαστηρίῳ
3164 3308 3497 3383 προσφέρειν.
3520 3308 3667 3362 Εὐλο-

2146 3404 2287 3474 γίαν
2311 3403 2421 3474 γὰρ
2467 3401 2566 3473 τὴν
2597 3401 2707 3456 τῶν
2735 3401 2957 3469 ἀγαθῶν
2992 3402 3223 3456 ἐκάλεσε
3270 3400 3533 3474 χορηγίαν.
3564 3394 3669 3454 Μετ’

2147 3491 2316 3563 αὐτῆς
2336 3491 2380 3524 ⁸⁸
2406 3489 2608 3555 τοίνυν,
2644 3490 2800 3562 φησι,
2829 3489 2929 3561 τῆς
2967 3490 3206 3555 ἐλπίδος,

2222 3591 2300 3639 ιε’.
2337 3599 2358 3636 ι
2394 3582 2697 3637 Σαλπίσατε
2741 3582 3004 3652 σάλπιγγι
3039 3584 3101 3637 ὲν
3145 3583 3283 3637 Σιών
3307 3598 3320 3612 ·
3363 3602 3380 3634 ι
3421 3583 3473 3634 ἐν
3492 3576 3668 3649 νηστείᾳ

2148 3678 2242 3732 καὶ
2270 3675 2405 3730 Θεοῦ
2439 3675 2708 3747 θεραπεία
2750 3675 2928 3729 πάντα
2971 3674 3414 3747 συναθροίζοντες
3453 3671 3533 3727 τὸν
3555 3669 3669 3732 λαὸν,

2148 3767 2291 3821 ὥστε
2312 3769 2498 3821 πᾶσαν
2524 3766 2623 3839 τὴν
2673 3766 3003 3838 Ἐκκλησίαν
3028 3766 3289 3837 ἐκθύμως
3309 3768 3370 3836 τῇ
3397 3759 3673 3835 μεταμελείᾳ

2148 3852 2475 3930 προσέχειν(
2499 3858 2875 3928 Ἦτείσθωσαν
2911 3857 2968 3912 δὲ
2995 3859 3045 3910 οἱ
3073 3858 3168 3913 τὸν
3214 3855 3434 3909 πλείονα
3464 3850 3673 3925 βεϐιωκό-

2147 3967 2238 4014 τες
2266 3950 2458 4022 χρόνον
2487 3968 2501 3982 ·
2529 3950 2791 4022 παρέστω
2814 3950 2872 4004 δὲ
2903 3949 2999 4004 καὶ
3031 3951 3185 4003 πᾶσα
3207 3948 3409 4020 ἡλικία,
3444 3944 3561 4016 μηδὲ
3591 3940 3673 3995 τῶν

2149 4041 2470 4113 ὐπομαζίων
2513 4040 2960 4113 ὑπολειπομένων
3011 4040 3251 4112 βρεφῶν.
3284 4038 3392 4092 Καὶ
3431 4038 3475 4090 οί
3507 4031 3673 4106 ἀρτιδὲ

2146 4133 2430 4204 δεξάμενοι
2491 4132 2583 4185 τὸν
2629 4131 2724 4186 τοῦ
2777 4131 2957 4203 γάμου
3013 4128 3181 4198 ζυγὸν
3205 4169 3220 4194 ,
3274 4127 3371 4191 τάς
3423 4120 3673 4194 γαμηλίους

2149 4221 2378 4293 εὐωχίας
2403 4221 2814 4285 καταλιπόντες,
2854 4219 2995 4290 μετά
3022 4219 3227 4282 παντὸς
3255 4216 3349 4270 τοῦ
3375 4211 3497 4268 λαοῦ
3527 4209 3579 4264 τὸ
3599 4206 3674 4275 τῆς

2151 4313 2439 4385 μετανοίας
2466 4314 2846 4385 προχείτωσαν
2883 4312 3151 4383 δάκρυον.
3201 4310 3262 4363 '0
3298 4308 3354 4362 δὲ
3386 4306 3490 4361 τῶν
3526 4300 3678 4373 ἱερέων

2149 4406 2406 4475 σύλλογος
2432 4406 2583 4477 παρά
2611 4404 2711 4469 τὰς
2746 4403 2844 4459 τοῦ
2866 4404 2996 4457 ναοῦ
3027 4403 3226 4466 πύλας,
3261 4401 3355 4455 καί⁵
3393 4397 3451 4452 τὸ
3475 4394 3567 4466 πρὸ
3583 4390 3672 4444 τοὺ-

2078 4471 2122 4526 D
2146 4514 2254 4551 των
2311 4471 2713 4567 θυσιαστήριον,
2755 4493 3157 4564 ὀλοφυρόμενος
3210 4491 3306 4544 καὶ
3341 4483 3673 4552 ποτνιώμενος,

2147 4588 2239 4642 τὸν
2269 4587 2379 4643 τῶν
2401 4587 2537 4642 ὅλων
2561 4585 2882 4652 ὲξιλεούσθω
2908 4584 3061 4647 Θεὸν,
3097 4583 3267 4653 βοῶν’

2223 4681 2307 4746 ιζ’.
2342 4696 2363 4732 ι
2397 4681 2604 4745 Φεῖσαι,
2637 4678 2846 4749 Κύριε,
2893 4676 2988 4731 τοῦ
3045 4674 3177 4729 λαοῦ
3215 4691 3344 4738 σου,
3380 4670 3469 4725 καὶ
3506 4667 3570 4739 μὴ
3594 4659 3677 4731 δῷς

2146 4773 2245 4845 τὴν
2301 4772 2667 4845 κληρονομίαν
2722 4787 2815 4824 σου
2868 4770 2948 4834 είς
2995 4768 3236 4831 δνειδος,
3264 4764 3357 4819 τοῦ
3394 4751 3679 4845 asapia“?

2148 4843 2329 4921 αύτῶν
2359 4843 2509 4936 ἔθνη,
2543 4866 2693 4929 ὅπως
2746 4863 2823 4936 μὴ
2859 4864 3086 4917 εἴπωσιν
3116 4863 3175 4914 ὲν
3228 4860 3341 4922 τοῖς
3373 4856 3565 4910 ἔθνεσι·
3590 4843 3679 4936 Ποῦ

2150 4957 2297 5011 ἔστιν
2344 4960 2374 5012 δ
2407 4935 2539 5022 Θεὸς
2589 4956 2769 5012 αὐτῶν
2868 4973 2886 5005 ι
2935 4951 3202 5007 Ἐνταῦθα
3251 4949 3348 5020 μὲν
3394 4942 3480 5000 οὖν
3528 4935 3678 5006 σαφῶς

2149 5049 2410 5116 ἐδίδαξεν,
2455 5050 2538 5102 ὅτι
2584 5050 2630 5081 ⁷⁸
2665 5050 2795 5119 περὶ
2848 5046 2942 5117 τοῦ
3002 5043 3376 5113 Σενναχηρεὶμ
3431 5040 3462 5108 ή
3512 5027 3679 5087 ἱκετεία

2150 5144 2475 5214 προσήγετο,
2506 5140 2571 5194 δι’
2604 5141 2662 5193 δν
2701 5142 2795 5194 καὶ
2830 5136 3078 5203 Ἐζεκίας
3102 5137 3130 5188 ὁ
3165 5132 3413 5205 βασιλεὺς
3429 5127 3519 5219 τὸν
3539 5123 3678 5219 μεγαν

2151 5235 2435 5307 προφήτην
2497 5234 2725 5287 Ἡσαΐαν
2770 5230 3073 5303 ἑλιπάρησε
3108 5228 3207 5297 τὴν
3258 5223 3397 5294 ὑπὲρ
3438 5217 3524 5273 τοῦ
3548 5214 3676 5307 ,λαοῦ

2149 5301 2446 5396 πρεσϐείαν
2476 5325 2867 5395 προσενεγκεῖν
2895 5301 2977 5390 τῷ
3017 5315 3155 5387 Θεῷ.
3208 5313 3289 5367 Τὰ
3320 5310 3375 5363 δὲ
3403 5301 3676 5396 ἒπαγόμενα

2146 5408 2407 5481 διδάσκει,
2440 5415 2515 5479 ὼς
2567 5415 2660 5468 καὶ
2693 5415 2745 5467 oi.
2784 5415 2849 5467 ὲκ
2891 5411 2995 5481 γῆς
3043 5406 3246 5479 καρποὶ
3285 5406 3401 5466 ταῖς
3436 5395 3678 5465 θεηλάτοις

1738 5574 1968 5633 VARI/143
2001 5579 2412 5638 LECTIONES.

545 5702 873 5791 f‘lecPeS-
907 5706 960 5759 ίιι
1115 5706 1275 5791 ⁶ξᾲγι
1297 5704 1573 5791 (ἱμάσξίουξε
1609 5776 1620 5791 ο
1653 5708 1695 5738 ⁸⁷
1729 5711 1769 5765 (Σ
1798 5716 1909 5774 καί.
1988 5719 2032 5750 ⁸⁸
2066 5719 2105 5776 C
2138 5719 2275 5791 μετὰ
2306 5717 2529 5790 ταύτης.
2605 5719 2651 5751 θ’
2677 5734 2800 5773 κατ.
2845 5715 2988 5773 Εάἰι.
3016 5715 3166 5786 prior
3192 5699 3537 5781 praeminebat
3592 5690 3671 5765 μήν

465 5772 615 5843 quod
638 5772 1092 5848 "expungendum
1134 5776 1257 5831 fuit.
1330 5778 1373 5808 '°
1400 5776 1500 5829 ὅτι.
1530 5777 1570 5831 C
1594 5776 1687 5840 ὼς.
