3904 6202
242 324 411 413 “Icta

1550 354 1634 415 IN
1661 355 1919 417 JOELIS
1950 357 2107 420 CAP.
2152 361 2235 423 II.

3374 364 3512 431 Ῑίῑο

270 463 509 530 πληγαῖς
546 439 916 533 έλωϐἦθησαν.
952 461 1255 534 Δεξάμενος
1307 463 1416 536 γὰρ
1449 462 1552 528 τὴν
1600 463 1843 536 μεταμέ-

1953 473 2125 524 i-tatas
2150 482 2295 525 esse.
2329 468 2445 544 [l9]
2475 469 2743 542 Suscepta
2767 471 2913 528 enim
2944 480 3133 529 eorum
3160 474 3508 546 pmnitentia,

266 556 416 608 λειαν
443 558 471 609 ό
500 554 798 626 Δεσπότης,
832 555 1174 625 ὑπισχνεῖται
1195 556 1380 621 αὐτοῖς
1402 555 1598 610 δώσειν
1634 557 1729 610 καὶ
1755 555 1845 611 τὸν

270 649 436 711 σῖτον,
464 644 673 698 καὶτὸν
703 643 864 709 οἶνον,
899 644 1075 699 καὶτὸ
1119 644 1315 711 ἔλαιον,
1347 645 1441 700 καὶ
1476 644 1673 698 δώσειν
1709 646 1845 715 μετά

268 736 582 807 φιλοτιμίας
609 737 692 790 ὅτι
723 736 1001 805 πλείστης.
1037 736 1353 809 Προσέθηκε
1380 736 1510 809 γὰρ,
1541 738 1626 791 ὅτι
1655 755 1675 790 ι
1715 739 1843 808 Ἐμ-

269 826 648 898 πλησθήσεσθε
683 827 883 882 αὐτῶν.
914 847 933 879 ι
963 827 1269 891 Τουτέστιν,
1294 829 1389 891 Εἰς
1445 828 1611 899 κόρον
1670 829 1845 883 αὐτῶν

270 918 632 973 ἀπολαύσετε.
671 939 691 971 ι
731 920 839 974 Καὶ
862 922 923 974 ού
968 919 1125 976 δώσω
1159 920 1305 993 ὑμᾶς
1336 920 1519 975 οὐκέτι
1547 922 1629 984 είς
1659 921 1845 976 ὀνειδι-

271 1011 407 1080 σμὸν
436 1013 494 1063 έν
517 1012 563 1043 ⁷⁸
605 1012 719 1074 τοῖς
749 1011 977 1065 ἔθνεσιν.
1023 1031 1041 1065 ι
1077 1012 1429 1083 Κατάλληλος
1465 1014 1531 1083 τῇ
1566 1013 1779 1082 αἰτήσει
1810 1015 1843 1084 ή

265 1102 413 1166 δόσις
439 1120 455 1135 ο
491 1103 678 1174 ἐπειδὴ
721 1102 833 1175 γὰρ
887 1103 1221 1168 ἱκετεύοντες
1271 1103 1482 1172 έλεγοψ
1528 1123 1548 1155 ι
1604 1104 1697 1175 Μὴ
1740 1104 1844 1174 δῷς

168 1239 174 1244 .
268 1191 367 1261 τὴν
395 1191 762 1264 κληρονομίαν
805 1209 898 1246 σου
927 1192 1006 1256 εἰς
1032 1192 1252 1257 ὄνειδος,
1276 1193 1371 1247 καὶ
1405 1192 1479 1264 μὴ
1524 1192 1755 1246 εἴπωσιν
1785 1195 1844 1246 ὲν

267 1286 383 1347 τοῖς
404 1284 581 1337 ἔθνεσι
610 1300 626 1315 ο
656 1282 767 1338 Ποῦ
796 1284 941 1339 ἔστιν
962 1288 990 1339 ὁ
1019 1284 1149 1349 Θεὸς
1181 1284 1363 1338 αὐτῶν
1385 1302 1400 1351 ;
1425 1305 1444 1337 ι
1469 1286 1843 1358 ἁρμόττουσαν

269 1379 390 1440 ταῖς
440 1378 700 1442 ἱκετείαις
749 1378 850 1449 τὴν
896 1377 1188 1450 ἀπόκρισιν
1245 1379 1540 1450 ἐποιήσατο
1567 1420 1581 1443 ,
1617 1379 1699 1432 ὅτι
1731 1378 1844 1432 Ούκ

270 1469 417 1522 ὲάσω
448 1469 594 1539 ὑμᾶς
623 1469 950 1541 έπιχάρτους
997 1471 1109 1533 τοῖς
1138 1470 1360 1541 ὁμόροις
1402 1472 1678 1540 γενέσθαι,
1709 1470 1844 1526 ἀλλά

266 1563 369 1631 τῆς
414 1564 544 1632 παρ’
594 1560 728 1633 ἐμοῦ
771 1561 1065 1632 μεταδώσω
1113 1563 1391 1634 προνοίας,
1442 1562 1582 1616 ὥστε
1639 1561 1842 1630 γνῶναι

271 1652 557 1716 κάκείνους
601 1652 687 1706 διὰ
717 1653 825 1707 τῶν
881 1655 961 1718 είς
1007 1654 1151 1725 ὑμᾶς
1201 1654 1555 1725 γιγνομένων,
1585 1654 1679 1708 τοῦ
1705 1653 1841 1708 Θεοῦ

272 1742 425 1811 ὑμῶν
458 1742 559 1811 τὴν
587 1742 759 1811 ίσχύν.

1949 552 2214 612 Dominus
2231 557 2524 628 pollicetur
2539 573 2599 615 se
2612 558 2698 615 eis
2721 559 2979 616 daturum
3003 576 3124 618 esse
3145 561 3510 631 frumentum,

1946 647 2134 703 vinum
2166 657 2221 704 et
2247 649 2428 706 oleum
2459 690 2476 716 ,
2532 650 2903 723 daturumque
2955 669 3078 708 eum
3137 654 3512 710 muniﬁcentia

1947 752 2111 808 quam
2137 741 2398 795 maxima.
2431 742 2648 813 Adiecit
2669 745 2815 799 enim
2846 762 2859 799 :
2900 764 2918 798 ι
2956 743 3023 798 Ει
3050 744 3412 815 implebimini
3445 763 3510 802 ex

1946 831 2048 887 eis.
2089 850 2109 883 ι
2154 831 2272 888 Hoc
2298 841 2410 897 est,
2460 835 2527 889 ad
2560 836 2913 892 saturitatem
2942 838 3023 892 eis
3066 837 3339 894 fruemini.
3386 857 3405 889 ι
3449 838 3513 893 Ει

1945 939 2056 977 non
2092 923 2238 979 dabo
2258 938 2358 980 vos
2389 926 2531 980 ultra
2559 926 2615 981 iu
2649 909 3006 999 opprobrium
3042 929 3095 983 in
3151 930 3431 1001 gentibus.
3488 948 3506 982 ι

1936 1014 2215 1071 ‘Convenit
2267 1017 2558 1086 postulatis
2612 1018 2840 1074 donum.
2892 1019 3025 1073 Nam
3080 1021 3211 1091 quia
3256 1030 3510 1090 rogantes

1946 1106 2239 1161 dixerant:
2288 1124 2308 1159 ι
2348 1106 2428 1163 Ne
2466 1109 2684 1165 dederis
2719 1111 3090 1167 baereditatem
3142 1120 3291 1166 tuam
3324 1112 3379 1167 in
3412 1126 3512 1182 op-

1946 1196 2254 1266 probrium,
2283 1204 2339 1252 et
2367 1212 2435 1253 ne
2468 1198 2655 1254 dicant
2685 1200 2741 1254 in
2775 1201 3028 1271 gentibus
3055 1218 3068 1255 :
3101 1200 3203 1256 Ubi
3246 1211 3330 1257 est
3368 1199 3512 1258 Deus

1945 1287 2183 1342 eorum?
2218 1307 2236 1340 ι
2275 1302 2590 1360 congruens
2644 1290 2906 1355 precibus
2955 1308 3282 1363 responsum
3324 1292 3509 1348 dedit:

1946 1378 2063 1433 Non
2113 1383 2428 1450 permittam
2456 1396 2560 1438 vos
2591 1382 2827 1439 ludibrio
2856 1391 2910 1439 et
2938 1383 3206 1454 voluptati
3236 1398 3359 1439 esse
3391 1385 3512 1438 liui-

1946 1472 2095 1527 timis
2122 1465 2360 1541 vestris;
2394 1473 2492 1529 sed
2518 1490 2621 1531 vos
2645 1490 2777 1532 cura
2807 1490 2928 1531 mea
2959 1474 3253 1547 dignabor,
3287 1475 3421 1544 adet}
3454 1483 3513 1530 ut

1946 1564 2021 1618 illi
2049 1579 2269 1634 quoque
2296 1566 2570 1637 cognituri
2596 1568 2706 1623 sint
2734 1583 2800 1622 ex
2834 1568 2970 1624 meis
3001 1568 3055 1621 in
3084 1583 3182 1623 vos
3202 1568 3511 1624 licuerat-tis

1947 1654 2040 1711 Dei
2070 1658 2235 1712 vestri
2263 1658 2453 1713 robur.

340 1839 410 1887 κ’.
455 1850 474 1883 ι
503 1804 616 1886 Καὶ
634 1804 725 1885 τον
753 1832 858 1886 ἀπὸ
885 1832 1056 1905 βορρᾶ
1081 1832 1138 1886 δὲ
1164 1833 1403 1899 ὲκδιὼξω
1429 1834 1521 1902 ἀφ’
1550 1834 1722 1905 ὑμῶν,
1748 1837 1842 1889 καὶ

2019 1840 2186 1896 Vizns.
2212 1839 2300 1895 30.
2340 1858 2358 1891 ι
2396 1837 2461 1893 Et
2495 1854 2642 1906 eum,
2678 1838 2772 1909 qui
2820 1840 2888 1894 ab
2928 1836 3189 1907 aquilone
3222 1841 3240 1856 '
3284 1846 3393 1896 est,
3427 1850 3511 1886 re-

270 1922 466 1988 ὲξοίσω
484 1924 530 1955 ⁷⁸
578 1922 740 1976 αὑτὸν
789 1923 869 1985 είς
924 1924 1027 1994 γῆν
1079 1923 1339 1995 ἄνυδρον,
1385 1926 1480 1978 καὶ
1526 1926 1741 1995 ἀφανιῶ
1787 1926 1845 1980 τὸ

271 2014 566 2086 πρόσωπον
594 2014 755 2068 αὐτοῦ
789 2016 868 2077 εἰς
891 2014 990 2084 τὴν
1016 2014 1293 2069 θάλασσαν
1336 2016 1434 2087 τὴν
1465 2014 1706 2087 πρώτην,
1752 2019 1846 2071 καὶ

270 2110 338 2162 τὰ
366 2108 540 2162 ὀπίσω
565 2109 726 2162 αὐτοῦ
765 2110 843 2169 είς
877 2108 974 2181 τὴν
1021 2108 1295 2162 θάλασσαν
1343 2108 1442 2179 τὴν
1468 2110 1721 2179 ἐσχάτην,
1752 2110 1846 2163 καὶ

271 2201 604 2271 ἀναϐήσεται
633 2202 667 2271 ἡ
704 2201 911 2271 σαπρία
942 2198 1129 2262 αὐτοῦ,
1162 2201 1253 2253 καὶ
1284 2199 1619 2271 ἀναϐήσεται
1650 2203 1678 2254 ό
1707 2200 1847 2273 βρῶ-

275 2309 375 2362 μος
403 2290 591 2356 αὐτοῦ,
635 2292 718 2346 ὅτι
765 2291 1065 2362 ὲμεγάλυνε
1088 2290 1135 2323 ⁷³
1171 2289 1238 2345 τά
1269 2290 1409 2362 ἔργα
1453 2289 1639 2347 αὑτοῦ.
1679 2311 1699 2344 ι
1738 2291 1847 2347 Τὸν

270 2384 390 2439 ἀπὸ
416 2383 611 2453 ,ϐορῤᾶ
650 2386 743 2440 τὸν
778 2385 1058 2456 Ἀσσύριον
1085 2384 1254 2454 λέγει,
1300 2384 1361 2438 δν
1395 2384 1562 2440 πάλαι
1614 2386 1711 2457 μὲν
1739 2385 1848 2440 ἀπὺ

266 2473 382 2527 τῶν
436 2473 830 2546 Ἱεροσολύμων
872 2475 1129 2546 ἐξήλασε,
1175 2475 1303 2539 τοὺς
1348 2474 1631 2540 πλείστους
1667 2476 1846 2531 αὐτῶν

266 2565 336 2619 δι’
359 2565 591 2634 ἀγγέλου
616 2567 1028 2631 κατακοντίσας,
1061 2565 1200 2635 μετά
1222 2566 1280 2618 δὲ
1301 2566 1472 2621 ταῦτα
1493 2565 1847 2620 Βαϐυλωνίων

267 2655 542 2728 πεποίηκε
583 2657 979 2729 παρανάλωμα,
1036 2656 1407 2720 Βαϐυλωνίους
1453 2657 1510 2711 δὲ
1541 2658 1703 2712 πάλιν
1735 2659 1847 2722 τοῖς

267 2747 508 2818 Πέρσαις
542 2748 843 2820 παρέδωκε.
880 2747 1210 2813 Θαλάσσης
1249 2746 1426 2800 τοίνυν
1455 2747 1552 2809 τάς
1592 2747 1848 2819 στρατιὰς

268 2835 428 2890 καλεῖ
474 2835 715 2905 πρώτην
750 2837 849 2909 μὶν
883 2837 985 2908 τὴν
1023 2835 1402 2903 Βαϐυλωνίων,
1453 2838 1543 2906 ὑφ’
1570 2831 1645 2891 ὧν
1679 2836 1750 2890 τὰ
1790 2839 1847 2890 έν

272 2923 462 2978 Νινευῖ
487 2927 753 2999 κατελύθη
790 2927 1032 2996 βασίλεια
1057 2943 1072 2959 ’
1103 2925 1375 2996 ἐσχάτην
1393 2927 1449 2980 δὲ
1480 2928 1578 2998 τὴν
1600 2928 1844 2999 Περσῶν.

270 3008 432 3068 Οὗτοι
456 3015 565 3086 γάρ
589 3016 892 3087 ἡγουμένου
909 3017 956 3048 ⁷⁸
983 3016 1077 3070 τοῦ
1096 3016 1299 3087 Κύρου,
1326 3017 1422 3070 καὶ
1447 3014 1588 3071 εἶλον
1615 3019 1714 3087 τὴν
1742 3017 1848 3071 Βα-

1946 1933 2141 2002 pellam
2173 1946 2202 1986 a
2231 1931 2413 1997 vobis,
2438 1938 2495 1987 et
2532 1930 2761 1987 educam
2788 1945 2913 1985 eum
2958 1929 3013 1983 in
3042 1936 3243 1984 terram
3278 1941 3399 1995 qua:
3429 1933 3511 1980 est

1947 2023 2068 2077 sine
2093 2035 2276 2091 aqua:
2306 2029 2362 2076 et
2394 2019 2709 2091 disperdam
2744 2033 2940 2088 agmen
2983 2008 3106 2086 ejus
3161 2016 3395 2087 primum
3455 2015 3508 2069 in

1946 2126 2099 2166 mare
2123 2113 2384 2180 primum,
2415 2117 2470 2165 et
2506 2118 2842 2179 postremam
2878 2107 3000 2177 ejus
3023 2114 3235 2179 partem
3266 2106 3322 2161 in
3359 2120 3514 2160 mare

1946 2203 2336 2267 novissimum,
2363 2208 2420 2256 et
2448 2200 2711 2256 ascendet
2736 2200 2965 2271 putredo
2990 2199 3135 2268 ejus,
3170 2208 3225 2255 et
3256 2195 3516 2253 ascendet

1948 2291 2095 2347 fetor
2118 2291 2291 2356 illius,
2313 2292 2575 2362 quoniam
2602 2289 2970 2361 magnineavit
2991 2282 3155 2360 opera
3182 2301 3303 2344 sua.
3327 2304 3347 2339 ι
3378 2286 3514 2341 Eum

1944 2383 2041 2454 qui
2063 2390 2148 2439 est
2177 2382 2243 2437 ab
2270 2382 2535 2454 aquilone,
2555 2381 2840 2454 Assyrium
2861 2388 3041 2445 vocat,
3061 2395 3221 2450 quem
3252 2377 3515 2434 Hieroso-

1949 2475 2109 2547 lymis
2155 2474 2283 2529 olim
2319 2474 2562 2545 expulit,
2600 2473 2852 2543 plurimis
2884 2472 3099 2527 illorum
3132 2487 3227 2541 per
3262 2469 3513 2540 angelum

1948 2560 2290 2617 interfectis:
2316 2563 2560 2632 posthac
2588 2576 2722 2616 vero
2750 2560 2807 2616 in
2834 2560 3256 2639 Babyloniorum
3277 2568 3515 2628 potesta-

1949 2662 2056 2709 tem
2086 2654 2322 2724 redegit,
2372 2654 2706 2724 Babylonios
2738 2662 2917 2707 autem
2951 2665 3146 2706 rursus
3190 2648 3375 2704 Persis
3407 2657 3516 2702 tra-

1947 2744 2108 2798 didit.
2147 2743 2329 2799 Maria
2379 2743 2549 2814 igitur
2595 2741 2831 2813 appellat
2887 2741 3166 2797 exercitus
3215 2755 3230 2792 :
3286 2738 3516 2806 primum

1947 2834 2169 2904 quidem
2214 2835 2668 2908 Babyloniorum,
2708 2848 2736 2887 a
2775 2831 2976 2903 quibus
3016 2832 3191 2902 regia,
3233 2845 3355 2899 qua:
3398 2836 3518 2884 erat

1949 2927 2094 2997 apud
2128 2924 2396 2992 Nineven,
2430 2925 2714 2981 destructa
2767 2934 2852 2980 est
2890 2941 2903 2977 :
2951 2924 3292 2979 novissimum
3344 2936 3513 2987 vero,

1948 3017 2266 3074 Persarum.
2287 3016 2352 3075 lli
2377 3020 2522 3074 enim
2545 3018 2687 3073 duce
2707 3015 2852 3089 Cyro
2869 3016 3202 3085 Babylonem
3229 3021 3516 3084 ceperunt,

266 3107 507 3173 ϐυλῶνα,
554 3109 648 3162 καὶ
674 3110 800 3172 τοὺς
832 3108 1115 3172 πλείστους
1152 3107 1382 3171 ἀνεῖλον,
1416 3110 1542 3172 τοὺς
1571 3109 1628 3162 δὲ
1658 3109 1848 3172 ἄλλους

1953 3119 2006 3167 et
2039 3111 2309 3181 plurimos
2335 3110 2702 3177 sustulerunt,
2726 3108 2866 3165 alios
2892 3122 3023 3164 vero
3063 3107 3307 3176 captivos
3350 3104 3520 3160 abdu-

270 3197 749 3268 ἐξηνδραπόδισαν.
791 3197 1060 3267 Σαπρίαν
1084 3197 1141 3252 δὲ
1170 3199 1260 3252 καὶ
1288 3195 1534 3268 ,ϐρῶμον
1568 3198 1666 3270 τὴν
1714 3199 1849 3270 μετὰ

266 3290 365 3341 τὸν
395 3288 627 3343 θάνατον
652 3289 916 3343 δυσωδίαν
947 3290 1202 3345 ἐκάλεσεν
1228 3306 1243 3321 ·
1284 3290 1506 3359 ἀτάφων
1532 3291 1661 3360 γὰρ,
1688 3293 1763 3353 ὡς
1792 3293 1850 3345 ὲν

270 3378 517 3449 πολέμῳ,
540 3379 648 3432 τῶν
671 3380 935 3449 σωμάτων
969 3381 1250 3451 ῥιφέντων,
1284 3381 1379 3434 καὶ
1406 3381 1578 3435 ταῦτα
1606 3399 1850 3454 παρηκο-

268 3468 527 3539 λούθησε.
560 3471 848 3542 Τοιγάρτοι
876 3471 1102 3532 τούτων,
1139 3472 1292 3541 φησὶ,
1331 3472 1463 3541 παρ’
1488 3473 1624 3543 ἐμοῦ
1662 3490 1849 3542 γιγνο-

273 3558 477 3635 μένων,

343 3656 453 3704 κα’.
493 3670 513 3703 ι
544 3651 768 3724 Θάρσει,
795 3654 888 3724 γῆ,
925 3658 1102 3725 χαῖρε,
1134 3657 1226 3708 καὶ
1255 3656 1570 3727 εὐφραίνου,
1601 3658 1682 3710 ὅτι
1717 3659 1847 3727 ἐμε-

269 3743 473 3811 γάλυνε
516 3743 721 3814 Κύριος
747 3744 843 3797 τοῦ
890 3746 1131 3816 ποιῆσαι.
1175 3765 1194 3798 ι
1252 3747 1360 3800 Καὶ
1408 3747 1494 3825 ἵνα
1548 3746 1622 3817 μὴ
1677 3749 1850 3802 πάντα

272 3834 591 3902 καταλέγων
652 3835 796 3906 πέρα
845 3837 940 3890 τοῦ
1005 3838 1225 3907 μετρίου
1273 3837 1533 3907 μηκύνω,
1592 3832 1688 3893 καὶ
1737 3841 1851 3904 τοῖς

272 3923 529 3993 κτήνεσιν
556 3924 757 3994 ὁμοίιος
787 3925 1222 3997 παρακελεύεται
1251 3926 1493 3999 θαρρεῖν,
1526 3927 1601 3992 ὡς
1630 3928 1851 4001 ὄμϐρων

275 4015 529 4085 συνήθως
554 4014 845 4084 ἐσομένων,
881 4019 976 4070 καὶ
1004 4016 1102 4086 τῆς
1143 4017 1280 4081 πόας
1311 4018 1710 4090 φανησομένης,
1760 4020 1853 4073 καὶ

272 4103 452 4172 νομῆς
482 4103 742 4173 ἐσομένης
771 4105 851 4167 είς
883 4104 1065 4175 κόρον,
1097 4107 1192 4159 καὶ
1218 4107 1498 4176 ἀμπέλων,
1530 4109 1625 4161 καὶ
1649 4108 1849 4172 συκῶν,

274 4194 504 4248 καὶτῶν
532 4195 707 4249 ἄλλων
734 4195 1048 4267 ἀκροδρύων
1085 4199 1199 4261 τοῖς
1237 4198 1597 4262 παντοδαποῖς
1641 4198 1850 4268 βριθύν-

272 4303 386 4340 των
425 4288 676 4356 καρποῖς.
711 4287 879 4357 Δῆλον
915 4290 971 4342 δὲ
1007 4290 1091 4341 ὅτι
1118 4290 1184 4358 τῇ
1217 4290 1287 4359 γῇ
1326 4289 1422 4341 καὶ
1455 4291 1569 4352 τοῖς
1600 4291 1851 4360 κτήνεσιν

273 4383 377 4452 οὐχ
424 4382 500 4446 ὡς
542 4383 779 4451 λογικοῖς
820 4383 1150 4451 διαλέγεται,
1202 4383 1338 4436 ἀλλά
1388 4383 1647 4437 πάντοθεν
1662 4386 1707 4416 ⁷⁵
1740 4388 1852 4449 τοῖς

275 4472 554 4541 ἀθυμοῦσι
608 4473 966 4543 ψυχαγωγίαν
1016 4474 1337 4546 προσφέρει.
1401 4473 1493 4528 Διδ
1538 4475 1851 4530 καταλιπὼν
1883 4461 1926 4515 D

276 4566 443 4629 εὐθὺς
474 4566 572 4636 τὴν
601 4567 806 4637 ἄψυχον
837 4567 961 4636 γῆν,
990 4567 1084 4620 καὶ
1107 4566 1216 4621 τῶν
1241 4566 1453 4636 ἀλόγων
1480 4566 1549 4622 τὰ
1575 4567 1731 4636 γένη,
1759 4567 1853 4620 ἐπὶ

273 4661 380 4731 τὴν
411 4658 575 4729 φύσιν
611 4658 810 4730 μετέϐη
836 4658 934 4730 τὴν
957 4657 1199 4731 λογικήν.

356 4849 459 4910 κγ’.
497 4862 514 4893 ι
543 4842 656 4897 Καὶ
675 4842 743 4896 τὰ
764 4843 926 4896 τέκνα
948 4842 1103 4907 Σιὼν,
1127 4844 1364 4913 χαίρετε,
1384 4844 1476 4895 καὶ
1497 4841 1852 4912 εὐφραίνεσθε

273 4933 377 4987 ἐπὶ
399 4935 587 5005 Κυρίῳ
610 4933 685 5005 τῷ
707 4936 825 5004 Θεῷ
852 4935 1026 5004 ὑμῶν.
1061 4953 1078 4985 ι
1117 4935 1225 4997 Τὰς
1258 4934 1365 5004 γὰρ
1397 4935 1697 5003 ἀναγκαίας
1728 4935 1856 5004 ὑμῖν

277 5027 581 5096 χορηγήσει
609 5026 814 5097 χρείας,
845 5025 939 5079 καὶ
971 5023 1193 5096 παρέξει
1223 5026 1328 5079 τὸν
1346 5025 1525 5081 ὑετὸν
1544 5028 1621 5089 είς
1648 5025 1856 5097 καιρὸν,

282 5117 392 5170 τόν
432 5133 498 5168 τε
541 5116 802 5184 πρὼτμον
860 5116 958 5169 καὶ
1009 5121 1116 5168 τὸν
1165 5117 1416 5185 ὄψιμον,
1470 5117 1720 5188 καθάπερ
1763 5117 1857 5171 καὶ

280 5206 524 5278 πρόσθεν
567 5207 886 5261 ἀπελαύετε.
948 5205 1196 5278 Τοσαύτη
1252 5207 1307 5260 δὲ
1361 5205 1514 5261 ἔσται
1568 5208 1708 5278 φορὰ
1748 5208 1857 5261 τῶν

278 5297 526 5368 ὡραίων,
552 5296 626 5359 ὡς
656 5299 746 5350 καὶ
768 5298 865 5360 τὰς
893 5297 1073 5361 ἀλωὰς
1100 5296 1203 5350 ὑπὸ
1227 5296 1334 5349 τῶν
1365 5295 1647 5366 ἀσταχύων
1679 5313 1858 5349 στενο-

281 5388 602 5460 χωρεῖσθαι,
647 5388 741 5441 καὶ
774 5388 867 5441 τοῦ
897 5390 1037 5442 οἴνου
1071 5388 1164 5441 καὶ¹
1198 5388 1290 5440 τοῦ
1319 5387 1495 5440 ἐλαίου
1536 5387 1630 5450 τὰς
1665 5386 1858 5456 ληνοὺς

1953 3209 2171 3258 xerunt.
2212 3202 2426 3275 1396
2456 3199 2796 3257 Putredinem
2843 3208 3049 3264 autem,
3082 3207 3136 3255 et
3167 3200 3385 3269 fetorem
3425 3210 3520 3250 vo-

1950 3296 2097 3349 cavit
2145 3303 2347 3351 tetrum
2397 3294 2622 3350 odorem
2673 3300 2798 3365 post
2848 3301 3118 3347 mortem:
3194 3287 3520 3359 corporibus

1950 3386 2120 3449 enim,
2152 3392 2214 3440 ut
2248 3385 2301 3440 in
2330 3385 2474 3441 bello
2505 3387 2585 3449 iit,
2621 3385 2939 3455 insepultis,
2980 3381 3097 3438 haec
3136 3381 3301 3438 etiam
3331 3387 3521 3436 secuta

1951 3485 2098 3530 sunt.
2133 3475 2301 3546 Igitur
2328 3477 2414 3532 his
2445 3491 2475 3530 a
2508 3491 2593 3532 me
2620 3475 2802 3541 iactis,
2832 3474 3035 3545 inquit,

2024 3657 2190 3714 Vens.
2234 3658 2325 3712 2|.
2365 3678 2384 3710 ι
2419 3658 2665 3724 Conﬁde,
2702 3667 2868 3724 terra,
2899 3659 3079 3730 gaude
3123 3665 3287 3728 atque
3313 3657 3520 3721 laetare,

1952 3747 2080 3815 quia
2115 3748 2485 3818 ntagnilicavit
2517 3746 2780 3805 Dominus
2809 3755 2869 3802 ut
2896 3748 3124 3802 faceret.
3160 3766 3178 3800 ι
3209 3746 3327 3819 [22]
3357 3745 3424 3800 Et
3457 3760 3524 3802 ne

1952 3837 2137 3892 omnia
2180 3838 2565 3908 persequendo
2612 3838 2836 3894 modum
2890 3838 3175 3906 excedam,
3240 3838 3407 3892 etiam
3434 3837 3526 3907 ju-

1954 3936 2142 3981 menta
2182 3927 2459 3983 conﬁdere
2488 3929 2665 3997 jubet,
2689 3927 2834 3998 quod
2863 3928 3123 3982 nimirum
3153 3940 3208 3985 et
3235 3929 3430 4000 pluviae
3459 3928 3526 3984 de

1953 4036 2105 4075 more
2152 4019 2353 4075 futurae
2409 4020 2555 4086 sint,
2606 4029 2660 4074 et
2696 4020 2878 4076 herbae
2930 4020 3312 4090 producendus,
3355 4024 3526 4091 pabu-

1955 4111 2177 4180 lumque
2204 4112 2270 4165 ad
2305 4111 2615 4166 satietatem
2650 4111 3052 4165 abundaturum
3084 4129 3096 4163 :
3133 4111 3306 4165 vinea:
3334 4112 3519 4175 etiam,

1954 4210 2008 4256 et
2035 4201 2193 4265 ficus,
2222 4213 2276 4256 et
2303 4209 2516 4255 caeteras
2559 4200 2786 4255 arbores
2835 4199 3078 4254 omnium
3120 4200 3397 4253 fructuum
3427 4214 3523 4253 co-

1956 4293 2099 4362 piam
2134 4292 2385 4346 editurze.
2437 4290 2668 4344 Planum
2713 4296 2797 4344 est
2838 4296 3044 4352 autem,
3092 4302 3214 4341 eum
3244 4302 3353 4342 non
3404 4298 3525 4343 tan-

1954 4399 2116 4453 quam
2153 4382 2267 4437 illis
2311 4383 2452 4436 ratio
2477 4381 2632 4447 insit,
2675 4388 2875 4433 terram
2911 4379 3114 4449 alloqui
3150 4389 3207 4433 et
3232 4378 3521 4447 jumenta:

1956 4472 2052 4529 sed
2076 4471 2223 4526 omni
2250 4487 2317 4527 ex
2349 4478 2508 4541 parte
2536 4469 2751 4525 maestis
2775 4477 2832 4525 et
2855 4468 3072 4525 aﬂlictis
3093 4467 3524 4524 consolationem

1955 4573 2167 4636 captat.
2204 4565 2573 4632 Quamobrem
2614 4563 2916 4618 inanimata
2968 4570 3112 4617 terra
3151 4576 3273 4616 mox
3308 4561 3521 4624 relicta,

1957 4658 2283 4727 rationeque
2305 4657 2621 4726 expertibus
2643 4654 2929 4725 jumentis,
2950 4654 3016 4709 ad
3040 4663 3290 4708 naturam
3314 4652 3524 4708 ratione

1960 4749 2245 4820 prmditam
2278 4764 2338 4804 se
2372 4746 2664 4802 convertit.

2027 4838 2195 4894 Vens.
2233 4840 2324 4893 2'5.
2365 4858 2384 4891 ι
2414 4838 2481 4892 Ει
2504 4838 2597 4892 lilii
2630 4836 2836 4901 Sionis,
2886 4836 3140 4908 gaudete,
3175 4842 3340 4905 atque
3375 4835 3528 4891 laeta-

1965 4930 2097 4985 mini
2126 4931 2195 4985 de
2234 4930 2465 4985 Domino
2512 4929 2624 4985 Deo
2675 4936 2879 4983 vestro.
2920 4947 2938 4980 ι
2987 4926 3156 4982 Vobis
3202 4926 3348 4983 enim
3393 4944 3527 4985 usus

1965 5023 2319 5077 necessarios
2350 5021 2743 5092 suppeditabit.
2784 5027 2836 5076 et
2861 5008 3122 5089 praebebit
3150 5033 3252 5074 suo
3287 5027 3527 5090 tempore

1964 5112 2179 5166 imbrem
2202 5114 2522 5167 matutinum
2546 5122 2598 5167 et
2619 5113 2930 5176 serotinum,
2956 5110 3100 5165 sicut
3124 5118 3281 5165 antea
3310 5109 3529 5165 frueba-

1946 5205 2118 5271 ,mini.
2152 5203 2271 5276 [SM]
2299 5203 2473 5258 Tanta
2504 5212 2688 5258 autem
2709 5202 2814 5258 erit
2838 5200 3115 5255 fructuum
3142 5197 3524 5257 redundantia,

1965 5305 2023 5350 ut
2052 5310 2193 5370 area:
2247 5295 2595 5365 angustiores
2635 5294 2837 5351 futurae
2867 5293 2980 5349 sint
3024 5306 3189 5362 quam
3225 5297 3283 5344 ut
3342 5293 3528 5355 lruges

1963 5388 2211 5457 recipere
2233 5393 2458 5457 queant,
2480 5395 2533 5443 et
2553 5388 2855 5442 toreularia
2881 5389 3007 5441 vino
3027 5392 3081 5439 et
3107 5384 3231 5438 oleo
3256 5379 3523 5434 diﬂluant.

1564 5563 1798 5619 VARIIE
1827 5561 2231 5620 LECTlONES.

357 5737 405 5769 "
442 5736 519 5790 ἐν.
559 5733 631 5788 Et
668 5733 708 5788 C
738 5733 916 5802 suppl.
991 5733 1036 5766 ⁷²
1068 5731 1199 5787 Rec.
1220 5731 1344 5787 lect.
1365 5738 1447 5787 est
1472 5729 1677 5796 ἐξώσω.
1737 5728 1783 5762 ⁷³
1810 5728 1856 5784 Δ
1878 5727 2237 5800 ὲμεγαλύνθη.
2342 5728 2389 5761 ⁷⁸
2415 5726 2783 5797 ἡγησαμένου.
2861 5723 2906 5755 ⁷⁸
2933 5719 2975 5775 C
3008 5716 3360 5787 πανταχόθεν.
