3904 6202
452 251 454 254 ’
505 283 630 346 ιςδι

1517 281 2010 342 THEODORETI
2059 282 2410 344 EPISCOPI
2443 283 2818 344 CYRENSIS

3556 290 3657 357 1652

503 399 563 449 Β.
593 399 800 454 docens
829 403 1040 470 aperte,
1082 395 1209 451 illos
1254 410 1364 450 non
1395 392 1648 451 hostilem
1702 397 1866 452 modo
1898 399 2050 453 incur

2155 442 2157 451 ι
2191 395 2574 470 ὑπερὸλύζειν.
2615 398 2728 452 Καὶ
2752 365 3020 452 διδάσκων
3055 393 3251 463 σαφῶς,
3275 396 3340 460 ὡς
3360 397 3413 451 οὑ
3439 401 3566 470 μόνον
3588 422 3663 460 πο..

499 495 710 545 sionem
751 489 1112 550 sustinuisse,
1148 487 1242 544 sed
1267 502 1295 542 a
1337 488 1553 543 locusta
1604 488 1797 552 etiam,
1847 490 2081 561 aliisque

496 587 740 654 graviter
777 583 1009 638 vexatas
1045 579 1240 645 fuisse,
1279 581 1465 636 statim
1498 582 1829 654 subjungit:

572 765 738 820 Vens.
781 763 871 819 25.
913 782 932 814 ι
971 761 1037 816 Et
1078 761 1303 817 reddam
1336 762 1496 816 vobis
1522 778 1622 830 pro
1653 762 1839 826 annis.
1875 762 1926 816 in
1951 763 2072 832 qui-

494 855 599 910 bus
660 855 900 909 comedit
956 855 1191 916 locusta,
1237 865 1292 908 et
1327 854 1598 916 bruchus,
1651 863 1706 908 et
1748 855 1972 926 rubigo,
2021 863 2076 909 ct

491 966 680 1013 eruca,
713 949 980 1004 fortitudo
1021 964 1137 1003 mea
1196 964 1414 1018 magna,
1445 964 1609 1018 quam
1646 949 1767 1003 misi
1803 949 1857 1002 in
1889 964 2007 1003 vos.
2048 968 2066 1001 ι

494 1043 751 1111 Magnam
786 1049 968 1097 autem
997 1040 1365 1123 fortitudinem
1393 1058 1549 1095 suam
1582 1041 1797 1095 vocavit
1821 1056 2068 1107 erucam,

501 1133 713 1202 1397
743 1149 852 1186 non
888 1132 1034 1204 quod
1065 1148 1221 1202 aeque
1244 1147 1501 1204 magnum
1536 1134 1705 1187 robur
1731 1134 1926 1187 habeat
1956 1134 2066 1198 illa,

493 1239 657 1294 quam
691 1242 710 1276 ι
745 1223 836 1292 qui
864 1223 1131 1294 respicit‘
1158 1233 1385 1287 terram,
1419 1231 1474 1279 et
1500 1224 1631 1278 facit
1659 1240 1778 1280 eam
1811 1233 2067 1289 tremere,

489 1317 582 1386 qui
619 1317 791 1386 tangit
817 1325 1057 1381 montes,
1081 1325 1135 1370 et
1170 1315 1460 1385 fumigant,
1485 1319 1578 1386 qui
1613 1318 1865 1386 increpat
1895 1333 2066 1379 mare,

488 1419 541 1462 ct
571 1409 813 1464 exsiccat
839 1419 902 1472 π’,
950 1427 969 1460 ι
1008 1416 1063 1462 et
1099 1408 1246 1462 mille
1275 1408 1380 1461 alia
1406 1406 1610 1475 majora
1646 1406 1829 1460 facere
1861 1414 2063 1474 potest;

487 1501 583 1556 sed
613 1503 743 1570 quia
776 1501 980 1571 major,
1013 1516 1136 1570 quae
1174 1514 1272 1569 per
1308 1500 1448 1553 lianc
1481 1499 1596 1553 illis
1625 1499 1773 1552 illata
1817 1507 1901 1553 est
1945 1515 2066 1568 per-

485 1596 684 1663 nicies,
732 1596 854 1651 idco
885 1609 1134 1666 magnam
1179 1593 1324 1646 illam
1359 1592 1651 1662 appellavit
1700 1592 2065 1661 fortitudinem

483 1703 662 1740 suam.

564 1774 734 1832 Vens.
761 1777 852 1832 26.
899 1795 917 1828 ι
971 1775 1037 1832 Et
1067 1776 1365 1833 vescemini
1407 1775 1780 1841 comedentes,
1814 1783 1870 1830 et
1912 1783 2061 1830 satu-
2095 1770 2135 1824 Β

481 1869 764 1933 rabimini,
801 1878 854 1922 ct
888 1867 1183 1922 laudabitis
1219 1883 1418 1921 nomen
1459 1865 1673 1921 Domini
1719 1866 1812 1920 Dei
1867 1865 2058 1932 vestri,

479 1963 574 2032 qui
607 1962 738 2016 fecit
767 1961 1050 2016 vobiscum
1085 1962 1380 2015 mirabilia.
1424 1980 1442 2013 ι
1473 1959 1586 2016 Hoc
1612 1960 1758 2015 enim
1789 1960 2060 2014 bonorum

478 2062 563 2109 est
596 2062 783 2124 caput,
836 2069 944 2108 non
981 2054 1141 2108 bonis
1193 2055 1260 2106 ad
1301 2054 1613 2108 satietatem
1671 2053 1910 2123 repleri,
1965 2053 2059 2108 sed

479 2141 754 2195 bonorum
786 2143 1105 2210 largitorem
1140 2142 1385 2195 laudare.
1418 2141 1486 2196 lis
1515 2158 1644 2196 vero
1666 2143 1759 2212 qui
1791 2143 1870 2198 sic
1901 2150 2059 2211 grato

477 2240 609 2285 sunt
639 2231 847 2294 animo,
876 2238 929 2285 et
959 2230 1272 2283 divinorum
1309 2231 1700 2285 beneficiorum
1735 2233 2056 2286 memoriam

474 2321 744 2385 retinent,
783 2322 1061 2392 promittit
1089 2320 1359 2385 futurum,
1401 2341 1420 2373 ι
1459 2330 1516 2376 ιιι
1547 2338 1656 2376 non
1683 2322 2058 2378 confundatur

473 2412 710 2482 populus
743 2413 865 2481 ejus
893 2413 946 2466 in
985 2422 1273 2468 aeternum.
1311 2432 1330 2465 ι
1361 2411 1566 2478 Quodsi
1596 2429 1743 2468 nunc
1785 2414 1959 2470 Judzei
1999 2416 2054 2471 in

471 2504 804 2558 confusione
839 2512 990 2568 sunt,
1027 2519 1138 2563 non
1174 2505 1297 2559 ideo
1333 2504 1499 2571 Deus,
1535 2507 1628 2576 qui
1681 2508 1900 2562 mentiri
1944 2523 2052 2561 non

469 2603 674 2667 potest,
724 2595 777 2650 in
826 2596 1290 2666 promissionibus
1322 2597 1440 2652 suis
1486 2598 1749 2654 mentitus
1798 2609 1922 2663 est;
1957 2599 2052 2654 sed

470 2686 576 2754 ipsi
610 2686 1078 2756 promissionibus
1127 2687 1387 2756 indignos
1435 2703 1494 2742 se
1537 2688 1916 2754 reddiderunt,
1964 2690 2052 2743 in-

469 2779 610 2846 grati
650 2777 706 2832 in
747 2776 1156 2834 benefactorcm
1205 2778 1406 2840 effecti,
1453 2781 1544 2848 qui
1601 2781 2050 2848 patremfamilias

466 2867 774 2923 Beelzebub
807 2877 1170 2934 vocaverunt,
1207 2869 1593 2939 Itmredemquc
1627 2870 2046 2939 interfecerunt,

466 2971 520 3016 et
565 2976 673 3016 non
705 2962 883 3017 solum
918 2959 1134 3017 fructus
1167 2962 1221 3016 in
1255 2969 1504 3032 tempore
1553 2979 1665 3018 non
1717 2966 2046 3033 retulerunt,

467 3053 564 3110 sed
599 3055 764 3110 etiam
799 3054 1177 3110 haereditatem
1218 3070 1412 3125 rapere
1447 3057 1628 3111 conati
1671 3065 1820 3112 sunt.

539 3235 703 3292 Vens.
723 3236 814 3291 27.
834 3255 852 3286 ι
879 3234 944 3289 Ει
960 3236 1172 3302 scietis,
1193 3236 1246 3290 in
1270 3237 1454 3291 medio
1473 3238 1694 3294 lsraclis
1712 3255 1795 3293 me
1811 3255 1934 3295 esse
1956 3258 1969 3293 :
1992 3250 2046 3296 et

463 3345 552 3384 me
579 3344 700 3384 esse
732 3329 1023 3383 Dominum
1066 3328 1233 3384 Deum
1262 3339 1529 3393 vestrum,
1574 3347 1674 3386 nec
1713 3348 2042 3404 quemquam

461 3423 696 3492 amplius
729 3437 852 3478 esse
882 3433 1079 3492 praeter
1113 3439 1218 3478 me.
1264 3441 1282 3474 ι
1315 3422 1706 3494 Experimento
1738 3427 1886 3480 cnim
1922 3443 2044 3496 pcr-

459 3513 702 3582 cipietis,
735 3528 839 3574 me,
873 3528 1063 3568 Curam
1091 3513 1262 3568 vestri
1296 3522 1601 3582 gerentem,
1631 3516 1920 3571 vobiscum
1947 3519 2043 3571 lia-

460 3605 639 3658 bitare
674 3619 780 3658 non
803 3605 1043 3675 gravari,
1077 3606 1167 3659 cui
1201 3605 1404 3659 cmlum
1440 3608 1674 3662 thronus
1699 3617 1806 3672 est,
1843 3619 1896 3664 et
1931 3619 2039 3665 Ier-

458 3712 520 3748 ra
549 3697 852 3750 scabellum
891 3697 1130 3765 pedum:
1169 3700 1524 3766 cognoscetis
1552 3715 1684 3752 vero
1719 3701 1881 3753 etiam
1923 3703 2039 3755 ido-

456 3787 635 3840 lorum
676 3797 983 3841 vestrorum
1019 3789 1477 3852 imbecillitatem,
1510 3801 1565 3844 et
1601 3807 1688 3845 me
1715 3794 1889 3846 solum
1915 3811 2039 3849 esse

455 3878 650 3940 Deum,
685 3879 774 3947 qui
805 3879 1193 3948 delinquentes
1225 3883 1523 3950 corrigere,
1567 3891 1620 3936 ct
1655 3884 1903 3939 misereri
1926 3902 2039 3955 pm-

461 3970 752 4024 uitcntium
800 3971 1018 4042 1398
1047 3972 1276 4043 possim.
1317 3971 1371 4025 In
1399 3973 1488 4027 bis
1515 3983 1692 4028 autem
1747 3978 2036 4046 cogitatio-

453 4065 621 4121 nibus
654 4076 1059 4136 permanentes.
1100 4066 1152 4119 in
1187 4065 1336 4120 omni
1372 4067 1670 4122 securitate
1702 4069 1918 4138 vivetis,
1949 4089 2039 4129 ne-

451 4173 560 4225 que
610 4157 844 4229 amplius
891 4158 1131 4228 gentium
1187 4157 1482 4226 cpprobria
1533 4157 1838 4228 perferetis.
1875 4161 2034 4218 Post-

450 4266 615 4318 quam
646 4250 745 4303 lim:
774 4251 937 4304 modo
970 4250 1204 4303 reditum
1241 4248 1512 4318 praedixit,
1536 4261 1589 4306 ct
1625 4253 1910 4310 servitutis
1941 4257 2034 4312 de-

449 4345 788 4414 pulsionem,
819 4353 875 4398 et
920 4344 1187 4398 divinitus
1218 4341 1399 4395 datam
1428 4343 1762 4411 libertatem,
1795 4358 1847 4401 ct
1901 4350 2030 4403 anni

450 4439 756 4492 ubertatem
814 4436 1205 4504 fructuumque
1257 4435 1494 4506 copiam,
1547 4454 1762 4492 necnon
1821 4443 2031 4497 erroris
2063 4466 2106 4521 ο

448 4530 852 4597 depulsionem,
911 4527 1208 4596 radiosque
1237 4529 1577 4598 cognitionis
1617 4529 1732 4596 Dei,
1791 4535 2033 4588 ostendit

447 4621 658 4689 pariter
685 4618 1016 4688 multiplicia
1058 4618 1234 4672 divini
1266 4617 1511 4689 Spiritus
1555 4621 1720 4687 dona,
1757 4639 1877 4693 quae
1906 4636 2031 4695 post

448 4707 723 4780 Unigeniti
748 4707 1205 4773 incarnationem,
1228 4719 1281 4764 et
1304 4710 1601 4764 salutarem
1625 4714 1956 4781 passionem,
1976 4725 2030 4770 et

447 4803 944 4863 resurrectionem,
978 4807 1033 4852 et
1066 4799 1119 4854 in
1159 4801 1695 4868 coalumasccusum,
1736 4808 2023 4875 apostolis,

447 4899 503 4945 ct
535 4906 635 4962 per
677 4892 800 4947 illos
830 4894 1090 4948 oumibus
1128 4895 1181 4948 in
1211 4897 1357 4948 omni
1391 4897 1526 4950 urbe
1575 4905 1847 4952 terrarum
1899 4916 2022 4956 cre-

445 4984 730 5051 dentibus,
761 4985 993 5056 largitus
1032 4996 1117 5042 est
1149 4989 1539 5044 universorum
1571 4990 1735 5046 Deus.

516 5164 682 5220 Vens.
725 5163 814 5227 28,
867 5163 958 5218 29.
1017 5184 1034 5215 ι
1067 5164 1132 5218 Ει
1173 5166 1276 5220 erit
1314 5174 1440 5237 post
1486 5167 1622 5232 haec,
1680 5189 1697 5219 ι
1750 5170 1854 5224 hoc
1897 5181 2018 5236 cst,

440 5265 565 5324 post
601 5256 837 5312 reditum
887 5265 942 5311 et
973 5257 1220 5313 veritatis
1253 5260 1645 5330 cognitionem,
1694 5282 1710 5313 ι
1745 5263 2020 5320 eﬂ‘undam

509 5413 544 5435 "'
583 5413 726 5470 Psal.
761 5426 880 5478 cm,
920 5413 1009 5468 32.

2190 489 2421 560 λεμικὴν
2470 489 2769 559 ὑπέμειναν
2814 486 3038 556 ἔφοδον,
3080 484 3272 538 ἀλλὰ⁷⁶
3305 488 3388 541 καὶ
3429 489 3514 543 ὑπὸ
3544 494 3662 563 ἀκρί-

2187 583 2310 645 δος,
2362 581 2455 635 καὶ
2498 581 2607 634 τῶν
2670 579 2843 636 ἄλλων
2891 577 3012 631 λίαν
3074 576 3504 649 ἐμαστιγώθησαν,
3544 584 3664 648 εὐθὺς

2185 676 2435 746 ἐπήγαγε
2457 692 2470 705 ·

2255 776 2352 821 κε’.
2402 788 2418 820 ι
2449 770 2558 821 Kal
2599 763 2967 820 ἀνταποδώσω
3000 763 3128 832 ὑμῖν
3171 762 3282 815 ἀντὶ
3317 762 3411 816 τῶν
3450 764 3578 828 ἐτῶν,
3611 758 3665 818 ὧν

2185 857 2552 928 κατέφαγενή
2603 857 2783 928 ἀκρὶς,
2829 855 2926 908 καὶ
2974 856 3002 907 6
3043 852 3281 924 βροῦχος,
3313 855 3397 907 καὶ
3425 855 3664 925 ἡὲρυσίόη,

2183 953 2275 1005 καὶ
2316 954 2348 1022 ἡ
2391 951 2610 1022 κάμπη,
2650 951 2683 1019 ή
2713 947 2941 1018 δύναμίς
2982 964 3084 1017 μου
3129 947 3162 1016 ἡ
3198 946 3407 1017 μεγάλη,
3445 948 3502 1016 ἢν
3543 946 3664 1010 ἐξαπ-

2183 1044 2404 1096 έστειλα
2429 1045 2509 1106 είς
2535 1043 2698 1112 ὑμᾶς.
2731 1062 2748 1094 ι
2769 1041 3031 1109 Δύναμιν
3057 1038 3115 1092 δὲ
3151 1036 3324 1092 αὐτοῦ
3342 1037 3574 1107 μεγάλην
3598 1038 3669 1107 τὴν

2179 1135 2409 1205 κάμπην
2439 1133 2722 1196 ἐκάλεσεν,
2768 1134 2869 1185 οὑκ
2915 1130 3103 1200 ἐπειδὴ
3143 1128 3332 1198 ταύτὴν
3363 1128 3461 1198 ἔχει
3494 1127 3668 1196 δύναμιν

2180 1228 2422 1298 μεγάλην
2449 1246 2466 1276 ι
2495 1228 2522 1279 ὁ
2551 1227 2856 1279 ἐπιϐλέπων
2880 1224 2971 1278 ἐπὶ
3001 1223 3100 1293 τὴν
3119 1223 3238 1292 γῆν,
3271 1222 3355 1274 καὶ
3381 1221 3524 1273 ποιῶν
3544 1223 3670 1290 αὐτὴν

2175 1321 2420 1391 τρέμειν,
2450 1321 2477 1372 ὁ
2511 1319 2812 1388 ἁπτόμενος
2841 1317 2947 1369 τῶν
2977 1315 3171 1386 ὀρέων,
3202 1315 3288 1367 καὶ
3319 1312 3669 1375 καπνίζονται,ὁ

2175 1414 2443 1484 ἐπιτιμῶν
2463 1415 2525 1484 τῇ
2551 1413 2814 1482 Θαλάσσῃ,
2838 1412 2932 1462 καὶ
2950 1409 3215 1480 ξηραίνων
3237 1409 3435 1478 αὐτὴν.»
3459 1411 3536 1462 καὶ
3547 1411 3670 1480 μυρία

2173 1507 2378 1560 τούτων
2407 1507 2626 1577 μείζονα
2655 1505 2950 1574 δυνάμενος
2975 1503 3109 1572 δρᾷν
3135 1515 3149 1530 ·
3185 1501 3294 1555 ἀλλ’
3324 1501 3489 1572 ἐπειδὴ
3519 1502 3670 1570 μείζων

2174 1599 2206 1667 ὴ
2235 1599 2296 1649 ὲκ
2340 1595 2544 1666 ταύτης
2573 1595 2754 1656 αὑτοῖς
2786 1593 3002 1660 ἐγένετο
3046 1589 3238 1660 βλάϐη,
3261 1588 3508 1659 μεγάλην
3545 1588 3671 1659 αὐτὴν

2176 1688 2582 1760 προσηγόρευσε
2611 1686 2888 1754 δύναμιν.

2235 1776 2348 1842 κς’.
2390 1797 2407 1828 ι
2437 1777 2547 1830 Καὶ
2572 1775 2808 1844 φάγεσθε
2832 1772 3125 1836 ἐσθίοντες,
3156 1772 3249 1826 καὶ
3271 1769 3670 1841 ἐμπλησθήσεσθε,

2165 1871 2259 1923 καὶ
2301 1868 2544 1922 αἱνέσετε
2596 1868 2656 1920 τὸ
2705 1868 2874 1936 ὄνομα
2919 1865 3125 1935 Κυρίου
3173 1863 3264 1916 τοῦ
3306 1863 3429 1915 Θεοῦ
3459 1861 3601 1930 ὑμῶν,
3630 1861 3671 1920 6;

2164 1957 2385 2026 ἐποίησε
2407 1955 2526 2026 μεθ’
2549 1954 2703 2024 ὑμῶν
2721 1953 3019 2024 θαυμάσια.
3035 1972 3053 2004 ι
3079 1951 3250 2005 Τοῦτο
3270 1951 3371 2021 γὰρ
3395 1951 3489 2004 τῶν
3507 1950 3672 2017 ἀγαθῶν

2161 2054 2223 2104 τὸ
2241 2051 2558 2119 κεφάλαιον,
2588 2049 2650 2102 οὑ
2670 2047 2731 2101 τὸ
2761 2051 2838 2111 είς
2865 2047 3026 2119 κόρον
3048 2047 3349 2100 ἀπολαῦσαι
3367 2045 3467 2098 τῶν
3485 2042 3670 2110 ἀγαθῶν,

2162 2140 2299 2194 ἀλλά
2328 2141 2389 2193 τὸ
2424 2141 2663 2211 ὑμνῆσαι
2696 2140 2787 2193 τὸν
2831 2138 3035 2210 δοτῆρα
3072 2139 3183 2192 τῶν
3229 2135 3454 2206 ἀγαθῶν.
3498 2135 3601 2198 Τοῖς
3632 2131 3675 2187 δὲ

2158 2233 2332 2296 οὕτως
2370 2231 2728 2302 εὐγνωμόνως
2763 2232 3152 2302 διακειμένοις,
3187 2231 3278 2284 καὶ
3309 2228 3410 2282 τῶν
3451 2227 3582 2280 θείων
3606 2226 3672 2277 εύ-

2159 2325 2423 2397 εργεσιῶν
2447 2341 2514 2395 με
2522 2343 2629 2396 μνη
2639 2325 2840 2394 μένοις,
2855 2325 3198 2394 ὑπισχνεῖται
3218 2339 3236 2374 ι
3257 2321 3314 2375 τὸ
3327 2321 3397 2390 μὴ
3410 2334 3672 2386 καταισχυν·

2159 2419 2319 2488 θῆναι
2340 2417 2426 2471 τὸν
2451 2416 2579 2472 λαὸν
2605 2415 2772 2470 αὑτοῦ
2798 2418 2878 2480 είς
2897 2420 2988 2470 τὸν
3017 2415 3244 2470 αἰῶνα.ι
3278 2415 3336 2466 Ei
3360 2412 3480 2465 δὲέν
3498 2407 3672 2477 αἰσχύνῃ

2157 2511 2252 2562 νῦν
2283 2512 2420 2562 εἰσιν
2463 2507 2727 2571 Ἰουδαῖοι,
2762 2509 2861 2578 οὐχ
2891 2511 2920 2562 ὁ
2949 2507 3190 2578 ἀψευδὴς
3216 2506 3347 2568 θεὸς
3376 2503 3466 2566 τὰς
3493 2499 3673 2569 ὑποσχέ-

2157 2620 2269 2666 σεις
2317 2600 2618 2670 ἐψεύσατοο
2680 2599 2795 2652 ἀλλ’
2844 2599 2999 2653 αὑτοὶ
3040 2600 3182 2668 σφᾶς
3219 2597 3411 2659 αὐτοὺς
3449 2593 3673 2660 ἀπέφηναν

2155 2693 2406 2757 ἀναξίους
2436 2693 2542 2745 τῶν
2575 2691 2943 2762 ὑποσχέσεων,
2988 2689 3336 2762 ἀχάριστοι⁷⁷
3370 2687 3487 2757 περὶ
3511 2685 3584 2736 τὸν
3609 2683 3673 2734 εὑ-

2154 2786 2385 2856 εργέτην
2415 2775 2793 2855 γεγενημένοι,
2832 2785 2928 2837 καὶ
2971 2783 3063 2836 τὸν
3097 2780 3472 2848 οἰκοδεσπότην
3503 2774 3674 2834 Βεελζε·

2154 2877 2282 2930 ϐοὒλ
2328 2876 2785 2940 ἀποκαλέσαντες,
2836 2873 3051 2928 καὶτὸν
3099 2871 3430 2944 κληρονόμον
3471 2864 3674 2921 ἀποκτεί-

2151 2984 2362 3030 ναντες,
2394 2967 2488 3020 καὶ
2516 2965 2591 3036 μὴ
2627 2967 2788 3035 μόνον
2819 2966 2948 3029 τοὺς
2973 2967 3223 3036 καρποὺς
3249 2965 3328 3027 εἰς
3359 2959 3578 3032 καιρὸντε1
3603 2957 3676 3009 οὐκ

2151 3060 2572 3122 ἀποδεδωκότες,
2619 3058 2756 3112 ἀλλὰ
2799 3059 2892 3112 καὶ
2939 3059 3038 3131 τὴν
3089 3054 3449 3130 κληρονομίαν
3485 3049 3676 3124 ἁρπάσαι

2073 3123 2118 3184 c
2151 3153 2557 3226 πειρασθέντες.

2219 3241 2323 3308 κζ’,
2372 3262 2390 3294 ι
2420 3244 2529 3296 Καὶ
2567 3241 2960 3311 ἐπιγνώσεσθε,
2995 3240 3078 3293 ὅτι
3113 3242 3172 3292 ἐν
3209 3239 3361 3310 μέσῳ
3388 3234 3474 3289 τοῦ
3511 3227 3677 3301 Ἰσραὴλ

2147 3335 2258 3405 ἐγώ
2285 3337 2424 3406 εἰμι,
2453 3336 2549 3388 καὶ
2577 3334 2690 3403 ἐγὼ
2711 3333 2914 3404 Κύριος
2939 3333 2966 3384 6
2989 3331 3124 3394 Θεὸς
3154 3331 3334 3401 ὑμῶν,
3357 3327 3446 3381 καὶ
3464 3327 3550 3378 οὑκ
3569 3324 3680 3374 ἐστιν

2145 3431 2226 3483 ἔτι
2260 3428 2397 3499 πλὴν
2428 3426 2584 3498 ἐμοῦ.
2616 3446 2634 3478 ι
2687 3426 2764 3478 Δι’
2790 3425 3024 3495 αὑτῆς⁷⁹
3054 3423 3167 3496 γὰρ
3195 3425 3298 3494 τῆς
3330 3421 3515 3492 πείρας
3541 3412 3676 3486 μαθή-

2147 3523 2326 3587 σεσθε,
2371 3523 2519 3583 ὅπως
2552 3519 2706 3590 ὑμῶν
2733 3518 3030 3589 κηδόμενος
3065 3519 3346 3569 συνοικεῖν
3386 3515 3508 3583 ὑμῖν
3534 3505 3679 3574 ἀνέχου

2147 3631 2268 3684 μαι,
2316 3617 2342 3666 6
2371 3612 2461 3665 τὸν
2490 3612 2721 3682 οὐρανὸν
2752 3610 2891 3680 ἔχων
2931 3610 3145 3682 θρόνον,
3182 3611 3283 3680 τὴν
3308 3608 3364 3661 δὲ
3394 3607 3490 3675 γῆν
3517 3597 3677 3656 61:01:6-

2142 3705 2251 3757 διον
2280 3721 2291 3732 ·
2351 3703 2560 3757 εἴσεσθε
2609 3702 2666 3755 δέ
2706 3703 2802 3757 καὶ
2852 3704 2959 3757 τῶν
3010 3702 3302 3772 ὑμετέρων
3359 3697 3573 3754 εἰδώλων
3608 3693 3680 3760 τὴν

2142 3797 2445 3860 ἀσθένειαν,
2474 3796 2568 3850 καὶ
2593 3796 2675 3848 ὅτι
2704 3795 2816 3864 ἐγὼ
2852 3796 3012 3866 μόνος
3043 3797 3281 3866 ὑπάρχω
3305 3793 3454 3855 Θεὸς,
3480 3788 3561 3843 καὶ
3586 3799 3680 3837 παι·

2139 3890 2311 3943 δεύειν
2344 3891 2470 3954 τοὺς
2501 3889 2979 3961 πλημμελοῦντας,
3039 3892 3137 3944 καὶ
3175 3892 3354 3944 ἐλεεῖν
3401 3887 3520 3947 τοὺς
3555 3894 3681 3952 μετα·

2142 3981 2509 4052 μελουμένους
2552 3981 2868 4050 δυνάμενος.
2917 3981 3144 4046 Τούτοις
3189 3982 3249 4036 δὲ
3292 3982 3405 4042 τοῖς
3451 3970 3679 4043 λογισμοῖς

2138 4074 2515 4144 ἐπιμένοντες,
2545 4076 2602 4128 ἐν
2631 4076 2786 4148 ἀδείᾳ
2811 4074 2961 4146 πάσῃ
2993 4074 3284 4146 βιώσεσθε,
3317 4071 3496 4126 οὐκέτι
3525 4067 3584 4120 τὰ
3602 4063 3684 4116 τῶν

2137 4167 2306 4220 ἐθνῶν
2340 4167 2517 4238 ὀνείδη
2546 4168 2846 4238 δεχόμενοι.
2883 4167 3038 4220 Οὕτω
3064 4167 3134 4220 τὰ
3161 4167 3309 4220 κατά
3336 4165 3436 4235 τὴν
3473 4154 3681 4212 ἐπάνοδον

2138 4263 2574 4330 προαγορεύσας,
2603 4262 2698 4314 καὶ
2727 4261 2824 4330 τὴν
2852 4261 2951 4331 τῆς
2975 4260 3226 4323 δουλείας
3255 4255 3584 4322 ἀπαλλαγὴν.
3617 4245 3685 4299 καὶ

2134 4348 2230 4419 τὴν
2253 4349 2524 4402 θεόσδοτον
2549 4349 2882 4419 ἐλευθερίαν,
2917 4350 3012 4402 καὶ
3032 4349 3130 4420 τὴν
3159 4349 3475 4418 εὐετηρίαν,
3504 4341 3584 4395 καὶ
3603 4336 3682 4388 τῶν

2135 4441 2362 4511 καρπῶν
2415 4440 2513 4512 τὴν
2560 4442 2843 4512 ἀφθονίαν,
2892 4444 2986 4496 καὶ
3021 4442 3121 4513 τὴν
3166 4443 3272 4511 τῆς
3307 4441 3511 4506 πλάνης
3546 4429 3683 4485 ἀπίλ·

2134 4533 2328 4605 λαγὴν,
2374 4535 2600 4605 καὶτῆς
2649 4535 2980 4603 θεογνωσίας
3021 4533 3310 4606 προειπὼν
3352 4533 3450 4593 τὰς
3480 4529 3681 4581 ἀκτῖνας,

2137 4625 2330 4695 μηνύει
2379 4626 2475 4678 καὶ
2522 4625 2621 4690 τὰς
2674 4628 3027 4691 παντοδαπὰς
3069 4627 3166 4680 τοῦ
3210 4625 3364 4679 θείου
3414 4620 3687 4687 Πνεύματος

2132 4715 2359 4787 δωρεὰς,
2395 4717 2462 4780 ἃς
2496 4719 2634 4788 μετὰ
2662 4721 2759 4789 τὴν
2789 4720 2882 4773 τοῦ
2913 4718 3262 4787 Μονογενοῦς
3290 4711 3683 4784 ἐνανθρὼπησινν

2131 4806 2226 4858 καὶ
2260 4808 2320 4860 τὸ
2355 4809 2622 4880 σωτήριον
2651 4811 2845 4875 πάθος,
2891 4813 2984 4865 καὶ
3010 4811 3108 4881 τὴν
3137 4811 3465 4869 ἀνάστασιν,
3509 4803 3592 4855 καὶ
3616 4797 3687 4864 τὴν

2132 4898 2210 4960 εἰς
2245 4900 2506 4968 οὐρανοὺς
2533 4901 2818 4964 ἀνάϐασιν,
2854 4905 2964 4966 τοῖς
3003 4904 3166 4972 ἱεροῖς
3213 4904 3550 4971 ἐχορήγησεν
3579 4894 3684 4945 ἁπο-

2133 4991 2340 5053 στόλοις
2367 4993 2395 5043 6
2422 4991 2530 5044 τῶν
2555 4994 2691 5046 ὅλων
2725 4995 2877 5058 Θεὸς,
2927 4998 3021 5048 καὶ
3046 4996 3112 5047 δι’
3140 4995 3378 5046 ἐκείνων
3412 4992 3575 5046 ἅπασι
3602 4984 3687 5042 τοῖς

2131 5082 2274 5135 κατὰ
2301 5082 2398 5152 τὴν
2429 5086 2752 5156 οἰκουμένην
2788 5087 3199 5140 πεπιστευκόσι.

2200 5179 2306 5245 κη’,
2331 5176 2430 5231 κθ’.
2473 5197 2492 5229 ι
2522 5179 2634 5232 Καὶ
2657 5179 2804 5232 ἔσται
2830 5181 2967 5248 μετά
2990 5180 3186 5234 ταῦτα.
3222 5200 3242 5232 ι
3282 5177 3554 5235 Τουτέστι,
3579 5165 3688 5238 μετᾶ

2129 5265 2228 5336 τὴν
2247 5267 2505 5324 ἐπάνοδον
2528 5273 2622 5325 καὶ
2642 5273 2741 5343 τὴν
2760 5273 2860 5343 τῆς
2882 5273 3137 5344 ἀληθείας
3157 5273 3480 5343 ἐπίγνωσιν.
3511 5285 3526 5316 ι
3551 5257 3685 5316 Kai”

1789 5545 2033 5612 VARLE
2073 5557 2488 5621 LECTIONES.

513 5640 561 5671 ὀ
583 5637 720 5711 ἀλλὰ
744 5669 813 5680 --
846 5641 1042 5711 ἐμαστ.
1077 5643 1199 5700 Des.
1224 5644 1356 5704 ibid.

445 5707 493 5742 ”
523 5709 633 5766 καί,
671 5709 795 5768 Des.
831 5707 889 5766 in
913 5712 974 5767 C.

1472 5649 1516 5681 "
1547 5648 1586 5704 C
1609 5648 1896 5721 ἄχρηστοι.
1973 5652 2018 5683 ⁷⁸
2043 5669 2192 5726 καιρ.
2231 5656 2306 5710 Ita
2335 5672 2458 5712 cum
2490 5656 2530 5712 C
2567 5657 2673 5729 leg.
2706 5655 2867 5712 Sirm.
2897 5658 3076 5729 κόρον.

3194 5661 3242 5693 τ’
3280 5660 3322 5715 C
3351 5656 3449 5711 Διά
3485 5651 3681 5720 ταύτης.
