3904 6202
299 407 430 475 i553

1515 432 1598 495 IN
1653 436 1911 497 JOELIS
1964 438 2122 500 CAP.
2166 440 2250 501 II.

3378 441 3537 515 ’1654

295 519 466 590 ἐκχεῶ
501 524 611 579 ἀπὸ
635 528 729 583 τοῦ
753 528 1067 604 Πνεύματός
1091 552 1191 607 μου
1219 535 1312 592 ἐπὶ
1344 537 1520 593 πᾶσαν
1547 542 1743 613 σάρκα,
1770 543 1854 597 καὶ

1963 542 2031 600 de
2063 545 2270 624 Spiritu
2299 561 2421 604 meo
2455 564 2622 621 super
2658 566 2872 606 omnem
2919 568 3136 610 carnem
3169 574 3182 610 :
3227 565 3284 627 et
3308 562 3541 631 praplie-

294 616 759 685 προφητεύσουσιν
826 623 874 675 oi
936 625 1040 678 ulo‘t
1102 626 1253 697 ὑμῶν
1313 629 1406 681 καὶ
1456 631 1513 685 αἱ
1563 630 1861 706 θυγατέρες

293 702 463 773 ὑμῶν,
516 710 610 761 καὶ
641 711 687 764 οί
739 713 1099 788 πρεσϐύτεροι
1143 717 1297 789 ὑμῶν
1324 721 1860 796 ἐνυπνιασθήσονται,

293 795 383 848 καὶ
411 798 462 850 oi
489 800 761 855 νεανίσκοι
793 804 944 874 ὑμῶν
987 808 1207 880 δράσεις
1247 811 1485 882 ὄψονται.
1536 795 1647 870 Καί
1675 835 1737 887 γε
1769 821 1863 875 ἐπὶ

291 886 415 951 τοὺς
440 887 658 953 δούλους
689 911 812 964 μου,
844 896 938 949 καὶ
969 899 1061 953 ἐπὶ
1107 902 1204 966 τὰς
1248 904 1439 970 δούλας
1472 925 1597 977 μου,
1642 886 1702 964 ἐν
1742 915 1864 977 ταῖς

290 977 787 1073 ήμέραιςλέκείναις
822 988 997 1059 ἐκχεῶ
1027 991 1134 1045 ἀπὸ
1180 994 1275 1047 τοῦ
1316 997 1631 1068 Πνεύματός
1675 1020 1797 1073 μου.
1836 1024 1854 1055 ι

290 1065 462 1121 Τοῦτο
510 1069 567 1123 δέ
614 1072 913 1142 ἀναφανδὸν
957 1081 1053 1148 μὲν
1102 1085 1198 1137 καί
1238 1065 1532 1159 διαρρήδην
1580 1065 1720 1147 κατὰ
1764 1094 1862 1166 τήν

289 1159 504 1231 ἡμέραν
529 1162 627 1233 τῆς
656 1166 1035 1242 Πεντηκοστῆς
1066 1174 1126 1227 τὸ
1155 1176 1327 1247 πέρας
1351 1180 1584 1247 ἐδέξατο,
1620 1185 1710 1238 ὅτε
1741 1159 1864 1241 ἐλά-

288 1251 417 1306 λουν
445 1254 658 1326 ἑτέραις
693 1258 962 1326 γλώσσαις
993 1267 1041 1318 οἱ
1086 1267 1216 1323 θεῖοι
1248 1272 1557 1340 ἀπόστολοι,
1593 1279 1774 1344 καθὼς
1803 1280 1863 1334 τὸ

288 1343 513 1415 Πνεῦμα
538 1349 706 1402 ἐδίδου
730 1354 907 1418 αὐτοῖς
931 1357 1392 1430 ἁποφθέγγεσθαι’
1417 1368 1510 1420 καὶ
1534 1368 1671 1439 μετὰ
1691 1343 1862 1427 ταῦτα

284 1434 344 1488 δὲ
373 1435 441 1489 δι’
471 1438 695 1495 ἐκείνων
734 1446 767 1513 ή
818 1446 975 1517 χάρις
1019 1449 1308 1525 διενεμήθη
1358 1460 1470 1520 τοῖς
1515 1434 1862 1517 πιστεύουσιν

285 1526 491 1583 ἅπασιν
518 1547 533 1561 ⁸
578 1530 638 1598 ἐξ
675 1529 750 1588 ὧν
778 1533 917 1607 ἦσαν
946 1542 1039 1594 καὶ
1064 1544 1111 1596 οί
1144 1545 1201 1597 ἐν
1237 1546 1536 1622 Ἀντιοχείᾳ
1565 1556 1860 1626 προφῆται,

286 1620 384 1674 καὶ
415 1622 652 1692 ’Δγαϐος
679 1628 707 1681 6
739 1628 837 1701 τὴν
860 1629 1036 1703 ζώνην
1069 1634 1162 1688 τοῦ
1208 1638 1419 1694 Παύλου
1453 1620 1651 1711 λαϐὼν,
1685 1620 1786 1700 καὶ
1812 1620 1862 1700 oi

284 1713 356 1804 ἐν,
374 1714 644 1789 Κορίνθῳ,
690 1721 824 1793 πρὸς
848 1721 940 1787 οὓς
985 1728 1013 1778 6
1038 1727 1247 1793 Παῦλος
1280 1733 1519 1804 γράφευ
1576 1755 1595 1788 ι
1638 1738 1761 1793 Ἐὰν
1805 1739 1862 1793 δὲ

286 1803 489 1870 πάντες
533 1812 990 1885 προφητεύητε⁸¹,
1041 1820 1260 1894 εἰσέλθῃ
1304 1803 1363 1877 δέ
1412 1843 1496 1890 τις
1541 1828 1786 1895 ἄπιστος,
1825 1832 1858 1902 ἦ

285 1895 533 1968 ἰδιώτης,
585 1882 862 1974 ἐλέγχεται
916 1907 1021 1962 ὑπὸ
1067 1882 1306 1981 πάντων,
1352 1882 1864 1993 ἀνακρίνεταισύπό
1898 1882 1936 1935 Β

286 1988 540 2056 πάντων,
588 1994 681 2047 καὶ
725 1996 866 2052 οὕτω
887 2000 931 2032 ⁸³
986 2003 1168 2057 πεσὼν
1211 2008 1305 2061 ἐπὶ
1354 2012 1644 2081 πρόσωπον
1694 2033 1860 2087 προσ-

282 2082 511 2152 κυνήσει
547 2082 625 2155 τῷ
653 2086 791 2159 Θεῷ,
827 2089 1002 2159 λέγων
1019 2094 1065 2125 ⁸⁸
1092 2095 1173 2150 ὅτι
1211 2098 1381 2166 ὅντως
1413 2103 1442 2156 6
1473 2104 1605 2170 Θεὸς
1649 2109 1708 2161 ἐν
1734 2082 1862 2179 ύμῖν

280 2172 454 2226 ἐστιν.
492 2193 510 2225 ι
552 2176 662 2230 Καὶ
687 2181 742 2232 αἱ
772 2180 1031 2255 τέτταρες
1059 2187 1116 2241 δέ
1143 2190 1237 2242 τοῦ
1269 2191 1533 2248 Φιλίππου
1564 2172 1861 2272 θυγατέρες

277 2262 345 2362 τὸ
375 2264 477 2335 τῆς
499 2272 838 2362 προφητείας
870 2276 1122 2343 ἐδέξαντο
1149 2281 1413 2356 χάρισμα.
1463 2288 1599 2360 Περὶ⁵
1626 2262 1734 2362 γὰρ

279 2353 574 2412 θεσπεσίου
612 2360 820 2417 Παύλου
867 2368 919 2419 τί
961 2369 1043 2422 δεῖ
1072 2373 1163 2426 καὶ
1204 2353 1400 2444 λέγειν,
1449 2378 1507 2443 ὃς
1546 2353 1604 2434 ἐν
1636 2353 1860 2456 ἰνίίλήτῳ

281 2448 386 2516 μὲν
413 2452 527 2515 τοῖς
566 2452 826 2523 Ἐφεσίων
856 2458 1009 2528 ἔλεγε
1036 2465 1425 2538 πρεσϐυτέροις
1450 2485 1464 2499 °
1519 2490 1538 2522 ι
1573 2470 1701 2528 Οἶδα
1722 2448 1856 2547 γάρ,

276 2539 364 2592 ὅτι
397 2543 535 2612 μετὰ
567 2545 665 2617 τὴν
695 2549 877 2618 ἄφιξίν
913 2570 1015 2623 μου
1059 2557 1453 2617 εἰσελεύσονται
1488 2564 1640 2620 λύκοι
1673 2539 1859 2639 βαήρείς

277 2632 362 2727 εἰς
394 2633 556 2703 ὑμᾶς,
603 2638 679 2709 μὴ
711 2641 1015 2712 φειδόμενοι
1057 2644 1149 2699 τοῦ
1183 2652 1455 2720 ποιμνίου,
1492 2655 1588 2707 καὶ
1617 2632 1683 2720 ἐξ.
1704 2632 1859 2727 ὑμῶν

276 2721 339 2775 δὲ
366 2724 546 2782 αὐτῶν
574 2729 968 2803 ἀναστήσονται
1014 2735 1205 2809 ἄνδρες
1245 2740 1530 2809 λαλοῦντες
1562 2721 1858 2819 διεστραμ-

280 2815 457 2884 μένα;
488 2836 508 2871 ι
566 2821 817 2895 Τιμοθέῳ
862 2826 920 2879 δὲ
971 2830 1199 2900 γράφων
1252 2832 1369 2906 βοᾷ,
1419 2837 1500 2890 ὅτι
1554 2857 1573 2890 ι
1619 2815 1858 2906 Ἠν-ταῖς

276 2907 537 2977 ἐσχάταις
561 2912 792 2985 ήμέραις
816 2918 1164 2991 ἐνστήσονται
1192 2927 1375 2997 καιροὶ
1400 2928 1628 2998 χαλεποί
1653 2946 1667 2961 ·
1709 2931 1857 2985 ἔσον-

274 3015 370 3091 ται
418 3001 527 3072 γὰρ
577 3003 853 3077 ἄνθρωποι
904 3012 1172 3082 φίλαυτοι,
1209 3017 1553 3091 φιλάργυροι,
1585 3040 1605 3074 ι
1656 3024 1749 3077 καὶ
1788 3022 1858 3077 τὰ

274 3088 429 3162 ἑξῆς.
465 3095 576 3152 Καὶ
605 3098 796 3152 πάλιν⁸
844 3120 863 3152 ι
892 3103 971 3159 T6.
1001 3104 1058 3157 δέ
1094 3106 1316 3178 Πνεῦμα
1347 3088 1538 3180 ήρητῶς
1568 3111 1735 3181 λέγει,
1773 3114 1856 3167 ὅτι

1964 638 2163 694 tabunt
2211 639 2305 696 lilii
2363 644 2530 697 vestri
2579 652 2633 698 et
2671 643 2794 699 lilia!
2825 653 3042 713 vestrae,
3083 656 3137 703 et
3166 663 3327 707 senes
3370 656 3537 710 vestri

1966 731 2186 786 somnia
2211 734 2589 801 somniabunt,
2614 745 2668 791 et
2694 737 2926 807 juvenes
2958 742 3127 795 vestri
3153 743 3429 800 visiones“
3459 748 3540 801 vi-

1964 820 2195 878 debunt.
2251 822 2317 877 Ει
2354 841 2524 895 super-
2555 842 2751 884 servos
2806 845 2979 897 meos,
3010 842 3064 886 et
3092 848 3258 903 super
3310 837 3539 894 ancillas

1966 928 2119 968 meas
2163 916 2216 968 in
2267 916 2465 974 diebus
2506 918 2616 974 illis
2649 919 2925 976 effundam
2972 921 3055 977 de,
3086 903 3477 995 S‘piritu'meo.
3515 948 3533 979 ι

1966 1002 2080 1059 Hoc
2111 1020 2242 1061 vero
2275 1007 2455 1075 palam
2496 1009 2722 1079 quidem
2754 1021 2809 1065 et
2836 1020 3020 1081 aperte
3049 1014 3137 1069 die
3182 1014 3538 1073 Pentecostes

1965 1093 2030 1147 ad
2076 1094 2238 1148 linem
2295 1097 2624 1165 perductum
2673 1112 2780 1166 est,
2837 1116 2962 1155 cum
3012 1103 3371 1173 loqueremur
3415 1108 3538 1161 aliis

1965 1185 2170 1256 linguis
2218 1187 2388 1242 divini
2432 1187 2688 1259 apostoli,
2742 1200 2905 1262 prout
2961 1193 3200 1265 Spiritus
3246 1196 3413 1252 (labat
3457 1200 3539 1254 eis

1964 1277 2113 1346 loqui
2134 1288 2161 1316 ιι
2190 1297 2202 1333 :
2243 1287 2367 1350 post
2393 1279 2507 1333 hazc
2524 1296 2653 1336 vero
2669 1297 2768 1352 per
2792 1282 2912 1340 illos
2931 1286 3106 1355 gratia
3122 1287 3413 1344 distributa
3437 1289 3540 1344 luit

1964 1370 2220 1425 omnibus
2251 1371 2624 1438 credentibus,
2653 1388 2685 1430 e
2713 1374 2914 1444 quibus
2943 1377 3160 1433 luerunt
3199 1380 3289 1450 qui
3329 1381 3384 1436 in
3424 1383 3539 1436 An-

1963 1462 2171 1516 tiochia
2201 1471 2359 1517 erant
2388 1465 2687 1535 pr0phetae,
2711 1475 2768 1527 et
2792 1467 3037 1540 Agabus,
3061 1471 3153 1541 qui
3183 1486 3374 1528 zonam
3396 1472 3542 1528 Pau-

1966 1551 2002 1605 li
2039 1555 2276 1620 sumpsit
2306 1562 2328 1586 °
2367 1555 2627 1627 (euntque
2655 1558 2861 1633 ligavit)
2896 1579 2911 1627 ;
2953 1570 3006 1617 et
3037 1578 3101 1618 ex
3142 1564 3452 1621 Corinthiis
3500 1567 3535 1619 ii

1966 1643 2032 1699 ad
2087 1661 2227 1715 quos
2262 1638 2465 1703 Paulus
2498 1648 2691 1702 scribit
2723 1667 2736 1704 :
2776 1668 2795 1704 ι
2857 1650 2914 1705 Si
2951 1664 3132 1709 autem
3166 1670 3356 1713 omnes
3409 1672 3537 1727 pro-

1967 1733 2226 1803 phetetis,
2288 1736 2456 1793 intret
2485 1746 2668 1793 autem
2702 1739 2939 1798 infidelis
2985 1744 3228 1814 quidam,
3265 1745 3350 1801 vel
3398 1747 3540 1801 idio-

1969 1833 2044 1892 ta,
2083 1827 2299 1900 1399
2331 1830 2676 1885 convincitur
2703 1832 2773 1888 ab
2806 1835 3089 1901 omnibus,
3116 1836 3453 1906 dijudicatur
3469 1838 3540 1893 ab

1964 1919 2247 1985 omnibus,
2281 1930 2332 1976 et
2364 1922 2437 1975 ita
2456 1924 2821 1991 procidensin
2857 1925 3047 1982 faciem
3067 1927 3320 1982 adorabit
3343 1928 3535 1989 Deum,

1964 2013 2358 2078 pronuntians,
2392 2030 2520 2070 vere
2551 2013 2719 2072 Deum
2753 2018 2809 2072 in
2841 2019 2994 2076 vobis
3026 2036 3148 2076 esse
3176 2032 3222 2074 r.
3266 2039 3284 2072 ι
3326 2020 3430 2077 Sed
3483 2031 3538 2077 ct

1964 2107 2202 2168 quatuor
2237 2101 2363 2158 ﬁlim
2416 2102 2652 2176 Philippi
2686 2109 2985 2179 prophetiae
3037 2125 3255 2181 quoque
3300 2114 3533 2182 gratiam

1963 2204 2318 2262 acceperunt.
2346 2195 2481 2252 Nam
2512 2198 2581 2255 de
2607 2199 2797 2256 divino
2827 2201 3001 2259 Paulo
3028 2205 3157 2274 quid
3182 2221 3321 2277 opus
3340 2214 3425 2263 est
3449 2205 3533 2261 di-

1960 2296 2110 2351 cere,
2161 2285 2258 2356 qui
2286 2286 2453 2343 Mileti
2481 2289 2702 2360 quidem
2734 2292 3004 2363 Ephesios
3031 2296 3278 2351 seniores
3301 2297 3383 2353 sic
3403 2297 3542 2353 allo-

1961 2373 2263 2443 quebatur:
2295 2396 2313 2430 ι
2337 2377 2467 2434 Seio
2489 2381 2659 2449 enim,
2687 2381 2992 2441 intraturos
3023 2401 3148 2442 esse
3174 2394 3300 2456 post
3323 2388 3536 2444 disces-

1961 2480 2083 2520 sum
2117 2483 2299 2522 meum
2335 2468 2496 2540 lupos
2516 2486 2750 2543 rapaces
2772 2475 2918 2544 apud
2947 2491 3064 2542 vos,
3102 2493 3212 2533 non
3245 2488 3539 2550 parcentes

1960 2557 2133 2626 gregi,
2177 2567 2234 2613 et
2275 2556 2392 2615 lore
2425 2568 2485 2614 ut
2512 2577 2578 2616 ex
2613 2564 2770 2620 vobis
2806 2567 2940 2633 ipsis
2971 2576 3272 2640 exsurgant
3308 2570 3410 2624 viri
3457 2571 3539 2626 lo-

1959 2653 2194 2712 quentes
2240 2651 2586 2716 perversam
2628 2670 2646 2702 ι
2689 2652 2768 2705 Ad
2825 2652 3174 2712 Timotheum
3205 2673 3338 2713 vero
3393 2659 3539 2713 scri-

1962 2735 2121 2796 hens,
2184 2738 2387 2795 clamat
2424 2760 2435 2794 :
2481 2760 2497 2793 ι
2538 2741 2595 2795 In
2631 2744 2947 2801 novissimis
3004 2747 3202 2804 diebus
3249 2734 3539 2805 instabunt

1960 2834 2206 2898 tempora
2245 2831 2596 2900 periculosa:
2639 2845 2803 2890 erunt
2834 2838 2978 2892 enim
3031 2839 3280 2897 homines
3320 2841 3537 2911 seipsos

1958 2924 2440 2994 amantes,icnp_idi
2470 2935 2513 2988 ι’,
2550 2945 2570 2979 ι
2605 2934 2655 2981 et
2687 2928 2915 2999 reliqua.
2943 2929 3009 2985 Et
3037 2947 3272 2989 rursus:
3302 2954 3321 2987 ι
3361 2934 3537 3006 Spiri-

1960 3014 2050 3064 tus
2084 3020 2266 3065 autem
2331 3013 2623 3070 manifeste
2668 3014 2824 3086 dicit,
2858 3017 2975 3076 fore
2996 3030 3056 3075 ut
3114 3021 3171 3076 in
3223 3024 3534 3079 novissimis

1960 3101 2301 3170 temporibus
2354 3103 2640 3161 discedant
2670 3108 2892 3177 quidam
2934 3126 2967 3164 a
3025 3110 3147 3178 ﬁde,
3190 3114 3536 3183 attendentes

276 3186 342 3237 ἐν
379 3186 636 3257 ἐσχάταις
671 3193 909 3265 ἡμέραις
941 3196 987 3228 ⁸⁸
1028 3199 1427 3271 ἀποστήσονταί
1457 3221 1602 3269 τινες
1630 3207 1729 3277 τῆς
1767 3206 1851 3259 πί-

1960 3190 2244 3261 spiritibus
2288 3195 2498 3250 erroris
2528 3207 2572 3261 ³,
2609 3216 2628 3249 ι
2678 3204 2733 3252 et
2784 3199 3018 3269 reliqua.
3063 3199 3170 3255 Sed
3204 3217 3536 3272 supervaca-

278 3292 474 3368 στεως,
498 3282 856 3354 προσέχοντες
878 3287 1152 3359 πνεύμασι
1177 3292 1418 3358 πλάνοις,
1448 3314 1468 3347 ι
1498 3296 1591 3350 καὶ
1616 3296 1683 3351 τὰ
1708 3297 1855 3368 ἑξῆς.

287 3366 452 3421 Ἀλλὰ
477 3369 584 3441 γὰρ
631 3376 1065 3449 περιττὸνποιῶ,
1095 3383 1364 3440 δεικνύναι
1394 3390 1493 3458 τῆς
1524 3366 1860 3461 προφητείάς

275 3460 619 3533 πειρώμενος
677 3467 775 3538 τὴν
832 3469 1112 3542 ἀλήθειαν.
1160 3478 1352 3549 Ἀχρις
1398 3479 1506 3551 γὰρ
1557 3460 1650 3534 καὶ
1701 3481 1857 3551 ήμῶν

272 3551 437 3606 τοῦτο
467 3554 798 3631 διεφυλάχοη
832 3562 890 3616 τὸ
927 3564 1117 3636 δῶρον,
1153 3570 1247 3621 καὶ
1274 3570 1411 3624 εἰσὶν
1449 3574 1506 3625 ἐν
1542 3574 1651 3635 τοῖς
1680 3574 1857 3641 ἁγίοις

272 3642 472 3717 ἄνδρες
511 3649 750 3722 καθαρὸν
781 3654 879 3724 τῆς
912 3656 1150 3725 διανοίας
1188 3663 1249 3714 τὸ
1285 3663 1508 3718 όπτικὸν
1537 3665 1771 3735 ἔχοντες,
1804 3667 1855 3720 οἳ

274 3735 448 3791 πολλὰ
476 3739 582 3794 τῶν
620 3743 923 3813 μελλόντων
950 3750 1043 3804 καὶ
1082 3753 1536 3823 προγινώσκουσι,
1580 3757 1677 3810 καὶ
1722 3774 1856 3828 προ·

272 3828 553 3896 λέγουσιν.
590 3833 776 3900 Οῦτως
802 3840 1040 3911 εἰρηκὼς
1087 3842 1156 3897 τὰ
1185 3845 1325 3913 μετὰ
1366 3847 1466 3918 τήν
1510 3847 1734 3920 πρώτην
1757 3848 1852 3902 τοῦ

273 3918 529 3991 Σωτῆρος
578 3926 734 3996 ήμῶν
791 3930 1108 3999 ἐπιφάνειαν
1170 3918 1565 4008 χορηγηθέντα-
1604 3918 1709 3995 ύπδ
1756 3944 1851 3999 τοῦ

272 4010 421 4065 θείου
470 4015 784 4087 Πνεύματος
831 4013 1016 4094 δῶρα,’
1047 4026 1299 4097 προλέγει
1348 4032 1442 4086 καὶ
1485 4032 1555 4086 τὰ
1602 4036 1707 4106 πρὸ
1753 4039 1847 4109 τῆς

267 4103 534 4178 δευτέρας
564 4110 883 4181 ἐπιφανείας
919 4116 1175 4187 ἐσόμενα.

343 4195 409 4259 λ’,
433 4196 532 4255 λα’.
574 4218 602 4288 ι
639 4201 751 4255 Καί⁸
783 4203 939 4260 δώσω
975 4207 1182 4279 τέρατα
1207 4213 1266 4265 ἐν
1296 4212 1375 4283 τῷ
1397 4216 1610 4288 οὐρανῷ
1635 4220 1726 4274 καὶ
1758 4221 1849 4273 ἐπὶ

267 4289 370 4357 τῆς
390 4288 512 4358 γῆς,
535 4285 694 4361 αἷμα,
724 4295 819 4348 καὶ
848 4294 981 4368 πῦρ,
1004 4300 1099 4353 καὶ
1125 4299 1325 4369 ἀτμίδα
1353 4285 1593 4363 καπνοῦ.⁷
1620 4309 1678 4362 Ὀ
1701 4311 1849 4378 ἥλιος

269 4385 790 4455 μεταστραφήσεται
816 4389 895 4453 εἰς
919 4390 1129 4457 σκότος,
1163 4395 1257 4446 καὶ
1286 4396 1317 4466 ή
1350 4396 1548 4468 σελήνη
1580 4401 1658 4462 εἰς
1682 4395 1845 4471 αἷμα,

264 4465 402 4537 πρὶν
440 4467 473 4538 ἢ
513 4469 685 4556 ἐλθεῖν
712 4473 807 4543 τὴν
835 4477 1045 4547 ἡμέραν
1078 4480 1305 4552 Κυρίου,
1351 4465 1722 4556 τὴννμεγάλην
1746 4465 1847 4542 ⁷καί

264 4561 528 4630 ἐπιφανῆ.
560 4581 580 4614 ι
626 4551 809 4619 Ταῦτα
842 4570 934 4621 καὶ
959 4572 986 4623 6
1016 4551 1219 4642 Κύριος
1247 4574 1305 4627 ἐν
1328 4551 1439 4639 τοῖς
1470 4551 1632 4649 ίεροίς
1665 4551 1845 4649 Εὐαγ-

262 4649 468 4718 γελίοις
497 4654 901 4726 προηγόρευσεν
926 4675 940 4690 ·
1002 4681 1019 4711 ι
1061 4663 1254 4719 Ἔσται
1281 4666 1410 4738 γὰρ,
1449 4668 1602 4738 φησὶ,
1647 4673 1846 4740 σημεῖα

261 4746 324 4799 ἐν
370 4746 618 4817 οὐρανῷ,
667 4750 758 4803 καὶ
792 4750 946 4821 ήλίῳ,
997 4753 1091 4806 καὶ
1144 4755 1363 4828 σελήνῃ,
1412 4759 1505 4812 καὶ
1548 4761 1785 4832 ἄστροις.
1821 4785 1838 4819 ι

272 4834 533 4905 ’Πμέραν
568 4837 624 4892 δέ
669 4840 944 4911 μεγάλην
985 4845 1079 4897 καὶ
1126 4846 1390 4916 ἐπιφανῆ
1439 4851 1536 4922 τὴν
1584 4853 1841 4925 δευτέραν

256 4926 356 4980 τοῦ
406 4929 656 5001 Σωτῆρος
699 4933 857 5003 ἡμῶν
917 4936 1237 5005 ἐπιφάνειαν
1283 4941 1555 5013 ὀνομάζει.
1620 4947 1837 5019 Ἐπειδὴ

258 5019 375 5092 γὰρ
422 5021 562 5074 κατὰ
602 5023 700 5095 τὴν
752 5026 1027 5098 προτέραν
1073 5030 1265 5101 ἐτέχθη
1298 5033 1396 5103 μὲν
1443 5034 1548 5089 ὑπὸ
1579 5042 1840 5110 πενιχρᾶς

255 5113 518 5178 γυναικὸς
565 5115 623 5168 ἐν
655 5116 925 5187 σπηλαίῳ,
959 5119 1167 5190 τεχθεὶς
1201 5123 1256 5175 δὲ
1297 5125 1389 5178 ἐπὶ
1417 5127 1621 5198 φάτνης
1654 5132 1834 5202 ἐτέθη,

256 5201 356 5255 καὶ
380 5202 485 5266 ἕως
513 5204 718 5274 ἤρξατο
756 5208 864 5261 τῶν
903 5209 1220 5280 θαυμάτων,
1255 5214 1447 5286 ἄδηλος
1475 5214 1543 5288 ἦν
1573 5223 1682 5285 τοῖς
1713 5201 1842 5276 πολ-

1963 3297 2125 3337 neum
2173 3294 2297 3350 est,
2351 3286 2498 3357 quod
2545 3302 2743 3357 conor,
2769 3291 3067 3361 praphetiae
3112 3295 3399 3350 veritatem
3441 3294 3544 3350 de-

1961 3382 2295 3433 monstrare.
2328 3377 2639 3435 Permansit
2684 3382 2833 3436 enim
2861 3382 2926 3436 ad
2960 3392 3153 3439 nostra
3175 3400 3352 3455 usque
3402 3394 3538 3441 tem-

1959 3480 2096 3535 pora
2126 3468 2230 3524 hoc
2258 3469 2461 3524 donum
2501 3491 2513 3525 :
2546 3480 2600 3526 ct
2616 3479 2751 3528 sunt.
2776 3471 2921 3528 inter
2943 3482 3189 3538 sanctos,
3220 3475 3314 3544 qui
3338 3490 3530 3547 puram

1959 3559 2161 3615 mentis
2193 3561 2365 3616 aciem
2418 3562 2708 3627 habentes,
2739 3564 2909 3618 multa
2944 3565 3012 3620 de
3045 3564 3249 3620 futuris
3282 3574 3337 3622 et
3389 3582 3535 3637 pra:-

1959 3661 2200 3708 noscunt
2220 3661 2274 3709 et
2322 3653 2646 3724 praedicunt.
2699 3655 3000 3726 Explicatis
3025 3657 3093 3712 ad
3128 3658 3274 3714 hunc
3306 3659 3527 3716 modum

1956 3743 2116 3801 donis
2136 3760 2259 3817 quas
2289 3746 2533 3817 Spiritus
2557 3747 2777 3805 divinus
2801 3756 2925 3818 post
2951 3750 3192 3818 primum
3228 3751 3533 3807 Salvatoris

1956 3838 2132 3894 nostri
2174 3839 2467 3895 adventum
2509 3841 2744 3912 largitus
2778 3849 2885 3909 est,
2938 3843 3191 3913 pradicit
3221 3845 3387 3899 etiam
3444 3858 3531 3909 ea,

1957 3945 2079 4001 quae
2118 3940 2248 3989 ante
2277 3933 2583 3989 secundum
2621 3934 2919 3992 adventum
2949 3934 3130 3992 lutura
3164 3935 3297 3994 sint.
3346 4001 3350 4005 η

2024 4219 2191 4277 Vens.
2226 4221 2314 4287 50,
2345 4224 2433 4276 3t.
2476 4240 2495 4273 ι
2535 4225 2600 4277 Et
2631 4223 2773 4279 dabo
2812 4224 3061 4295 prodigia
3093 4224 3150 4279 in
3182 4224 3323 4279 coelo
3347 4234 3405 4279 et
3433 4238 3527 4281 su-

1954 4326 2051 4379 per
2077 4320 2303 4377 terram,
2331 4314 2679 4382 sanguinem,
2698 4321 2752 4369 et
2777 4314 2979 4383 ignem,
3007 4323 3063 4369 et
3090 4329 3348 4384 vaporem
3367 4314 3523 4370 fumi.

1954 4397 2045 4453 Sol
2071 4400 2125 4454 in
2154 4401 2414 4456 tenebras
2438 4410 2824 4456 convertetur:
2859 4411 2915 4458 et
2946 4402 3076 4456 luna
3102 4403 3156 4457 in
3175 4404 3522 4473 sanguinem,

1955 4490 2272 4560 priusquam
2303 4492 2487 4548 veniat
2505 4493 2623 4547 dies
2644 4491 2856 4547 Domini
2881 4508 3112 4564 magnus
3135 4504 3189 4549 et
3214 4495 3469 4550 illustris.
3499 4513 3519 4549 ι

1958 4579 2173 4651 1400
2225 4580 2353 4637 llaec
2409 4582 2573 4637 etiam
2607 4583 2659 4636 in
2688 4583 2863 4637 sacris
2895 4582 3209 4654 Evangeliis
3258 4583 3521 4640 Dominus

1950 4672 2245 4742 praedixit:
2273 4691 2291 4723 ι
2327 4671 2499 4726 Erunt
2525 4672 2695 4735 enim,
2723 4672 2919 4742 inquit,
2963 4672 3118 4742 signa
3147 4673 3203 4727 in
3237 4675 3400 4738 coelo,
3425 4690 3519 4730 so-

1950 4766 2019 4829 le,
2050 4764 2175 4818 luna
2198 4771 2253 4819 et
2278 4761 2452 4818 stellis
2481 4764 2524 4816 ί.
2575 4782 2593 4815 ι
2625 4760 2778 4816 Diem
2808 4776 2939 4816 vero
2994 4778 3242 4832 magnum
3287 4774 3341 4819 et
3385 4764 3515 4820 illu-

1949 4867 2110 4912 strem
2146 4857 2387 4928 appellat
2418 4853 2727 4911 secundum
2762 4852 3067 4912 Salvatoris
3105 4857 3279 4912 nostri
3311 4858 3517 4913 adven-

1947 4958 2084 5003 tum.
2129 4948 2401 5015 Quoniam
2437 4947 2585 5001 enim
2617 4954 2866 5015 tempore
2899 4946 3104 5017 prioris
3148 4947 3415 5005 adventus
3449 4967 3516 5006 ex

1948 5057 2188 5114 paupere
2227 5041 2459 5095 muliere
2510 5039 2564 5093 in
2610 5039 2873 5109 spelunca
2904 5046 3071 5094 natus
3103 5047 3210 5106 est,
3245 5044 3518 5114 natusque

1942 5135 2157 5205 positus
2187 5132 2241 5185 in
2266 5130 2518 5202 prmsepi,
2545 5136 2599 5184 et
2648 5128 2956 5198 usquedum
2990 5132 3007 5152 ‘
3037 5131 3302 5188 miracula
3348 5135 3511 5189 edere

1950 5223 2141 5292 cmpit,
2189 5222 2409 5290 ignotus
2466 5217 2569 5271 fuit
2600 5216 2914 5288 plerisque:
2963 5218 3189 5275 veniens
3229 5228 3411 5275 autem
3458 5222 3511 5275 in

289 5373 319 5400 ἰ
506 5366 675 5443 tt,_6.'
728 5376 752 5403 ο
786 5371 1066 5443 Actjuxxr,
1103 5371 1186 5425 Η.
1264 5382 1290 5420 Ρ
1321 5371 1339 5423 l
1366 5373 1491 5428 Cor.
1532 5392 1641 5442 xw,
1681 5377 1775 5442 24,
1809 5379 1854 5433 21

1980 5391 2005 5429 σι
2047 5382 2168 5433 Act.
2207 5395 2296 5440 xx,
2322 5376 2412 5440 29,
2445 5377 2535 5431 50.
2619 5386 2639 5412 τ
2669 5375 2707 5430 ll
2743 5376 2991 5438 Tim.m,
3026 5378 3077 5443 l,
3112 5377 3169 5430 Ξ.
3248 5377 3321 5431 ι’1
3363 5375 3510 5434 Tim.

253 5447 330 5500 Iv,
360 5434 449 5489 ll.
529 5436 545 5473 ¹
573 5435 706 5492 Luc.
740 5454 851 5503 χχι,
875 5440 962 5494 25.

1526 5605 1764 5661 VARUS
1806 5603 2209 5663 LECTIONES.

350 5694 401 5727 ἰι
433 5711 600 5765 προφ.
629 5694 813 5751 Lectio
845 5712 954 5752 rec.
982 5700 1397 5770 προφητεύωσιν
1423 5709 1602 5757 exstat
1636 5703 1800 5766 infra,
1836 5709 1877 5756 t.
1919 5701 2010 5768 Ill,
2032 5702 2138 5756 adl
2167 5700 2320 5767 Cor.,
2353 5702 2467 5787 1.3..
2533 5701 2590 5787 ,θ’
2628 5704 2721 5757 καὶ
2755 5703 2917 5787 οὕτω,
2955 5695 3006 5753 κ.
3032 5699 3156 5787 τᾲλ.
3199 5700 3321 5787 Des.
3372 5701 3504 5787 Ital.

350 5765 426 5787 _.
494 5781 516 5787 -
567 5767 872 5787 ___-7_4.___.
1054 5768 1096 5787 ν..
1358 5770 1371 5787 .
2036 5772 2054 5787 .
2128 5775 2145 5787 .
2194 5772 2217 5787 ,.
2320 5780 2332 5787 .

259 5779 385 5840 qua:
413 5765 906 5840 I._c._pr:ecedunt,
929 5765 1183 5840 καὶοῦτω
1221 5801 1288 5812 -
1315 5770 1539 5838 γίνεται.
1615 5772 1661 5804 ⁸³
1692 5765 1829 5840 λέγς,
1864 5790 1919 5825 κ.
1953 5765 2004 5826 τ.
2036 5772 2085 5826 λ.
2126 5765 2358 5831 lnl‘raJ.
2402 5770 2486 5839 lll,
2533 5774 2567 5828 l.
2613 5790 2658 5827 ο.
2708 5781 2812 5836 est,
2843 5769 3218 5838 ἀπαγγέλλων,
3254 5774 3334 5825 ὅτι
3380 5774 3408 5825 ὁ
3439 5774 3502 5828 Θ.

251 5834 421 5899 δντως
453 5836 512 5889 ἐν
539 5836 634 5905 ύμ.
666 5837 801 5891 ἐστι.
871 5838 916 5871 ⁸³
947 5838 1062 5909 ἐσχ.
1095 5840 1192 5909 ήμ.
1221 5834 1351 5896 Βεὰ
1379 5842 1538 5897 lectio
1586 5842 1625 5898 Ι.
1667 5859 1716 5899 c.
1744 5834 1846 5911 est,
1880 5842 2125 5913 ὑστέροις
2158 5843 2388 5914 χρόνοις.
