3904 6202
429 301 447 363 l
462 304 560 366 659

1397 302 1889 365 THEODORETI
1907 305 2252 367 EPISCOPI
2271 304 2636 366 CYRENSIS

3520 293 3638 360 Ῑθθο

423 415 684 470 robustus
733 413 799 469 ad
845 413 1047 469 bellum
1107 411 1437 479 instruatur,
1479 425 1534 469 et
1584 415 1996 473 mansuetudini

2105 412 2387 485 ῥωμαλέον
2412 417 2493 477 είς
2519 414 2620 484 τὴν
2649 408 2955 482 παράταξιν
2993 407 3430 481 εύτρεπίσασθαι,
3453 411 3539 463 καὶ
3558 414 3638 466 τδν

423 518 699 573 assuetus,
717 510 966 577 protinus
985 507 1328 572 immutatus,
1353 523 1412 562 se
1434 515 1719 563 strenuum
1748 516 1992 578 praestet,

421 613 723 669 omnesque
753 598 818 652 ad
857 598 1052 651 vallem
1089 595 1354 666 Josaphat
1393 607 1817 670 congregentur.

496 772 665 830 Vens.
690 775 779 830 12.
819 793 837 826 ι
869 775 1008 841 Quia
1042 776 1136 836 ibi.
1171 776 1371 846 inquit,
1412 778 1637 842 sedebo,
1671 786 1729 832 ut
1755 778 1994 847 iudicem

422 881 614 920 omnes
644 875 832 935 gentes
857 865 911 920 in
952 867 1210 922 circuitu.
1241 886 1258 919 ι
1307 867 1420 922 Hoc
1464 877 1571 933 est,
1601 871 1749 925 circa
1796 871 1996 925 Hiero-

423 959 689 1028 solymam
728 957 1066 1023 habitantes,
1105 957 1396 1022 Idumaeos,
1426 959 1790 1026 Ammanitas,
1849 960 1999 1016 Moa-

422 1049 590 1115 bitas,
634 1047 848 1121 1404
888 1050 1239 1116 Amalecitas,
1271 1048 1616 1122 Allophylos,
1648 1050 1864 1123 Tyrios,
1903 1051 1996 1106 Si-

422 1140 640 1194 donios.
683 1140 746 1195 lli
790 1145 936 1198 enim
995 1140 1278 1212 Scythicas
1333 1143 1499 1197 etiam
1559 1154 1751 1214 gentes
1803 1154 1996 1199 contra

425 1227 858 1301 Hierosolymam
883 1239 1316 1300 congregarunt.
1355 1231 1470 1304 [l5]
1523 1232 1728 1288 Deinde
1763 1233 1997 1305 ﬁgurate

423 1321 618 1376 horum
651 1324 1082 1380 internecionem
1123 1325 1403 1389 deridens,
1436 1324 1640 1380 caedem
1677 1326 1997 1379 vindemiam

423 1419 613 1477 vocat;
649 1412 811 1480 falces
832 1429 983 1476 vero,
1011 1413 1200 1468 hastas
1234 1425 1287 1468 et
1315 1413 1551 1484 gladios,
1581 1415 1784 1484 quibus
1812 1415 1997 1471 necati

424 1502 684 1570 fuerunt;
716 1505 954 1558 torcular
981 1512 1162 1558 autem
1192 1513 1246 1559 et
1272 1505 1467 1565 lacum,
1516 1506 1710 1560 vallem
1771 1507 1995 1560 illorum

425 1595 696 1663 sanguine
747 1595 984 1664 plenam.
1046 1593 1113 1647 Et
1162 1610 1386 1649 causam
1449 1596 1711 1660 ultionis,
1772 1615 1791 1648 ‹
1856 1596 1996 1662 Quia

421 1684 697 1753 completa
743 1695 893 1749 sunt,
931 1685 1130 1754 inquit,
1187 1687 1328 1739 mala
1365 1701 1576 1741 eorum.
1621 1707 1638 1739 ι
1670 1687 1876 1743 Deinde
1905 1696 1996 1743 tu-

423 1775 655 1828 multum
688 1791 811 1829 cum
839 1775 1081 1830 caedibus
1127 1776 1484 1845 conjunctum
1520 1777 1783 1846 depingit.

491 1863 657 1922 Vens.
687 1868 771 1920 M.
801 1887 818 1919 ι
845 1867 1071 1922 Sonitus
1090 1867 1331 1922 exauditi
1358 1878 1488 1922 sunt
1521 1870 1575 1922 in
1607 1869 1953 1939 vallejudicii
1980 1889 1992 1922 :

422 1959 550 2027 quia
583 1959 928 2029 propinquus
969 1967 1052 2015 est
1077 1960 1195 2014 dies
1225 1960 1468 2026 Domini,
1493 1961 1548 2014 in
1571 1961 1710 2016 valle
1741 1961 1990 2030 iudicii.»

437 2049 641 2104 Vallem
677 2067 805 2106 vero
858 2051 1052 2120 judicii
1086 2052 1308 2106 vocavit
1346 2053 1542 2108 vallem
1599 2051 1890 2122 Josaphat,
1939 2063 1998 2108 ut

425 2155 549 2208 quae
613 2141 882 2210 judicium
947 2143 1352 2198 etsententiam
1425 2142 1482 2196 in
1538 2142 1662 2197 illos
1728 2145 1993 2214 suscepit.

427 2226 544 2300 [l5]
593 2230 776 2285 Solem
835 2246 1002 2301 porro
1065 2231 1220 2297 dicit,
1273 2241 1328 2286 et
1384 2233 1591 2297 lunam,
1646 2234 1999 2304 reliquasque

423 2319 632 2383 stellas,
664 2321 869 2376 lumine
902 2322 1172 2392 privatum
1219 2325 1310 2378 iri.
1339 2325 1417 2380 Ac
1441 2325 1745 2381 verisimile
1775 2327 1994 2396 quidem

422 2419 507 2466 est
541 2411 645 2466 hoc
683 2413 863 2482 reipsa
897 2412 1168 2479 futurum,
1201 2414 1311 2469 Deo
1361 2416 1413 2469 in
1446 2431 1542 2471 eos
1579 2432 1796 2472 omnem
1841 2433 1996 2474 crea-

423 2511 600 2556 turam
637 2517 1038 2560 commovente.
1092 2506 1277 2562 Potest
1329 2516 1589 2563 tamenet
1623 2510 1732 2563 alia
1784 2511 2009 2566 ratione-

423 2593 676 2666 intelligi.
710 2595 831 2649 Vita
855 2597 1002 2651 enim
1027 2597 1307 2655 defunctis
1339 2608 1393 2655 et
1425 2601 1655 2668 occisis,
1685 2617 1862 2672 neque
1891 2603 1995 2669 sol,

423 2701 601 2756 neque
659 2687 808 2750 luna,
873 2704 1051 2758 neque
1108 2691 1218 2743 ulla
1268 2706 1332 2745 ex
1386 2693 1565 2748 stellis
1614 2694 1756 2749 lucis
1813 2685 1998 2750 radios

422 2777 686 2832 immittit.
729 2779 794 2830 Et
820 2793 954 2833 vero
980 2781 1285 2850 repentinis
1329 2783 1492 2836 malis
1526 2785 1780 2852 oppressi
1827 2784 1884 2839 in
1914 2793 1996 2840 te-

423 2868 612 2925 nebris
645 2869 939 2940 degebant,
971 2871 1114 2927 diem
1163 2880 1380 2927 noctem
1411 2873 1818 2928 existimantes.

494 3137 660 3194 Vens.
694 3136 780 3192 16.
822 3158 839 3191 ι
875 3138 1140 3194 Dominus
1175 3146 1356 3193 autem
1397 3138 1465 3195 de
1499 3138 1670 3196 Sione
1712 3141 1996 3208 clamabit,

423 3238 563 3286 ctex
614 3229 992 3311 Hierosolyma
1028 3232 1182 3285 dabit
1233 3246 1422 3285 vocem
1458 3247 1617 3287 suam
1657 3252 1670 3288 :
1707 3242 1762 3289 et
1814 3250 2000 3291 move-

423 3320 571 3376 bitur
602 3317 805 3376 caelum
837 3331 894 3376 et
933 3329 1078 3376 terra
1105 3339 1120 3386 ;
1145 3328 1198 3375 et
1221 3321 1237 3340 ⁴
1277 3320 1546 3379 Dominus
1578 3334 1765 3393 parcet
1791 3329 1998 3397 populo

423 3427 546 3466 suo.
588 3431 606 3463 ι
640 3411 736 3466 His
785 3413 949 3467 etiam
1015 3412 1394 3477 demonstrat,
1448 3415 1539 3469 illa
1597 3431 1787 3472 revera
1851 3418 1996 3473 facta

426 3500 632 3568 fuisse;
668 3517 790 3556 nam
825 3517 1000 3555 vocem
1041 3511 1202 3556 vocat
1235 3504 1441 3558 tonitru
1476 3524 1489 3559 :
1526 3506 1608 3561 sic
1640 3509 1787 3562 enim
1838 3525 2000 3563 voca-

423 3600 540 3645 tum
577 3592 630 3645 in
677 3591 834 3646 libris
885 3590 1200 3662 Regnorum
1242 3594 1555 3652 invenimus
1587 3612 1600 3650 :
1631 3616 1650 3649 ι
1693 3597 1864 3664 Fecit,
1911 3600 1998 3655 in-

422 3685 564 3754 quit,
598 3683 864 3738 Dominus
892 3699 1058 3740 voces
1085 3692 1139 3740 et
1169 3686 1410 3756 pluviam
1442 3700 1490 3744 ε.
1543 3709 1561 3740 ι
1602 3689 1766 3745 Docet
1790 3691 1996 3762 itaque,

426 3774 669 3827 futurum
709 3783 765 3828 ut
795 3774 1093 3832 tonitribus
1116 3778 1252 3850 suis
1293 3777 1505 3848 1405
1539 3779 1990 3852 circumstrepet,

425 3873 480 3918 et
505 3875 664 3919 terra:
700 3867 942 3920 motibus
969 3870 1274 3934 concutiat,
1308 3871 1593 3942 plagisque
1625 3873 1843 3928 ccelitus
1878 3874 1998 3930 illa-

425 3957 497 4010 tis
531 3955 776 4012 l‘unditus
809 3958 1018 4027 perdat.
1054 3959 1181 4014 Haec
1213 3969 1394 4014 autem
1434 3963 1682 4017 omnium
1733 3963 1999 4021 Dominus

427 4047 678 4103 facturus
700 4057 806 4113 est,
829 4050 1213 4106 misericordia
1239 4051 1294 4105 in
1327 4053 1588 4122 p0pulum
1614 4070 1774 4108 suum
1805 4067 1995 4111 utens:

427 4147 488 4194 ut
523 4140 626 4195 hac
663 4141 851 4198 fruens
900 4143 1266 4214 providentia,
1297 4155 1616 4218 cognoscat,
1653 4149 1850 4219 inquit,

499 4317 662 4374 Vens.
707 4320 794 4375 17.
837 4341 855 4374 ι
893 4321 1051 4388 Quod
1087 4338 1188 4393 ego
1230 4324 1333 4379 sim
1389 4322 1654 4379 Dominus
1702 4325 1866 4392 Deus,
1903 4327 1993 4380 ba-

2098 503 2366 576 πραότητι
2403 502 2668 570 συξῶντα,
2712 499 3120 571 μεταδληθέντα
3169 497 3458 571 προθύμως
3500 499 3638 570 ἀνδρ-

2097 595 2452 664 αγαθίζεσθαι
2473 611 2487 625 ο
2522 593 2730 658 πάντας
2771 593 2827 646 δὲ
2865 593 2945 656 είς
2965 595 3064 660 τὴν
3089 589 3313 644 κοιλάδα
3347 589 3436 643 τοῦ
3476 591 3635 646 ’ίωσαο

2098 687 2206 756 φὰτ
2233 684 2695 756 συναθροίζεσθαι.

2173 776 2258 846 ιβ’.
2298 768 2320 828 ‹’
2341 777 2463 829 Ὅτι
2493 777 2644 837 ἐκεῖ,
2679 772 2833 843 φησὶ,
2866 769 3074 825 καθίσω
3093 769 3165 836 ⁸³,
3197 769 3463 841 διακρῖναι
3484 770 3636 825 πάντα

2096 866 2166 919 τὰ
2204 865 2329 936 ἔθνη
2358 863 2639 918 κυκλόθεν.
2673 882 2689 914 ι
2719 861 3000 927 Τουτέστι,
3032 859 3100 914 τὰ
3125 859 3314 928 κύκλῳ
3333 859 3431 928 τῆς
3464 860 3633 929 Ἰερου-

2101 955 2283 1026 σαλὴμ
2313 954 2586 1019 οἰκοῦντα,
2643 953 2994 1023 Ἰδουμαίους,
3047 951 3409 1022 Ἀμμανίτας,
3447 953 3637 1008 Μωαόίο

2099 1066 2217 1112 τας,
2254 1048 2646 1118 Ἀμαληκίτας,
2683 1045 3062 1114 Ἀλλοφύλους,
3085 1044 3342 1114 Τυρίους,
3369 1044 3635 1108 Σιδωνίους·

2097 1133 2246 1193 οὗτοι
2283 1141 2394 1210 γὰρ
2423 1141 2490 1195 τὰ
2524 1139 2764 1192 Σκυθικὰ
2806 1136 2946 1192 κατὰ
2975 1136 3084 1190 τῶν
3121 1134 3504 1206 Ἰεροσολύμων
3531 1135 3634 1207 ἔθνη

2102 1233 2480 1302 συνήθροισαν.
2526 1229 2658 1285 Εἶτα
2689 1230 2966 1303 τροπικῶς
3005 1227 3217 1283 τούτων
3255 1227 3356 1296 τὴν
3393 1228 3638 1299 ἀναίρεσιν

2099 1322 2386 1392 κωμῳδῶν
2406 1362 2421 1385 ,
2469 1321 2765 1391 τρυγητὸν
2806 1320 2904 1391 μὲν
2942 1319 3097 1372 καλεῖ
3137 1318 3238 1387 τὴν
3271 1317 3506 1388 σφαγὴν,
3535 1317 3640 1386 δρέ-

2099 1432 2260 1468 πανα
2291 1415 2348 1468 δὲ
2373 1415 2441 1468 τὰ
2471 1415 2689 1483 δόρατα,
2713 1413 2807 1466 καὶ
2830 1412 2901 1465 τὰ
2928 1410 3077 1480 ξίφη,
3107 1409 3176 1463 δι’
3200 1403 3277 1462 ὧν
3303 1408 3614 1480 ἀνῃρέθησαν

2097 1507 2301 1573 ληνὸν
2321 1507 2377 1560 δὲ
2419 1507 2515 1559 καὶ
2543 1505 2881 1571 ὑπολήνιον
2901 1543 2916 1567 ,
2944 1503 3044 1572 τὴν
3087 1501 3354 1573 φάραγγα
3376 1499 3478 1553 τῶν
3506 1501 3641 1571 αἷμά.

2099 1615 2206 1650 των
2261 1598 2484 1651 ἐκείνων
2532 1595 2995 1668 πεπληρωμένην.
3043 1594 3156 1646 Kal.
3205 1592 3304 1664 τὴν
3358 1591 3524 1645 αἰτίαν
3564 1592 3641 1662 τῆς

2099 1688 2365 1758 τιμωρίας
2386 1705 2399 1718 ·
2431 1707 2449 1740 ‹
2474 1689 2595 1742 Ὅτι
2618 1686 2950 1758 ἐπληθύνθη,
2983 1686 3144 1754 φησι,
3169 1684 3240 1738 τὰ
3268 1683 3408 1738 κακὰ
3429 1682 3637 1737 αὐτῶν.»

2029 1755 2072 1809 Β
2100 1755 2232 1832 Εἶτα
2249 1755 2352 1834 ’τὸν
2381 1779 2439 1832 ὲν
2471 1781 2590 1841 ταῖς
2615 1755 2849 1844 σφαγαῖς
2873 1776 3124 1845 θόρυϐον.

2174 1872 2254 1925 ιδ’.
2304 1890 2322 1923 ι
2358 1866 2522 1942 Ἧχοι
2557 1872 2830 1940 ἐξήχησαν
2877 1871 2936 1922 ὲν
2971 1871 3036 1940 τῇ
3093 1867 3306 1921 κοιλάδι
3355 1867 3450 1938 τῆς
3478 1867 3638 1938 δίκης·

2099 1963 2180 2016 ὅτι
2209 1964 2378 2031 ἐγγὺς
2411 1962 2596 2032 ἡμέρα
2614 1963 2662 1994 ⁸⁸⁵
2705 1962 2798 2015 τοῦ
2839 1961 3043 2032 Κυρίου
3091 1959 3151 2011 ὲν
3202 1962 3270 2030 τῇ
3330 1959 3523 2012 κοιλάδι
3563 1960 3640 2029 τῆς

2099 2053 2272 2122 δίκης.
2311 2072 2328 2104 ι
2364 2051 2625 2106 Κοιλάδα
2660 2052 2717 2105 δὲ
2763 2051 2936 2118 δίκης
2961 2049 3061 2121 τὴν
3119 2049 3390 2118 Ἰωσαφάτ
3428 2049 3638 2120 ὠνόμασε

2101 2144 2381 2214 φάραγγα,
2410 2144 2486 2206 ὠς
2513 2142 2573 2195 τὺ
2601 2143 2882 2212 κριτήριον
2917 2135 3011 2194 καὶ
3043 2139 3145 2211 τὴν
3175 2141 3296 2194 κατ’
3320 2140 3488 2193 αὐτῶν
3515 2139 3638 2206 δεξα-

2102 2236 2270 2305 μένην
2300 2235 2498 2304 ψῆφον.
2529 2233 2692 2300 Λέγει
2724 2233 2781 2286 δὲ
2821 2233 2914 2286 καὶ
2947 2231 3037 2284 τὸν
3061 2232 3238 2304 ἥλιον,
3271 2232 3364 2283 καὶ
3392 2230 3484 2301 τὴν
3511 2229 3639 2300 call)-

2097 2341 2216 2394 νην,
2252 2323 2346 2376 καὶ
2375 2324 2500 2386 τοὺς
2533 2322 2754 2384 λοιποὺς
2788 2321 3042 2391 ἀστέρας,
3076 2320 3174 2374 τοῦ
3204 2320 3378 2388 φωτὸς
3413 2321 3638 2390 στερηθή-

2101 2414 2375 2469 σεσθαιπ.
2427 2413 2538 2468 Καὶ
2589 2413 2737 2475 είκὸς
2776 2411 2874 2481 μὲν
2915 2411 2995 2479 τῷ
3027 2412 3143 2464 δντι
3189 2410 3360 2464 ταῦτα
3404 2410 3632 2478 γενέσθαι,

2098 2501 2190 2556 τοῦ
2217 2503 2353 2556 Θεοῦ
2400 2503 2508 2556 τῶν
2561 2503 2700 2556 ὅλων
2749 2503 2930 2554 πᾶσαν
2984 2500 3107 2552 κατ’
3154 2499 3334 2553 αὐτῶν
3373 2499 3466 2570 τὴν
3494 2498 3638 2551 κτίσιν

2100 2595 2437 2666 κινήσαντος.
2475 2595 2630 2646 Ἔστι
2664 2593 2720 2646 δὲ
2762 2592 2912 2661 ὅμως
2947 2593 3038 2646 καὶ
3076 2591 3286 2662 ἑτέρως
3315 2593 3508 2660 νοῆσαι.
3538 2590 3634 2650 Τοῖς

2098 2685 2205 2757 γὰρ
2250 2684 2354 2750 ἔξω
2387 2687 2483 2754 τῆς
2519 2685 2664 2754 ζωῆς
2706 2683 3056 2753 γενομένοις,
3108 2684 3204 2738 καὶ
3253 2683 3459 2753 θανάτῳ
3492 2699 3634 2752 παρα-

2098 2773 2326 2828 δοθεῖσιν
2352 2813 2368 2836 ,
2422 2772 2545 2827 οὔτε
2581 2774 2765 2845 ἥλιος,
2806 2773 2930 2827 οὔτε
2963 2774 3162 2844 σελήνη
3192 2813 3207 2837 ,
3247 2771 3368 2825 οὔτε
3403 2788 3480 2832 τις
3503 2769 3631 2823 ἁπέ-

2103 2883 2230 2937 ρων,
2263 2867 2357 2920 τοῦ
2389 2868 2562 2934 φωτὸς
2589 2866 2943 2937 καταπέμπει
2981 2867 3082 2937 τὴν
3115 2864 3330 2934 αἴγλην.
3362 2864 3463 2917 Kal
3487 2861 3631 2933 μέντοι

2099 2958 2193 3010 καὶ
2213 2957 2315 3010 ὑπὸ
2340 2958 2450 3011 τῶν
2477 2958 2753 3026 ἀδοκήτων
2777 2958 3137 3028 κατεχόμενοι
3169 2956 3375 3021 κακῶν,
3407 2957 3460 3008 ὲν
3490 2954 3632 3021 σκότῳ

2098 3048 2302 3117 διῆγον,
2336 3049 2506 3102 νύκτα
2527 3051 2624 3120 τὴν
2663 3049 2874 3119 ἡμέραν
2907 3047 3242 3118 νομίζοντες.

2175 3145 2268 3206 ις’.
2310 3159 2328 3192 ι
2377 3141 2436 3193 '0
2466 3141 2521 3193 δὲ
2551 3140 2852 3211 Κύριοςέκ
2894 3138 3030 3194 Σιὼν
3074 3139 3462 3211 ἀνακράξεται,
3491 3137 3568 3191 καὶ
3587 3135 3631 3200 ἐξ

2110 3229 2466 3301 Ἰερουσαλὴμ
2493 3229 2654 3283 δώσει
2693 3231 2878 3301 φωνὴν
2906 3229 3071 3284 αὑτοῦ
3095 3247 3109 3260 ·
3161 3231 3256 3284 καὶ
3284 3226 3631 3299 σεισθήσεταιὸ

2099 3321 2325 3392 οὐρανὸς
2351 3321 2504 3392 καὶὴ
2550 3322 2656 3391 γῆο
2701 3321 2729 3372 ὁ
2778 3321 2835 3374 δὲ
2884 3321 3087 3393 Κύριος
3136 3321 3379 3392 φείσεται
3420 3319 3504 3373 τοῦ
3527 3317 3629 3372 λαοῦ

2100 3412 2288 3469 αὐτοῦ.
2330 3433 2348 3466 ι
2384 3413 2544 3482 Δηλοῖ
2573 3412 2632 3465 δὲ
2677 3412 2764 3465 διὰ
2797 3412 3003 3466 τούτων
3026 3451 3042 3478 ,
3071 3413 3150 3476 ὡς
3196 3413 3414 3466 κάκεῖνα
3440 3409 3508 3480 τῷ
3542 3409 3630 3463 ὄντι

2100 3503 2391 3572 γεγένηται
2415 3518 2430 3532 ο
2475 3499 2686 3570 φωνὴν
2716 3502 2823 3573 γὰρ
2869 3502 3028 3555 καλεῖ
3077 3503 3178 3572 τὴν
3216 3501 3466 3573 βροντήνο
3493 3500 3630 3560 οὕτως

2100 3594 2207 3663 γὰρ
2237 3594 2407 3664 αὐτὴν
2429 3594 2981 3664 προσαγορευομένην
3004 3594 3100 3646 καὶ
3129 3596 3188 3647 ὲν
3219 3596 3340 3656 ταῖς
3369 3591 3632 3654 Βασιλείαις

2101 3685 2442 3756 εὑρίσκομεν.
2482 3705 2500 3737 ι
2549 3685 2802 3754 Ἐποίησε
2837 3685 2980 3756 γὰρ,
3023 3687 3199 3756 φησὶ,
3255 3686 3447 3756 Κύριος
3481 3684 3630 3752 φωνὰς

2101 3778 2194 3829 καὶ
2220 3777 2391 3830 ὑετόν.
2427 3796 2444 3828 ι
2477 3776 2727 3830 Διδάσκει
2757 3776 2958 3837 τοίνυν,
2988 3777 3063 3840 ὡς
3086 3777 3184 3830 καλ⁸
3207 3777 3446 3848 βρονταῖς
3472 3774 3630 3830 αὐτοὺς

2101 3869 2511 3939 κατακτυπήσει
2537 3909 2550 3933 ,
2622 3867 2716 3922 καὶ
2797 3871 3038 3938 σεισμοῖς
3104 3867 3510 3939 κατακλονήσει,
3557 3865 3631 3918 καὶ

2102 3959 2384 4029 θεηλάτοις
2439 3960 2678 4031 πληγαῖς
2722 3959 2892 4031 ἄρδην
2943 3959 3342 4017 καταναλώσει.
3388 3959 3549 4012 Ταῦτα
3587 3955 3628 4008 δι

2100 4052 2286 4122 δράσει
2317 4051 2426 4105 τῶν
2463 4053 2600 4106 ὅλων
2641 4055 2668 4106 ὁ
2698 4052 2903 4121 Κύριος
2925 4092 2940 4116 ,
2987 4054 3158 4122 οἴκτῳ
3189 4054 3316 4124 περὶ
3357 4053 3442 4108 τὸν
3467 4052 3628 4106 οίκεῖον

2103 4141 2442 4212 κεχρημένος
2478 4142 2628 4208 λαὸν,
2665 4143 2753 4196 ἵνα
2800 4140 3006 4213 ταύτης
3059 4142 3378 4206 ἀπολαύσας
3405 4142 3493 4212 τῆς
3520 4157 3627 4211 προ-

2103 4233 2268 4297 νοίας,
2304 4233 2436 4303 γνῷ,
2473 4235 2656 4303 φησιν,
3487 4285 3510 4300 ,

2176 4322 2258 4388 ιζ’.
2298 4344 2315 4377 ι
2355 4325 2478 4378 Ὅτι
2523 4323 2634 4393 ἐγὼ
2683 4323 2887 4395 Κύριος
2929 4327 2958 4378 ὁ
3010 4325 3144 4391 Θεὸς
3211 4323 3545 4394 κατασκηνῶν
3583 4323 3628 4374 ἑν

426 4408 610 4467 bitans
645 4412 699 4466 in
762 4421 949 4470 monte
997 4423 1191 4470 sancto
1225 4430 1368 4470 meo.
1413 4413 1554 4470 illis
1613 4433 1744 4472 vero
1800 4421 1993 4488 gestis,

2102 4416 2216 4487 ὄρει
2237 4417 2316 4448 π’
2341 4416 2480 4486 ἁγίῳ
2517 4433 2637 4486 μου.
2669 4434 2688 4467 ι
2728 4415 2945 4470 Τούτων
2973 4417 3036 4488 δὴ
3068 4419 3391 4490 γενομένων,
3419 4414 3626 4486 περίϐλε-

426 4502 661 4559 illustris
693 4505 802 4558 erit
856 4496 1256 4576 l-lierosoly’ma,
1300 4507 1502 4576 quippe
1535 4523 1658 4577 qua:
1692 4524 1825 4564 cura
1884 4526 2001 4565 mea

424 4602 654 4663 regatur
683 4611 696 4646 :
733 4604 1024 4664 metusque
1057 4613 1250 4652 omnes
1277 4605 1498 4654 exteras
1541 4601 1796 4656 nationes
1841 4602 2000 4658 inva-

427 4683 538 4748 det,
569 4686 642 4739 ita
677 4692 735 4738 ut
767 4702 833 4740 ne
866 4685 1044 4740 viator
1070 4687 1292 4757 quidem
1321 4703 1389 4743 ex
1423 4689 1538 4745 illis
1613 4692 1857 4748 transire
1906 4708 2006 4762 per

425 4791 545 4829 eam
571 4776 792 4840 audeat,
837 4779 982 4847 quod
1012 4795 1140 4850 erga
1174 4781 1297 4836 illos
1329 4781 1475 4836 facta
1506 4785 1852 4841 extimescat.
1888 4785 2001 4843 Hoc

425 4867 570 4919 enim
621 4869 886 4934 ostendit,
938 4885 1066 4924 cum
1110 4871 1246 4926 dicit
1290 4888 1304 4924 :
1349 4889 1367 4923 ι
1422 4871 1487 4926 Ει
1523 4875 1827 4946 alienigena
1888 4894 1998 4933 non

427 4956 686 5010 transibit
717 4973 814 5027 per
843 4973 964 5013 eam
1023 4961 1282 5030 amplius.
1316 4981 1336 5014 ι
1371 4961 1440 5016 At
1483 4965 1871 5032 praedictiones
1910 4968 1999 5022 di-

425 5048 586 5101 vinas
616 5047 685 5103 ad
716 5048 874 5104 linem
905 5054 1194 5120 pervenire
1241 5053 1411 5124 impia
1463 5069 1652 5110 eorum
1696 5055 1837 5112 facta
1888 5075 1996 5113 non

427 5141 640 5196 sinunt.
674 5140 808 5196 Nam
853 5146 1096 5199 omnium
1132 5145 1276 5202 Deus
1317 5151 1460 5218 leges
1493 5147 1696 5213 ferens,
1761 5159 1816 5202 et
1853 5151 1996 5203 bona

425 5233 778 5304 promittens,
838 5251 961 5290 cum
1021 5237 1346 5306 exceptione
1414 5239 1581 5294 verba
1653 5239 1782 5293 facit
1819 5259 1830 5293 :
1867 5260 1883 5289 σ
1933 5239 1992 5294 Si

501 5376 525 5406 ο
562 5364 585 5420 Ι
614 5364 748 5437 Reg.
777 5383 878 5435 xu,
910 5369 1110 5438 17,18,
1140 5383 1254 5425 sec.
1290 5368 1455 5425 LXX.

2103 4525 2236 4567 πτος
2263 4507 2415 4560 ἔσται
2464 4506 2836 4577 Ἰερουσαλὴμ,
2873 4509 2969 4563 ἆτε
3006 4508 3070 4579 δὴ
3100 4510 3198 4580 τῆς
3249 4508 3384 4579 ἐμῆς
3423 4502 3623 4560 ἀπολαύ·

2103 4618 2243 4656 σασα
2283 4598 2607 4668 κηδεμονίας
2634 4617 2647 4629 ’
2683 4599 2776 4652 καὶ
2802 4599 2921 4661 δέος
2949 4599 3166 4665 καθέξει
3189 4601 3313 4663 τοὺς
3341 4597 3623 4667 ἀλλοφύλους

2101 4690 2364 4752 ἅπαντας,
2395 4687 2537 4740 ὥστε
2567 4687 2705 4758 μηδὲ
2742 4687 2926 4758 ὁδίτην
2958 4689 3201 4742 τοιοῦτον
3238 4689 3304 4742 δι’
3333 4687 3488 4755 αὐτῆς
3518 4699 3623 4753 παρ·

2101 4781 2338 4842 οδεύειν,
2391 4778 2459 4831 τὰ
2501 4779 2584 4843 είς
2638 4778 2883 4843 ἐκείνους
2926 4779 3267 4851 γεγενημένα
3305 4777 3619 4847 δειμαίνοντα.

2103 4873 2272 4926 Τοῦτο
2305 4873 2412 4942 γὰρ
2461 4871 2869 4941 παρεδήλωσεν,
2915 4871 3188 4943 εἰρηκὼς·
3231 4891 3250 4922 ι
3298 4871 3400 4923 Καὶ
3439 4868 3620 4932 ἀλλογε-

2102 4965 2198 5034 νὴς
2216 4965 2262 4996 9°
2301 4964 2361 5016 ού
2395 4961 2726 5016 διελεύσεται
2763 4963 2830 5015 δι’
2872 4963 3044 5033 αὐτῆς
3071 4963 3271 5016 οὐκέτι.
3311 4980 3329 5013 ι
3377 4958 3516 5012 Ἀλλά
3540 4956 3616 5016 τὰς

2102 5056 2252 5118 θείας
2287 5053 2620 5125 προρρήσεις
2664 5053 2763 5106 οὐκ
2796 5055 2860 5124 ἐᾷ
2900 5052 3212 5124 προϐαίνειν
3255 5052 3331 5114 είς
3365 5049 3514 5120 πέρας
3541 5043 3613 5097 ὑπ’

2101 5147 2280 5201 αὐτῶν
2313 5145 2380 5197 τΞι
2399 5144 2443 5176 9⁷
2481 5143 2814 5214 παρανόμως
2855 5144 3170 5215 γιγνόμενα.
3221 5142 3325 5196 Kal.
3354 5139 3449 5210 γάρ
3482 5134 3611 5191 ὁτῶν

2098 5239 2234 5290 ὅλων
2268 5235 2398 5298 Θεὸς
2433 5233 2760 5302 νομοθετῶν,
2790 5235 2883 5288 καὶ
2909 5235 2977 5289 τὰ
3007 5235 3187 5305 ἀγαθὰ
3220 5229 3604 5302 ὑπισχνούμενος,

1758 5481 1994 5537 VARle
2032 5480 2437 5539 LECTIONES.

526 5618 732 5703 ""‘R‘ec.
758 5621 924 5703 lectio
947 5628 1050 5703 est,
1081 5616 1254 5703 καθιείς
1289 5615 1591 5700 τοῦνδιακρ.
1666 5619 1710 5703 ξδ
1739 5619 1835 5702 ἡθμ.
1939 5637 2121 5703 prcutit.
2154 5623 2206 5692 ή.
2282 5624 2326 5654 ’⁸
2357 5619 2816 5703 (ξ-στερήςεσθαι.
2840 5691 2875 5703 ﬁ
2891 5620 2957 5652 ⁸⁸⁸
2982 5619 3065 5690 ὄρ.
3113 5620 3159 5674 Α
3182 5632 3350 5691 prtem.
3379 5611 3509 5674 Σιὼν,
3534 5606 3594 5660 ιν.

439 5677 538 5742 "C
566 5677 983 5759 άλλογενεῖςςει
1010 5677 1205 5746 deinde
1224 5677 1605 5743 διελεύσοντὰι.
1655 5689 1694 5741 Λ
1731 5677 1829 5742 ούκ
1869 5677 2282 5746 εἰσελεύσονται.

2383 5693 2427 5723 ’⁷
2466 5689 2555 5745 τά.
2595 5693 2714 5746 Des.
2746 5689 2798 5744 in
2836 5691 2896 5744 ϐ.
