3904 6202
262 352 389 419 1661

1488 366 1577 426 IN
1600 364 1856 425 JOELIS
1894 365 2052 429 CAP.
2094 369 2214 429 ΠΙ.

3368 358 3507 422 1662

263 468 399 538 μετὰ
428 467 708 540 διορισμοῦ
741 472 976 526 ποιεῖται
995 472 1121 538 τοὺς
1148 460 1340 544 λύγους
1364 492 1379 509 ο
1413 498 1430 527 ι
1473 476 1599 530 Ἐὰν
1622 475 1832 547 φυλάξῃ
1863 527 1865 534 ι

1975 477 2256 534 erraretis
2282 478 2540 533 mandata
2567 476 2783 532 Domini
2817 475 2911 532 Dei
2949 474 3053 540 tui,
3084 483 3138 530 et
3166 472 3210 529 si
3267 473 3510 529 incesse-

257 560 358 622 τὰς
382 557 603 623 ἐντολὰς
628 561 837 631 Κυρίου
865 562 961 616 τοῦ
980 563 1114 618 Θεοῦ
1142 581 1257 630 σου,
1281 569 1377 620 καὶ
1406 566 1503 620 ἐὰν
1528 566 1839 637 πορεύησθε

260 647 320 700 ἐν
348 650 470 712 ταῖς
505 650 646 713 ὁδοῖς
678 651 879 722 αὐτοῦ,
928 655 1024 708 καὶ
1071 656 1167 710 ἐὰν
1201 655 1424 728 θέλητε,
1460 658 1555 711 καὶ
1590 656 1842 711 εἰσακού-

264 733 395 801 σητέ
426 751 554 804 μου,
583 735 653 789 τὰ
696 738 879 805 ἀγαθὰ
907 740 1007 810 τῆς
1048 741 1152 811 γῆς
1197 743 1438 812 φάγεσθε
1464 745 1631 797 ’πέἁν
1677 743 1735 796 δὲ
1768 743 1842 816 μὴ

262 825 478 895 θέλητε,
512 828 646 898 μηδὲ
672 830 1029 902 εἰσακούσητέ
1064 850 1189 904 μου,
1243 836 1486 907 μάχαιρα
1526 829 1670 907 ὑμᾶς
1711 853 1845 890 κατ-

264 916 468 971 έδεται.
514 937 534 971 ι
581 920 745 974 Ὠστε
775 924 881 976 κᾶν
913 924 989 996 μὴ
1017 926 1293 997 πανταχοῦ
1326 928 1551 982 τοιαῦτα
1579 929 1846 1000 εὑρίσκω-

268 1024 391 1078 μεν,
426 1007 569 1063 οὕτω
604 1010 814 1082 νοῶμεν
853 1015 1046 1069 καὶτὰ
1071 1018 1339 1085 ἀορίστως
1373 1019 1663 1090 λεγόμενα.

292 1148 297 1151 .
341 1103 434 1167 ιη’.
465 1116 484 1150 ι
520 1100 632 1153 Καὶ
663 1100 817 1156 ἔσται
844 1104 903 1157 ἐν
933 1106 999 1177 τῇ
1026 1106 1210 1178 ἡμέρᾳ
1243 1108 1449 1180 ἐκείνῃ,
1483 1109 1847 1175 ἁποσταλὰξει

266 1185 336 1238 τὰ
360 1185 462 1257 ὅρη
501 1187 836 1261 γλυκασμδν,
876 1194 968 1247 καὶ
1000 1197 1048 1248 οἰ
1090 1195 1267 1265 βουνοὶ
1303 1200 1593 1269 ρυήσονται
1629 1201 1787 1267 γάλα.
1824 1221 1843 1252 ι

269 1275 411 1338 Τοὺς
446 1276 503 1329 δὲ
547 1282 792 1349 καρποὺς
822 1285 925 1353 τῆς
974 1285 1081 1354 γῆς
1126 1286 1213 1339 διὰ
1264 1287 1468 1341 τούτων
1526 1288 1847 1360 παραδηλοῖ,

268 1366 368 1418 καὶ
404 1367 515 1419 τῶν
542 1370 756 1440 κτηνῶν
799 1371 898 1443 τὴν
950 1376 1246 1432 εὐπάθειαν
1268 1394 1282 1408 ⁸
1311 1378 1421 1432 τῶν
1462 1380 1570 1452 γὰρ
1598 1380 1851 1452 θρεμμά-

267 1472 379 1510 των
430 1460 524 1511 καὶ
562 1460 623 1512 τὸ
659 1463 800 1529 γάλα
834 1466 1067 1536 καρπός.
1101 1487 1120 1518 ι
1159 1469 1270 1522 Καὶ
1317 1472 1487 1524 πᾶσαι
1533 1474 1588 1525 αἰ
1628 1472 1854 1540 ἀφέσεις

282 1546 455 1603 Ἰούδα
505 1553 793 1623 ῥυήσονται
822 1556 1009 1623 ὕδατα,
1049 1546 1163 1613 καί
1186 1560 1331 1632 πηγὴ
1375 1562 1433 1628 ἐξ
1464 1564 1612 1616 οἴκου
1647 1565 1852 1634 Κυρίου

270 1639 619 1709 πορεύσεται,
644 1644 736 1697 καὶ
762 1649 942 1699 ποτιεῖ
964 1648 1055 1701 τὸν
1080 1651 1414 1723 χειμάρῤουν
1438 1653 1546 1704 τῶν
1569 1653 1814 1723 σχοίνων.
1831 1672 1850 1706 ι

282 1729 552 1799 Ἆφέσεις
606 1735 707 1803 μὲν
756 1733 849 1790 οὖν
898 1738 1134 1794 ὑδάτων
1188 1742 1287 1807 τὰς
1340 1746 1524 1815 πηγὰς
1574 1744 1851 1816 ὀνομάζει,

270 1820 481 1889 πηγὴν
506 1823 562 1876 δὲ
582 1825 652 1890 ἐξ
670 1826 843 1882 οἴκου
861 1831 1082 1896 Κυρίου
1107 1833 1607 1904 ἐκπορευομένην,
1638 1815 1734 1909 τὴν
1759 1838 1852 1890 τοῦ
1887 1815 1928 1869 Β

270 1911 431 1979 ἁγίου
465 1916 776 1987 Πνεύματος
831 1921 1018 1991 χάριν,
1053 1924 1182 1995 περὶ
1227 1920 1294 1996 ἦς
1324 1927 1420 1978 καὶ
1452 1927 1564 1980 ἄνω
1613 1929 1847 1999 προηγό-

276 2020 488 2076 ρευσεν,
520 2008 642 2077 ἥτις
685 2010 745 2063 οὐ
784 2012 945 2081 μόνον
988 2015 1290 2080 Ἰουδαίους,
1323 2017 1460 2072 ἀλλὰ
1488 2020 1582 2072 καὶ
1612 2021 1681 2073 τὰ
1726 2021 1853 2092 ἔθνη

272 2096 457 2150 πάντα
482 2100 760 2155 πεπότικε.
796 2104 1166 2173 Χειμὰῤῥουν
1188 2109 1297 2177 γὰρ
1328 2112 1596 2178 σχοίνων
1623 2114 1692 2165 τὰ
1726 2112 1853 2184 ἔθνη

272 2192 708 2262 προσαγορεύει,
758 2196 923 2249 πάλαι
977 2199 1081 2268 μὲν
1126 2201 1192 2272 τῇ
1236 2200 1411 2274 πλάνῃ
1462 2205 1856 2274 παρασύραντα

270 2282 401 2344 τοὺς
432 2281 790 2350 πελάσαντας,
825 2286 963 2355 μετὰ
1000 2287 1055 2340 δὲ
1084 2288 1184 2360 τὴν
1210 2291 1291 2353 εἰς
1323 2291 1414 2343 τὸν
1440 2291 1646 2362 Κύριον
1678 2292 1857 2348 πίστιν

271 2374 345 2424 τὰ
392 2372 560 2443 διειδῆ
604 2374 706 2442 τῆς
749 2377 912 2444 ἁγίας
960 2380 1141 2449 πηγῆς
1192 2379 1362 2435 ὕδατα
1410 2382 1715 2453 δεξάμενα,
1757 2387 1853 2439 xui.

269 2461 385 2514 τῶν
432 2464 677 2532 σχοινίων
711 2466 810 2535 τῆς
836 2468 1111 2538 ἁμαρτίας
1145 2470 1558 2539 ἀπαλλαγέντα,
1617 2475 1744 2544 περὶ
1785 2468 1859 2529 ὧν

283 2553 518 2618 Ἡσαΐας
553 2554 687 2626 βοᾷ·
739 2577 757 2609 ‹
809 2560 966 2625 Οὐαὶ,
1003 2561 1054 2614 οἰ
1105 2560 1476 2632 ἐπισπώμενοι
1540 2565 1639 2627 τὰς
1677 2568 1860 2637 ἁμαρο

270 2645 472 2707 τίαςθθ
513 2648 691 2699 αὐτῶν
758 2649 833 2713 ὡς
909 2652 1125 2721 σχοινίῳ
1188 2652 1416 2724 μακρῷί
1465 2673 1483 2705 ι
1539 2656 1756 2711 Τούτων
1804 2658 1860 2711 δέ

274 2735 603 2805 γινομένων,

351 2828 439 2883 t0’.
479 2846 500 2881 ι
536 2831 809 2899 Αἴγυπτος
837 2835 916 2895 εἰς
950 2834 1257 2906 ἀφανισμὸν
1285 2834 1457 2889 ἔσται.
1494 2855 1513 2888 ι
1546 2838 1861 2904 Τουτέστιν,

276 2919 318 2988 ἡ
356 2920 489 2989 περὶ
530 2920 597 2973 τὰ
646 2923 840 2977 εἴδωλα
889 2926 1056 2994 μανία
1109 2926 1469 2996 σϐεσθήσεται
1501 2946 1515 2959 ⁸
1555 2931 1587 2999 ὴ
1623 2928 1729 2999 γὰρ
1770 2927 1865 2981 Αἴ-

275 3029 490 3078 γυπτος
538 3013 780 3085 ἀρχηγὸς
823 3017 924 3085 τῆς
969 3018 1242 3079 ἀσεϐείας.
1283 3038 1301 3070 ι
1349 3020 1413 3072 Ἠ
1460 3019 1518 3073 δέ
1561 3019 1858 3089 Ἰδουμαία,

1943 572 2068 628 ritis
2105 573 2158 627 in
2181 571 2296 628 viis
2330 571 2474 642 ejus,
2505 579 2558 626 et
2592 570 2638 627 si
2668 569 2954 624 volueritis
2980 577 3035 623 et
3066 565 3391 623 audiveritis
3412 580 3519 632 me,

1943 664 2086 719 bona
2136 671 2299 718 terrae
2344 661 2643 717 comedetis
2671 680 2683 715 :
2719 661 2763 716 si
2798 669 2976 715 autem
3001 658 3321 725 nolueritis,
3345 671 3523 726 neque

1945 756 2274 812 audiveritis
2326 770 2436 820 me,
2500 753 2715 825 gladius
2762 768 2862 809 vos
2919 750 3270 807 demrabit‘.
3314 769 3332 800 ι
3372 748 3523 803 Licet

1946 847 2134 916 itaque
2163 844 2294 899 talia
2340 843 2536 898 nullibi
2570 842 2942 906 inveniamus,
2980 840 3062 896 sic
3091 846 3275 895 tamen
3325 837 3527 893 intelli-

1947 953 2146 1009 gamus
2176 938 2345 997 etiam
2381 951 2446 992 ea
2479 951 2604 1008 qua:
2631 934 2914 992 indeﬁnite
2943 933 3226 995 dicuntur.

2035 1115 2196 1172 Vsus.
2230 1118 2316 1173 18.
2355 1134 2377 1169 ε
2413 1115 2480 1170 Et
2508 1117 2609 1171 erit
2639 1117 2692 1170 in
2728 1113 2965 1180 dieillo,
2997 1111 3282 1167 stillabunt
3310 1117 3523 1163 montes

1953 1209 2326 1275 dulcedinem,
2392 1215 2447 1263 et
2506 1208 2676 1263 colles
2725 1206 2971 1262 diﬂluent
3016 1204 3179 1258 lacte.
3241 1221 3260 1254 ›
3323 1198 3529 1268 Fruges

1953 1317 2134 1357 autem
2175 1310 2336 1356 terra:
2369 1315 2472 1371 per
2510 1300 2628 1355 haec
2679 1299 2953 1369 designat,
3002 1306 3056 1350 et
3091 1308 3351 1365 pecorum
3390 1291 3532 1344 inte-

1955 1410 2109 1466 gram
2138 1393 2512 1449 valetudinem
2548 1410 2561 1447 :
2598 1405 2723 1446 nam
2770 1402 3032 1459 pecorum
3058 1400 3279 1457 quoque
3317 1383 3529 1437 fruetus

1956 1497 2040 1545 est
2069 1491 2174 1542 lac.
2218 1508 2237 1540 ι
2266 1486 2332 1541 Et
2366 1501 2561 1541 omnes
2589 1484 2918 1540 emissiones
2946 1479 3105 1535 Iudae
3133 1478 3304 1533 ﬂuent
3334 1475 3527 1545 aquis:

1956 1588 2011 1633 et
2067 1576 2190 1632 fons
2242 1592 2274 1630 e
2312 1575 2481 1630 domo
2540 1572 2758 1629 Domini
2818 1571 3163 1641 egredietur,
3196 1574 3252 1621 et
3283 1564 3535 1635 irrigabit

1956 1678 2259 1725 torrentem
2286 1666 2682 1722 funiculorum.
2713 1684 2732 1717 ι
2758 1663 3084 1718 Emissiones
3121 1659 3343 1731 quidem
3372 1672 3539 1728 aqua-

1958 1780 2076 1816 rum
2148 1761 2363 1834 1406
2416 1769 2579 1815 vocat
2622 1759 2808 1813 fontes
2849 1777 2861 1812 :
2896 1757 3095 1826 [autem
3150 1768 3281 1807 vero
3318 1767 3346 1804 ε
3379 1749 3536 1803 domo

1963 1855 2179 1910 Domini
2206 1854 2576 1924 egredientem,
2636 1850 2883 1921 Spiritus
2917 1847 3097 1906 sancti
3158 1844 3414 1915 gratiam.
3469 1842 3538 1895 de

1954 1963 2070 2019 qua
2102 1946 2269 2001 etiam
2302 1961 2472 2016 supra
2520 1943 2795 2014 praedixit,
2825 1957 2946 2011 qua:
2969 1954 3078 1994 non
3099 1937 3271 1992 solum
3297 1933 3537 1995 Iudaeos.

1963 2039 2060 2096 sed
2094 2039 2262 2093 etiam
2295 2052 2488 2092 omnes
2515 2045 2708 2107 gentes
2744 2030 3018 2102 irrigavit.
3055 2028 3362 2083 Torrentem
3389 2023 3537 2077 enim

1964 2131 2326 2201 [anicularum
2368 2135 2529 2181 vocat
2574 2137 2793 2195 gentes,
2828 2137 2951 2194 qua).
3008 2119 3143 2176 olim
3178 2116 3402 2189 quidem
3445 2128 3542 2168 su-

1964 2220 2311 2292 perstitionis
2375 2231 2570 2272 errore
2637 2215 2856 2269 vicinos
2919 2210 3280 2282 implicabant
3362 2221 3542 2274 suos;

1964 2320 2258 2383 postquam
2291 2325 2420 2365 vero
2452 2311 2506 2364 in
2536 2307 2833 2364 Dominum
2872 2303 3254 2366 crediderunt,
3283 2296 3542 2367 limpidas

1966 2419 2138 2475 aquas
2162 2402 2333 2459 divini
2374 2401 2544 2456 fontis
2577 2405 2938 2469 exceperunt,
2998 2393 3370 2461 funiculisque
3416 2402 3543 2458 pec-

1965 2497 2074 2552 cati
2128 2511 2185 2550 se
2241 2495 2641 2559 liberaverunt,
2683 2492 2751 2546 de
2797 2489 3004 2559 quibus
3055 2486 3229 2541 lsaias
3290 2483 3542 2537 clamat:

1973 2607 1991 2639 ι
2034 2587 2121 2642 Vae
2143 2585 2253 2641 illis
2287 2587 2379 2655 qui
2421 2585 2650 2639 trahunt
2701 2591 2928 2651 peccata
2966 2592 3065 2634 sua
3102 2576 3252 2632 velut
3299 2571 3545 2628 funiculo

1967 2678 2205 2748 longo0!
2240 2696 2258 2728 ι
2302 2674 2400 2730 His
2428 2682 2608 2729 autem
2655 2671 2918 2742 peractis,

2020 2818 2201 2910 -Vans.
2235 2852 2321 2908 l9.
2348 2869 2367 2902 ι
2394 2848 2739 2920 Egyptusin
2771 2839 3221 2916 perditioneerit.
3249 2856 3268 2890 ι
3293 2836 3406 2891 Hoc
3435 2841 3545 2896 est,

1971 2950 2226 3005 insanum
2266 2946 2415 3000 circa
2457 2941 2602 2997 idola
2626 2939 2867 2996 studium
2899 2935 3193 2991 delebitur.
3232 2929 3506 3001 Egyptus
3534 2968 3550 2994 ,

1971 3039 2117 3095 enim
2156 3038 2266 3093 dux
2300 3036 2602 3106 impietatis
2636 3041 2690 3089 et
2712 3032 2978 3102 princeps
3002 3025 3237 3082 exstitit.
3280 3043 3299 3077 ι
3332 3022 3397 3076 Et
3424 3019 3549 3074 ldu-

277 3103 449 3199 φησῖιν
476 3104 544 3163 ³⁸,
578 3104 655 3166 εἰς
686 3104 867 3158 πεδίον
904 3107 1236 3177 ἀφανισμοῦ.
1279 3127 1297 3159 ι
1340 3108 1449 3162 Καὶ
1484 3109 1544 3161 τὸ
1573 3111 1756 3180 γήϊνον
1786 3110 1862 3175 δέ,

1975 3146 2104 3186 mina
2147 3132 2202 3185 in
2241 3103 2495 3198 campum
2554 3123 2939 3182 desolationis.
2979 3138 2999 3172 ι
3042 3116 3246 3173 Fastus
3272 3157 3289 3181 ,
3348 3111 3548 3183 inquit,

279 3195 442 3263 φησὶ,
477 3196 911 3267 καταλυθήσεται
958 3200 1233 3270 φρόνημα.
1285 3200 1476 3270 Ἐδὼμ
1509 3203 1618 3272 γὰρ
1670 3203 1698 3254 ὁ
1745 3202 1870 3271 ἐρυ-

279 3286 417 3356 Θρδς
443 3289 537 3339 καὶ
574 3290 762 3358 γήῖνος
814 3289 1200 3359 ἑρμηνεύεται.
1234 3290 1385 3343 Κα¹ι¹
1438 3292 1581 3345 κατὰ
1609 3291 1873 3362 τὴνίστο-

282 3380 413 3450 ρίαν
438 3379 494 3433 δέ
536 3382 760 3434 δυνατὸν
800 3382 868 3436 τὰ
895 3385 1164 3454 εἰρημένα
1198 3386 1421 3455 νοῆσαι⁸
1464 3387 1737 3454 Αἴγυπτον
1775 3388 1874 3458 μὲν

277 3474 698 3545 ἀφανιζομένην
718 3479 783 3547 τῇ
811 3479 1065 3549 στερήσει
1092 3479 1190 3548 τῆς
1223 3479 1496 3548 βασιλείας
1525 3496 1539 3511 ⁸
1568 3480 1874 3550 Καμϐύσης

280 3566 401 3635 γὰρ
446 3565 614 3637 αὐτὴν
662 3569 690 3621 ὁ
720 3567 910 3638 Κύρου
958 3572 1087 3632 παῖς
1133 3569 1394 3622 καταλύει
1422 3589 1434 3601 ⁸
1487 3572 1645 3641 καὶὴ
1707 3572 1873 3624 Ἰδου-

286 3661 433 3730 μαία
463 3660 519 3714 δὲ
551 3661 650 3730 τὴν
680 3662 917 3731 ἐρημίαν
964 3662 1257 3731 ὑπέμεινεν
1279 3705 1292 3727 ,
1329 3663 1404 3727 ὡς
1434 3665 1528 3716 καὶ
1560 3664 1700 3717 αὐτὰ
1731 3682 1876 3736 μαρ-

282 3754 448 3823 τυρεῖ
484 3753 554 3805 τὰ
609 3752 932 3823 πράγματα.
985 3752 1170 3807 Ταῦτα
1215 3754 1309 3817 δὲ,
1363 3755 1538 3826 φησί,
1593 3756 1875 3809 πείσονται

283 3844 449 3908 δίκας
490 3845 730 3907 τίνοντες
774 3845 913 3916 ὑπὲρ
952 3840 1026 3898 ὧν
1063 3847 1153 3898 τὸν
1206 3846 1405 3899 Ἰούδαν
1448 3847 1737 3920 ἠδίκησαν.
1776 3848 1875 3901 Δί-

289 3952 473 3988 καιον
502 3937 612 4004 γὰρ
645 3935 711 3988 τὸ
762 3931 904 4003 αἷμα
954 3935 1016 3987 τὸ
1064 3935 1240 3990 ἀθῶον
1272 3938 1532 3991 ἐκάλεσεν
1555 3981 1570 4006 ,
1607 3938 1727 3991 ἀντὶ
1757 3936 1876 4005 τοῦ,

290 4026 428 4080 ἄνευ
466 4026 612 4089 τινὸς
640 4025 817 4091 αἰτίας
850 4025 1073 4094 εὐλόγου
1105 4026 1204 4090 τὰς
1239 4031 1357 4083 κατ’
1387 4030 1564 4083 αὐτῶν
1610 4030 1878 4101 τετολμή-

290 4138 428 4176 κασι
459 4121 693 4190 σφαγάς.

367 4209 441 4279 κ’,
473 4217 581 4266 κα’.
623 4229 642 4262 ι
691 4210 758 4262 Ἥ
790 4210 846 4262 δέ
890 4213 1120 4268 Ἰουδαία
1160 4215 1239 4277 εἰς
1279 4213 1371 4266 τὸν
1405 4215 1578 4266 αἰῶνα
1613 4229 1879 4283 κατοικη-

296 4302 561 4375 θήσεται,
606 4302 699 4356 καὶ
748 4302 1106 4376 Ἰερουσαλὴμ
1154 4307 1232 4367 εἰς
1280 4304 1477 4373 γενεὰς
1508 4303 1733 4369 γενεῶν.
1770 4304 1883 4356 Ka‘t

296 4396 591 4475 ἐκζητήσω
622 4393 682 4448 τὸ
711 4389 852 4466 αἷμα
887 4397 1103 4460 αὐτῶν,
1138 4397 1232 4450 καὶ
1272 4398 1331 4450 οὐ
1368 4397 1443 4465 μὴ
1492 4395 1757 4461 ὰοωὼσω,
1789 4396 1884 4448 καὶ

1975 3229 2232 3276 terrenus
2256 3219 2591 3272 destruetur.
2626 3212 2795 3267 Edam
2837 3210 2986 3266 enim
3010 3207 3184 3262 ruber
3203 3212 3258 3261 et
3290 3211 3547 3258 terrenus

1950 3310 2293 3380 ~exponitur.
2317 3306 2563 3362 Tametsi
2588 3305 2656 3359 ad
2688 3316 2914 3359 sensum
2945 3313 3167 3371 quoque
3216 3293 3550 3350 historicum

1975 3401 2093 3455 haec
2122 3397 2356 3467 intelligi
2380 3396 2531 3460 licet,
2568 3393 2868 3465 Egyptum
2916 3389 3141 3461 quidem
3175 3385 3298 3441 lore
3329 3384 3384 3437 in
3418 3395 3547 3451 per—

1975 3490 2208 3556 ditione,
2257 3502 2355 3558 per
2393 3482 2757 3556 privationem
2813 3477 2990 3549 regni,
3021 3476 3149 3546 quia
3210 3470 3511 3541 Cambyses

1976 3581 2104 3653 Cyri
2138 3580 2309 3643 ﬁlius,
2337 3576 2470 3630 illud
2501 3574 2725 3640 evertit,
2756 3580 2810 3627 et
2836 3569 3078 3625 ldumaaa
3107 3577 3331 3653 quoque
3367 3564 3558 3613 vasta-

1975 3651 2184 3728 tionem
2223 3668 2515 3729 sustinuit,
2546 3673 2607 3718 ut
2634 3679 2726 3719 res
2753 3664 2887 3733 ipsae
2931 3665 3233 3716 testantur.
3281 3651 3406 3708 llam
3459 3663 3557 3703 au-

1978 3772 2110 3830 tem,
2128 3761 2226 3827 ait,
2251 3759 2557 3831 patientur,
2578 3768 2772 3827 poenas
2789 3750 3172 3824 persolventes
3199 3759 3300 3816 pro
3325 3743 3412 3797 bis
3436 3754 3559 3810 quae

1980 3858 2169 3927 inique
2219 3850 2628 3908 commiserunt
2684 3852 2881 3902 contra
2936 3841 3159 3898 ludam.
3233 3834 3560 3906 Sanguinem

1981 3925 2124 4005 enim
2155 3946 2367 4015 justum
2401 3939 2696 4012 appellavit
2731 3937 3085 3992 innocentem
3123 3949 3137 3985 ι
3177 3926 3339 4000 quasi
3387 3925 3560 3987 dicat,

1984 4040 2109 4095 illos
2146 4038 2268 4093 sine
2284 4035 2437 4105 justa
2468 4045 2638 4087 causa
2680 4043 2872 4086 eorum
2907 4025 3087 4081 caedes
3112 4025 3488 4093 perpetrasse.

2060 4210 2227 4266 Vsus.
2259 4209 2350 4272 20,
2367 4208 2458 4263 21.
2484 4226 2501 4257 ι
2525 4206 2709 4260 Judaea
2724 4209 2907 4258 autem
2931 4199 2986 4254 in
3002 4204 3272 4253 aeternum
3287 4188 3474 4244 habita
3484 4187 3564 4241 bi-

1989 4314 2098 4368 tur,
2121 4311 2178 4358 et
2208 4299 2587 4369 Hierosolyma
2613 4297 2667 4349 in
2703 4291 3089 4364 generationes
3113 4281 3560 4355 generationum.

1987 4394 2055 4449 Et
2090 4392 2369 4462 requiram
2407 4386 2737 4455 sanguinem
2778 4395 2992 4445 eorum,
3043 4388 3280 4444 eumque
3327 4370 3563 4425 inultum

296 4463 506 4559 Κύριος
554 4463 967 4557 κατασκηνώσει
1022 4490 1080 4541 ἐν
1135 4486 1294 4540 Σιών.
1331 4463 1601 4550 »ὴΔίκαιος
1634 4487 1742 4557 γὰρ
1785 4485 1859 4538 ὢν

1989 4502 2113 4543 esse
2152 4501 2261 4540 non
2307 4482 2504 4552 patiar,
2540 4487 2594 4534 et
2633 4475 2903 4531 Dominus
2931 4468 3201 4526 habitabit
3230 4467 3287 4520 in
3318 4463 3504 4517 Sione.
3541 4478 3560 4512 ι

299 4580 496 4652 φησὶν,
544 4581 645 4633 οὐκ
701 4580 961 4650 ἀνέξομαι
1010 4580 1332 4633 καταλιπεῖν
1378 4579 1503 4642 τοὺς
1529 4578 1892 4649 ἠδικημένους

302 4673 707 4745 ἀτημελήτους,
740 4673 874 4725 ἀλλὰ
891 4671 1017 4735 τοὺς
1048 4671 1376 4741 ἠδικηκότας
1401 4670 1613 4724 κολάσω
1630 4685 1644 4699 ⁸
1671 4671 1893 4735 τούτους

302 4766 361 4819 δὲ
411 4766 511 4834 τῆς
560 4764 699 4834 ἐμῆς
750 4763 969 4828 ἀξιώσω
1022 4762 1314 4833 προνοίας,
1370 4765 1428 4815 ἐν
1483 4764 1548 4832 τῇ
1605 4760 1741 4814 Σιὼν
1791 4761 1891 4831 τὴν

304 4856 549 4929 ἐμαυτοῦ
571 4856 783 4919 δεικνὺς
819 4854 1164 4923 ἐπιφάνειαν.
1194 4854 1267 4906 Τὸ
1296 4853 1376 4917 δὲ,
1412 4873 1429 4905 ι
1468 4854 1564 4916 Εἰς
1591 4853 1684 4906 τὸν
1717 4852 1888 4906 αἰῶνα

303 4950 337 5018 ὴ
392 4945 622 4999 Ἰουδαία
657 4945 1158 5016 κατοικηθήσεται,
1206 4964 1224 4996 ι
1268 4946 1549 5014 νοήσωμεν
1600 4945 1742 4998 κατὰ
1789 4942 1887 5013 τὴν

306 5039 425 5094 ἄνω
454 5038 586 5107 ἡμῖν
611 5037 908 5108 εἰρημένην
933 5035 1191 5089 διάνοιαν.
1220 5035 1353 5088 Ούδὲ
1384 5036 1490 5107 γὰρ
1516 5038 1627 5098 τοῖς
1651 5034 1891 5101 ἀναξίοις

305 5130 411 5191 τὰς
441 5127 652 5196 ἀγαθὰς
701 5127 1025 5197 ὑποσχέσεις
1064 5126 1271 5179 δίκαιον
1322 5129 1578 5196 χορηγεῖν
1618 5127 1710 5178 τὸν
1735 5126 1888 5191 Θεὸν,

308 5220 523 5273 δίκαιον
566 5217 715 5278 ὄντα,
763 5216 860 5269 καὶ
901 5215 1311 5286 μυσαττόμενον
1358 5216 1591 5270 ἀδικίαν.
1645 5216 1891 5277 Ἑαυτοῖς

309 5308 605 5380 τοιγαροῦν
658 5307 900 5361 Ἰουδαῖοι
948 5306 1198 5377 πρόξενοι
1250 5307 1507 5375 γεγόνασι
1563 5307 1660 5377 τῆς
1710 5309 1791 5370 εἰς
1820 5307 1889 5359 τὰ

390 5487 418 5528 ἀ
452 5487 604 5543 Deut.
644 5506 718 5558 ιιι,
748 5490 812 5544 l3
846 5506 967 5560 sqq.
1108 5491 1213 5543 lsa.
1258 5502 1309 5551 ν,
1345 5486 1429 5539 18.

1992 4579 2128 4635 Nam
2156 4591 2281 4632 cum
2314 4576 2501 4646 justus
2535 4570 2663 4632 sim,
2707 4566 2911 4636 inquit,
2948 4560 3154 4633 injuria
3188 4558 3416 4614 ail‘ectos
3453 4570 3565 4609 non

1993 4673 2301 4740 relinquam
2335 4665 2652 4737 neglectos;
2690 4661 2785 4717 sed
2814 4659 2880 4713 de
2913 4659 2981 4711 iis
3026 4653 3122 4726 qui
3174 4651 3439 4721 injuriam
3483 4648 3569 4740 in-

1994 4738 2244 4818 tulerunt
2307 4772 2501 4829 poenas
2553 4767 2790 4815 sumam,
2834 4747 3044 4820 1407
3083 4745 3182 4798 hos
3216 4757 3348 4796 vero
3385 4738 3568 4809 provi-

1995 4854 2184 4909 dentia
2216 4865 2335 4907 mea
2390 4846 2625 4909 ornabo,
2661 4844 2719 4898 in
2765 4839 2935 4895 Sione
2965 4833 3367 4907 apparitiouem
3394 4843 3567 4882 meam

1996 4945 2285 4999 exhibens.
2316 4939 2471 4996 Istud
2500 4949 2712 5003 autem,
2749 4952 2767 4983 ι
2805 4930 2864 4987 In
2896 4940 3163 4986 aeternum
3185 4923 3368 4979 Judasa
3413 4919 3571 4974 babi-

1996 5035 2228 5098 tabitur,
2263 5051 2279 5083 ι
2309 5031 2467 5102 juxta
2518 5042 2687 5097 supra
2724 5025 2932 5080 dictum
2965 5036 2994 5075 a
3034 5018 3195 5074 nobis
3224 5030 3446 5071 sensum
3489 5013 3571 5065 iu-

1999 5129 2329 5197 telligamus.
2372 5120 2562 5190 Neque
2604 5118 2752 5171 enim
2789 5113 3031 5183 indignis
3092 5109 3235 5165 bona
3300 5104 3570 5175 promissa

2000 5224 2267 5289 praestare
2299 5213 2490 5276 Deum.
2551 5224 2765 5276 aequum
2815 5213 2921 5270 est,
2977 5218 3099 5258 eum
3139 5201 3210 5255 sit
3263 5198 3466 5267 justus,
3519 5199 3574 5243 et

1999 5283 2309 5361 abhorrens
2340 5303 2408 5357 ab
2434 5298 2749 5368 iniquitate.
2783 5293 2958 5349 Judaei
2991 5292 3179 5360 itaque
3204 5300 3316 5340 sua:
3360 5283 3413 5335 in
3443 5292 3574 5348 gen-

1629 5639 1861 5697 VARIE
1893 5636 2308 5692 LECTIONES.‘

412 5772 458 5804 ’⁸
495 5766 536 5822 C
584 5768 704 5829 ταῖς
740 5765 1049 5837 ἁμαρτίαις.
1148 5767 1192 5801 θ’
1221 5782 1349 5837 φης.
1388 5763 1512 5819 Des.
1560 5765 1612 5817 iu
1646 5762 1706 5817 C.

1829 5763 1842 5791 ¹
1871 5759 1982 5815 καί.
2023 5759 2147 5815 Des.
2180 5757 2312 5813 ibid.
