3904 6202
288 308 428 375 1θὸ5

827 422 1224 480 ΚΕΦΑΛΛΙΟΝ
1256 425 1335 480 A’.

363 528 433 576 α’.
469 540 487 571 ι
523 520 686 588 Λόγοι
719 517 921 588 Ἄρ.ὼῇ
946 518 994 571 οἳ
1027 518 1275 586 ἐγένοντο
1302 519 1358 572 ἐν
1387 516 1829 590 Καριαθιαρεὶμ⁸
1848 519 1863 535 ’

291 615 356 667 ἐκ
388 612 593 666 Θεκουὲ
617 650 630 673 ,
665 608 760 673 οὒς
784 604 924 662 εἶδεν
959 608 1055 662 ἐπὶ
1078 608 1099 640 ⁸
1143 608 1498 681 Ἰερουσαλὴμ
1541 611 1598 662 ἐν
1631 609 1866 679 ἡμέραις

299 702 484 767 Ὀζίου
517 699 778 772 βασιλέως
824 697 1022 763 Ἰούδα,
1061 700 1155 753 καὶ
1186 701 1243 752 ἐν
1273 698 1509 769 ἡμέραις
1545 698 1863 769 Ἰεροϐοὰμτ

293 792 559 863 βασιλέως
609 789 859 861 Ἰσραὴλ,
912 789 1019 861 πρὸ
1064 788 1160 843 δύο
1210 788 1355 843 ἐτῶν
1398 788 1496 843 τοῦ
1553 787 1800 858 σεισμοῦ.
1839 806 1859 839 ι

304 879 577 945 Ἐδίδαξεν
608 881 754 950 ἡμᾶς
805 882 833 933 6
877 880 1182 950 προφήτης,
1225 878 1300 942 ὡς
1325 881 1389 933 ἐκ
1428 879 1650 933 Θεκουὲ
1680 877 1866 949 ὁρμώ-

295 987 458 1041 μενος
486 970 543 1023 ἐν
584 968 658 1038 τῇ
691 970 1108 1038 Καριαθιαρεὶμ
1140 969 1239 1040 τῆς
1275 967 1427 1033 θείας
1473 967 1865 1037 ἀποκαλύψεως

291 1060 488 1130 ἔτυχε,
527 1061 619 1112 καὶ
664 1060 744 1112 ὅτι
779 1058 1126 1131 προσετάχθη
1179 1058 1308 1129 περὶ
1352 1059 1452 1129 τῆς
1513 1056 1866 1130 Ἰερουσαλὴμ

290 1153 420 1215 τοὺς
463 1151 654 1219 λόγους
685 1150 986 1204 ποιεῖσθαι·
1020 1149 1257 1203 διδάσκει
1296 1150 1353 1203 δέ
1398 1149 1494 1203 καὶ
1519 1150 1619 1220 τῆς
1649 1165 1864 1221 προφη-

290 1242 446 1305 τείας
471 1244 562 1295 τὸν
602 1243 790 1312 χρόνον
817 1258 830 1272 ·
863 1239 1053 1295 τούτου
1087 1240 1196 1311 γὰρ
1233 1240 1398 1311 χάριν
1441 1241 1537 1294 καὶ
1577 1241 1686 1294 τῶν
1715 1240 1867 1311 βασι-

289 1335 430 1389 λέων
450 1335 548 1405 τὴν
572 1334 792 1405 μνήμην
817 1332 1130 1402 πεποίηται,
1166 1329 1341 1394 Ὀζίου
1371 1330 1634 1402 βασιλέως
1674 1331 1865 1398 Ἰούδα,

293 1427 390 1478 καὶ
426 1423 704 1495 Ἱεροϐοὰμ
736 1421 997 1493 βασιλέως
1051 1422 1289 1493 Ἰσραήλ.
1327 1422 1493 1492 Δῆλος
1532 1422 1591 1474 δέ
1628 1423 1774 1476 ἐστιν
1803 1424 1865 1476 οὐ

294 1517 427 1587 περὶ
466 1517 565 1586 τῆς
609 1515 966 1586 Ἰερουσαλὴμ
1017 1514 1185 1585 μόνης
1210 1554 1225 1581 ,
1275 1512 1412 1567 ἀλλὰ
1452 1514 1547 1567 καὶ
1594 1514 1723 1585 περὶ
1759 1514 1867 1568 τῶν

290 1610 427 1661 δέκα
485 1606 667 1675 φυλῶν
718 1605 820 1668 τὰς
878 1605 1212 1677 προρρήσεις
1282 1604 1642 1674 ποιούμενος·
1695 1599 1866 1676 οὗπερ

291 1698 478 1751 εἵνεκα
510 1698 601 1749 καὶ
629 1696 724 1749 τοῦ
779 1695 1066 1766 Ἰεροϐοὲιμ
1098 1697 1524 1768 ἐμνημόνευσεν,
1554 1695 1611 1759 ὃς
1640 1695 1865 1749 ἐκείνων

292 1791 416 1842 κατ’
472 1790 676 1841 ἐκεῖνον
732 1787 1045 1840 ἐϐασίλευσε
1108 1787 1198 1839 τὸν
1256 1787 1465 1858 καιρόν.
1536 1787 1751 1855 Ἐπειδὴ
1808 1786 1865 1838 δὲ
1899 1775 1940 1831 Β

292 1880 461 1935 πολὺν
496 1881 753 1952 ἑκάτερος
802 1880 981 1935 αὐτῶν
1026 1879 1340 1935 ἐϐασίλευσε
1396 1882 1587 1950 χρόνον
1648 1879 1863 1952 (Ὀζίας

293 1975 395 2043 μὲν
417 1973 526 2044 γὰρ
550 1973 642 2026 δύο
667 1975 759 2027 καὶ
788 1973 1125 2043 πεντήκοντα
1148 1974 1513 2043 ήγεμόνευσεν
1542 1973 1659 2046 ἐτη,
1702 1974 1865 2045 Ἱερο-

289 2065 437 2136 ϐοὰμ
468 2066 520 2119 δὲ
559 2063 616 2118 ἓν
647 2067 740 2120 καὶ
776 2065 1230 2136 τεσσαράκοντα),
1263 2065 1485 2129 εἰκότως
1513 2065 1607 2119 τοῦ
1639 2065 1862 2137 σεισμοῦ

287 2154 558 2227 δεδήλωκε
589 2155 680 2208 τὸν
712 2155 921 2226 καιρὸν,
971 2156 1067 2208 καὶ
1101 2154 1203 2225 ἔφη
1233 2154 1420 2208 τοῦτον
1468 2156 1606 2227 μετὰ
1633 2156 1726 2208 δύο
1764 2158 1863 2227 τῆς

289 2248 624 2318 προφητείας
646 2247 925 2309 ἐνιαυτοὺς
948 2247 1297 2316 γεγενῆσθαι,
1330 2246 1415 2299 ἵνα
1442 2246 1627 2319 διδάξῃ
1652 2247 1861 2316 σαφῶς,

286 2339 525 2411 ὁπηνίκα
547 2340 674 2401 τοὺς
698 2337 873 2400 θείους
899 2338 1090 2406 λόγους
1119 2338 1253 2409 πρὸς
1281 2338 1371 2393 τὸν
1395 2337 1523 2392 λαὸν
1545 2340 1860 2410 ἐποιήσατο.

288 2434 448 2497 Τινὲς
474 2431 530 2485 δὲ
561 2432 675 2495 τοῖς
722 2429 935 2501 χρόνοις
981 2431 1082 2483 οὑκ
1117 2431 1363 2499 ἀκριϐῶς
1395 2433 1860 2501 προσεσχηκότες,

287 2523 480 2577 τοῦτον
547 2522 812 2575 ὑπέλαϐον
864 2521 1189 2592 γεγενῆσθαι
1243 2522 1332 2575 τὸν
1384 2522 1645 2591 σεισμὸν,
1700 2522 1865 2591 ἡνίκα

300 2614 531 2677 Ἡσαΐας
561 2614 588 2666 6
634 2612 834 2683 μέγας,
891 2612 1029 2681 μετὰ
1077 2611 1176 2682 τὴν
1222 2610 1397 2675 Ὀζίου
1434 2610 1716 2681 τελευτὴν,
1754 2606 1862 2662 εἶδε

288 2706 381 2758 τὸν
416 2703 618 2775 Κύριον
665 2704 971 2775 καθήμενον
1019 2702 1112 2755 ἐπὶ
1160 2701 1352 2773 θρόνου
1386 2701 1589 2772 ὑψηλοῦ
1621 2702 1715 2755 καὶ
1763 2702 1865 2753 ἐπ-

287 2795 532 2870 ηρμένου
557 2838 571 2863 ,
609 2796 697 2849 ὅτε
730 2794 788 2850 τὸ
830 2794 1136 2865 ὑπέρθυρον
1178 2794 1286 2848 ἀπὸ
1330 2795 1431 2865 τῆς
1474 2795 1582 2849 τῶν
1617 2796 1865 2867 Σεραφὶμ

288 2889 508 2960 ἐπήρθη
549 2889 730 2959 φωνῆς
761 2905 777 2919 ο
830 2888 940 2957 ἐγὼ
973 2888 1028 2941 δὲ
1055 2928 1069 2950 ,
1119 2888 1245 2951 τοὺς
1290 2894 1514 2959 χρόνους
1540 2889 1862 2960 ἐρευνήσας,

288 2973 461 3053 ηὗρον
488 2980 646 3034 τοῦτο
671 2979 884 3049 ψευδές.
916 2981 976 3033 EE
1016 2978 1124 3051 γὰρ
1162 2979 1303 3048 μετὰ
1333 2979 1431 3049 τὴν
1475 2979 1653 3045 ὐζίου
1681 2980 1864 3033 τελευ-

287 3072 390 3143 τὴν
415 3074 443 3126 6
468 3070 687 3142 σεισμὸς
718 3071 934 3139 ἐγένετο
958 3110 975 3135 ,
1023 3070 1130 3139 πρὸ
1157 3069 1249 3123 δύο
1274 3069 1330 3123 δέ
1357 3068 1493 3122 ἐτῶν
1519 3073 1618 3141 τῆς
1648 3087 1864 3143 προφη-

286 3163 444 3227 τείας
477 3162 769 3232 ἐποιήσατο
796 3160 898 3232 τὴν
938 3159 1112 3233 ἀρχὴν
1157 3161 1184 3212 6
1227 3160 1495 3231 μακάριος
1545 3159 1725 3231 Ἀμὼς
1748 3201 1765 3225 ,
1804 3161 1868 3214 τὸ

292 3254 662 3325 πεντηκοστὸν
692 3248 761 3325 ἦν
798 3251 917 3315 ἔτος
948 3252 1046 3323 τῆς
1100 3249 1274 3315 Ὀζίου
1310 3250 1588 3321 βασιλείας
1615 3269 1628 3283 ’
1681 3254 1869 3325 πεντή-

290 3361 463 3399 κοντα
500 3342 610 3414 γὰρ
640 3342 734 3396 καὶ
760 3341 854 3396 δύο
894 3340 1285 3412 βεϐασίλευκεν
1317 3341 1436 3409 ἔτη.
1471 3341 1608 3394 Ἀλλ’
1642 3343 1671 3395 6
1710 3343 1868 3414 Ἰερο-

292 3434 445 3505 ϐοὰμ
471 3433 611 3488 κατὰ
647 3432 836 3486 τοῦτον
864 3432 924 3485 οὑ
956 3432 1150 3502 περιῆν
1185 3432 1275 3486 τὸν
1306 3433 1494 3503 καιρόν
1519 3449 1533 3465 °
1564 3434 1622 3486 ἐν
1660 3433 1769 3505 γὰρ
1791 3434 1870 3504 τῷ

292 3524 512 3595 ἑϐδόμῳ
554 3524 649 3576 καὶ
703 3522 933 3592 εἰκοστῷ
985 3520 1094 3575 ἔτει
1167 3521 1264 3591 τῆς
1319 3520 1509 3574 τούτου
1571 3522 1868 3591 βασιλείας,

305 3614 490 3680 Ὀζίας
519 3614 617 3686 τὴν
646 3614 745 3684 τῆς
773 3613 1050 3683 βασιλείας
1075 3612 1410 3683 χειροτονίαν
1435 3613 1670 3679 ἐδέξατο.
1699 3615 1870 3684 Δῆλον

290 3707 474 3762 τοίνυν
508 3704 615 3758 ἀπὸ
653 3704 760 3758 τῶν
794 3704 1021 3776 χρόνων,
1075 3702 1150 3767 ὼς
1189 3702 1330 3756 κατὰ
1379 3703 1475 3775 τὴν
1525 3705 1698 3777 ἀρχὴν
1732 3707 1825 3759 τοῦ
1850 3708 1869 3738 ⁸

306 3798 489 3864 Ὀζίου
531 3795 805 3867 βασιλείας
845 3796 901 3849 αἱ
935 3793 1027 3848 τοῦ
1068 3793 1353 3848 θεσπεσίου
1396 3795 1572 3866 Ἀμὼς
1621 3800 1868 3870 προρρή-

294 3906 414 3953 σεις
455 3889 737 3957 ἐγένοντο,
786 3886 974 3955 ἐπειδὴ
1023 3886 1117 3940 τοῦ
1162 3887 1444 3959 Ἰεροϐοὰμ
1475 3888 1555 3942 ἔτι
1590 3893 1869 3961 περιόντος

292 3979 395 4034 καὶ
454 3978 823 4049 βασιλεύοντος
884 3976 988 4047 ἔφη
1041 3977 1296 4043 δέξασθαι
1361 3977 1459 4050 τῆς
1530 3982 1872 4051 προφητείας

291 4070 357 4123 τὸ
412 4069 677 4139 χάρισμα.
743 4066 928 4129 υὺτως
991 4066 1274 4131 ὑποδείξας
1339 4068 1429 4121 τὸν
1498 4069 1596 4140 τῆς
1653 4086 1872 4141 προφη-

291 4161 450 4222 τείας
529 4159 754 4227 καιρδν,
829 4158 1068 4213 διδάσκει
1128 4160 1220 4211 καὶ
1305 4160 1476 4223 ποίοις
1562 4163 1871 4233 προοιμίοις

293 4255 588 4326 ἐχρήσατο.

371 4346 440 4418 β’.
480 4355 500 4398 t
541 4345 651 4398 Καὶ
684 4338 836 4397 εἴπε’
873 4342 1077 4415 Κύριος
1116 4345 1180 4395 ἐκ
1214 4340 1354 4394 Σιὼν
1401 4342 1701 4411 ἐφθέγξατο
1725 4383 1739 4407 ,
1774 4347 1870 4398 καὶ

295 4437 361 4502 ἐξ
397 4434 749 4507 Ἰερουσαλὴμ
780 4434 945 4488 ἔδωκε
981 4435 1165 4506 φωνὴν
1200 4434 1366 4488 αὑτοῦ
1390 4475 1404 4499 ,
1437 4434 1530 4488 καὶ
1563 4436 1870 4508 ἐπένθησαν
1903 4467 1945 4521 D

294 4531 354 4583 αἱ
404 4529 569 4599 νομαὶ
619 4526 724 4581 τῶν
783 4528 1092 4597 ποιμένων,
1145 4528 1238 4580 καὶ
1272 4525 1545 4597 ἐξηράνθη
1588 4528 1621 4596 ἡ
1653 4529 1867 4600 κορυφὴ

293 4618 392 4674 τοῦ
419 4618 738 4689 Καρμήλου.
776 4637 794 4669 ι
849 4618 1067 4689 Ἐπειδὴ
1112 4616 1223 4688 γὰρ
1271 4616 1452 4687 μέλλει
1489 4618 1603 4679 τοῖς
1644 4616 1867 4687 πλησιο-

296 4710 498 4782 χώροις
542 4708 750 4762 ἔθνεσιν
805 4708 1025 4775 ἀλγεινὰ
1092 4707 1514 4802 προαγορεύειν,
1560 4709 1868 4778 ἀναγκαίως

296 4800 563 4862 διδάσκει,
591 4798 752 4852 πόθεν
784 4800 839 4850 αἱ
886 4798 1024 4852 κατὰ
1066 4798 1267 4852 τούτων
1298 4799 1620 4870 ἐκφέρονται
1651 4801 1820 4872 ψῆφοι
1851 4818 1864 4830 ·

297 4890 413 4945 ἀπὸ
430 4889 538 4958 γὰρ
562 4886 669 4956 τῆς
701 4888 1118 4958 Ἰερουσαλὴμ,
1139 4891 1293 4959 φησὶ,
1316 4892 1408 4944 καὶ
1433 4890 1527 4945 τοῦ
1541 4890 1678 4945 Σιὼν
1695 4895 1872 4963 ὅρους,

296 4981 398 5035 τοῦ
432 4981 566 5033 Θεοῦ
597 4981 703 5034 τῶν
739 4981 876 5033 ὅλων
905 4980 1299 5051 φθεγξαμένου,
1332 4985 1424 5036 καὶ
1455 4983 1564 5036 τῶν
1594 4984 1872 5056 τιμωριῶν

297 5072 404 5135 τὰς
454 5072 754 5140 ἀποφάσεις
827 5073 1229 5145 ποιησαμένου,
1286 5073 1619 5145 πενθήσουσι
1672 5076 1770 5146 μὲν
1823 5076 1875 5129 οἱ

300 5163 584 5229 ποιμένες,
615 5162 709 5216 ἃτε
748 5160 812 5233 δὴ
850 5163 1054 5234 τροφὴν
1085 5167 1197 5226 τοῖς
1243 5164 1334 5216 ὑπ’
1365 5165 1542 5218 αὐτῶν
1583 5178 1873 5236 ποιμαινο-

302 5253 491 5322 μένοις
519 5253 616 5322 οὑχ
654 5253 995 5323 εὑρίσκοντες
1030 5252 1336 5324 θρέμμασιν
1356 5268 1368 5283 ⁸
1401 5253 1546 5318 ἅπας
1573 5256 1628 5309 δὲ
1665 5257 1694 5310 ό
1718 5256 1869 5327 Κάρ-

375 5416 406 5456 s
436 5405 542 5462 lsa.
566 5423 640 5472 vr,
670 5407 722 5474 Ι,
751 5407 810 5461 4.

1640 311 1723 374 ΙΝ
1752 309 1948 374 AMOS
1981 312 2137 374 CAP.
2181 312 2230 374 Ι.

3401 319 3537 385 1666

2579 430 2597 448 ⁵
2622 418 2852 481 CAPUT
2894 425 2932 481 Ι.

2040 515 2201 571 Vrsas.
2247 520 2299 573 1.
2333 535 2351 567 ι
2393 516 2685 572 Sermones
2724 517 2934 583 Amosi,
2976 519 3067 588 qui
3112 518 3242 574 facti
3300 532 3431 577 sunt
3480 527 3534 580 in

1964 604 2374 671 Cariathiarim,
2411 607 2479 662 de
2523 606 2744 662 Tliecua
2769 650 2783 674 ,
2811 623 2954 678 quos
2982 609 3117 665 vidit
3146 628 3243 681 pro
3279 612 3536 670 Hicmsn-

1964 698 2108 769 lyma
2141 698 2194 753 in
2225 698 2421 754 diebus
2455 699 2601 755 Ozia:
2637 702 2780 772 regis
2808 701 2983 765 Judaa,
3015 712 3071 758 et
3112 705 3167 758 in
3203 705 3398 761 diebus
3444 707 3538 763 Je-

1963 791 2213 847 roboami
2243 791 2386 862 regis
2417 790 2657 848 israelis.
2691 802 2819 849 ante
2860 796 2999 852 duos
3032 812 3206 852 annos
3233 805 3392 852 terrae
3422 817 3539 852 tnu-

1964 893 2074 939 tus.
2136 904 2155 936 ι
2219 883 2496 956 Propheta
2551 887 2710 941 nobis
2758 888 2979 957 planum
3047 889 3198 956 fecit,
3255 892 3401 961 quod
3469 908 3537 947 ex

1967 975 2180 1030 Thecua
2212 977 2489 1033 oriundus
2522 979 2574 1030 in
2608 976 2993 1034 Cariathiarim
3032 981 3272 1036 divinam
3326 985 3533 1038 revela-

1966 1069 2167 1123 tionem
2213 1069 2286 1123 sit
2326 1076 2692 1134 consecutus,
2719 1070 2973 1142 quodque
3021 1074 3214 1142 jussus
3248 1075 3415 1128 fuerit
3468 1074 3538 1131 de

1966 1155 2343 1228 Hierosolyma
2390 1158 2555 1212 verba
2587 1157 2792 1216 facere.
2827 1158 2997 1216 Docet
3029 1163 3193 1216 etiam
3238 1164 3537 1234 prophetia:

1965 1255 2182 1314 tempus
2214 1263 2229 1300 :
2258 1245 2384 1299 ideo
2408 1245 2554 1299 enim
2607 1261 2795 1317 regum
2836 1247 3174 1303 mentionem
3210 1247 3358 1315 fecit,
3391 1248 3538 1304 Ozias

1965 1336 2188 1407 quidem
2228 1336 2372 1406 regis
2413 1334 2587 1402 Iudae,
2621 1343 2675 1391 et
2734 1334 3047 1392 Jeroboami
3098 1339 3244 1408 regis
3295 1338 3534 1393 lsraelis.

1965 1426 2084 1482 Non
2117 1427 2415 1484 obscurum
2446 1437 2530 1484 est
2553 1439 2758 1494 autem,
2795 1444 2907 1484 non
2932 1429 3000 1485 de
3043 1431 3164 1485 sola
3217 1428 3540 1509 Hierosoly-

1969 1535 2058 1575 ma
2086 1535 2211 1575 eum
2258 1520 2643 1591 praedictiones
2704 1521 2968 1587 edidisse,
2999 1537 3189 1577 verum
3248 1523 3412 1578 etiam
3470 1516 3538 1582 tle

1968 1610 2222 1665 tribubus
2249 1610 2438 1665 decem
2466 1627 2481 1663 :
2521 1619 2858 1682 quapropter
2896 1609 3288 1668 Jcroboamum
3319 1630 3538 1684 quoque

1967 1702 2443 1766 commemoravit,
2475 1702 2568 1769 qui
2596 1702 2815 1757 illarum
2864 1702 3111 1757 tribuum
3168 1718 3235 1759 eo
3295 1713 3539 1775 tempore

1970 1809 2064 1849 rex
2092 1793 2215 1848 iuit.
2257 1792 2470 1865 15,10
2505 1794 2572 1847 At
2601 1809 2729 1849 cum
2773 1794 2969 1850 horum
3009 1803 3240 1866 uterque
3295 1795 3536 1866 permul-

1970 1891 2084 1938 tum
2111 1887 2377 1954 temporis
2411 1884 2724 1953 regnaverit
2760 1882 2947 1956 (Ozias
2976 1886 3125 1941 enim
3163 1885 3274 1940 duo
3297 1894 3345 1940 et
3382 1886 3540 1955 quin-

1969 1977 2228 2046 quaginta
2260 1990 2434 2030 aunos
2467 1989 2654 2030 rerum
2694 1989 2965 2030 summam
3022 1975 3218 2039 tenuit,
3248 1975 3538 2031 Jeroboatn

1970 2084 2098 2123 vero
2123 2082 2291 2122 unum
2317 2076 2371 2123 et
2396 2065 2819 2137 quadraginta),
2842 2066 2969 2136 jure
2995 2074 3159 2122 teme
3188 2077 3370 2122 motus
3404 2078 3538 2123 tent—

1970 2173 2076 2228 pus
2102 2158 2364 2220 ostendit,
2392 2158 2578 2227 aitque
2604 2157 2751 2211 hunc
2782 2156 2999 2213 duobus
3050 2158 3212 2213 annis
3258 2167 3381 2228 post
3413 2174 3539 2228 pro-

1972 2250 2211 2320 phetiam
2235 2249 2537 2313 exstitisse,
2576 2255 2638 2303 ut
2675 2249 2972 2319 perspicue
3010 2249 3375 2314 demonstret,
3412 2251 3539 2320 qui-

1972 2341 2077 2396 bus
2110 2340 2454 2410 temporibus
2487 2339 2673 2395 divina
2706 2339 2870 2395 verba
2913 2340 2979 2394 ad
3010 2341 3272 2411 populum
3325 2340 3536 2396 fecerit.

1970 2432 2201 2497 Quidam
2236 2440 2416 2485 autem
2450 2445 2559 2485 non
2597 2430 2736 2487 satis
2763 2424 3057 2500 diligenter
3108 2431 3175 2485 ad
3224 2438 3538 2501 temporum

1970 2523 2244 2577 rationem
2290 2521 2658 2585 attendentes,
2706 2521 2855 2576 hunc
2902 2530 3063 2576 teme
3095 2530 3301 2575 motum
3331 2523 3541 2591 opinati

1970 2620 2102 2667 sunt
2131 2612 2336 2666 factum
2369 2612 2559 2675 fuisse,
2588 2627 2713 2667 eum
2746 2610 2919 2666 Isaias
2957 2626 3210 2682 magnus,
3245 2622 3368 2682 post
3396 2611 3540 2667 Oziae

1972 2704 2281 2766 interitum,
2339 2703 2538 2758 viderit
2599 2702 2892 2757 Dominum
2944 2704 3225 2759 sedentem
3289 2705 3344 2758 in
3401 2704 3544 2758 solio

1970 2795 2188 2851 excelso
2224 2804 2279 2849 et
2304 2795 2470 2857 elato,
2498 2794 2721 2863 quando
2749 2803 3023 2849 commota
3056 2804 3185 2850 sunt
3235 2797 3541 2867 superlimi-

1971 2888 2127 2940 naria
2160 2886 2447 2941 cardinum
2481 2899 2613 2940 voce
2660 2885 2948 2955 Seraphim
2967 2888 3013 2942 ⁸.
3050 2887 3162 2958 Ego
3206 2902 3359 2956 vero,
3411 2902 3538 2941 cum

1972 2985 2219 3048 tempora
2251 2977 2661 3047 disquisissem,
2697 2977 2798 3032 hoc
2838 2977 3037 3033 falsum
3080 2993 3204 3035 esse
3229 2978 3541 3050 deprehen-

1971 3068 2049 3125 di.
2087 3068 2144 3123 Si
2172 3069 2320 3124 enim
2351 3077 2475 3140 post
2504 3068 2651 3125 Ozias
2679 3071 2964 3126 interitum
2990 3076 3150 3124 terra
3172 3080 3352 3127 motus
3373 3072 3541 3127 exsti-

1969 3161 2058 3226 tit,
2090 3161 2306 3218 duobus
2352 3169 2533 3217 autem
2594 3170 2721 3218 ante
2744 3163 2904 3219 annis
2956 3162 3298 3234 prOphetiam
3344 3162 3541 3218 beatus

1968 3253 2139 3309 Amos
2195 3252 2425 3325 incepit,
2479 3254 2979 3325 quinquagesimus
3029 3269 3210 3309 annus
3275 3254 3540 3325 agebatur

1970 3349 2120 3417 regni
2176 3347 2342 3410 Ozias,
2393 3349 2533 3403 duos
2592 3348 2736 3403 enim
2785 3356 2843 3402 et
2895 3347 3297 3418 quinquaginta
3364 3361 3541 3402 annos

1971 3439 2242 3507 regnavit.
2278 3440 2349 3493 At
2399 3438 2767 3494 Jeroboamus
2812 3439 2917 3493 hoc
2952 3446 3198 3509 temmre
3254 3447 3544 3510 superstes

1971 3546 2079 3585 non
2141 3540 2260 3584 erat
2307 3548 2323 3585 :
2365 3547 2490 3585 nam
2547 3531 2713 3600 hujus
2762 3530 3029 3585 vicesimo
3090 3530 3329 3600 septimo
3384 3532 3540 3603 regni

1971 3634 2117 3674 anno
2157 3619 2321 3675 Ozias
2364 3620 2741 3691 gubernacula
2791 3621 2945 3691 regni
2993 3619 3078 3675 sui
3139 3620 3402 3690 suscepit.
3461 3619 3541 3675 Ex

1973 3711 2308 3781 temporibus
2330 3711 2497 3780 igitur
2517 3711 2868 3781 perspicuum
2894 3718 2997 3775 est,
3020 3711 3074 3764 in
3102 3710 3371 3780 principio
3388 3713 3543 3780 regni

1971 3800 2115 3855 Ozia:
2140 3800 2311 3854 divini
2341 3800 2528 3855 Amosi
2555 3798 2943 3869 praedictiones
2969 3798 3145 3853 factas
3171 3797 3364 3867 fuisse,
3402 3814 3542 3869 quo-

1972 3891 2117 3946 niam
2154 3890 2360 3945 donum
2402 3891 2705 3961 pr0phetia:
2743 3905 2807 3946 se
2837 3891 3119 3961 accepisse
3148 3890 3286 3946 dicit
3314 3890 3544 3947 Jerobo—

1972 3998 2095 4036 amo
2134 3984 2312 4039 adhuc
2367 3984 2669 4055 superstite
2710 3991 2764 4038 et
2802 3991 3086 4053 regnante.
3110 3988 3123 4005 ‘
3155 3983 3392 4056 Tempus
3421 4000 3546 4056 pro-

1973 4076 2170 4145 phetiae
2210 4078 2290 4131 sic
2321 4077 2596 4143 elocutus,
2627 4076 2785 4130 docet
2820 4076 2984 4130 etiam
3017 4077 3218 4145 quibus
3257 4078 3545 4146 prooemiis

1974 4183 2107 4221 usus
2134 4169 2222 4221 sit.

2046 4340 2208 4394 Vsus.
2244 4341 2299 4393 2.
2341 4358 2358 4393 ι
2395 4342 2463 4396 Et
2490 4340 2606 4394 ait:
2636 4339 2902 4398 Dominus
2935 4356 2965 4396 e
2997 4339 3164 4394 Sioue
3190 4341 3407 4395 locutus
3435 4349 3539 4406 est,

1973 4441 2027 4488 et
2049 4449 2113 4489 ex
2140 4432 2519 4503 Hierosolyma
2548 4432 2699 4487 dedit
2722 4447 2914 4488 vocem
2964 4446 3142 4497 suam,
3187 4440 3241 4487 et
3278 4432 3565 4487 luxerunt-

1978 4538 2178 4593 pascua
2209 4530 2512 4593 pastorum,
2549 4532 2603 4579 et.
2630 4523 2907 4578 arefactus
2929 4530 3014 4577 est
3042 4528 3225 4577 vertex
3246 4520 3497 4576 Carmeli.
3515 4543 3537 4574 ν

1981 4616 2188 4689 1411
2216 4617 2350 4672 Cum
2393 4616 2541 4671 enim
2578 4616 2832 4677 ﬁnitimis
2862 4615 3114 4686 gentibus
3161 4616 3342 4670 tristia
3396 4615 3538 4669 vati-

1975 4712 2265 4764 cinaturus
2305 4708 2397 4773 sit,
2439 4709 2687 4778 apposite
2724 4708 2983 4778 explicat,
3021 4707 3168 4762 unde
3210 4715 3402 4761 contra
3439 4706 3543 4762 bos

1977 4802 2227 4858 ferantur
2264 4801 2573 4858 sententiae.
2609 4802 2686 4856 Ab
2712 4799 3087 4870 Hierosolyma
3126 4786 3315 4863 enim;
3336 4799 3537 4869 inquit,

1975 4901 2028 4947 et
2057 4908 2087 4946 a
2119 4900 2301 4946 monte
2334 4890 2464 4945 Sion
2498 4891 2610 4947 Deo
2651 4892 3037 4947 universorum
3086 4890 3252 4946 verba
3296 4889 3545 4946 faciente

1975 4984 2327 5039 etultionum
2379 4982 2683 5038 sententias
2734 4982 3070 5052 proferente,
3134 4982 3417 5054 lugebunt,
3457 4982 3540 5036 in.

1974 5075 2113 5146 quit,
2162 5084 2433 5145 pastores,
2470 5074 2730 5143 pabulum
2782 5074 3046 5129 nimirum
3085 5076 3377 5146 pecoribus
3420 5076 3544 5130 suis

1976 5166 2267 5236 pascendis
2293 5179 2401 5220 non
2432 5165 2774 5221 invenientes
2811 5181 2825 5219 :
2857 5167 3148 5225 universus
3178 5177 3358 5222 autem
3380 5180 3542 5221 mons

1978 5255 2264 5313 Carmelus
2295 5270 2472 5327 usque
2503 5254 2574 5310 ad
2615 5271 2888 5313 summum
2935 5262 3190 5315 verticem
3237 5258 3539 5330 privabitnr

1608 5543 1837 5598 VARI/13
1878 5545 2278 5603 LECTIONES.

375 5635 418 5666 ⁸⁸
450 5635 593 5726 ξαρ.
622 5635 942 5726 ilia-quoque
1079 5637 1166 5716 alii
1191 5637 1526 5726 .‘Ailtlxc‘lpsiy:
1569 5638 1831 5726 Ilieotlot.
1863 5644 2229 5726 Nunfeqip...
2282 5645 2303 5675 ⁸
2335 5647 2515 5726 ini}
2552 5649 2698 5726 περί..
2729 5645 3025 5724 Ᾱιὶἰὺπὲρ..
3049 5641 3539 5726 ΡΓο.Ἱερόυσαῖιιὴμ

303 5708 414 5777 leg.
453 5719 573 5759 csse
590 5706 801 5760 videtur
836 5705 1240 5774 Ἰσραήλ,]ιιχιιι
1274 5706 1433 5759 Hebr.
1474 5705 1524 5739 ’⁷
1573 5709 1695 5778 Ἱερ.
1728 5712 1763 5762 Α
1810 5712 1955 5767 addit
1986 5714 2077 5765 τοῦ
2118 5705 2287 5778 Ἰωάς.

2401 5717 2422 5748 ⁸
2452 5717 2491 5771 C
2524 5710 2636 5770 τοῦξ
2671 5716 2795 5784 Leg.
2829 5710 3089 5769 esse’vid.
3115 5710 3213 5779 τῆς
3241 5711 3356 5765 τοῦ.
