3904 6202
392 263 409 327 1
421 267 522 328 667

1343 262 1824 344 THEODORETI
1865 260 2200 321 EPISCOPI
2235 263 2596 322 CYRENSIS

3505 255 3618 318 1868

388 378 606 450 frugum
640 378 819 450 c0pia.
871 375 996 429 “me
1037 388 1170 427 vero
1221 374 1397 443 reipsa
1451 373 1698 443 quidem,
1733 383 1789 428 ιιι
1843 390 1970 428 nar-

2100 373 2244 444 ιηλος
2284 374 2480 444 μέχρις
2509 373 2680 442 αὐτῆς
2729 371 2828 442 τῆς
2877 370 3209 442 ἀκρωρείας,
3260 366 3623 437 στερηθήσεται

389 481 607 538 rantur,
637 469 956 524 acciderunt
989 481 1054 520 ex
1085 465 1280 534 pluviae
1315 464 1558 527 defectu,
1601 476 1654 520 et
1689 482 1782 536 per
1814 465 1966 519 locu—

393 571 534 619 stam
567 571 620 617 et
647 573 890 624 erueam,
924 558 1140 626 aliaque
1167 556 1398 627 ﬂagella,
1427 571 1548 627 qua:
1583 557 1752 626 judex
1778 558 1968 626 justus

392 654 474 708 eis
507 651 753 706 immisit.
788 648 892 704 Per
927 649 1042 703 haec
1071 656 1252 702 tamen
1310 647 1417 702 alia
1465 649 1631 702 etiam
1676 647 1917 704 ostendit
1955 665 1967 701 :

394 753 449 798 et
484 743 739 798 lsraelem
785 741 1002 810 quidem
1049 749 1208 794 vocat
1263 741 1502 794 verticem
1561 741 1819 808 Carmeli,
1878 741 1970 811 qui

394 838 555 882 terrae
586 828 874 896 promissae
921 844 1048 897 pars
1084 828 1206 882 fuit.
1250 848 1269 880 ι
1308 828 1588 884 lntroduxi
1644 834 1788 884 enim
1849 846 1971 897 vos,

394 921 596 990 inquit,
633 920 688 975 in
716 931 917 975 terram
945 920 1203 985 Carmeli,
1242 930 1298 975 ut
1338 922 1703 978 comederetis
1757 922 1973 977 fruetus

395 1021 450 1067 et
479 1013 620 1066 bona
671 1012 858 1082 ejush.
896 1031 914 1064 ι
951 1008 1204 1067 Pastores
1263 1022 1446 1069 autem
1509 1015 1754 1084 appellat
1815 1029 1973 1084 reges

395 1103 754 1158 ﬁnitimarum
809 1105 1052 1174 gentium
1082 1124 1098 1171 ;
1131 1120 1331 1171 pascua
1364 1121 1492 1160 vero
1548 1105 1744 1160 horum
1778 1104 1972 1161 subdi-

395 1203 506 1259 tos,
539 1210 648 1248 non
670 1195 846 1248 solum
878 1195 1029 1264 quod
1061 1196 1330 1251 tributum
1364 1197 1472 1252 illis
1492 1197 1638 1252 velut
1664 1198 1972 1267 pastionem

399 1287 694 1358 quamdam
715 1287 1046 1358 pendebant,
1070 1289 1164 1343 sed
1196 1288 1360 1342 etiam
1390 1288 1534 1358 quod
1561 1289 1630 1343 ab
1663 1289 1745 1344 eis
1782 1303 1976 1359 perpe-

399 1391 496 1436 tuo
536 1381 931 1452 pascebantur.
987 1380 1053 1435 Et
1109 1379 1251 1437 Deus
1304 1381 1711 1446 universorum,
1774 1381 1974 1451 inquit,

398 1489 466 1528 ex
495 1482 678 1527 monte
706 1471 859 1537 Sion,
881 1481 936 1527 et
958 1473 1094 1527 urbe
1121 1472 1522 1544 Hierosolyma,
1574 1481 1795 1528 exteras
1839 1489 1981 1543 gen-

400 1573 486 1620 tes
529 1563 794 1619 ﬁnitimas
825 1565 877 1617 in
913 1563 1696 1634 calamitatesinﬁnitasjuxta
1727 1563 1977 1620 divinum

402 1671 562 1712 suum
596 1654 878 1710 decretum
911 1656 1191 1725 conjiciet.
1242 1655 1441 1712 Postea
1497 1671 1595 1726 per
1653 1664 1838 1726 partes
1888 1658 1980 1713 de-

2071 467 2170 536 τῆς
2206 465 2312 520 τῶν
2342 466 2570 537 καρπῶν
2610 464 2893 534 ἀφθονίας.
2922 463 3109 516 Ταῦτα
3150 461 3207 513 δὲ
3253 461 3344 513 καὶ
3380 459 3514 512 κατὰ
3539 459 3624 528 τὴν

2076 558 2319 628 ἱστορίαν
2358 558 2458 628 μὲν
2486 557 2704 624 συνέϐη,
2734 556 2824 609 διά
2851 572 2907 608 τε
2936 554 3035 623 τὴν
3068 550 3393 623 ἀνομϐρίαν,
3429 551 3517 604 καὶ
3540 550 3626 621 τὴν

2073 650 2272 722 ἀκρίδα
2298 689 2311 714 ,
2343 651 2438 703 καὶ
2471 651 2572 723 τὴν
2603 650 2832 720 κάμπην
2858 690 2873 714 ,
2905 647 3001 701 καὶ
3037 647 3138 709 τὰς
3177 645 3346 707 ἄλλας
3373 685 3386 708 ,
3427 645 3488 705 ἃς
3514 643 3540 694 6
3563 641 3627 694 δί-

2075 760 2228 806 καιος
2254 743 2440 806 αὐτοῖς
2466 742 2661 813 κριτὴς
2690 742 2986 809 ἐπενήνοχε
3017 738 3316 809 μάστιγας.
3349 733 3631 806 Ιῖαραδηλοῖ

2074 834 2132 888 δὲ
2163 835 2312 905 ὅμως
2344 835 2432 888 διὰ
2472 835 2676 888 τούτων
2710 835 2802 887 καὶ
2836 832 3020 903 ἕτερα,
3059 831 3160 885 καὶ
3198 829 3358 882 καλεῖ
3386 827 3634 896 κορυφὴν

2080 927 2178 998 μὲν
2201 928 2523 997 Καρμήλου
2553 927 2644 980 τὸν
2681 925 2897 997 Ἰσραήλ
2923 942 2934 953 ·
2963 925 3064 995 τῆς
3097 922 3211 993 γὰρ
3243 919 3632 992 ἐπηγγελμένης

2077 1018 2183 1089 γῆς
2216 1019 2308 1072 καὶ
2356 1014 2509 1083 οὗτος
2554 1015 2622 1089 ἦν
2666 1019 2872 1090 μόριον.
2911 1037 2929 1068 ι
2960 1018 3278 1087 Εἰσὴγαγον
3319 1013 3447 1082 γὰρ,
3471 1013 3631 1084 φησιν,

2079 1109 2226 1180 ὑμᾶς
2257 1111 2338 1172 είς
2361 1109 2454 1161 τὸν
2496 1109 2795 1180 Κάρμηλον
2815 1151 2829 1175 ,
2883 1110 2976 1162 τοῦ
3027 1108 3230 1176 φαγεῖν
3265 1103 3392 1166 τοὺς
3419 1102 3634 1174 καρποὺς

2079 1201 2244 1256 αὑτοῦ
2277 1203 2375 1256 καὶ
2405 1201 2477 1255 τὰ
2511 1201 2694 1270 ἀγαθὰ
2720 1201 2911 1257 αὐτοῦ.
2947 1220 2967 1253 ι
3000 1197 3304 1268 Ποιμέγας
3328 1195 3384 1248 δὲ
3412 1192 3634 1264 ὀνομάζει

2080 1295 2190 1348 τῶν
2235 1294 2453 1366 ὁμόρων
2493 1293 2664 1348 ἐθνῶν
2697 1295 2824 1358 τοὺς
2877 1293 3173 1364 βασιλέας’
3211 1287 3402 1357 νομὰς
3441 1281 3493 1338 δὲ
3531 1287 3632 1348 τοὺς

2081 1388 2285 1442 τούτων
2321 1387 2598 1457 ὑπηκόους
2623 1430 2637 1454 ,
2690 1386 2750 1439 ού
2804 1385 2963 1458 μόνον
2993 1385 3077 1438 δτι
3109 1381 3323 1450 δασμὸν
3355 1379 3525 1441 αὐτοῖς
3559 1377 3636 1430 καὶ

2084 1477 2248 1548 φόρον
2294 1470 2406 1531 οἷόν
2447 1492 2569 1529 τινα
2622 1474 2794 1546 νομὴν
2849 1470 3281 1544 προσεκόμιζον,
3317 1468 3430 1522 ἀλλ’
3460 1468 3534 1521 ὅτι
3561 1468 3635 1521 καὶ

2083 1569 2175 1622 ὑπ’
2209 1567 2388 1621 αὐτῶν
2425 1567 2693 1622 διετέλουν
2723 1566 3034 1638 νεμόμενοι.
3077 1563 3250 1632 Λέγει
3281 1561 3456 1614 τοίνυν
3479 1599 3494 1622 ,
3519 1562 3588 1614 ὅτι
3614 1559 3635 1610 ὁ

2089 1661 2186 1730 μὲν
2231 1658 2341 1713 τῶν
2385 1660 2521 1713 ὅλων
2555 1659 2687 1724 Θεὸς
2734 1658 2841 1712 ἀπὸ
2890 1655 2985 1711 τοῦ
3024 1655 3171 1709 Σιὼν
3204 1653 3400 1725 ὅρους,
3432 1650 3520 1704 καὶ
3558 1652 3636 1718 τῆς

401 1750 532 1803 licta
593 1748 838 1819 gentium
895 1757 1217 1813 enumerat,
1287 1750 1425 1804 etiis
1485 1750 1635 1804 illata
1707 1751 1979 1822 supplicia

2100 1752 2452 1823 Ἰερουσαλὴμ
2479 1752 2707 1815 πόλεως,
2751 1753 2846 1804 καὶ
2881 1751 2951 1803 τα
2973 1749 3128 1804 ’ἄλλα
3176 1747 3304 1818 ἔθνη
3341 1748 3407 1798 τὰ
3447 1743 3636 1812 πλησιό-

402 1843 661 1912 explicat.

2091 1865 2246 1917 χωρα
2277 1846 2643 1909 παντοδαποῖς
2676 1843 3144 1918 περιϐληθήσεται
3180 1842 3371 1901 κακοῖς
3415 1835 3542 1890 κατὰ
3562 1835 3636 1904 τὴν

403 1936 557 1991 θείαν
615 1939 909 2008 ἀπόφασιν.
955 1935 1086 1992 Εἶτα
1153 1938 1295 1993 κατὰ
1343 1941 1508 2010 μέρος
1563 1940 1656 1993 καὶ
1719 1940 1820 2004 τὰς
1880 1942 2262 2014 πλημμελείας
2306 1943 2414 1998 τῶν
2449 1943 2619 1998 ἐθνῶν
2680 1943 2978 2013 ἐξηγεῖται,
3042 1940 3140 1993 καὶ
3194 1939 3295 2000 τὰς
3365 1931 3636 2002 ἐπενεχθεί-

404 2048 505 2094 σας
531 2031 712 2094 αὐτοῖς
738 2031 1008 2102 τιμωρίας
1039 2031 1298 2085 διδάσκει.

479 2123 726 2179 Vens.5.
765 2142 783 2174 ι
846 2123 908 2176 Ει
963 2123 1102 2178 dixit
1161 2123 1426 2180 Dominus
1485 2144 1496 2178 :
1570 2123 1746 2195 Super
1809 2125 1986 2181 tribus

412 2215 785 2286 impietatibus
812 2215 1084 2280 Damasci,
1121 2225 1175 2271 et
1205 2232 1374 2287 super
1401 2226 1658 2288 quatuor,
1691 2233 1798 2271 non
1827 2232 1984 2272 aver-

410 2306 577 2360 sabor
609 2322 725 2371 eos,
765 2321 864 2375 pro
897 2321 963 2360 eo
1003 2307 1151 2375 quod
1198 2316 1498 2362 secuerunt
1543 2307 1716 2362 serris
1774 2306 1987 2379 1412

413 2396 610 2452 ferreis
642 2409 988 2469 praegnantes
1038 2397 1471 2454 Galaaditarum.
1510 2419 1528 2452 ι
1584 2401 1828 2456 Aversus
1880 2399 1988 2454 Do-

413 2489 597 2543 minus
624 2504 735 2544 non
764 2490 978 2545 videtur
1007 2491 1192 2548 videre
1234 2492 1525 2547 hominum
1562 2493 1763 2548 delicta
1794 2511 1808 2548 :
1845 2492 1991 2546 unde

413 2591 469 2638 ct
529 2582 723 2639 beatus
781 2583 950 2640 David
991 2597 1135 2654 orat,
1192 2588 1382 2644 dicens
1425 2607 1436 2642 :
1483 2607 1501 2640 ι
1541 2590 1743 2644 Averte
1794 2587 1992 2644 faciem

414 2682 562 2728 tuam
599 2689 628 2728 a
655 2677 894 2745 peccatis
941 2679 1144 2734 meisi.
1193 2699 1210 2732 ι
1252 2680 1387 2734 Dum
1432 2688 1615 2736 autem
1661 2681 1851 2750 punit,
1890 2679 1995 2735 Do-

415 2768 600 2822 minus
631 2769 750 2838 ipse
797 2771 871 2823 ait
916 2788 928 2824 :
969 2790 986 2821 ι
1019 2770 1084 2824 Et
1116 2770 1347 2827 ﬁrmalio
1383 2773 1576 2827 faciem
1611 2788 1786 2828 meam
1832 2787 1997 2841 super

414 2873 535 2920 vos,
563 2877 580 2910 ι
609 2868 661 2912 et
678 2859 968 2928 respiciam
998 2862 1063 2914 ad
1089 2863 1411 2930 iniquitates
1438 2873 1670 2916 vestras.
1705 2859 1827 2915 Non
1849 2877 1995 2915 aver-

415 2949 576 3002 sabor
617 2950 803 3020 itaque
835 2951 977 3006 idem
1010 2964 1092 3007 est
1115 2954 1284 3022 quod,
1313 2953 1435 3008 Non
1462 2955 1699 3024 amplius
1731 2955 1995 3025 patientia

417 3053 562 3107 utar,
595 3060 770 3114 neque
801 3054 1045 3100 avertam
1078 3046 1275 3102 faciem
1311 3064 1484 3103 meam
1534 3064 1563 3102 a
1623 3049 1866 3117 peccatis
1906 3064 1996 3103 ve-

419 3133 550 3188 stris
579 3153 591 3188 :
621 3135 717 3190 sed
752 3136 1032 3204 intuebor,
1057 3153 1180 3207 qua:
1217 3140 1377 3208 prius
1411 3155 1508 3208 per
1540 3141 1856 3209 patientiam
1886 3154 1995 3193 non

418 3226 646 3280 videbar
699 3228 904 3283 videre.
949 3229 1106 3295 Quod
1161 3245 1290 3285 vero
1326 3232 1422 3296 ait,
1487 3231 1654 3301 Super
1705 3232 1894 3297 tribus,
1949 3241 1997 3286 et

419 3333 576 3387 super
612 3326 863 3388 quatuor,
923 3320 1330 3375 multitudinem
1392 3321 1688 3392 signiﬁcat.
1758 3322 1850 3376 Ait
1905 3322 2004 3391 igi-

422 3417 533 3471 tur,
563 3407 699 3464 Cum
737 3410 915 3465 multa
967 3410 1220 3467 Damasci
1260 3413 1456 3467 delicta
1499 3429 1640 3485 saepe
1695 3415 2004 3470 diutissime

421 3516 621 3570 passus
647 3501 772 3565 sim,
813 3517 962 3556 nunc
991 3517 1101 3557 non
1132 3503 1370 3572 amplius
1406 3506 1606 3574 patiar,
1641 3520 1817 3574 neque
1849 3520 2005 3558 aver-

424 3598 532 3657 tar,
594 3591 891 3660 quominus
930 3608 1123 3648 eorum
1180 3594 1480 3651 immensas
1539 3595 1858 3664 iniquitates
1928 3597 2006 3648 vi-

426 3683 632 3749 deam,‘
669 3685 1018 3753 potissimum
1055 3701 1194 3756 quas
1225 3695 1418 3741 contra
1464 3687 1780 3743 Galaaditas
1832 3688 2004 3741 moliti

429 3783 580 3842 sunt,
627 3777 1011 3833 crudelitatem
1063 3786 1118 3833 et
1161 3777 1436 3834 feritatem
1503 3781 1558 3833 in
1615 3780 1736 3833 illos
1797 3787 2004 3832 tantam

429 3877 774 3932 exercentes,
821 3877 884 3923 ut
923 3871 1087 3924 etiam
1145 3871 1405 3926 mulieres
1434 3883 1778 3939 prmgnantes
1835 3873 2006 3927 serris

430 3962 733 4017 secuerint.
765 3960 880 4015 Hoc.
908 3962 1128 4031 planius
1165 3960 1533 4032 Symmachus
1553 3961 1760 4024 docuit,
1791 3963 2004 4026 dicens,

437 4072 454 4104 ι
493 4052 599 4108 Pro
623 4070 689 4109 eo
711 4052 859 4124 quod
891 4053 1295 4107 trituraverunt
1327 4052 1464 4106 rotis
1493 4051 1689 4107 terreis
1721 4051 1949 4106 Galaad.
1983 4074 2000 4104 ι

431 4145 490 4200 in
537 4145 782 4201 eamdem
819 4160 950 4199 vero
989 4143 1319 4198 sententiam
1369 4150 1654 4197 verterunt
1701 4143 1900 4213 Aquila
1954 4153 2009 4199 et

433 4239 758 4294 Theodotio.
789 4235 945 4291 Unde
979 4235 1328 4305 perspicuum
1379 4242 1482 4296 est,
1535 4235 1678 4300 quod
1716 4234 1772 4288 in
1824 4250 2007 4290 aream

433 4331 728 4402 quamdam
766 4328 1023 4383 mulieres
1083 4323 1374 4395 praadictas
1439 4325 1819 4395 projicientes,
1871 4328 2010 4383 rotis

436 4424 664 4480 serratis
719 4431 978 4490 tanquam
1049 4417 1236 4487 spicas
1268 4415 1570 4471 crudeliter
1603 4418 2007 4474 trituraverint.

2161 2132 2230 2193 γ’.
2271 2146 2288 2176 ι
2323 2125 2433 2178 Καὶ
2464 2119 2585 2177 εἷπε
2602 2122 2807 2194 Κύριος
2830 2137 2844 2151 °
2897 2119 3020 2173 Ἐπὶ
3051 2121 3177 2180 ταῖς
3199 2116 3378 2187 τρισὶν
3405 2113 3636 2176 ἀσεϐείαις

2091 2217 2405 2284 Δαμασκοῦ,
2445 2217 2538 2270 καὶ
2570 2216 2664 2268 ἐπὶ
2693 2216 2812 2277 ταῖς
2847 2211 3145 2281 τέσσαρσιν
3191 2209 3292 2261 οὐκ
3325 2207 3638 2276 ἀποστραφή-

2095 2324 2254 2377 σομαι
2292 2306 2488 2368 αὐτοὺς
2507 2307 2548 2369 θ,
2587 2304 2699 2359 ἀνθ’
2732 2296 2805 2356 ὧν
2841 2301 3062 2372 επριζον
3096 2297 3287 2366 πρίοσι
3319 2298 3539 2367 σιδηροῖς
3561 2298 3637 2357 τὰς

2093 2399 2151 2450 ὲν
2192 2398 2391 2468 γαστρὶ
2435 2396 2666 2468 ἐχούσας
2699 2396 2807 2449 τῶν
2847 2390 3278 2446 Γαλααδιτῶνιο.
3319 2409 3337 2440 ι
3384 2389 3636 2458 ’Λποστρε-

2096 2488 2329 2558 (ρόμενος
2378 2490 2406 2540 6
2435 2487 2569 2550 Θεὸς
2615 2486 2676 2539 ού
2725 2485 2874 2538 δοκεῖ
2919 2484 3052 2554 ὀρᾷν
3104 2480 3216 2535 τῶν
3269 2479 3552 2551 ἀνθρώπων
3585 2479 3637 2532 τὰ

2097 2577 2547 2650 πλημμελήματα
2573 2593 2587 2609 ο
2625 2569 2794 2647 οὗπερ
2839 2575 3022 2628 εἵνεκα
3067 2572 3165 2624 καὶ
3210 2571 3238 2621 6
3277 2571 3526 2641 μακάριος
3559 2569 3638 2618 Δα-

2092 2668 2183 2724 ϐὶδ
2206 2670 2586 2741 προσεύχεται,
2610 2669 2783 2736 λέγων
2810 2684 2822 2696 ο
2853 2686 2869 2718 ι
2911 2663 3290 2734 Ἀπόστρεψον
3311 2660 3368 2713 τὸ
3393 2658 3638 2729 πρόσωπόν

2098 2778 2194 2814 σου
2235 2761 2344 2814 ἀπὸ
2377 2759 2486 2811 τῶν
2529 2756 2811 2828 ἁμαρτιῶν
2862 2773 2983 2826 μου.
3035 2772 3054 2804 ι
3105 2753 3301 2804 Ἠνίκα
3349 2750 3404 2802 δὲ
3439 2746 3637 2810 κολάζει,

2098 2853 2260 2918 αὐτὸς
2311 2855 2339 2906 ὁ
2381 2852 2513 2914 Θεὸς
2569 2850 2757 2918 λέγει’
2797 2868 2814 2900 ι
2858 2847 2970 2900 Καὶ
3027 2837 3242 2916 στηριῶ
3287 2843 3347 2895 τὸ
3393 2840 3638 2913 πρόσωπόν

2106 2965 2208 3019 μου
2252 2948 2338 3016 ἐφ’
2381 2947 2523 3008 ὑμᾶς
2551 2985 2566 3010 ,
2622 2942 2717 2996 καὶ
2758 2939 3129 3010 ἐπιϐλέψομαι
3185 2938 3279 2990 ἐπὶ
3327 2934 3422 2996 τὰς
3469 2933 3640 2992 ἀδικίας

2103 3041 2278 3112 ὑμῶν.
2313 3059 2331 3091 ι
2367 3039 2441 3090 Τὸ
2471 3031 2584 3103 οὖν,
2620 3037 2742 3089 Οὐκ
2785 3029 3366 3101 ἀποστραφήσομαι,
3402 3026 3510 3080 ἀντὶ
3550 3022 3638 3082 τοῦ.

2104 3131 2303 3186 Οὐκέτι
2335 3128 2767 3201 μακροθυμήσω,
2800 3125 2920 3178 οὐδὲ
2948 3121 3284 3194 ἀποστρέψω
3317 3119 3376 3171 τὸ
3397 3113 3645 3186 πρόσωπόν

2111 3243 2212 3298 μου
2246 3223 2353 3278 ἀπὸ
2394 3221 2504 3276 τῶν
2538 3219 2819 3292 ἁμαρτιῶν
2861 3216 3016 3287 ὑμῶν
3040 3231 3054 3246 ’
3099 3213 3219 3268 ἀλλ’
3259 3211 3453 3282 ὂψομαι
3483 3207 3514 3262 ἃ
3538 3203 3642 3298 1:96-

2104 3293 2261 3389 τερον
2307 3315 2392 3369 διὰ
2441 3311 2824 3386 μακροθυμίαν
2871 3310 2972 3362 ούκ
3021 3307 3248 3360 ἐδόκουν
3303 3301 3449 3374 ὁρᾷν.
3499 3293 3642 3389 Τὸᾷδέ

2104 3387 2203 3466 ἐστὶ
2233 3409 2364 3474 ταῖς
2389 3405 2566 3476 τρισί,
2612 3405 2709 3459 καὶ
2737 3402 2836 3456 ἐπὶ
2869 3400 3001 3466 ταῖς
3034 3398 3357 3466 τέσσαρσι,
3388 3393 3443 3446 τὸ
3479 3387 3643 3458 πλῆθος

2109 3503 2384 3575 σημαίνει.
2437 3499 2599 3566 Λέγει
2657 3497 2865 3561 τοίνυν,
2907 3495 2989 3562 ὅτι
3044 3491 3228 3544 Πολλὰ
3289 3485 3531 3545 πολλάκις
3567 3479 3643 3575 τῆς

2107 3571 2398 3667 Δαμασκοῦ
2445 3587 2979 3662 πεπλημμεληκυίας
3028 3585 3124 3638 ἐπὶ
3179 3581 3428 3635 πλεῖστον
3456 3571 3643 3640 dvas/ﬁ-

2110 3707 2289 3758 μενος,
2327 3687 2421 3740 νῦν
2459 3686 2643 3740 οὐκέτι
2687 3680 3127 3753 μακροθυμὴνσω,
3173 3674 3296 3729 οὐδὲ
3341 3666 3644 3738 ἀποστραφὴ-

2109 3799 2291 3850 σομαι,
2326 3779 2465 3831 ὥστε
2511 3775 2688 3830 αὐτῶν
2724 3775 2799 3844 μὴ
2850 3773 2979 3826 ἰδεῖν
3011 3770 3111 3833 τὰς
3153 3767 3420 3840 ἀρρήτους
3449 3774 3644 3858 παροινία·

2113 3875 2271 3944 μίας·
2313 3869 2683 3939 διαφερόντως
2738 3867 2795 3920 δὲ
2863 3865 2928 3928 ἃς
2989 3860 3133 3916 κατὰ
3185 3859 3295 3913 τῶν
3351 3853 3643 3944 Γαλααδιτιύν

2108 3965 2528 4034 τετολμήκασιν,
2587 3961 2833 4031 ὠμότητι
2876 3957 2996 4010 κατ’
3049 3952 3230 4007 αὐτῶν
3284 3951 3377 4004 καὶ
3430 3941 3646 4016 θηριωδιᾳ

2110 4055 2486 4126 χρησάμενοι.
2539 4052 2614 4113 ὡς
2665 4049 2759 4103 καῖ
2817 4047 2916 4110 τὰς
2971 4039 3345 4114 κυοφορούσας
3408 4035 3644 4126 διακρίσει

2110 4120 2394 4215 γυναῖκας.
2427 4141 2599 4196 Τοῦτο
2644 4140 2981 4210 σαφέστερον
3021 4139 3049 4190 6
3097 4134 3391 4203 Σύμμαχος
3438 4120 3639 4215 ὲδίᾶπξξνο

2112 4206 2388 4305 εἰρηκώςο
2426 4249 2445 4283 ο
2495 4229 2633 4284 Ἀνθ’
2663 4206 2742 4282 ὧν
2781 4206 3037 4298 ὴλιῖιησαν
3085 4224 3296 4294 τροχοῖς
3327 4206 3643 4305 σιδηροῖς

2112 4297 2343 4380 Γαλαὰδ.
2379 4343 2397 4376 ι
2427 4322 2536 4393 Τὴν
2568 4321 2740 4389 αὐτὴν
2765 4297 2823 4372 δέ
2849 4319 3091 4372 διάνοιαν
3139 4314 3234 4368 καὶ
3275 4314 3304 4364 6
3339 4305 3546 4365 Ἀκύλας
3572 4297 3644 4393 καὶ

2114 4422 2142 4472 6
2169 4419 2460 4471 Θεοδοτίων
2506 4413 2804 4468 τεθείκασι.
2860 4408 3222 4477 Μανθάνομεν
3258 4402 3449 4460 τοίνυν,
3484 4395 3548 4456 ὡς
3583 4391 3642 4449 εἰς

436 4515 646 4572 Galaad
681 4486 862 4568 autem
899 4518 952 4566 et
992 4486 1107 4579 ipsa
1160 4509 1296 4563 urbs
1341 4516 1458 4563 erat
1515 4508 1758 4575 lsraelis,
1815 4519 1993 4566 contr:

2113 4511 2225 4565 ἅλω
2269 4510 2390 4564 τινὰ
2456 4508 2744 4578 βάλλοντες
2797 4502 2898 4566 τὰς
2956 4497 3357 4571 προειρημένας
3404 4486 3640 4579 γυναῖκας.

436 4627 600 4682 quam
641 4606 887 4661 Damasci
929 4604 1120 4658 incolae
1151 4603 1266 4659 huc
1304 4613 1525 4674 patrare
1552 4607 1673 4662 ausi
1719 4614 1869 4661 sunt.
1902 4605 2011 4660 lni-

435 4703 646 4773 quitate
676 4699 757 4754 sic
796 4696 1089 4767 patefacta,
1127 4697 1390 4754 ultionem
1425 4700 1693 4769 adjungit.

2119 4608 2232 4668 τοῖς
2282 4599 2642 4673 πριονοειδέσι
2700 4596 2916 4667 τροχοῖς
2980 4591 3136 4660 δίκην
3187 4587 3352 4647 αὑτὰς
3408 4573 3641 4678 ἀσξαχῦωῗ

2119 4695 2286 4768 ὠμῶς
2327 4669 2719 4762 ⁷κιιι.ἰ;ηλιὶ›ησαν.
2767 4688 2829 4743 Ἡ
2877 4684 2934 4738 δὲ
2989 4681 3238 4737 Γαλαὰδ
3291 4677 3436 4736 πόλις
3477 4669 3534 4738 ἦν

437 4756 575 4862 οἶῦτη
607 4791 701 4844 τοῦ
738 4756 978 4862 Ίᾶραὴλν
1008 4756 1088 4852 Ek,
1117 4792 1183 4863 ἢν
1211 4793 1260 4845 οἱ
1287 4793 1386 4864 τὴν
1415 4756 1706 4866 Δαμασκὸν
1735 4795 2013 4860 οἰκοῦντες
2052 4756 2426 4864 τετολμηκασι
2467 4756 2664 4842 ταῦτα.
2718 4782 2875 4838 Οὕτω
2931 4779 3030 4851 τὴν
3085 4771 3420 4849 παρανομίαν
3473 4756 3641 4818 ὑποδεί-

441 4883 558 4949 ξας,
587 4882 782 4951 ἐπάγει
814 4884 913 4952 τὴν
940 4882 1235 4954 τιμωρίαν.

513 4969 678 5030 Vens.
713 4977 766 5030 4.
789 4994 808 5027 ι
845 4977 913 5030 Εῑ
932 4977 1140 5032 mittam
1183 4979 1363 5050 ignem
1393 4980 1449 5035 in
1483 4979 1708 5036 domum
1739 4981 2010 5038 Azaclis.)

443 5069 557 5126 Rex
592 5077 774 5124 autem
811 5068 916 5122 fuit
952 5069 1044 5124 ille
1088 5068 1369 5127 Damasci.
1407 5091 1425 5124 ι
1466 5072 1534 5127 Et
1570 5073 1854 5129 devorabit
1893 5073 2019 5129 fun-

441 5162 699 5218 damenta
753 5161 847 5215 ﬁlii
889 5160 1100 5232 1513
1132 5163 1296 5218 Ader.
1346 5181 1366 5215 ›
1406 5163 1546 5218 Ader
1602 5167 1856 5222 nonnulli
1898 5170 2019 5237 opi-

443 5254 560 5309 nati
592 5261 720 5310 sunt
763 5251 933 5307 fuisse
987 5263 1196 5321 patrem
1234 5253 1471 5320 Azaelis,
1507 5255 1763 5310 bifariam
1817 5271 2017 5311 nomen

445 5347 776 5414 dividentes,
803 5354 858 5402 et
893 5345 1125 5402 seorsim
1163 5345 1358 5415 ﬁlium,
1394 5351 1625 5405 seorsim
1673 5350 1820 5406 Ader
1849 5349 2019 5405 intel-

512 5483 542 5524 ιι
572 5483 777 5540 Jerem.
809 5501 869 5551 ιι,
901 5485 952 5540 7.
1039 5484 1054 5523 ί
1092 5481 1237 5537 Psal.
1273 5495 1324 5546 L,
1353 5480 1406 5534 9.

2193 4981 2256 5033 δ’.
2288 4997 2305 5030 ι
2346 4977 2458 5031 Καὶ
2502 4969 2786 5029 ἀποστελῶ
2828 4967 2940 5040 πῦρ
2975 4968 3055 5031 είς
3083 4965 3174 5019 τὸν
3226 4956 3366 5014 οἷκον
3404 4947 3590 5050 ἰξζαήξς

2125 5071 2388 5133 Βασιλεὺς
2437 5069 2496 5121 δὲ
2545 5061 2700 5128 οὗτος
2749 5063 2990 5132 ἐγεγόνει
3035 5059 3134 5130 τῆς
3179 5043 3471 5124 Δαμασκοῦ.
3509 5059 3524 5091 ι
3557 5040 3638 5088 Καὶ

2126 5163 2504 5233 καταφάγεται
2551 5159 2779 5230 θεμέλια
2830 5153 2946 5207 υἱοῦ
2987 5151 3181 5247 Ἀδερί
3224 5166 3252 5247 ι⁸
3279 5137 3636 5247 ,Τοῦτόινῐ

2127 5226 2394 5308 ὑπέλαϐον
2447 5226 2660 5321 πατέρα
2720 5246 2815 5301 τοῦ
2863 5243 3100 5315 Ἀζαὴλ,
3155 5226 3637 5321 διελόντες-δίζεξὲτδ

2125 5347 2315 5418 ὄνομα,
2350 5345 2444 5398 καὶ
2488 5309 2654 5414 χωρὶς
2692 5340 2789 5411 μὲν
2821 5338 2910 5393 τὸν
2947 5309 3062 5390 υἱὸν
3084 5376 3099 5404 ,
3131 5329 3292 5405 χωρὶς
3322 5325 3374 5378 δὲ
3397 5319 3477 5375 τὸν
3505 5309 3632 5374 Ἄδερ

1723 5592 1957 5649 VARUE
1996 5589 2399 5648 LECTIONES.

549 5679 570 5711 ’
603 5687 868 5744 Rec.lect.
901 5697 984 5744 est
1017 5689 1199 5745 αὐτόν.
1283 5692 1324 5722 ¹⁰
1352 5692 1394 5742 A
1421 5686 1652 5740 Γαλαὰδ.
