3904 6202
255 236 389 301 1669

1564 236 1647 301 IN
1669 235 1869 300 AMOS
1898 235 2055 298 CAP.
2090 239 2140 299 Ι.

3350 236 3486 309 1670

250 352 548 423 νοήσαντες
578 365 590 379 ·
627 350 743 402 ἔστι
774 349 829 402 δὲ
863 349 919 402 ἒν
955 349 1125 422 ὄνομα
1149 368 1161 381 ·
1202 349 1449 425 Βαραδάδ
1489 350 1598 424 γὰρ
1640 350 1824 420 κέκλη-

1936 350 2189 421 ligentes,
2230 367 2354 406 cum
2388 359 2572 407 tamen
2606 368 2774 407 unum
2803 352 2873 408 sit
2909 368 3107 409 nomen
3136 372 3148 409 :
3189 368 3314 408 nam
3335 354 3506 408 Bara-

245 461 338 498 ται
368 443 435 513 τῇ
497 440 760 512 Ἐϐραίων
812 442 906 494 καὶ
958 444 1024 512 τῇ
1072 442 1263 514 Σύρων
1314 446 1497 516 φωνῇ,
1545 445 1640 498 καὶ
1679 443 1826 496 ἐστιν

248 535 308 589 οὗ
340 535 545 606 πατὴρ,
575 532 690 586 ἀλλ’
722 533 838 596 υἱὸς
878 532 971 599 τοῦ
1024 530 1243 604 Ἀζαὴλ,
1284 533 1361 598 ὡς
1390 534 1423 606 ἡ
1456 534 1694 607 τετάρτη
1719 532 1829 587 τῶν

247 624 549 679 Βασιλειῶν
599 622 804 694 ίστορία
847 622 1109 678 διδάσκει.
1154 624 1273 678 Ἐπ’
1308 624 1472 678 αὐτοῦ
1513 625 1570 680 δὲ
1618 626 1711 678 καί⁸
1737 624 1827 679 τὸν

244 715 468 786 ὀλεθρον
494 716 527 785 ἡ
558 712 849 784 Δαμασκδς
880 712 1141 782 ὑπέμεινε
1168 730 1180 742 ·
1206 713 1286 768 διὸ
1316 714 1411 769 καὶ
1452 716 1485 787 ἠ
1517 710 1827 786 προφητεία

246 806 424 878 φησι·
470 825 489 857 ι
543 805 654 858 Kal
705 804 1087 874 καταφάγεται
1137 804 1364 876 θεμέλια
1435 805 1554 859 υἱοῦ
1615 805 1777 879 Ἀδερ
1809 824 1822 837 ·

243 898 533 964 τουτέστι,
588 894 891 977 Πρόρῤιζον
946 897 1115 968 αὐτῆς
1165 897 1468 952 ἀνασπάσω
1512 896 1611 977 τὴν
1665 898 1824 968 βασι-

242 992 422 1049 λείαν.
666 974 671 977 1
1522 974 1523 977 Ἴ

315 1093 359 1140 ε’
389 1104 410 1138 ι
434 1086 545 1140 Kal
567 1085 842 1157 συντρίψω
872 1084 1104 1155 μοχλοὺς
1135 1084 1449 1155 Δαμασκοῦ.
1486 1102 1504 1134 ι
1546 1084 1658 1155 Τὴν
1689 1100 1824 1153 προ-

242 1178 411 1250 τέραν
446 1177 616 1247 αὐτῆς
644 1177 947 1246 ἀσφάλειαν
977 1175 1288 1230 καταλύσω.
1329 1195 1347 1228 ι
1375 1177 1486 1231 Καὶ
1521 1174 1826 1245 ἐξολοθρεύ-

244 1287 326 1325 σω
353 1267 740 1332 κατοικοῦντας
768 1272 832 1322 ἐκ
855 1268 1035 1321 πεδίου
1067 1268 1243 1332 Ὢν¹¹,
1278 1268 1371 1323 καὶ
1402 1266 1698 1337 κατακόψω
1723 1285 1826 1337 cpu-

241 1361 344 1433 λὴν
371 1360 430 1428 ἐξ
458 1361 665 1431 ἀνδρῶν
693 1360 938 1433 Χαρρὰν,
977 1358 1071 1413 xal
1097 1359 1672 1430 αἰχμαλωτευθήσεται
1698 1357 1826 1420 λαὸς

242 1454 448 1525 Συρίας
472 1452 780 1523 ἐπίκλητος,
812 1452 961 1520 λέγει
1001 1451 1224 1523 Κύριος.
1260 1471 1278 1504 ι
1323 1434 1396 1506 Ού
1433 1450 1592 1523 μόνον
1623 1452 1680 1505 δὲ
1725 1451 1826 1523 τὴν

246 1546 602 1618 μητρόπολιν,
633 1545 769 1599 ἀλλά
801 1546 893 1598 καὶ
919 1544 1047 1608 τοὺς
1080 1545 1392 1616 περιοίκους
1421 1545 1691 1613 ἀπαντας,
1732 1544 1825 1597 καὶ

242 1640 372 1700 τοὺς
400 1639 462 1691 ἐκ
497 1636 592 1707 τῆς
621 1637 718 1708 μὲν
761 1635 988 1708 Χαρράν
1032 1635 1475 1701 ἀποικισθέντας,
1502 1636 1618 1688 ἐκεῖ
1654 1636 1710 1689 δέ
1743 1637 1817 1690 οἰ-

242 1726 496 1794 κοῦντας,
555 1728 646 1781 καὶ
691 1729 818 1791 τοὺς
873 1726 952 1798 τῷ
1001 1727 1097 1781 Ὢν
1148 1725 1353 1797 εἰδώλῳ
1400 1725 1817 1797 παροικοῦντας,

241 1818 614 1892 δορυαλώτους
647 1818 897 1887 γενέσθαι
933 1817 1365 1888 παρασκευάσω,
1408 1816 1503 1871 καὶ
1531 1816 1628 1887 τὴν
1655 1816 1821 1871 πάλαι

243 1910 605 1980 περίϐλεπτον
634 1910 731 1981 τῆς
768 1909 966 1979 Συρίας
1010 1908 1287 1980 βασιλείαν
1332 1907 1610 1972 παντελῶς
1653 1925 1822 1963 κατα-

239 2002 411 2056 λύσω.
454 2002 815 2068 Ἐπίκλητον
838 2001 947 2072 γὰρ
978 2001 1040 2053 τὸ
1078 1999 1438 2071 περίϐλεπτον
1467 2000 1677 2071 εἴρηκε.
1711 2001 1822 2055 Καὶ

242 2094 371 2163 περὶ
394 2093 492 2163 τῆς
516 2092 693 2163 Γάζης
719 2093 776 2146 δέ
809 2091 978 2160 λέγει,
1015 2093 1097 2146 ὅτι
1134 2091 1241 2144 Kal
1270 2090 1412 2163 τρὶς,
1449 2090 1542 2145 καὶ
1564 2091 1822 2163 τετράκις

244 2185 697 2257 μακροθυμήσας,
740 2183 832 2237 ἐπὶ
891 2184 1142 2237 πλεῖστον
1179 2181 1358 2236 αὐτῶν
1408 2177 1509 2235 οὐκ
1556 2181 1821 2252 ἀνέξομαι

241 2278 727 2350 παρανομούντων.
756 2277 923 2331 Πλέον
946 2276 1004 2330 δέ
1034 2293 1102 2347 με
1129 2276 1472 2347 χαλεπαίνειν
1497 2276 1616 2329 κατ’
1640 2275 1820 2329 αὐτῶν

238 2368 542 2437 ἀναγκάζει
565 2367 635 2420 τά
656 2366 799 2420 κατὰ
818 2365 912 2419 τοῦ
939 2365 1071 2419 λαοῦ
1093 2364 1186 2420 τοῦ
1217 2362 1353 2436 ἐμοῦ
1376 2365 1468 2418 ὑπ’
1489 2363 1669 2418 αὐτῶν
1697 2362 1818 2416 τολ-

243 2460 494 2531 μώμενα.
550 2479 568 2511 ι
608 2460 836 2514 Ἕνεκεν
868 2458 997 2531 γάρ,
1046 2458 1200 2528 φησὶ,
1239 2457 1334 2511 τοῦ
1375 2454 1820 2528 αίχμαλωτεῦσαι

237 2553 439 2615 αὐτοὺς
471 2550 845 2622 αἰχμαλωσίαν
878 2549 971 2603 τοῦ
1006 2548 1255 2618 Σολομὼν
1280 2549 1348 2615 η,
1384 2546 1477 2600 τοῦ
1504 2546 1820 2615 συγκλεῖσαι

238 2646 321 2710 εἰς
340 2644 441 2714 τὴν
481 2643 805 2715 Ἰδουμαίαν.
846 2662 865 2693 ι
901 2640 1072 2695 Τοῦτο
1096 2639 1155 2694 δέ
1175 2656 1319 2702 τινες
1349 2637 1449 2708 μὲν
1472 2636 1615 2690 οὕτω
1635 2637 1821 2708 νενοή-

237 2752 425 2801 κασιν,
446 2736 528 2788 ὃτι
552 2734 646 2788 τοῦ
669 2732 1011 2802 Σολομῶντος
1037 2730 1415 2801 αἰχμαλώτους
1446 2729 1614 2782 πάλαι
1658 2728 1819 2781 Ἰδου-

241 2827 497 2898 μαίους¹³
522 2824 798 2889 λαϐόντος,
832 2823 926 2877 καὶ
948 2825 1027 2887 εἰς
1057 2822 1157 2894 τὴν
1210 2821 1468 2875 Ἰουδαίαν
1487 2820 1552 2851 ¹³⁶
1593 2819 1818 2889 καθείρ-

220 2921 453 2984 νξαντος,
493 2911 639 2971 οὗτοι
672 2916 1036 2986 πολεμοῦντες
1072 2913 1363 2978 Ἰουδαίοις,
1411 2912 1632 2975 τούτους
1672 2912 1821 2964 ἐλευ-

1931 441 2036 496 dad
2067 451 2294 501 vocatus
2325 444 2431 498 fuit
2480 442 2837 499 Hebraeorum
2873 453 2926 499 et
2974 444 3237 516 Syrorum
3295 445 3503 514 lingua,

1930 543 1984 588 et
2014 549 2124 588 non
2155 542 2331 605 pater,
2357 535 2452 591 sed
2485 533 2633 590 ﬁlius
2673 534 2779 589 fuit
2817 535 3054 601 Azaelis,
3091 543 3150 589 ut
3193 534 3353 590 docet
3400 534 3504 590 Re-

1929 640 2162 695 gnorum
2218 626 2356 682 liber
2409 635 2685 697 quartus.
2743 626 2856 683 Sub
2891 643 2956 684 eo
3016 643 3145 683 vero
3200 627 3503 684 Damascus

1901 733 2123 794 “eversa
2148 720 2310 788 periit
2343 736 2357 773 :
2393 718 2542 774 u’ude
2571 721 2649 773 ait
2681 720 2971 790 prophetia
3005 738 3020 775 :
3053 737 3072 772 ι
3103 718 3168 773 Ει
3217 719 3505 775 devorabit

1930 810 2288 866 fundamenta
2346 810 2441 864 ﬁlii
2493 810 2660 876 Ader,
2698 830 2716 863 ι
2753 812 2860 866 hoc
2904 820 3023 880 est,
3055 810 3340 867 Radicitus
3382 810 3505 881 ejus

1929 917 2160 974 regnum
2196 903 2448 958 evellam.

1997 1102 2168 1159 Vens.
2200 1103 2253 1157 ὃ.
2292 1123 2309 1155 ι
2333 1102 2399 1158 Et
2430 1112 2709 1159 conteram
2748 1111 2937 1160 vectes
2962 1102 3234 1159 Damasci.
3258 1121 3277 1154 ι
3312 1100 3506 1159 Pristi-

1928 1210 2058 1250 num
2091 1194 2212 1264 ejus
2243 1196 2412 1251 robur
2462 1195 2782 1251 dissolvam.
2816 1215 2835 1247 ‹
2874 1194 2938 1250 Et
2981 1194 3296 1265 disperdam
3352 1193 3508 1250 habi-

1929 1296 2135 1343 tatores
2166 1288 2234 1345 de
2271 1304 2466 1360 campo
2499 1289 2602 1355 0n,
2634 1298 2688 1343 et
2717 1288 3007 1345 concidam
3041 1289 3241 1344 tribum
3269 1302 3336 1344 ex
3368 1287 3505 1345 viris

1927 1375 2196 1431 Charran.
2225 1375 2292 1430 Et
2321 1378 2573 1448 captivus
2587 1377 2821 1434 ducetur
2844 1379 3077 1449 populus
3115 1377 3289 1450 Syriae
3327 1377 3505 1432 nomi-

1929 1475 2113 1532 natus,
2158 1467 2294 1523 dicit
2315 1467 2598 1524 Dominus.
2642 1487 2660 1520 ι
2689 1470 2770 1524 Ac
2798 1484 2907 1523 non
2936 1470 3112 1525 solum
3150 1469 3502 1539 metropolin,

1929 1559 2023 1614 sed
2047 1566 2101 1614 et
2130 1558 2347 1614 accolas
2390 1574 2601 1624 omnes,
2635 1566 2690 1614 et
2738 1572 2836 1615 eos
2892 1557 2989 1628 qui
3035 1572 3102 1614 ex
3132 1555 3383 1612 Charran
3437 1568 3505 1611 eo

1928 1649 2380 1720 commigrarunt,
2403 1649 2593 1720 ibique
2621 1649 2963 1714 habitarunt,
3011 1656 3066 1705 et
3110 1648 3327 1704 vicinos
3371 1645 3505 1702 idoli

1930 1739 2034 1807 θη,
2066 1742 2314 1812 captivos
2372 1740 2568 1797 faciam
2603 1750 2696 1797 :et
2749 1739 2897 1812 quod
2942 1740 3074 1796 olim
3133 1741 3349 1796 illustre
3400 1738 3505 1794 fuit

1930 1833 2104 1905 Syriae
2165 1848 2430 1904 regnum,
2498 1831 2744 1889 funditus
2803 1832 3088 1889 demoliar.
3151 1831 3506 1887 Nominatum

1927 1926 2072 1982 enim
2096 1927 2394 1997 spectabile
2418 1926 2576 1981 dixit.
2612 1924 2690 1998 [6]
2725 1925 2799 1981 De
2825 1924 2970 1982 Gaza
2999 1929 3227 1997 insuper
3258 1926 3355 1993 ait,
3386 1923 3505 1980 fore

1930 2027 1986 2073 ut
2012 2018 2127 2089 jam
2156 2019 2319 2072 tertio
2367 2026 2421 2072 et
2474 2026 2673 2086 quarto
2712 2017 2873 2087 longa
2934 2016 3196 2086 patientia
3258 2015 3313 2070 in
3379 2014 3505 2072 illos

1930 2125 2085 2175 usus,
2114 2110 2320 2165 diutius
2355 2124 2464 2164 non
2495 2110 2634 2165 ferat
2662 2108 2849 2179 inique
2870 2117 3119 2179 agentes.
3155 2107 3500 2164 lnfestiorem

1929 2210 2133 2267 autem,
2154 2201 2355 2272 inquit,
2381 2201 2438 2255 in
2465 2216 2562 2257 eos
2587 2215 2711 2257 esse
2743 2214 2829 2255 me
2869 2199 3099 2271 adigunt
3129 2216 3213 2261 ea,
3242 2213 3365 2269 quae
3396 2198 3503 2269 ipsi

1928 2304 2119 2349 contra
2159 2294 2422 2364 populum
2471 2307 2651 2347 meum
2702 2293 3118 2347 commiserunt.
3166 2308 3186 2341 ι
3217 2289 3297 2343 Εο
3334 2289 3504 2359 quod,

1930 2386 2131 2455 inquit,
2166 2384 2441 2456 captivam
2492 2384 2770 2440 duxerunt
2821 2382 3215 2454 captivitatem.
3255 2380 3505 2436 Salomo-

1928 2477 2034 2545 nis,
2080 2487 2139 2531 ut
2171 2476 2516 2532 includereut
2556 2490 2678 2531 eam
2714 2475 2771 2530 in
2805 2472 3121 2529 Idumaeam.
3162 2492 3181 2526 ι
3224 2471 3339 2527 Hoc
3372 2487 3504 2527 vero

1926 2567 2151 2639 quidam
2184 2568 2267 2622 sic
2289 2566 2701 2630 intellexerunt,
2734 2566 2882 2637 quod
2913 2580 3039 2620 cum
3089 2563 3350 2618 Salomon
3403 2577 3502 2617 ca--

1926 2659 2108 2729 ptivos
2156 2657 2288 2713 olim
2317 2653 2586 2711 ldumaaos
2642 2656 2881 2719 fecisset,
2924 2665 3084 2727 atque
3143 2655 3197 2708 in
3257 2653 3503 2708 Iudaeam

1927 2747 2312 2813 conclusisset,
2350 2746 2438 2801 isti
2480 2744 2693 2817 1414
2722 2745 2923 2799 bellum
2957 2748 3208 2814 gerentes
3244 2757 3367 2797 cum
3400 2738 3502 2794 Ju-

1928 2839 2081 2906 daeis,
2120 2839 2377 2896 libertate
2431 2853 2528 2893 eos
2562 2840 2857 2902 donarunt,
2891 2835 3268 2906 ldumaeosque
3314 2833 3504 2890 reddi-

1927 2930 2143 2987 derunt.
2173 2929 2371 2985 Verum
2403 2929 2538 2984 mihi
2576 2929 2680 2983 hoc
2719 2929 2909 2998 procul
2950 2926 3146 2983 abesse
3186 2942 3217 2980 a
3240 2952 3243 2957 >
3270 2925 3503 2982 veritate

239 3010 429 3081 θερίας
457 3010 716 3080 ἠξίωσαν,
746 3008 840 3062 καὶ
890 3006 1221 3077 Ἰδουμαίους
1247 3005 1537 3058 ἀπέδοσαν.
1580 3003 1738 3073 Ἐμοὶ
1763 3002 1820 3056 δὲ

1930 3023 2145 3077 videtur
2183 3041 2194 3077 :
2226 3037 2349 3075 nam
2383 3021 2569 3076 decem
2597 3026 2613 3043 '
2641 3035 2797 3091 reges
2827 3034 2867 3090 a_
2889 3019 3184 3075 Salomone
3222 3032 3398 3087 usque
3432 3016 3504 3071 ad

238 3101 436 3173 πόρρω
465 3100 565 3169 τῆς
596 3097 850 3167 ἀληθείας
878 3091 1016 3149 εἶναι
1040 3094 1199 3147 τοῦτο
1225 3093 1401 3146 δοκεῖ’
1431 3093 1561 3145 δέκα
1586 3090 1694 3161 γὰρ
1726 3089 1822 3160 βα-

241 3192 412 3256 σιλεῖς
458 3192 567 3244 ἀπὸ
615 3189 709 3243 τοῦ
755 3187 1102 3259 Σολομῶντος
1162 3185 1324 3256 μέχρι
1372 3184 1473 3253 τῆς
1541 3183 1825 3253 παρούσης

239 3283 588 3357 προφητείας
629 3281 895 3351 ἐγένοντο,
947 3277 1042 3331 καὶ
1087 3277 1277 3348 χρόνος
1327 3274 1576 3338 πλεῖστος
1621 3272 1822 3344 μεταξὺ

238 3372 571 3445 διελήλυθεν.
630 3370 769 3423 Ἀλλ’
809 3367 1046 3439 ἡγοῦμαι
1109 3365 1171 3419 τὸ
1224 3365 1584 3435 προκείμενον
1628 3363 1825 3433 χωρίον

239 3467 449 3538 ταύτην
482 3465 627 3536 ἔχειν
655 3463 752 3535 τὴν
780 3462 1048 3517 διάνοιαν·
1082 3462 1142 3514 Οἱ
1174 3458 1455 3527 ἀλλόφυλοι
1488 3460 1554 3528 τῇ
1596 3456 1825 3527 Ἰουδαίᾳ

241 3558 386 3628 φυλῇ
438 3554 849 3627 πλησιάζοντες,
895 3553 991 3607 καλ⁵
1046 3550 1259 3622 συχνῶς
1300 3549 1513 3613 τούτοις
1561 3550 1824 3619 ἐπιστρα-

238 3650 515 3714 τεύοντες,
568 3647 662 3712 οὓς
713 3645 1015 3717 ἐλάμϐανον
1058 3640 1456 3715 αίχμαλώτους,
1511 3643 1611 3695 οὐκ
1647 3642 1826 3705 ἄλλοις

240 3744 410 3809 τισὶν,
463 3741 577 3795 ἀλλ’
622 3738 936 3810 Ἰδουμαίοις
987 3734 1316 3800 ἀπεδίδοντο,
1359 3732 1627 3804 ἐχθίστοις
1675 3728 1825 3786 οὖσιν

242 3833 427 3891 αὐτῶν
468 3834 549 3887 ὅτι
588 3831 844 3903 μάλιστα,
900 3830 997 3882 καὶ
1050 3826 1503 3897 πολεμιωτάτοις.
1558 3825 1679 3878 Τῶν
1713 3825 1827 3880 ἀλι-

244 3925 529 3996 σκομένων
578 3921 756 3977 τοίνυν
828 3920 1100 3974 Ἰουδαίων
1156 3917 1253 3989 τὴν
1308 3916 1691 3988 αἰχμαλωσίαν
1719 3916 1825 3972 τοῦ

243 4014 639 4086 Σολομῶντος
653 4011 1074 4082 αἰχμαλωσίαν
1099 4008 1401 4080 ὠνόμασεν,
1423 4007 1530 4061 ἀπὸ
1546 4006 1639 4061 τοῦ
1675 4025 1828 4079 περι-

243 4108 451 4180 φανοῦς
497 4106 590 4160 καὶ
628 4102 992 4176 περιϐλέπτου
1030 4099 1294 4172 βασιλέως
1333 4099 1397 4153 τὺ
1441 4099 1694 4170 λαμπρὸν
1734 4098 1828 4152 καὶ

242 4201 520 4271 ἐπίσημον
568 4194 874 4258 ἐπιδεικνὺς
923 4191 1016 4248 τοῦ
1058 4188 1212 4245 λαοῦ.
1249 4189 1463 4261 Ταύτης
1501 4190 1680 4244 τοίνυν
1728 4190 1828 4260 τῆς

240 4288 529 4361 ὠμότητος
591 4285 751 4356 χάριν
800 4280 1125 4352 ἀγανακτῶν
1173 4280 1202 4331 ὁ
1233 4278 1386 4343 Θεδς,
1432 4277 1645 4331 ἀπειλεῖ
1694 4277 1829 4346 πυρὶ

1930 3123 2249 3183 praesentem
2310 3110 2651 3182 prophetiam
2699 3109 3051 3173 exstiterunt,
3095 3108 3505 3179 plurimumque

1926 3204 2190 3273 temporis
2244 3203 2577 3258 intercessit.
2636 3201 2743 3256 Sed
2798 3201 2946 3254 hunc
2994 3200 3176 3253 locum
3214 3199 3289 3253 ita
3327 3198 3505 3268 expli-

1928 3294 2163 3347 candum
2196 3292 2455 3347 existimo
2488 3309 2500 3344 :
2532 3288 2805 3359 Allophyli
2844 3287 3046 3343 Iudaeae
3090 3285 3257 3340 tribui
3307 3283 3501 3351 vicini,

1927 3393 1982 3439 et
2006 3384 2355 3437 continenter
2385 3396 2511 3435 cum
2545 3380 2655 3436 illis
2681 3381 2885 3436 bellum
2914 3386 3189 3449 gerentes,
3239 3391 3380 3447 quos
3410 3389 3504 3430 ca-

1927 3472 2168 3541 piebant,
2212 3485 2320 3525 non
2376 3470 2501 3525 aliis
2536 3467 2841 3523 vendebant
2891 3482 3056 3537 quam
3100 3465 3372 3529 ldumaeis,
3407 3462 3502 3533 qui

1928 3565 2143 3619 illorum
2172 3560 2378 3615 inimici
2412 3568 2468 3614 et
2504 3560 2691 3614 hostes
2728 3568 2888 3612 erant
2921 3556 3204 3612 acerrimi.
3239 3554 3500 3625 Captivo-

1927 3673 2047 3711 rum
2082 3669 2212 3724 ergo
2254 3651 2567 3707 Jndzrorum
2619 3651 3015 3720 captivitatem,
3072 3647 3375 3703 Salomonis
3412 3662 3504 3700 ca-

1928 3749 2220 3819 ptivitatem
2259 3745 2577 3816 appellavit,
2605 3743 2674 3797 ab
2708 3742 2911 3798 illustri
2968 3750 3022 3796 et
3064 3741 3327 3812 praeclaro
3375 3754 3505 3809 rege

1929 3840 2275 3910 splendorem
2338 3846 2395 3892 et
2466 3837 2770 3892 claritatem
2827 3836 3015 3911 p0puli
3093 3834 3502 3891 demonstrans.

1931 3930 2068 4005 [7,8]
2091 3928 2175 3985 Ob
2204 3929 2346 3983 hanc
2375 3928 2564 3998 itaque
2597 3927 2978 3983 crudelitatem
3013 3927 3185 3981 iratus
3216 3925 3503 3989 Dominus,

1931 4025 2169 4079 minatur
2202 4022 2311 4092 igni
2346 4037 2405 4076 se
2427 4018 2630 4074 Gazam
2673 4019 3003 4074 traditurum
3052 4034 3198 4086 esse,
3243 4034 3308 4074 ac
3340 4017 3504 4073 simul

1930 4131 2053 4171 cum
2086 4131 2148 4170 ea
2195 4114 2334 4169 alias
2388 4112 2555 4167 urbes
2612 4111 3047 4181 Allophylorum.
3109 4109 3186 4180 [9]
3244 4109 3503 4177 Ejusdem

1931 4207 2008 4262 rei
2038 4214 2263 4259 accusat
2308 4201 2468 4256 etiam
2499 4199 2729 4270 Tyrum,
2765 4206 2820 4253 et
2863 4199 3071 4252 crimen
3105 4210 3331 4266 augens,
3370 4194 3505 4249 sub-

1926 4295 2110 4365 junxit
2153 4311 2166 4346 :
2205 4312 2225 4346 ‹
2265 4293 2327 4345 Et
2357 4307 2466 4345 non
2497 4304 2623 4345 sunt
2654 4288 2923 4343 recordati
2960 4288 3184 4344 foederis
3208 4285 3500 4340 fratrum.»

241 4379 595 4455 παραδώσειν
618 4376 716 4449 τὴν
746 4375 947 4442 Γάζαν,
979 4373 1075 4428 καὶ
1102 4373 1200 4427 σὺν
1231 4372 1368 4441 αὐτῇ
1395 4371 1495 4435 τὰς
1528 4370 1694 4435 ἄλλας
1719 4368 1824 4423 τῶν

1933 4389 2066 4442 Cum
2091 4385 2236 4439 enim
2273 4381 2534 4436 Salomon
2570 4389 2623 4435 et
2652 4379 2877 4436 Chirani
2913 4395 3008 4435 rex
3035 4378 3165 4450 Tyri
3195 4378 3503 4433 fraternum

241 4472 561 4543 ἀλλοφύλων
596 4469 797 4533 πόλεις.
832 4467 943 4539 Τὴν
971 4465 1139 4538 αὐτὴν
1171 4466 1403 4520 ποιεῖται
1450 4462 1543 4516 καὶ
1588 4463 1685 4534 τῆς
1723 4461 1827 4514 Τύ-

246 4585 343 4640 ρου
379 4562 733 4635 κατηγορίαν,
781 4561 878 4616 καὶ
926 4559 987 4614 τὸ
1024 4558 1276 4629 ἔγκλημα
1314 4554 1491 4621 αθξων
1537 4556 1783 4627 ἐπήγαγε
1815 4572 1826 4584 ·

248 4680 268 4712 c
309 4659 422 4715 Kal
451 4657 552 4711 οὐκ
579 4654 926 4727 ἐμνήσθησαν
954 4651 1218 4723 διαθήκης
1251 4647 1515 4717 ἀδελφῶν.
1545 4666 1563 4698 ι
1609 4646 1824 4717 Ἐπειδὴ

242 4751 354 4822 γάρ
406 4748 657 4817 Σολομὼν
714 4745 809 4798 καὶ
854 4742 1074 4814 Χειράμ
1125 4742 1153 4794 δ
1183 4741 1280 4810 τῆς
1324 4739 1502 4810 Τύρου
1550 4737 1820 4809 βασιλεὺς,

242 4840 544 4910 ἀδελφικὴν
574 4839 711 4908 πρὸς
741 4835 1004 4907 ἀλλήλους
1031 4831 1286 4903 ιδιάθεσιν
1310 4831 1701 4895 ἐπεδείκνυντο,
1729 4831 1824 4883 καί

241 4938 272 4989 ὁ
310 4934 413 5005 μὲν
439 4932 519 4995 εἰς
550 4929 646 5000 τὴν
671 4927 983 4999 οἰκοδομίαν
1010 4924 1106 4979 τοῦ
1137 4924 1280 4977 θείου
1304 4923 1409 4977 νεὼ
1447 4923 1577 4988 ξύλα
1606 4924 1825 4993 κέδρινα

243 5021 526 5093 ἐχορήγει,
555 5017 584 5069 ὁ
613 5016 669 5070 δὲ
698 5019 844 5068 σῖτον
870 5014 1146 5069 ἀντεδίδου
1165 5030 1177 5042 ·
1205 5012 1408 5083 ταύτης
1439 5013 1495 5066 δὲ
1515 5013 1615 5082 τῆς
1643 5013 1825 5084 φιλίας

244 5116 329 5176 είς
350 5092 524 5183 λήθην
554 5106 717 5182 ἦλθον
758 5110 808 5161 οἱ
839 5107 1048 5178 Τύριοι,
1093 5106 1188 5161 καὶ
1218 5104 1392 5159 ταύτὰ
1423 5107 1535 5167 τοῖς
1556 5092 1827 5170 Γαζαίοις

245 5203 331 5264 είς
359 5199 451 5253 τὸν
506 5197 723 5271 Ἰσραὴλ
769 5197 1165 5268 ἐξημάρτανον,
1199 5194 1297 5268 τὴν
1335 5196 1504 5268 αὐτὴν
1547 5198 1640 5250 καὶ
1688 5197 1828 5250 κατά
1861 5267 1865 5271 ν

242 5295 458 5351 τούτων
472 5294 696 5357 εἰκότως
725 5293 1005 5364 ἐξενήνοχε
1031 5291 1227 5363 ψῆφον.
1250 5291 1360 5345 Καὶ
1382 5292 1508 5363 περὶ
1525 5291 1632 5346 τῶν
1669 5293 1829 5347 Ἰδου-

1935 4492 2176 4533 amorem
2207 4476 2347 4529 inter
2398 4488 2458 4528 se
2498 4472 2908 4543 profiterentur,
2945 4480 3000 4525 et
3033 4470 3125 4525 hic
3153 4470 3219 4525 ad
3253 4470 3507 4526 substru-

1933 4572 2173 4625 ctionem
2203 4565 2375 4620 divini
2402 4565 2589 4635 templi
2633 4565 2781 4635 ligna
2832 4563 3053 4618 cedi-ina
3104 4561 3502 4633 suppeditaret,

1932 4662 2023 4717 illc
2052 4673 2184 4714 vero
2226 4655 2470 4712 vicissim
2534 4655 2869 4710 frumentum
2910 4653 3182 4716 redderet,
3233 4661 3398 4722 atque
3447 4651 3506 4707 in

1933 4753 2098 4822 hujus
2131 4748 2387 4803 amicitia:
2419 4746 2751 4803 oblivionem
2802 4745 3084 4801 venissent
3135 4742 3305 4814 Tyrii,
3332 4752 3386 4799 ct
3415 4758 3508 4798 ea-

1933 4841 2077 4903 dem,
2136 4852 2257 4908 quae
2286 4835 2486 4902 Gazazi,
2527 4835 2579 4888 in
2642 4832 2896 4889 lsraelem
2950 4833 3326 4898 admitterent,
3381 4833 3509 4902 jure

1932 4941 2127 4988 contra
2154 4944 2252 4985 eos
2283 4928 2528 4984 eamdem
2573 4925 2904 4982 sententiam
2959 4926 3105 4980 tulit.
3146 4925 3212 4979 Et
3257 4929 3386 4996 quia
3437 4926 3507 4981 de

1930 5025 2182 5081 ldumaeis
2234 5022 2470 5085 dixerat,
2498 5017 2686 5073 Tertio
2721 5025 2776 5074 et
2821 5025 3040 5088 quarto,
3084 5026 3139 5073 et
3168 5019 3368 5088 sacpius
3405 5033 3508 5088 pa-

1933 5117 2125 5172 tientia
2155 5116 2211 5169 in
2264 5127 2360 5169 eos
2412 5125 2568 5175 usus,
2612 5125 2721 5164 non
2773 5110 3011 5178 amplius
3073 5110 3321 5166 tolerabo
3387 5124 3504 5175 eos,

1935 5210 2173 5264 furorem
2210 5202 2510 5275 praesertim
2542 5200 2662 5271 ejus
2696 5201 2752 5255 in
2788 5201 3012 5256 fratrem
3049 5217 3210 5258 suum
3249 5200 3506 5256 conside-

1938 5316 2068 5356 rans
2104 5300 2235 5368 (non
2297 5293 2442 5350 enim
2497 5301 2748 5348 naturam
2805 5308 2927 5350 esse
2972 5294 3218 5349 eamdem
3267 5289 3507 5361 cogitare

1525 5427 1760 5483 V’AliI.-E
1791 5430 2179 5489 LECTIONES

334 5523 377 5557 ¹¹
408 5526 492 5596 ἐκ,
526 5524 662 5596 πείξἒ
694 5523 810 5596 ξὨν.
871 5521 1032 5596 Hebr.
1082 5522 1508 5596 ex_valleAven,
1544 5540 1589 5579 s.
1626 5524 1955 5592 iniquitatis.
1988 5527 2113 5582 Vid.
2141 5542 2327 5596 supra,
2373 5544 2423 5595 p.
2480 5527 2641 5593 1550,
2676 5526 2795 5582 sch.
2823 5524 2911 5577 2‘2.
2948 5522 3038 5596 _‘_f
3068 5519 3195 5596 Dec.
3233 5517 3505 5596 lectio_est

245 5593 552 5687 ξαλωμώζ.
587 5592 769 5687 Ἠρὸν.
814 5594 970 5687 turba
1023 5593 1235 5687 captiva
1292 5594 1531 5677 paciﬁca.

245 5668 376 5721 loco
412 5663 716 5728 Ἰουδαίους,
748 5664 1039 5733 posteriori
1084 5663 1402 5732 Ἰδουμαίαν.

1639 5587 1775 5628 ⁸³·¹’³·
1807 5596 2053 5668 Uterque
2101 5587 2257 5654 locus
2287 5587 2352 5652 ex
2375 5587 2420 5652 Ὁ
2449 5587 2770 5653 emendatus
2801 5602 2905 5652 est.
2942 5592 3088 5646 Edit.
3128 5589 3297 5644 Sirm.
3331 5587 3502 5659 priori
