3904 6202
490 311 626 379 1675

1476 315 1574 374 ΤΗ
1586 314 1962 374 EODORETI
2002 312 2337 374 EPISCOPI
2383 316 2744 377 CYRENSIS

3538 323 3637 385 1:376

487 438 537 482 et
580 426 735 480 fortis
766 423 921 495 quasi
969 436 1226 493 quercus,
1276 429 1328 475 et
1386 422 1585 476 abstuli
1641 422 1878 475 fructum
1936 422 2055 490 ejus

2188 424 2379 493 σχυρὸς
2407 420 2474 495 ἦν
2502 425 2576 488 ὡς
2605 424 2751 496 δρῦς,
2789 425 2880 476 καὶ
2926 424 3093 495 ἐξῆρα
3116 426 3157 456 ³³
3207 426 3287 480 τὸν
3309 430 3489 501 καρπὸν
3518 437 3642 491 αὑτοῦ

487 522 749 587 desuper,
778 524 829 571 et
882 516 1101 570 radit-cs
1153 514 1274 584 ejus
1318 514 1600 570 deorsum.
1641 534 1659 565 ι
1693 511 1815 570 llaec
1878 521 2059 569 autem

489 611 721 679 figurate
768 606 927 664 dixit,
979 605 1363 674 proceritatem
1399 603 1708 668 hominum,
1775 604 1871 674 qtti
1930 612 2061 656 tunc

486 709 663 763 erant,
727 706 779 749 et
802 698 971 751 robur
1016 696 1337 751 ostendens.
1395 695 1784 765 Exploratores
1840 693 1986 749 enim
2032 709 2062 747 a

492 792 895 859 Moscmtagnu
957 805 1026 844 eo
1056 789 1235 851 missi,
1301 789 1758 842 renuntiaverunt
1810 786 1885 841 ibi
1943 802 2065 840 esse

490 881 673 935 Enach
721 888 777 934 et
828 887 1079 949 posteros
1142 878 1445 947 gigantum,
1509 876 1750 945 adeoque
1811 888 2065 944 proceros

488 990 612 1031 esse
634 974 808 1037 viros,
851 984 910 1026 ut
958 987 1079 1026 cum
1135 971 1214 1024 eis
1263 968 1566 1039 comparati
1627 967 1786 1039 quasi
1840 968 2066 1019 locusta!

490 1064 876 1121 viderenturi.
909 1063 1209 1132 Aititaquc
1258 1061 1641 1116 universorum
1701 1059 1846 1113 Deus
1877 1057 2067 1112 :Adeo

490 1157 857 1213 excelsos‘vet
900 1153 1074 1207 fortes
1134 1154 1284 1207 viros
1319 1167 1428 1206 non
1491 1157 1675 1217 vestro
1734 1150 1934 1204 robore
1981 1149 2065 1203 usi

491 1250 724 1305 vicistis.
766 1248 1053 1315 Quomodo
1082 1246 1226 1301 enim
1258 1244 1560 1305 vicissetis,
1591 1242 1684 1312 qui
1732 1243 1817 1295 vel
1850 1242 1969 1311 ipsa
2000 1241 2068 1295 de

492 1342 598 1395 illis
629 1342 771 1394 fama
805 1337 1210 1410 perterrefacti,
1243 1337 1296 1391 in
1332 1334 1633 1406 Egyptum
1668 1335 1850 1389 redire
1886 1333 2064 1388 conati

490 1432 661 1488 estis?
693 1430 795 1485 Sed
828 1445 928 1500 ego
964 1430 1115 1483 illum
1162 1428 1429 1483 radicitus
1462 1427 1783 1496 exslirpavi.
1842 1424 2069 1479 Radices

493 1531 674 1578 autem
718 1530 876 1575 vocat
909 1528 1114 1590 patres,
1163 1518 1379 1591 1419
1412 1518 1647 1587 fructum
1679 1524 1861 1571 autem
1904 1515 2066 1570 ﬁlios.

493 1614 611 1688 μοι
642 1612 952 1678 Enimvero,
998 1612 1198 1680 inquit,
1255 1625 1482 1666 necesse
1516 1616 1597 1664 est
1634 1622 1730 1663 vos
1775 1604 2068 1661 beneﬁcio-

495 1722 614 1760 rum
674 1706 840 1760 etiam
884 1704 1042 1758 vobis
1092 1702 1325 1757 antehac
1372 1702 1700 1755 collatormn
1752 1712 2071 1753 commone-

496 1798 693 1851 facere.
727 1794 840 1866 Ego
870 1796 1012 1850 enim
1047 1808 1144 1848 vos
1182 1788 1251 1847 ab
1283 1789 1610 1862 Egyptiaca
1642 1788 1904 1845 servitute
1931 1787 2062 1841 libe-
2102 1766 2144 1820 Β

496 1889 633 1952 ravi,
671 1894 725 1943 et
756 1902 854 1956 per
881 1900 1057 1940 annos
1084 1883 1451 1955 quadraginta
1478 1882 1531 1935 in
1582 1881 1798 1935 deserto
1843 1879 1973 1943 alui,
2023 1886 2076 1931 et

494 1979 763 2052 quosdam
798 1994 864 2033 ex
901 1978 1057 2032 vobis
1086 1976 1404 2046 prophetica
1432 1974 1607 2044 gratia
1641 1972 1862 2035 donavi,
1910 1986 2076 2042 quos-

494 2069 620 2122 dam
652 2066 971 2123 sacerdotes
1009 2064 1299 2120 constitui.

565 2182 732 2240 Vens.
766 2183 856 2236 Η.
898 2201 915 2233 ι
953 2181 1175 2251 Sumpsi
1209 2179 1375 2245 enim,
1434 2180 1535 2244 ait,
1577 2179 1643 2233 de
1674 2177 1799 2231 tiliis
1852 2174 2073 2238 vestris,

494 2273 588 2344 qui
620 2280 808 2327 essent
844 2270 1143 2340 prophetae,
1180 2277 1234 2324 et
1262 2270 1329 2323 de
1368 2267 1678 2339 juvenibus
1732 2266 1953 2329 vestris,
1983 2263 2079 2334 qui

496 2372 684 2420 essent
706 2362 1098 2445 sanctiﬁcatio.
1129 2381 1148 2413 ι
1183 2362 1390 2415 Deinde
1421 2374 1520 2430 per
1555 2357 2076 2429 interrogationem,
2112 2392 2121 2405 κ

460 2502 463 2507 .
502 2464 690 2528 utpote
728 2456 873 2527 quod
914 2464 1064 2510 certa
1099 2463 1154 2509 et
1185 2452 1496 2508 indubitata
1535 2451 1647 2506 sint
1676 2465 1738 2505 ea
1782 2464 1906 2520 quae
1930 2449 2079 2504 dicta

503 2557 669 2605 sunt:
694 2567 713 2600 ι
742 2547 901 2604 Anne
930 2548 1005 2602 ita
1044 2555 1151 2614 est,
1185 2546 1279 2601 [itii
1316 2544 1572 2601 lsraelis?
1596 2544 1730 2598 dicit
1759 2542 2075 2598 Dominus.»

502 2641 854 2713 Redarguite,
879 2638 1080 2709 inquit,
1108 2638 1154 2693 si
1190 2637 1414 2706 aliquod
1442 2634 1791 2691 mendacium
1817 2634 1871 2687 in
1899 2632 2081 2689 ver-bis

500 2736 637 2791 meis
657 2733 1018 2789 inveneritis.
1050 2732 1217 2802 Atqui
1246 2731 1353 2786 hoc
1381 2746 1489 2785 non
1511 2728 1774 2801 potestis:
1806 2743 1916 2783 non
1934 2729 2081 2783 enim

501 2825 791 2899 ignoratis,
818 2838 984 2894 quam
1043 2837 1169 2877 vera
1232 2823 1305 2876 sit
1355 2821 1471 2876 haac
1513 2818 1906 2875 beneﬁciorum
1947 2833 2085 2873 enu-

502 2919 768 2985 meratio,
820 2931 1055 2988 quoruut
1112 2913 1390 2969 contraria
1448 2927 1548 2969 vos
1602 2926 1819 2982 semper
1869 2910 2080 2981 egistis.

504 3008 620 3084 [l2]
652 3010 789 3065 Nam
812 3024 938 3071 non
978 3007 1142 3063 modo
1166 3021 1262 3062 vos
1285 3006 1431 3077 leges
1463 3020 1616 3062 meas
1656 3004 1919 3059 audacter
1961 3002 2082 3058 vio-

2164 518 2459 580 ἐπὰνωθεν,
2492 520 2584 571 καὶ
2605 518 2704 581 τὰς
2737 519 2889 588 ῥίζας
2920 516 3079 571 αὑτοῦ
3105 518 3437 574 ὑποκάτωθεν.
3468 526 3645 582 t'l‘aim

2163 610 2218 662 δὲ
2248 611 2521 680 τροπικῶς
2547 612 2755 681 εἴρηκε,
2784 611 2843 662 τό
2866 627 2920 662 τε
2963 608 3186 679 μέγεθος
3209 608 3309 662 τῶν
3332 615 3544 682 τηνικάδε
3575 620 3643 671 ἂν·

2164 702 2325 771 δρῶν,
2355 704 2448 755 καὶ
2478 701 2572 773 τὴν
2601 704 2759 771 ἰσχὺν
2783 701 3066 755 διδάσκων.
3108 702 3210 753 Καὶ
3249 703 3293 754 οἱ
3332 703 3650 770 ἀποσταλέντες

2165 795 2219 847 δὲ
2251 794 2352 846 ὑπὸ
2381 792 2472 846 τοῦ
2501 794 2733 862 μεγάλου
2771 794 3014 856 Μωσέως
3044 792 3363 846 κατάσκοποι
3401 796 3570 864 ἔλεγον,
3592 801 3652 852 ὅτι

2183 887 2333 937 Ἐκεῖ
2377 886 2558 947 Ἑνὰκ,
2577 886 2669 937 καὶ
2690 887 2735 937 οἱ
2760 884 3014 952 ἀπόγονοι
3040 883 3146 937 τῶν
3168 871 3430 953 γιγάντων,
3458 889 3653 957 X11661;-

2167 977 2246 1030 λοι
2294 978 2483 1046 ἄνδρες
2534 976 2758 1047 σφόδρα,
2802 978 2899 1029 καὶ
2945 970 3089 1047 ἦμεν
3130 976 3346 1030 ἐνώπιον
3376 978 3526 1031 αὐτῶν
3557 981 3655 1033 ὡσεὶ

2172 1068 2408 1138 ἀκρίδες.
2430 1068 2593 1135 Λέγει
2613 1067 2789 1119 τοίνυν
2811 1069 2837 1118 6
2859 1066 2965 1119 τῶν
2984 1066 3122 1119 ὅλων
3146 1065 3290 1133 Θεὸς,
3313 1066 3384 1119 ὅτι
3407 1062 3657 1122 Τιῖικίοῦτω

2173 1158 2421 1229 μεγάλων
2444 1160 2534 1210 καὶ
2566 1159 2801 1228 ἰσχυρῶν
2823 1155 3121 1230 ἀνθρώπων
3143 1157 3205 1209 οὐ
3234 1161 3295 1227 τῇ
3325 1159 3529 1229 σιρετέρξι
3551 1161 3658 1230 ἰσχύϊ

2169 1250 2507 1321 χρησάμενοι
2556 1245 3000 1320 περιγεγένησθε.
3038 1247 3165 1312 Πῶς
3200 1248 3300 1321 γὰρ
3342 1250 3389 1301 οἵ
3420 1267 3472 1317 γε
3508 1253 3583 1303 καὶ
3619 1252 3659 1317 ἐξ

2169 1342 2338 1410 αὐτῆς
2369 1339 2861 1409 ὲκδειματωθέντες
2881 1339 2980 1408 τῆς
3010 1341 3199 1411 φήμης
3231 1341 3302 1403 εἰς
3330 1341 3418 1411 τὴν
3448 1342 3659 1410 Αἴγυπτον

2170 1431 2484 1484 ἐπανελθεῖν
2520 1429 2883 1502 ἐπειράθητε;
2914 1429 3030 1482 ἀλλ’
3076 1429 3188 1498 ἐγὼ
3218 1433 3407 1484 ἐκεῖνον
3444 1433 3662 1486 ἀνέστιοι

2172 1522 2488 1593 πρόρριζον.
2532 1520 2721 1585 Ῥίζῖις
2756 1522 2810 1574 δὲ
2849 1520 3005 1574 καλεῖ
3050 1522 3178 1587 τοὺς
3225 1522 3460 1594 πατέρας,
3489 1527 3663 1592 καρπεν

2171 1620 2225 1673 δὲ
2254 1620 2379 1682 τοὺς
2411 1618 2627 1680 παῖδας.
2678 1616 2837 1671 Ἀλλὰ
2867 1618 2972 1689 γὰρ
3005 1618 3097 1671 καὶ
3127 1617 3233 1671 τῶν
3260 1618 3356 1687 πρὸ
3391 1619 3569 1683 τούτου,
3593 1636 3664 1689 (ξη-

2175 1713 2278 1776 σὶν,
2312 1708 2636 1781 εὐεργεσιῶν
2657 1711 2955 1776 ἀναγκαῖον
2975 1711 3118 1779 ὑμᾶς
3146 1711 3456 1780 ἀναμνῆσαι.
3480 1712 3568 1762 Καὶ
3589 1712 3665 1780 γᾶρ

2175 1803 2272 1874 τῆς
2316 1802 2693 1870 Αἰγυπτιακῆς
2751 1801 2893 1870 ὑμᾶς
2949 1801 3301 1873 ἠλευθέρωσα
3343 1802 3570 1865 δουλείας,
3601 1806 3666 1854 καὶ

2176 1896 2269 1948 ἐπὶ
2300 1893 2706 1964 τεσσαράκοντα
2736 1892 2912 1946 ἔτεσιν
2941 1895 2996 1946 ὲν
3026 1895 3091 1965 τῇ
3121 1894 3309 1964 ἐρήμῳ
3332 1892 3571 1963 διέθρεψα,
3600 1895 3667 1945 καὶ

2176 1987 2349 2050 ένίους
2386 1986 2481 2056 μὲν
2511 1985 2661 2054 ὑμῶν
2701 1985 3047 2055 προφητικῆς
3079 1985 3286 2054 ἠξίωσα
3310 1985 3524 2057 χάριτος,
3544 1985 3668 2045 ἐνίους

2176 2073 2232 2127 δὲ
2264 2075 2440 2145 ἱερέας
2481 2073 2753 2143 ἀπέφηνα.

2250 2189 2337 2239 ια’,
2373 2204 2389 2237 ι
2417 2184 2648 2238 Ἕλαϐον
2671 2184 2800 2256 γὰρ,
2844 2184 3028 2256 φησὶν,
3062 2186 3125 2237 ἐκ
3168 2183 3276 2237 τῶν
3308 2183 3430 2238 υἱῶν
3457 2183 3586 2255 ὑμῶν
3617 2183 3674 2245 είς

2179 2279 2487 2348 προφήτας,
2546 2279 2639 2330 καὶ
2678 2279 2741 2330 ὲκ
2795 2277 2902 2329 τῶν
2953 2276 3254 2329 νεανίσκων
3285 2276 3426 2346 ὑμῶν
3466 2278 3533 2338 εἰς
3559 2276 3675 2342 ἁγια-

2181 2368 2334 2439 σμόν.
2372 2386 2389 2419 ι
2431 2363 2564 2422 Εἶτα
2589 2368 2706 2421 κατ’
2737 2367 3029 2439 ἐρώτησιν,
3072 2367 3146 2430 ὡς
3179 2364 3535 2436 ἁναμφιῦόλων
3555 2365 3677 2417 ὄντων

2178 2460 2288 2514 τῶν
2320 2460 2624 2531 εἰρημένων
2646 2476 2659 2489 ”
2706 2479 2722 2509 ι
2755 2459 2845 2529 Μὴ
2871 2459 2969 2512 οὐκ
3002 2458 3115 2511 ἔστι
3148 2459 3340 2524 ταῦτα,
3364 2457 3461 2510 υἱοὶ
3494 2454 3673 2526 Ἰσραήλς

2181 2551 2329 2619 λέγει
2370 2551 2590 2622 Κύριος.
2633 2571 2650 2603 ι
2705 2549 3012 2620 Ἐλέγξατε,
3060 2550 3251 2619 φησὶν,
3298 2549 3349 2603 εῐ
3375 2566 3423 2602 τι
3447 2547 3605 2617 ψευδὲς
3638 2548 3678 2596 ὲν

2180 2644 2290 2706 τοῖς
2324 2642 2632 2713 εἰρημένοις
2670 2641 2953 2712 εὑρίσκετε
3002 2658 3016 2672 ·
3062 2640 3203 2694 ἀλλὰ
3239 2639 3388 2693 τοῦτο
3419 2638 3516 2691 τῶν
3536 2636 3679 2691 ἀδυνά·

2181 2753 2286 2790 των
2313 2752 2324 2763 ·
2360 2736 2472 2788 ἴστε
2501 2734 2609 2806 γὰρ
2638 2735 2732 2787 καὶ
2758 2735 2933 2805 ὑμεῖς,
2960 2734 3034 2798 ὡς
3066 2733 3273 2804 ἀληθὴς
3303 2732 3405 2786 τῶν
3425 2726 3681 2801 εὐεργεσιῶν

2181 2827 2209 2879 6
2234 2826 2548 2893 κατάλογος,
2590 2818 2664 2877 ὧν
2696 2824 2913 2878 ἐναντία
2947 2824 3186 2894 δρῶντες
3221 2821 3616 2877 διατετελέκατε·
3640 2818 3680 2869 οὗ

2182 2917 2289 2987 γὰρ
2321 2916 2478 2987 μόνον
2515 2919 2671 2987 ὑμεῖς
2717 2916 2891 2980 ἀδεῶς
2928 2915 3057 2978 τοὺς
3086 2916 3256 2986 ἐμοὺς
3282 2912 3603 2984 παραεαίνετε
3623 2908 3683 2961 νί-

2186 3019 2338 3080 μους,
2370 3007 2504 3063 ἀλλὰ
2537 3008 2631 3060 καὶ¹
2673 3007 2798 3070 τοὺς
2832 3008 3201 3078 ήγιασμένους
3249 3023 3338 3077 μοι.
3375 3001 3609 3065 ἐποτίζετε
3634 2998 3685 3051 οἶ-

504 3103 721 3166 labatis,
754 3100 850 3157 sed
883 3100 1011 3155 vino
1035 3113 1257 3170 quoque
1287 3096 1561 3167 potabatis
1607 3095 1743 3150 mihi
1789 3109 2079 3150 consecra-

2185 3118 2273 3154 vov
2317 3099 2489 3169 (λέγει
2518 3099 2575 3153 δὲ
2605 3101 2729 3163 τοὺς
2758 3098 3137 3170 Ναζιραίους),
3173 3099 3421 3170 ἀνόνητον
3447 3091 3564 3149 εἶναι
3582 3092 3684 3143 διδά-

503 3203 591 3249 tos
647 3193 763 3264 (sic
821 3199 1001 3246 autem
1062 3197 1220 3249 vocat
1273 3187 1612 3259 Nasirwos),
1663 3186 1915 3243 inutilem
1962 3201 2085 3243 esse

501 3285 769 3342 docentes
840 3283 1059 3338 illorum
1109 3296 1241 3351 erga
1295 3294 1382 3335 me
1411 3279 1825 3335 observantiam
1868 3300 1880 3333 :
1916 3289 2084 3349 atque

506 3378 807 3449 prephetas
851 3390 880 3428 a
938 3389 1024 3429 me
1071 3372 1295 3440 missos,
1354 3387 1422 3426 ne
1462 3370 1972 3442 .praesignilicarent
2020 3383 2084 3424 ea

504 3484 628 3539 quae
661 3471 1045 3537 imperassem,
1077 3462 1486 3536 probibebatis,
1519 3479 1718 3530 meam,
1746 3470 1807 3519 ut
1834 3469 2083 3536 apparet,

509 3573 695 3615 vocem
718 3558 969 3628 graviter
988 3565 1043 3623 et
1075 3555 1303 3611 moleste
1345 3552 1604 3611 ferentes.

578 3689 745 3747 Vens.
784 3689 967 3745 13-”.
1006 3707 1026 3741 ι
1065 3688 1410 3760 Quapropter
1433 3702 1563 3744 ecce
1591 3702 1689 3758 ego
1712 3686 1872 3740 volvo
1900 3684 2089 3740 subter

508 3798 628 3847 vos,
675 3778 824 3838 sicut
856 3781 1095 3835 volvitur
1131 3782 1443 3849 plaustrum
1481 3778 1701 3848 plenum
1751 3776 1984 3846 stipula,
2033 3783 2088 3830 et

509 3875 708 3946 peribit
733 3874 860 3944 fuga
909 3887 938 3925 a
968 3886 1222 3927 cursore.
1265 3890 1283 3922 ι
1328 3869 1519 3923 Tantis
1550 3869 1719 3929 enim,
1758 3868 1960 3936 inquit,
1988 3882 2089 3922 vos

509 3966 753 4023 onerabo
792 3963 1105 4034 suppliciis,
1167 3970 1228 4015 ut
1278 3961 1513 4029 Iugeatis
1541 3967 1595 4013 et
1633 3958 1885 4028 gematis,
1945 3957 2090 4012 sicut

508 4064 819 4133 plaustrum
854 4057 1007 4129 gravi
1044 4071 1214 4111 onere
1258 4068 1509 4125 pressum
1539 4052 1757 4115 stridet,
1798 4052 1929 4105 dum
1981 4061 2092 4106 tra-

510 4155 678 4207 hitur.
713 4148 922 4223 [15,16]
949 4148 1091 4204 Cum
1128 4147 1243 4200 haec
1271 4152 1455 4199 autem
1508 4144 1649 4197 mala
1683 4143 1738 4196 in
1791 4158 1890 4197 vos
1945 4142 2090 4198 infe—

513 4252 724 4308 rentur,
759 4257 941 4305 nemo,
971 4255 1048 4295 ne.
1078 4237 1463 4293 velocissimus
1500 4235 1745 4305 quidem,
1781 4235 1905 4307 fuga
1941 4237 2091 4292 salu-

510 4347 621 4393 tem
654 4342 1001 4405 assequetur,
1032 4345 1213 4400 neque
1238 4344 1541 4398 generosus
1574 4329 1760 4383 animo
1793 4329 1940 4383 virili
1964 4329 2087 4395 erit,

515 4442 692 4498 neque
726 4422 1045 4493 sagittarius
1081 4426 1197 4473 arte
1250 4434 1349 4473 sua
1406 4417 1635 4480 nitetur,
1692 4433 1869 4487 neque
1922 4433 2090 4484 eques

512 4517 720 4573 velocis
769 4513 897 4583 equi
951 4526 1052 4582 ope
1106 4510 1349 4577 salutem,
1396 4520 1767 4580 consequetur
1810 4525 1873 4562 τι
1929 4507 2092 4562 Solus

515 4617 698 4663 autem
742 4605 927 4661 nudus
968 4602 1193 4673 eﬂ'ugiet
1252 4602 1344 4657 die
1400 4602 1517 4669 illo,
1560 4602 1696 4656 dicit
1735 4601 2023 4655 Dominus.
2068 4620 2086 4652 ι

520 4699 733 4770 1420
756 4696 1027 4752 Erudiens
1056 4696 1203 4750 enim
1223 4710 1342 4761 vos,
1374 4694 1519 4749 hanc
1548 4693 1704 4750 vobis
1729 4694 2092 4748 calamitatem

517 4790 725 4855 infero;
757 4804 853 4845 eos
881 4788 1102 4860 quidem
1135 4788 1227 4858 qui
1285 4795 1498 4843 natura:
1543 4792 1858 4858 praestantia
1911 4785 2094 4841 excel-

517 4882 657 4944 lunt,
690 4882 773 4937 vel
807 4884 915 4937 arti
943 4881 1256 4945 conﬁdunt,
1314 4880 1679 4938 trucidandos
1713 4880 1948 4944 tradam,
1999 4876 2092 4932 sed

514 4971 742 5027 elliciam
785 4980 864 5037 ut,
918 4973 1004 5030 Itis
1039 4973 1298 5029 omnibus
1352 4973 1600 5029 destituti
1647 4974 1740 5043 qni
1784 4987 1961 5042 neque
2005 4971 2087 5024 di-

519 5064 682 5121 vitias
707 5106 722 5131 ,
761 5081 940 5135 neque
973 5074 1171 5130 artem,
1203 5081 1383 5136 neque
1428 5066 1600 5121 robur
1624 5066 1849 5128 habent,
1879 5064 1971 5120 sed
2010 5063 2095 5117 Itis

519 5157 776 5213 omnibus
817 5157 1010 5213 nudati
1041 5166 1192 5220 sunt,
1226 5157 1366 5214 salvi
1392 5165 1446 5213 et
1476 5157 1787 5214 incolumes
1827 5157 2081 5212 evadant.

595 5394 607 5445 i
645 5396 809 5454 Nunt.
838 5413 956 5461 xm,
989 5395 1182 5451 29-54.

2186 3208 2404 3255 σκοντες
2429 3191 2525 3260 τὴν
2550 3191 2629 3253 εἰς
2665 3190 2763 3258 ἐμὲ
2791 3188 3087 3258 θεραπείαν
3105 3205 3117 3219 ·
3158 3187 3254 3240 καὶ
3282 3185 3511 3249 τοὺς¹ὑπ⁸
3534 3179 3687 3251 ἐμοῦδέ

2186 3283 2571 3355 πεμπομένους
2634 3282 2915 3351 προφήτας
2972 3279 3262 3352 προλέγειν
3311 3278 3348 3332 ἃ.
3399 3274 3689 3345 προσέταττον

2186 3376 2471 3441 ὲκωλύετε,
2493 3376 2586 3428 καὶ
2611 3374 2782 3444 αὐτήν
2805 3391 2904 3443 μου
2934 3374 3031 3445 τὴν
3059 3371 3265 3442 φωνὴν,
3281 3369 3355 3435 ὡς
3377 3368 3528 3435 εἰκὸς,
3549 3367 3688 3433 69912-

2190 3468 2483 3539 ραίνοντες.

2260 3699 2349 3760 ιγ’.
2390 3709 2408 3742 ι
2438 3687 2535 3742 Διὰ
2561 3686 2717 3742 τοῦτο
2752 3687 2860 3741 ἰδοὺ
2887 3685 2998 3756 ἐγὼ
3020 3687 3194 3741 κυλίω
3227 3685 3474 3744 ὑποκάτω
3497 3681 3690 3755 ὑμῶν,ἰί

2187 3783 2388 3855 τρόπον
2416 3781 2660 3834 κυλίεται
2691 3780 2724 3850 ἡ
2759 3780 2946 3850 ἅμαξα
2990 3781 3024 3850 ἡ
3070 3779 3321 3848 γέμουσα
3362 3778 3600 3847 καλάμης,
3629 3772 3690 3823 καὶ

2191 3873 2470 3927 ἀπολεῖται
2504 3872 2651 3941 φυγὴ
2686 3872 2751 3923 ὲκ
2782 3870 3050 3940 δρομέως.
3088 3889 3106 3921 ι
3151 3870 3417 3924 Τοσοῦτον
3457 3867 3551 3936 γὰρ
3584 3865 3690 3933 ὑμῖν.

2191 3964 2375 4034 φησὶν,
2397 3963 2641 4033 ἐπιθήσω
2661 3963 2930 4031 τιμωρίας
2952 3962 3196 4032 φορτίον,
3215 3962 3290 4024 ὡς
3310 3958 3569 4030 ὀδύρεσθαι
3585 3954 3692 4004 "xu".

2193 4053 2418 4117 στένειν,
2453 4052 2706 4124 καθάπερ
2737 4051 2921 4121 apage:
2960 4052 3357 4122 πεφορτωμένη
3398 4049 3485 4103 καὶ
3519 4044 3694 4117 βεϐαρη-

2194 4145 2327 4216 μένη
2357 4143 2531 4214 τρίζει
2576 4143 2871 4214 συρομένη.
2913 4144 3131 4197 Τούτων
3156 4144 3212 4196 δὲ
3258 4136 3364 4197 τῶν
3404 4140 3569 4195 κακῶν
3605 4136 3694 4205 ὑμῖν

2190 4236 2618 4317 ἐπιφερομένων,
2650 4236 2773 4289 οὔτε
2814 4237 2844 4290 6
2885 4235 3294 4306 δρομικώτατος
3336 4234 3423 4288 διὰ
3455 4231 3695 4302 φυγῆς

2194 4315 2387 4400 ριεῖται
2412 4328 2510 4398 τὴν
2543 4328 2814 4396 σωτηρίαν
2837 4369 2851 4391 ,
2888 4325 3010 4379 οὒτε
3039 4328 3068 4380 6
3100 4329 3348 4393 γενναῖος
3382 4324 3596 4392 ἀνδρεῖον
3620 4315 3695 4379 ἓεει

2194 4418 2255 4473 τὸ
2282 4419 2556 4491 φρόνημα,
2581 4418 2703 4471 οὗτε
2733 4421 2760 4472 6
2794 4418 3016 4486 τοξότης
3047 4418 3319 4490 θαρρήσει
3360 4420 3422 4488 τῇ
3456 4415 3612 4485 τέχνῃ.
3634 4405 3697 4461 καὶ

2194 4514 2222 4566 6
2254 4512 2451 4574 ἱππεὺς
2474 4510 2532 4564 δὲ
2568 4513 2635 4581 τῇ
2666 4511 2926 4580 ταχύτητι
2956 4510 3048 4562 τοῦ
3086 4511 3255 4563 ἵππου
3275 4509 3538 4581 χρώμενος
3559 4515 3697 4565 cavet.-

2195 4601 2298 4673 γῷ,
2322 4601 2419 4671 τῆς
2451 4601 2722 4670 σωτηρίας
2749 4601 2846 4652 οὐκ
2888 4600 3261 4653 ἀπολαύσεται
3292 4618 3305 4631 ο
3346 4617 3363 4648 ι
3387 4592 3601 4658 Μόνοςπ
3627 4585 3699 4641 et

2197 4692 2400 4764 γυμνὸς
2427 4691 2680 4761 φεύξεται
2713 4693 2769 4745 ἑν
2800 4691 2979 4761 ἐκείνη
3004 4694 3068 4760 τῇ
3094 4691 3303 4761 ἡμέρᾳ,
3329 4689 3468 4751 λέγει
3492 4684 3697 4753 Κύριοὲοδ

2197 4782 2472 4836 Διδάσκων
2507 4782 2617 4853 γὰρ
2671 4782 2814 4851 ὑμᾶς
2857 4782 3029 4849 ὲγὼ³⁶
3060 4781 3252 4835 τοῦτον
3287 4782 3412 4850 ὑμῖν
3450 4776 3612 4842 ἐπάγω
3642 4769 3701 4822 τὸν

2198 4876 2458 4947 ὄλεθρον,
2521 4876 2647 4936 τοὺς
2704 4874 2804 4944 μὲν
2874 4875 3156 4946 πλεονεξίᾳ
3220 4874 3431 4942 φύσεως
3461 4912 3473 4931 .
3522 4869 3549 4937 ἤ
3590 4865 3704 4931 τέχνῃ

2203 4965 2561 5037 θαρροῦντας,
2581 4963 2891 5036 παραδώσω
2918 4967 3120 5034 σφαγῇ,
3151 4963 3353 5027 τοὺςδὲ
3378 4960 3563 5013 τούτων
3588 4952 3706 5007 ἀτᾶν-

2202 5075 2310 5111 των
2342 5057 2763 5128 ἐστερημένους,
2798 5056 2899 5110 «at
2938 5057 3074 5126 μήτε
3106 5054 3355 5116 πλοῦτον,
3393 5053 3519 5122 μήτε
3546 5045 3705 5117 ῥώμην,

2205 5150 2340 5220 μήτε
2380 5149 2573 5218 τέχνην
2603 5148 2845 5218 ἔχοντας,
2876 5146 3011 5201 ἀλλὰ
3046 5148 3267 5201 πάντων
3297 5135 3705 5214 γεγυμνωμένουςι

2204 5240 2375 5304 σώους
2404 5242 2496 5293 καὶ
2527 5240 2748 5308 ἀρτίους
2782 5235 3189 5310 παρασκευάσὼ
3225 5236 3524 5305 διαφυγεῖν.

1837 5547 2073 5602 VARUE
2103 5546 2505 5601 LECTIONES.

620 5688 668 5721 ³³
696 5689 740 5741 Δ
771 5689 1030 5755 ἑξήρανα.
1103 5687 1147 5719 ³³
1174 5685 1215 5741 C
1266 5685 1564 5741 ὀδιὲνεσθαι.

1640 5688 1682 5719 ³⁵
1726 5688 1840 5758 μὲν.
1878 5719 1943 5726 —-
1972 5687 2126 5743 φεὺξ.

2228 5690 2239 5701 .
2415 5689 2424 5699 .

2150 5689 2188 5739 Α
2220 5707 2244 5741 ο
2267 5706 2331 5739 νυ
2342 5706 2405 5741 31:.
2413 5706 2438 5738 ο

2278 5740 2288 5756 ο
2342 5738 2352 5757 δ

2444 5706 2468 5749 ς
2508 5686 2776 5750 ὃιώξεται.
2826 5682 3046 5759 ι³⁶ιέγώ.
3079 5681 3119 5740 C
3158 5680 3259 5747 ὡς.
