3904 6202
207 323 342 407 ιθιι

745 447 1135 500 ΚΕΦΑΛΛΙΟΝ
1184 447 1253 502 l".

268 546 336 605 α’,
361 540 428 610 β’.
462 557 480 589 ι
514 536 808 592 ’Δκούσατε
842 539 1023 590 τοίνυν
1042 537 1132 592 τὸν
1159 537 1315 606 λόγον
1347 537 1555 603 τοῦτον,
1585 539 1644 592 ὃν
1667 540 1762 592 ἐλά

198 613 331 702 λησε
360 631 568 702 Κύριος
599 631 682 698 ἐφ’
719 631 882 701 ὑμᾶς,
912 627 1060 694 οἶκος
1104 629 1338 701 Ἰσραὴλ,
1372 631 1467 684 καὶ
1513 631 1654 686 κατὰ
1682 633 1783 684 πά-

201 742 302 797 σης
336 725 532 796 φυλῆς,
567 720 636 795 ἦς
669 725 944 794 ἀνήγαγον
980 725 1044 776 ἐκ
1080 723 1185 792 γῆς
1216 722 1518 790 Αἰγύπτου,
1558 723 1732 791 λέγων
1767 738 1778 751 ³

201 819 346 887 Πλὴν
395 817 540 887 ὑμᾶς
589 815 762 884 ἔγνων
803 818 868 868 ἐκ
915 815 1104 868 πασῶν
1153 815 1334 883 φυλῶν
1373 815 1470 884 τῆς
1507 813 1783 884 γῆς·.διὰ

199 910 360 964 τοῦτο
402 908 674 980 ἐκδικήσω
725 909 811 976 ἐφ’
859 909 1004 978 ὑμᾶς
1057 907 1235 971 πάσας
1286 907 1385 970 τὰς
1445 906 1781 978 ἁμαρτίας³⁷

201 997 380 1066 ὑμῶν.
418 1015 438 1049 ι
505 997 803 1068 Προσήκει,
842 996 998 1067 φησι,
1055 997 1334 1067 συντόμως
1381 998 1526 1068 ὑμᾶς
1565 997 1784 1050 ἀκούειν

198 1089 307 1142 τῶν
341 1088 672 1158 λεγομένων,
715 1091 814 1159 τῆς
855 1090 1172 1160 εὐεργεσίας
1220 1090 1604 1160 μεμνημένους
1641 1089 1785 1143 ὲκείο

199 1197 315 1250 νης,
351 1179 435 1233 ὅτι
473 1179 689 1234 πάντων
713 1178 788 1233 ὢν
810 1172 1041 1252 ποιητὴς
1067 1181 1160 1236 καὶ
1182 1181 1478 1252 Δεσπότης,
1512 1182 1784 1251 ἐξαίρετόν

195 1287 318 1324 τινα
341 1272 666 1342 ποιούμενος
697 1273 853 1344 ὑμῶν
875 1273 1149 1327 διετέλεσα
1183 1275 1443 1346 πρόνοιαν
1469 1291 1481 1302 ·
1520 1269 1582 1328 οὗ
1626 1274 1784 1344 χάριν

195 1363 290 1416 καὶ
317 1362 418 1433 τῆς
445 1363 756 1430 Αἰγυπτίων
794 1365 939 1435 ὑμᾶς
967 1365 1212 1430 δουλείας
1247 1365 1552 1437 ἀπήλλαξα.
1583 1365 1774 1430 Τὸ·δὲ,

200 1472 218 1504 ι
282 1453 427 1508 κατὰ
470 1453 652 1526 πάσης
679 1455 878 1526 φυλῆς,
923 1451 992 1528 ἧς
1039 1457 1310 1528 ἀνήγαγον
1365 1459 1428 1510 ὲκ
1461 1457 1568 1526 γῆς
1617 1457 1784 1524 Αίγύ-

195 1559 357 1608 πτου,
395 1561 414 1593 ι
472 1544 572 1597 οὐκ
615 1544 808 1606 ἄλλους
845 1545 996 1608 τινὰς
1047 1545 1344 1598 αἰνίττεται
1371 1560 1384 1573 ⁸
1431 1543 1548 1598 ἀλλ’
1597 1543 1784 1614 ἐπειδὴ

193 1632 290 1686 τοῦ
352 1633 573 1706 Ἰσραὴλ
605 1635 1001 1706 ἐμνημόνευσε,
1067 1633 1206 1704 μετὰ
1244 1634 1301 1688 δὲ
1343 1633 1442 1704 τὴν
1487 1633 1776 1705 διαίρεσιν,

207 1723 464 1792 Ἰσραὴλ
513 1727 570 1779 αἱ
623 1727 754 1780 δέκα
795 1727 963 1796 φυλαὶ¹
1013 1727 1512 1798 προσηγορεύοντο,
1555 1729 1636 1790 εἰς
1685 1725 1785 1797 τὴν

194 1815 461 1887 ἀκρόασιν
491 1815 650 1869 καλεῖ
672 1815 778 1869 τῶν
811 1814 1120 1887 εἰρημένων
1176 1815 1271 1870 καὶ
1298 1817 1389 1869 τὸν
1431 1815 1652 1880 Ἰούδαν,
1683 1815 1778 1869 καὶ

194 1908 286 1961 ’τὸν
319 1907 598 1979 Βενιαμίν.
636 1903 772 1961 Εἶτα
803 1908 1040 1973 δεικνὺς,
1099 1909 1174 1972 ὡς
1223 1907 1388 1962 αὐτοῦ
1433 1907 1778 1980 συγχωροῦν-

195 2017 328 2065 τος,
363 2001 541 2054 ἔπεισι
575 1999 680 2054 τῶν
721 1999 992 2072 πολεμίων
1041 2002 1074 2072 ή
1123 1999 1436 2072 στρατιὰπ,
1483 2001 1571 2056 διά
1614 2017 1776 2054 τινων

194 2091 424 2146 εἰκόνων
455 2091 742 2146 πιστοῦται
771 2091 864 2145 τὸν
900 2091 1079 2161 λόγον.

267 2277 435 2339 γὀς’.
473 2290 492 2322 ι
537 2271 600 2324 Ei
627 2271 986 2343 πορεύσονται
1015 2265 1110 2324 δύο
1143 2254 1235 2325 ἐπὶ
1258 2271 1317 2324 τὸ
1349 2257 1483 2324 αὐτὸ
1521 2269 1772 2333 καθόλου,

193 2363 290 2415 ἐὰν
346 2362 424 2432 μὴ
464 2361 804 2430 γνωρίσωσιν
865 2362 1078 2424 ἑαυτοῖς
1097 2355 1180 2426 ⁸⁶;
1232 2361 1297 2414 El
1331 2344 1610 2432 ἐρεύξεται
1641 2360 1776 2414 λέων

194 2459 259 2508 ἐκ
311 2451 410 2506 τοῦ
463 2451 670 2525 δρυμοῦ
715 2451 886 2507 αὑτοῦ
941 2451 1113 2524 Θήραν
1158 2453 1258 2505 οὐκ
1302 2452 1478 2524 ἔχων;
1517 2453 1582 2507 Εἰ
1615 2451 1776 2506 δώσει

197 2545 439 2616 σκύμνος
475 2545 661 2616 φωνὴν
702 2545 871 2599 αὑτοῦ
921 2545 986 2598 ὲκ
1027 2545 1128 2614 τῆς
1161 2543 1400 2615 μάνδρας
1439 2543 1605 2598 αὐτοῦ
1643 2544 1776 2599 καθ-

191 2637 340 2700 ὁλου,
375 2637 472 2690 ἐὰν
509 2636 584 2707 μὴ
611 2637 834 2708 ἁρπάσῃ
859 2653 943 2702 τι;
975 2637 1038 2688 Εἰ
1069 2637 1318 2689 πεσεῖται
1347 2635 1533 2706 ὄρνεον
1563 2637 1654 2688 ἐπὶ
1677 2636 1776 2705 τὴν

118 2767 126 2775 .
191 2725 298 2794 γῆν
317 2725 363 2758 ⁸ο
391 2727 520 2780 ἄνευ
553 2725 797 2791 ίξευτοῦς
837 2727 898 2779 Εἰ
933 2725 1300 2798 σχασθήσεται
1331 2727 1498 2796 παγὶς
1544 2727 1636 2780 ἐπὶ
1680 2727 1776 2798 τῆς

193 2816 299 2885 γῆς
327 2815 461 2870 ἄνευ
503 2816 594 2870 τοῦ
625 2817 908 2870 συλλαὸεῖν
937 2833 1020 2883 τι;
1057 2817 1120 2870 El
1162 2818 1403 2888 φωνήσει
1450 2815 1686 2885 σάλπιγξ
1720 2818 1778 2869 ὲν

204 2913 384 2974 πόλει,
435 2912 530 2965 καὶ
565 2911 691 2975 λαὸς
719 2912 776 2964 οὐ
815 2910 1216 2983 monendum;
1260 2907 1321 2964 Ei
1351 2910 1466 2964 ἐστι
1503 2909 1674 2964 κακία
1719 2911 1776 2962 ὲν

193 3005 369 3068 πόλει,
401 3005 468 3074 ἢν
491 3003 694 3076 Κύριος
711 3005 812 3057 οὐκ
838 3004 1125 3074 ὲποίησεν;
1164 3023 1180 3054 ι
1215 3004 1447 3074 Ὥσπερ,
1485 3003 1638 3074 φησὶ,
1671 3002 1778 3055 τῶν

191 3098 474 3152 ἀδυνάτων
497 3097 610 3150 ἐστὶ
635 3098 728 3151 δύο
757 3099 896 3152 κατὰ
918 3097 1110 3151 ταύτὸν
1136 3097 1252 3150 ὁδοῦ
1275 3114 1416 3160 τινος
1435 3097 1774 3168 κοινωνῆσαι,

194 3191 271 3259 μὴ
301 3187 650 3258 δηλώσαντας
707 3187 955 3256 ἀλλήλοις
997 3189 1129 3240 ὅπου
1180 3204 1239 3240 τε
1297 3187 1392 3241 καὶ
1433 3185 1574 3250 τίνος
1616 3185 1777 3256 χάριν

193 3279 545 3350 ἀπαίρουσιν,
567 3276 690 3331 οὔτε
722 3278 828 3349 μὴν
854 3277 1230 3349 βρυχήσασθαι
1264 3279 1452 3331 λέοντα
1489 3279 1660 3348 θήρας
1679 3277 1780 3330 οὐκ

189 3371 386 3440 οὔσης,
411 3370 444 3440 ἢ
473 3369 592 3440 δίχα
618 3369 710 3423 τοῦ
739 3368 1058 3440 θηρεύοντος
1079 3369 1262 3442 ὄρνεον
1287 3372 1490 3434 πεσεῖν,
1517 3372 1548 3441 ἢ
1575 3370 1622 3421 τ’
1645 3368 1780 3423 ἄλλα.

190 3463 375 3517 πάντα
421 3461 674 3530 γενέσθαι
723 3457 794 3514 τὰ
834 3459 1129 3530 εἰρημένα·
1177 3459 1348 3522 οὕτως
1396 3458 1656 3514 ἀδύνατον
1703 3459 1778 3530 μὴ

191 3551 527 3625 βουλομένου
553 3552 689 3607 Θεοῦ
719 3554 990 3625 τιμωρίαν
1018 3551 1374 3624 ἐπενεχθῆναι
1410 3569 1532 3606 τινα
1555 3551 1622 3606 ⁸⁸.
1666 3556 1779 3607 Κα-

189 3651 336 3701 κίαν
373 3645 482 3718 γὰρ
510 3645 607 3716 τὴν
637 3641 902 3716 τιμωρίαν
929 3639 1162 3714 κέκληκε
1204 3644 1281 3714 τῷ
1314 3643 1478 3716 κοινῷ
1503 3643 1614 3696 ἔθει
1644 3647 1780 3716 χρη·

191 3738 465 3807 σὰμενος.
489 3735 654 3790 Κακὰ
677 3735 784 3806 γὰρ
810 3735 995 3788 καλεῖν
1022 3733 1291 3805 εἰώθαμεν
1317 3735 1411 3789 καὶ
1431 3735 1530 3799 τὰς
1568 3735 1776 3800 νόσους,

185 3831 288 3884 καὶ
317 3828 422 3892 τὰς
451 3826 715 3892 παιδείας,
743 3828 838 3882 καὶ
871 3823 998 3890 τοὺς
1025 3825 1235 3899 ἀώρους
1265 3827 1552 3894 θανάτους,
1577 3829 1671 3882 καὶ
1693 3829 1774 3880 λι-

191 3921 358 3992 μοὺς,
386 3920 480 3972 καὶ
505 3919 792 3990 πολέμους,
817 3920 910 3972 καὶ
937 3921 1004 3974 τὰ
1043 3919 1250 3984 τούτοις
1276 3921 1650 3992 παραπλήσια,
1679 3921 1778 3976 οὐκ

187 4011 392 4080 ἐπειδὴ
427 4009 587 4079 φύσει
617 4008 790 4064 ταῦτα
825 4012 990 4076 κακὰ,
1040 4011 1154 4064 ἀλλ’
1185 4013 1374 4084 ἐπειδὴ
1415 4012 1525 4066 τῶν
1563 4013 1776 4085 ἀνθρώ-

186 4109 313 4156 πων
343 4101 650 4166 κακωτικᾶι,
699 4103 792 4156 καὶ
819 4102 997 4173 λύπην
1031 4102 1392 4172 προξενοῦντα
1435 4105 1530 4158 καὶ
1561 4105 1773 4168 πένθος.

184 4195 370 4248 Τοῦτο
399 4195 493 4247 καὶ
519 4195 546 4246 ὁ
580 4196 867 4264 προφήτης
918 4195 1068 4266 ἡμᾶς
1124 4195 1306 4258 Ἰωνᾶς
1337 4195 1575 4248 διδάσκει
1609 4196 1774 4264 σαφέ-

188 4299 412 4359 στερον.
456 4306 474 4338 ι
507 4288 810 4358 Μετενόησε
842 4286 975 4356 γὰρ,
1010 4289 1164 4358 φησὶ,
1193 4287 1397 4359 Κύριος
1425 4287 1532 4341 ἀπὸ
1557 4287 1657 4358 τῆς
1683 4304 1778 4340 κα-

186 4383 322 4443 κίας
357 4381 522 4433 αύτοῦ
555 4377 622 4452 ἧς
659 4381 889 4446 ἐλάλησε
913 4399 926 4413 ο
946 4401 964 4433 ι
995 4380 1293 4445 τουτέστιν,
1325 4381 1432 4434 ἀπὸ
1459 4382 1560 4452 τῆς
1593 4392 1776 4435 κακω-

181 4473 349 4542 τικῆς
379 4473 606 4543 ἀπειλῆς
627 4489 641 4504 θ
677 4475 874 4528 κακίαν
912 4475 1020 4544 γὰρ
1061 4475 1222 4528 κάκεῖ
1253 4472 1350 4544 τὴν
1380 4475 1478 4544 τῆς
1507 4474 1777 4545 τιμωρίας

182 4567 459 4620 ἐκάλεσεν
489 4565 742 4638 ἀπειλήν.
769 4569 889 4620 Ὅτι
919 4567 993 4628 δὲ,
1032 4567 1188 4637 φησι,
1229 4565 1403 4620 ταῦτα
1443 4564 1632 4619 τοῦτον
1663 4566 1772 4636 ἔχει

179 4663 281 4711 τὸν
308 4660 532 4728 τρόπον,
561 4661 654 4712 καὶ
683 4660 793 4713 τῶν
816 4660 1090 4713 ἀδυνάτων
1120 4662 1264 4714 ἐστιν
1295 4657 1650 4730 ἐπενεχθῆναί
1668 4675 1772 4710 τινι

181 4751 454 4804 παιδείαν
484 4753 556 4819 μὴ
587 4751 907 4820 βουλομένου
934 4751 1090 4816 Θεοῦ,
1119 4752 1216 4804 ἀπ’
1235 4750 1412 4804 αὐτῶν
1441 4749 1638 4820 μάθετε
1665 4748 1772 4800 τῶν

181 4837 562 4908 πραγμάτων.
614 4841 873 4912 Προλέγει
918 4841 1025 4910 γὰρ
1065 4841 1154 4894 διὰ
1207 4841 1316 4894 τῶν
1371 4839 1685 4912 προφητῶν,
1739 4839 1774 4893 ἃ.

180 4932 428 4998 ἐπάγειν
460 4930 638 5000 μέλλει
671 4935 782 4995 τοῖς
816 4934 1216 5003 ἁμαρτάνουσιν
1249 4934 1488 5000 ἀλγεινά.

269 5021 341 5084 ζ’,
373 5019 444 5089 η’.
482 5039 500 5070 ι
541 5023 612 5072 Οὐ
635 5024 742 5091 γὰρ
768 5024 842 5092 μὴ
866 5025 1078 5092 ποιήσει
1099 5023 1299 5088 Κύριος
1327 5025 1354 5074 ὁ
1373 5024 1504 5086 Θεὸς
1522 5021 1770 5094 πρᾶγμα,

182 5117 256 5167 ἓν
298 5113 377 5181 μὴ
415 5112 739 5185 ἀποκαλύιξῃ
769 5113 1015 5166 παιδείαν
1047 5114 1210 5166 αὑτοῦ
1247 5117 1377 5184 πρὸς
1405 5117 1527 5176 τοὺς
1557 5113 1774 5179 δούλους

180 5202 368 5256 οινὲτοῦ
403 5204 530 5264 τοὺς
564 5206 868 5272 προφήτας.
917 5205 1067 5256 Λέων
1111 5205 1406 5273 ἐρεύξεται,
1457 5207 1546 5257 καὶ
1589 5204 1666 5267 τίς
1712 5207 1770 5258 ού

180 5295 605 5364 φοϐηθήσεταις
648 5315 662 5343 ι
733 5297 902 5350 Τοῦτο
947 5299 1123 5348 τοίνυν
1177 5299 1359 5365 σαφῶς
1423 5298 1642 5362 ειδότες,
1699 5298 1772 5361 ὡς

263 5459 288 5486 κ
316 5448 440 5501 Jun.
474 5465 557 5510 Ill,
595 5451 678 5501 10.

1512 341 1587 401 IN
1627 338 1825 400 AMOS
1863 337 2021 396 CAP.
2063 321 2180 397 111.

3334 341 3469 406 1678

2477 445 2490 462 ‘
2521 441 2749 498 CAPUT
2793 442 2882 498 ΙΙΙ.

1960 530 2126 587 Vens.
2160 533 2287 596 1,2.
2324 551 2342 583 ι
2377 533 2574 590 Audite
2631 536 2802 606 igitur
2862 537 3092 592 verbum
3145 541 3275 602 hoc,
3316 541 3465 610 quod

1885 625 2110 680 locutus
2139 635 2224 681 est
2267 626 2528 682 Dominus
2557 644 2726 698 super
2754 644 2883 694 vos,
2917 631 3114 688 domus
3161 631 3327 688 Israel
3353 671 3368 698 ,
3412 641 3470 690 et

1885 722 2078 768 contra
2099 729 2317 771 omnem
2343 718 2568 779 tribum,
2600 735 2763 788 quam
2787 720 2950 774 eduxi
2979 737 3006 776 e
3037 729 3183 776 terra
3217 723 3462 793 Egypti,

1886 806 2130 860 die‘Qns:
2189 805 2578 862 Verumtamen
2627 825 2722 864 vos
2785 812 3015 880 cognovi
3071 815 3137 868 de
3192 815 3466 870 universis

1888 896 2145 951 tribubus
2183 905 2344 950 terra:
2378 915 2390 950 :
2423 899 2627 952 idcirco
2670 900 2905 954 ulciscar
2944 917 3110 972 super
3135 919 3232 958 vos
3281 905 3464 956 omnia

1885 996 2118 1057 peccata
2167 999 2372 1042 vestra.
2419 1007 2437 1039 ι
2471 989 2759 1053 Convenit,
2810 993 3008 1061 inquit,
3071 1010 3166 1048 vos
3225 994 3466 1049 breviter

1885 1095 1946 1135 ea
1971 1093 2094 1149 qua:
2125 1077 2387 1134 dicuntur
2413 1080 2628 1146 audire,
2656 1082 2790 1136 illud
2830 1083 3158 1139 beneficium
3201 1088 3463 1140 memoria

1887 1171 2216 1234 recolentes,
2251 1171 2398 1240 quod
2424 1187 2548 1242 ego,
2584 1175 2676 1242 qui
2705 1164 2956 1230 omnium
3009 1175 3184 1232 factor
3238 1193 3360 1231 sum
3409 1189 3464 1232 et

1887 1261 2177 1326 Dominus,
2206 1264 2475 1334 singulari
2517 1267 2752 1336 quadam
2803 1269 3148 1336 providentia
3174 1286 3273 1326 vos
3315 1287 3460 1326 sem-

1886 1369 1984 1423 per
2021 1361 2352 1423 prosecutus
2381 1355 2483 1410 sim
2514 1375 2526 1410 :
2569 1355 2716 1411 unde
2743 1365 2793 1412 et
2825 1359 2894 1412 ab
2922 1357 3301 1428 AEgyptiorum
3350 1376 3468 1416 sier-

1885 1445 2056 1500 vitute
2105 1460 2205 1500 vos
2252 1446 2501 1502 liberavi.
2559 1445 2676 1502 Iloc
2729 1464 2879 1512 vero.
2935 1469 2952 1500 ι
2993 1460 3183 1504 contra
3243 1468 3467 1506 omnem

1887 1534 2116 1598 tribum,
2169 1550 2334 1606 quam
2356 1535 2520 1591 eduxi
2549 1551 2580 1591 e
2615 1547 2757 1592 terra
2815 1537 3059 1610 x‘Egypti,
3099 1557 3118 1590 ι
3165 1555 3274 1595 non
3325 1541 3468 1596 alios

1885 1626 2158 1697 quosdam
2207 1627 2462 1698 designat
2495 1645 2508 1682 :
2537 1629 2630 1684 sed
2683 1633 2944 1702 quoniam
3005 1629 3262 1688 lsraelem
3317 1649 3470 1688 com-

1887 1719 2234 1783 memoravit,
2279 1729 2402 1790 post
2435 1718 2767 1778 divisionem
2813 1731 3020 1788 autem,
3069 1725 3256 1780 decem
3290 1725 3469 1780 tribus

1825 1793 1866 1850 Β
1897 1811 2071 1868 Israel
2098 1813 2396 1869 nominatae
2427 1822 2577 1880 sunt,
2607 1815 2673 1870 ad
2705 1815 2980 1872 audienda
3005 1832 3072 1872 ea
3113 1832 3240 1888 qua:
3274 1817 3470 1871 dicun-

1890 1914 1982 1959 tur
2015 1904 2217 1984 inyitat
2259 1911 2375 1959 tum
2419 1904 2616 1962 ludam
2666 1914 2778 1961 tum
2829 1907 3223 1978 Benjaminem.
3273 1907 3468 1964 Pastea

1885 1997 2188 2054 ostendens
2211 1997 2381 2068 quod,
2419 2013 2486 2052 eo
2509 1993 2888 2068 permittente,
2922 2000 3162 2056 hostium
3187 2001 3469 2056 exercitus

1885 2087 2159 2155 adveniat,-
2223 2089 2554 2158 quibusdam
2619 2076 3083 2146 similitudinibus
3147 2091 3312 2147 verbo
3368 2107 3468 2146 suo

1890 2179 2045 2232 fidem
2076 2178 2212 2234 facit
2249 2200 2262 2234 :

1956 2255 2122 2327 Vens.
2149 2272 2267 2328 6-8.
2306 2291 2325 2325 t
2363 2273 2444 2327 An
2477 2273 2845 2328 ambulabunt
2874 2273 2986 2328 duo
3011 2255 3178 2328 simul
3216 2273 3469 2336 omnino,

1884 2364 2015 2435 quin
2087 2365 2191 2419 sibi
2239 2365 2640 2421 indicaverint?
2693 2367 2776 2420 Au
2849 2367 3026 2437 rugiet
3074 2349 3158 2421 leo
3205 2367 3272 2422 de
3327 2367 3470 2421 saltu

1885 2472 1985 2512 suo
2011 2458 2247 2526 praedam
2281 2473 2386 2513 non
2421 2459 2768 2514 babens?Au
2806 2460 3017 2514 attollet
3045 2460 3258 2514 catulus
3293 2459 3470 2514 leonis

1885 2563 2074 2602 vocem
2111 2563 2270 2601 suam
2295 2547 2364 2604 de
2411 2549 2582 2603 cubili
2629 2563 2732 2602 suo
2777 2549 3024 2612 omnino,
3080 2549 3187 2604 nisi
3251 2549 3467 2618 aliquid

1883 2637 2160 2706 rapuerit?
2183 2639 2266 2691 An
2299 2637 2462 2692 cadet
2500 2639 2618 2694 avis
2649 2654 2814 2708 super
2835 2647 3036 2714 terram
3061 2640 3180 2694 sine
3212 2640 3468 2708 aucupe?

1883 2729 1965 2782 An
2003 2727 2274 2782 laxabitur
2301 2728 2555 2798 decipula
2589 2728 2836 2793 interra,
2869 2729 2976 2783 nisi
3012 2727 3221 2800 1421
3255 2729 3466 2798 aliquid

1885 2819 2350 2890 apprchenderit?
2401 2820 2482 2874 An
2525 2821 2739 2889 clanget
2770 2813 2778 2821 ’
2807 2821 2936 2875 tuba
2991 2821 3044 2874 in
3105 2822 3368 2887 civitate,
3410 2830 3468 2877 et

1886 2911 2118 2982 pepnlus
2144 2925 2252 2965 non
2279 2911 2534 2966 timebit?
2567 2928 2635 2966 an
2662 2912 2766 2966 erit
2809 2913 3007 2967 malum
3043 2913 3098 2966 in
3131 2913 3286 2974 urbe,
3317 2913 3462 2982 quod

1884 3001 2154 3059 Dominus
2204 3001 2312 3058 ιιοιι
2372 3005 2606 3060 fecerit?
2651 3025 2668 3057 ι
2710 3003 3204 3070 Quemadmodum,
3257 3005 3462 3075 inquit,

1886 3094 2002 3148 fieri
2039 3109 2149 3148 non
2188 3101 2390 3164 potest,
2440 3101 2499 3148 ut
2549 3095 2660 3149 duo
2700 3096 2863 3149 simul
2903 3095 3152 3150 eamdem
3189 3097 3330 3149 \iam
3383 3106 3464 3150 te-

1887 3195 2076 3252 neant,
2111 3185 2243 3257 quin
2275 3189 2422 3243 inter
2453 3204 2514 3244 se
2565 3184 3009 3254 communicent,
3039 3205 3147 3257 qtto
3182 3195 3234 3242 et
3272 3203 3465 3257 quam-

1881 3275 2068 3335 obrem
2097 3279 2522 3350 proficiscantur
2545 3297 2557 3332 :
2580 3282 2695 3342 au't,
2729 3288 2786 3332 ut
2813 3279 2894 3334 leo
2919 3279 3098 3349 rugiat
3124 3291 3246 3332 cum
3283 3278 3462 3348 praeda

1880 3387 1990 3427 non
2027 3371 2124 3436 sit,
2160 3370 2406 3426 autsine
2460 3375 2724 3426 venatore
2773 3371 2892 3426 avis
2949 3371 3138 3437 cadat,
3201 3381 3294 3424 aut
3352 3369 3462 3424 alia

1881 3463 2066 3518 omnia
2108 3465 2429 3534 supradicta
2485 3466 2614 3520 fiant
2645 3483 2657 3517 :
2687 3467 2768 3522 sic
2834 3466 2950 3522 fieri
3003 3481 3112 3521 non
3156 3469 3340 3534 potest
3377 3475 3458 3531 ιιι,

1880 3553 2101 3614 nolente
2141 3557 2270 3624 Deo,
2306 3558 2445 3613 ultio
2479 3558 2664 3628 aliqua
2701 3549 3005 3628 inﬂigatur.
3056 3547 3264 3612 Malum
3315 3557 3462 3612 enim

1883 3641 2149 3702 ultionem
2183 3651 2430 3716 vocavit,
2488 3641 2806 3720 pervulgata
2839 3652 3002 3704 u'teus
3037 3647 3457 3704 constretudine.

1881 3739 2034 3794 Mala
2061 3741 2210 3796 enim
2247 3755 2450 3796 vocare
2493 3741 2736 3796 solemus
2773 3741 3017 3801 morbos,
3058 3746 3112 3794 et
3145 3737 3462 3808 castigatio-

1881 3843 1980 3890 nes
2011 3841 2066 3890 et
2101 3833 2456 3888 immaturam
2491 3841 2764 3900 mortem,
2815 3838 2870 3888 et
2918 3838 3126 3902 pestes,
3186 3839 3242 3886 et
3295 3830 3456 3894 bella,

1880 3936 2043 3996 atque
2071 3925 2159 3982 bis
2189 3925 2392 3982 similia
2428 3943 2442 3980 :
2469 3939 2580 3980 non
2610 3925 2740 3996 quia
2787 3931 2986 3980 natura
3013 3923 3128 3979 base
3155 3922 3300 3978 mala
3323 3920 3456 3982 sint,

1881 4017 1975 4072 sed
2007 4017 2153 4088 quod
2187 4018 2442 4074 homines
2482 4019 2640 4074 malis
2662 4017 2928 4080 alliciunt,
2968 4017 3360 4084 tristitiamque
3402 4021 3457 4067 et

1879 4108 2088 4162 luctum
2148 4107 2446 4164 advehunt.
2489 4108 2606 4164 Hoc
2659 4125 2758 4164 nos
2814 4111 2980 4163 etiam
3025 4107 3244 4178 planius
3297 4105 3456 4159 docet

1877 4201 2049 4256 Jonas
2086 4201 2377 4270 propheta.
2416 4220 2434 4251 ι
2469 4201 2737 4256 Poenituit
2763 4202 2930 4264 enim,
2964 4199 3060 4264 ait,
3103 4197 3269 4251 Deum
3304 4196 3452 4254 mali.

1879 4290 2024 4360 quod
2063 4292 2281 4346 locutus
2319 4291 2496 4346 fuerat
2522 4292 2548 4331 κ
2577 4333 2590 4350 ,
2639 4311 2658 4342 ›
2688 4292 2794 4346 hoc
2814 4299 2918 4356 est,
2947 4290 3219 4367 minarum
3250 4287 3452 4340 malum

1879 4381 2220 4438 adferentium
2255 4402 2270 4438 :
2303 4385 2550 4437 malum‘
2609 4383 2756 4436 enim
2819 4382 2891 4436 ibi
2967 4382 3134 4436 etiam
3187 4379 3448 4448 supplicii

1809 4485 1852 4540 ι)
1885 4473 2062 4530 minas
2085 4473 2244 4529 dixit.
2275 4473 2430 4540 Quod
2456 4483 2584 4528 Vero
2613 4474 2752 4537 luuc,
2777 4473 2976 4543 inquit,
3009 4473 3084 4525 ita
3115 4487 3171 4526 se
3195 4470 3450 4530 habeant,

1874 4567 2130 4636 quodque
2162 4567 2278 4622 fieri
2311 4581 2419 4620 non
2454 4567 2648 4636 possit,
2686 4575 2745 4619 ιιι
2782 4565 2890 4620 Deo
2931 4564 3152 4619 nolente
3202 4563 3268 4616 de
3317 4577 3476 4630 quo-.

1872 4659 2017 4726 piam
2059 4657 2387 4728 supplicium
2427 4665 2701 4721 sumatur,
2735 4656 2934 4712 discite
2973 4669 3037 4710 ex
3071 4655 3238 4708 rebus
3288 4654 3446 4722 ipsis.

1873 4749 1978 4804 Per
2009 4751 2300 4820 prophetas
2339 4750 2484 4805 enim
2525 4749 2772 4820 praedicit
2813 4763 2934 4818 qua:
2968 4747 3108 4800 mala
3151 4748 3454 4816 peccator}-

1877 4839 1978 4895 bus
2007 4841 2270 4895 illaturus
2297 4840 2368 4894 sit

1955 5022 2114 5077 Vnus.
2151 5022 2278 5086 7,8.
2325 5040 2342 5070 ι
2393 5019 2530 5083 Quia
2596 5033 2702 5070 non
2752 5017 2913 5072 faciet
2979 5009 3248 5071 Dominus
3309 5017 3450 5071 θειιις

1881 5115 2111 5184 aliquid,
2136 5114 2240 5166 nisi
2280 5111 2606 5168 revelaverit
2645 5111 3048 5179 correptionem
3091 5127 3245 5165 suam
3275 5115 3449 5164 εισιινιη.

1883 5212 2000 5264 suis
2025 5209 2328 5280 prophetis.
2364 5205 2474 5261 Leo
2497 5206 2698 5276 rugiet,
2739 5213 2792 5260 et
2819 5205 2947 5275 quis
2991 5221 3100 5258 non
3147 5206 3394 5258 timebit?
3428 5227 3443 5252 ι

1885 5303 1996 5358 lloc
2025 5304 2212 5372 itaque
2253 5315 2360 5353 non
2391 5299 2729 5369 ignorantes,
2771 5307 3032 5368 tanquam
3061 5313 3218 5352 veras
3249 5295 3447 5346 admit-

1507 5537 1742 5593 VAlll/E
1779 5539 2118 5596 LECTIONE
2135 5541 2189 5597 S.

282 5661 325 5693 ³⁷
360 5662 456 5712 ἁκ.
493 5660 532 5710 Λ
564 5659 780 5718 κακίας.
843 5657 884 5687 ³⁸
916 5657 954 5708 C
993 5655 1263 5728 στρατεία.

185 5730 532 5787 ;ιι1ι1.αὖτο·ἓ.
605 5730 644 5759 ’⁸⁸
720 5729 758 5780 (Σ
797 5729 916 5779 τινί.

1346 5659 1388 5690 ³⁸
1421 5658 1494 5710 ltzt
1533 5657 1593 5718 (Ξ,
1621 5660 1766 5725 quod
1800 5663 1942 5728 vulg.
1973 5661 2196 5724 ἑαυτούς
2230 5668 2588 5732 prtetulimus.
2645 5667 2773 5718 lini?
2842 5664 3076 5715 Parnm.
