3904 6202
469 337 610 400 11583

1500 323 1995 418 ΤΗΕΟΒΟΒΕΤΙ
2020 321 2360 382 EPISCOPI
2388 320 2754 382 CYRENSIS

3557 322 3664 392 ιδιι

465 449 586 500 deni
636 445 690 500 in
743 445 892 500 viros
928 449 1162 507 vestros,
1207 438 1262 494 in
1303 453 1399 494 vos
1437 454 1564 495 vero
1603 437 1834 494 libidine
1883 435 2049 491 arde-

2152 448 2294 496 τινος
2347 432 2544 502 φλογὸς
2593 449 2665 484 πυ
2679 429 2874 503 ρπολού
2887 446 3067 505 μενοι,
3108 427 3257 502 θυμῷ
3297 428 3386 500 μὲν
3429 429 3552 484 κατὰ
3579 431 3666 485 τῶν

467 543 625 604 bunt,
658 535 805 591 omni
841 533 1046 587 amicm
1101 529 1410 586 denudatos
1439 529 1590 585 viros
1619 529 1784 584 simul
1817 542 1881 582 ac
1934 542 2054 580 mu-

467 630 628 684 lieres
659 627 969 698 abigentcs,
995 633 1048 678 et
1079 623 1132 677 in
1166 621 1445 677 Harmana
1501 627 1742 677 niontem
1780 619 2056 675 abducene

467 733 570 777 tes.
611 717 982 790 Symmachus
1019 725 1204 772 autem
1230 715 1511 770 Harmana
1531 715 1691 770 vertit
1726 714 2052 778 Armeniam,

468 811 802 875 Theodotio,
859 809 1126 864 excelsum.
1186 819 1433 877 montem.
1483 807 1616 874 Illud
1661 822 1810 872 vero,
1843 803 2055 858 Juravit

467 904 731 958 Dominus
771 919 864 971 per
897 911 1112 958 sanctos
1145 916 1304 964 suos,
1338 897 1700 970 Symmachus
1731 914 1824 971 per
1857 896 2056 962 sancti-

469 1004 632 1050 tatem
703 1011 854 1061 suam
913 993 1120 1062 posuit.
1177 991 1348 1046 Dictis
1405 989 1589 1044 autem
1663 987 2054 1061 jusjurandum

470 1088 790 1160 praeposuit,
828 1095 886 1142 ut
916 1103 1102 1142 veram
1139 1101 1262 1142 esse
1302 1084 1648 1155 prephetiam
1677 1083 2054 1138 Confirmaret.

471 1181 546 1251 (4)
582 1177 706 1233 ιιιιεε
732 1194 884 1242 vero,
923 1177 1122 1248 inquit,
1163 1176 1530 1242 sustinebitis,
1582 1183 1876 1244 propterea
1907 1171 2054 1244 quod

469 1275 525 1328 in
577 1273 763 1328 Bethel
797 1280 851 1326 et
883 1273 936 1325 in
969 1271 1214 1342 Galgalis
1256 1268 1588 1338 impietatem
1621 1265 1946 1331 admisistis,
2003 1271 2057 1320 et

465 1363 638 1432 trium
664 1363 878 1418 dierum
905 1363 1040 1415 l'csta
1079 1363 1130 1413 in
1180 1361 1440 1414 honorem
1473 1356 1744 1412 idolorum
1780 1355 2059 1412 celebrare

469 1457 614 1520 ausi,
666 1463 720 1510 et
768 1469 908 1532 quas
960 1454 1202 1507 decimas
1259 1451 1439 1506 aiierri
1487 1450 1626 1506 meis
1674 1448 2058 1504 sacerdotibus

470 1547 756 1614 constitui,
807 1563 901 1602 eas
935 1545 1234 1616 impietatis
1289 1543 1556 1599 ministris
1627 1541 1944 1606 aii'erentes,
2005 1549 2059 1596 et

472 1639 680 1696 l'mdera
723 1639 972 1711 quaedam
1003 1639 1398 1712 pactionesque
1425 1653 1549 1698 cum
1581 1635 1747 1692 idolis
1775 1636 2054 1700 ineuntes,

472 1741 531 1801 ut
581 1747 770 1788 eorum
829 1732 974 1812 leges
1034 1731 1422 1811 sequeremini.
1461 1729 1575 1798 Hoc
1605 1731 1750 1784 enim
1773 1728 2057 1800 indicavit,

475 1839 603 1878 cum
640 1823 817 1880 dixit:

541 2093 711 2150 Vens.
745 2093 798 2148 5.
840 2113 858 2146 ι
897 2093 1172 2166 Legcrunt
1197 2090 1332 2148 foris
1359 2093 1554 2162 legem,
1581 2099 1636 2147 et
1663 2091 2058 2146 invocaverunt

469 2185 898 2258 professionem.
937 2205 956 2236 ι
987 2183 1171 2255 Legem
1199 2197 1307 2238 non
1331 2182 1574 2239 divinam
1608 2196 1837 2243 vocans,
1861 2181 1953 2235 sed
1987 2179 2056 2232 ab

470 2279 580 2345 liis,
631 2277 723 2348 qui
765 2276 926 2332 idolis
957 2275 1172 2352 1426
1202 2273 1540 2336 serviebant,
1584 2273 1917 2344 impositam.
1955 2270 2056 2326 De-

471 2368 600 2425 inde
661 2368 940 2448 propheta:
987 2368 1252 2438 praecipit,
1286 2373 1344 2422 ut
1379 2366 1572 2420 dicat:
1623 2383 1642 2416 ι
1696 2363 2050 2428 Annuntiate,

469 2459 602 2530 quia
646 2461 762 2515 hare
796 2460 1109 2531 dilexerunt
1162 2458 1258 2513 ﬁlii
1311 2455 1550 2523 Israelis,
1603 2455 1738 2512 dicit
1788 2449 2054 2510 Dominus

469 2541 639 2608 Deus.
667 2571 686 2605 ι
745 2549 865 2606 Non
907 2552 1052 2606 enim
1083 2551 1264 2606 obiter
1301 2549 1459 2606 talem
1498 2549 1834 2618 impietatem
1897 2563 2052 2603 com-

471 2645 765 2711 miserunt,
822 2642 918 2699 sed
949 2643 1164 2700 ardenti
1196 2642 1381 2699 studio
1414 2652 1468 2697 et
1499 2641 1695 2696 aii'cctu
1726 2641 1780 2694 in
1816 2642 1919 2695 ista
1976 2639 2051 2694 fe-

467 2735 754 2792 rebantur.

539 2826 708 2890 Yens.
743 2826 795 2884 6.
839 2845 858 2880 ι
899 2828 962 2881 Et
993 2835 1096 2898 ego
1122 2825 1266 2881 dabo
1288 2826 1448 2882 vobis
1482 2834 1766 2898 stuporem
1797 2825 2047 2881 dentium

469 2919 526 2974 in
560 2920 782 2975 cunctis
833 2919 1067 2981 urbibus
1100 2917 1326 2983 vestris,
1363 2924 1418 2971 et
1447 2916 1808 2987 indigentiam
1846 2931 2048 2986 panum

470 3013 524 3066 in
578 3012 840 3079 omnibus
873 3013 1012 3066 locis
1047 3011 1265 3076 vestris,
1313 3019 1370 3066 et
1401 3025 1510 3065 non
1549 3010 1686 3066 estis
1735 3009 1940 3064 reversi
1981 3007 2050 3064 ad

2159 523 2449 604 ὑμετέρων
2478 522 2716 602 ἀνδρῶν,
2749 521 2976 594 λαγνείᾳ
3005 521 3058 574 δὲ
3088 520 3206 582 καθ’
3239 521 3382 591 ὑμῶν
3403 521 3665 594 χρήσονται,

2159 614 2344 686 πάσης
2371 615 2667 685 περιϐολῆς
2703 615 3102 686 ἐστερημένους
3130 612 3322 684 ἄνδρας
3347 615 3432 667 καὶ
3454 617 3668 688 γυναῖκας

2158 706 2301 759 κατὰ
2334 707 2532 761 ταύτὸν
2563 705 2808 775 ἄγοντες,
2843 707 2938 760 καὶ
2969 709 3048 768 εἰς
3097 704 3155 758 τὸ
3197 705 3248 758 ’Δ
3266 705 3433 777 ρμανὰ
3460 705 3566 777 ὅρος
3594 709 3670 761 ἀπ-

2159 799 2408 869 άγοντες.
2448 799 2506 850 Ὀ
2544 799 2600 853 δὲ
2630 799 2927 870 Σύμμαχος
2947 798 3007 850 τὸ
3039 797 3308 866 Ἀρμανὰ,
3348 799 3668 868 Ἀρμει-,ἀνιι

2161 893 2515 964 ἡρμήνευσεν
2537 911 2548 922 ·
2584 895 2612 945 6
2645 892 2702 946 δὲ
2749 891 3042 948 Θεοδοτίων
3077 891 3318 960 ὑψηλὸν
3354 891 3493 960 ὄρος.
3525 895 3586 948 Τὸ
3609 895 3670 958 δὲ.

2162 983 2384 1047 "Quove
2415 985 2630 1051 Κύριος
2660 984 2812 1037 κατὰ
2838 981 2957 1036 τῶν
2989 982 3173 1054 ἁγίων
3196 983 3396 1046 αὐτοῦ,
3426 985 3450 1036 ὁ
3489 984 3671 1057 Σύμμα-

2158 1093 2250 1144 χος
2303 1077 2448 1140 κατὰ
2483 1074 2587 1144 τῆς
2635 1075 2976 1144 ἁγιωσύνης
3019 1073 3209 1130 αὑτοῦ
3257 1073 3472 1128 τέθεικε·
3512 1078 3596 1130 Τὸν
3629 1080 3672 1138 δὲ

2158 1167 2319 1238 ὅρκον
2345 1165 2454 1220 τῶν
2493 1167 2797 1240 εἰρημένων
2831 1165 3204 1238 προτὲθεικεν,
3245 1166 3440 1238 ἀψευδῆ
3464 1168 3548 1240 τὴν
3573 1189 3672 1243 προς

2159 1259 2388 1331 φητείαν
2435 1259 2666 1324 δεικνύς.
2715 1259 3069 1331 Ὑπομενεῖτε
3115 1259 3194 1324 δὲ,
3232 1261 3382 1331 φησι,
3423 1261 3590 1328 ταῦτα,
3617 1264 3672 1329 ὡς

2159 1352 2254 1406 καὶ
2277 1353 2334 1405 ἐν
2365 1352 2588 1424 Βαιθὴλ,
2619 1353 2711 1407 καὶ
2740 1355 2797 1406 ἐν
2831 1351 3158 1422 Γαλγάλοις,
3197 1355 3260 1424 τῇ
3291 1352 3554 1426 δυσσεϐείᾳ
3573 1372 3673 1427 χρη.

2161 1445 2406 1516 σάμενοι,
2437 1447 2532 1500 καὶ
2572 1447 2910 1518 τριημέρους
2946 1445 3144 1520 ἑορτὰς
3181 1449 3290 1512 τοῖς
3327 1447 3542 1512 εἰδώλοις
3567 1466 3672 1504 παν-

2159 1538 2445 1611 ηγυρίζειν
2470 1539 2892 1611 τετολμηκότες,
2940 1540 3036 1595 καὶ
3064 1539 3166 1604 τὰς
3197 1540 3287 1593 ὑπ’
3335 1539 3460 1609 ἐμοῦ
3489 1557 3672 1612 προστε-

2159 1632 2437 1703 ταγμένας
2483 1631 2717 1696 δεκάτας
2747 1633 2860 1696 τοῖς
2902 1633 3059 1703 ἐμοῖς
3092 1630 3300 1703 ἱερεῦσι
3332 1633 3673 1704 προσφέρεσθαι

2159 1727 2271 1792 τοῖς
2315 1724 2416 1796 τῆς
2468 1725 2723 1788 ἀσεϐείας
2773 1725 3070 1796 ὑπουργοῖς
3119 1725 3574 1798 προσενεγκόντες,
3605 1725 3672 1779 καὶ

2121 1815 2130 1852 θ
2157 1815 2447 1888 ὁμολογίας
2475 1817 2626 1882 τινὰς
2649 1817 2747 1871 καλ⁵
2760 1817 3032 1890 συνθήκας
3056 1818 3196 1888 πρὸς
3217 1817 3288 1871 τὰ
3303 1816 3482 1872 εἴδωλα
3497 1835 3674 1888 πεποιη.

2159 1909 2340 1977 κότες,
2382 1909 2460 1972 ὡς
2496 1911 2610 1975 τοῖς
2636 1909 2866 1975 ἐκείνων
2901 1910 3087 1982 νόμοις
3123 1909 3520 1980 ἀκολουθήσετε.
3547 1908 3674 1967 Τοῦτο

2157 2001 2266 2076 γᾴρ
2302 2000 2592 2074 ἐδήλωσεν,
2625 2002 2865 2074 εἰρηκώς
2879 2019 2895 2034 ·

2229 2101 2290 2162 ε’,
2331 2115 2349 2146 ι
2401 2096 2744 2164 Ἀνέγνωσαν
2797 2095 2903 2161 ἔξω
2941 2096 3126 2166 νόμον,
3198 2095 3292 2149 καὶ
3342 2095 3677 2150 ἐπεκαλέσαντο

2156 2189 2445 2260 ὁμολογίαν
2469 2189 2536 2244 ⁸³.
2570 2208 2587 2240 ι
2631 2189 2834 2260 Νόμων
2869 2191 2929 2242 οὐ
2960 2189 3052 2247 τὸν
3098 2187 3244 2248 θεῖον
3286 2186 3674 2259 προσαγορεύων,

2155 2278 2292 2332 ἀλλὰ
2321 2280 2412 2334 τὸν
2451 2279 2556 2342 ὑπὸ
2589 2279 2697 2334 τῶν
2725 2280 2796 2334 τὰ
2828 2279 3025 2340 εἴδωλα
3047 2279 3457 2351 θεραπευόντων
3479 2278 3675 2337 τεθέντα,

2153 2366 2288 2424 Εἶτα
2326 2369 2503 2441 λέγειν
2519 2372 2564 2404 ⁸³
2602 2373 2680 2444 τῷ
2709 2373 2962 2444 προφήτῃ
3014 2371 3468 2444 παρακελεύεται,
3495 2369 3666 2438 λέγων’

2161 2481 2180 2513 ι
2203 2462 2600 2532 Ἀπαγγείλατε
2629 2465 2712 2517 ὅτι
2736 2463 2911 2518 ταῦτα
2945 2463 3246 2535 ἠγάπησαν
3271 2463 3321 2516 οἱ
3348 2463 3448 2516 υἱοὶ
3491 2460 3676 2532 Ἰσραὴλ..

2153 2553 2300 2624 λέγει
2348 2554 2553 2626 Κύριος
2597 2557 2625 2609 6
2660 2555 2792 2620 Θεός
2818 2556 2884 2610 ⁵⁸.
2916 2575 2934 2608 ι
2967 2556 3040 2610 οὐ
3081 2555 3198 2628 γὰρ
3244 2557 3302 2608 ὲν
3335 2555 3570 2627 παρέργῳ
3604 2552 3678 2622 τὴν

2151 2649 2408 2720 τοιαύτην
2444 2649 2688 2720 ἐτόλμων
2743 2647 3023 2714 ἁσέὅειαν,
3076 2647 3220 2702 ἀλλὰ
3279 2647 3502 2702 διαθέσει
3543 2647 3676 2718 θερμῇ

2153 2739 2246 2794 καὶ
2275 2743 2475 2812 στοργῇ
2509 2739 2636 2812 περὶ
2672 2743 2812 2795 αὐτὰ
2849 2741 3213 2813 κεχρημένοι.

2225 2838 2298 2897 ς’.
2351 2851 2367 2882 ι
2396 2833 2504 2886 Καὶ
2529 2833 2640 2902 ἐγὼ
2669 2832 2826 2886 δώσω
2875 2835 3009 2904 ὑμῖν
3040 2835 3394 2904 γομφιασμὺν
3425 2833 3618 2886 ὀδόντων
3635 2834 3677 2884 ἐν

2153 2921 2354 2988 πάσαις
2390 2927 2508 2988 ταῖς
2559 2924 2780 2978 πόλεσιν
2824 2925 2999 2997 ὑμῶν,
3043 2927 3141 2992 καὶ
3193 2925 3398 2980 ἔνδειαν
3451 2925 3602 2996 ἄρτων
3637 2925 3678 2976 ὲν

2152 3019 2286 3075 πᾶσι
2317 3021 2428 3082 τοῖς
2460 3019 2648 3083 τόποις
2676 3019 2854 3091 ὑμῶν,
2905 3021 3002 3075 καὶ
3047 3022 3156 3082 οὐκ
3188 3019 3540 3090 ἐπεστρέψατε
3576 3017 3678 3088 πρός

469 3120 578 3166 me,
619 3103 754 3159 dicit
780 3102 1066 3190 Dominus.
1109 3123 1128 3156 ι
1173 3101 1456 3172 Stuporem
1505 3101 1740 3161 dentium
1795 3100 2047 3174 Syrunm-

2157 3131 2245 3185 με,
2285 3113 2433 3182 λέγει
2455 3113 2681 3185 Κύριος.
2720 3131 2738 3164 ι
2785 3113 2896 3168 Τὸν
2921 3114 2978 3168 δὲ
3004 3113 3391 3185 τομςριασμὸν
3415 3111 3679 3182 όδδΣύμμσ·

469 3195 610 3248 chus
678 3201 732 3248 et
776 3179 1082 3248 Theodotio
1133 3190 1458 3266 munditiam
1500 3190 1850 3262 interpretati
1895 3198 2045 3244 sunt.

470 3281 756 3356 Signiﬁcat
795 3300 928 3339 vero
996 3283 1192 3339 famem
1251 3304 1262 3338 :
1326 3298 1521 3338 eorum
1573 3283 1723 3338 enim
1763 3283 1858 3354 qui
1915 3283 2050 3337 nihil

468 3379 708 3442 cdunt,‘
765 3379 946 3435 nullas
977 3377 1242 3450 reliquias
1285 3377 1400 3433 cibi
1443 3378 1636 3436 dentes
1686 3377 1892 3435 habent
1947 3378 2052 3437 sibi

469 3471 828 3536 inhaerentes.
905 3470 1097 3543 Itaque
1171 3479 1295 3530 eum
1348 3472 1524 3530 fames
1583 3478 1638 3530 et
1701 3472 1888 3542 inopia
1954 3487 2052 3526 vos

470 3565 970 3634 comprehenderit,
1025 3569 1286 3638 quoniam
1315 3567 1388 3623 ob
1421 3569 1698 3624 bonorum
1732 3565 1946 3636 copiam
1995 3565 2050 3618 in

471 3655 782 3725 largitorem
813 3657 1084 3713 donorum
1144 3658 1470 3727 insultastis,
1521 3659 1712 3713 dentes
1741 3657 1905 3723 etiam
1961 3672 2054 3710 ve-

469 3746 570 3800 stri
603 3756 880 3818 stuporem
915 3747 1311 3820 perpetientur,
1348 3765 1456 3804 non
1481 3749 1721 3820 amplius
1759 3746 1884 3802 cibo
1905 3745 2052 3809 vesci

470 3840 742 3907 valentes,
775 3840 868 3896 sed
897 3841 1108 3906 similes
1161 3841 1292 3897 iacti
1327 3841 1416 3904 his
1447 3856 1586 3913 quos
1615 3839 1710 3907 aut
1748 3852 1852 3895 uva
1897 3853 2052 3892 acer-

470 3933 540 3990 ba
579 3939 673 3991 aut
709 3933 857 3990 aliud
885 3934 1168 4006 quidpiam
1205 3935 1489 3989 austerius
1539 3929 1954 4003 perstrinxerit,
1997 3937 2052 3984 ct

471 4023 656 4079 cibum
701 4023 975 4080 coniicere
1028 4032 1331 4094 nequeunt.
1392 4024 1467 4092 (7,
1525 4021 1606 4093 8.)
1651 4021 1723 4084 At
1769 4036 1890 4084 vos,
1947 4021 2052 4077 hac

469 4115 640 4178 etiam
666 4117 826 4174 vobis
847 4115 1093 4178 adhibita
1125 4115 1496 4181 correctione,
1526 4115 1584 4169 in
1611 4113 1862 4186 pristinis
1891 4115 2050 4174 malis

472 4209 826 4280 permanetis.
857 4208 1248 4265 Verumtamen
1295 4223 1366 4262 ne
1415 4207 1498 4262 sic
1539 4205 1761 4277 quidem
1787 4205 2050 4276 desistam

469 4317 668 4363 curare
707 4317 808 4368 vos
839 4320 854 4356 :
893 4301 1025 4372 quin
1058 4301 1292 4356 alteram
1327 4297 1484 4353 vobis
1551 4297 1810 4353 inducam
1861 4312 2051 4354 corre-

469 4397 730 4466 ctionem,
779 4393 1155 4454 etserotinam
1185 4389 1442 4446 inhibens
1479 4389 1717 4462 pluviam
1775 4387 1856 4462 (id
1903 4389 2048 4444 enim

471 4485 766 4557 signiﬁcat,
797 4499 922 4538 cum
963 4481 1120 4546 dicit,
1144 4482 1311 4544 tribus
1339 4482 1602 4536 mensibus
1627 4491 1750 4536 ante
1782 4480 2048 4550 messem),
2083 4474 2126 4531 D

471 4589 674 4645 terram
709 4573 952 4635 sterilem
987 4573 1228 4628 reddam.
1265 4573 1402 4639 Tum
1433 4573 1700 4629 exhibens
1728 4573 2041 4630 misericor.

469 4667 639 4728 diam,
690 4661 1106 4732 ostendensque
1136 4678 1244 4717 non
1277 4678 1410 4717 casu
1443 4663 1558 4717 hmc
1595 4663 1735 4726 ﬁeri,
1767 4662 1861 4719 sed
1909 4672 2047 4718 nutu

471 4770 614 4818 meo,
651 4754 778 4810 huic
811 4753 1032 4824 quidem
1061 4753 1182 4822 urbi
1213 4755 1451 4830 pluviam
1478 4753 1642 4822 dabo,
1667 4754 1745 4808 illi
1768 4769 1899 4810 vero
1931 4755 2051 4809 irri-

469 4846 745 4914 gationem
801 4845 1039 4908 similem
1085 4861 1194 4901 non
1231 4847 1562 4918 impertiar:
1606 4850 1679 4905 ita
1713 4857 1772 4904 ut
1802 4849 1919 4904 hmo
1949 4857 2047 4906 ter-

470 4953 531 4992 ra
578 4953 807 5010 prorsus
869 4947 1177 5006 exarescat,
1230 4939 1322 4993 illa
1383 4954 1516 4994 vero
1563 4941 1817 5010 privatim
1864 4943 2046 5012 pluvia

469 5032 708 5098 madeat.
735 5033 908 5091 Tanta
943 5032 1155 5105 1427
1200 5041 1382 5093 autem
1423 5035 1528 5089 erit
1559 5051 1824 5110 aquarum
1873 5053 2046 5108 penu—

469 5126 574 5189 ria,
611 5133 669 5180 ut
703 5125 823 5180 duae
859 5133 1082 5196 tresque
1113 5125 1280 5182 urbes
1302 5126 1506 5196 pariter
1529 5127 1597 5182 ad
1627 5127 1816 5182 urbem
1847 5129 2049 5186 haben-

469 5220 576 5282 tem
628 5229 826 5285 aquam
857 5223 1214 5280 concurrant,
1248 5224 1436 5284 potum
1475 5224 1815 5286 expetentes,
1868 5235 2049 5290 neque

471 5303 576 5360 hoc
621 5307 781 5360 modo
803 5305 870 5360 ad
895 5305 1243 5362 saturitatem
1279 5307 1402 5362 sitis
1439 5307 1837 5379 restinguatur.
1871 5309 1939 5364 Et
1967 5321 2048 5365 ta-

469 5411 596 5458 men
619 5398 701 5455 sic
723 5399 888 5456 etiam
931 5399 1169 5469 pergetis
1195 5399 1486 5454 insanabili
1518 5401 1710 5458 morbo
1747 5403 2040 5461 laborare:

2151 3220 2245 3272 χος
2275 3203 2366 3256 καὶ
2397 3205 2423 3256 6
2449 3201 2742 3262 Θεοδοτίων
2781 3205 3164 3274 καθαρισμὸν
3201 3203 3583 3275 ἡρμηνεύκασιο
3613 3199 3679 3268 δη-

2151 3295 2234 3349 λοῖ
2259 3295 2316 3350 δὲ
2357 3297 2446 3350 τὸν
2472 3295 2649 3367 λιμόν.
2678 3295 2802 3350 Τῶν
2847 3295 2956 3368 γὰρ
2984 3296 3260 3368 μηδαμῶς
3287 3296 3556 3350 ἐσθιόντων
3591 3291 3680 3346 οὐδὲ

2091 3433 2098 3440 .
2153 3387 2402 3458 λείψανον
2445 3389 2498 3442 οἱ
2554 3387 2766 3452 ὀδόντες
2813 3389 2874 3442 ὲν
2917 3388 3105 3453 αὐτοῖς
3151 3390 3361 3462 τροφῆς
3393 3388 3680 3460 ἐνισχόμενον

2089 3543 2092 3546 ,
2153 3479 2355 3550 ἔχουσι.
2391 3477 2496 3532 Τοῦ
2534 3477 2694 3544 λιμοῦ
2731 3479 2915 3533 τοίνυν
2955 3481 3051 3538 καὶ
3090 3481 3198 3552 τῆς
3241 3481 3444 3546 ἐνδείας
3496 3477 3678 3535 καταλα-

2155 3571 2355 3643 ϐούσης
2386 3573 2550 3642 ὑμᾶς,
2589 3571 2778 3644 ἐπειδὴ
2803 3571 2890 3628 διὰ
2933 3571 3030 3644 τὴν
3057 3571 3172 3627 τῶν
3217 3572 3434 3642 ἀγαθῶν
3475 3571 3679 3641 ἀφθονίαν

2153 3663 2297 3718 κατὰ
2325 3663 2418 3716 τοῦ
2444 3661 2680 3734 χορηγοῦ
2709 3661 2817 3716 τῶν
2849 3661 3071 3734 δωρεῶν
3113 3664 3498 3738 ἐσκιρτήσατε,
3535 3661 3612 3714 καὶ
3644 3657 3680 3711 οἱ

2152 3755 2362 3818 ὀδόντες
2396 3756 2551 3826 ὑμῶν
2577 3755 2926 3826 γομφιασμὺν
2957 3757 3350 3827 ὑπομενοῦσιν,
3388 3754 3553 3810 οὐκέτι
3583 3768 3677 3824 vpe-

2153 3847 2260 3918 φῆς
2290 3847 2584 3906 ἀπολαύειν
2615 3847 2922 3918 δυνάμενοι,
2953 3849 3069 3902 ἀλλ’
3094 3851 3340 3914 ἐοικότες
3369 3852 3472 3914 τοῖς
3493 3845 3679 3916 61:66p-

2153 3953 2346 4006 τθακοςν
2380 3939 2414 4008 ἦ
2438 3955 2584 4003 τινος
2613 3938 2722 3993 τῶν
2755 3941 3100 4012 στυφοτέρων
3127 3941 3533 4012 πληττομένοις,
3551 3937 3625 3991 καὶ
3643 3935 3678 3966 ⁸⁸

2151 4030 2359 4100 τροφὴν
2381 4029 2668 4085 λεπτύνειν
2703 4033 2762 4085 ού
2800 4032 3146 4102 δυναμένοις.
3189 4035 3354 4088 Ἀλλὰ
3392 4036 3479 4096 καὶ
3520 4030 3678 4098 ταύτης

2155 4120 2284 4192 ὑμῖν
2325 4121 2426 4192 τῆς
2457 4123 2706 4188 παιδείας
2745 4127 3098 4198 ἐπειγομένης
3123 4131 3241 4192 τοῖς
3287 4129 3556 4200 προτέροις
3589 4126 3678 4176 inn-

2156 4215 2370 4285 μενεῖτε
2393 4217 2604 4279 κακοῖς.
2645 4217 2921 4272 ’Λλλόύδὲ
2952 4219 3126 4283 οὕτως
3153 4219 3258 4291 τῆς
3291 4220 3545 4291 ὑμετέρας
3571 4212 3678 4268 παύ-

2156 4322 2319 4374 σομαι
2352 4305 2650 4377 θεραπείας
2681 4323 2694 4338 °
2731 4307 2828 4362 καὶ
2857 4309 3052 4380 ἑτέραν
3089 4309 3200 4382 γὰρ
3243 4310 3370 4380 ὑμῖν
3397 4309 3564 4374 ἐπάξω
3587 4321 3680 4358 παι·

2153 4397 2320 4462 δείαν,
2377 4399 2472 4456 καὶ
2521 4398 2614 4451 τὸν
2667 4399 2862 4470 ὄψιμον
2901 4400 3148 4472 ἐπισχὼν
3201 4403 3358 4456 ὑετὸν
3407 4400 3564 4474 (τοῦτο
3600 4394 3680 4464 γὰρ

2156 4485 2298 4558 εἷπε)
2345 4489 2466 4556 Πρὸ
2499 4488 2676 4556 τριῶν
2701 4490 2916 4559 μηνῶν
2948 4492 3058 4546 τοῦ
3095 4493 3434 4562 θερισμοῦ),
3473 4487 3682 4560 ἀκαρπίᾳ

2156 4579 2464 4650 παραδώσω
2503 4581 2602 4652 τὴν
2632 4582 2756 4652 γῆν.
2787 4583 3176 4657 Φιλανθρωπίᾳ
3205 4585 3264 4638 δὲ
3296 4584 3578 4656 χρώμενος.
3611 4578 3680 4632 καὶ

2155 4669 2386 4734 δεικνὺς,
2420 4671 2496 4736 ὡς
2521 4671 2621 4725 οὐκ
2657 4673 2766 4727 ἀπὸ
2815 4676 3158 4746 ταυτομάτου
3206 4677 3378 4730 ταῦτα
3422 4672 3680 4744 συμὸαίνεε.

2155 4761 2272 4815 ἀλλ’
2305 4762 2440 4833 ἐμοῦ
2468 4765 2714 4830 νεύοντος
2735 4767 2966 4836 γίνεται,
2991 4769 3164 4842 ταύτῃ
3191 4771 3292 4839 μὲν
3320 4773 3386 4840 τῇ
3410 4769 3549 4822 πόλει
3574 4781 3680 4832 mir.

2155 4853 2259 4919 ἐξω
2285 4853 2374 4906 τὸν
2418 4855 2593 4918 ὑετὸν,
2643 4857 2826 4928 ἐκείνῃ
2861 4858 2917 4911 δὲ
2957 4860 3056 4930 τῆς
3094 4861 3356 4929 τοιαύτης
3396 4859 3595 4928 ἀρδείας
3633 4858 3678 4906 0‘3

2159 4944 2476 5014 μεταδώσω,
2518 4947 2592 5010 ὡς
2631 4947 2730 5018 τὴν
2781 4949 2880 5018 μὲν
2914 4951 3193 5014 παντελῶς
3223 4953 3556 5022 διαυανθῆναι
3583 4945 3676 5016 γῆνι

2153 5035 2250 5110 τὴν
2279 5036 2335 5089 δὲ
2387 5037 2626 5107 μερικῶς
2691 5039 2942 5110 ὑσθῆναι.
2973 5043 3208 5114 Τοιαύτη
3251 5045 3307 5098 δὲ
3343 5045 3484 5097 ἔσται
3527 5039 3678 5096 σπάνις

2155 5127 2384 5193 ὑδάτων,
2416 5127 2491 5191 ὡς
2526 5129 2622 5191 δύο
2664 5131 2759 5184 καὶ
2789 5135 2938 5202 τρεῖς
2967 5133 3150 5199 πόλεις
3184 5136 3329 5189 κατὰ
3379 5135 3558 5188 ταύτὸν
3583 5127 3678 5198 τρέ-

2152 5237 2268 5290 χειν
2293 5220 2371 5283 εἰς
2417 5219 2515 5290 τὴν
2543 5221 2772 5292 ἔχουσαν
2799 5225 2954 5280 πόλιν
2989 5226 3148 5298 ὕδωρ,
3190 5229 3398 5291 πόσεως
3433 5222 3680 5295 ἐφιεμένας

2155 5311 2251 5364 καὶ
2283 5311 2416 5381 μηδὲ
2440 5312 2582 5364 οὕτω
2611 5313 2760 5384 κόρῳ
2783 5315 3108 5388 θεραπεύειν
3133 5319 3197 5372 τὸ
3226 5319 3395 5388 δίψος.
3415 5316 3540 5371 Ἀλλ’
3560 5315 3679 5383 ὅμως

2152 5404 2241 5456 ἐπι
2252 5407 2461 5472 μενεῖτε
2489 5407 2584 5461 καὶ
2611 5405 2754 5476 οὕτω
2780 5408 3064 5474 νοσοῦντες
3099 5412 3393 5482 ἀνήκεστα,
3433 5408 3516 5462 καὶ
3540 5403 3678 5458 ταῦτα

1743 5563 1980 5619 VARI/1'1
2023 5565 2428 5629 LECTIONES.

574 5717 616 5746 ⁴¹¹
652 5714 758 5769 Alii
819 5716 1139 5786 Ἐρμηνίαν.
1245 5717 1290 5751 ⁸⁸
1321 5717 1364 5769 Α
1399 5715 1708 5785 ὁμολογίας.

471 5784 636 5852 etiam
663 5784 1047 5867 Aquila,_jux‘ta
1080 5786 1269 5843 Monii.
1307 5789 1360 5844 in
1393 5784 1620 5870 llexapl.
1651 5791 1716 5843 ad
1751 5791 1802 5845 h.
1841 5793 1873 5846 i.

1791 5722 1836 5754 ⁸³
1877 5723 1990 5789 λέγ.
2026 5726 2143 5780 Des.
2191 5727 2241 5780 in
2284 5728 2346 5782 (Σ.

2445 5731 2492 5761 ⁸⁵
2528 5731 2556 5784 6
2595 5729 2747 5804 ῥεός.
2771 5732 2832 5804 λΑ
2861 5729 3105 5804 Κύριος.
3184 5731 3229 5762 τ⁶
3255 5731 3284 5784 6
3312 5760 3378 5770 -—
3401 5725 3536 5794 Θεοδ.
3583 5721 3675 5788 Ima

1955 5797 1998 5828 ⁵⁵³
2026 5798 2117 5850 καὶ
2143 5827 2199 5836 -κ
2240 5797 2575 5873 δυναμένοις.
2610 5800 2731 5857 Des.
2768 5802 2820 5856 in
2848 5801 2908 5868 (ὲ,
