  <div class='ocr_page' id='page_1' title='image "/cluster/home/n/w/nwhite01/storage/ocr_20150623/81/mdp.39015078384339/894.png"; bbox 0 0 3904 6202; ppageno 0'>
   <div class='ocr_carea' id='block_1_1' title="bbox 307 341 450 409">
    <p class='ocr_par' dir='ltr' id='par_1_1' title="bbox 307 341 450 409">
     <span class='ocr_line' id='line_1_1' title="bbox 307 341 450 409; baseline 0.007 -1"><span class='ocrx_word' id='word_1_1' title='bbox 307 341 450 409; x_wconf 76' lang='grc' dir='ltr'><strong>Ῑ685</strong></span> 
     </span>
    </p>
   </div>
   <div class='ocr_carea' id='block_1_2' title="bbox 1645 351 2281 418">
    <p class='ocr_par' dir='ltr' id='par_1_2' title="bbox 1645 351 2281 418">
     <span class='ocr_line' id='line_1_2' title="bbox 1645 351 2281 418; baseline 0.013 -8"><span class='ocrx_word' id='word_1_2' title='bbox 1645 351 1721 410; x_wconf 73' lang='lat' dir='ltr'><strong>1N</strong></span> <span class='ocrx_word' id='word_1_3' title='bbox 1760 351 1958 412; x_wconf 76' lang='lat' dir='ltr'><strong>AMOS</strong></span> <span class='ocrx_word' id='word_1_4' title='bbox 1989 352 2146 414; x_wconf 71' lang='lat' dir='ltr'><strong>CAP.</strong></span> <span class='ocrx_word' id='word_1_5' title='bbox 2185 356 2281 418; x_wconf 80' lang='lat' dir='ltr'><strong>IV.</strong></span> 
     </span>
    </p>
   </div>
   <div class='ocr_carea' id='block_1_3' title="bbox 3453 366 3588 432">
    <p class='ocr_par' dir='ltr' id='par_1_3' title="bbox 3453 366 3588 432">
     <span class='ocr_line' id='line_1_3' title="bbox 3453 366 3588 432; baseline 0.007 -3"><span class='ocrx_word' id='word_1_6' title='bbox 3453 366 3588 432; x_wconf 76' lang='lat' dir='ltr'><strong>1C86</strong></span> 
     </span>
    </p>
   </div>
   <div class='ocr_carea' id='block_1_4' title="bbox 303 459 1896 554">
    <p class='ocr_par' dir='ltr' id='par_1_4' title="bbox 303 459 1889 536">
     <span class='ocr_line' id='line_1_4' title="bbox 303 459 1889 536; baseline 0.004 -24"><span class='ocrx_word' id='word_1_7' title='bbox 303 461 400 514; x_wconf 65' lang='grc' dir='ltr'><strong>καὶ</strong></span> <span class='ocrx_word' id='word_1_8' title='bbox 432 459 642 532; x_wconf 77' lang='grc' dir='ltr'>ἑτέροις</span> <span class='ocrx_word' id='word_1_9' title='bbox 668 460 767 532; x_wconf 84' lang='grc' dir='ltr'>ἤδη</span> <span class='ocrx_word' id='word_1_10' title='bbox 813 463 1202 533; x_wconf 73' lang='grc' dir='ltr'>περιπεσόντες</span> <span class='ocrx_word' id='word_1_11' title='bbox 1246 467 1435 529; x_wconf 81' lang='grc' dir='ltr'><strong>κακοῖς</strong></span> <span class='ocrx_word' id='word_1_12' title='bbox 1462 482 1475 495; x_wconf 83' lang='grc'><em>’</em></span> <span class='ocrx_word' id='word_1_13' title='bbox 1500 467 1610 534; x_wconf 78' lang='grc' dir='ltr'><strong>ἐγὼ</strong></span> <span class='ocrx_word' id='word_1_14' title='bbox 1639 467 1767 536; x_wconf 79' lang='grc' dir='ltr'>γὰρ,</span> <span class='ocrx_word' id='word_1_15' title='bbox 1796 466 1889 520; x_wconf 79' lang='grc' dir='ltr'>ἆτε</span> 
     </span>
    </p>
   </div>
   <div class='ocr_carea' id='block_1_5' title="bbox 2008 459 3588 554">
    <p class='ocr_par' dir='ltr' id='par_1_5' title="bbox 2008 467 3588 554">
     <span class='ocr_line' id='line_1_5' title="bbox 2008 467 3588 554; baseline 0.011 -33"><span class='ocrx_word' id='word_1_16' title='bbox 2008 467 2164 538; x_wconf 77' lang='lat' dir='ltr'><strong>dque</strong></span> <span class='ocrx_word' id='word_1_17' title='bbox 2204 486 2328 525; x_wconf 89' lang='lat' dir='ltr'><strong>cum</strong></span> <span class='ocrx_word' id='word_1_18' title='bbox 2373 473 2497 530; x_wconf 90' lang='lat' dir='ltr'><strong>aliis</strong></span> <span class='ocrx_word' id='word_1_19' title='bbox 2519 474 2635 544; x_wconf 86' lang='lat' dir='ltr'><strong>jam</strong></span> <span class='ocrx_word' id='word_1_20' title='bbox 2675 477 2860 531; x_wconf 75' lang='lat' dir='ltr'><strong>afﬂicti</strong></span> <span class='ocrx_word' id='word_1_21' title='bbox 2899 478 3114 534; x_wconf 89' lang='lat' dir='ltr'><strong>fueritis</strong></span> <span class='ocrx_word' id='word_1_22' title='bbox 3146 481 3327 536; x_wconf 83' lang='lat' dir='ltr'><strong>mal-is.</strong></span> <span class='ocrx_word' id='word_1_23' title='bbox 3367 481 3442 554; x_wconf 84' lang='lat'><strong>(9)</strong></span> <span class='ocrx_word' id='word_1_24' title='bbox 3478 484 3588 554; x_wconf 72' lang='lat' dir='ltr'><strong>Ego</strong></span> 
     </span>
    </p>
   </div>
   <div class='ocr_carea' id='block_1_6' title="bbox 303 547 1892 627">
    <p class='ocr_par' dir='ltr' id='par_1_6' title="bbox 303 547 1892 627">
     <span class='ocr_line' id='line_1_6' title="bbox 303 547 1892 627; baseline -0.018 -25"><span class='ocrx_word' id='word_1_25' title='bbox 303 548 369 618; x_wconf 76' lang='grc' dir='ltr'>δὴ</span> <span class='ocrx_word' id='word_1_26' title='bbox 401 547 592 616; x_wconf 78' lang='grc' dir='ltr'>ψυχῶν</span> <span class='ocrx_word' id='word_1_27' title='bbox 621 550 823 620; x_wconf 74' lang='grc' dir='ltr'>ἰατρὸς,</span> <span class='ocrx_word' id='word_1_28' title='bbox 866 552 958 604; x_wconf 71' lang='grc' dir='ltr'><strong>καὶ</strong></span> <span class='ocrx_word' id='word_1_29' title='bbox 989 551 1144 604; x_wconf 78' lang='grc' dir='ltr'>ἄλλον</span> <span class='ocrx_word' id='word_1_30' title='bbox 1175 553 1424 624; x_wconf 76' lang='grc' dir='ltr'>καυτῆρα</span> <span class='ocrx_word' id='word_1_31' title='bbox 1445 555 1487 586; x_wconf 74' lang='grc' dir='ltr'><strong>ατ</strong></span> <span class='ocrx_word' id='word_1_32' title='bbox 1521 559 1892 627; x_wconf 49' lang='grc' dir='ltr'>προσήνεγκα.</span> 
     </span>
    </p>
   </div>
   <div class='ocr_carea' id='block_1_7' title="bbox 303 639 1896 718">
    <p class='ocr_par' dir='ltr' id='par_1_7' title="bbox 303 639 1896 718">
     <span class='ocr_line' id='line_1_7' title="bbox 303 639 1896 718; baseline 0.007 -28"><span class='ocrx_word' id='word_1_33' title='bbox 303 639 497 702; x_wconf 75' lang='grc' dir='ltr'>νόσους</span> <span class='ocrx_word' id='word_1_34' title='bbox 529 640 658 709; x_wconf 83' lang='grc' dir='ltr'>ὑμῖν</span> <span class='ocrx_word' id='word_1_35' title='bbox 695 641 984 712; x_wconf 74' lang='grc' dir='ltr'><strong>διαφόρους</strong></span> <span class='ocrx_word' id='word_1_36' title='bbox 1015 643 1328 712; x_wconf 78' lang='grc' dir='ltr'>ἐπαγαγὼν,</span> <span class='ocrx_word' id='word_1_37' title='bbox 1353 645 1446 699; x_wconf 76' lang='grc' dir='ltr'>νῦν</span> <span class='ocrx_word' id='word_1_38' title='bbox 1471 648 1569 716; x_wconf 84' lang='grc' dir='ltr'><strong>μὲν</strong></span> <span class='ocrx_word' id='word_1_39' title='bbox 1599 648 1896 718; x_wconf 84' lang='grc' dir='ltr'>πυρώσεις,</span> 
     </span>
    </p>
   </div>
   <div class='ocr_carea' id='block_1_8' title="bbox 303 729 1895 806">
    <p class='ocr_par' dir='ltr' id='par_1_8' title="bbox 303 729 1895 806">
     <span class='ocr_line' id='line_1_8' title="bbox 303 729 1895 806; baseline 0.006 -26"><span class='ocrx_word' id='word_1_40' title='bbox 303 729 402 784; x_wconf 76' lang='grc' dir='ltr'>νῦν</span> <span class='ocrx_word' id='word_1_41' title='bbox 439 731 498 784; x_wconf 79' lang='grc' dir='ltr'><strong>δὲ</strong></span> <span class='ocrx_word' id='word_1_42' title='bbox 533 732 779 802; x_wconf 81' lang='grc' dir='ltr'>ίκτέρους</span> <span class='ocrx_word' id='word_1_43' title='bbox 805 750 818 764; x_wconf 78' lang='grc'><strong><em>⁸</em></strong></span> <span class='ocrx_word' id='word_1_44' title='bbox 855 735 1014 804; x_wconf 81' lang='grc' dir='ltr'>ὑμεῖς</span> <span class='ocrx_word' id='word_1_45' title='bbox 1059 735 1115 788; x_wconf 82' lang='grc' dir='ltr'>δὲ</span> <span class='ocrx_word' id='word_1_46' title='bbox 1151 737 1246 804; x_wconf 80' lang='grc' dir='ltr'><strong>τῆς</strong></span> <span class='ocrx_word' id='word_1_47' title='bbox 1287 738 1542 802; x_wconf 72' lang='grc' dir='ltr'>ἀσεϐείας</span> <span class='ocrx_word' id='word_1_48' title='bbox 1567 741 1666 792; x_wconf 73' lang='grc' dir='ltr'><strong>οὐκ</strong></span> <span class='ocrx_word' id='word_1_49' title='bbox 1702 741 1895 806; x_wconf 74' lang='grc' dir='ltr'>ἐπελήο</span> 
     </span>
    </p>
   </div>
   <div class='ocr_carea' id='block_1_9' title="bbox 307 823 1894 900">
    <p class='ocr_par' dir='ltr' id='par_1_9' title="bbox 307 823 1894 900">
     <span class='ocr_line' id='line_1_9' title="bbox 307 823 1894 900; baseline 0.008 -27"><span class='ocrx_word' id='word_1_50' title='bbox 307 823 494 893; x_wconf 81' lang='grc' dir='ltr'>σθητε.</span> <span class='ocrx_word' id='word_1_51' title='bbox 526 824 635 878; x_wconf 78' lang='grc' dir='ltr'>Καὶ</span> <span class='ocrx_word' id='word_1_52' title='bbox 682 825 820 896; x_wconf 83' lang='grc' dir='ltr'><strong>μετά</strong></span> <span class='ocrx_word' id='word_1_53' title='bbox 847 829 1050 898; x_wconf 82' lang='grc' dir='ltr'>ταύτην</span> <span class='ocrx_word' id='word_1_54' title='bbox 1089 827 1143 880; x_wconf 79' lang='grc' dir='ltr'>δὲ</span> <span class='ocrx_word' id='word_1_55' title='bbox 1177 830 1275 900; x_wconf 81' lang='grc' dir='ltr'>τὴν</span> <span class='ocrx_word' id='word_1_56' title='bbox 1312 831 1560 884; x_wconf 81' lang='grc' dir='ltr'>παιδείαν</span> <span class='ocrx_word' id='word_1_57' title='bbox 1599 833 1762 898; x_wconf 78' lang='grc' dir='ltr'>ἐδέξω</span> <span class='ocrx_word' id='word_1_58' title='bbox 1803 835 1894 887; x_wconf 75' lang='grc' dir='ltr'><strong>καὶ</strong></span> 
     </span>
    </p>
   </div>
   <div class='ocr_carea' id='block_1_10' title="bbox 305 914 1897 994">
    <p class='ocr_par' dir='ltr' id='par_1_10' title="bbox 305 914 1897 994">
     <span class='ocr_line' id='line_1_10' title="bbox 305 914 1897 994; baseline 0.008 -29"><span class='ocrx_word' id='word_1_59' title='bbox 305 914 409 985; x_wconf 76' lang='grc' dir='ltr'><strong>τὴν</strong></span> <span class='ocrx_word' id='word_1_60' title='bbox 441 915 667 985; x_wconf 83' lang='grc' dir='ltr'>κάμπην</span> <span class='ocrx_word' id='word_1_61' title='bbox 697 919 805 970; x_wconf 73' lang='grc' dir='ltr'>πᾶν</span> <span class='ocrx_word' id='word_1_62' title='bbox 825 918 852 970; x_wconf 85' lang='grc' dir='ltr'>ὃ</span> <span class='ocrx_word' id='word_1_63' title='bbox 873 937 920 971; x_wconf 87' lang='grc' dir='ltr'><strong>τι</strong></span> <span class='ocrx_word' id='word_1_64' title='bbox 951 921 1182 990; x_wconf 76' lang='grc' dir='ltr'>τερπνὸν</span> <span class='ocrx_word' id='word_1_65' title='bbox 1213 923 1268 973; x_wconf 83' lang='grc' dir='ltr'><strong>έν</strong></span> <span class='ocrx_word' id='word_1_66' title='bbox 1298 923 1636 992; x_wconf 80' lang='grc' dir='ltr'>ἁμπελῶσιν,</span> <span class='ocrx_word' id='word_1_67' title='bbox 1658 925 1690 994; x_wconf 74' lang='grc' dir='ltr'><strong>ἢ</strong></span> <span class='ocrx_word' id='word_1_68' title='bbox 1710 925 1897 979; x_wconf 79' lang='grc' dir='ltr'>ἐλαιῶ-</span> 
     </span>
    </p>
   </div>
   <div class='ocr_carea' id='block_1_11' title="bbox 312 1006 1895 1080">
    <p class='ocr_par' dir='ltr' id='par_1_11' title="bbox 312 1006 1895 1080">
     <span class='ocr_line' id='line_1_11' title="bbox 312 1006 1895 1080; baseline 0.008 -23"><span class='ocrx_word' id='word_1_69' title='bbox 312 1006 480 1075; x_wconf 86' lang='grc' dir='ltr'>σιν,ἢ</span> <span class='ocrx_word' id='word_1_70' title='bbox 521 1008 718 1078; x_wconf 85' lang='grc' dir='ltr'>κήποις</span> <span class='ocrx_word' id='word_1_71' title='bbox 758 1009 964 1080; x_wconf 82' lang='grc' dir='ltr'>οἴχεται</span> <span class='ocrx_word' id='word_1_72' title='bbox 1001 1013 1080 1044; x_wconf 72' lang='grc'><strong>⁸³·</strong></span> <span class='ocrx_word' id='word_1_73' title='bbox 1125 1015 1219 1066; x_wconf 72' lang='grc' dir='ltr'><strong>καὶ</strong></span> <span class='ocrx_word' id='word_1_74' title='bbox 1281 1015 1398 1068; x_wconf 72' lang='grc' dir='ltr'>οὐδὲ</span> <span class='ocrx_word' id='word_1_75' title='bbox 1441 1014 1599 1069; x_wconf 72' lang='grc' dir='ltr'>τοῦτο</span> <span class='ocrx_word' id='word_1_76' title='bbox 1636 1019 1895 1070; x_wconf 76' lang='grc' dir='ltr'><strong>πέπεικεν</strong></span> 
     </span>
    </p>
   </div>
   <div class='ocr_carea' id='block_1_12' title="bbox 305 1099 1895 1176">
    <p class='ocr_par' dir='ltr' id='par_1_12' title="bbox 305 1099 1895 1176">
     <span class='ocr_line' id='line_1_12' title="bbox 305 1099 1895 1176; baseline 0.007 -25"><span class='ocrx_word' id='word_1_77' title='bbox 305 1099 456 1168; x_wconf 71' lang='grc' dir='ltr'><strong>ὅμᾶς</strong></span> <span class='ocrx_word' id='word_1_78' title='bbox 483 1100 780 1168; x_wconf 82' lang='grc' dir='ltr'>ἐπιγνῶναι</span> <span class='ocrx_word' id='word_1_79' title='bbox 803 1103 894 1153; x_wconf 64' lang='grc' dir='ltr'>τᾶν</span> <span class='ocrx_word' id='word_1_80' title='bbox 921 1102 1018 1167; x_wconf 71' lang='grc' dir='ltr'><strong>τὰς</strong></span> <span class='ocrx_word' id='word_1_81' title='bbox 1055 1106 1300 1170; x_wconf 79' lang='grc' dir='ltr'>παιδείας</span> <span class='ocrx_word' id='word_1_82' title='bbox 1343 1107 1638 1176; x_wconf 75' lang='grc' dir='ltr'>ἐπάγοντα.</span> <span class='ocrx_word' id='word_1_83' title='bbox 1671 1109 1895 1172; x_wconf 75' lang='grc' dir='ltr'><strong>Τούτοις</strong></span> 
     </span>
    </p>
   </div>
   <div class='ocr_carea' id='block_1_13' title="bbox 305 1189 1893 1270">
    <p class='ocr_par' dir='ltr' id='par_1_13' title="bbox 305 1189 1893 1270">
     <span class='ocr_line' id='line_1_13' title="bbox 305 1189 1893 1270; baseline 0.011 -30"><span class='ocrx_word' id='word_1_84' title='bbox 305 1189 688 1262; x_wconf 82' lang='grc' dir='ltr'>προστίθησιν,</span> <span class='ocrx_word' id='word_1_85' title='bbox 715 1193 796 1246; x_wconf 84' lang='grc' dir='ltr'>ὅτι</span> <span class='ocrx_word' id='word_1_86' title='bbox 835 1194 929 1248; x_wconf 83' lang='grc' dir='ltr'>καὶ</span> <span class='ocrx_word' id='word_1_87' title='bbox 961 1195 1052 1248; x_wconf 80' lang='grc' dir='ltr'><strong>τὸν</strong></span> <span class='ocrx_word' id='word_1_88' title='bbox 1091 1197 1380 1269; x_wconf 80' lang='grc' dir='ltr'>Ἀσσύριον</span> <span class='ocrx_word' id='word_1_89' title='bbox 1427 1200 1752 1270; x_wconf 82' lang='grc' dir='ltr'>φεύγοντας,</span> <span class='ocrx_word' id='word_1_90' title='bbox 1797 1203 1893 1257; x_wconf 80' lang='grc' dir='ltr'>καὶ</span> 
     </span>
    </p>
   </div>
   <div class='ocr_carea' id='block_1_14' title="bbox 305 1281 1892 1369">
    <p class='ocr_par' dir='ltr' id='par_1_14' title="bbox 305 1281 1892 1369">
     <span class='ocr_line' id='line_1_14' title="bbox 305 1281 1892 1369; baseline 0.011 -37"><span class='ocrx_word' id='word_1_91' title='bbox 305 1281 411 1350; x_wconf 75' lang='grc' dir='ltr'>τὴν</span> <span class='ocrx_word' id='word_1_92' title='bbox 441 1283 711 1352; x_wconf 72' lang='grc' dir='ltr'>Αἴγυπτον</span> <span class='ocrx_word' id='word_1_93' title='bbox 740 1287 1066 1344; x_wconf 74' lang='grc' dir='ltr'>καταλαϐεῖν</span> <span class='ocrx_word' id='word_1_94' title='bbox 1096 1289 1531 1364; x_wconf 81' lang='grc' dir='ltr'>σπεύδοντας,τῇ</span> <span class='ocrx_word' id='word_1_95' title='bbox 1556 1293 1651 1347; x_wconf 81' lang='grc' dir='ltr'>τοῦ</span> <span class='ocrx_word' id='word_1_96' title='bbox 1696 1295 1892 1369; x_wconf 84' lang='grc' dir='ltr'>Ἀσσυ-</span> 
     </span>
    </p>
   </div>
   <div class='ocr_carea' id='block_1_15' title="bbox 307 1375 1891 1460">
    <p class='ocr_par' dir='ltr' id='par_1_15' title="bbox 307 1375 1891 1460">
     <span class='ocr_line' id='line_1_15' title="bbox 307 1375 1891 1460; baseline 0.009 -34"><span class='ocrx_word' id='word_1_97' title='bbox 307 1375 432 1445; x_wconf 85' lang='grc' dir='ltr'>ρίου</span> <span class='ocrx_word' id='word_1_98' title='bbox 471 1377 826 1449; x_wconf 78' lang='grc' dir='ltr'>παραδέδωκα</span> <span class='ocrx_word' id='word_1_99' title='bbox 875 1382 1142 1454; x_wconf 74' lang='grc' dir='ltr'>ῥομφαία,</span> <span class='ocrx_word' id='word_1_100' title='bbox 1202 1383 1454 1456; x_wconf 82' lang='grc' dir='ltr'>καθάπερ</span> <span class='ocrx_word' id='word_1_101' title='bbox 1489 1385 1598 1438; x_wconf 71' lang='grc' dir='ltr'>τινὶ</span> <span class='ocrx_word' id='word_1_102' title='bbox 1644 1386 1775 1456; x_wconf 83' lang='grc' dir='ltr'>πυρὶ</span> <span class='ocrx_word' id='word_1_103' title='bbox 1824 1389 1891 1460; x_wconf 80' lang='grc' dir='ltr'>τῇ</span> 
     </span>
    </p>
   </div>
   <div class='ocr_carea' id='block_1_16' title="bbox 303 1467 1891 1544">
    <p class='ocr_par' dir='ltr' id='par_1_16' title="bbox 303 1467 1891 1544">
     <span class='ocr_line' id='line_1_16' title="bbox 303 1467 1891 1544; baseline 0.01 -26"><span class='ocrx_word' id='word_1_104' title='bbox 303 1467 448 1540; x_wconf 76' lang='grc' dir='ltr'>ὀργῇ</span> <span class='ocrx_word' id='word_1_105' title='bbox 487 1477 823 1544; x_wconf 73' lang='grc' dir='ltr'><strong>κεχρημένος</strong></span> <span class='ocrx_word' id='word_1_106' title='bbox 849 1491 862 1505; x_wconf 87' lang='grc'><strong>·</strong></span> <span class='ocrx_word' id='word_1_107' title='bbox 883 1475 976 1527; x_wconf 68' lang='grc' dir='ltr'>καὶ</span> <span class='ocrx_word' id='word_1_108' title='bbox 1002 1475 1122 1528; x_wconf 77' lang='grc' dir='ltr'>οὐδὲ</span> <span class='ocrx_word' id='word_1_109' title='bbox 1151 1475 1400 1530; x_wconf 76' lang='grc' dir='ltr'>ἐντεῦθεν</span> <span class='ocrx_word' id='word_1_110' title='bbox 1419 1478 1482 1532; x_wconf 74' lang='grc' dir='ltr'>τδ</span> <span class='ocrx_word' id='word_1_111' title='bbox 1506 1478 1626 1535; x_wconf 85' lang='grc' dir='ltr'>δέον</span> <span class='ocrx_word' id='word_1_112' title='bbox 1653 1480 1891 1534; x_wconf 79' lang='grc' dir='ltr'>συνιδεῖν</span> 
     </span>
    </p>
   </div>
   <div class='ocr_carea' id='block_1_17' title="bbox 300 1559 1003 1636">
    <p class='ocr_par' dir='ltr' id='par_1_17' title="bbox 300 1559 1003 1636">
     <span class='ocr_line' id='line_1_17' title="bbox 300 1559 1003 1636; baseline 0.013 -25"><span class='ocrx_word' id='word_1_113' title='bbox 300 1559 579 1634; x_wconf 72' lang='grc' dir='ltr'>ἠϐουλήθη</span> <span class='ocrx_word' id='word_1_114' title='bbox 588 1579 702 1618; x_wconf 90' lang='grc' dir='ltr'>σαν.</span> <span class='ocrx_word' id='word_1_115' title='bbox 729 1565 820 1617; x_wconf 86' lang='grc' dir='ltr'><strong>Διό</strong></span> <span class='ocrx_word' id='word_1_116' title='bbox 849 1581 1003 1636; x_wconf 83' lang='grc' dir='ltr'>φησι“</span> 
     </span>
    </p>
   </div>
   <div class='ocr_carea' id='block_1_18' title="bbox 381 1737 1894 1818">
    <p class='ocr_par' dir='ltr' id='par_1_18' title="bbox 381 1737 1894 1818">
     <span class='ocr_line' id='line_1_18' title="bbox 381 1737 1894 1818; baseline 0.009 -28"><span class='ocrx_word' id='word_1_117' title='bbox 381 1737 471 1793; x_wconf 86' lang='grc' dir='ltr'>ια’.</span> <span class='ocrx_word' id='word_1_118' title='bbox 512 1757 530 1790; x_wconf 84' lang='grc' dir='ltr'><strong>ι</strong></span> <span class='ocrx_word' id='word_1_119' title='bbox 558 1741 918 1814; x_wconf 81' lang='grc' dir='ltr'>Κατέστρεψα</span> <span class='ocrx_word' id='word_1_120' title='bbox 938 1743 1082 1814; x_wconf 80' lang='grc' dir='ltr'>ὑμᾶς</span> <span class='ocrx_word' id='word_1_121' title='bbox 1107 1744 1288 1811; x_wconf 87' lang='grc' dir='ltr'>καθὼς</span> <span class='ocrx_word' id='word_1_122' title='bbox 1318 1746 1685 1818; x_wconf 72' lang='grc' dir='ltr'>κατέστρεψεν</span> <span class='ocrx_word' id='word_1_123' title='bbox 1711 1748 1894 1814; x_wconf 74' lang='grc' dir='ltr'>ἀθεὸς</span> 
     </span>
    </p>
   </div>
   <div class='ocr_carea' id='block_1_19' title="bbox 2005 563 3582 636">
    <p class='ocr_par' dir='ltr' id='par_1_19' title="bbox 2005 563 3582 636">
     <span class='ocr_line' id='line_1_19' title="bbox 2005 563 3582 636; baseline 0.009 -21"><span class='ocrx_word' id='word_1_124' title='bbox 2005 563 2173 626; x_wconf 86' lang='lat' dir='ltr'><strong>enim,</strong></span> <span class='ocrx_word' id='word_1_125' title='bbox 2220 573 2480 636; x_wconf 86' lang='lat' dir='ltr'><strong>tauquam</strong></span> <span class='ocrx_word' id='word_1_126' title='bbox 2534 568 2844 623; x_wconf 88' lang='lat' dir='ltr'><strong>auitnarutn</strong></span> <span class='ocrx_word' id='word_1_127' title='bbox 2895 569 3164 634; x_wconf 89' lang='lat' dir='ltr'><strong>medicus,</strong></span> <span class='ocrx_word' id='word_1_128' title='bbox 3217 573 3363 628; x_wconf 80' lang='lat' dir='ltr'><strong>aliud</strong></span> <span class='ocrx_word' id='word_1_129' title='bbox 3417 577 3582 629; x_wconf 83' lang='lat' dir='ltr'><strong>etiam</strong></span> 
     </span>
    </p>
   </div>
   <div class='ocr_carea' id='block_1_20' title="bbox 2003 657 3588 726">
    <p class='ocr_par' dir='ltr' id='par_1_20' title="bbox 2003 657 3588 726">
     <span class='ocr_line' id='line_1_20' title="bbox 2003 657 3588 726; baseline 0.009 -17"><span class='ocrx_word' id='word_1_130' title='bbox 2003 657 2312 712; x_wconf 83' lang='lat' dir='ltr'><strong>cauterium</strong></span> <span class='ocrx_word' id='word_1_131' title='bbox 2366 660 2520 714; x_wconf 88' lang='lat' dir='ltr'><strong>vobis</strong></span> <span class='ocrx_word' id='word_1_132' title='bbox 2554 661 2793 726; x_wconf 84' lang='lat' dir='ltr'><strong>admovi,</strong></span> <span class='ocrx_word' id='word_1_133' title='bbox 2833 663 3058 718; x_wconf 85' lang='lat' dir='ltr'><strong>morbos</strong></span> <span class='ocrx_word' id='word_1_134' title='bbox 3095 663 3350 720; x_wconf 76' lang='lat' dir='ltr'><strong>videlicet</strong></span> <span class='ocrx_word' id='word_1_135' title='bbox 3401 670 3588 723; x_wconf 76' lang='lat' dir='ltr'><strong>varius</strong></span> 
     </span>
    </p>
   </div>
   <div class='ocr_carea' id='block_1_21' title="bbox 2004 745 3584 817">
    <p class='ocr_par' dir='ltr' id='par_1_21' title="bbox 2004 745 3584 817">
     <span class='ocr_line' id='line_1_21' title="bbox 2004 745 3584 817; baseline 0.009 -23"><span class='ocrx_word' id='word_1_136' title='bbox 2004 745 2162 801; x_wconf 64' lang='lat' dir='ltr'><strong>vobis</strong></span> <span class='ocrx_word' id='word_1_137' title='bbox 2222 745 2492 813; x_wconf 81' lang='lat' dir='ltr'><strong>inferens,</strong></span> <span class='ocrx_word' id='word_1_138' title='bbox 2519 749 2681 804; x_wconf 88' lang='lat' dir='ltr'><strong>modo</strong></span> <span class='ocrx_word' id='word_1_139' title='bbox 2721 748 3206 817; x_wconf 85' lang='lat' dir='ltr'><strong>inﬂammationes,</strong></span> <span class='ocrx_word' id='word_1_140' title='bbox 3237 755 3402 810; x_wconf 86' lang='lat' dir='ltr'><strong>modo</strong></span> <span class='ocrx_word' id='word_1_141' title='bbox 3455 756 3584 810; x_wconf 80' lang='lat' dir='ltr'><strong>icte-</strong></span> 
     </span>
    </p>
   </div>
   <div class='ocr_carea' id='block_1_22' title="bbox 2003 837 3585 909">
    <p class='ocr_par' dir='ltr' id='par_1_22' title="bbox 2003 837 3585 909">
     <span class='ocr_line' id='line_1_22' title="bbox 2003 837 3585 909; baseline 0.004 -19"><span class='ocrx_word' id='word_1_142' title='bbox 2003 852 2134 893; x_wconf 90' lang='lat' dir='ltr'><strong>ros:</strong></span> <span class='ocrx_word' id='word_1_143' title='bbox 2178 837 2477 909; x_wconf 72' lang='lat' dir='ltr'><strong>impietatis</strong></span> <span class='ocrx_word' id='word_1_144' title='bbox 2511 849 2690 896; x_wconf 86' lang='lat' dir='ltr'><strong>tamen</strong></span> <span class='ocrx_word' id='word_1_145' title='bbox 2724 857 2831 896; x_wconf 92' lang='lat' dir='ltr'><strong>non</strong></span> <span class='ocrx_word' id='word_1_146' title='bbox 2883 844 3018 899; x_wconf 88' lang='lat' dir='ltr'><strong>estis</strong></span> <span class='ocrx_word' id='word_1_147' title='bbox 3053 845 3232 900; x_wconf 79' lang='lat' dir='ltr'><strong>obliti.</strong></span> <span class='ocrx_word' id='word_1_148' title='bbox 3271 845 3393 900; x_wconf 84' lang='lat' dir='ltr'><strong>Jatn</strong></span> <span class='ocrx_word' id='word_1_149' title='bbox 3433 864 3585 908; x_wconf 77' lang='lat' dir='ltr'><strong>vero,</strong></span> 
     </span>
    </p>
   </div>
   <div class='ocr_carea' id='block_1_23' title="bbox 2003 932 3586 1008">
    <p class='ocr_par' dir='ltr' id='par_1_23' title="bbox 2003 932 3586 1008">
     <span class='ocr_line' id='line_1_23' title="bbox 2003 932 3586 1008; baseline 0.006 -26"><span class='ocrx_word' id='word_1_150' title='bbox 2003 939 2126 998; x_wconf 89' lang='lat' dir='ltr'><strong>post</strong></span> <span class='ocrx_word' id='word_1_151' title='bbox 2153 932 2554 987; x_wconf 76' lang='lat' dir='ltr'><strong>correctionem</strong></span> <span class='ocrx_word' id='word_1_152' title='bbox 2571 934 2736 998; x_wconf 89' lang='lat' dir='ltr'><strong>hanc,</strong></span> <span class='ocrx_word' id='word_1_153' title='bbox 2756 949 2978 991; x_wconf 86' lang='lat' dir='ltr'><strong>erueam</strong></span> <span class='ocrx_word' id='word_1_154' title='bbox 3003 939 3146 1008; x_wconf 82' lang='lat' dir='ltr'><strong>passi</strong></span> <span class='ocrx_word' id='word_1_155' title='bbox 3179 939 3337 1006; x_wconf 85' lang='lat' dir='ltr'><strong>estis,</strong></span> <span class='ocrx_word' id='word_1_156' title='bbox 3374 947 3430 992; x_wconf 86' lang='lat' dir='ltr'><strong>et</strong></span> <span class='ocrx_word' id='word_1_157' title='bbox 3463 955 3586 1008; x_wconf 85' lang='lat' dir='ltr'><strong>per-</strong></span> 
     </span>
    </p>
   </div>
   <div class='ocr_carea' id='block_1_24' title="bbox 2004 1019 3587 1094">
    <p class='ocr_par' dir='ltr' id='par_1_24' title="bbox 2004 1019 3587 1094">
     <span class='ocr_line' id='line_1_24' title="bbox 2004 1019 3587 1094; baseline 0.008 -22"><span class='ocrx_word' id='word_1_158' title='bbox 2004 1019 2064 1073; x_wconf 79' lang='lat' dir='ltr'><strong>‘zit</strong></span> <span class='ocrx_word' id='word_1_159' title='bbox 2095 1019 2363 1092; x_wconf 84' lang='lat' dir='ltr'><strong>quidquid</strong></span> <span class='ocrx_word' id='word_1_160' title='bbox 2399 1025 2453 1078; x_wconf 93' lang='lat' dir='ltr'><strong>in</strong></span> <span class='ocrx_word' id='word_1_161' title='bbox 2487 1025 2664 1081; x_wconf 85' lang='lat' dir='ltr'><strong>vineis</strong></span> <span class='ocrx_word' id='word_1_162' title='bbox 2714 1027 2938 1094; x_wconf 82' lang='lat' dir='ltr'><strong>vestris,</strong></span> <span class='ocrx_word' id='word_1_163' title='bbox 2967 1028 3051 1082; x_wconf 87' lang='lat' dir='ltr'><strong>vel</strong></span> <span class='ocrx_word' id='word_1_164' title='bbox 3105 1029 3164 1084; x_wconf 88' lang='lat' dir='ltr'><strong>in</strong></span> <span class='ocrx_word' id='word_1_165' title='bbox 3193 1029 3411 1086; x_wconf 82' lang='lat' dir='ltr'><strong>olivetis</strong></span> <span class='ocrx_word' id='word_1_166' title='bbox 3458 1029 3587 1084; x_wconf 89' lang='lat' dir='ltr'><strong>hor-</strong></span> 
     </span>
    </p>
   </div>
   <div class='ocr_carea' id='block_1_25' title="bbox 2003 1113 3588 1195">
    <p class='ocr_par' dir='ltr' id='par_1_25' title="bbox 2003 1113 3588 1195">
     <span class='ocr_line' id='line_1_25' title="bbox 2003 1113 3588 1195; baseline 0.009 -32"><span class='ocrx_word' id='word_1_167' title='bbox 2003 1113 2141 1170; x_wconf 87' lang='lat' dir='ltr'><strong>tisve</strong></span> <span class='ocrx_word' id='word_1_168' title='bbox 2167 1113 2493 1173; x_wconf 89' lang='lat' dir='ltr'><strong>delectabile</strong></span> <span class='ocrx_word' id='word_1_169' title='bbox 2528 1118 2814 1176; x_wconf 83' lang='lat' dir='ltr'><strong>habebatis</strong></span> <span class='ocrx_word' id='word_1_170' title='bbox 2841 1139 2854 1174; x_wconf 89' lang='lat'><strong>:</strong></span> <span class='ocrx_word' id='word_1_171' title='bbox 2894 1129 2950 1176; x_wconf 92' lang='lat' dir='ltr'><strong>et</strong></span> <span class='ocrx_word' id='word_1_172' title='bbox 2995 1138 3064 1178; x_wconf 90' lang='lat' dir='ltr'><strong>ne</strong></span> <span class='ocrx_word' id='word_1_173' title='bbox 3095 1123 3202 1180; x_wconf 89' lang='lat' dir='ltr'><strong>hoc</strong></span> <span class='ocrx_word' id='word_1_174' title='bbox 3228 1124 3448 1195; x_wconf 84' lang='lat' dir='ltr'><strong>quidem</strong></span> <span class='ocrx_word' id='word_1_175' title='bbox 3473 1139 3588 1178; x_wconf 64' lang='grc' dir='ltr'><strong>,γοα</strong></span> 
     </span>
    </p>
   </div>
   <div class='ocr_carea' id='block_1_26' title="bbox 2001 1204 3582 1282">
    <p class='ocr_par' dir='ltr' id='par_1_26' title="bbox 2001 1204 3582 1282">
     <span class='ocr_line' id='line_1_26' title="bbox 2001 1204 3582 1282; baseline 0.006 -22"><span class='ocrx_word' id='word_1_176' title='bbox 2001 1204 2086 1260; x_wconf 91' lang='lat' dir='ltr'><strong>bis</strong></span> <span class='ocrx_word' id='word_1_177' title='bbox 2107 1207 2402 1276; x_wconf 83' lang='lat' dir='ltr'><strong>persuasit,</strong></span> <span class='ocrx_word' id='word_1_178' title='bbox 2429 1218 2489 1265; x_wconf 90' lang='lat' dir='ltr'><strong>ut</strong></span> <span class='ocrx_word' id='word_1_179' title='bbox 2509 1214 2921 1282; x_wconf 85' lang='lat' dir='ltr'><strong>cognosceretis</strong></span> <span class='ocrx_word' id='word_1_180' title='bbox 2946 1215 3142 1270; x_wconf 88' lang='lat' dir='ltr'><strong>harum</strong></span> <span class='ocrx_word' id='word_1_181' title='bbox 3175 1225 3582 1272; x_wconf 86' lang='lat' dir='ltr'><strong>correcttouum</strong></span> 
     </span>
    </p>
   </div>
   <div class='ocr_carea' id='block_1_27' title="bbox 2001 1299 3583 1378">
    <p class='ocr_par' dir='ltr' id='par_1_27' title="bbox 2001 1299 3583 1378">
     <span class='ocr_line' id='line_1_27' title="bbox 2001 1299 3583 1378; baseline 0.008 -30"><span class='ocrx_word' id='word_1_182' title='bbox 2001 1304 2306 1353; x_wconf 81' lang='lat' dir='ltr'><strong>auctorem.</strong></span> <span class='ocrx_word' id='word_1_183' title='bbox 2361 1299 2472 1372; x_wconf 88' lang='lat' dir='ltr'><strong>(l0)</strong></span> <span class='ocrx_word' id='word_1_184' title='bbox 2504 1299 2602 1358; x_wconf 87' lang='lat' dir='ltr'><strong>llis</strong></span> <span class='ocrx_word' id='word_1_185' title='bbox 2635 1303 2906 1376; x_wconf 72' lang='lat' dir='ltr'><strong>adiungit,</strong></span> <span class='ocrx_word' id='word_1_186' title='bbox 2959 1321 3021 1362; x_wconf 91' lang='lat' dir='ltr'><strong>se</strong></span> <span class='ocrx_word' id='word_1_187' title='bbox 3055 1313 3110 1360; x_wconf 88' lang='lat' dir='ltr'><strong>et</strong></span> <span class='ocrx_word' id='word_1_188' title='bbox 3159 1306 3433 1376; x_wconf 76' lang='lat' dir='ltr'><strong>fugientes</strong></span> <span class='ocrx_word' id='word_1_189' title='bbox 3484 1322 3583 1378; x_wconf 89' lang='lat' dir='ltr'><strong>pro</strong></span> 
     </span>
    </p>
   </div>
   <div class='ocr_carea' id='block_1_28' title="bbox 2001 1389 3581 1467">
    <p class='ocr_par' dir='ltr' id='par_1_28' title="bbox 2001 1389 3581 1467">
     <span class='ocr_line' id='line_1_28' title="bbox 2001 1389 3581 1467; baseline 0.008 -25"><span class='ocrx_word' id='word_1_190' title='bbox 2001 1389 2226 1461; x_wconf 81' lang='lat' dir='ltr'><strong>Assyrio</strong></span> <span class='ocrx_word' id='word_1_191' title='bbox 2264 1401 2319 1448; x_wconf 88' lang='lat' dir='ltr'><strong>et</strong></span> <span class='ocrx_word' id='word_1_192' title='bbox 2359 1393 2415 1448; x_wconf 91' lang='lat' dir='ltr'><strong>in</strong></span> <span class='ocrx_word' id='word_1_193' title='bbox 2455 1393 2750 1467; x_wconf 63' lang='lat' dir='ltr'><strong>ZEgyptum</strong></span> <span class='ocrx_word' id='word_1_194' title='bbox 2800 1399 3087 1466; x_wconf 84' lang='lat' dir='ltr'><strong>pervenire</strong></span> <span class='ocrx_word' id='word_1_195' title='bbox 3125 1399 3432 1461; x_wconf 87' lang='lat' dir='ltr'><strong>studentes,</strong></span> <span class='ocrx_word' id='word_1_196' title='bbox 3476 1399 3581 1454; x_wconf 77' lang='lat' dir='ltr'><strong>As-</strong></span> 
     </span>
    </p>
   </div>
   <div class='ocr_carea' id='block_1_29' title="bbox 2001 1484 3582 1562">
    <p class='ocr_par' dir='ltr' id='par_1_29' title="bbox 2001 1484 3582 1562">
     <span class='ocr_line' id='line_1_29' title="bbox 2001 1484 3582 1562; baseline 0.005 -26"><span class='ocrx_word' id='word_1_197' title='bbox 2001 1484 2273 1554; x_wconf 79' lang='lat' dir='ltr'><strong>syriorqu</strong></span> <span class='ocrx_word' id='word_1_198' title='bbox 2323 1487 2503 1557; x_wconf 85' lang='lat' dir='ltr'><strong>gladio</strong></span> <span class='ocrx_word' id='word_1_199' title='bbox 2544 1488 2860 1556; x_wconf 82' lang='lat' dir='ltr'><strong>tradidisse,</strong></span> <span class='ocrx_word' id='word_1_200' title='bbox 2895 1502 3153 1562; x_wconf 85' lang='lat' dir='ltr'><strong>tanquam</strong></span> <span class='ocrx_word' id='word_1_201' title='bbox 3189 1491 3313 1562; x_wconf 87' lang='lat' dir='ltr'><strong>igne</strong></span> <span class='ocrx_word' id='word_1_202' title='bbox 3345 1493 3582 1562; x_wconf 85' lang='lat' dir='ltr'><strong>quodam</strong></span> 
     </span>
    </p>
   </div>
   <div class='ocr_carea' id='block_1_30' title="bbox 2001 1577 3581 1653">
    <p class='ocr_par' dir='ltr' id='par_1_30' title="bbox 2001 1577 3581 1653">
     <span class='ocr_line' id='line_1_30' title="bbox 2001 1577 3581 1653; baseline 0.006 -24"><span class='ocrx_word' id='word_1_203' title='bbox 2001 1577 2082 1630; x_wconf 82' lang='lat' dir='ltr'><strong>ira</strong></span> <span class='ocrx_word' id='word_1_204' title='bbox 2118 1593 2300 1642; x_wconf 88' lang='lat' dir='ltr'><strong>usum,</strong></span> <span class='ocrx_word' id='word_1_205' title='bbox 2331 1593 2395 1634; x_wconf 89' lang='lat' dir='ltr'><strong>ac</strong></span> <span class='ocrx_word' id='word_1_206' title='bbox 2425 1595 2492 1635; x_wconf 91' lang='lat' dir='ltr'><strong>ne</strong></span> <span class='ocrx_word' id='word_1_207' title='bbox 2539 1580 2668 1636; x_wconf 85' lang='lat' dir='ltr'><strong>inde</strong></span> <span class='ocrx_word' id='word_1_208' title='bbox 2719 1580 2946 1652; x_wconf 87' lang='lat' dir='ltr'><strong>quidem</strong></span> <span class='ocrx_word' id='word_1_209' title='bbox 2996 1583 3142 1653; x_wconf 86' lang='lat' dir='ltr'><strong>quod</strong></span> <span class='ocrx_word' id='word_1_210' title='bbox 3201 1583 3581 1649; x_wconf 83' lang='lat' dir='ltr'><strong>conveniebat,</strong></span> 
     </span>
    </p>
   </div>
   <div class='ocr_carea' id='block_1_31' title="bbox 2005 1670 2912 1739">
    <p class='ocr_par' dir='ltr' id='par_1_31' title="bbox 2005 1670 2912 1739">
     <span class='ocr_line' id='line_1_31' title="bbox 2005 1670 2912 1739; baseline 0.007 -19"><span class='ocrx_word' id='word_1_211' title='bbox 2005 1683 2313 1739; x_wconf 56' lang='lat' dir='ltr'><strong>agnoscere</strong></span> <span class='ocrx_word' id='word_1_212' title='bbox 2335 1670 2595 1727; x_wconf 86' lang='lat' dir='ltr'><strong>voluisse.</strong></span> <span class='ocrx_word' id='word_1_213' title='bbox 2627 1671 2754 1728; x_wconf 91' lang='lat' dir='ltr'><strong>ldeo</strong></span> <span class='ocrx_word' id='word_1_214' title='bbox 2793 1672 2871 1728; x_wconf 91' lang='lat' dir='ltr'><strong>ait</strong></span> <span class='ocrx_word' id='word_1_215' title='bbox 2891 1692 2912 1728; x_wconf 87' lang='lat'><strong>:.</strong></span> 
     </span>
    </p>
   </div>
   <div class='ocr_carea' id='block_1_32' title="bbox 2081 1759 3584 1831">
    <p class='ocr_par' dir='ltr' id='par_1_32' title="bbox 2081 1759 3584 1831">
     <span class='ocr_line' id='line_1_32' title="bbox 2081 1759 3584 1831; baseline 0.005 -19"><span class='ocrx_word' id='word_1_216' title='bbox 2081 1759 2242 1814; x_wconf 68' lang='lat' dir='ltr'><strong>Vens.</strong></span> <span class='ocrx_word' id='word_1_217' title='bbox 2301 1760 2386 1816; x_wconf 86' lang='lat' dir='ltr'><strong>ll.</strong></span> <span class='ocrx_word' id='word_1_218' title='bbox 2431 1779 2448 1813; x_wconf 77' lang='grc' dir='ltr'><strong>ι</strong></span> <span class='ocrx_word' id='word_1_219' title='bbox 2489 1760 2748 1818; x_wconf 85' lang='lat' dir='ltr'><strong>Subverti</strong></span> <span class='ocrx_word' id='word_1_220' title='bbox 2785 1779 2909 1831; x_wconf 89' lang='lat' dir='ltr'><strong>vos,</strong></span> <span class='ocrx_word' id='word_1_221' title='bbox 2937 1763 3082 1820; x_wconf 91' lang='lat' dir='ltr'><strong>sicut</strong></span> <span class='ocrx_word' id='word_1_222' title='bbox 3110 1765 3382 1822; x_wconf 81' lang='lat' dir='ltr'><strong>subvertit</strong></span> <span class='ocrx_word' id='word_1_223' title='bbox 3437 1763 3584 1820; x_wconf 85' lang='lat' dir='ltr'><strong>Deus</strong></span> 
     </span>
    </p>
   </div>
   <div class='ocr_carea' id='block_1_33' title="bbox 301 1823 1896 1928">
    <p class='ocr_par' dir='ltr' id='par_1_33' title="bbox 301 1831 1890 1912">
     <span class='ocr_line' id='line_1_33' title="bbox 301 1831 1890 1912; baseline 0.008 -29"><span class='ocrx_word' id='word_1_224' title='bbox 301 1831 518 1902; x_wconf 67' lang='grc' dir='ltr'>Σόδομα</span> <span class='ocrx_word' id='word_1_225' title='bbox 547 1835 642 1886; x_wconf 76' lang='grc' dir='ltr'>καὶ</span> <span class='ocrx_word' id='word_1_226' title='bbox 676 1832 949 1907; x_wconf 70' lang='grc' dir='ltr'>Γόμορρα.</span> <span class='ocrx_word' id='word_1_227' title='bbox 985 1856 1004 1888; x_wconf 74' lang='grc' dir='ltr'><strong>ι</strong></span> <span class='ocrx_word' id='word_1_228' title='bbox 1057 1838 1172 1890; x_wconf 90' lang='grc' dir='ltr'>Ούκ</span> <span class='ocrx_word' id='word_1_229' title='bbox 1217 1837 1374 1892; x_wconf 81' lang='grc' dir='ltr'>ἄλλον</span> <span class='ocrx_word' id='word_1_230' title='bbox 1426 1840 1754 1912; x_wconf 83' lang='grc' dir='ltr'>παραδηλῶν</span> <span class='ocrx_word' id='word_1_231' title='bbox 1800 1841 1890 1895; x_wconf 80' lang='grc' dir='ltr'><strong>τὸν</strong></span> 
     </span>
    </p>
   </div>
   <div class='ocr_carea' id='block_1_34' title="bbox 2008 1823 3586 1928">
    <p class='ocr_par' dir='ltr' id='par_1_34' title="bbox 2008 1850 3586 1928">
     <span class='ocr_line' id='line_1_34' title="bbox 2008 1850 3586 1928; baseline 0.004 -24"><span class='ocrx_word' id='word_1_232' title='bbox 2008 1850 2289 1907; x_wconf 81' lang='lat' dir='ltr'><strong>Sodomam</strong></span> <span class='ocrx_word' id='word_1_233' title='bbox 2335 1861 2390 1908; x_wconf 89' lang='lat' dir='ltr'><strong>et</strong></span> <span class='ocrx_word' id='word_1_234' title='bbox 2438 1852 2821 1912; x_wconf 84' lang='lat' dir='ltr'><strong>Gomorrham.</strong></span> <span class='ocrx_word' id='word_1_235' title='bbox 2871 1875 2890 1908; x_wconf 71' lang='grc' dir='ltr'><strong>ι</strong></span> <span class='ocrx_word' id='word_1_236' title='bbox 2955 1855 3289 1912; x_wconf 80' lang='lat' dir='ltr'><strong>Nonalium</strong></span> <span class='ocrx_word' id='word_1_237' title='bbox 3343 1856 3436 1928; x_wconf 87' lang='lat' dir='ltr'><strong>qui</strong></span> <span class='ocrx_word' id='word_1_238' title='bbox 3493 1857 3586 1910; x_wconf 86' lang='lat' dir='ltr'><strong>illa</strong></span> 
     </span>
    </p>
   </div>
   <div class='ocr_carea' id='block_1_35' title="bbox 299 1925 1888 2004">
    <p class='ocr_par' dir='ltr' id='par_1_35' title="bbox 299 1925 1888 2004">
     <span class='ocr_line' id='line_1_35' title="bbox 299 1925 1888 2004; baseline 0.008 -29"><span class='ocrx_word' id='word_1_239' title='bbox 299 1925 494 1977; x_wconf 78' lang='grc' dir='ltr'>ἐκεῖνα</span> <span class='ocrx_word' id='word_1_240' title='bbox 521 1926 877 1996; x_wconf 82' lang='grc' dir='ltr'>πεποιηκότα,</span> <span class='ocrx_word' id='word_1_241' title='bbox 902 1927 1016 1982; x_wconf 82' lang='grc' dir='ltr'>ἀλλ’</span> <span class='ocrx_word' id='word_1_242' title='bbox 1041 1929 1116 1992; x_wconf 80' lang='grc' dir='ltr'>ὡς</span> <span class='ocrx_word' id='word_1_243' title='bbox 1143 1932 1272 2002; x_wconf 70' lang='grc' dir='ltr'>περὶ</span> <span class='ocrx_word' id='word_1_244' title='bbox 1299 1931 1462 1984; x_wconf 74' lang='grc' dir='ltr'>αὑτοῦ</span> <span class='ocrx_word' id='word_1_245' title='bbox 1491 1931 1888 2004; x_wconf 81' lang='grc' dir='ltr'>διαλεγόμενος.</span> 
     </span>
    </p>
   </div>
   <div class='ocr_carea' id='block_1_36' title="bbox 309 2013 1893 2094">
    <p class='ocr_par' dir='ltr' id='par_1_36' title="bbox 309 2013 1893 2094">
     <span class='ocr_line' id='line_1_36' title="bbox 309 2013 1893 2094; baseline 0.01 -32"><span class='ocrx_word' id='word_1_246' title='bbox 309 2030 327 2059; x_wconf 73' lang='grc' dir='ltr'><strong>ι</strong></span> <span class='ocrx_word' id='word_1_247' title='bbox 363 2013 472 2064; x_wconf 72' lang='grc' dir='ltr'>Καὶ</span> <span class='ocrx_word' id='word_1_248' title='bbox 512 2014 784 2082; x_wconf 77' lang='grc' dir='ltr'>ἐγένεσθε,</span> <span class='ocrx_word' id='word_1_249' title='bbox 841 2020 1026 2090; x_wconf 77' lang='grc' dir='ltr'>φησὶν,</span> <span class='ocrx_word' id='word_1_250' title='bbox 1072 2019 1149 2084; x_wconf 84' lang='grc' dir='ltr'>ὡς</span> <span class='ocrx_word' id='word_1_251' title='bbox 1195 2020 1353 2086; x_wconf 81' lang='grc' dir='ltr'>δαλὸς</span> <span class='ocrx_word' id='word_1_252' title='bbox 1397 2023 1798 2094; x_wconf 68' lang='grc' dir='ltr'>ἐξεσπασμένος</span> <span class='ocrx_word' id='word_1_253' title='bbox 1827 2027 1893 2078; x_wconf 76' lang='grc' dir='ltr'>ἐκ</span> 
     </span>
    </p>
   </div>
   <div class='ocr_carea' id='block_1_37' title="bbox 302 2104 1891 2187">
    <p class='ocr_par' dir='ltr' id='par_1_37' title="bbox 302 2104 1891 2187">
     <span class='ocr_line' id='line_1_37' title="bbox 302 2104 1891 2187; baseline 0.011 -33"><span class='ocrx_word' id='word_1_254' title='bbox 302 2104 505 2174; x_wconf 82' lang='grc' dir='ltr'>πυρὸς,</span> <span class='ocrx_word' id='word_1_255' title='bbox 539 2107 633 2160; x_wconf 73' lang='grc' dir='ltr'><strong>καὶ</strong></span> <span class='ocrx_word' id='word_1_256' title='bbox 661 2109 768 2162; x_wconf 69' lang='grc' dir='ltr'>οὐδ’</span> <span class='ocrx_word' id='word_1_257' title='bbox 807 2109 981 2174; x_wconf 74' lang='grc' dir='ltr'>οὕτως</span> <span class='ocrx_word' id='word_1_258' title='bbox 1018 2113 1390 2183; x_wconf 60' lang='grc' dir='ltr'>ἐπεστρέψατε</span> <span class='ocrx_word' id='word_1_259' title='bbox 1423 2117 1559 2186; x_wconf 85' lang='grc' dir='ltr'>πρός</span> <span class='ocrx_word' id='word_1_260' title='bbox 1596 2134 1692 2187; x_wconf 84' lang='grc' dir='ltr'><strong>με,</strong></span> <span class='ocrx_word' id='word_1_261' title='bbox 1743 2117 1891 2187; x_wconf 86' lang='grc' dir='ltr'>λέγει</span> 
     </span>
    </p>
   </div>
   <div class='ocr_carea' id='block_1_38' title="bbox 299 2197 1886 2282">
    <p class='ocr_par' dir='ltr' id='par_1_38' title="bbox 299 2197 1886 2282">
     <span class='ocr_line' id='line_1_38' title="bbox 299 2197 1886 2282; baseline 0.009 -30"><span class='ocrx_word' id='word_1_262' title='bbox 299 2197 530 2270; x_wconf 81' lang='grc' dir='ltr'>Κύριος.</span> <span class='ocrx_word' id='word_1_263' title='bbox 559 2220 578 2252; x_wconf 77' lang='grc' dir='ltr'><strong>ι</strong></span> <span class='ocrx_word' id='word_1_264' title='bbox 605 2201 870 2274; x_wconf 78' lang='grc' dir='ltr'>Καθάπερ</span> <span class='ocrx_word' id='word_1_265' title='bbox 894 2205 1000 2276; x_wconf 67' lang='grc' dir='ltr'><strong>γὰρ</strong></span> <span class='ocrx_word' id='word_1_266' title='bbox 1025 2209 1052 2260; x_wconf 85' lang='grc' dir='ltr'>ὁ</span> <span class='ocrx_word' id='word_1_267' title='bbox 1073 2207 1226 2270; x_wconf 77' lang='grc' dir='ltr'>δαλὸς</span> <span class='ocrx_word' id='word_1_268' title='bbox 1249 2209 1556 2280; x_wconf 79' lang='grc' dir='ltr'>ήμιιρλεγὴς</span> <span class='ocrx_word' id='word_1_269' title='bbox 1580 2212 1886 2282; x_wconf 83' lang='grc' dir='ltr'>γενόμενος,</span> 
     </span>
    </p>
   </div>
   <div class='ocr_carea' id='block_1_39' title="bbox 297 2291 1890 2375">
    <p class='ocr_par' dir='ltr' id='par_1_39' title="bbox 297 2291 1890 2375">
     <span class='ocr_line' id='line_1_39' title="bbox 297 2291 1890 2375; baseline 0.011 -33"><span class='ocrx_word' id='word_1_270' title='bbox 297 2291 544 2346; x_wconf 82' lang='grc' dir='ltr'>δείκνυσι</span> <span class='ocrx_word' id='word_1_271' title='bbox 577 2295 676 2364; x_wconf 76' lang='grc' dir='ltr'><strong>μὲν</strong></span> <span class='ocrx_word' id='word_1_272' title='bbox 701 2296 793 2348; x_wconf 76' lang='grc' dir='ltr'>τοῦ</span> <span class='ocrx_word' id='word_1_273' title='bbox 829 2299 997 2367; x_wconf 63' lang='grc' dir='ltr'>πυρὸς</span> <span class='ocrx_word' id='word_1_274' title='bbox 1028 2300 1125 2370; x_wconf 83' lang='grc' dir='ltr'><strong>τὴν</strong></span> <span class='ocrx_word' id='word_1_275' title='bbox 1171 2301 1468 2372; x_wconf 72' lang='grc' dir='ltr'>ἐνέργειαν,</span> <span class='ocrx_word' id='word_1_276' title='bbox 1515 2304 1787 2375; x_wconf 47' lang='lat' dir='ltr'><strong>immoto:</strong></span> <span class='ocrx_word' id='word_1_277' title='bbox 1833 2306 1890 2359; x_wconf 88' lang='grc' dir='ltr'><strong>δέ</strong></span> 
     </span>
    </p>
   </div>
   <div class='ocr_carea' id='block_1_40' title="bbox 297 2385 1890 2468">
    <p class='ocr_par' dir='ltr' id='par_1_40' title="bbox 297 2385 1890 2468">
     <span class='ocr_line' id='line_1_40' title="bbox 297 2385 1890 2468; baseline 0.011 -32"><span class='ocrx_word' id='word_1_278' title='bbox 297 2385 455 2438; x_wconf 79' lang='grc' dir='ltr'>ἐστιν</span> <span class='ocrx_word' id='word_1_279' title='bbox 487 2388 568 2450; x_wconf 87' lang='grc' dir='ltr'><strong>είς</strong></span> <span class='ocrx_word' id='word_1_280' title='bbox 600 2389 706 2438; x_wconf 76' lang='grc' dir='ltr'>πᾶν</span> <span class='ocrx_word' id='word_1_281' title='bbox 730 2389 926 2454; x_wconf 67' lang='grc' dir='ltr'>ὁτιοῦν,</span> <span class='ocrx_word' id='word_1_282' title='bbox 960 2392 1105 2464; x_wconf 70' lang='grc' dir='ltr'>μόνῳ</span> <span class='ocrx_word' id='word_1_283' title='bbox 1131 2393 1187 2446; x_wconf 83' lang='grc' dir='ltr'>δὲ</span> <span class='ocrx_word' id='word_1_284' title='bbox 1219 2397 1350 2466; x_wconf 76' lang='grc' dir='ltr'>πυρὶ</span> <span class='ocrx_word' id='word_1_285' title='bbox 1380 2397 1649 2468; x_wconf 82' lang='grc' dir='ltr'>χρήσιμος</span> <span class='ocrx_word' id='word_1_286' title='bbox 1671 2414 1684 2428; x_wconf 76' lang='grc'><strong>⁸</strong></span> <span class='ocrx_word' id='word_1_287' title='bbox 1715 2398 1890 2464; x_wconf 80' lang='grc' dir='ltr'>οὕτως</span> 
     </span>
    </p>
   </div>
   <div class='ocr_carea' id='block_1_41' title="bbox 298 2477 1889 2560">
    <p class='ocr_par' dir='ltr' id='par_1_41' title="bbox 298 2477 1889 2560">
     <span class='ocr_line' id='line_1_41' title="bbox 298 2477 1889 2560; baseline 0.011 -32"><span class='ocrx_word' id='word_1_288' title='bbox 298 2477 466 2547; x_wconf 80' lang='grc' dir='ltr'>ὑμεῖς</span> <span class='ocrx_word' id='word_1_289' title='bbox 497 2480 602 2532; x_wconf 89' lang='grc' dir='ltr'><strong>τῶν</strong></span> <span class='ocrx_word' id='word_1_290' title='bbox 634 2482 899 2536; x_wconf 78' lang='grc' dir='ltr'>πλείστων</span> <span class='ocrx_word' id='word_1_291' title='bbox 944 2486 1340 2557; x_wconf 75' lang='grc' dir='ltr'>ἀναιρεθέντων</span> <span class='ocrx_word' id='word_1_292' title='bbox 1387 2490 1467 2552; x_wconf 82' lang='grc' dir='ltr'>εἰς</span> <span class='ocrx_word' id='word_1_293' title='bbox 1506 2490 1889 2560; x_wconf 81' lang='grc' dir='ltr'>αἰχμαλωσίαν</span> 
     </span>
    </p>
   </div>
   <div class='ocr_carea' id='block_1_42' title="bbox 298 2571 1887 2654">
    <p class='ocr_par' dir='ltr' id='par_1_42' title="bbox 298 2571 1887 2654">
     <span class='ocr_line' id='line_1_42' title="bbox 298 2571 1887 2654; baseline 0.011 -33"><span class='ocrx_word' id='word_1_294' title='bbox 298 2571 662 2641; x_wconf 76' lang='grc' dir='ltr'>ἐπαγόμενοι,</span> <span class='ocrx_word' id='word_1_295' title='bbox 694 2575 876 2644; x_wconf 73' lang='grc' dir='ltr'>πάσης</span> <span class='ocrx_word' id='word_1_296' title='bbox 923 2577 1082 2641; x_wconf 65' lang='grc' dir='ltr'>μένε’</span> <span class='ocrx_word' id='word_1_297' title='bbox 1115 2579 1397 2650; x_wconf 78' lang='grc' dir='ltr'>δυνάμεως</span> <span class='ocrx_word' id='word_1_298' title='bbox 1437 2583 1887 2654; x_wconf 85' lang='grc' dir='ltr'>γυμνωθὴσεσθε,</span> 
     </span>
    </p>
   </div>
   <div class='ocr_carea' id='block_1_43' title="bbox 299 2661 1607 2741">
    <p class='ocr_par' dir='ltr' id='par_1_43' title="bbox 299 2661 1607 2741">
     <span class='ocr_line' id='line_1_43' title="bbox 299 2661 1607 2741; baseline 0.01 -27"><span class='ocrx_word' id='word_1_299' title='bbox 299 2661 384 2724; x_wconf 76' lang='grc' dir='ltr'>εἰς</span> <span class='ocrx_word' id='word_1_300' title='bbox 420 2662 663 2718; x_wconf 78' lang='grc' dir='ltr'>δουλείαν</span> <span class='ocrx_word' id='word_1_301' title='bbox 701 2666 755 2718; x_wconf 75' lang='grc' dir='ltr'><strong>δὲ</strong></span> <span class='ocrx_word' id='word_1_302' title='bbox 800 2668 969 2738; x_wconf 70' lang='grc' dir='ltr'>μόνην</span> <span class='ocrx_word' id='word_1_303' title='bbox 1007 2670 1299 2739; x_wconf 81' lang='grc' dir='ltr'>ἐπιτήδειοι</span> <span class='ocrx_word' id='word_1_304' title='bbox 1328 2675 1607 2741; x_wconf 77' lang='grc' dir='ltr'>φανεῖσθε.</span> 
     </span>
    </p>
   </div>
   <div class='ocr_carea' id='block_1_44' title="bbox 381 2753 1890 2841">
    <p class='ocr_par' dir='ltr' id='par_1_44' title="bbox 381 2753 1890 2841">
     <span class='ocr_line' id='line_1_44' title="bbox 381 2753 1890 2841; baseline 0.012 -37"><span class='ocrx_word' id='word_1_305' title='bbox 381 2753 472 2823; x_wconf 84' lang='grc' dir='ltr'><strong>ιβ’.</strong></span> <span class='ocrx_word' id='word_1_306' title='bbox 522 2775 539 2806; x_wconf 82' lang='grc' dir='ltr'><strong>ι</strong></span> <span class='ocrx_word' id='word_1_307' title='bbox 571 2757 668 2810; x_wconf 72' lang='grc' dir='ltr'><strong>Διά</strong></span> <span class='ocrx_word' id='word_1_308' title='bbox 712 2757 1038 2813; x_wconf 74' lang='grc' dir='ltr'>τοῦτοόὖτω</span> <span class='ocrx_word' id='word_1_309' title='bbox 1072 2763 1283 2831; x_wconf 82' lang='grc' dir='ltr'>ποιήσω</span> <span class='ocrx_word' id='word_1_310' title='bbox 1311 2781 1414 2828; x_wconf 86' lang='grc' dir='ltr'>σοι,</span> <span class='ocrx_word' id='word_1_311' title='bbox 1456 2766 1674 2837; x_wconf 84' lang='grc' dir='ltr'>Ἰσραήλ</span> <span class='ocrx_word' id='word_1_312' title='bbox 1701 2785 1716 2800; x_wconf 86' lang='grc'><strong>·</strong></span> <span class='ocrx_word' id='word_1_313' title='bbox 1751 2769 1890 2841; x_wconf 84' lang='grc' dir='ltr'>πλὴν</span> 
     </span>
    </p>
   </div>
   <div class='ocr_carea' id='block_1_45' title="bbox 299 2846 1902 2926">
    <p class='ocr_par' dir='ltr' id='par_1_45' title="bbox 299 2846 1902 2926">
     <span class='ocr_line' id='line_1_45' title="bbox 299 2846 1902 2926; baseline 0.011 -28"><span class='ocrx_word' id='word_1_314' title='bbox 299 2846 451 2900; x_wconf 74' lang='grc' dir='ltr'>οὕτω</span> <span class='ocrx_word' id='word_1_315' title='bbox 479 2852 687 2919; x_wconf 69' lang='grc' dir='ltr'>ποιήσω</span> <span class='ocrx_word' id='word_1_316' title='bbox 718 2869 818 2904; x_wconf 87' lang='grc' dir='ltr'>σοι.</span> <span class='ocrx_word' id='word_1_317' title='bbox 854 2873 870 2902; x_wconf 75' lang='grc' dir='ltr'><strong>ι</strong></span> <span class='ocrx_word' id='word_1_318' title='bbox 909 2853 1048 2906; x_wconf 82' lang='grc' dir='ltr'>Ἀλλ’</span> <span class='ocrx_word' id='word_1_319' title='bbox 1078 2855 1226 2922; x_wconf 71' lang='grc' dir='ltr'>ὅμως</span> <span class='ocrx_word' id='word_1_320' title='bbox 1247 2856 1340 2909; x_wconf 82' lang='grc' dir='ltr'><strong>καὶ</strong></span> <span class='ocrx_word' id='word_1_321' title='bbox 1369 2858 1648 2926; x_wconf 78' lang='grc' dir='ltr'>ἀνήκεστα</span> <span class='ocrx_word' id='word_1_322' title='bbox 1673 2863 1902 2918; x_wconf 76' lang='grc' dir='ltr'>νοσοῦσι.</span> 
     </span>
    </p>
   </div>
   <div class='ocr_carea' id='block_1_46' title="bbox 299 2936 1638 3020">
    <p class='ocr_par' dir='ltr' id='par_1_46' title="bbox 299 2936 1638 3020">
     <span class='ocr_line' id='line_1_46' title="bbox 299 2936 1638 3020; baseline 0.013 -33"><span class='ocrx_word' id='word_1_323' title='bbox 299 2936 408 3006; x_wconf 77' lang='grc' dir='ltr'><strong>τὴν</strong></span> <span class='ocrx_word' id='word_1_324' title='bbox 441 2941 824 3010; x_wconf 56' lang='grc' dir='ltr'>προσήκουσαν</span> <span class='ocrx_word' id='word_1_325' title='bbox 852 2943 980 3013; x_wconf 83' lang='grc' dir='ltr'>ὑμῖν</span> <span class='ocrx_word' id='word_1_326' title='bbox 1018 2944 1314 3015; x_wconf 76' lang='grc' dir='ltr'>θεραπείαν</span> <span class='ocrx_word' id='word_1_327' title='bbox 1345 2951 1638 3020; x_wconf 87' lang='grc' dir='ltr'>προσοίσω.</span> 
     </span>
    </p>
   </div>
   <div class='ocr_carea' id='block_1_47' title="bbox 384 3141 1888 3223">
    <p class='ocr_par' dir='ltr' id='par_1_47' title="bbox 384 3141 1888 3223">
     <span class='ocr_line' id='line_1_47' title="bbox 384 3141 1888 3223; baseline 0.009 -31"><span class='ocrx_word' id='word_1_328' title='bbox 384 3159 404 3191; x_wconf 72' lang='grc' dir='ltr'><strong>ι</strong></span> <span class='ocrx_word' id='word_1_329' title='bbox 447 3141 763 3212; x_wconf 80' lang='grc' dir='ltr'>Ἐτοιμάζου</span> <span class='ocrx_word' id='word_1_330' title='bbox 794 3143 1172 3198; x_wconf 81' lang='grc' dir='ltr'>ἐπικαλεῖσθαι</span> <span class='ocrx_word' id='word_1_331' title='bbox 1208 3146 1298 3199; x_wconf 70' lang='grc' dir='ltr'>τὸν</span> <span class='ocrx_word' id='word_1_332' title='bbox 1325 3147 1456 3201; x_wconf 84' lang='grc' dir='ltr'>Θεόν</span> <span class='ocrx_word' id='word_1_333' title='bbox 1485 3166 1600 3214; x_wconf 87' lang='grc' dir='ltr'>σου,</span> <span class='ocrx_word' id='word_1_334' title='bbox 1651 3151 1888 3223; x_wconf 84' lang='grc' dir='ltr'>Ἰσραήλ.</span> 
     </span>
    </p>
   </div>
   <div class='ocr_carea' id='block_1_48' title="bbox 301 3235 1894 3312">
    <p class='ocr_par' dir='ltr' id='par_1_48' title="bbox 301 3235 1894 3312">
     <span class='ocr_line' id='line_1_48' title="bbox 301 3235 1894 3312; baseline 0.008 -24"><span class='ocrx_word' id='word_1_335' title='bbox 301 3238 477 3303; x_wconf 72' lang='grc' dir='ltr'><strong>(ιγ’.)</strong></span> <span class='ocrx_word' id='word_1_336' title='bbox 517 3235 732 3294; x_wconf 76' lang='grc' dir='ltr'>Διότιτο</span> <span class='ocrx_word' id='word_1_337' title='bbox 781 3237 890 3291; x_wconf 69' lang='grc' dir='ltr'><strong>ίδοίι</strong></span> <span class='ocrx_word' id='word_1_338' title='bbox 943 3241 1179 3310; x_wconf 81' lang='grc' dir='ltr'>στερεῶν</span> <span class='ocrx_word' id='word_1_339' title='bbox 1233 3241 1495 3312; x_wconf 81' lang='grc' dir='ltr'>βροντὴν,</span> <span class='ocrx_word' id='word_1_340' title='bbox 1547 3243 1640 3297; x_wconf 86' lang='grc' dir='ltr'><strong>καὶ</strong></span> <span class='ocrx_word' id='word_1_341' title='bbox 1695 3245 1894 3309; x_wconf 78' lang='grc' dir='ltr'>κτίζων</span> 
     </span>
    </p>
   </div>
   <div class='ocr_carea' id='block_1_49' title="bbox 301 3325 1898 3407">
    <p class='ocr_par' dir='ltr' id='par_1_49' title="bbox 301 3325 1898 3407">
     <span class='ocr_line' id='line_1_49' title="bbox 301 3325 1898 3407; baseline 0.011 -31"><span class='ocrx_word' id='word_1_342' title='bbox 301 3325 554 3396; x_wconf 78' lang='grc' dir='ltr'>πνεῦμα,</span> <span class='ocrx_word' id='word_1_343' title='bbox 588 3329 679 3381; x_wconf 78' lang='grc' dir='ltr'><strong>καὶ</strong></span> <span class='ocrx_word' id='word_1_344' title='bbox 706 3329 1067 3397; x_wconf 69' lang='grc' dir='ltr'>ἀπαγγέλλων</span> <span class='ocrx_word' id='word_1_345' title='bbox 1098 3334 1177 3394; x_wconf 78' lang='grc' dir='ltr'><strong>εἰς</strong></span> <span class='ocrx_word' id='word_1_346' title='bbox 1206 3333 1526 3402; x_wconf 77' lang='grc' dir='ltr'>ἀνθρώπους</span> <span class='ocrx_word' id='word_1_347' title='bbox 1545 3336 1639 3388; x_wconf 71' lang='grc' dir='ltr'><strong>τὸν</strong></span> <span class='ocrx_word' id='word_1_348' title='bbox 1662 3338 1898 3407; x_wconf 77' lang='grc' dir='ltr'>Χριστὸν</span> 
     </span>
    </p>
   </div>
   <div class='ocr_carea' id='block_1_50' title="bbox 303 3416 1898 3496">
    <p class='ocr_par' dir='ltr' id='par_1_50' title="bbox 303 3416 1898 3496">
     <span class='ocr_line' id='line_1_50' title="bbox 303 3416 1898 3496; baseline 0.009 -26"><span class='ocrx_word' id='word_1_349' title='bbox 303 3416 519 3470; x_wconf 69' lang='grc' dir='ltr'>αὐτοῦ’</span> <span class='ocrx_word' id='word_1_350' title='bbox 573 3420 742 3472; x_wconf 73' lang='grc' dir='ltr'>ποιῶν</span> <span class='ocrx_word' id='word_1_351' title='bbox 789 3421 984 3492; x_wconf 74' lang='grc' dir='ltr'>ὄρθρον</span> <span class='ocrx_word' id='word_1_352' title='bbox 1016 3426 1108 3477; x_wconf 73' lang='grc' dir='ltr'><strong>καὶ</strong></span> <span class='ocrx_word' id='word_1_353' title='bbox 1157 3425 1409 3496; x_wconf 83' lang='grc' dir='ltr'>ὀμίχλην.</span> <span class='ocrx_word' id='word_1_354' title='bbox 1463 3427 1556 3480; x_wconf 76' lang='grc' dir='ltr'><strong>καὶ</strong></span> <span class='ocrx_word' id='word_1_355' title='bbox 1603 3429 1898 3484; x_wconf 76' lang='grc' dir='ltr'>ἐπιϐαίνων</span> 
     </span>
    </p>
   </div>
   <div class='ocr_carea' id='block_1_51' title="bbox 302 3508 1896 3594">
    <p class='ocr_par' dir='ltr' id='par_1_51' title="bbox 302 3508 1896 3594">
     <span class='ocr_line' id='line_1_51' title="bbox 302 3508 1896 3594; baseline 0.009 -32"><span class='ocrx_word' id='word_1_356' title='bbox 302 3508 497 3580; x_wconf 66' lang='grc' dir='ltr'>ὑψηλὰ</span> <span class='ocrx_word' id='word_1_357' title='bbox 519 3511 562 3542; x_wconf 83' lang='grc'><strong>⁷¹</strong></span> <span class='ocrx_word' id='word_1_358' title='bbox 595 3512 696 3581; x_wconf 80' lang='grc' dir='ltr'>τῆς</span> <span class='ocrx_word' id='word_1_359' title='bbox 731 3513 848 3582; x_wconf 76' lang='grc' dir='ltr'>γῆς,</span> <span class='ocrx_word' id='word_1_360' title='bbox 900 3515 1100 3585; x_wconf 80' lang='grc' dir='ltr'>Κύριος</span> <span class='ocrx_word' id='word_1_361' title='bbox 1126 3518 1154 3568; x_wconf 86' lang='grc' dir='ltr'>ὁ</span> <span class='ocrx_word' id='word_1_362' title='bbox 1183 3517 1334 3582; x_wconf 81' lang='grc' dir='ltr'>Θεὸς,</span> <span class='ocrx_word' id='word_1_363' title='bbox 1370 3521 1462 3571; x_wconf 78' lang='grc' dir='ltr'><strong>ὀ⁷²</strong></span> <span class='ocrx_word' id='word_1_364' title='bbox 1499 3520 1896 3594; x_wconf 80' lang='grc' dir='ltr'>Παντοκράτωρ</span> 
     </span>
    </p>
   </div>
   <div class='ocr_carea' id='block_1_52' title="bbox 302 3601 1896 3678">
    <p class='ocr_par' dir='ltr' id='par_1_52' title="bbox 302 3601 1896 3678">
     <span class='ocr_line' id='line_1_52' title="bbox 302 3601 1896 3678; baseline 0.006 -22"><span class='ocrx_word' id='word_1_365' title='bbox 302 3603 486 3671; x_wconf 77' lang='grc' dir='ltr'>ὄνομα</span> <span class='ocrx_word' id='word_1_366' title='bbox 517 3601 686 3673; x_wconf 79' lang='grc' dir='ltr'>αύτῷ.</span> <span class='ocrx_word' id='word_1_367' title='bbox 723 3625 740 3654; x_wconf 73' lang='grc' dir='ltr'><strong>ι</strong></span> <span class='ocrx_word' id='word_1_368' title='bbox 781 3606 997 3678; x_wconf 77' lang='grc' dir='ltr'>Ταύτης</span> <span class='ocrx_word' id='word_1_369' title='bbox 1026 3608 1206 3661; x_wconf 78' lang='grc' dir='ltr'>τοίνυν</span> <span class='ocrx_word' id='word_1_370' title='bbox 1237 3609 1571 3678; x_wconf 82' lang='grc' dir='ltr'>ἀπαλλαγεὶς</span> <span class='ocrx_word' id='word_1_371' title='bbox 1599 3610 1700 3676; x_wconf 83' lang='grc' dir='ltr'><strong>τῆς</strong></span> <span class='ocrx_word' id='word_1_372' title='bbox 1728 3613 1896 3666; x_wconf 85' lang='grc' dir='ltr'>ἀναλ-</span> 
     </span>
    </p>
   </div>
   <div class='ocr_carea' id='block_1_53' title="bbox 303 3687 1900 3769">
    <p class='ocr_par' dir='ltr' id='par_1_53' title="bbox 303 3687 1900 3769">
     <span class='ocr_line' id='line_1_53' title="bbox 303 3687 1900 3769; baseline 0.008 -26"><span class='ocrx_word' id='word_1_373' title='bbox 303 3691 531 3762; x_wconf 86' lang='grc' dir='ltr'>γησίας,</span> <span class='ocrx_word' id='word_1_374' title='bbox 567 3687 611 3746; x_wconf 84' lang='grc' dir='ltr'>ὧ</span> <span class='ocrx_word' id='word_1_375' title='bbox 655 3695 888 3767; x_wconf 75' lang='grc' dir='ltr'>Ἰσραὴλ,</span> <span class='ocrx_word' id='word_1_376' title='bbox 924 3698 1014 3750; x_wconf 79' lang='grc' dir='ltr'><strong>τὸν</strong></span> <span class='ocrx_word' id='word_1_377' title='bbox 1046 3699 1411 3769; x_wconf 79' lang='grc' dir='ltr'>ἐπικληθέντα</span> <span class='ocrx_word' id='word_1_378' title='bbox 1454 3717 1548 3752; x_wconf 84' lang='grc' dir='ltr'><strong>σου</strong></span> <span class='ocrx_word' id='word_1_379' title='bbox 1606 3701 1739 3754; x_wconf 82' lang='grc' dir='ltr'>θεὸν</span> <span class='ocrx_word' id='word_1_380' title='bbox 1777 3703 1900 3756; x_wconf 77' lang='grc' dir='ltr'>ἑπι-</span> 
     </span>
    </p>
   </div>
   <div class='ocr_carea' id='block_1_54' title="bbox 307 3784 1901 3860">
    <p class='ocr_par' dir='ltr' id='par_1_54' title="bbox 307 3784 1901 3860">
     <span class='ocr_line' id='line_1_54' title="bbox 307 3784 1901 3860; baseline 0.008 -26"><span class='ocrx_word' id='word_1_381' title='bbox 307 3784 570 3854; x_wconf 80' lang='grc' dir='ltr'>ζήτησον,</span> <span class='ocrx_word' id='word_1_382' title='bbox 614 3785 670 3848; x_wconf 81' lang='grc' dir='ltr'>ὃς</span> <span class='ocrx_word' id='word_1_383' title='bbox 705 3787 800 3838; x_wconf 70' lang='grc' dir='ltr'>τοῦ</span> <span class='ocrx_word' id='word_1_384' title='bbox 845 3790 1004 3860; x_wconf 79' lang='grc' dir='ltr'>ἀέρος</span> <span class='ocrx_word' id='word_1_385' title='bbox 1035 3791 1094 3841; x_wconf 71' lang='grc' dir='ltr'><strong>τὸ</strong></span> <span class='ocrx_word' id='word_1_386' title='bbox 1125 3791 1292 3860; x_wconf 81' lang='grc' dir='ltr'>μανὸν</span> <span class='ocrx_word' id='word_1_387' title='bbox 1335 3791 1426 3843; x_wconf 72' lang='grc' dir='ltr'><strong>καὶ</strong></span> <span class='ocrx_word' id='word_1_388' title='bbox 1469 3789 1668 3858; x_wconf 84' lang='grc' dir='ltr'>χαῦνον</span> <span class='ocrx_word' id='word_1_389' title='bbox 1697 3795 1778 3856; x_wconf 83' lang='grc' dir='ltr'><strong>είς</strong></span> <span class='ocrx_word' id='word_1_390' title='bbox 1811 3794 1901 3846; x_wconf 75' lang='grc' dir='ltr'><strong>τὸν</strong></span> 
     </span>
    </p>
   </div>
   <div class='ocr_carea' id='block_1_55' title="bbox 309 3876 1902 3952">
    <p class='ocr_par' dir='ltr' id='par_1_55' title="bbox 309 3876 1902 3952">
     <span class='ocr_line' id='line_1_55' title="bbox 309 3876 1902 3952; baseline 0.006 -24"><span class='ocrx_word' id='word_1_391' title='bbox 309 3876 564 3948; x_wconf 75' lang='grc' dir='ltr'>φρικώδη</span> <span class='ocrx_word' id='word_1_392' title='bbox 602 3880 699 3947; x_wconf 76' lang='grc' dir='ltr'>τῆς</span> <span class='ocrx_word' id='word_1_393' title='bbox 745 3879 971 3952; x_wconf 75' lang='grc' dir='ltr'>βροντῆς</span> <span class='ocrx_word' id='word_1_394' title='bbox 1023 3883 1352 3952; x_wconf 74' lang='grc' dir='ltr'>μεταεαλλει</span> <span class='ocrx_word' id='word_1_395' title='bbox 1403 3885 1631 3951; x_wconf 84' lang='grc' dir='ltr'>κτύπον,</span> <span class='ocrx_word' id='word_1_396' title='bbox 1677 3885 1766 3938; x_wconf 75' lang='grc' dir='ltr'><strong>διὰ</strong></span> <span class='ocrx_word' id='word_1_397' title='bbox 1793 3885 1902 3938; x_wconf 89' lang='grc' dir='ltr'><strong>τῶν</strong></span> 
     </span>
    </p>
   </div>
   <div class='ocr_carea' id='block_1_56' title="bbox 310 3969 1902 4046">
    <p class='ocr_par' dir='ltr' id='par_1_56' title="bbox 310 3969 1902 4046">
     <span class='ocr_line' id='line_1_56' title="bbox 310 3969 1902 4046; baseline 0.006 -25"><span class='ocrx_word' id='word_1_398' title='bbox 310 3969 410 4022; x_wconf 78' lang='grc' dir='ltr'><strong>ὑπ’</strong></span> <span class='ocrx_word' id='word_1_399' title='bbox 440 3969 606 4024; x_wconf 78' lang='grc' dir='ltr'>αὐτοῦ</span> <span class='ocrx_word' id='word_1_400' title='bbox 638 3975 1020 4044; x_wconf 79' lang='grc' dir='ltr'>γεγενημένων</span> <span class='ocrx_word' id='word_1_401' title='bbox 1052 3977 1266 4046; x_wconf 77' lang='grc' dir='ltr'>ἀνέμων</span> <span class='ocrx_word' id='word_1_402' title='bbox 1294 3977 1480 4030; x_wconf 77' lang='grc' dir='ltr'>τοῦτον</span> <span class='ocrx_word' id='word_1_403' title='bbox 1509 3977 1780 4031; x_wconf 80' lang='grc' dir='ltr'>ἀνακινῶν</span> <span class='ocrx_word' id='word_1_404' title='bbox 1807 3979 1902 4031; x_wconf 63' lang='grc' dir='ltr'><strong>καὶ¹</strong></span> 
     </span>
    </p>
   </div>
   <div class='ocr_carea' id='block_1_57' title="bbox 313 4057 1902 4140">
    <p class='ocr_par' dir='ltr' id='par_1_57' title="bbox 313 4057 1902 4140">
     <span class='ocr_line' id='line_1_57' title="bbox 313 4057 1902 4140; baseline 0.005 -27"><span class='ocrx_word' id='word_1_405' title='bbox 313 4063 659 4132; x_wconf 75' lang='grc' dir='ltr'>συστρέφων.</span> <span class='ocrx_word' id='word_1_406' title='bbox 683 4057 850 4128; x_wconf 76' lang='grc' dir='ltr'>Οὗτός</span> <span class='ocrx_word' id='word_1_407' title='bbox 877 4083 956 4118; x_wconf 86' lang='grc' dir='ltr'><strong>σοι</strong></span> <span class='ocrx_word' id='word_1_408' title='bbox 993 4067 1084 4120; x_wconf 80' lang='grc' dir='ltr'><strong>καὶ</strong></span> <span class='ocrx_word' id='word_1_409' title='bbox 1109 4067 1200 4121; x_wconf 75' lang='grc' dir='ltr'><strong>τὸν</strong></span> <span class='ocrx_word' id='word_1_410' title='bbox 1231 4070 1308 4132; x_wconf 87' lang='grc' dir='ltr'>εἰς</span> <span class='ocrx_word' id='word_1_411' title='bbox 1335 4070 1434 4138; x_wconf 78' lang='grc' dir='ltr'><strong>τὴν</strong></span> <span class='ocrx_word' id='word_1_412' title='bbox 1463 4069 1560 4138; x_wconf 81' lang='grc' dir='ltr'><strong>σὴν</strong></span> <span class='ocrx_word' id='word_1_413' title='bbox 1588 4069 1902 4140; x_wconf 74' lang='grc' dir='ltr'>ἐλευθερίαν</span> 
     </span>
    </p>
   </div>
   <div class='ocr_carea' id='block_1_58' title="bbox 311 4155 1902 4232">
    <p class='ocr_par' dir='ltr' id='par_1_58' title="bbox 311 4155 1902 4232">
     <span class='ocr_line' id='line_1_58' title="bbox 311 4155 1902 4232; baseline 0.006 -27"><span class='ocrx_word' id='word_1_414' title='bbox 311 4155 702 4224; x_wconf 70' lang='grc' dir='ltr'>ἀφωρισμένον</span> <span class='ocrx_word' id='word_1_415' title='bbox 747 4158 940 4230; x_wconf 87' lang='grc' dir='ltr'>μηνύει</span> <span class='ocrx_word' id='word_1_416' title='bbox 981 4159 1242 4226; x_wconf 79' lang='grc' dir='ltr'>βασιλέα·</span> <span class='ocrx_word' id='word_1_417' title='bbox 1287 4161 1436 4228; x_wconf 83' lang='grc' dir='ltr'>λέγει</span> <span class='ocrx_word' id='word_1_418' title='bbox 1465 4163 1521 4214; x_wconf 81' lang='grc' dir='ltr'>δὲ</span> <span class='ocrx_word' id='word_1_419' title='bbox 1565 4161 1656 4214; x_wconf 68' lang='grc' dir='ltr'><strong>τὸν</strong></span> <span class='ocrx_word' id='word_1_420' title='bbox 1691 4161 1902 4232; x_wconf 85' lang='grc' dir='ltr'>Κύρον.</span> 
     </span>
    </p>
   </div>
   <div class='ocr_carea' id='block_1_59' title="bbox 321 4247 1904 4320">
    <p class='ocr_par' dir='ltr' id='par_1_59' title="bbox 321 4247 1904 4320">
     <span class='ocr_line' id='line_1_59' title="bbox 321 4247 1904 4320; baseline 0.003 -18"><span class='ocrx_word' id='word_1_421' title='bbox 321 4247 536 4319; x_wconf 77' lang='grc' dir='ltr'>Ῥᾴδιον</span> <span class='ocrx_word' id='word_1_422' title='bbox 561 4248 615 4302; x_wconf 81' lang='grc' dir='ltr'><strong>δὲ</strong></span> <span class='ocrx_word' id='word_1_423' title='bbox 646 4249 810 4320; x_wconf 79' lang='grc' dir='ltr'>αὐτῷ,</span> <span class='ocrx_word' id='word_1_424' title='bbox 847 4251 940 4304; x_wconf 77' lang='grc' dir='ltr'><strong>καὶ</strong></span> <span class='ocrx_word' id='word_1_425' title='bbox 965 4249 1104 4320; x_wconf 75' lang='grc' dir='ltr'>μετὰ</span> <span class='ocrx_word' id='word_1_426' title='bbox 1137 4252 1306 4304; x_wconf 81' lang='grc' dir='ltr'>νύκτα</span> <span class='ocrx_word' id='word_1_427' title='bbox 1330 4251 1547 4320; x_wconf 84' lang='grc' dir='ltr'>βαθεῖαν</span> <span class='ocrx_word' id='word_1_428' title='bbox 1569 4253 1796 4320; x_wconf 85' lang='grc' dir='ltr'>ἀγαγεῖν</span> <span class='ocrx_word' id='word_1_429' title='bbox 1815 4253 1904 4306; x_wconf 78' lang='grc' dir='ltr'>τὸν</span> 
     </span>
    </p>
   </div>
   <div class='ocr_carea' id='block_1_60' title="bbox 307 4339 1902 4412">
    <p class='ocr_par' dir='ltr' id='par_1_60' title="bbox 307 4339 1902 4412">
     <span class='ocr_line' id='line_1_60' title="bbox 307 4339 1902 4412; baseline 0.001 -19"><span class='ocrx_word' id='word_1_430' title='bbox 307 4339 534 4411; x_wconf 71' lang='grc' dir='ltr'>ὄρθρον,</span> <span class='ocrx_word' id='word_1_431' title='bbox 577 4341 672 4396; x_wconf 76' lang='grc' dir='ltr'><strong>καὶ</strong></span> <span class='ocrx_word' id='word_1_432' title='bbox 723 4343 840 4411; x_wconf 83' lang='grc' dir='ltr'>μεθ’</span> <span class='ocrx_word' id='word_1_433' title='bbox 886 4341 1098 4410; x_wconf 75' lang='grc' dir='ltr'>ἡμέραν</span> <span class='ocrx_word' id='word_1_434' title='bbox 1147 4341 1343 4412; x_wconf 54' lang='lat' dir='ltr'><strong>apem]</strong></span> <span class='ocrx_word' id='word_1_435' title='bbox 1399 4341 1601 4411; x_wconf 65' lang='grc' dir='ltr'>κρύψαι</span> <span class='ocrx_word' id='word_1_436' title='bbox 1651 4343 1713 4394; x_wconf 79' lang='grc' dir='ltr'>τὸ</span> <span class='ocrx_word' id='word_1_437' title='bbox 1765 4343 1902 4410; x_wconf 81' lang='grc' dir='ltr'>φῶς.</span> 
     </span>
    </p>
   </div>
   <div class='ocr_carea' id='block_1_61' title="bbox 311 4429 1905 4504">
    <p class='ocr_par' dir='ltr' id='par_1_61' title="bbox 311 4429 1905 4504">
     <span class='ocr_line' id='line_1_61' title="bbox 311 4429 1905 4504; baseline 0.001 -20"><span class='ocrx_word' id='word_1_438' title='bbox 311 4431 586 4503; x_wconf 78' lang='grc' dir='ltr'>Καθάπερ</span> <span class='ocrx_word' id='word_1_439' title='bbox 629 4429 720 4486; x_wconf 71' lang='grc' dir='ltr'>οὖν</span> <span class='ocrx_word' id='word_1_440' title='bbox 761 4435 817 4486; x_wconf 82' lang='grc' dir='ltr'><strong>ὲν</strong></span> <span class='ocrx_word' id='word_1_441' title='bbox 849 4433 1086 4504; x_wconf 73' lang='grc' dir='ltr'>σταθερᾷ</span> <span class='ocrx_word' id='word_1_442' title='bbox 1146 4451 1226 4486; x_wconf 84' lang='grc' dir='ltr'><strong>σοι</strong></span> <span class='ocrx_word' id='word_1_443' title='bbox 1259 4434 1578 4504; x_wconf 70' lang='grc' dir='ltr'>μεσημϐρία</span> <span class='ocrx_word' id='word_1_444' title='bbox 1615 4433 1905 4504; x_wconf 83' lang='grc' dir='ltr'>καθημένῳ</span> 
     </span>
    </p>
   </div>
   <div class='ocr_carea' id='block_1_62' title="bbox 1997 1941 3582 2020">
    <p class='ocr_par' dir='ltr' id='par_1_62' title="bbox 1997 1941 3582 2020">
     <span class='ocr_line' id='line_1_62' title="bbox 1997 1941 3582 2020; baseline 0.006 -25"><span class='ocrx_word' id='word_1_445' title='bbox 1997 1941 2188 1996; x_wconf 59' lang='grc' dir='ltr'>Γνιςριύι</span> <span class='ocrx_word' id='word_1_446' title='bbox 2241 1943 2564 2016; x_wconf 77' lang='lat' dir='ltr'><strong>designans,</strong></span> <span class='ocrx_word' id='word_1_447' title='bbox 2621 1946 2720 2004; x_wconf 89' lang='lat' dir='ltr'><strong>sed</strong></span> <span class='ocrx_word' id='word_1_448' title='bbox 2759 1947 2917 2019; x_wconf 87' lang='lat' dir='ltr'><strong>quasi</strong></span> <span class='ocrx_word' id='word_1_449' title='bbox 2953 1949 3021 2004; x_wconf 90' lang='lat' dir='ltr'><strong>de</strong></span> <span class='ocrx_word' id='word_1_450' title='bbox 3052 1949 3150 2005; x_wconf 87' lang='lat' dir='ltr'><strong>illo</strong></span> <span class='ocrx_word' id='word_1_451' title='bbox 3202 1950 3274 2004; x_wconf 84' lang='lat' dir='ltr'><strong>ita</strong></span> <span class='ocrx_word' id='word_1_452' title='bbox 3329 1950 3582 2020; x_wconf 88' lang='lat' dir='ltr'><strong>loquens.</strong></span> 
     </span>
    </p>
   </div>
   <div class='ocr_carea' id='block_1_63' title="bbox 2000 2033 3650 2111">
    <p class='ocr_par' dir='ltr' id='par_1_63' title="bbox 2000 2033 3650 2111">
     <span class='ocr_line' id='line_1_63' title="bbox 2000 2033 3650 2111; baseline 0.005 -26"><span class='ocrx_word' id='word_1_453' title='bbox 2000 2054 2017 2085; x_wconf 74' lang='grc' dir='ltr'><strong>ι</strong></span> <span class='ocrx_word' id='word_1_454' title='bbox 2059 2033 2122 2087; x_wconf 87' lang='lat' dir='ltr'><strong>Et</strong></span> <span class='ocrx_word' id='word_1_455' title='bbox 2159 2033 2289 2090; x_wconf 88' lang='lat' dir='ltr'><strong>facti</strong></span> <span class='ocrx_word' id='word_1_456' title='bbox 2324 2037 2480 2102; x_wconf 85' lang='lat' dir='ltr'><strong>estis,</strong></span> <span class='ocrx_word' id='word_1_457' title='bbox 2509 2038 2708 2110; x_wconf 91' lang='lat' dir='ltr'><strong>inquit,</strong></span> <span class='ocrx_word' id='word_1_458' title='bbox 2729 2039 2882 2098; x_wconf 80' lang='lat' dir='ltr'><strong>sicut</strong></span> <span class='ocrx_word' id='word_1_459' title='bbox 2911 2041 3080 2097; x_wconf 90' lang='lat' dir='ltr'><strong>torris</strong></span> <span class='ocrx_word' id='word_1_460' title='bbox 3103 2050 3296 2097; x_wconf 89' lang='lat' dir='ltr'><strong>erutus</strong></span> <span class='ocrx_word' id='word_1_461' title='bbox 3317 2057 3389 2096; x_wconf 74' lang='lat' dir='ltr'><strong>ex</strong></span> <span class='ocrx_word' id='word_1_462' title='bbox 3419 2041 3580 2111; x_wconf 83' lang='lat' dir='ltr'><strong>igne:</strong></span> <span class='ocrx_word' id='word_1_463' title='bbox 3637 2042 3650 2054; x_wconf 81' lang='lat'><strong>‘</strong></span> 
     </span>
    </p>
   </div>
   <div class='ocr_carea' id='block_1_64' title="bbox 1993 2125 3585 2197">
    <p class='ocr_par' dir='ltr' id='par_1_64' title="bbox 1993 2125 3585 2197">
     <span class='ocr_line' id='line_1_64' title="bbox 1993 2125 3585 2197; baseline 0.003 -19"><span class='ocrx_word' id='word_1_464' title='bbox 1993 2131 2048 2178; x_wconf 91' lang='lat' dir='ltr'><strong>et</strong></span> <span class='ocrx_word' id='word_1_465' title='bbox 2083 2139 2152 2178; x_wconf 90' lang='lat' dir='ltr'><strong>ne</strong></span> <span class='ocrx_word' id='word_1_466' title='bbox 2181 2125 2264 2180; x_wconf 89' lang='lat' dir='ltr'><strong>sic</strong></span> <span class='ocrx_word' id='word_1_467' title='bbox 2293 2126 2520 2197; x_wconf 90' lang='lat' dir='ltr'><strong>quidem</strong></span> <span class='ocrx_word' id='word_1_468' title='bbox 2545 2131 2804 2186; x_wconf 83' lang='lat' dir='ltr'><strong>conversi</strong></span> <span class='ocrx_word' id='word_1_469' title='bbox 2833 2131 2972 2185; x_wconf 88' lang='lat' dir='ltr'><strong>estis</strong></span> <span class='ocrx_word' id='word_1_470' title='bbox 3002 2131 3072 2184; x_wconf 89' lang='lat' dir='ltr'><strong>ad</strong></span> <span class='ocrx_word' id='word_1_471' title='bbox 3111 2146 3217 2196; x_wconf 85' lang='lat' dir='ltr'><strong>me,</strong></span> <span class='ocrx_word' id='word_1_472' title='bbox 3239 2131 3374 2186; x_wconf 86' lang='lat' dir='ltr'><strong>dicit</strong></span> <span class='ocrx_word' id='word_1_473' title='bbox 3400 2129 3585 2186; x_wconf 88' lang='lat' dir='ltr'><strong>Domi-</strong></span> 
     </span>
    </p>
   </div>
   <div class='ocr_carea' id='block_1_65' title="bbox 1993 2216 3584 2293">
    <p class='ocr_par' dir='ltr' id='par_1_65' title="bbox 1993 2216 3584 2293">
     <span class='ocr_line' id='line_1_65' title="bbox 1993 2216 3584 2293; baseline 0.005 -25"><span class='ocrx_word' id='word_1_474' title='bbox 1993 2232 2118 2271; x_wconf 92' lang='lat' dir='ltr'><strong>nus.</strong></span> <span class='ocrx_word' id='word_1_475' title='bbox 2146 2236 2164 2269; x_wconf 72' lang='grc' dir='ltr'><strong>ι</strong></span> <span class='ocrx_word' id='word_1_476' title='bbox 2185 2216 2660 2284; x_wconf 83' lang='lat' dir='ltr'><strong>Quemadmodum</strong></span> <span class='ocrx_word' id='word_1_477' title='bbox 2691 2220 2859 2276; x_wconf 39' lang='lat' dir='ltr'><strong>enim.</strong></span> <span class='ocrx_word' id='word_1_478' title='bbox 2879 2222 3400 2288; x_wconf 74' lang='lat' dir='ltr'><strong>torris-semiustus,</strong></span> <span class='ocrx_word' id='word_1_479' title='bbox 3437 2220 3584 2293; x_wconf 84' lang='lat' dir='ltr'><strong>ignis</strong></span> 
     </span>
    </p>
   </div>
   <div class='ocr_carea' id='block_1_66' title="bbox 1991 2307 3587 2380">
    <p class='ocr_par' dir='ltr' id='par_1_66' title="bbox 1991 2307 3587 2380">
     <span class='ocr_line' id='line_1_66' title="bbox 1991 2307 3587 2380; baseline 0.006 -21"><span class='ocrx_word' id='word_1_480' title='bbox 1991 2307 2211 2378; x_wconf 88' lang='lat' dir='ltr'><strong>quidem</strong></span> <span class='ocrx_word' id='word_1_481' title='bbox 2248 2309 2546 2367; x_wconf 78' lang='lat' dir='ltr'><strong>efﬁcaciam</strong></span> <span class='ocrx_word' id='word_1_482' title='bbox 2573 2313 2836 2380; x_wconf 88' lang='lat' dir='ltr'><strong>ostendit,</strong></span> <span class='ocrx_word' id='word_1_483' title='bbox 2874 2313 2972 2370; x_wconf 90' lang='lat' dir='ltr'><strong>sed</strong></span> <span class='ocrx_word' id='word_1_484' title='bbox 2998 2315 3065 2371; x_wconf 86' lang='lat' dir='ltr'><strong>ad</strong></span> <span class='ocrx_word' id='word_1_485' title='bbox 3117 2315 3227 2370; x_wconf 78' lang='lat' dir='ltr'><strong>alia</strong></span> <span class='ocrx_word' id='word_1_486' title='bbox 3280 2313 3466 2370; x_wconf 85' lang='lat' dir='ltr'><strong>omnia</strong></span> <span class='ocrx_word' id='word_1_487' title='bbox 3500 2314 3587 2368; x_wconf 84' lang='lat' dir='ltr'><strong>in-</strong></span> 
     </span>
    </p>
   </div>
   <div class='ocr_carea' id='block_1_67' title="bbox 1995 2398 3586 2476">
    <p class='ocr_par' dir='ltr' id='par_1_67' title="bbox 1995 2398 3586 2476">
     <span class='ocr_line' id='line_1_67' title="bbox 1995 2398 3586 2476; baseline 0.004 -25"><span class='ocrx_word' id='word_1_488' title='bbox 1995 2398 2170 2464; x_wconf 91' lang='lat' dir='ltr'><strong>utilis,</strong></span> <span class='ocrx_word' id='word_1_489' title='bbox 2191 2400 2258 2456; x_wconf 89' lang='lat' dir='ltr'><strong>ad</strong></span> <span class='ocrx_word' id='word_1_490' title='bbox 2279 2401 2458 2457; x_wconf 90' lang='lat' dir='ltr'><strong>solum</strong></span> <span class='ocrx_word' id='word_1_491' title='bbox 2489 2402 2672 2474; x_wconf 87' lang='lat' dir='ltr'><strong>ignem</strong></span> <span class='ocrx_word' id='word_1_492' title='bbox 2703 2404 2860 2461; x_wconf 91' lang='lat' dir='ltr'><strong>utilis</strong></span> <span class='ocrx_word' id='word_1_493' title='bbox 2891 2413 2976 2462; x_wconf 90' lang='lat' dir='ltr'><strong>est</strong></span> <span class='ocrx_word' id='word_1_494' title='bbox 3006 2421 3022 2459; x_wconf 86' lang='lat'><strong>:</strong></span> <span class='ocrx_word' id='word_1_495' title='bbox 3072 2406 3156 2461; x_wconf 90' lang='lat' dir='ltr'><strong>sic</strong></span> <span class='ocrx_word' id='word_1_496' title='bbox 3185 2421 3304 2472; x_wconf 86' lang='lat' dir='ltr'><strong>vos,</strong></span> <span class='ocrx_word' id='word_1_497' title='bbox 3335 2405 3586 2476; x_wconf 79' lang='lat' dir='ltr'><strong>plurimis</strong></span> 
     </span>
    </p>
   </div>
   <div class='ocr_carea' id='block_1_68' title="bbox 1992 2490 3586 2566">
    <p class='ocr_par' dir='ltr' id='par_1_68' title="bbox 1992 2490 3586 2566">
     <span class='ocr_line' id='line_1_68' title="bbox 1992 2490 3586 2566; baseline 0.003 -24"><span class='ocrx_word' id='word_1_498' title='bbox 1992 2490 2173 2553; x_wconf 75' lang='lat' dir='ltr'><strong>caesis,</strong></span> <span class='ocrx_word' id='word_1_499' title='bbox 2201 2490 2254 2543; x_wconf 90' lang='lat' dir='ltr'><strong>in</strong></span> <span class='ocrx_word' id='word_1_500' title='bbox 2277 2491 2654 2562; x_wconf 85' lang='lat' dir='ltr'><strong>captivitatem</strong></span> <span class='ocrx_word' id='word_1_501' title='bbox 2683 2493 2931 2561; x_wconf 89' lang='lat' dir='ltr'><strong>abducti,</strong></span> <span class='ocrx_word' id='word_1_502' title='bbox 2956 2496 3106 2548; x_wconf 90' lang='lat' dir='ltr'><strong>omni</strong></span> <span class='ocrx_word' id='word_1_503' title='bbox 3140 2500 3154 2515; x_wconf 87' lang='lat'>&#39;</span> <span class='ocrx_word' id='word_1_504' title='bbox 3188 2496 3435 2566; x_wconf 83' lang='lat' dir='ltr'><strong>potentia</strong></span> <span class='ocrx_word' id='word_1_505' title='bbox 3457 2510 3586 2564; x_wconf 86' lang='lat' dir='ltr'><strong>spu-</strong></span> 
     </span>
    </p>
   </div>
   <div class='ocr_carea' id='block_1_69' title="bbox 1993 2579 3370 2655">
    <p class='ocr_par' dir='ltr' id='par_1_69' title="bbox 1993 2579 3370 2655">
     <span class='ocr_line' id='line_1_69' title="bbox 1993 2579 3370 2655; baseline 0.004 -24"><span class='ocrx_word' id='word_1_506' title='bbox 1993 2579 2284 2647; x_wconf 77' lang='lat' dir='ltr'><strong>liabimini,</strong></span> <span class='ocrx_word' id='word_1_507' title='bbox 2308 2593 2361 2637; x_wconf 90' lang='lat' dir='ltr'><strong>et</strong></span> <span class='ocrx_word' id='word_1_508' title='bbox 2388 2583 2454 2638; x_wconf 86' lang='lat' dir='ltr'><strong>ad</strong></span> <span class='ocrx_word' id='word_1_509' title='bbox 2488 2585 2666 2639; x_wconf 91' lang='lat' dir='ltr'><strong>solam</strong></span> <span class='ocrx_word' id='word_1_510' title='bbox 2693 2587 3017 2642; x_wconf 88' lang='lat' dir='ltr'><strong>servitutem</strong></span> <span class='ocrx_word' id='word_1_511' title='bbox 3042 2588 3155 2655; x_wconf 86' lang='lat' dir='ltr'><strong>apti</strong></span> <span class='ocrx_word' id='word_1_512' title='bbox 3189 2586 3370 2642; x_wconf 89' lang='lat' dir='ltr'><strong>eritis.</strong></span> 
     </span>
    </p>
   </div>
   <div class='ocr_carea' id='block_1_70' title="bbox 2067 2755 3586 2827">
    <p class='ocr_par' dir='ltr' id='par_1_70' title="bbox 2067 2755 3586 2827">
     <span class='ocr_line' id='line_1_70' title="bbox 2067 2755 3586 2827; baseline 0.006 -21"><span class='ocrx_word' id='word_1_513' title='bbox 2067 2755 2230 2810; x_wconf 70' lang='lat' dir='ltr'><strong>Vens.</strong></span> <span class='ocrx_word' id='word_1_514' title='bbox 2269 2757 2355 2810; x_wconf 75' lang='grc'><strong>12.</strong></span> <span class='ocrx_word' id='word_1_515' title='bbox 2393 2774 2412 2808; x_wconf 78' lang='grc' dir='ltr'><strong>ι</strong></span> <span class='ocrx_word' id='word_1_516' title='bbox 2440 2756 2734 2826; x_wconf 82' lang='lat' dir='ltr'><strong>Propterea</strong></span> <span class='ocrx_word' id='word_1_517' title='bbox 2768 2759 2850 2815; x_wconf 91' lang='lat' dir='ltr'><strong>sic</strong></span> <span class='ocrx_word' id='word_1_518' title='bbox 2881 2759 3080 2814; x_wconf 83' lang='lat' dir='ltr'><strong>faciam</strong></span> <span class='ocrx_word' id='word_1_519' title='bbox 3111 2759 3232 2824; x_wconf 89' lang='lat' dir='ltr'><strong>tibi,</strong></span> <span class='ocrx_word' id='word_1_520' title='bbox 3265 2759 3430 2815; x_wconf 82' lang='lat' dir='ltr'><strong>Israel</strong></span> <span class='ocrx_word' id='word_1_521' title='bbox 3453 2778 3468 2827; x_wconf 88' lang='lat'><strong>;</strong></span> <span class='ocrx_word' id='word_1_522' title='bbox 3494 2775 3586 2815; x_wconf 80' lang='lat' dir='ltr'><strong>ve-</strong></span> 
     </span>
    </p>
   </div>
   <div class='ocr_carea' id='block_1_71' title="bbox 1995 2847 3586 2906">
    <p class='ocr_par' dir='ltr' id='par_1_71' title="bbox 1995 2847 3586 2906">
     <span class='ocr_line' id='line_1_71' title="bbox 1995 2847 3586 2906; baseline 0.003 -6"><span class='ocrx_word' id='word_1_523' title='bbox 1995 2857 2304 2904; x_wconf 86' lang='lat' dir='ltr'><strong>rumtamen</strong></span> <span class='ocrx_word' id='word_1_524' title='bbox 2336 2851 2416 2904; x_wconf 91' lang='lat' dir='ltr'><strong>sic</strong></span> <span class='ocrx_word' id='word_1_525' title='bbox 2441 2847 2640 2904; x_wconf 86' lang='lat' dir='ltr'><strong>faciam</strong></span> <span class='ocrx_word' id='word_1_526' title='bbox 2671 2850 2788 2905; x_wconf 91' lang='lat' dir='ltr'><strong>tibi.</strong></span> <span class='ocrx_word' id='word_1_527' title='bbox 2824 2871 2840 2904; x_wconf 74' lang='grc' dir='ltr'><strong>ι</strong></span> <span class='ocrx_word' id='word_1_528' title='bbox 2874 2849 2992 2906; x_wconf 89' lang='lat' dir='ltr'><strong>Etsi</strong></span> <span class='ocrx_word' id='word_1_529' title='bbox 3024 2851 3411 2906; x_wconf 88' lang='lat' dir='ltr'><strong>immedicabili</strong></span> <span class='ocrx_word' id='word_1_530' title='bbox 3437 2865 3586 2904; x_wconf 89' lang='lat' dir='ltr'><strong>mor—</strong></span> 
     </span>
    </p>
   </div>
   <div class='ocr_carea' id='block_1_72' title="bbox 1995 2939 3582 3014">
    <p class='ocr_par' dir='ltr' id='par_1_72' title="bbox 1995 2939 3582 3014">
     <span class='ocr_line' id='line_1_72' title="bbox 1995 2939 3582 3014; baseline 0 -20"><span class='ocrx_word' id='word_1_531' title='bbox 1995 2939 2065 2994; x_wconf 91' lang='lat' dir='ltr'><strong>bo</strong></span> <span class='ocrx_word' id='word_1_532' title='bbox 2119 2939 2404 3007; x_wconf 84' lang='lat' dir='ltr'><strong>laboratis,</strong></span> <span class='ocrx_word' id='word_1_533' title='bbox 2451 2940 2668 3014; x_wconf 62' lang='grc'><strong>1428</strong></span> <span class='ocrx_word' id='word_1_534' title='bbox 2719 2953 2900 2998; x_wconf 89' lang='lat' dir='ltr'><strong>tamen</strong></span> <span class='ocrx_word' id='word_1_535' title='bbox 2951 2957 3252 3014; x_wconf 84' lang='lat' dir='ltr'><strong>congruam</strong></span> <span class='ocrx_word' id='word_1_536' title='bbox 3286 2942 3445 2998; x_wconf 81' lang='lat' dir='ltr'><strong>vobis</strong></span> <span class='ocrx_word' id='word_1_537' title='bbox 3490 2959 3582 2996; x_wconf 80' lang='lat' dir='ltr'><strong>cu-</strong></span> 
     </span>
    </p>
   </div>
   <div class='ocr_carea' id='block_1_73' title="bbox 1998 3031 2550 3088">
    <p class='ocr_par' dir='ltr' id='par_1_73' title="bbox 1998 3031 2550 3088">
     <span class='ocr_line' id='line_1_73' title="bbox 1998 3031 2550 3088; baseline 0.004 -4"><span class='ocrx_word' id='word_1_538' title='bbox 1998 3031 2270 3086; x_wconf 86' lang='lat' dir='ltr'><strong>rationem</strong></span> <span class='ocrx_word' id='word_1_539' title='bbox 2303 3032 2550 3088; x_wconf 83' lang='lat' dir='ltr'><strong>all‘eram.</strong></span> 
     </span>
    </p>
   </div>
   <div class='ocr_carea' id='block_1_74' title="bbox 2073 3144 3580 3218">
    <p class='ocr_par' dir='ltr' id='par_1_74' title="bbox 2073 3144 3580 3218">
     <span class='ocr_line' id='line_1_74' title="bbox 2073 3144 3580 3218; baseline 0 -18"><span class='ocrx_word' id='word_1_540' title='bbox 2073 3169 2090 3200; x_wconf 75' lang='grc' dir='ltr'><strong>ι</strong></span> <span class='ocrx_word' id='word_1_541' title='bbox 2133 3146 2473 3218; x_wconf 68' lang='lat' dir='ltr'><strong>Praeparare,</strong></span> <span class='ocrx_word' id='word_1_542' title='bbox 2533 3157 2592 3200; x_wconf 92' lang='lat' dir='ltr'><strong>ut</strong></span> <span class='ocrx_word' id='word_1_543' title='bbox 2647 3148 2872 3203; x_wconf 88' lang='lat' dir='ltr'><strong>invoces</strong></span> <span class='ocrx_word' id='word_1_544' title='bbox 2934 3147 3102 3201; x_wconf 86' lang='lat' dir='ltr'><strong>Deum</strong></span> <span class='ocrx_word' id='word_1_545' title='bbox 3171 3155 3349 3212; x_wconf 87' lang='lat' dir='ltr'><strong>tuum,</strong></span> <span class='ocrx_word' id='word_1_546' title='bbox 3393 3144 3580 3200; x_wconf 82' lang='lat' dir='ltr'><strong>Israel.</strong></span> 
     </span>
    </p>
   </div>
   <div class='ocr_carea' id='block_1_75' title="bbox 2001 3239 3586 3311">
    <p class='ocr_par' dir='ltr' id='par_1_75' title="bbox 2001 3239 3586 3311">
     <span class='ocr_line' id='line_1_75' title="bbox 2001 3239 3586 3311; baseline -0.003 -17"><span class='ocrx_word' id='word_1_547' title='bbox 2001 3239 2190 3311; x_wconf 64' lang='lat' dir='ltr'><strong>(Vens.</strong></span> <span class='ocrx_word' id='word_1_548' title='bbox 2233 3240 2338 3305; x_wconf 78' lang='lat' dir='ltr'><strong>l5.)</strong></span> <span class='ocrx_word' id='word_1_549' title='bbox 2375 3239 2679 3305; x_wconf 59' lang='lat' dir='ltr'><strong>Quiavecce</strong></span> <span class='ocrx_word' id='word_1_550' title='bbox 2722 3241 2947 3295; x_wconf 82' lang='lat' dir='ltr'><strong>firmans</strong></span> <span class='ocrx_word' id='word_1_551' title='bbox 2983 3239 3219 3304; x_wconf 88' lang='lat' dir='ltr'><strong>tonitru,</strong></span> <span class='ocrx_word' id='word_1_552' title='bbox 3278 3246 3333 3293; x_wconf 84' lang='lat' dir='ltr'><strong>et</strong></span> <span class='ocrx_word' id='word_1_553' title='bbox 3387 3251 3586 3291; x_wconf 86' lang='lat' dir='ltr'><strong>creans</strong></span> 
     </span>
    </p>
   </div>
   <div class='ocr_carea' id='block_1_76' title="bbox 2001 3327 3586 3399">
    <p class='ocr_par' dir='ltr' id='par_1_76' title="bbox 2001 3327 3586 3399">
     <span class='ocr_line' id='line_1_76' title="bbox 2001 3327 3586 3399; baseline -0.004 -13"><span class='ocrx_word' id='word_1_554' title='bbox 2001 3344 2246 3399; x_wconf 83' lang='lat' dir='ltr'><strong>ventum,</strong></span> <span class='ocrx_word' id='word_1_555' title='bbox 2291 3341 2350 3388; x_wconf 87' lang='lat' dir='ltr'><strong>et</strong></span> <span class='ocrx_word' id='word_1_556' title='bbox 2401 3332 2750 3387; x_wconf 60' lang='lat' dir='ltr'><strong>annuntians.</strong></span> <span class='ocrx_word' id='word_1_557' title='bbox 2797 3331 2940 3386; x_wconf 87' lang='lat' dir='ltr'><strong>inter</strong></span> <span class='ocrx_word' id='word_1_558' title='bbox 2999 3331 3252 3385; x_wconf 81' lang='lat' dir='ltr'><strong>homines</strong></span> <span class='ocrx_word' id='word_1_559' title='bbox 3301 3327 3586 3383; x_wconf 85' lang='lat' dir='ltr'><strong>Christum</strong></span> 
     </span>
    </p>
   </div>
   <div class='ocr_carea' id='block_1_77' title="bbox 2002 3420 3588 3492">
    <p class='ocr_par' dir='ltr' id='par_1_77' title="bbox 2002 3420 3588 3492">
     <span class='ocr_line' id='line_1_77' title="bbox 2002 3420 3588 3492; baseline -0.004 -14"><span class='ocrx_word' id='word_1_560' title='bbox 2002 3439 2187 3490; x_wconf 88' lang='lat' dir='ltr'><strong>suum,</strong></span> <span class='ocrx_word' id='word_1_561' title='bbox 2237 3421 2448 3478; x_wconf 89' lang='lat' dir='ltr'><strong>faciens</strong></span> <span class='ocrx_word' id='word_1_562' title='bbox 2499 3438 2659 3476; x_wconf 89' lang='lat' dir='ltr'><strong>mane</strong></span> <span class='ocrx_word' id='word_1_563' title='bbox 2703 3430 2758 3477; x_wconf 88' lang='lat' dir='ltr'><strong>et</strong></span> <span class='ocrx_word' id='word_1_564' title='bbox 2802 3421 3125 3492; x_wconf 73' lang='lat' dir='ltr'><strong>caliginem.</strong></span> <span class='ocrx_word' id='word_1_565' title='bbox 3173 3429 3228 3474; x_wconf 88' lang='lat' dir='ltr'><strong>et</strong></span> <span class='ocrx_word' id='word_1_566' title='bbox 3280 3420 3588 3473; x_wconf 79' lang='lat' dir='ltr'><strong>ascendens</strong></span> 
     </span>
    </p>
   </div>
   <div class='ocr_carea' id='block_1_78' title="bbox 2000 3510 3588 3589">
    <p class='ocr_par' dir='ltr' id='par_1_78' title="bbox 2000 3510 3588 3589">
     <span class='ocr_line' id='line_1_78' title="bbox 2000 3510 3588 3589; baseline -0.008 -15"><span class='ocrx_word' id='word_1_567' title='bbox 2000 3534 2168 3589; x_wconf 89' lang='lat' dir='ltr'><strong>super</strong></span> <span class='ocrx_word' id='word_1_568' title='bbox 2211 3517 2427 3574; x_wconf 81' lang='lat' dir='ltr'><strong>excelsa</strong></span> <span class='ocrx_word' id='word_1_569' title='bbox 2482 3524 2672 3579; x_wconf 64' lang='lat' dir='ltr'><strong>terrae,</strong></span> <span class='ocrx_word' id='word_1_570' title='bbox 2719 3513 2992 3568; x_wconf 82' lang='lat' dir='ltr'><strong>Dominus</strong></span> <span class='ocrx_word' id='word_1_571' title='bbox 3034 3511 3200 3576; x_wconf 85' lang='lat' dir='ltr'><strong>Deus,</strong></span> <span class='ocrx_word' id='word_1_572' title='bbox 3225 3510 3588 3580; x_wconf 81' lang='lat' dir='ltr'><strong>Omnipotens</strong></span> 
     </span>
    </p>
   </div>
   <div class='ocr_carea' id='block_1_79' title="bbox 2005 3600 3587 3680">
    <p class='ocr_par' dir='ltr' id='par_1_79' title="bbox 2005 3600 3587 3680">
     <span class='ocr_line' id='line_1_79' title="bbox 2005 3600 3587 3680; baseline -0.009 -14"><span class='ocrx_word' id='word_1_573' title='bbox 2005 3626 2208 3666; x_wconf 90' lang='lat' dir='ltr'><strong>nomen</strong></span> <span class='ocrx_word' id='word_1_574' title='bbox 2237 3612 2379 3680; x_wconf 88' lang='lat' dir='ltr'><strong>ejus.</strong></span> <span class='ocrx_word' id='word_1_575' title='bbox 2421 3628 2442 3661; x_wconf 82' lang='grc'><strong>›</strong></span> <span class='ocrx_word' id='word_1_576' title='bbox 2475 3608 2558 3662; x_wconf 87' lang='lat' dir='ltr'><strong>Ah</strong></span> <span class='ocrx_word' id='word_1_577' title='bbox 2589 3609 2694 3662; x_wconf 91' lang='lat' dir='ltr'><strong>hoc</strong></span> <span class='ocrx_word' id='word_1_578' title='bbox 2727 3608 2915 3676; x_wconf 88' lang='lat' dir='ltr'><strong>itaque</strong></span> <span class='ocrx_word' id='word_1_579' title='bbox 2935 3616 3158 3674; x_wconf 88' lang='lat' dir='ltr'><strong>stupore</strong></span> <span class='ocrx_word' id='word_1_580' title='bbox 3190 3613 3247 3657; x_wconf 84' lang='lat' dir='ltr'><strong>et</strong></span> <span class='ocrx_word' id='word_1_581' title='bbox 3283 3600 3587 3656; x_wconf 87' lang='lat' dir='ltr'><strong>indolentia</strong></span> 
     </span>
    </p>
   </div>
   <div class='ocr_carea' id='block_1_80' title="bbox 2006 3692 3586 3766">
    <p class='ocr_par' dir='ltr' id='par_1_80' title="bbox 2006 3692 3586 3766">
     <span class='ocr_line' id='line_1_80' title="bbox 2006 3692 3586 3766; baseline -0.006 -13"><span class='ocrx_word' id='word_1_582' title='bbox 2006 3701 2296 3765; x_wconf 90' lang='lat' dir='ltr'><strong>liberatus,</strong></span> <span class='ocrx_word' id='word_1_583' title='bbox 2354 3715 2388 3754; x_wconf 91' lang='grc' dir='ltr'><strong>ο</strong></span> <span class='ocrx_word' id='word_1_584' title='bbox 2419 3697 2610 3762; x_wconf 87' lang='lat' dir='ltr'><strong>Israel,</strong></span> <span class='ocrx_word' id='word_1_585' title='bbox 2645 3696 2815 3751; x_wconf 86' lang='lat' dir='ltr'><strong>Deum</strong></span> <span class='ocrx_word' id='word_1_586' title='bbox 2845 3695 2940 3766; x_wconf 87' lang='lat' dir='ltr'><strong>qui</strong></span> <span class='ocrx_word' id='word_1_587' title='bbox 2970 3703 3101 3748; x_wconf 87' lang='lat' dir='ltr'><strong>tuus</strong></span> <span class='ocrx_word' id='word_1_588' title='bbox 3148 3692 3458 3762; x_wconf 85' lang='lat' dir='ltr'><strong>appellatur</strong></span> <span class='ocrx_word' id='word_1_589' title='bbox 3497 3705 3586 3744; x_wconf 91' lang='lat' dir='ltr'><strong>re-</strong></span> 
     </span>
    </p>
   </div>
   <div class='ocr_carea' id='block_1_81' title="bbox 2006 3781 3590 3862">
    <p class='ocr_par' dir='ltr' id='par_1_81' title="bbox 2006 3781 3590 3862">
     <span class='ocr_line' id='line_1_81' title="bbox 2006 3781 3590 3862; baseline -0.007 -17"><span class='ocrx_word' id='word_1_590' title='bbox 2006 3793 2185 3862; x_wconf 85' lang='lat' dir='ltr'><strong>quire,</strong></span> <span class='ocrx_word' id='word_1_591' title='bbox 2217 3791 2313 3862; x_wconf 92' lang='lat' dir='ltr'><strong>qui</strong></span> <span class='ocrx_word' id='word_1_592' title='bbox 2348 3805 2535 3846; x_wconf 86' lang='lat' dir='ltr'><strong>aerem</strong></span> <span class='ocrx_word' id='word_1_593' title='bbox 2563 3804 2753 3844; x_wconf 89' lang='lat' dir='ltr'><strong>rarum</strong></span> <span class='ocrx_word' id='word_1_594' title='bbox 2779 3798 2831 3843; x_wconf 91' lang='lat' dir='ltr'><strong>et</strong></span> <span class='ocrx_word' id='word_1_595' title='bbox 2860 3787 3081 3842; x_wconf 86' lang='lat' dir='ltr'><strong>mollem</strong></span> <span class='ocrx_word' id='word_1_596' title='bbox 3107 3785 3162 3838; x_wconf 90' lang='lat' dir='ltr'><strong>in</strong></span> <span class='ocrx_word' id='word_1_597' title='bbox 3190 3785 3434 3838; x_wconf 89' lang='lat' dir='ltr'><strong>sonitum</strong></span> <span class='ocrx_word' id='word_1_598' title='bbox 3461 3781 3590 3836; x_wconf 89' lang='lat' dir='ltr'><strong>hor-</strong></span> 
     </span>
    </p>
   </div>
   <div class='ocr_carea' id='block_1_82' title="bbox 2006 3877 3588 3948">
    <p class='ocr_par' dir='ltr' id='par_1_82' title="bbox 2006 3877 3588 3948">
     <span class='ocr_line' id='line_1_82' title="bbox 2006 3877 3588 3948; baseline -0.008 -8"><span class='ocrx_word' id='word_1_599' title='bbox 2006 3885 2187 3940; x_wconf 87' lang='lat' dir='ltr'><strong>ribilis</strong></span> <span class='ocrx_word' id='word_1_600' title='bbox 2226 3885 2438 3938; x_wconf 85' lang='lat' dir='ltr'><strong>tonitru</strong></span> <span class='ocrx_word' id='word_1_601' title='bbox 2478 3882 2774 3948; x_wconf 84' lang='lat' dir='ltr'><strong>convertit,</strong></span> <span class='ocrx_word' id='word_1_602' title='bbox 2805 3895 2871 3934; x_wconf 88' lang='lat' dir='ltr'><strong>ac</strong></span> <span class='ocrx_word' id='word_1_603' title='bbox 2906 3877 3090 3934; x_wconf 91' lang='lat' dir='ltr'><strong>ventis</strong></span> <span class='ocrx_word' id='word_1_604' title='bbox 3123 3877 3218 3946; x_wconf 87' lang='lat' dir='ltr'><strong>qui</strong></span> <span class='ocrx_word' id='word_1_605' title='bbox 3271 3891 3338 3931; x_wconf 76' lang='lat' dir='ltr'><strong>ex</strong></span> <span class='ocrx_word' id='word_1_606' title='bbox 3370 3890 3437 3930; x_wconf 88' lang='lat' dir='ltr'><strong>eo</strong></span> <span class='ocrx_word' id='word_1_607' title='bbox 3488 3891 3588 3929; x_wconf 72' lang='lat' dir='ltr'><strong>ex-</strong></span> 
     </span>
    </p>
   </div>
   <div class='ocr_carea' id='block_1_83' title="bbox 2005 3968 3588 4046">
    <p class='ocr_par' dir='ltr' id='par_1_83' title="bbox 2005 3968 3588 4046">
     <span class='ocr_line' id='line_1_83' title="bbox 2005 3968 3588 4046; baseline -0.008 -14"><span class='ocrx_word' id='word_1_608' title='bbox 2005 3978 2209 4032; x_wconf 89' lang='lat' dir='ltr'><strong>sistunt</strong></span> <span class='ocrx_word' id='word_1_609' title='bbox 2242 3976 2420 4046; x_wconf 89' lang='lat' dir='ltr'><strong>ipsum</strong></span> <span class='ocrx_word' id='word_1_610' title='bbox 2447 3981 2757 4030; x_wconf 83' lang='lat' dir='ltr'><strong>commovet</strong></span> <span class='ocrx_word' id='word_1_611' title='bbox 2783 3981 2839 4027; x_wconf 87' lang='lat' dir='ltr'><strong>et</strong></span> <span class='ocrx_word' id='word_1_612' title='bbox 2871 3978 3073 4027; x_wconf 87' lang='lat' dir='ltr'><strong>versat.</strong></span> <span class='ocrx_word' id='word_1_613' title='bbox 3097 3970 3148 4026; x_wconf 92' lang='lat' dir='ltr'><strong>ls</strong></span> <span class='ocrx_word' id='word_1_614' title='bbox 3179 3969 3276 4025; x_wconf 89' lang='lat' dir='ltr'><strong>tibi</strong></span> <span class='ocrx_word' id='word_1_615' title='bbox 3310 3983 3491 4039; x_wconf 81' lang='lat' dir='ltr'><strong>regem</strong></span> <span class='ocrx_word' id='word_1_616' title='bbox 3522 3968 3588 4021; x_wconf 89' lang='lat' dir='ltr'><strong>ad</strong></span> 
     </span>
    </p>
   </div>
   <div class='ocr_carea' id='block_1_84' title="bbox 2008 4062 3585 4134">
    <p class='ocr_par' dir='ltr' id='par_1_84' title="bbox 2008 4062 3585 4134">
     <span class='ocr_line' id='line_1_84' title="bbox 2008 4062 3585 4134; baseline -0.009 -10"><span class='ocrx_word' id='word_1_617' title='bbox 2008 4079 2058 4126; x_wconf 91' lang='lat' dir='ltr'><strong>te</strong></span> <span class='ocrx_word' id='word_1_618' title='bbox 2113 4069 2457 4124; x_wconf 84' lang='lat' dir='ltr'><strong>liberandum</strong></span> <span class='ocrx_word' id='word_1_619' title='bbox 2505 4069 2778 4123; x_wconf 84' lang='lat' dir='ltr'><strong>delectum</strong></span> <span class='ocrx_word' id='word_1_620' title='bbox 2827 4065 3088 4120; x_wconf 89' lang='lat' dir='ltr'><strong>ostendit.</strong></span> <span class='ocrx_word' id='word_1_621' title='bbox 3143 4062 3347 4134; x_wconf 84' lang='lat' dir='ltr'><strong>Cyrum</strong></span> <span class='ocrx_word' id='word_1_622' title='bbox 3405 4068 3585 4114; x_wconf 88' lang='lat' dir='ltr'><strong>autem</strong></span> 
     </span>
    </p>
   </div>
   <div class='ocr_carea' id='block_1_85' title="bbox 2008 4157 3586 4232">
    <p class='ocr_par' dir='ltr' id='par_1_85' title="bbox 2008 4157 3586 4232">
     <span class='ocr_line' id='line_1_85' title="bbox 2008 4157 3586 4232; baseline -0.01 -16"><span class='ocrx_word' id='word_1_623' title='bbox 2008 4162 2282 4232; x_wconf 81' lang='lat' dir='ltr'><strong>intelligit.</strong></span> <span class='ocrx_word' id='word_1_624' title='bbox 2321 4160 2415 4214; x_wconf 83' lang='lat' dir='ltr'><strong>Est</strong></span> <span class='ocrx_word' id='word_1_625' title='bbox 2445 4168 2628 4213; x_wconf 88' lang='lat' dir='ltr'><strong>autem</strong></span> <span class='ocrx_word' id='word_1_626' title='bbox 2660 4159 2736 4212; x_wconf 93' lang='lat' dir='ltr'><strong>illi</strong></span> <span class='ocrx_word' id='word_1_627' title='bbox 2772 4157 3056 4226; x_wconf 87' lang='lat' dir='ltr'><strong>perfacile,</strong></span> <span class='ocrx_word' id='word_1_628' title='bbox 3103 4163 3158 4208; x_wconf 91' lang='lat' dir='ltr'><strong>et</strong></span> <span class='ocrx_word' id='word_1_629' title='bbox 3198 4160 3322 4222; x_wconf 87' lang='lat' dir='ltr'><strong>post</strong></span> <span class='ocrx_word' id='word_1_630' title='bbox 3368 4158 3586 4205; x_wconf 87' lang='lat' dir='ltr'><strong>noctem</strong></span> 
     </span>
    </p>
   </div>
   <div class='ocr_carea' id='block_1_86' title="bbox 2007 4241 3590 4319">
    <p class='ocr_par' dir='ltr' id='par_1_86' title="bbox 2007 4241 3590 4319">
     <span class='ocr_line' id='line_1_86' title="bbox 2007 4241 3590 4319; baseline -0.011 -10"><span class='ocrx_word' id='word_1_631' title='bbox 2007 4257 2306 4309; x_wconf 76' lang='lat' dir='ltr'><strong>obscuram</strong></span> <span class='ocrx_word' id='word_1_632' title='bbox 2357 4252 2666 4306; x_wconf 88' lang='lat' dir='ltr'><strong>diluculum</strong></span> <span class='ocrx_word' id='word_1_633' title='bbox 2697 4248 3026 4319; x_wconf 85' lang='lat' dir='ltr'><strong>producere,</strong></span> <span class='ocrx_word' id='word_1_634' title='bbox 3068 4257 3121 4299; x_wconf 89' lang='lat' dir='ltr'><strong>et</strong></span> <span class='ocrx_word' id='word_1_635' title='bbox 3160 4260 3256 4314; x_wconf 87' lang='lat' dir='ltr'><strong>per</strong></span> <span class='ocrx_word' id='word_1_636' title='bbox 3279 4243 3420 4296; x_wconf 87' lang='lat' dir='ltr'><strong>diem</strong></span> <span class='ocrx_word' id='word_1_637' title='bbox 3457 4241 3590 4292; x_wconf 84' lang='lat' dir='ltr'><strong>cali-</strong></span> 
     </span>
    </p>
   </div>
   <div class='ocr_carea' id='block_1_87' title="bbox 2009 4333 3589 4416">
    <p class='ocr_par' dir='ltr' id='par_1_87' title="bbox 2009 4333 3589 4416">
     <span class='ocr_line' id='line_1_87' title="bbox 2009 4333 3589 4416; baseline -0.008 -19"><span class='ocrx_word' id='word_1_638' title='bbox 2009 4347 2134 4416; x_wconf 81' lang='lat' dir='ltr'><strong>gine</strong></span> <span class='ocrx_word' id='word_1_639' title='bbox 2175 4346 2353 4398; x_wconf 87' lang='lat' dir='ltr'><strong>lucem</strong></span> <span class='ocrx_word' id='word_1_640' title='bbox 2387 4343 2665 4412; x_wconf 82' lang='lat' dir='ltr'><strong>obtegere.</strong></span> <span class='ocrx_word' id='word_1_641' title='bbox 2697 4339 3175 4406; x_wconf 78' lang='lat' dir='ltr'><strong>Quemadmodum</strong></span> <span class='ocrx_word' id='word_1_642' title='bbox 3221 4351 3352 4406; x_wconf 82' lang='lat' dir='ltr'><strong>ergo</strong></span> <span class='ocrx_word' id='word_1_643' title='bbox 3385 4336 3482 4389; x_wconf 90' lang='lat' dir='ltr'><strong>tibi</strong></span> <span class='ocrx_word' id='word_1_644' title='bbox 3531 4333 3589 4385; x_wconf 93' lang='lat' dir='ltr'><strong>in</strong></span> 
     </span>
    </p>
   </div>
   <div class='ocr_carea' id='block_1_88' title="bbox 2013 4431 3588 4504">
    <p class='ocr_par' dir='ltr' id='par_1_88' title="bbox 2013 4431 3588 4504">
     <span class='ocr_line' id='line_1_88' title="bbox 2013 4431 3588 4504; baseline -0.01 -11"><span class='ocrx_word' id='word_1_645' title='bbox 2013 4439 2195 4493; x_wconf 90' lang='lat' dir='ltr'><strong>medio</strong></span> <span class='ocrx_word' id='word_1_646' title='bbox 2247 4436 2336 4492; x_wconf 84' lang='lat' dir='ltr'><strong>die</strong></span> <span class='ocrx_word' id='word_1_647' title='bbox 2365 4435 2674 4490; x_wconf 84' lang='lat' dir='ltr'><strong>constituto</strong></span> <span class='ocrx_word' id='word_1_648' title='bbox 2732 4432 2884 4504; x_wconf 90' lang='lat' dir='ltr'><strong>(huic</strong></span> <span class='ocrx_word' id='word_1_649' title='bbox 2917 4432 3066 4486; x_wconf 90' lang='lat' dir='ltr'><strong>enim</strong></span> <span class='ocrx_word' id='word_1_650' title='bbox 3107 4431 3305 4486; x_wconf 85' lang='lat' dir='ltr'><strong>similis</strong></span> <span class='ocrx_word' id='word_1_651' title='bbox 3336 4437 3422 4484; x_wconf 88' lang='lat' dir='ltr'><strong>est</strong></span> <span class='ocrx_word' id='word_1_652' title='bbox 3458 4437 3588 4500; x_wconf 75' lang='lat' dir='ltr'><strong>pax)</strong></span> 
     </span>
    </p>
   </div>
   <div class='ocr_carea' id='block_1_89' title="bbox 307 4519 1896 4602">
    <p class='ocr_par' dir='ltr' id='par_1_89' title="bbox 307 4522 1896 4596">
     <span class='ocr_line' id='line_1_89' title="bbox 307 4522 1896 4596; baseline 0.001 -20"><span class='ocrx_word' id='word_1_653' title='bbox 307 4522 515 4595; x_wconf 73' lang='grc' dir='ltr'>(ταύτῃ</span> <span class='ocrx_word' id='word_1_654' title='bbox 562 4523 670 4595; x_wconf 70' lang='grc' dir='ltr'><strong>γὰρ</strong></span> <span class='ocrx_word' id='word_1_655' title='bbox 715 4525 888 4579; x_wconf 82' lang='grc' dir='ltr'>ἔοικεν</span> <span class='ocrx_word' id='word_1_656' title='bbox 919 4527 951 4596; x_wconf 84' lang='grc' dir='ltr'><strong>ή</strong></span> <span class='ocrx_word' id='word_1_657' title='bbox 979 4527 1218 4596; x_wconf 72' lang='grc' dir='ltr'>εἰρήνη),</span> <span class='ocrx_word' id='word_1_658' title='bbox 1259 4526 1358 4595; x_wconf 70' lang='grc' dir='ltr'><strong>τὴν</strong></span> <span class='ocrx_word' id='word_1_659' title='bbox 1392 4525 1491 4594; x_wconf 82' lang='grc' dir='ltr'>τῆς</span> <span class='ocrx_word' id='word_1_660' title='bbox 1523 4525 1896 4595; x_wconf 73' lang='grc' dir='ltr'>αἰχμαλωσίας</span> 
     </span>
    </p>
   </div>
   <div class='ocr_carea' id='block_1_90' title="bbox 2008 4519 3588 4602">
    <p class='ocr_par' dir='ltr' id='par_1_90' title="bbox 2008 4521 3588 4602">
     <span class='ocr_line' id='line_1_90' title="bbox 2008 4521 3588 4602; baseline -0.008 -16"><span class='ocrx_word' id='word_1_661' title='bbox 2008 4523 2346 4602; x_wconf 75' lang='lat' dir='ltr'><strong>captivitatis</strong></span> <span class='ocrx_word' id='word_1_662' title='bbox 2391 4526 2681 4598; x_wconf 83' lang='lat' dir='ltr'><strong>caliginem</strong></span> <span class='ocrx_word' id='word_1_663' title='bbox 2715 4525 2968 4581; x_wconf 80' lang='lat' dir='ltr'><strong>invexit:</strong></span> <span class='ocrx_word' id='word_1_664' title='bbox 3007 4525 3090 4580; x_wconf 90' lang='lat' dir='ltr'><strong>sic</strong></span> <span class='ocrx_word' id='word_1_665' title='bbox 3139 4521 3426 4578; x_wconf 86' lang='lat' dir='ltr'><strong>servitutis</strong></span> <span class='ocrx_word' id='word_1_666' title='bbox 3491 4537 3588 4574; x_wconf 92' lang='lat' dir='ltr'><strong>no-</strong></span> 
     </span>
    </p>
   </div>
   <div class='ocr_carea' id='block_1_91' title="bbox 305 4615 1898 4688">
    <p class='ocr_par' dir='ltr' id='par_1_91' title="bbox 305 4615 1898 4688">
     <span class='ocr_line' id='line_1_91' title="bbox 305 4615 1898 4688; baseline 0.001 -19"><span class='ocrx_word' id='word_1_667' title='bbox 305 4615 550 4686; x_wconf 75' lang='grc' dir='ltr'>ἆμίχλην</span> <span class='ocrx_word' id='word_1_668' title='bbox 588 4618 866 4688; x_wconf 78' lang='grc' dir='ltr'>ἐπήγαγεν</span> <span class='ocrx_word' id='word_1_669' title='bbox 893 4635 907 4648; x_wconf 72' lang='grc' dir='ltr'><strong><em>ο</em></strong></span> <span class='ocrx_word' id='word_1_670' title='bbox 955 4618 1097 4670; x_wconf 69' lang='grc' dir='ltr'>οὕτω</span> <span class='ocrx_word' id='word_1_671' title='bbox 1130 4621 1225 4688; x_wconf 75' lang='grc' dir='ltr'><strong>τῆς</strong></span> <span class='ocrx_word' id='word_1_672' title='bbox 1269 4617 1510 4682; x_wconf 77' lang='grc' dir='ltr'>δουλείας</span> <span class='ocrx_word' id='word_1_673' title='bbox 1540 4617 1898 4682; x_wconf 84' lang='grc' dir='ltr'>καταπαύσας</span> 
     </span>
    </p>
   </div>
   <div class='ocr_carea' id='block_1_92' title="bbox 305 4707 1898 4780">
    <p class='ocr_par' dir='ltr' id='par_1_92' title="bbox 305 4707 1898 4780">
     <span class='ocr_line' id='line_1_92' title="bbox 305 4707 1898 4780; baseline 0.001 -19"><span class='ocrx_word' id='word_1_674' title='bbox 305 4707 415 4778; x_wconf 80' lang='grc' dir='ltr'>τὴν</span> <span class='ocrx_word' id='word_1_675' title='bbox 451 4707 640 4770; x_wconf 87' lang='grc' dir='ltr'>νύκτα,</span> <span class='ocrx_word' id='word_1_676' title='bbox 685 4709 775 4762; x_wconf 82' lang='grc' dir='ltr'><strong>τὸν</strong></span> <span class='ocrx_word' id='word_1_677' title='bbox 805 4709 1020 4780; x_wconf 78' lang='grc' dir='ltr'>ἥδιστον</span> <span class='ocrx_word' id='word_1_678' title='bbox 1051 4711 1148 4778; x_wconf 82' lang='grc' dir='ltr'>τῆς</span> <span class='ocrx_word' id='word_1_679' title='bbox 1187 4707 1498 4778; x_wconf 77' lang='grc' dir='ltr'>ἐλευθερίας</span> <span class='ocrx_word' id='word_1_680' title='bbox 1526 4707 1720 4779; x_wconf 75' lang='grc' dir='ltr'>ὄρθρον</span> <span class='ocrx_word' id='word_1_681' title='bbox 1763 4711 1898 4763; x_wconf 84' lang='grc' dir='ltr'>ἀνα-</span> 
     </span>
    </p>
   </div>
   <div class='ocr_carea' id='block_1_93' title="bbox 305 4798 1900 4874">
    <p class='ocr_par' dir='ltr' id='par_1_93' title="bbox 305 4798 1900 4874">
     <span class='ocr_line' id='line_1_93' title="bbox 305 4798 1900 4874; baseline 0.002 -20"><span class='ocrx_word' id='word_1_682' title='bbox 305 4798 492 4854; x_wconf 86' lang='grc' dir='ltr'>τεῖλαι</span> <span class='ocrx_word' id='word_1_683' title='bbox 522 4801 814 4856; x_wconf 83' lang='grc' dir='ltr'>κελεύει⁷³.</span> <span class='ocrx_word' id='word_1_684' title='bbox 864 4821 883 4852; x_wconf 73' lang='grc' dir='ltr'><strong>ι</strong></span> <span class='ocrx_word' id='word_1_685' title='bbox 921 4802 1222 4856; x_wconf 73' lang='grc' dir='ltr'>Ἐπιὸαίνει</span> <span class='ocrx_word' id='word_1_686' title='bbox 1251 4804 1359 4873; x_wconf 81' lang='grc' dir='ltr'><strong>γὰρ</strong></span> <span class='ocrx_word' id='word_1_687' title='bbox 1389 4803 1482 4855; x_wconf 68' lang='grc' dir='ltr'>ἐπὶ</span> <span class='ocrx_word' id='word_1_688' title='bbox 1509 4803 1579 4855; x_wconf 74' lang='grc' dir='ltr'>τὰ</span> <span class='ocrx_word' id='word_1_689' title='bbox 1601 4802 1780 4874; x_wconf 59' lang='grc' dir='ltr'>ὑψηλὰ</span> <span class='ocrx_word' id='word_1_690' title='bbox 1801 4804 1900 4872; x_wconf 79' lang='grc' dir='ltr'><strong>τῆς</strong></span> 
     </span>
    </p>
   </div>
   <div class='ocr_carea' id='block_1_94' title="bbox 307 4894 1902 4966">
    <p class='ocr_par' dir='ltr' id='par_1_94' title="bbox 307 4894 1902 4966">
     <span class='ocr_line' id='line_1_94' title="bbox 307 4894 1902 4966; baseline 0.015 -26"><span class='ocrx_word' id='word_1_691' title='bbox 307 4894 460 4962; x_wconf 77' lang='grc' dir='ltr'>γῆς·</span> <span class='ocrx_word' id='word_1_692' title='bbox 504 4913 522 4946; x_wconf 73' lang='grc' dir='ltr'><strong>ι</strong></span> <span class='ocrx_word' id='word_1_693' title='bbox 593 4896 872 4960; x_wconf 83' lang='grc' dir='ltr'>τουτέστι,</span> <span class='ocrx_word' id='word_1_694' title='bbox 923 4897 1141 4948; x_wconf 78' lang='grc' dir='ltr'>πάντων</span> <span class='ocrx_word' id='word_1_695' title='bbox 1183 4897 1330 4949; x_wconf 75' lang='grc' dir='ltr'>ἐστὶν</span> <span class='ocrx_word' id='word_1_696' title='bbox 1388 4895 1755 4966; x_wconf 78' lang='grc' dir='ltr'>ὑψηλότατος,</span> <span class='ocrx_word' id='word_1_697' title='bbox 1805 4896 1902 4950; x_wconf 52' lang='grc' dir='ltr'>καὶ</span> 
     </span>
    </p>
   </div>
   <div class='ocr_carea' id='block_1_95' title="bbox 310 4987 1904 5057">
    <p class='ocr_par' dir='ltr' id='par_1_95' title="bbox 310 4987 1904 5057">
     <span class='ocr_line' id='line_1_95' title="bbox 310 4987 1904 5057; baseline 0.001 -19"><span class='ocrx_word' id='word_1_698' title='bbox 310 4987 504 5038; x_wconf 78' lang='grc' dir='ltr'>πᾶσαν</span> <span class='ocrx_word' id='word_1_699' title='bbox 531 4987 629 5056; x_wconf 73' lang='grc' dir='ltr'><strong>τὴν</strong></span> <span class='ocrx_word' id='word_1_700' title='bbox 661 4987 988 5057; x_wconf 82' lang='grc' dir='ltr'>οἰκουμένην</span> <span class='ocrx_word' id='word_1_701' title='bbox 1015 4987 1230 5056; x_wconf 84' lang='grc' dir='ltr'>πληροῖ,</span> <span class='ocrx_word' id='word_1_702' title='bbox 1268 4988 1360 5040; x_wconf 56' lang='lat' dir='ltr'><strong>ac:</strong></span> <span class='ocrx_word' id='word_1_703' title='bbox 1389 4987 1452 5056; x_wconf 84' lang='grc' dir='ltr'>δὴ</span> <span class='ocrx_word' id='word_1_704' title='bbox 1480 4987 1681 5056; x_wconf 87' lang='grc' dir='ltr'>Κύριος</span> <span class='ocrx_word' id='word_1_705' title='bbox 1705 4987 1781 5040; x_wconf 87' lang='grc' dir='ltr'><strong>ῶν</strong></span> <span class='ocrx_word' id='word_1_706' title='bbox 1806 4988 1904 5040; x_wconf 79' lang='grc' dir='ltr'><strong>καὶ</strong></span> 
     </span>
    </p>
   </div>
   <div class='ocr_carea' id='block_1_96' title="bbox 308 5077 1902 5152">
    <p class='ocr_par' dir='ltr' id='par_1_96' title="bbox 308 5077 1902 5152">
     <span class='ocr_line' id='line_1_96' title="bbox 308 5077 1902 5152; baseline 0.001 -22"><span class='ocrx_word' id='word_1_707' title='bbox 308 5077 476 5140; x_wconf 71' lang='grc' dir='ltr'>θεὸς,</span> <span class='ocrx_word' id='word_1_708' title='bbox 505 5079 647 5132; x_wconf 81' lang='grc' dir='ltr'>κατὰ</span> <span class='ocrx_word' id='word_1_709' title='bbox 674 5079 890 5132; x_wconf 76' lang='grc' dir='ltr'>πάντων</span> <span class='ocrx_word' id='word_1_710' title='bbox 912 5079 1050 5148; x_wconf 80' lang='grc' dir='ltr'>έχων</span> <span class='ocrx_word' id='word_1_711' title='bbox 1070 5079 1129 5132; x_wconf 85' lang='grc' dir='ltr'><strong>τὸ</strong></span> <span class='ocrx_word' id='word_1_712' title='bbox 1160 5079 1378 5149; x_wconf 81' lang='grc' dir='ltr'>κράτος.</span> <span class='ocrx_word' id='word_1_713' title='bbox 1416 5081 1570 5132; x_wconf 80' lang='grc' dir='ltr'>Οὖτω</span> <span class='ocrx_word' id='word_1_714' title='bbox 1593 5081 1661 5132; x_wconf 82' lang='grc' dir='ltr'><strong>τὰ</strong></span> <span class='ocrx_word' id='word_1_715' title='bbox 1683 5078 1902 5152; x_wconf 88' lang='grc' dir='ltr'>θυμήρη</span> 
     </span>
    </p>
   </div>
   <div class='ocr_carea' id='block_1_97' title="bbox 318 5169 1905 5242">
    <p class='ocr_par' dir='ltr' id='par_1_97' title="bbox 318 5169 1905 5242">
     <span class='ocr_line' id='line_1_97' title="bbox 318 5169 1905 5242; baseline 0.001 -19"><span class='ocrx_word' id='word_1_716' title='bbox 318 5169 592 5242; x_wconf 80' lang='grc' dir='ltr'>μηνύσας,</span> <span class='ocrx_word' id='word_1_717' title='bbox 628 5173 709 5234; x_wconf 81' lang='grc' dir='ltr'><strong>εἰς</strong></span> <span class='ocrx_word' id='word_1_718' title='bbox 739 5171 996 5224; x_wconf 83' lang='grc' dir='ltr'>τάναντία</span> <span class='ocrx_word' id='word_1_719' title='bbox 1035 5171 1330 5242; x_wconf 74' lang='grc' dir='ltr'>μεταφέρει</span> <span class='ocrx_word' id='word_1_720' title='bbox 1362 5172 1452 5224; x_wconf 81' lang='grc' dir='ltr'><strong>τὸν</strong></span> <span class='ocrx_word' id='word_1_721' title='bbox 1488 5172 1666 5239; x_wconf 72' lang='grc' dir='ltr'>λόγον,</span> <span class='ocrx_word' id='word_1_722' title='bbox 1698 5171 1905 5236; x_wconf 83' lang='grc' dir='ltr'>τούτοις</span> 
     </span>
    </p>
   </div>
   <div class='ocr_carea' id='block_1_98' title="bbox 317 5261 1905 5332">
    <p class='ocr_par' dir='ltr' id='par_1_98' title="bbox 317 5261 1905 5332">
     <span class='ocr_line' id='line_1_98' title="bbox 317 5261 1905 5332; baseline -0.001 -19"><span class='ocrx_word' id='word_1_723' title='bbox 317 5262 428 5332; x_wconf 80' lang='grc' dir='ltr'><strong>μὲν</strong></span> <span class='ocrx_word' id='word_1_724' title='bbox 459 5261 659 5329; x_wconf 73' lang='grc' dir='ltr'>φοϐῶν,</span> <span class='ocrx_word' id='word_1_725' title='bbox 699 5261 1042 5331; x_wconf 72' lang='grc' dir='ltr'>ψυχαγωγῶν</span> <span class='ocrx_word' id='word_1_726' title='bbox 1089 5261 1146 5314; x_wconf 80' lang='grc' dir='ltr'>δὲ</span> <span class='ocrx_word' id='word_1_727' title='bbox 1185 5261 1433 5326; x_wconf 77' lang='grc' dir='ltr'>ἐκείνοις,</span> <span class='ocrx_word' id='word_1_728' title='bbox 1485 5262 1580 5314; x_wconf 67' lang='grc' dir='ltr'>καὶ</span> <span class='ocrx_word' id='word_1_729' title='bbox 1617 5261 1905 5332; x_wconf 81' lang='grc' dir='ltr'>προσέχειν</span> 
     </span>
    </p>
   </div>
   <div class='ocr_carea' id='block_1_99' title="bbox 313 5351 1476 5424">
    <p class='ocr_par' dir='ltr' id='par_1_99' title="bbox 313 5351 1476 5424">
     <span class='ocr_line' id='line_1_99' title="bbox 313 5351 1476 5424; baseline 0.002 -18"><span class='ocrx_word' id='word_1_730' title='bbox 313 5351 580 5424; x_wconf 69' lang='grc' dir='ltr'>ἐκθύμως</span> <span class='ocrx_word' id='word_1_731' title='bbox 620 5357 688 5424; x_wconf 83' lang='grc' dir='ltr'>τῇ</span> <span class='ocrx_word' id='word_1_732' title='bbox 725 5355 982 5424; x_wconf 77' lang='grc' dir='ltr'>μετανοίᾳ</span> <span class='ocrx_word' id='word_1_733' title='bbox 1015 5353 1476 5424; x_wconf 76' lang='grc' dir='ltr'>παρασκευάζων.</span> 
     </span>
    </p>
   </div>
   <div class='ocr_carea' id='block_1_100' title="bbox 2009 4615 3587 4683">
    <p class='ocr_par' dir='ltr' id='par_1_100' title="bbox 2009 4615 3587 4683">
     <span class='ocr_line' id='line_1_100' title="bbox 2009 4615 3587 4683; baseline -0.007 -5"><span class='ocrx_word' id='word_1_734' title='bbox 2009 4631 2149 4678; x_wconf 90' lang='lat' dir='ltr'><strong>ctem</strong></span> <span class='ocrx_word' id='word_1_735' title='bbox 2178 4634 2400 4676; x_wconf 89' lang='lat' dir='ltr'><strong>cessare</strong></span> <span class='ocrx_word' id='word_1_736' title='bbox 2436 4617 2670 4683; x_wconf 84' lang='lat' dir='ltr'><strong>faciens,</strong></span> <span class='ocrx_word' id='word_1_737' title='bbox 2704 4616 3046 4671; x_wconf 78' lang='lat' dir='ltr'><strong>laetissimum</strong></span> <span class='ocrx_word' id='word_1_738' title='bbox 3074 4615 3347 4670; x_wconf 85' lang='lat' dir='ltr'><strong>libertatis</strong></span> <span class='ocrx_word' id='word_1_739' title='bbox 3371 4615 3587 4669; x_wconf 53' lang='lat' dir='ltr'><strong>dilucuc</strong></span> 
     </span>
    </p>
   </div>
   <div class='ocr_carea' id='block_1_101' title="bbox 2011 4707 3589 4782">
    <p class='ocr_par' dir='ltr' id='par_1_101' title="bbox 2011 4707 3589 4782">
     <span class='ocr_line' id='line_1_101' title="bbox 2011 4707 3589 4782; baseline -0.006 -14"><span class='ocrx_word' id='word_1_740' title='bbox 2011 4717 2122 4770; x_wconf 89' lang='lat' dir='ltr'><strong>lum</strong></span> <span class='ocrx_word' id='word_1_741' title='bbox 2167 4710 2374 4768; x_wconf 84' lang='lat' dir='ltr'><strong>exoriri</strong></span> <span class='ocrx_word' id='word_1_742' title='bbox 2417 4709 2592 4782; x_wconf 80' lang='lat' dir='ltr'><strong>jubet.</strong></span> <span class='ocrx_word' id='word_1_743' title='bbox 2623 4727 2642 4762; x_wconf 78' lang='grc' dir='ltr'><strong>ι</strong></span> <span class='ocrx_word' id='word_1_744' title='bbox 2683 4707 2950 4765; x_wconf 79' lang='lat' dir='ltr'><strong>Ascendit</strong></span> <span class='ocrx_word' id='word_1_745' title='bbox 2981 4709 3128 4764; x_wconf 89' lang='lat' dir='ltr'><strong>enim</strong></span> <span class='ocrx_word' id='word_1_746' title='bbox 3165 4722 3333 4778; x_wconf 90' lang='lat' dir='ltr'><strong>super</strong></span> <span class='ocrx_word' id='word_1_747' title='bbox 3375 4707 3589 4762; x_wconf 85' lang='lat' dir='ltr'><strong>excelsa</strong></span> 
     </span>
    </p>
   </div>
   <div class='ocr_carea' id='block_1_102' title="bbox 2011 4799 3590 4869">
    <p class='ocr_par' dir='ltr' id='par_1_102' title="bbox 2011 4799 3590 4869">
     <span class='ocr_line' id='line_1_102' title="bbox 2011 4799 3590 4869; baseline -0.005 -9"><span class='ocrx_word' id='word_1_748' title='bbox 2011 4814 2208 4863; x_wconf 80' lang='lat' dir='ltr'><strong>teme:</strong></span> <span class='ocrx_word' id='word_1_749' title='bbox 2245 4824 2264 4858; x_wconf 73' lang='grc' dir='ltr'><strong>ι</strong></span> <span class='ocrx_word' id='word_1_750' title='bbox 2315 4803 2419 4859; x_wconf 86' lang='lat' dir='ltr'><strong>hoe</strong></span> <span class='ocrx_word' id='word_1_751' title='bbox 2449 4810 2557 4869; x_wconf 87' lang='lat' dir='ltr'><strong>est,</strong></span> <span class='ocrx_word' id='word_1_752' title='bbox 2587 4801 2834 4858; x_wconf 88' lang='lat' dir='ltr'><strong>omnium</strong></span> <span class='ocrx_word' id='word_1_753' title='bbox 2862 4811 2946 4857; x_wconf 89' lang='lat' dir='ltr'><strong>est</strong></span> <span class='ocrx_word' id='word_1_754' title='bbox 2981 4799 3418 4866; x_wconf 78' lang='lat' dir='ltr'><strong>excelsissimus,</strong></span> <span class='ocrx_word' id='word_1_755' title='bbox 3469 4815 3590 4854; x_wconf 85' lang='lat' dir='ltr'><strong>om-</strong></span> 
     </span>
    </p>
   </div>
   <div class='ocr_carea' id='block_1_103' title="bbox 2011 4887 3592 4966">
    <p class='ocr_par' dir='ltr' id='par_1_103' title="bbox 2011 4887 3592 4966">
     <span class='ocr_line' id='line_1_103' title="bbox 2011 4887 3592 4966; baseline -0.004 -16"><span class='ocrx_word' id='word_1_756' title='bbox 2011 4909 2250 4966; x_wconf 87' lang='lat' dir='ltr'><strong>nemque</strong></span> <span class='ocrx_word' id='word_1_757' title='bbox 2288 4892 2480 4948; x_wconf 81' lang='lat' dir='ltr'><strong>orbem</strong></span> <span class='ocrx_word' id='word_1_758' title='bbox 2533 4902 2806 4946; x_wconf 89' lang='lat' dir='ltr'><strong>terrarum</strong></span> <span class='ocrx_word' id='word_1_759' title='bbox 2838 4891 3044 4960; x_wconf 88' lang='lat' dir='ltr'><strong>implet.</strong></span> <span class='ocrx_word' id='word_1_760' title='bbox 3083 4898 3274 4960; x_wconf 86' lang='lat' dir='ltr'><strong>utpote</strong></span> <span class='ocrx_word' id='word_1_761' title='bbox 3326 4887 3592 4943; x_wconf 87' lang='lat' dir='ltr'><strong>Dominus</strong></span> 
     </span>
    </p>
   </div>
   <div class='ocr_carea' id='block_1_104' title="bbox 2011 4981 3588 5051">
    <p class='ocr_par' dir='ltr' id='par_1_104' title="bbox 2011 4981 3588 5051">
     <span class='ocr_line' id='line_1_104' title="bbox 2011 4981 3588 5051; baseline -0.006 -10"><span class='ocrx_word' id='word_1_762' title='bbox 2011 4994 2067 5041; x_wconf 90' lang='lat' dir='ltr'><strong>et</strong></span> <span class='ocrx_word' id='word_1_763' title='bbox 2106 4985 2273 5051; x_wconf 90' lang='lat' dir='ltr'><strong>Deus,</strong></span> <span class='ocrx_word' id='word_1_764' title='bbox 2305 4985 2553 5038; x_wconf 86' lang='lat' dir='ltr'><strong>omnium</strong></span> <span class='ocrx_word' id='word_1_765' title='bbox 2587 4997 2773 5038; x_wconf 90' lang='lat' dir='ltr'><strong>rerum</strong></span> <span class='ocrx_word' id='word_1_766' title='bbox 2826 4982 3114 5051; x_wconf 90' lang='lat' dir='ltr'><strong>imperium</strong></span> <span class='ocrx_word' id='word_1_767' title='bbox 3147 4989 3362 5035; x_wconf 89' lang='lat' dir='ltr'><strong>tenens.</strong></span> <span class='ocrx_word' id='word_1_768' title='bbox 3389 4981 3588 5050; x_wconf 82' lang='lat' dir='ltr'><strong>Atque,</strong></span> 
     </span>
    </p>
   </div>
   <div class='ocr_carea' id='block_1_105' title="bbox 2013 5073 3594 5148">
    <p class='ocr_par' dir='ltr' id='par_1_105' title="bbox 2013 5073 3594 5148">
     <span class='ocr_line' id='line_1_105' title="bbox 2013 5073 3594 5148; baseline -0.007 -14"><span class='ocrx_word' id='word_1_769' title='bbox 2013 5081 2088 5134; x_wconf 87' lang='lat' dir='ltr'><strong>ita</strong></span> <span class='ocrx_word' id='word_1_770' title='bbox 2115 5077 2405 5148; x_wconf 79' lang='lat' dir='ltr'><strong>explicatis</strong></span> <span class='ocrx_word' id='word_1_771' title='bbox 2435 5074 2717 5146; x_wconf 89' lang='lat' dir='ltr'><strong>prosperis</strong></span> <span class='ocrx_word' id='word_1_772' title='bbox 2747 5085 2802 5130; x_wconf 93' lang='lat' dir='ltr'><strong>et</strong></span> <span class='ocrx_word' id='word_1_773' title='bbox 2841 5073 3100 5128; x_wconf 88' lang='lat' dir='ltr'><strong>secundis</strong></span> <span class='ocrx_word' id='word_1_774' title='bbox 3127 5073 3315 5136; x_wconf 80' lang='lat' dir='ltr'><strong>rebus,</strong></span> <span class='ocrx_word' id='word_1_775' title='bbox 3353 5073 3419 5126; x_wconf 91' lang='lat' dir='ltr'><strong>ad</strong></span> <span class='ocrx_word' id='word_1_776' title='bbox 3464 5087 3594 5126; x_wconf 90' lang='lat' dir='ltr'><strong>con-</strong></span> 
     </span>
    </p>
   </div>
   <div class='ocr_carea' id='block_1_106' title="bbox 2017 5163 3593 5234">
    <p class='ocr_par' dir='ltr' id='par_1_106' title="bbox 2017 5163 3593 5234">
     <span class='ocr_line' id='line_1_106' title="bbox 2017 5163 3593 5234; baseline -0.009 -9"><span class='ocrx_word' id='word_1_777' title='bbox 2017 5171 2185 5226; x_wconf 89' lang='lat' dir='ltr'><strong>traria</strong></span> <span class='ocrx_word' id='word_1_778' title='bbox 2220 5168 2492 5222; x_wconf 86' lang='lat' dir='ltr'><strong>convertit</strong></span> <span class='ocrx_word' id='word_1_779' title='bbox 2519 5180 2854 5229; x_wconf 89' lang='lat' dir='ltr'><strong>sermonem,</strong></span> <span class='ocrx_word' id='word_1_780' title='bbox 2904 5165 2986 5220; x_wconf 93' lang='lat' dir='ltr'><strong>his</strong></span> <span class='ocrx_word' id='word_1_781' title='bbox 3023 5163 3593 5234; x_wconf 81' lang='lat' dir='ltr'><strong>perterrefaciens,_et</strong></span> 
     </span>
    </p>
   </div>
   <div class='ocr_carea' id='block_1_107' title="bbox 2017 5251 3593 5329">
    <p class='ocr_par' dir='ltr' id='par_1_107' title="bbox 2017 5251 3593 5329">
     <span class='ocr_line' id='line_1_107' title="bbox 2017 5251 3593 5329; baseline -0.009 -13"><span class='ocrx_word' id='word_1_782' title='bbox 2017 5264 2127 5318; x_wconf 91' lang='lat' dir='ltr'><strong>illis</strong></span> <span class='ocrx_word' id='word_1_783' title='bbox 2177 5260 2495 5326; x_wconf 86' lang='lat' dir='ltr'><strong>consolans,</strong></span> <span class='ocrx_word' id='word_1_784' title='bbox 2527 5259 2878 5329; x_wconf 87' lang='lat' dir='ltr'><strong>ellicieusque</strong></span> <span class='ocrx_word' id='word_1_785' title='bbox 2928 5267 2987 5311; x_wconf 90' lang='lat' dir='ltr'><strong>ut</strong></span> <span class='ocrx_word' id='word_1_786' title='bbox 3023 5255 3358 5328; x_wconf 69' lang='lat' dir='ltr'><strong>pmnitentiw</strong></span> <span class='ocrx_word' id='word_1_787' title='bbox 3385 5269 3448 5307; x_wconf 85' lang='lat' dir='ltr'><strong>ex</strong></span> <span class='ocrx_word' id='word_1_788' title='bbox 3475 5251 3593 5304; x_wconf 90' lang='lat' dir='ltr'><strong>ani-</strong></span> 
     </span>
    </p>
   </div>
   <div class='ocr_carea' id='block_1_108' title="bbox 2018 5357 2550 5421">
    <p class='ocr_par' dir='ltr' id='par_1_108' title="bbox 2018 5357 2550 5421">
     <span class='ocr_line' id='line_1_108' title="bbox 2018 5357 2550 5421; baseline -0.009 -13"><span class='ocrx_word' id='word_1_789' title='bbox 2018 5370 2107 5410; x_wconf 89' lang='lat' dir='ltr'><strong>mo</strong></span> <span class='ocrx_word' id='word_1_790' title='bbox 2148 5357 2278 5406; x_wconf 90' lang='lat' dir='ltr'><strong>dent</strong></span> <span class='ocrx_word' id='word_1_791' title='bbox 2307 5366 2550 5421; x_wconf 73' lang='lat' dir='ltr'><strong>operam.</strong></span> 
     </span>
    </p>
   </div>
   <div class='ocr_carea' id='block_1_109' title="bbox 1639 5535 2338 5594">
    <p class='ocr_par' dir='ltr' id='par_1_109' title="bbox 1639 5535 2338 5594">
     <span class='ocr_line' id='line_1_109' title="bbox 1639 5535 2338 5594; baseline -0.004 -1"><span class='ocrx_word' id='word_1_792' title='bbox 1639 5537 1870 5593; x_wconf 59' lang='lat' dir='ltr'><strong>VARI/l3</strong></span> <span class='ocrx_word' id='word_1_793' title='bbox 1931 5535 2338 5594; x_wconf 78' lang='lat' dir='ltr'><strong>LECTIONES.</strong></span> 
     </span>
    </p>
   </div>
   <div class='ocr_carea' id='block_1_110' title="bbox 402 5697 1247 5766">
    <p class='ocr_par' dir='ltr' id='par_1_110' title="bbox 402 5697 1247 5766">
     <span class='ocr_line' id='line_1_110' title="bbox 402 5697 1247 5766; baseline -0.004 -16"><span class='ocrx_word' id='word_1_794' title='bbox 402 5697 446 5730; x_wconf 80' lang='lat'><em>&quot;</em></span> <span class='ocrx_word' id='word_1_795' title='bbox 477 5714 638 5750; x_wconf 87' lang='grc' dir='ltr'>καυτ.</span> <span class='ocrx_word' id='word_1_796' title='bbox 695 5697 824 5752; x_wconf 73' lang='grc' dir='ltr'>ἰὺὶιὶ.</span> <span class='ocrx_word' id='word_1_797' title='bbox 878 5712 1064 5764; x_wconf 66' lang='lat' dir='ltr'><strong>prtem.</strong></span> <span class='ocrx_word' id='word_1_798' title='bbox 1100 5698 1247 5766; x_wconf 84' lang='grc' dir='ltr'>ύμῖν.</span> 
     </span>
    </p>
   </div>
   <div class='ocr_carea' id='block_1_111' title="bbox 1353 5691 1826 5764">
    <p class='ocr_par' dir='ltr' id='par_1_111' title="bbox 1353 5691 1826 5764">
     <span class='ocr_line' id='line_1_111' title="bbox 1353 5691 1826 5764; baseline -0.006 -17"><span class='ocrx_word' id='word_1_799' title='bbox 1353 5694 1396 5764; x_wconf 46' lang='grc' dir='ltr'><strong>δέ</strong></span> <span class='ocrx_word' id='word_1_800' title='bbox 1435 5692 1538 5761; x_wconf 75' lang='grc' dir='ltr'>οἴχ.</span> <span class='ocrx_word' id='word_1_801' title='bbox 1573 5691 1612 5746; x_wconf 71' lang='grc' dir='ltr'><strong>(ἶ</strong></span> <span class='ocrx_word' id='word_1_802' title='bbox 1651 5694 1826 5764; x_wconf 70' lang='grc' dir='ltr'>ἔχετε.</span> 
     </span>
    </p>
   </div>
   <div class='ocr_carea' id='block_1_112' title="bbox 321 5765 1530 5838">
    <p class='ocr_par' dir='ltr' id='par_1_112' title="bbox 321 5765 1530 5838">
     <span class='ocr_line' id='line_1_112' title="bbox 321 5765 1530 5838; baseline -0.005 -16"><span class='ocrx_word' id='word_1_803' title='bbox 321 5767 501 5822; x_wconf 61' lang='grc' dir='ltr'>(λιιι-ιι.</span> <span class='ocrx_word' id='word_1_804' title='bbox 537 5770 638 5838; x_wconf 73' lang='lat' dir='ltr'><strong>leg.</strong></span> <span class='ocrx_word' id='word_1_805' title='bbox 673 5770 774 5821; x_wconf 74' lang='grc' dir='ltr'>ὅτι.</span> <span class='ocrx_word' id='word_1_806' title='bbox 855 5769 893 5797; x_wconf 86' lang='grc'><strong>⁷¹</strong></span> <span class='ocrx_word' id='word_1_807' title='bbox 931 5769 970 5822; x_wconf 74' lang='grc' dir='ltr'><strong>(ἒ</strong></span> <span class='ocrx_word' id='word_1_808' title='bbox 1208 5768 1252 5795; x_wconf 67' lang='lat'><strong>7&quot;</strong></span> <span class='ocrx_word' id='word_1_809' title='bbox 1286 5766 1330 5817; x_wconf 77' lang='grc' dir='ltr'><strong>ὁ.</strong></span> <span class='ocrx_word' id='word_1_810' title='bbox 1375 5765 1530 5819; x_wconf 73' lang='lat' dir='ltr'><strong>lh:s.i</strong></span> 
     </span>
    </p>
   </div>
   <div class='ocr_carea' id='block_1_113' title="bbox 1699 5691 2449 5764">
    <p class='ocr_par' dir='ltr' id='par_1_113' title="bbox 1699 5691 2449 5764">
     <span class='ocr_line' id='line_1_113' title="bbox 1699 5691 2449 5764; baseline 0 -19"><span class='ocrx_word' id='word_1_811' title='bbox 1699 5711 1826 5764; x_wconf 66' lang='grc' dir='ltr'>ςετε.</span> <span class='ocrx_word' id='word_1_812' title='bbox 1909 5694 1950 5724; x_wconf 68' lang='grc' dir='ltr'>δ⁹</span> <span class='ocrx_word' id='word_1_813' title='bbox 1985 5691 2103 5764; x_wconf 81' lang='grc' dir='ltr'>μέν.</span> <span class='ocrx_word' id='word_1_814' title='bbox 2148 5691 2270 5748; x_wconf 86' lang='lat' dir='ltr'><strong>Des.</strong></span> <span class='ocrx_word' id='word_1_815' title='bbox 2304 5695 2356 5748; x_wconf 91' lang='lat' dir='ltr'><strong>in</strong></span> <span class='ocrx_word' id='word_1_816' title='bbox 2391 5693 2449 5747; x_wconf 70' lang='grc' dir='ltr'><strong>(Σ.</strong></span> 
     </span>
    </p>
   </div>
   <div class='ocr_carea' id='block_1_114' title="bbox 1208 5761 2196 5819">
    <p class='ocr_par' dir='ltr' id='par_1_114' title="bbox 1208 5761 2196 5819">
     <span class='ocr_line' id='line_1_114' title="bbox 1208 5761 2196 5819; baseline 0.002 -4"><span class='ocrx_word' id='word_1_817' title='bbox 1208 5768 1252 5795; x_wconf 69' lang='lat'><strong>7&quot;</strong></span> <span class='ocrx_word' id='word_1_818' title='bbox 1286 5766 1330 5817; x_wconf 76' lang='grc' dir='ltr'><strong>ὁ.</strong></span> <span class='ocrx_word' id='word_1_819' title='bbox 1375 5763 1494 5819; x_wconf 70' lang='lat' dir='ltr'><strong>llus.</strong></span> <span class='ocrx_word' id='word_1_820' title='bbox 1522 5765 1572 5816; x_wconf 85' lang='lat' dir='ltr'><strong>in</strong></span> <span class='ocrx_word' id='word_1_821' title='bbox 1610 5761 1708 5817; x_wconf 41' lang='lat' dir='ltr'><strong>ll.“</strong></span> <span class='ocrx_word' id='word_1_822' title='bbox 1749 5767 1792 5796; x_wconf 74' lang='grc'><strong>⁷-⁸</strong></span> <span class='ocrx_word' id='word_1_823' title='bbox 1819 5765 1892 5818; x_wconf 68' lang='lat' dir='ltr'><strong>ltl.</strong></span> <span class='ocrx_word' id='word_1_824' title='bbox 1930 5761 2196 5817; x_wconf 78' lang='grc' dir='ltr'>κελεύσει.</span> 
     </span>
    </p>
   </div>
   <div class='ocr_carea' id='block_1_115' title="bbox 2552 5675 3600 5749">
    <p class='ocr_par' dir='ltr' id='par_1_115' title="bbox 2552 5675 3600 5749">
     <span class='ocr_line' id='line_1_115' title="bbox 2552 5675 3600 5749; baseline -0.019 -4"><span class='ocrx_word' id='word_1_825' title='bbox 2552 5693 2595 5722; x_wconf 76' lang='grc'><strong>⁷⁰</strong></span> <span class='ocrx_word' id='word_1_826' title='bbox 2623 5691 2774 5743; x_wconf 69' lang='grc' dir='ltr'>διότι.</span> <span class='ocrx_word' id='word_1_827' title='bbox 2808 5685 2946 5739; x_wconf 55' lang='lat' dir='ltr'><strong>intra</strong></span> <span class='ocrx_word' id='word_1_828' title='bbox 2969 5725 2981 5749; x_wconf 94' lang='lat'><strong>,</strong></span> <span class='ocrx_word' id='word_1_829' title='bbox 3022 5682 3075 5734; x_wconf 88' lang='lat' dir='ltr'><strong>in</strong></span> <span class='ocrx_word' id='word_1_830' title='bbox 3110 5678 3243 5734; x_wconf 80' lang='lat' dir='ltr'><strong>dial.</strong></span> <span class='ocrx_word' id='word_1_831' title='bbox 3277 5679 3330 5732; x_wconf 74' lang='grc'>5.</span> <span class='ocrx_word' id='word_1_832' title='bbox 3383 5691 3433 5748; x_wconf 87' lang='lat' dir='ltr'><strong>p.</strong></span> <span class='ocrx_word' id='word_1_833' title='bbox 3467 5675 3600 5733; x_wconf 69' lang='lat'><strong>350.</strong></span> 
     </span>
    </p>
   </div>
  </div>
