3904 6202
382 302 512 369 1687
1388 301 1871 367 THEODORETI
1906 298 2242 361 EPISCOPI
2267 301 2629 363 CYREN‘SIS
3477 304 3592 370 1683

1004 413 1240 469 CAPUT.
1270 413 1332 477 V.

2625 412 3016 466 ΚΕΦΑΛΑῘΟΝ
3049 411 3120 465 E'.

454 500 627 561 Vsus.
698 506 763 569 1,
802 505 857 561 2.
910 524 928 556 ι
1000 507 1201 562 Audite
1257 508 1485 562 verbum
1551 506 1687 562 illud
1748 506 1962 561 Domini

2134 508 2205 565 a',
2235 502 2300 572 β’.
2352 522 2369 553 ι
2412 502 2707 556 ’Δκούσατε
2749 502 2841 555 τὸν
2891 502 3047 571 λόγον
3087 503 3288 575 Κυρίου
3326 508 3512 571 τοῦτον.
3544 510 3593 566 ὃς

380 595 670 668 planctuum
716 612 873 666 quem
923 611 1024 666 ego
1057 598 1345 652 instituam
1391 615 1557 668 super
1593 614 1725 655 vos:
1762 597 1963 652 Domus

2073 592 2176 663 ἐγὼ
2216 593 2476 664 λαμϐάνω
2517 596 2602 663 ἐφ’
2641 595 2786 664 ὑμᾶς
2823 594 3054 665 θρῆνον·
3107 590 3263 659 Οἶκος
3288 596 3374 650 τοῦ
3412 600 3593 672 Ἰσραὴλ

383 688 604 745 lsraelis
635 688 857 753 cecidit,
894 704 1003 742 non
1041 689 1254 761 1429
1272 693 1512 762 amplius
1543 702 1813 763 resurget.
1848 692 1964 744 Vir-

2073 684 2279 750 ἑπεσεν,
2315 686 2499 739 οὐκέτι
2523 688 2583 741 ού
2619 687 2692 756 μὴ
2727 687 2939 757 προσθῇ
2980 686 3073 739 τοῦ
3116 688 3420 758 ἀναστῆναι.
3466 692 3596 762 Hap-

383 794 453 850 go
489 787 669 833 autem
702 776 923 833 lsraclis
964 781 1207 850 proiecta
1231 790 1314 837 est
1346 799 1514 852 super
1542 794 1745 837 terram
1778 798 1962 846 suam,

2073 776 2214 839 θένος
2264 777 2321 830 δὲ
2371 777 2461 831 τοῦ
2502 778 2717 850 Ἰσραὴλ
2762 777 2993 846 ἔσφαλεν
3024 777 3116 830 ἐπὶ
3146 778 3243 848 τῆς
3287 780 3385 849 γῆς
3411 781 3593 849 αύτῆς’

384 885 494 925 non
538 877 623 925 est
672 868 767 939 qui
812 870 1042 926 suscitet
1090 888 1232 928 eam.
1276 892 1294 926 ι
1341 872 1659 929 Misericors
1698 873 1964 927 Dominus

2073 866 2163 918 οὐκ
2194 865 2340 920 ἔστιν
2372 869 2399 920 ὁ
2423 867 2655 922 άνιστῶν
2679 869 2868 939 αὑτήν.
2898 887 2916 920 ι
2953 868 3330 940 Φιλανθρωπία
3355 869 3599 941 χρώμενος

383 960 527 1015 male
571 958 802 1021 aﬂectos
841 969 1005 1033 atque
1046 965 1317 1032 pmnitere
1366 966 1620 1021 nolentes
1649 980 1758 1019 non
1814 964 1964 1019 dedi-

2073 957 2398 1027 ύΔεσπότης
2440 959 2559 1014 οὐδὲ
2604 958 2798 1030 θρῆνον
2840 960 3087 1029 ὑφαίνειν
3134 965 3463 1030 παραιτεῖται
3504 966 3600 1028 τοῖς

384 1060 587 1122 gnatur
614 1052 926 1108 lamentari.
960 1055 1076 1110 Hoc
1094 1069 1223 1111 vero
1248 1073 1264 1115 :
1297 1054 1420 1111 Non
1444 1057 1674 1123 amplius
1696 1064 1963 1127 resurget,

2073 1048 2254 1111 κακῶς
2285 1047 2666 1119 διακειμένοις,
2697 1050 2793 1105 καὶ
2826 1054 3108 1121 μετανοεῖν
3142 1052 3243 1104 οὐκ
3265 1052 3505 1107 ἐθέλουσι.
3537 1056 3600 1108 Th

387 1143 534 1200 felici
562 1145 760 1199 nuntio
805 1145 1074 1203 libertatis
1110 1162 1222 1203 non
1262 1155 1348 1203 est
1379 1149 1743 1204 contrarium.
1784 1147 1964 1219 Signi-

2073 1139 2160 1205 δὲ,
2205 1138 2414 1193 Οὐκέτι
2460 1142 2531 1193 οὐ
2578 1140 2663 1210 μὴ
2709 1141 2945 1210 προσθῇ
2997 1140 3104 1195 τοῦ
3152 1141 3493 1211 ἀναστῆναι,
3517 1145 3601 1200 οὐκ

389 1235 522 1290 ficat
555 1237 701 1291 enim
748 1236 867 1291 fore
898 1245 957 1291 ut
993 1254 1099 1293 non
1134 1239 1371 1309 amplius
1396 1255 1491 1311 per
1518 1254 1651 1296 suos
1678 1249 1964 1311 regantur,

2073 1230 2307 1284 ἐναντίον
2339 1234 2451 1295 τοῖς
2486 1231 2586 1301 τῆς
2622 1231 2934 1304 ἐλευθερίας
2972 1233 3327 1302 εὐαγγελίοις.
3371 1234 3601 1305 Σημαίνει

389 1342 566 1398 neque
601 1329 883 1399 proprium
916 1346 1096 1405 regem
1123 1332 1380 1388 habeant.
1431 1331 1486 1387 Si
1524 1332 1652 1402 quis
1682 1347 1813 1387 vero
1842 1331 1964 1385 dili-

2073 1319 2177 1393 γὰρ
2209 1321 2284 1385 ὡς
2308 1321 2487 1376 οὐκέτι
2514 1322 2634 1377 καθ’
2663 1324 2888 1388 ἑαυτοὺς
2913 1325 3337 1391 πολιτεύσονται,
3361 1326 3472 1379 οὐδὲ
3492 1328 3601 1381 ἴδιον

388 1427 582 1491 genter
623 1420 891 1487 altendat,
938 1421 1182 1477 inveniet
1214 1424 1332 1478 haec
1362 1425 1616 1480 evenisse
1650 1433 1775 1495 post
1819 1423 1964 1478 insa-

2073 1414 2325 1483 σχήσουσι
2350 1412 2589 1483 βασιλέα.
2626 1415 2689 1468 Εἰ
2716 1414 2772 1467 δέ
2798 1433 2879 1480 τις
2898 1416 3140 1486 ἀκριϐῶς
3174 1421 3421 1489 προσχεῖν
3441 1418 3602 1483 ὲθελήσ

382 1512 555 1575 niam,
586 1525 752 1582 quam
798 1512 855 1567 in
891 1512 1233 1569 Salvatorem
1267 1523 1523 1571 nostrum
1562 1525 1963 1571 exercuerunt:

2073 1519 2235 1568 σειεν,
2271 1505 2495 1575 εὑρήσει
2544 1505 2747 1561 τούτων
2793 1508 2892 1578 τὴν
2936 1507 3161 1562 ἔκϐασιν
3199 1511 3335 1579 μετά
3360 1510 3448 1581 τὴν
3488 1512 3606 1571 κατὰ

385 1595 405 1623 ⁴
429 1610 562 1658 tunc
583 1605 732 1660 enim
762 1604 1103 1667 ceciderunt,
1130 1620 1193 1659 ac
1224 1605 1278 1659 in
1308 1606 1404 1661 illo
1436 1622 1569 1662 casu
1601 1607 1667 1662 ad
1698 1606 1843 1662 hunc
1873 1622 1964 1661 us-

2073 1594 2163 1647 τοῦ
2195 1596 2447 1666 Σωτῆρος
2472 1596 2627 1667 ἡμῶν
2663 1598 2859 1668 μανίαν
2884 1614 2900 1629 ⁶
2926 1600 3229 1669 τηνικαῦτα
3256 1600 3359 1672 γὰρ
3381 1602 3603 1666 πεσόντες

386 1710 494 1765 que
523 1695 666 1751 diem
697 1697 1139 1767 permanserunt.
1193 1695 1464 1768 Virginem
1506 1706 1688 1754 autem
1723 1713 1841 1753 eam
1875 1713 1964 1753 vo-

2074 1688 2408 1757 μεμενήκασι
2457 1690 2616 1760 μέχρι
2651 1690 2747 1743 καὶ
2779 1691 3014 1761 τήμερον
3061 1692 3156 1745 ἐπὶ
3199 1692 3292 1745 τοῦ
3331 1692 3601 1763 πτώματος.

2080 1779 2375 1807 η,.,.ο.ι..,...
2404 1779 2457 1807 at.
2488 1780 2656 1807 ...'.-.L..
2699 1781 2851 1807 ..-\-s
2909 1774 3132 1807 a.‘1.'_:_-.
3172 1784 3431 1807 _--_1_._._
3476 1785 3577 1807 -.ο-ι

385 1795 496 1855 cat,
538 1796 761 1859 propter
787 1790 1026 1860 priorem
1058 1790 1314 1860 pietatem
1342 1809 1355 1846 :
1394 1794 1693 1862 projectam
1726 1806 1858 1846 vero
1908 1801 1962 1846 et

2074 1779 2375 1845 Παρθένον
2402 1779 2458 1833 δὲ
2486 1780 2656 1849 αὐτὴν
2699 1781 2871 1847 καλεῖ,
2907 1779 3133 1855 διάτὴν
3169 1784 3432 1855 προτέραν
3472 1785 3604 1838 εύσέ-

384 1886 722 1949 corruptam,
786 1891 1009 1951 propter
1064 1882 1302 1950 cultum,
1359 1897 1519 1953 quem
1575 1879 1736 1938 idolis
1772 1890 1961 1952 postea

2073 1869 2220 1923 ϐειαν
2248 1887 2262 1900 ·
2294 1870 2583 1940 σφαλεῖσαν
2608 1871 2665 1926 δὲ
2697 1873 2792 1927 καὶ
2822 1873 3237 1947 διαφθαρεῖσαν,
3262 1875 3347 1929 διὰ
3372 1874 3463 1944 τὴν
3492 1875 3605 1945 μετὰ

384 1971 600 2026 detulit.
624 1970 762 2026 illud
786 1987 950 2041 porro
975 1989 989 2029 :
1019 1971 1143 2028 Non
1166 1983 1245 2030 est
1265 1975 1355 2045 qui
1375 1974 1593 2030 suscitet
1618 1992 1755 2039 eam,
1779 1982 1964 2030 osten-

385 2063 484 2126 dit,
539 2063 692 2118 nullo
737 2064 887 2119 illam
930 2065 1179 2122 subsidio
1230 2066 1476 2123 humano
1527 2066 1642 2123 fore
1696 2066 1958 2136 adiutam.

387 2153 501 2208 Deo
532 2154 678 2209 enim
703 2156 1092 2212 universorum
1128 2166 1501 2229 repugnante,
1542 2175 1641 2213 nec
1674 2157 1961 2230 Egyptio~

386 2260 512 2298 rum
567 2261 683 2308 rex,
715 2262 817 2302 nec
862 2249 1008 2303 alius
1038 2249 1312 2320 quiSpiam
1340 2251 1417 2304 eis
1450 2250 1703 2304 auxiliari
1757 2249 1956 2319 potuit.

388 2331 724 2390 Pmnuntiat
753 2336 915 2391 etiam
942 2353 1132 2395 eorum
1167 2336 1406 2393 futuram
1430 2338 1782 2407 paucitatem.

459 2505 626 2562 Vens.
656 2508 711 2562 5.
733 2506 793 2563 In
822 2509 957 2565 urbe
990 2511 1157 2572 enim.
1200 2512 1298 2572 ait,
1336 2526 1367 2567 e
1391 2526 1494 2582 qua
1536 2512 1961 2584 egrediebantur

386 2599 559 2665 mille,
594 2598 966 2672 relinquentur
993 2613 1211 2658 centum
1243 2623 1256 2657 :
1285 2611 1339 2658 et
1378 2618 1407 2659 e
1451 2620 1558 2673 qua
1601 2605 1960 2676 egredieban-

386 2696 478 2742 tur
506 2697 751 2758 centum,
783 2691 836 2746 in
868 2708 931 2747 ea
968 2694 1344 2763 relinquentur
1373 2693 1582 2749 decem.
1610 2714 1629 2747 ο
1678 2694 1754 2767 μ,
1783 2696 1855 2769 5]
1889 2696 1959 2751 At

386 2778 605 2835 tandem
637 2781 951 2851 aliquando,
997 2782 1181 2839 Bethel
1215 2790 1269 2838 et
1299 2782 1521 2853 Galgala
1564 2786 1956 2855 relinquentes,

386 2870 992 2942 cultumqueidolorum
1015 2888 1180 2944 prepe
1202 2881 1422 2944 puteum
1435 2875 1754 2945 juramenti,
1779 2894 1956 2934 meam

385 2961 610 3029 quaerite
636 2963 1055 3032 providentiam.
1092 2964 1222 3019 inde
1251 2965 1394 3019 enim
1430 2966 1595 3021 vitam
1648 2983 1955 3040 conseque-

2066 1959 2239 2014 ταῦτα
2270 1961 2378 2015 τῶν
2416 1961 2646 2037 εἰδώλων
2690 1964 2965 2036 λατρείαν.
3012 1965 3085 2018 Τὸ
3115 1965 3208 2029 δὲ,
3240 1967 3360 2020 Οὐκ
3405 1965 3555 2020 ἔστιν
3577 1970 3605 2020 d

2066 2049 2332 2105 ἀνία-τῶν
2381 2047 2608 2121 autin",
2658 2052 2717 2106 τὸ
2762 2053 3034 2123 μηδεμιᾶς
3076 2052 3246 2119 αὐτὴν
3295 2053 3604 2123 ἀνθρωπίνης

2068 2143 2387 2214 ἐπικουρίας
2412 2143 2717 2198 ἀπολαῦσαι
2752 2145 3007 2214 σημαίνει
3032 2161 3046 2174 ·
3102 2144 3200 2198 τοῦ
3226 2143 3359 2197 Θεοῦ
3386 2144 3486 2215 γὰρ
3515 2143 3607 2197 τῶν

2066 2234 2203 2287 ὅλων
2228 2234 2644 2305 άνθισταμένου,
2672 2234 2795 2289 οὔτε
2825 2238 2853 2289 ὁ
2895 2237 3211 2305 Αἰγυπτίων
3255 2237 3430 2300 αὐτοῖς
3473 2236 3605 2305 βασις

2064 2323 2209 2387 λεὺς,
2239 2321 2349 2377 οὔτ’
2380 2325 2538 2390 ἄλλος
2566 2344 2649 2390 τις
2681 2326 2899 2399 ἴσχυσεν
2942 2326 3242 2398 ἐπαμῦναι.
3274 2324 3607 2397 Προαγορεύει

2061 2412 2120 2475 δὲ
2148 2413 2241 2469 καὶ
2269 2414 2369 2486 τὴν
2400 2416 2668 2488 ἐσομένην
2694 2416 2871 2469 αὐτῶν
2896 2416 3207 2486 ὀλιγότητα.

2132 2508 2199 2573 γ’.
2259 2520 2279 2555 ι
2317 2504 2384 2558 Ἦ
2428 2504 2580 2567 πόλις
2628 2505 2757 2577 γὰρ,
2798 2504 2987 2576 φησιν,
3022 2504 3145 2558 ὅθεν
3176 2504 3225 2536 ⁷⁴
3264 2503 3610 2575 ἐξεπορεύοντο

2064 2595 2247 2667 χίλιοι,
2284 2595 2773 2667 ὑπολειφθήσονται
2821 2597 3044 2661 ἑκατὸν,
3096 2596 3196 2649 καὶ
3243 2595 3302 2660 ἐξ
3344 2590 3408 2667 ἦς
3450 2595 3608 2659 ἐξεπο-

2069 2684 2284 2758 ρεύοντο
2329 2687 2545 2750 ἑκατὸν,
2582 2687 3065 2759 ύπολειφθήσονται
3110 2686 3270 2743 δέκα.
3301 2704 3318 2737 ι
3370 2685 3498 2738 Ἀλλ’
3528 2684 3609 2753 die

2064 2777 2194 2846 γοῦν
2215 2794 2345 2831 ποτε
2364 2777 2462 2849 τὴν
2488 2777 2689 2849 Βαιθὴλ
2712 2778 2806 2832 καὶ
2830 2778 2927 2848 τὴν
2956 2777 3209 2846 Γάλγαλα
3233 2777 3607 2839 καταλιπόντες,

2064 2870 2160 2924 καὶ
2183 2869 2283 2942 τὴν
2315 2870 2467 2943 παρὰ
2499 2871 2559 2924 τὸ
2583 2871 2756 2945 φρέαρ
2785 2871 2879 2925 τοῦ
2915 2872 3077 2943 ὅρκου
3121 2870 3236 2925 τῶν
3277 2870 3497 2924 εἰδώλων
3525 2869 3606 2922 λα-

2063 2961 2271 3033 τρείαν,
2305 2962 2403 3034 τὴν
2437 2962 2577 3035 ἐμὴν
2602 2962 2967 3033 ἐπιζητήσατε
2996 2963 3257 3035 πρόνοιαν
3293 2980 3307 2995 ·
3361 2962 3495 3032 ζωὴν
3519 2963 3611 3029 γὰρ

385 3052 518 3109 mini
551 3072 565 3109 :
593 3052 780 3109 Bethel
826 3060 1006 3108 autem
1040 3061 1095 3110 et
1131 3052 1352 3126 Galgala
1392 3058 1556 3113 simul
1610 3074 1733 3114 cum
1795 3060 1958 3117 idolis

2073 3052 2314 3112 ἐντεῦθεν
2341 3054 2635 3126 ποριεῖσθε.
2688 3053 2887 3125 Βαιθὴλ
2916 3055 2972 3108 δὲ
3000 3055 3093 3111 καὶ
3120 3054 3376 3122 Γάλγαλα
3405 3054 3491 3106 σὺν
3517 3053 3608 3113 toi;

385 3140 670 3216 tradentur
720 3140 990 3198 hostibus.
1047 3141 1332 3199 Manifesta
1377 3160 1509 3201 vero
1549 3148 1770 3203 insania
1822 3157 1962 3213 erat,

386 3249 494 3288 non
526 3233 704 3290 solum
734 3247 802 3288 ex
830 3239 994 3301 puteo
1018 3233 1112 3289 illo
1161 3234 1381 3306 pietatis
1432 3238 1665 3294 Abrahae
1715 3256 1823 3296 non
1870 3257 1960 3296 re-

385 3322 627 3387 cordari,
658 3321 756 3379 sed
789 3322 955 3379 etiam
992 3324 1136 3395 apud
1183 3342 1308 3383 eum
1339 3328 1677 3401 impietatem
1710 3333 1965 3391 commit-

386 3421 520 3469 tere.

458 3500 833 3574 15.30%“.
854 3503 909 3559 6.
942 3522 961 3557 ι
990 3504 1229 3573 Quaerite
1247 3507 1561 3575 Dominum,
1586 3519 1640 3568 et
1661 3514 1876 3580 vivetis,
1899 3531 1968 3572 ne

386 3593 524 3649 forte
541 3594 780 3650 reluceat
793 3603 853 3650 ut
868 3596 1012 3667 ignis
1034 3598 1231 3655 domus
1250 3598 1495 3672 Iosephi,
1514 3610 1570 3657 et
1585 3601 1803 3659 devoret
1821 3620 1962 3669 eam,

385 3694 437 3740 et
476 3700 584 3740 non
631 3686 703 3741 sit
729 3688 821 3758 qui
864 3689 1178 3761 exstinguat
1210 3691 1399 3747 domui
1429 3694 1672 3749 lsraelis.
1709 3715 1729 3747 ι
1768 3694 1844 3750 Ex
1880 3697 1966 3751 his

386 3786 571 3846 aperte
603 3780 988 3846 cognoscimus
1019 3782 1165 3850 quod
1214 3791 1505 3853 peccatum
1523 3787 1681 3841 nobis
1706 3787 1964 3841 incendat

387 3870 658 3924 flammam
683 3872 974 3936 malorum,
1008 3888 1163 3927 amor
1202 3889 1330 3929 vero
1362 3882 1417 3930 et
1449 3876 1678 3932 aﬂ'ectus
1707 3878 1761 3931 in
1794 3876 1963 3931 Deum

386 3958 551 4013 vitam
594 3959 751 4016 nobis
789 3961 1063 4015 conciliet.
1374 3970 1379 3975 ‘

456 4047 624 4105 Vsus.
650 4046 706 4105 ’1.
736 4066 757 4102 ι
782 4048 1044 4105 Dominus
1072 4049 1165 4121 qui
1190 4049 1320 4106 facit
1342 4051 1397 4106 in
1420 4052 1640 4108 excelso
1666 4052 1961 4121 judicium.

386 4151 441 4196 et
460 4140 728 4212 justitiam
759 4142 813 4197 in
857 4150 1005 4199 terra
1054 4144 1257 4215 posuit.
1302 4162 1321 4196 ι
1376 4143 1530 4211 Quod
1576 4144 1678 4199 sibi
1719 4145 1960 4210 videtur,

387 4233 580 4304 inquit,
613 4234 860 4291 decernit
896 4249 1021 4291 cum
1057 4237 1127 4291 sit
1160 4237 1365 4307 justus,
1412 4246 1465 4292 et
1504 4234 1709 4306 judicia
1739 4237 1858 4304 ejus
1905 4237 1961 4291 in

387 4335 530 4381 terra
576 4326 953 4397 perficiuntur.

457 4416 626 4473 Vsus.
657 4418 711 4474 8.
748 4437 768 4470 ι
795 4419 897 4485 Qui
930 4420 1058 4473 facit
1096 4420 1302 4479 omnia.
1354 4427 1405 4473 et
1460 4419 1841 4486 transformat,
1901 4430 1956 4477 et
1992 4441 2034 4494 ῃ

386 4508 657 4563 convertit
690 4508 745 4562 in
782 4524 939 4565 mane
968 4510 1214 4565 umbram
1248 4509 1460 4572 mortis,
1513 4520 1566 4565 et
1607 4511 1751 4571 diem
1800 4515 1987 4584 quasi'

388 4609 605 4659 noctem
651 4603 971 4658 obtencbrat
1007 4622 1020 4659 :
1069 4603 1162 4673 qui
1206 4612 1396 4659 evocat
1439 4619 1634 4675 aquam
1685 4609 1875 4671 maris,
1906 4618 1961 4666 et

387 4692 621 4751 effundit
668 4708 787 4749 eam
842 4708 1010 4764 super
1057 4693 1248 4749 faciem
1294 4696 1778 4763 terrm;Dominus
1819 4699 1963 4757 Deus

2063 3145 2301 3209 εἰδώλοις
2336 3148 2448 3209 τοῖς
2494 3146 2771 3215 πολεμίοις
2816 3146 3307 3218 παραδοθήσονται.
3356 3144 3524 3198 Μανία
3561 3141 3608 3194 δὲ

2066 3236 2262 3308 σαφὴς,
2290 3236 2350 3289 τὸ
2378 3237 2452 3307 μὴ
2495 3238 2653 3308 μόνον
2697 3239 2796 3310 τῆς
2838 3237 2933 3290 τοῦ
2971 3237 3226 3308 Ἀϐραὰμ
3260 3234 3523 3295 εὐσεϐείας
3554 3233 3607 3283 ἐκ

2063 3327 2156 3382 τοῦ
2190 3329 2422 3401 φρέατος
2469 3330 2678 3382 ἐκείνου
2728 3328 2803 3400 μὴ
2838 3327 3294 3400 παραλαμϐάνειν
3320 3328 3365 3359 ⁷⁸
3394 3326 3605 3396 μνήμην.

2066 3421 2203 3477 ἀλλὰ
2230 3422 2325 3475 καὶ
2356 3421 2484 3491 παρ’
2512 3423 2690 3475 ἐκεῖνο
2716 3420 2921 3491 τολμᾷν
2948 3421 3048 3492 τὴν
3074 3420 3353 3474 ἀσέϐειαν.

2151 3518 2225 3585 ς’.
2285 3529 2304 3562 ι
2346 3510 2713 3582 Ἐκζητήσατε
2763 3511 2855 3565 τὸν
2900 3512 3124 3582 Κύριον,
3187 3515 3284 3565 καὶ
3333 3509 3609 3582 ζήσεσθε“,

2066 3604 2211 3668 ὅπως
2240 3602 2313 3674 μὴ
2337 3603 2630 3675 ἀναλάμψει
2655 3604 2731 3667 ὡς
2755 3604 2864 3674 πῦρ
2884 3607 2912 3658 ὁ
2930 3597 3076 3667 οἶκος
3112 3604 3336 3674 Ἰωσὴφ,
3360 3604 3449 3656 καὶ
3471 3619 3611 3665 κατα-

2068 3693 2216 3764 φάγῃ
2246 3694 2428 3757 αὑτὸν,
2474 3695 2567 3747 καὶ
2593 3694 2693 3747 οὐκ
2724 3694 2874 3747 ἔσται
2906 3697 2935 3748 ὁ
2986 3694 3196 3748 σϐἐσων
3232 3694 3311 3764 τῷ
3357 3695 3482 3763 οἴκῳ
3529 3693 3611 3744 Ἰσ-

2071 3786 2227 3857 ραήλ.
2262 3805 2281 3837 ι
2311 3784 2500 3853 Σαφῶς
2526 3787 2590 3839 ὲκ
2611 3786 2814 3839 τούτων
2850 3786 3216 3857 μανθάνομεν,
3243 3788 3319 3850 ὡς
3343 3788 3375 3856 ἠ
3399 3784 3611 3855 ἁμαρτία

2068 3877 2197 3944 ἡμῖν
2233 3876 2453 3941 ἐξάπτει
2481 3875 2578 3948 τὴν
2613 3877 2786 3945 φλόγα
2819 3877 2928 3932 τῶν
2956 3878 3142 3932 κακῶν
3170 3895 3184 3908 ·
3235 3879 3269 3948 ἡ
3301 3878 3357 3931 δὲ
3385 3876 3504 3947 περὶ
3537 3874 3612 3927 τὸν

2066 3965 2199 4018 Θεὸν
2224 3967 2445 4037 στοργὴ,
2487 3969 2580 4021 καὶ
2611 3966 2869 4032 διάθεσις,
2899 3967 3041 4039 ζωὴν
3064 3971 3200 4040 ἡμῖν
3232 3969 3490 4040 προξενεῖ.

2136 4055 2202 4119 ζ’.
2249 4075 2269 4109 ι
2295 4057 2555 4129 Κύριος⁷⁷
2580 4060 2609 4112 ὁ
2638 4058 2806 4112 ποιῶν
2831 4061 2911 4123 είς
2941 4058 3073 4129 ὕψος
3101 4063 3301 4131 κρῖμα,
3326 4060 3417 4114 καὶ
3439 4060 3613 4112 δικαιο⁸

2070 4144 2234 4216 σύνην
2256 4147 2335 4210 είς
2356 4146 2462 4217 γῆν
2490 4146 2677 4218 ἔθηκε.
2712 4166 2731 4198 t
2760 4147 3091 4217 Ψηφίζεται,
3123 4149 3314 4218 φησὶν,
3345 4147 3373 4200 ὃ
3396 4147 3611 4217 βούλεται

2065 4235 2272 4301 δίκαιος
2302 4236 2404 4304 ὢν,
2434 4238 2531 4293 καὶ
2561 4239 2735 4309 πέρας
2783 4240 2841 4291 ὲν
2873 4241 2940 4311 τῇ
2979 4242 3050 4311 γῇ
3097 4241 3168 4293 τὰ
3210 4239 3498 4311 κρινόμενα
3537 4234 3611 4294 δέο-

2066 4344 2242 4398 χεται.

2132 4427 2203 4492 η’.
2248 4439 2268 4473 ι
2302 4421 2362 4475 '0
2395 4420 2562 4475 ποιῶν
2599 4422 2794 4487 πάντα,
2830 4423 2922 4476 καὶ
2953 4422 3396 4493 μετασκευάζων,
3424 4420 3511 4474 καὶ
3535 4419 3614 4472 ὲκ-

2066 4511 2282 4584 τρέπων
2311 4513 2391 4575 είς
2429 4513 2490 4567 τὸ
2522 4512 2668 4583 τιρωῖ
2702 4513 2860 4571 σκιὰν
2890 4514 3142 4578 θανάτου,
3191 4514 3289 4567 καὶ
3314 4511 3519 4582 ἡμέραν
3547 4510 3615 4568 εἰς

2067 4603 2238 4658 νύκτα
2271 4604 2614 4669 συσκοτάζων
2637 4621 2651 4635 ⁸
2697 4606 2726 4657 ὁ
2768 4602 3246 4675 προσκαλούμενος
3277 4602 3340 4654 τὸ
3371 4600 3508 4670 ὕδωρ
3531 4596 3616 4665 τῆς

2071 4695 2367 4767 θαλάσσης,
2401 4696 2497 4755 καὶ
2519 4694 2725 4766 ἐκχέων
2756 4694 2886 4748 αὐτὸ
2907 4693 3000 4747 ἐπὶ
3028 4693 3323 4764 πρόσωπον
3340 4690 3436 4761 τῆς
3452 4687 3611 4760 ﬁt".

388 4785 735 4853 omnipotens
764 4799 963 4841 nomen
992 4788 1132 4854 ejus.
1162 4803 1183 4839 ι
1204 4784 1489 4855 Conﬁdite,
1516 4789 1713 4862 inquit,
1744 4792 1833 4850 Dei
1864 4810 1964 4865 po.

390 4874 595 4939 testati,
623 4885 676 4929 et
701 4874 841 4929 hanc
875 4890 1027 4945 spem
1060 4877 1470 4947 amplectimini.
1506 4880 1688 4939 Facile
1714 4886 1861 4940 enim
1910 4893 1966 4943 et

389 4961 521 5020 facit
548 4973 602 5020 et
630 4966 985 5023 transformat
1009 4973 1152 5040 quod
1187 4972 1321 5039 vult,
1362 4974 1629 5047 facileque
1674 4986 1757 5035 est
1798 4981 1847 5039 ei
1880 4983 1966 5037 vel

392 5052 627 5106 maxima
673 5054 915 5121 pericula
958 5058 1013 5113 in
1054 5060 1295 5117 laetitiam
1333 5065 1654 5123 transferre.
1716 5068 1969 5125 Umbram

392 5139 538 5194 enim
570 5143 751 5196 mortis
785 5159 979 5216 magna
1035 5150 1272 5219 pericula
1318 5155 1640 5212 nominavit.
1690 5155 1966 5216 Felicibus

391 5230 555 5285 etiam
588 5230 747 5287 facile
768 5233 1015 5294 miserias
1040 5240 1240 5297 inferre
1271 5252 1468 5313 potest.
1503 5244 1645 5311 Quin
1672 5254 1727 5301 et
1770 5263 1967 5317 aquam

358 5350 363 5358 -
394 5319 564 5375 maris
587 5329 724 5376 nutu
751 5336 853 5377 suo
874 5323 930 5378 in
970 5340 1149 5383 aerem
1198 5331 1531 5400 subvehens,
1565 5335 1806 5398 nubibus
1840 5339 1938 5393 irri

2071 4787 2276 4859 Κύριος
2320 4790 2349 4841 ὀ
2399 4787 2531 4851 Θεὸς
2584 4788 2614 4840 ὁ
2661 4785 3058 4858 παντοκράτωρ
3114 4786 3287 4855 δνομα
3331 4779 3560 4869 uincit".
3593 4794 3609 4826 ι

2069 4880 2412 4951 Θαρρήσατε,
2447 4878 2601 4949 φησὶ,
2633 4880 2699 4949 τῇ
2729 4877 2821 4931 τοῦ
2861 4875 2996 4935 Θεοῦ
3024 4876 3272 4946 δυνάμει,
3317 4874 3410 4928 καὶ
3435 4870 3613 4936 ταύτης

2069 4969 2254 5039 ἔχεσθε
2288 4969 2389 5038 τῆς
2436 4968 2670 5032 ἐλπίδος·
2700 4968 2960 5031 Εὐπετιῖκ
2991 4967 3100 5036 γὰρ
3126 4968 3222 5021 καὶ
3251 4967 3395 5019 ποιεῖ
3420 4964 3506 5016 καὶ
3530 4976 3611 5030 με·

2068 5061 2393 5125 τασκευάζει
2442 5059 2470 5113 ὃ
2509 5060 2777 5128 βούλεται,
2828 5059 2923 5113 καὶ
2970 5059 3148 5130 ῥᾴδιον
3196 5056 3346 5126 αὐτῷ
3376 5056 3466 5107 καὶ
3502 5052 3608 5109 τοὺς

2073 5154 2361 5226 μεγίστους
2382 5151 2657 5216 κινδύνους
2680 5153 2760 5216 είς
2785 5151 3050 5221 εὐθυμίαν
3079 5148 3415 5219 μεταϐαλεῖν.
3448 5139 3611 5197 sum

2067 5246 2175 5315 γὰρ
2216 5243 2474 5301 θανάτου
2517 5245 2645 5307 τοὺς
2691 5242 2961 5313 μεγάλους
3008 5240 3288 5303 κινδύνους
3329 5236 3605 5305 ὠνόμασεν.

2067 5337 2338 5409 Εὑμαρῶς
2389 5337 2447 5390 δὲ
2487 5338 2721 5401 καὶτοῖς
2757 5338 2816 5390 ὲν
2856 5335 3120 5407 εὐημερίᾳ
3160 5329 3490 5417 δυσπραξίαν
3526 5326 3609 5376 ἐπ·

1662 5490 1897 5548 VARIE
1934 5491 2340 5552 LECTIONES.

572 5586 814 5679 ὅθὶὲμὲξ
844 5584 931 5679 is;
963 5663 982 5679 Α
1031 5594 1081 5677 ⁷ξ
1105 5593 1161 5675 (Ξ.
1191 5593 1507 5666 λαμϐάνειν.
1613 5570 1659 5633 π
1692 5600 1736 5665 Α
1775 5600 1998 5674 ζήσατε.
2094 5602 2301 5674 ⁷⁷,Κύρ.
2335 5604 2460 5659 Des.
2493 5602 2648 5676 iu_A.
2724 5604 2771 5638 '-"
2806 5620 2850 5658 τ.
2883 5602 3004 5679 γῆς.
3053 5598 3229 5673 Supra
3272 5606 3311 5653 t.
3350 5597 3391 5661 l,
3425 5610 3472 5673 ρ.
3511 5589 3600 5645 809

393 5673 581 5740 prtem.
616 5657 815 5741 πάσης.
867 5657 931 5696 ’⁷³
950 5663 994 5716 Α
1024 5662 1191 5743 αὐτῷ.

2372 5910 2407 5945 I
