3904 6202
227 312 377 380 1689

1581 345 1666 405 ΙΝ
1694 348 1898 410 AMOS
1937 352 2096 416 CAP.
2136 357 2204 418 ν.

3370 364 3509 432 1690
3561 440 3565 444 _

220 432 414 501 ἀγειν.
471 436 581 490 Καὶ
628 439 812 508 μέντοι
862 442 1043 498 καὶτὸ
1077 446 1361 506 θαλάττιον
1408 454 1551 529 ὓδωρ
1593 461 1785 534 νεύματ

1895 479 2016 542 .gat
2050 479 2272 529 terram.
2312 474 2454 532 Deus
2483 476 2627 532 enim
2671 486 2755 536 est
2783 489 2837 536 et
2887 480 3130 538 omnium
3167 498 3351 540 rerum
3404 484 3506 538 De-

218 524 477 581 ἀνέλκων
502 531 581 593 εἰς
603 531 694 585 τὸν
725 534 883 604 ἀέρα,
917 536 1069 607 ἄρδει
1098 541 1195 612 τὴν
1229 544 1333 615 γῆν
1363 547 1450 601 διὰ
1475 550 1585 605 τῶν
1607 555 1815 624 νεφῶν·

217 614 365 681 Θεὸς
398 621 507 693 γάρ
548 624 685 688 ἐστι,
722 626 817 679 καὶ
844 628 953 683 τῶν
982 631 1239 689 ἁπάντων
1264 639 1563 712 Δεσπότης.
1616 702 1621 711 τ

295 729 369 822 0'.
412 751 433 784 σ
467 734 526 787 Ὀ
558 735 780 806 διαιρῶν
813 744 1150 815 συντριμμὸν
1178 749 1272 802 ἐπὶ
1299 751 1474 822 ἰσχὺν,
1508 757 1603 809 καὶ
1627 759 1815 814 ταλαι-

213 821 448 923 πωρίαν
473 825 565 880 ἐπὶ
597 827 860 899 ὀχύρωμα
893 833 1133 904 ἐπάγων.
1166 858 1185 890 ι
1217 841 1375 897 Μετὰ
1406 846 1606 918 πολλῆς
1629 849 1688 903 δέ
1715 852 1814 923 τῆς

212 911 501 1011 εὐκολίας,
548 916 641 1011 καὶ
688 922 817 985 τοὺς
859 923 1229 996 ἠσθενηκότας
1274 931 1369 986 ἐπὶ
1403 935 1501 1006 τὴν
1539 911 1812 1011 προτέραν

214 1000 383 1101 ἰσχὺν
410 1004 696 1076 ἐπανάγει,
723 1010 815 1068 καὶ
833 1011 1176 1089 ταλαιπωρίᾳ
1202 1020 1328 1085 τοὺς
1354 1000 1606 1096 ἰσχυροὺς
1631 1000 1813 1101 παρα-

208 1091 431 1149 δίδωσι.

288 1212 346 1258 ι’.
389 1225 410 1259 ‹
449 1204 749 1282 Ἐμίσησάν
779 1213 839 1266 ἐν
875 1214 1074 1281 πύλαις
1101 1219 1474 1291 ἐλέγχοντα⁸⁰,
1514 1228 1609 1281 καὶ
1650 1230 1811 1300 λόγον

202 1296 363 1351 ὅσιον
389 1299 759 1391 ἐϐδελύξαντο.
789 1324 808 1356 ι
842 1308 1004 1373 Ἔθος
1027 1306 1096 1383 ἦν
1123 1316 1234 1378 τοῖς
1266 1316 1535 1385 παλαιοῖς,
1564 1321 1639 1387 ὥς
1661 1296 1806 1391 τινές

202 1399 375 1478 φασι,
408 1388 539 1458 περὶ
567 1389 665 1454 τὰς
698 1392 871 1458 πύλας
904 1399 1030 1461 τοὺς
1070 1401 1361 1471 συλλόγους
1387 1411 1680 1478 ποιεῖσθαι,
1711 1388 1804 1469 καί.

197 1474 275 1527 τά
309 1477 593 1548 συνέδρια.
649 1484 819 1538 Ἔνθα
852 1487 1033 1542 τοίνυν
1082 1494 1515 1566 συνηθροίζοντο,
1565 1474 1681 1557 ἐκεί
1710 1507 1803 1560 καὶ

196 1569 337 1661 τοὺς
372 1570 631 1643 ἐλέγχους
681 1577 731 1629 οἱ
772 1581 1046 1651 προφῆται
1078 1587 1437 1661 προσέφερον
1466 1609 1480 1622 ·
1530 1594 1646 1649 ἀλλ’
1685 1598 1800 1652 ἀδι-

196 1658 361 1724 κίαις
395 1662 492 1719 καὶ
520 1669 885 1739 παρανομίαις
920 1670 1218 1739 συζῶντες,
1250 1658 1372 1732 οὕτε
1398 1684 1512 1746 τοῖς
1538 1685 1637 1755 τῆς
1662 1687 1797 1759 ἀλη-

195 1750 362 1824 θείας
417 1760 708 1830 προσεῖχον
767 1762 1042 1834 ἐλέγχοις,
1100 1767 1224 1822 οὔτε
1295 1772 1387 1826 τὸν
1442 1776 1536 1829 τοῦ
1586 1750 1794 1835 δικαίου

194 1847 603 1918 προσεδέχοντο
644 1851 821 1922 λόγον.
882 1857 1098 1931 Ἐπειδὴ
1144 1862 1323 1919 τοίνυν
1351 1867 1447 1920 καὶ
1476 1869 1649 1925 ταῦτα
1678 1876 1792 1945 είρ-

191 1935 467 2034 γάζεσθε,
499 1943 591 1995 καὶ
618 1944 755 2015 πρὸς
778 1947 1009 2014 τούτοις,
1042 1953 1167 2016 τοὺς
1200 1958 1359 2028 πενία
1393 1935 1792 2034 κατεχομένους

192 2027 300 2122 καὶ
348 2032 496 2122 χειρὶ
524 2035 619 2087 καὶ
649 2036 862 2111 γλώττῃ
915 2046 1300 2112 παροινοῦντες
1337 2027 1644 2122 διετελείτε,
1693 2027 1789 2111 καί

189 2118 506 2194 δωροδοκίᾳ
536 2127 815 2198 χαίροντες
862 2134 1223 2200 ὲσπουδάζετε
1263 2144 1449 2207 κακῶς
1482 2118 1666 2212 αὔξειν
1697 2150 1790 2202 τὸν

190 2212 459 2279 πλοῦτον,
489 2219 807 2288 γινώσκετε,
842 2224 917 2288 ὡς
947 2226 1071 2280 οὒτε
1106 2231 1165 2283 ἐν
1208 2235 1330 2297 ταῖς
1372 2231 1432 2289 εὖ
1482 2238 1575 2291 καὶ
1609 2240 1789 2305 καλῶς

189 2300 288 2369 ὑφ’
331 2303 493 2373 ὑμῶν
534 2307 874 2379 ἡσκημέναις
927 2316 1021 2367 καὶ
1068 2321 1507 2390 κεκοσμημέναις
1538 2300 1787 2395 οἰκήσετε

186 2394 427 2461 οἰκίαις,
457 2398 581 2452 οὔτε
606 2402 734 2464 τοὺς
772 2403 862 2472 ὑφ’
897 2407 1049 2475 ὑμῶν
1084 2408 1222 2478 μετὰ
1247 2412 1446 2484 πολλῆς
1471 2394 1786 2486 ἐπιμελείας

186 2487 569 2559 φυτευθέντας
596 2493 928 2563 ἀμπελῶνας
955 2500 1260 2569 τρυγήσετε
1284 2519 1299 2535 θ
1332 2504 1648 2575 ἀφαιρεῖται
1675 2508 1785 2578 γὰρ

186 2575 344 2645 ὑμᾶς
393 2578 493 2649 τὴν
539 2580 745 2636 τούτων
801 2585 1102 2641 ἀπόλαυσιν
1160 2591 1195 2660 ἡ
1244 2591 1345 2659 τῆς
1390 2593 1642 2658 ἀσεϐείας
1689 2575 1785 2651 καὶ

183 2671 553 2740 παρανομίας
600 2673 873 2747 ὑπερϐολή
908 2693 922 2707 ·
983 2679 1238 2733 ἐπατεῖτε
1285 2683 1394 2755 γὰρ
1439 2685 1502 2737 τὸ
1549 2686 1780 2755 δίκαιον,

180 2758 344 2830 δῶρα
381 2762 483 2831 μὲν
527 2765 678 2836 παρὰ
708 2767 817 2822 τῶν
860 2769 1247 2844 δυνατωτέρων
1287 2774 1678 2845 λαμϐάνοντες,
1724 2781 1784 2832 ἐν

179 2850 243 2904 δὲ
274 2851 361 2922 τῷ
396 2854 638 2921 δικάζειν
676 2860 799 2924 τοὺς
833 2862 1073 2934 πένητας
1096 2866 1538 2936 κατακρίνοντες.

260 2972 358 3032 ιγ’.
391 2984 411 3018 ι
436 2969 533 3023 Διὰ
561 2971 719 3025 τοῦτο
741 2976 767 3027 ό
799 2974 999 3028 συνιὼν
1016 2977 1073 3029 ἐν
1101 2964 1184 3046 ’τῷ
1215 2979 1393 3051 καιρῷ
1421 2982 1618 3054 ἐκείνῳ
1650 3000 1781 3038 σιω-

184 3055 454 3127 πήσεται,
482 3060 564 3114 ὄτι
594 3065 622 3116 ὁ
653 3065 843 3135 καιρὸς
879 3069 1116 3139 πονηρός
1154 3071 1289 3124 ἐστι.
1328 3090 1347 3123 ι
1376 3073 1492 3136 Πᾶς
1519 3074 1625 3145 γὰρ
1660 3058 1780 3144 ἐχέ-

181 3166 368 3217 φρων,
408 3152 503 3205 καὶ
548 3153 608 3208 τὸ
652 3156 772 3210 δέον

177 3243 554 3312 ἐπαγομένων
605 3249 733 3318 ὑμῖν
752 3251 797 3282 ⁸¹
848 3252 1034 3315 κακῶν
1062 3253 1129 3305 τδ
1173 3255 1352 3324 νέφος,
1396 3256 1646 3328 τεθηπὼς
1689 3260 1782 3313 καὶ

178 3335 493 3404 θαυμάζων
518 3340 579 3392 τὸ
614 3341 714 3412 τῆς
746 3346 1107 3416 προρρήσεως
1153 3347 1404 3416 ἀψευδὲς,
1450 3350 1779 3420 φθέγξασθαι

176 3429 344 3483 οὐδὲν
377 3430 435 3497 ἐξ
457 3431 695 3502 ἀθυμίας
718 3436 1024 3509 δυνήσεται.

257 3521 345 3584 ιδ’,
381 3530 464 3579 ιε’.
498 3543 515 3575 ι
568 3526 937 3600 Ἐκζητήσατε
991 3527 1085 3587 οὖν
1126 3533 1187 3587 τὸ
1241 3534 1425 3598 καλὸν,
1486 3536 1581 3590 καὶ
1615 3537 1688 3608 μὴ
1721 3536 1780 3590 τὸ

176 3615 454 3686 πονηρὸν,
486 3617 632 3681 ὅπως
671 3619 895 3691 ζήσητε,
925 3626 1017 3678 καὶ
1052 3625 1207 3680 ἔσται
1242 3625 1386 3679 οῦτω
1416 3627 1533 3697 μεθ’
1567 3628 1779 3704 ὐμῶν⁸ξ

174 3706 447 3776 Κύριοςὸ
488 3708 618 3772 Θεὸς
657 3711 685 3762 6
738 3717 1155 3789 παντοκράτωρ,
1214 3718 1272 3772 ὃν
1303 3720 1505 3789 τρόπον
1559 3719 1774 3775 εἴπατε·

172 3800 590 3873 Μεμισήκαμεν
618 3803 686 3856 τὰ
714 3807 943 3879 πονηρὰ,
975 3812 1065 3863 καὶ
1096 3812 1468 3883 ἠγαπήκαμεν
1494 3814 1561 3866 τά
1593 3815 1732 3868 καλά
1761 3831 1776 3847 ⁸

175 3895 281 3946 καὶ
311 3894 799 3965 ἁποκαταστήσατε
828 3901 884 3952 ἐν
905 3901 1101 3966 πύλαις
1122 3906 1313 3975 κρῖμα,
1345 3907 1494 3969 ὅπως
1526 3905 1591 3959 ἂν
1621 3906 1776 3979 ἐλεή-

178 4000 255 4055 σῃ
313 3984 518 4054 Κύριος
551 3988 578 4040 6
617 3987 750 4052 Θεὸς
808 3989 836 4040 6
890 3994 1288 4066 παντοκράτωρ
1339 3996 1465 4059 τοὺς
1529 3997 1779 4051 καταλοί-

178 4089 324 4135 πους
353 4073 448 4125 τοῦ
491 4075 708 4147 Ἰωσήφ.
744 4096 762 4129 ›
816 4079 1228 4146 Ἀκολουθείτω,
1258 4086 1412 4154 φησὶ,
1453 4089 1566 4149 τοῖς
1598 4085 1778 4156 λόγοις

176 4164 253 4217 τά
304 4165 465 4235 ἔργα,
508 4167 602 4219 καὶ
628 4169 880 4237 λέγοντες
914 4173 1046 4244 ἐρᾷν
1093 4175 1195 4245 μὲν
1240 4176 1349 4229 τῶν
1381 4177 1619 4245 ἀγαθῶν,
1661 4179 1777 4249 βδε-

176 4258 473 4312 λύττεσθαι
505 4260 685 4332 δὲτὴν
731 4267 1017 4336 πονηρίαν,
1070 4265 1215 4337 ἔργῳ
1266 4267 1475 4334 δείξατε
1518 4270 1619 4339 τὴν
1664 4271 1775 4324 τῶν

180 4350 368 4417 λόγων
421 4352 699 4422 ἀλήθειαν.
757 4357 938 4411 Τοῦτο
992 4358 1100 4430 γὰρ
1147 4358 1469 4422 ποιοῦντες,
1518 4360 1773 4427 τεύξεσθε

178 4443 337 4511 παρὰ
374 4443 470 4495 τοῦ
513 4444 649 4497 Θεοῦ
680 4445 786 4499 τῶν
843 4448 980 4500 ὅλων
1028 4449 1172 4519 ζωῆς
1199 4451 1265 4504 ⁸³.
1303 4450 1505 4503 Τούτου
1536 4451 1595 4503 δὲ
1642 4453 1771 4523 παρ’

178 4533 343 4602 ὑμῶν
395 4534 467 4604 μὴ
514 4537 859 4607 γιγνομένου,
906 4539 1092 4611 θρῆνοι
1136 4541 1231 4594 καὶ
1281 4540 1624 4613 ὀλοφύρσεις,
1679 4544 1774 4596 καὶ
1805 4528 1853 4585 D

174 4628 280 4688 τὰς
318 4626 600 4693 πλατείας,
636 4631 730 4684 καὶ
758 4632 858 4696 τὰς
889 4633 1040 4696 ὁδοὺς
1082 4636 1484 4705 καταλήψονται
1514 4653 1528 4668 ’
1570 4637 1646 4700 ὡς
1676 4638 1768 4690 καὶ

172 4721 309 4779 τοὺς
348 4718 619 4787 γηπόνους
672 4722 793 4776 ἀντὶ
843 4726 1118 4796 γεωργίας
1172 4730 1238 4798 τῇ
1292 4728 1563 4799 θρηνῳδία
1597 4746 1768 4800 προσ-

173 4810 345 4880 έχειν.
389 4809 585 4865 Ἔσται
613 4813 669 4866 δὲ
708 4815 876 4869 ταῦτα
924 4818 1057 4889 ἐμοῦ
1097 4820 1384 4891 παρόντος,
1423 4820 1645 4885 καὶτὰς
1684 4839 1767 4880 τιο

176 4902 398 4973 μωρίας
430 4903 746 4974 ἐπάγοντος.

250 5000 344 5061 ιη’.
387 5013 405 5045 ‹
432 4996 569 5050 Οὐαὶ
616 5000 662 5051 0i
713 5001 1105 5072 ἐπιθυμοῦντες
1145 5005 1246 5076 τὴν
1272 5007 1483 5077 ἡμέραν
1520 5008 1761 5079 Κυρίουε

174 5083 271 5136 καὶ
292 5082 342 5115 ⁸⁸
368 5085 506 5139 ἱνατί
541 5088 666 5158 ὑμῖν
683 5090 727 5120 ⁸⁸
753 5090 891 5162 αὕτη
932 5094 964 5163 ἡ
1000 5095 1182 5164 ἡμέρα
1214 5097 1418 5167 Κυρίου
1450 5116 1463 5163 ;
1503 5099 1595 5151 καὶ
1625 5099 1764 5171 αὕτη

171 5174 295 5234 ἐστὶ
326 5175 540 5242 σκότος,
577 5179 671 5231 καὶ¹
708 5181 767 5233 οὐ
809 5182 947 5251 φῶς.
987 5202 1005 5233 ι
1059 5185 1277 5256 Ἐπειδὴ
1304 5187 1413 5255 γὰρ
1443 5183 1583 5257 ἦσάν
1621 5206 1767 5252 τινες

171 5261 482 5334 θρασύτητι
549 5268 644 5320 καί
695 5271 957 5342 αὐθαδείᾳ
1018 5275 1510 5345 συντεθραμμένοι,
1564 5279 1614 5331 οἳ
1654 5280 1767 5340 τοῖς

167 5359 541 5426 προφητικοίς
569 5360 932 5433 θεσπίσμασιν
959 5365 1266 5434 ἀντέλεγον,
1292 5369 1694 5439 φρυαττόμενοι
1717 5371 1763 5402 ⁸⁸

1921 565 2124 619 minus.

1987 761 2151 820 Vens.
2183 767 2238 822 9.
2273 784 2291 818 ι
2317 764 2420 833 Qui
2452 767 2644 822 dividit
2685 768 3072 825 contritionem
3115 783 3281 840 super
3331 771 3500 826 robur

1912 862 1968 910 et
2017 856 2292 912 miseriam
2339 874 2508 930 super
2552 861 2914 917 munitionem
2968 863 3213 918 adducit.
3253 881 3273 915 ›
3336 862 3498 918 Nullo

1914 957 2095 1005 autem
2124 953 2346 1020 negotio
2365 952 2674 1011 inﬂrmatos
2695 956 2762 1011 ad
2782 956 3074 1026 pristinum
3101 958 3270 1012 robur
3289 956 3493 1024 educit,

1909 1050 1963 1096 et
1995 1041 2251 1098 robustos
2279 1044 2334 1099 in
2362 1058 2637 1101 aerumnas
2672 1047 2880 1118 dejicit.

1977 1262 2144 1321 Vsus.
2166 1266 2254 1322 10.
2282 1287 2301 1319 ι
2325 1269 2460 1325 Odio
2488 1269 2801 1327 habuerunt
2823 1271 2879 1327 in
2902 1274 2922 1293 ⁶
2946 1273 3121 1344 portis
3148 1283 3486 1346 arguentem.

1904 1367 1957 1412 et
1978 1359 2201 1414 verbum
2231 1368 2481 1417 sanctum
2518 1364 2815 1419 abominati
2851 1376 2999 1420 sunt.
3034 1384 3053 1415 ι
3097 1365 3156 1419 1η
3190 1380 3340 1419 more
3369 1374 3489 1420 erat

1902 1452 2165 1520 antiquis.
2199 1460 2259 1507 ut
2311 1456 2563 1510 nonnulli
2609 1455 2814 1523 ferunt,
2852 1464 3154 1513 conventus
3193 1457 3261 1510 ad
3303 1464 3488 1526 portas

1901 1539 2103 1596 habere
2142 1541 2351 1614 15.31
2390 1552 2444 1599 et
2476 1546 2730 1602 concilia.
2773 1547 2878 1602 Ubi
2921 1563 3050 1618 ergo
3083 1546 3489 1627 congregaban-

1898 1637 2011 1697 tur,
2064 1634 2137 1687 ibi
2178 1646 2232 1690 et
2270 1636 2547 1706 propheta:
2587 1639 3049 1709 reprehensiones
3098 1638 3477 1709 proferebant.

1900 1722 2004 1778 Sed
2040 1725 2133 1794 qui
2162 1725 2366 1793 injuste
2389 1742 2452 1783 ac
2484 1730 2651 1800 impie
2684 1730 2963 1796 vivebant,
2989 1745 3089 1785 nec
3126 1731 3273 1785 veris
3295 1730 3483 1800 objur—

1824 1836 1867 1891 Β
1895 1817 2205 1887 gationibus
2231 1819 2702 1891 obtemperabant,
2737 1838 2838 1879 nec
2862 1822 2998 1892 justi
3042 1823 3211 1879 verba
3248 1823 3479 1893 recipie-

1893 1908 2044 1963 bant.
2117 1909 2380 1985 [11,12]
2428 1912 2565 1969 Cum
2621 1916 2808 1986 itaque
2857 1923 2911 1972 et
2945 1916 3062 1972 haec
3117 1916 3365 1987 egeritis,
3423 1922 3479 1969 et

1893 2015 2162 2071 pauperes
2211 2011 2475 2073 praeterea
2529 2020 2691 2061 manu
2735 2021 2799 2062 ac
2846 2007 3034 2078 lingua
3078 2008 3478 2064 contumeliose

1891 2091 2236 2161 acceperitis,
2274 2102 2388 2150 tum
2438 2111 2729 2153 munerum
2783 2100 3116 2170 corruptelis
3153 2101 3474 2169 gaudentes,

1890 2183 2179 2241 facultates
2202 2194 2419 2243 vestras
2443 2204 2723 2259 perperam
2762 2206 2963 2263 angere
2986 2192 3331 2258 studueritis,
3362 2194 3474 2248 sci-

1889 2280 1998 2328 tote
2028 2273 2143 2329 l’ore
2172 2281 2232 2330 ut
2259 2292 2367 2332 non
2400 2276 2657 2335 habitetis
2705 2280 2761 2336 in
2792 2279 3068 2349 domibus,
3092 2297 3232 2351 quas
3252 2282 3391 2337 belle
3423 2289 3478 2337 et

1888 2365 2478 2434 pulchreinstruxistis
2504 2380 2559 2427 et
2581 2376 2846 2440 ornastis,
2876 2391 3056 2446 neque
3086 2376 3301 2440 vincas.
3333 2391 3476 2446 quas

1888 2472 2084 2528 magno
2110 2460 2293 2517 studio
2316 2463 2626 2531 plantastis,
2650 2466 2994 2523 vindemietis
3022 2487 3034 2522 :
3067 2483 3190 2522 nam
3211 2468 3473 2521 immensa

1889 2549 2140 2620 impietas
2164 2560 2350 2608 vestra
2375 2563 2430 2609 et
2449 2556 2714 2627 iniquitas
2759 2558 2954 2613 horum
2976 2574 3076 2613 usu
3101 2573 3196 2620 vos
3216 2558 3469 2627 prii-abit.

1885 2641 2265 2702 Conculcastis
2283 2646 2427 2700 enim
2444 2646 2739 2717 justitiam,
2770 2664 2996 2703 munera
3018 2663 3045 2701 a
3071 2647 3471 2718 potentioribus

1887 2733 2244 2802 accipientes,
2259 2749 2532 2808 pauperes
2547 2738 2772 2809 judiciis
2791 2739 2991 2795 vestris
3012 2739 3468 2794 condemnantes.

1958 3010 2123 3066 Vsus.
2155 3013 2241 3068 13.
2284 3033 2303 3066 ε
2335 3013 2461 3070 Ideo
2489 3017 2580 3086 qui
2616 3015 2895 3087 intelligit,
2941 3022 3190 3086 tempore
3231 3014 3324 3069 illo
3398 3013 3470 3070 sio

1885 3099 2035 3165 lebit,
2072 3104 2201 3174 quia
2225 3112 2443 3176 tempus
2481 3107 2684 3161 malum
2722 3114 2827 3163 est.
2874 3127 2892 3161 ι
2928 3105 3120 3163 Omnis
3154 3106 3303 3162 enim
3338 3121 3468 3176 pru-

829 3160 1061 3214 συνιδεῖν
1109 3160 1426 3232 δυνάμενος,
1483 3166 1625 3236 ὁρῶν
1670 3166 1780 3220 τῶν

1895 3194 2041 3262 iens,
2071 3160 2279 3266 quique
2309 3160 2605 3253 hbnestum
2660 3200 2975 3270 intelligere
3025 3206 3226 3270 potest,
3285 3197 3463 3252 malo—

1885 3303 2005 3341 rum
2058 3304 2178 3358 quae
2231 3289 2391 3346 vobis
2452 3291 2602 3345 illata
2663 3297 2811 3357 sunt,
2871 3292 3073 3347 nubem
3138 3302 3191 3345 et
3249 3291 3465 3360 copiam

1883 3378 2099 3447 videns,
2132 3397 2256 3435 cum
2296 3389 2525 3452 stupore
2560 3383 2838 3440 admirans
2881 3383 3260 3454 praedictionis
3315 3383 3464 3437 veri-

1884 3477 2076 3530 tatem,
2112 3486 2223 3540 pra:
2249 3471 2473 3526 tristitia
2510 3470 2660 3542 loqui
2699 3471 2833 3526 nihil
2861 3470 3078 3542 poterit.

1955 3559 2123 3618 Vsus.
2164 3562 2368 3627 14,15.
2418 3583 2436 3615 ‹
2469 3563 2711 3630 Qua-rite
2766 3564 2934 3633 igitur
2980 3563 3184 3618 bonum
3241 3568 3296 3616 et
3354 3574 3463 3614 non

1884 3654 2107 3719 malum,
2141 3664 2198 3709 ut
2218 3654 2437 3722 vivatis,
2473 3663 2526 3712 et
2559 3657 2641 3711 sic
2679 3655 2785 3710 erit
2817 3655 3083 3711 Dominus
3115 3655 3260 3709 Deus
3286 3653 3464 3707 omni-

1881 3757 2077 3813 potens
2130 3747 2449 3815 vobiscum,
2478 3747 2618 3803 sicut
2680 3748 2901 3804 dixistis
2935 3765 2947 3801 :
2986 3746 3123 3804 Odio
3169 3746 3464 3801 habuimus

1881 3837 2048 3901 mala,
2080 3847 2133 3893 et
2156 3839 2448 3895 dileximus
2492 3841 2633 3896 bona
2691 3859 2704 3896 :
2744 3847 2798 3896 et
2846 3840 3122 3895 restituite
3172 3839 3229 3893 in
3284 3836 3465 3909 portis

1876 3925 2169 3995 judicium,
2200 3936 2261 3984 ut
2293 3930 2623 3986 misereatur
2652 3931 2922 3988 Dominus
2956 3932 3103 3988 Deus
3143 3945 3336 3987 eorum
3367 3929 3463 3999 qui

1880 4020 2074 4090 reliqui
2115 4028 2245 4076 sunt
2280 4021 2348 4078 de
2406 4021 2670 4093 Joseplm.
2720 4043 2739 4077 ι
2806 4023 3023 4091 Verbis,
3062 4024 3261 4093 inquit,
3317 4021 3467 4077 facta

1878 4112 2270 4182 respondeant,
2299 4122 2353 4170 et
2373 4116 2465 4184 qui
2500 4116 2831 4186 proﬁtemini
2860 4132 2956 4172 vos
2982 4132 3168 4171 amare
3203 4116 3461 4177 honesta,

1876 4210 1932 4258 et
1964 4217 1996 4256 a
2022 4203 2172 4259 vitiis
2204 4203 2525 4271 abhorrere,
2564 4209 2746 4277 reipsa
2778 4208 3062 4261 veritatem
3099 4204 3311 4276 1432
3339 4220 3460 4258 ver-

1877 4293 2071 4348 borum
2107 4295 2406 4350 ostendite.
2464 4295 2579 4351 Hoc
2611 4298 2757 4352 enim
2803 4296 2848 4350 si
2886 4296 3129 4359 faciatis,
3177 4295 3245 4348 ab
3279 4294 3458 4348 muni-

1876 4390 2102 4453 potente
2134 4385 2247 4439 Deo
2292 4386 2463 4439 vitam
2500 4388 2936 4457 consequemini.
2991 4385 3221 4459 [|6,17]
3277 4385 3347 4440 At
3408 4388 3461 4442 si

1878 4489 1987 4526 non
2025 4472 2288 4540 feceritis,
2330 4475 2522 4545 plateae
2565 4485 2619 4532 et
2649 4478 2750 4532 via:
2794 4479 3048 4534 lamentis
3080 4485 3133 4534 et
3162 4479 3457 4549 gemitibus

1878 4565 2254 4632 personabunt
2284 4584 2296 4619 :
2328 4565 2402 4620 ita
2434 4575 2495 4620 ut
2526 4566 2689 4621 etiam
2723 4568 2998 4639 agricolae,
3027 4582 3281 4638 agrorum
3305 4569 3457 4627 cultu

1877 4653 2114 4724 abjecto,
2148 4651 2463 4726 planctibus
2498 4657 2612 4713 sint
2638 4660 2907 4714 vacaturi.
2945 4659 3071 4715 Haec
3105 4667 3286 4716 autem
3311 4676 3455 4733 prae-n

1876 4752 2033 4801 sente
2069 4760 2158 4802 me
2196 4746 2351 4816 ﬁent,
2382 4756 2439 4804 et
2469 4749 2744 4820 supplicia
2775 4750 3076 4822 inﬂigente.

1942 5003 2109 5061 Vens.
2153 5006 2239 5061 18.
2282 5025 2300 5059 ι
2334 5007 2427 5063 Vae
2491 4987 2936 5064 desiderantibus
2984 5009 3130 5064 diem
3184 5008 3451 5067 Domini!

1870 5097 2002 5167 quid
2042 5112 2176 5153 sane
2203 5100 2359 5156 vobis
2394 5101 2486 5155 hic
2526 5100 2646 5156 dies
2679 5099 2943 5155 Domini?
2971 5112 3025 5157 et
3048 5101 3115 5173 iis
3169 5108 3253 5157 est
3300 5109 3452 5156 tene-

1870 5189 2012 5251 brze,
2075 5197 2130 5245 et
2189 5206 2300 5244 non
2370 5192 2485 5245 lux.
2526 5210 2543 5243 ι
2581 5190 2721 5246 Cum
2780 5195 2923 5247 enim
2981 5192 3205 5264 quidam
3263 5198 3448 5248 essent

1869 5282 2180 5336 temeritate
2211 5290 2265 5338 ct
2301 5283 2644 5338 contumacia
2677 5283 2953 5353 innutriti,
3008 5287 3101 5358 qui
3151 5287 3448 5357 propheta-

1874 5387 1995 5426 rum
2061 5373 2553 5429 vaticinationibus
2607 5385 3000 5446 repugnarent,
3046 5377 3336 5432 frementes
3388 5373 3444 5428 in

1464 5521 1690 5578 VABUE
1731 5523 2143 5582 LECTIONES.

240 5623 290 5655 ⁸ο
318 5623 737 5707 (Ξκέλέγχοντας.
773 5698 785 5707 _
814 5630 1133 5707 "__6y..‘DP$.
1170 5633 1307 5707 inC.
1385 5637 1435 5707 "7
1464 5638 1564 5703 μεθ
1609 5638 1705 5707 ὑμ.

1745 5640 1802 5720 In
1837 5642 1881 5693 Α
1906 5643 2130 5720 ponitur
2161 5652 2281 5720 post
2308 5647 2724 5720 παντοκράτωρ.
2802 5648 2850 5682 ⁸³
2875 5646 3038 5716 ζωῆς.
3070 5645 3145 5699 Ita
3175 5645 3227 5698 in
3253 5640 3295 5696 C
3331 5643 3435 5713 leg.

166 5691 343 5756 Sirm.
368 5691 556 5771 gum.“
612 5698 659 5730 δι
692 5698 803 5753 καί.
842 5691 964 5759 Des.
990 5703 1043 5759 in
1077 5706 1143 5761 Α.
1222 5706 1266 5737 ⁸⁸
1303 5707 1399 5777 ὑμ.
1425 5691 1479 5760 lli
1516 5707 1558 5758 A
1591 5691 1712 5777 pdst
