3904 6202
364 361 503 427 1695

1325 356 1814 421 THEODORETI
1871 349 2209 416 EPISCOPI
2264 346 2633 411 CYRENSIS

3458 340 3579 410 1696

360 484 562 530 tentes.
589 470 785 541 Ioseph
813 471 958 528 enim
1005 483 1102 525 cos
1157 469 1473 539 appellavit,
1515 468 1780 538 quoniam
1839 462 1933 518 Jo-

2057 457 2456 530 πτροσηγόρευσε
2487 473 2500 486 ·
2557 451 2653 507 τοῦ
2705 449 2811 522 γὰρ
2864 446 3132 541 Ἰωσὴφ-ὀ
3172 446 3401 520 Ἐφραῒμ
3442 445 3571 517 υῑόξ·

363 566 525 636 sephi
566 563 714 619 illius
748 563 857 618 fuit
885 559 1172 632 Ephraim,
1205 556 1462 627 Ephraim
1487 563 1671 612 autem
1699 554 1940 627 appellat

362 657 553 713 decem
602 655 803 709 tribus.

432 747 600 802 Vens.
640 745 765 810 7,8.
803 764 822 797 ι
882 744 1182 817 Propterea
1240 759 1390 800 nunc
1446 741 1647 813 captivi
1696 747 1876 796 erunt
1910 754 1939 791 a

364 838 682 909 principatu
720 836 968 903 fortium,
1003 847 1057 892 et
1087 836 1373 892 auferetur
1430 834 1684 890 hinnitus
1729 830 1944 903 1536

364 946 634 1003 equorum
668 947 735 987 ex
773 930 1095 1004 Ephraimo.
1129 929 1274 996 Quia
1310 927 1523 998 juravit
1545 925 1814 983 Dominus
1840 938 1942 993 per

365 1029 761 1100 semetipsum,
821 1026 1046 1089 dicens,
1092 1021 1361 1077 Dominus
1418 1019 1563 1075 Deus
1622 1019 1940 1071 virtutum:

364 1120 508 1186 Quia
546 1133 650 1189 ego
679 1116 1201 1172 abominornmnem
1222 1111 1615 1168 contumeliam
1638 1108 1851 1174 Jacobi,
1889 1114 1942 1161 et

363 1212 619 1283 regiones
678 1209 800 1278 ejus
854 1209 979 1274 odi,
1039 1214 1095 1263 et
1157 1205 1405 1262 auferam
1463 1204 1743 1258 civitatem
1814 1215 1941 1256 cum

365 1300 778 1356 habitatoribus
824 1299 964 1355 suis.
1018 1316 1037 1351 ι
1090 1295 1409 1366 Principes,
1472 1293 1673 1363 inquit,
1727 1290 1943 1344 viribus

363 1401 692 1461 praestantes
757 1405 854 1445 eos
900 1392 1153 1460 captivos
1222 1388 1532 1453 abducent,
1589 1392 1645 1440 et
1724 1381 1942 1438 tandem

368 1482 645 1553 Ephraimi
681 1482 923 1552 potentia
964 1482 1236 1551 capietur.
1270 1476 1450 1535 Verax
1493 1478 1637 1534 enim
1672 1485 1726 1531 et
1784 1475 1944 1529 fortis

364 1582 470 1640 est,
495 1574 589 1645 qui
620 1574 766 1628 hanc
801 1575 1129 1629 sententiam
1186 1579 1383 1628 contra
1419 1584 1546 1626 eum
1596 1570 1741 1625 tulit.
1794 1566 1945 1622 Tulit

367 1675 571 1731 autem,
603 1665 726 1736 ejus
756 1665 1128 1735 arrOgantiam
1159 1664 1617 1736 impietatemque
1636 1662 1943 1718 detestans.

2060 550 2301 620 Ἐφραῖμ
2338 550 2394 602 δὲ
2419 548 2517 611 τὰς
2541 546 2672 600 δέκα
2697 540 2865 613 φυλὰς
2893 539 3161 611 ὀνομάζει.

2118 731 2183 796 ς’,
2206 735 2277 798 η’.
2299 746 2319 779 ι
2344 727 2441 781 Διά
2456 726 2613 780 τοῦτο
2625 724 2717 777 νῦν
2734 720 3070 794 αἰχμάλωτοι
3086 720 3297 776 ἔσονται
3323 721 3413 776 ἀπ’
3430 724 3581 795 ἀρχῆς
3655 780 3665 793 ,

2044 819 2343 887 δυναστῶν,
2375 819 2469 872 καὶ
2502 816 2865 887 ὲξαρθήσεται
2908 813 3271 886 χρεμετισμὸς
3325 815 3493 868 ἵππων
3533 818 3583 882 ἐξ

2056 884 2312 985 Ἐφραίμ.
2339 911 2461 963 ’Ότι
2499 884 2921 979 ὤμοσενΚύριος
2948 884 3096 959 καθ’
3134 904 3351 970 ἑαυτοῦ,
3371 905 3581 974 λέγων’,

2044 1002 2250 1074 Κύριος
2277 1004 2305 1055 ὁ
2330 1000 2461 1064 Θεὸς
2485 998 2591 1052 τῶν
2620 999 2919 1068 δυνάμεων·
2957 997 3102 1051 Διότι
3129 995 3471 1067 βδελύσσομαι
3492 998 3585 1066 ἐγὼ

2045 1097 2224 1149 πᾶσαν
2251 1092 2348 1163 τὴν
2388 1091 2543 1162 ὓϐριν
2591 1089 2806 1158 Ἰακὼϐ,
2838 1091 2932 1143 καὶ
2965 1088 3063 1153 τὰς
3100 1087 3284 1160 χώρας
3312 1088 3464 1141 αὐτοῦ
3502 1107 3586 1160 με-

2053 1186 2281 1257 μίσηκα,
2307 1185 2403 1237 καὶ
2444 1180 2624 1254 ὲξαρῶ
2656 1181 2809 1235 πόλιν
2838 1181 2937 1234 σὺν
2966 1182 3079 1244 τοῖς
3104 1180 3126 1212 ³
3150 1178 3481 1234 κατοικοῦσιν
3504 1181 3587 1235 αὺ-

2043 1278 2164 1348 τήν.
2200 1295 2219 1327 ι
2249 1277 2562 1344 Ἀρχοντες,
2582 1274 2740 1344 φησὶ,
2776 1272 2991 1326 δυνατοὶ
3022 1269 3385 1342 δορυαλώτους
3418 1271 3588 1335 αὐτοὺς

2047 1366 2478 1437 παραλήψονται,
2526 1366 2621 1419 καὶ
2665 1365 2818 1427 τέλος
2853 1365 2886 1435 ἡ
2918 1362 3014 1416 τοῦ
3051 1361 3292 1433 Ἐφραῒμ
3335 1361 3589 1415 δυναστεία

2045 1460 2273 1529 λήψεται
2306 1473 2319 1486 ·
2365 1457 2599 1528 ἀψευδὴς
2633 1457 2744 1527 γὰρ
2789 1456 2884 1508 καὶ
2928 1454 3152 1518 δυνατὸς
3194 1455 3223 1507 ὁ
3258 1454 3451 1524 ταύτην
3489 1456 3587 1507 κατ’

2048 1551 2213 1608 αὐτοῦ
2242 1552 2341 1623 τὴν
2391 1550 2572 1621 ψῆφον
2603 1547 2926 1617 ἐξενεγκὼν.
2969 1546 3392 1618 Κατεψηφίσατο
3410 1547 3481 1610 δὲ,
3505 1549 3587 1601 αὐ-

2046 1645 2141 1699 τοῦ
2217 1645 2317 1716 τὴν
2377 1643 2697 1711 ἀλαζονείαν
2752 1643 2849 1698 καὶ
2900 1641 2999 1714 τὴν
3054 1642 3307 1697 ἀσέϐειαν
3367 1642 3587 1713 βδελυξά-

2049 1754 2231 1813 μενος.

437 1843 606 1901 Vsns.
638 1843 795 1901 9-H.
822 1864 841 1897 ι
880 1844 947 1901 Et
969 1846 1099 1912 erit,
1132 1846 1177 1901 si
1213 1843 1587 1900 remanserint
1620 1844 1813 1901 decem
1839 1843 1945 1899 viri

2057 1808 2060 1812 ν
2123 1829 2279 1886 θ’-ια’.
2316 1849 2335 1882 ι
2363 1829 2475 1884 Καὶ
2517 1827 2692 1896 ἔσται,
2728 1827 2827 1883 ὲάν
2869 1827 3237 1898 ὑπολειφθῶσι
3274 1826 3399 1880 δέκα
3428 1826 3591 1896 ἄνδρες

367 1937 422 1990 in
458 1937 622 1993 domo
652 1953 785 2003 una,
811 1945 867 1994 et
894 1938 997 2009 ipsi
1026 1938 1331 1993 morientur
1356 1945 1410 1993 et
1443 1936 1808 1993 remanebunt
1856 1950 1948 1990 re-

368 2031 527 2097 liqui.
562 2031 628 2085 Et
660 2031 855 2087 tollent
894 2030 1191 2086 domestici
1239 2045 1466 2095 eorum,
1528 2036 1583 2085 et
1616 2036 1838 2100 cogent,
1890 2034 1950 2082 ut

369 2121 600 2177 efferant
628 2137 755 2178 ossa
796 2137 988 2179 eorum
1035 2123 1102 2178 de
1147 2122 1313 2177 domo
1353 2140 1366 2176 :
1402 2130 1459 2177 et
1517 2121 1664 2176 dicet
1714 2122 1798 2176 his
1852 2120 1946 2191 qui

371 2224 618 2283 praesunt
641 2214 829 2271 domui
864 2235 878 2270 :
920 2217 1004 2269 An
1045 2214 1226 2269 adhuc
1249 2222 1335 2270 est
1370 2214 1514 2285 apud
1547 2215 1633 2270 te?
1657 2214 1723 2268 Et
1751 2213 1900 2269 dicet
1932 2231 1945 2267 :

371 2304 768 2375 Nequaquam;
811 2315 868 2361 et
907 2306 1053 2361 dicet
1086 2324 1101 2362 :
1131 2306 1297 2373 Tace,
1334 2323 1405 2363 ne
1447 2307 1699 2362 nomines
1743 2322 1948 2363 nomen

373 2394 614 2451 Domini.
651 2416 669 2448 ›
708 2395 921 2465 Tanta,
964 2397 1177 2468 inquit,
1230 2398 1537 2453 incolarum
1572 2398 1728 2453 urbis
1773 2398 1982 2453 iuter-‘

372 2490 534 2543 necio
567 2488 680 2555 fiet,
727 2498 789 2545 ut
818 2490 1065 2560 quaedam
1097 2492 1243 2547 aedes
1293 2500 1543 2547 mortuos
1576 2492 1816 2547 habeant
1846 2492 1949 2548 ha-

370 2583 641 2638 bitatores
672 2599 887 2646 omnes,
920 2584 1225 2656 vicinique,
1267 2594 1363 2639 aut
1407 2586 1699 2657 propinqui
1751 2601 1951 2658 genere

372 2691 437 2730 ex
470 2675 593 2730 aliis
622 2674 835 2731 aedibus
865 2675 1124 2746 profecti,
1156 2688 1504 2731 mortuorum
1533 2679 1804 2734 cadavera
1842 2679 1950 2734 hu-

372 2766 572 2821 manda
609 2774 827 2832 curent,
855 2767 1424 2840 deindeiuvestigent,
1474 2777 1529 2825 et
1578 2770 1721 2825 inter
1762 2787 1822 2827 se
1872 2771 1952 2826 in-

372 2867 678 2929 terrogent,
712 2860 962 2931 nunquid
1000 2861 1072 2916 sit
1112 2861 1260 2916 aliud
1311 2861 1671 2932 insepultum.
1707 2862 1952 2933 Respon-

373 2950 635 3005 dentibus
679 2960 862 3006 autem
915 2952 1023 3008 illis
1056 2953 1150 3022 qui
1185 2953 1336 3008 intus
1369 2962 1520 3018 sunt,
1582 2954 1720 3007 nihil
1775 2970 1946 3011 esse:

375 3042 619 3110 silentio,
651 3044 854 3115 inquit,
894 3045 1113 3101 attoniti
1175 3053 1415 3108 exeunt,
1452 3046 1554 3100 hoc
1587 3044 1773 3102 facere
1816 3048 1952 3102 invi-

2049 1921 2109 1974 ὲν
2140 1920 2284 1991 οἰκίᾳ
2321 1921 2442 1992 μιᾷ,
2475 1917 2876 1973 ἀποθανοῦνται
2900 1919 2943 1979 ⁹.
3004 1914 3101 1973 καὶ
3128 1918 3171 1949 ¹⁰
3203 1917 3593 1989 ἀπολειφθήσον-

2048 2028 2139 2065 ται
2167 2013 2217 2067 οί
2244 2013 2578 2066 κατάλοιποι.
2606 2011 2719 2066 Καὶ
2733 2010 2993 2082 λήψονται
3016 2012 3066 2062 οἱ
3090 2012 3281 2064 οἰκεῖοι
3304 2009 3490 2076 αὐτῶν,
3515 2011 3593 2061 καὶ

2051 2105 2425 2175 παραὸιῶνται
2448 2103 2542 2157 τοῦ
2569 2104 2872 2173 ἐξενεγκεῖν
2905 2104 2945 2134 ¹¹
2973 2104 3040 2157 τὰ
3078 2102 3216 2156 ὀστᾶ
3237 2102 3410 2157 αὐτῶν
3435 2103 3493 2156 ἐκ
3515 2101 3591 2155 τοῦ

2047 2197 2198 2250 οἴκου
2217 2196 2346 2250 ναοῦ
2374 2198 2437 2263 ¹’,
2464 2197 2557 2251 καὶ
2577 2197 2693 2266 ἐρεῖ
2721 2198 2835 2260 τοῖς
2856 2194 3229 2268 προεστηκόσι
3264 2194 3356 2248 τοῦ
3390 2190 3593 2255 οἴκουη,

2050 2289 2115 2343 Εἰ
2135 2287 2213 2342 ἔτι
2232 2289 2466 2360 ὑπάρχει
2496 2289 2645 2359 παρά
2669 2288 2753 2342 σοί
2772 2305 2786 2355 ;
2818 2289 2931 2343 Καὶ
2954 2290 3070 2361 ὲρεῖ
3091 2306 3104 2322 ·
3126 2288 3345 2343 Οὐκέτι’
3376 2288 3462 2342 καὶ
3477 2288 3592 2358 ἐρεῖ·

2051 2379 2206 2448 Σίγα,
2223 2380 2409 2434 ἕνεκεν
2423 2379 2516 2434 τοῦ
2537 2380 2610 2452 μὴ
2637 2380 2904 2451 ὀνομάσαι
2925 2380 2986 2433 τὸ
3011 2379 3185 2451 δνομα
3211 2380 3462 2453 Κυρίου.»
3484 2380 3595 2431 Τοσ-

2050 2471 2211 2540 αύτη,
2251 2472 2403 2541 φησι,
2426 2470 2600 2542 φθορὰ
2626 2472 2735 2525 τῶν
2768 2472 3125 2529 ἐνοικούντων
3148 2472 3249 2541 τὴν
3283 2471 3429 2525 πόλιν
3459 2472 3596 2541 γενή-

2053 2581 2225 2628 σεται,
2257 2564 2331 2627 ὠς
2359 2563 2506 2628 ἐνίας
2526 2563 2705 2628 οἰκίας
2730 2566 2940 2628 πάντας
2968 2563 3114 2634 ἔχειν
3140 2564 3268 2628 τοὺς
3290 2562 3597 2625 ἐνοικοῦντας

2056 2658 2308 2728 νεκροὺς,
2334 2657 2430 2710 καὶ
2463 2659 2591 2720 τοὺς
2615 2657 3022 2728 πελάζοντας,ῆ
3047 2656 3201 2725 γένει
3235 2656 3597 2727 προσήκοντας,

2052 2749 2110 2816 ἐξ
2139 2747 2339 2819 ἐτέρων
2370 2749 2559 2802 οἰκιῶν
2588 2746 3062 2819 παραγινομένους
3095 2746 3209 2799 τῶν
3251 2746 3597 2814 τετελευτηκό-

2051 2858 2158 2894 των
2194 2839 2262 2894 es
2304 2841 2535 2913 σώματα
2581 2841 2934 2912 παραδιδόναι
2970 2844 3119 2912 ταφῇ
3149 2857 3163 2870 ο
3220 2834 3339 2893 εἶτα
3383 2839 3596 2910 ἐρευνᾷν,

2052 2933 2146 2986 καὶ
2177 2932 2440 3003 ἀλλήλους
2470 2935 2781 3005 ἀνερωτᾷν,
2828 2932 2901 3003 μὴ
2933 2932 3040 3004 ἀρα
3071 2932 3163 3003 εἴη
3192 2932 3377 3002 ἕτερον
3405 2932 3599 2999 itaet»).

2064 3025 2539 3096 ’Λποκρινομένων
2565 3024 2620 3078 δὲ
2642 3023 2752 3077 τῶν
2779 3024 3096 3094 ἑνδοτέρων,
3126 3024 3204 3087 ὡς
3226 3024 3327 3076 οὐκ
3343 3024 3422 3093 εἴη
3439 3039 3452 3051 ο
3476 3024 3601 3089 σιγῇ,

373 3148 492 3187 cem
525 3114 839 3202 hortantes,
870 3141 930 3189 ut
965 3135 1178 3205 prolata
1227 3149 1259 3189 a
1287 3134 1393 3190 Deo
1427 3134 1813 3191 universorum
1844 3134 1948 3192 hac

2057 3115 2206 3187 φησὶ,
2233 3115 2530 3186 τεθηπότες
2559 3115 2755 3180 ἐξίασι,
2779 3114 2940 3167 τοῦτο
2969 3116 3150 3168 ποιεῖν
3179 3114 3425 3183 ἀλλήλοις
3443 3130 3597 3180 παρα-

376 3225 670 3281 sententia.

449 3399 616 3457 Vens.
653 3402 740 3455 12.
766 3419 785 3453 ι
823 3401 1120 3472 Propterea
1147 3417 1277 3458 ecce
1319 3401 1587 3459 Dominus
1617 3404 1864 3471 mandat,
1896 3413 1951 3460 et

374 3494 649 3563 percutiet
687 3492 912 3549 domum
947 3509 1201 3565 magnam
1241 3495 1446 3560 ruinis,
1484 3505 1540 3551 et
1561 3496 1785 3552 domum
1822 3513 1951 3568 par—

376 3601 499 3639 vam
528 3584 916 3643 scissionibus.
950 3605 969 3639 ι
1006 3584 1143 3641 Nam
1198 3601 1470 3659 pauperes
1519 3602 1676 3658 aeque
1706 3602 1777 3644 ac
1833 3605 1955 3644 ma-

375 3687 565 3748 gnates
599 3676 866 3734 destruet.

447 3768 614 3825 Vsus.
670 3770 759 3832 15,
791 3768 880 3825 ιι.
938 3790 958 3824 ι
1014 3769 1100 3825 An
1147 3777 1554 3842 persequentur
1595 3770 1835 3842 .1537
1896 3772 1952 3827 in

377 3863 549 3932 petris
603 3862 766 3932 equi?
794 3877 863 3917 an
905 3863 1219 3918 reticebunt
1266 3864 1334 3917 ad
1388 3863 1660 3919 feminas?
1692 3862 1951 3930 quoniam

377 3953 731 4010 convertistis
755 3953 810 4009 iu
846 3952 1089 4009 furorem
1132 3953 1432 4019 judicium,
1469 3962 1525 4008 et
1559 3951 1804 4006 fructum
1858 3953 1951 4021 ju-

378 4045 543 4101 stitiae
577 4046 631 4100 in
658 4045 1111 4103 amaritudinem.
1153 4045 1255 4110 Qui
1285 4044 1544 4100 laetamini
1584 4058 1752 4112 super
1800 4044 1953 4098 nullo

376 4139 541 4193 verbo
565 4138 734 4203 bono,
770 4136 1052 4193 dicentes:
1082 4134 1276 4191 Nonne
1303 4150 1401 4205 per
1430 4133 1814 4190 fortitudinem
1851 4150 1954 4191 no-

378 4237 549 4284 stram
588 4229 884 4285 habuimus
922 4228 1176 4284 cornua?
1207 4246 1227 4278 ι
1270 4227 1405 4298 Equi
1439 4228 1661 4298 quidem
1688 4267 1702 4291 ,
1738 4229 1951 4300 inquit,

376 4323 431 4376 in
466 4321 634 4392 petris
667 4336 892 4376 currere
918 4336 1025 4376 non
1052 4326 1286 4391 possunt
1319 4338 1333 4375 :
1367 4320 1558 4376 hostes
1587 4336 1721 4376 vero
1753 4333 1951 4377 contra

376 4429 477 4470 vos
516 4414 960 4483 proficiscentur,
990 4412 1229 4481 priorem
1258 4419 1502 4466 vestram
1529 4413 1841 4469 celsitatem
1879 4416 1952 4471 ob

375 4506 581 4577 ﬂagitia
614 4521 644 4559 a
672 4505 830 4558 vobis
866 4503 1107 4560 admissa
1143 4505 1446 4574 aspernati.
1487 4507 1553 4560 Et
1591 4508 1954 4576 quemadmo-

374 4601 506 4657 dum
533 4597 683 4666 equi,
705 4610 831 4650 cum
859 4609 1030 4665 equas
1056 4596 1358 4667 conspicati
1394 4596 1622 4661 fuerint,
1648 4598 1950 4657 hinniunt:

374 4693 456 4745 sic
490 4691 676 4744 hostes
710 4694 964 4758 prompto
993 4687 1250 4744 animoin
1278 4689 1634 4753 vosirruent,
1687 4692 1950 4761 quoniam

372 4779 943 4853 judicisiracundiam
968 4781 1024 4837 in
1057 4796 1159 4839 vos
1189 4784 1537 4850 coucitastis,
1579 4786 1951 4858 acerbamque

373 4880 430 4924 ct
461 4868 668 4938 justam
716 4874 1087 4929 sententiam‘
1116 4873 1260 4931 ferre
1312 4874 1596 4946 coegistis.
1643 4875 1779 4932 Nam
1839 4894 1949 4935 non

376 4963 626 5019 honestis
654 4964 821 5022 rebus
856 4982 954 5023 vos
981 4967 1274 5024 oblectatis
1296 5008 1311 5033 ,
1355 4967 1453 5024 sed
1491 4966 1634 5024 fastu
1671 4976 1726 5025 et
1755 4984 1954 5040 super-

374 5055 464 5111 hia
516 5051 869 5122 ferocientes,
915 5060 1116 5117 vestris
1175 5059 1387 5116 viribus
1434 5060 1594 5132 prius
1657 5061 1948 5132 imperium

372 5154 623 5204 vestrum
677 5150 981 5207 ascribitis.
1022 5150 1139 5225 [15]
1164 5152 1375 5209 Idcirco
1406 5167 1509 5223 ego
1532 5194 1547 5220 ,
1583 5153 1766 5209 omnis
1795 5169 1955 5209 exer-

370 5243 515 5295 citus
543 5248 597 5295 et
619 5240 843 5297 virtutis
870 5239 1156 5308 Dominus,
1181 5244 1388 5312 potenti
1410 5260 1507 5301 vos
1535 5245 1684 5315 genti
1714 5245 1948 5300 tradam.

376 5346 392 5377 ι
444 5325 514 5383 Ut
547 5345 659 5384 non
689 5330 976 5385 introeatis
1006 5330 1059 5384 iu
1089 5330 1308 5399 Emath,
1338 5341 1394 5388 et
1433 5350 1610 5404 usque
1632 5333 1699 5389 ad
1731 5343 1948 5390 torrenv

373 5430 483 5474 tem
524 5420 875 5490 Occidentis;
915 5441 933 5475 ι
968 5422 1072 5478 hoc
1105 5433 1209 5489 est,
1243 5424 1321 5478 Ex
1370 5426 1521 5480 omni
1573 5435 1720 5483 terra
1782 5442 1946 5496 quam

2052 3206 2417 3277 κελευόμενοι,
2455 3206 2529 3269 ὡς
2575 3206 2673 3280 τοῦ.
2697 3206 2832 3259 Θεοῦ
2858 3205 2971 3259 τῶν
2993 3206 3135 3260 ὅλων
3184 3207 3387 3276 ταύτην
3417 3204 3599 3268 ἐξενεγι

2051 3300 2239 3363 κοντος
2288 3298 2388 3370 τὴν
2445 3297 2648 3368 ψῆφον.

2124 3392 2211 3464 ιβ’.
2270 3412 2289 3445 ‹
2329 3391 2611 3445 Διότιίδοῦ
2665 3390 2870 3463 Κύριος
2918 3389 3252 3452 ἐντέλλεται,
3308 3389 3401 3441 καὶ
3457 3387 3600 3439 ruti-

2055 3485 2134 3550 ξει
2190 3483 2280 3539 τδν
2334 3480 2478 3538 οἷκον
2528 3485 2620 3537 τὸν
2687 3484 2860 3555 μέγαν
2928 3484 3230 3555 θλάσμασι,
3287 3485 3378 3537 καὶ
3429 3484 3510 3535 τὸν
3542 3476 3607 3533 οἷ-

2054 3595 2151 3632 κον
2191 3578 2282 3631 τὸν
2333 3576 2529 3648 μικρὸν
2579 3578 2875 3648 ρήγμασιν.
2910 3594 2927 3627 ι
2980 3575 3218 3645 Ὁμοίως
3253 3576 3360 3647 γὰρ
3408 3576 3507 3636 τοῖς
3559 3572 3605 3623 ἐν

2069 3671 2250 3741 πενίᾳ,
2313 3668 2407 3723 καὶ
2457 3669 2581 3731 τοὺς
2641 3668 2899 3730 δυνατοὺς
2943 3666 3264 3721 καταλύσει.

2129 3763 2218 3831 ιγ’,
2241 3763 2322 3816 ιδ’.
2349 3763 2441 3814 (Εἰ
2462 3760 2741 3825 διώξονται
2760 3761 2816 3813 ἐν
2840 3759 3068 3829 πέτραις
3092 3759 3338 3825 ἵπποι,εί
3361 3774 3609 3830 παρασιωο

2057 3855 2322 3924 στήσονται
2371 3854 2428 3905 ὲν
2473 3851 2755 3919 θηλείαις,
2791 3852 2875 3904 ὅτι
2924 3850 3292 3923 ἐξεστρέψατε
3342 3852 3417 3915 εἰς
3465 3849 3609 3918 θυμδν

2056 3946 2271 4015 κρῖμα,
2342 3942 2435 3996 καὶ
2495 3942 2709 4013 καρπὸν
2758 3943 3106 4013 δικαιοσύνης
3159 3944 3242 4005 εἰς
3296 3940 3639 4012 πικρία-καῖ’

2055 4033 2466 4106 εὐφραινόμενοι
2491 4034 2579 4086 ἐπ’
2602 4035 2776 4088 οὐδενὶ
2801 4034 2942 4105 λόγῳ
2967 4034 3159 4105 ἀγαθῴ
3180 4035 3246 4098 ’⁸,
3274 4037 3323 4088 οἱ
3355 4034 3578 4102 λέγοντες
3594 4048 3606 4060 ·

2059 4130 2173 4183 Οὐκ
2207 4131 2266 4182 ὲν
2310 4133 2377 4201 τῇ
2420 4129 2566 4201 ἰσχύϊ
2615 4130 2776 4201 ήμῶν
2830 4130 3060 4211 ἔσχομεν
3107 4132 3315 4202 κέρατα
3350 4149 3364 4196 ;
3398 4148 3416 4182 ι
3452 4129 3608 4182 Ἰπποι

2059 4223 2179 4295 μὲν,
2233 4223 2387 4294 φησὶ,
2445 4223 2587 4277 κατά
2644 4223 2857 4294 πετρῶν
2907 4224 3051 4277 θέειν
3098 4224 3161 4277 ού
3197 4224 3466 4287 δύνανται,
3494 4222 3536 4274 οἱ
3565 4218 3611 4271 δὲ

2056 4316 2305 4387 πολέμιοι
2330 4316 2641 4388 χωρήσουσι
2663 4316 2783 4370 καθ’
2805 4315 2977 4384 ὑμῶν,
3021 4315 3115 4369 τοῦ
3161 4317 3432 4388 προτέρου
3478 4313 3608 4384 ὑμῶν

2058 4409 2227 4481 ὕψους
2263 4410 2350 4464 διὰ
2395 4410 2495 4481 τὴν
2525 4410 2652 4481 παρ’
2685 4408 2839 4479 ὑμῶν
2870 4408 3238 4480 τολμηθεῖσαν
3260 4393 3604 4480 ’παρανομίαν

2059 4502 2589 4575 καταφρονήσαντες.
2639 4502 2751 4556 Καὶ
2804 4501 2992 4571 ὥσπερ
3051 4502 3209 4555 ἵπποι
3262 4495 3609 4571 χρεμετίζουτι

2058 4593 2385 4664 θεασάμενοι
2430 4591 2652 4663 θηλείας
2679 4609 2693 4623 ’
2724 4591 2899 4657 οὕτως
2944 4593 2997 4646 of
3040 4592 3294 4663 πολέμιοι
3346 4591 3610 4662 χρήσονται

2058 4681 2356 4754 προθύμως
2388 4685 2453 4755 τῇ
2488 4682 2612 4736 καθ’
2638 4682 2793 4754 ὑμῶν
2818 4682 3013 4753 ἐφόδῳ,
3054 4685 3139 4737 ὅτι
3179 4681 3274 4735 τὸν
3328 4678 3508 4751 κριτήν
3542 4678 3608 4738 εἰς

2057 4775 2225 4847 θυμὸν
2254 4776 2376 4830 καθ’
2412 4776 2566 4847 ὑμῶν
2592 4776 2911 4847 ὲκινήσατε,
2960 4775 3056 4830 καὶ
3096 4772 3302 4844 πικρὰν
3352 4771 3479 4842 ὁμοῦ
3530 4767 3609 4821 καὶ

2054 4868 2264 4922 δικαίαν
2299 4867 2603 4937 ἐξενεγκεῖν
2635 4867 2733 4939 τὴν
2769 4868 2949 4938 ψῆφον
3002 4866 3475 4939 κατηναγκάσατε.
3513 4860 3606 4928 Τὴν

2056 4964 2164 5034 γὰρ
2191 4961 2456 5034 εὐθυμίαν
2496 4963 2597 5016 οὐκ
2627 4961 2716 5014 ἐπ’
2754 4960 2981 5030 ἀγαθοῖς
3023 4960 3197 5032 ἔχετε,
3240 4954 3604 5024 ἀλαζονευόμε-

2055 5073 2136 5110 νοι
2168 5054 2225 5108 δὲ
2254 5055 2348 5109 καὶ
2374 5053 2753 5126 βρενθυόμενοι
2782 5055 2848 5125 τῇ
2882 5053 3120 5125 σφετέρᾳ
3150 5053 3377 5123 δυνάμει
3408 5048 3463 5102 τὸ
3491 5044 3605 5115 πρό-

2054 5163 2213 5217 τερον
2240 5144 2394 5216 ὑμῶν
2442 5145 2778 5216 ὲπιγράφετε
2818 5143 3039 5215 κράτος.
3082 5145 3287 5198 Τούτου
3334 5139 3483 5211 χάριν
3512 5133 3606 5201 ἐγὼ

2052 5240 2081 5291 ὁ
2134 5237 2314 5308 πάσης
2372 5238 2627 5307 στρατιᾶς
2654 5236 2695 5268 ¹⁸
2751 5235 2845 5289 καὶ
2895 5235 3179 5307 δυνάμεως
3236 5232 3432 5303 Κύριος
3481 5226 3603 5280 ἔθνει

2056 5331 2201 5400 ὑμᾶς
2250 5326 2460 5398 δυνατῷ
2506 5326 2833 5399 παραδώσω,
2888 5346 2907 5379 ι
2946 5326 3052 5380 Τοῦ
3111 5325 3185 5398 μὴ
3243 5321 3489 5378 εἰσελθεῖν
3533 5316 3601 5377 εις

2070 5420 2246 5492 Ἠμάθ
2277 5419 2340 5485 ¹⁶,
2389 5419 2482 5472 καὶ
2528 5418 2632 5481 ἕως
2677 5416 2771 5471 τοῦ
2822 5417 3125 5493 χειμάρρου
3171 5416 3287 5468 τῶν
3335 5408 3590 5481 δυσμῶν.»

1690 5537 1923 5595 VARI/Is".
1961 5533 2253 5591 LECTION
2260 5533 2363 5587 ES.

482 5632 570 5703 '{A
597 5633 767 5703 λέγει.
863 5635 886 5667 ⁸
913 5636 1043 5699 τοῖς.
1076 5635 1123 5688 Α
1148 5649 1331 5703 prtem.
1366 5636 1519 5687 πᾶσι.

382 5706 435 5754 in
556 5696 1180 5775 Ιεε.’ὑπολειφθήσοντοίι
1262 5706 1315 5745 ς¹¹
1344 5705 1384 5761 C
1408 5704 1741 5775 eisi/enat,
1807 5708 1849 5737 "
1880 5696 2031 5759 ναόὗ.
2081 5701 2207 5758 Dcs.
2243 5702 2297 5753 itt
2342 5696 2406 5751 A.
2450 5718 2456 5728 ν

372 5775 417 5811 ⁸³
471 5772 508 5825 ἔ]
534 5776 834 5843 στρατείας.

921 5775 962 5812 ¹⁶
998 5780 1038 5830 Α
1082 5776 1275 5848 Ἑμάθ.

1620 5634 1820 5689 ’ἀποο.
1855 5634 1899 5687 Α
1938 5647 2122 5701 ριίειη.
2158 5630 2271 5683 καὶ.
2350 5627 2394 5701 ’_°
2421 5627 2612 5701 acab—7
2642 5626 2836 5701 κατάλ.
2870 5625 2995 5701 Des.
3028 5624 3151 5701 ind
3177 5629 3237 5701 _et
3265 5607 3593 5701 inhAld..uSr.ri

2503 5697 2546 5729 "
2577 5698 2615 5750 A
2656 5697 2754 5768 τῆς
2785 5680 2982 5760 οἰκίας.
3089 5694 3131 5727 ¹⁸
3167 5694 3260 5762 ἀγ.
3306 5689 3417 5744 Des.
3456 5684 3501 5738 iu
3536 5680 3587 5732 Α.
