3904 6202
346 351 489 420 ιιιιιτ

1648 347 1728 411 ΙΝ
1768 346 1968 408 AMOS
2002 347 2159 407 CAP.
2192 344 2323 407 VII.

3478 350 3619 419 1698

361 463 508 516 Ἀντὶ
528 460 648 526 τοῦ,
682 458 866 527 nam;
901 461 1043 528 ὑμᾶς
1072 459 1168 529 τῆς
1198 458 1431 529 πρόσθεν
1462 458 1550 527 ὑφ’
1579 458 1731 529 ὑμῶν
1768 475 1923 528 γεωρ-

2039 467 2199 513 antea
2238 456 2528 522 colebatis,
2589 471 2685 514 vos
2742 460 3038 529 expellam.
3092 459 3382 518 Jeroboam
3439 465 3611 528 enim,

347 554 625 625 γουμένης
674 552 914 616 ὲξελάσω
949 551 1054 621 γῆς
1082 566 1094 579 ’
1139 550 1423 622 Ἱεροϐοάμ
1460 550 1589 624 γὰρ,
1643 553 1732 621 ἐφ’
1785 544 1846 603 οὕ
1899 553 1930 620 ὴ

346 645 660 716 προφητεία
697 642 837 714 αὕτη
895 642 1131 711 ἐγένετο,
1182 641 1613 712 ἀποκατέστησε,
1666 643 1832 713 φησι,
1872 642 1933 695 τὸ

346 741 497 807 ἰριον
544 736 756 808 Ἰσραὴλ
794 735 904 790 ἀπὸ
945 734 1122 805 Ἦμάθ
1173 734 1277 797 ἕως
1328 733 1604 804 θαλάσσης
1648 736 1747 806 τῆς
1796 735 1932 808 πρὸς

346 830 612 901 ἑσπέραν,
641 828 717 893 ώς
744 830 776 899 ἡ
810 827 919 881 τῶν
951 828 1252 880 Βασιλειῶν
1277 828 1488 899 ἱστορία
1512 829 1752 882 διδάσκει
1779 868 1792 880 .
1828 830 1931 882 Λέ-

345 939 434 990 γει
454 918 654 985 τοίνυν,
705 922 786 974 ὅτι
824 921 1007 974 Πάντα
1037 919 1191 991 ὑμῶν
1236 919 1304 974 τά
1327 920 1451 992 ὅρια
1480 920 1791 991 παραδώσω
1819 923 1933 984 τοῖς

348 1013 654 1085 πολεμίοις.
680 1020 691 1027 ’

881 1107 1281 1161 ΚΕΦΑΛΑΙΟΝ
1326 1108 1399 1161 Z'.

419 1206 568 1269 α’-γ¹.
598 1217 617 1252 ι
641 1196 1009 1269 Οὕτωςςέδειξέ
1036 1217 1125 1270 μοι
1149 1199 1350 1271 Κύριος
1365 1198 1429 1263 ⁸⁷,
1457 1198 1549 1252 καὶ
1575 1196 1681 1251 ἰδοὺ
1706 1195 1931 1266 ὲπιγονὴ

343 1293 458 1347 τῶν
517 1292 562 1323 ⁸⁸
618 1291 856 1364 ἀκρίδων
880 1291 1150 1363 ἐρχομένη
1181 1292 1399 1363 ἑωθινὴ,
1429 1292 1523 1345 καὶ
1549 1290 1657 1343 ίδοὺ
1704 1289 1930 1361 βροῦχος

342 1380 430 1449 εἷς
454 1385 578 1454 Γὼγ
607 1384 878 1454 βασιλεύς.
910 1386 1013 1438 Kal
1049 1384 1227 1449 ἔσται,
1256 1384 1352 1438 ἐὰν
1390 1383 1683 1456 συντελέσῃ
1708 1379 1804 1437 τοῦ
1828 1398 1932 1450 φα-

344 1479 465 1544 γεῖν
494 1478 539 1509 ¹⁹
562 1476 652 1529 τὸν
679 1478 871 1547 χόρτον
903 1477 1001 1543 τῆς
1035 1477 1159 1547 γῆς.
1214 1476 1324 1529 Kal
1368 1471 1497 1529 εἶπα
1537 1474 1582 1506 ¹⁶
1602 1489 1617 1505 ⁸
1657 1474 1830 1546 Κύριε
1860 1474 1926 1539 ⁸⁸,

344 1567 507 1631 ἵλεως
537 1566 729 1635 γενοῦ·
764 1567 849 1630 τίς
886 1568 1181 1639 ἀναστήσει
1239 1567 1330 1623 τὸν
1375 1566 1591 1635 Ἰακὼϐ,
1638 1567 1720 1621 ὅτι
1751 1567 1929 1634 ὀλιγο-

344 1662 473 1725 στός
495 1665 644 1728 sort;
670 1662 1043 1732 Μετανόησον,
1085 1662 1276 1732 Κύριε,
1306 1661 1401 1714 ἐπὶ
1422 1661 1616 1732 τούτῳ.
1638 1661 1747 1715 Kal
1773 1660 1930 1715 τοῦτο

340 1755 403 1806 οὕ
442 1754 515 1825 μὴ
545 1755 766 1823 γένηται
796 1755 861 1816 ¹²,
892 1752 1039 1821 λέγει
1073 1752 1296 1824 Κύριος.
1326 1771 1344 1803 ι
1376 1753 1743 1823 Θεασάμενος,
1769 1752 1921 1822 φησὶ,

342 1849 444 1917 τὴν
483 1847 719 1918 φοϐερὰν
744 1848 960 1917 ἐκείνην
993 1846 1144 1911 θέαν,
1189 1848 1445 1901 ἱκέτευσα
1474 1847 1566 1900 τὸν
1600 1846 1732 1899 Θεὸν
1765 1847 1923 1898 ἵλεων

342 1939 621 2006 γενέσθαι,
646 1941 741 1993 καὶ
775 1939 977 1993 παῦσαι
998 1939 1090 1993 τὸν
1118 1938 1368 2005 ὄλεθρον
1401 1941 1502 1993 οὐκ
1529 1940 1788 1992 ἐπένευσε
1844 1938 1920 2003 δὲ,

337 2030 421 2092 ῶς
441 2029 607 2092 εἰκὸς,
648 2029 735 2082 διὰ
762 2030 861 2101 τὴν
900 2033 998 2093 τῆς
1027 2029 1373 2102 παρανομίας
1407 2030 1734 2102 ὑπερϐολὴν.
1765 2029 1927 2082 Ἐπι-

343 2123 539 2192 γονὴν
563 2123 619 2176 δὲ
652 2123 913 2191 ἀκρίδων
938 2123 1165 2177 ἐκάλεσε
1185 2125 1275 2177 τὸν
1303 2123 1586 2195 Ἀσσύριον
1610 2139 1622 2152 ⁸
1652 2123 1927 2192 βροῦχον

335 2216 397 2269 δὲ
428 2214 520 2268 τὸν
570 2215 912 2269 Βαϐυλώνιον
936 2233 949 2245 ο
1005 2216 1066 2269 τὸ
1102 2216 1178 2277 δὲ,
1210 2212 1300 2282 εἷς
1337 2216 1477 2284 Γὼτ
1511 2216 1835 2280 βασιλεὺς,
1864 2214 1927 2267 τὸ

338 2308 440 2377 τῆς
472 2310 730 2379 στρατιᾶς
778 2308 1007 2378 μέγεθος
1054 2309 1373 2381 παραδηλοῖ.
1410 2309 1621 2378 ’Ὠσπερ
1652 2307 1782 2379 γὰρ,
1820 2325 1926 2378 φη-

341 2401 451 2466 σὶν,
479 2400 668 2467 ὀΓὼγ,
685 2400 714 2451 ὁ
740 2400 846 2452 τῶν
872 2399 1153 2454 Σκυθικῶν
1184 2400 1353 2454 ἐθνῶν
1376 2400 1646 2471 βασιλεὺς,
1668 2401 1806 2454 κατά
1827 2400 1927 2469 τῆς

352 2492 708 2564 Ἰερουσαλὴμ
769 2492 972 2563 πλῆθος
1021 2495 1105 2547 ὅτι
1160 2493 1412 2546 πλεῖστον
1456 2492 1719 2562 ἀθροίσει·
1753 2490 1926 2556 οὕτως

352 2586 631 2658 Ἀσσύριοι
655 2588 747 2641 καὶ
788 2584 1112 2640 Βαϐυλώνιοι
1141 2585 1278 2656 μετά
1298 2585 1496 2655 πολλῆς
1522 2585 1927 2654 παραγενήσον-

337 2695 431 2731 ται
458 2678 767 2749 στρατείας.
802 2678 914 2731 Kal
942 2678 1123 2749 ἀκρίδι
1154 2678 1212 2732 δὲ
1235 2678 1328 2732 καὶ
1368 2678 1583 2748 βρούχῳ
1613 2676 1925 2745 παρέδωκεν

340 2769 523 2823 αὐτῶν
549 2774 818 2841 καρποὺς,
871 2769 1133 2834 ὡσαύτως
1174 2770 1229 2824 δὲ
1284 2772 1379 2823 xal
1416 2772 1481 2840 τῇ
1508 2769 1737 2842 κάμπη
1768 2767 1925 2820 τοῦτο

336 2860 451 2931 γὰρ
476 2860 587 2913 ἄνω
613 2861 967 2931 προείρηκεν.

412 2954 473 3007 δ’.
506 2973 523 3005 ι
562 2952 750 3018 Οὕτως
777 2954 945 3018 ἐδειξέ
967 2970 1055 3024 μοι
1078 2951 1282 3023 Κύριος
1312 2952 1359 2983 ⁸⁸
1385 2967 1399 2981 ο
1432 2951 1527 3004 καὶ
1562 2948 1669 3003 ἰδοὺ
1698 2948 1924 3003 ὲκάλεσε

337 3048 441 3116 τὴν
466 3046 621 3116 δίκην
651 3046 709 3098 ὲν
741 3045 875 3117 πυρὶ
918 3044 1120 3116 Κύριος
1174 3045 1203 3097 ὁ
1255 3042 1386 3107 Θεὸς
1417 3041 1483 3110 ’⁸,
1521 3043 1615 3095 καὶ
1640 3039 1921 3108 κατέφαγε

2034 548 2141 603 sub
2181 564 2292 618 quo
2330 548 2443 603 haec
2488 551 2773 621 pr0plietia
2810 552 2956 607 edita
3009 561 3116 619 est,
3147 555 3488 625 propagavit,
3531 555 3618 609 in—

2034 642 2177 709 quit,
2207 642 2342 696 lines
2390 641 2610 697 lsraelis
2645 644 2713 696 ab
2737 642 2933 698 Emath
2968 662 3145 717 usque
3173 648 3237 700 ad
3272 644 3428 701 mare
3464 647 3618 700 occi-

2034 734 2277 795 dentale,
2314 744 2373 789 ut
2423 733 2740 803 Regnorum
2790 736 2952 791 docet
3000 737 3257 794 historia.
3308 738 3399 794 Ait
3440 754 3618 811 ergo:

2041 824 2276 882 Vestras
2310 828 2451 881 lines
2479 841 2673 883 omnes
2707 828 2963 885 hostibus
2999 831 3231 886 tradam.

2634 1131 2864 1188 CAPUT
2909 1133 3024 1189 VII.
3486 1148 3521 1179 ι

2105 1218 2275 1273 Vsus.
2304 1216 2416 1273 1-5.
2450 1238 2468 1269 ι
2501 1219 2591 1275 Sic
2622 1222 2864 1277 ostendit
2896 1225 3028 1276 mihi
3057 1222 3323 1279 Dominus
3351 1244 3363 1278 :
3393 1224 3459 1278 Et
3487 1238 3615 1280 ecce

2037 1308 2180 1365 fetus
2216 1310 2557 1365 locustarum
2593 1313 3064 1368 venitmatutinus
3097 1331 3111 1368 :
3142 1325 3346 1369 etccce
3369 1316 3616 1372 bruchus

2034 1417 2182 1457 unus
2211 1400 2328 1471 Gog
2396 1417 2515 1455 rex.
2572 1400 2637 1456 Et
2667 1402 2772 1455 erit
2802 1403 2847 1457 si
2889 1405 3268 1471 compleverit,
3304 1413 3363 1458 ut
3390 1407 3615 1460 devoret

2034 1494 2219 1550 fenum
2263 1502 2443 1548 terrae.
2516 1493 2731 1565 1438
2774 1495 2841 1548 Ει
2880 1495 3035 1550 dixi:
3071 1495 3316 1559 Domine,
3342 1498 3615 1568 prepitius

2033 1598 2190 1657 esto;
2233 1591 2361 1660 quis
2392 1592 2683 1645 suscitabit
2725 1588 3017 1657 Jacobum,
3050 1592 3311 1661 quoniam
3361 1591 3615 1646 modicus

2033 1691 2116 1737 est
2139 1683 2161 1737 ?
2187 1680 2456 1736 Pmniteat
2485 1688 2559 1746 te,
2593 1680 2844 1747 Domine,
2879 1681 3067 1749 hujus.
3120 1680 3181 1734 Et
3204 1682 3308 1736 hoc
3350 1697 3459 1737 non
3498 1683 3613 1746 ﬁat,

2033 1775 2168 1829 dicit
2198 1773 2487 1828 Dominus.
2529 1791 2548 1826 ι
2574 1771 2711 1828 Cum
2739 1774 3027 1837 horribile,
3071 1774 3272 1843 inquit,
3324 1781 3612 1843 spectacu~

2029 1865 2142 1919 lum
2172 1864 2304 1918 illud
2331 1862 2472 1927 vidi,
2506 1863 2675 1917 Dcum
2712 1864 2898 1933 rogavi
2929 1872 2989 1916 ut
3024 1864 3402 1928 misereretur,
3438 1872 3610 1932 utque

2028 1960 2341 2014 internecio
2395 1965 2665 2013 cessaret.
2701 1955 2821 2010 Non
2871 1956 3068 2009 annuit
3092 1956 3184 2010 ille
3221 1962 3439 2017 tamen,
3476 1966 3608 2025 pro—

2026 2058 2149 2120 pter
2188 2048 2523 2120 iniquitatis,
2555 2040 2615 2101 ut
2646 2047 2951 2102 verisimile
2980 2055 3095 2111 est,
3136 2045 3603 2117 magnitudinem.

2028 2140 2220 2195 Fctum
2301 2148 2481 2194 autem
2539 2139 2867 2193 locustarum
2915 2139 3211 2208 appellavit
3281 2137 3604 2207 Assyrium,

2028 2229 2283 2285 bruchum
2338 2243 2471 2283 vero
2523 2227 2923 2298 Babylonium;
2980 2244 3113 2280 unus
3144 2240 3310 2295 porro
3372 2223 3481 2295 Cog
3518 2238 3609 2277 rea:

2028 2316 2467 2388 magnitudinem
2524 2316 2802 2371 exercitus
2854 2317 3082 2371 indicat.
3137 2315 3607 2381 Quemadmodum

2026 2408 2196 2476 enim,
2233 2408 2430 2477 inquit,
2456 2406 2594 2477 Gog,
2629 2405 3016 2478 Scythicarum
3048 2406 3293 2477 gentiqu
3329 2421 3445 2467 rex,
3475 2419 3611 2457 cou-

2026 2508 2111 2552 tra
2161 2498 2598 2568 Hierosolymam
2650 2498 2950 2550 maximam
3012 2497 3422 2551 multitudinem
3476 2510 3609 2548 con-

2024 2591 2295 2661 gregabit,
2327 2591 2407 2644 sic
2455 2589 2665 2659 Assyrii
2719 2597 2772 2644 et
2841 2589 3124 2660 Babylonii
3186 2588 3426 2642 maximo
3481 2601 3605 2641 cum

2024 2683 2272 2736 exercitu
2318 2680 2634 2735 advenient.
2671 2678 2817 2745 Quin
2864 2680 3028 2734 etiam
3059 2687 3112 2733 ct
3156 2678 3389 2742 brucho,
3434 2685 3487 2731 et
3534 2677 3609 2730 lo-

2026 2783 2201 2829 custae
2236 2773 2454 2829 fructus
2481 2788 2674 2828 eorum
2708 2771 2971 2838 tradidit,
3000 2780 3054 2827 et
3093 2771 3349 2826 similiter
3377 2783 3558 2825 erucae
3589 2783 3603 2820 :

2026 2866 2129 2918 hoc
2159 2862 2306 2918 enim
2343 2863 2599 2933 superius
2631 2861 2902 2932 praedixit.

2096 2954 2263 3011 Vens.
2290 2957 2346 3009 4.
2378 2973 2395 3006 ι
2436 2955 2528 3009 Sic
2560 2954 2813 3009 ostendit.
2852 2953 2985 3007 mihi
3039 2951 3303 3007 Dominus
3332 2968 3343 3004 :
3374 2958 3429 3006 et
3474 2963 3606 3005 ecce

2024 3048 2244 3103 vocavit
2266 3046 2540 3117 judicium
2569 3047 2789 3117 insigne
2820 3044 3090 3100 Dominus
3123 3043 3292 3107 Deus,
3348 3052 3401 3097 et
3439 3041 3605 3096 devo-

337 3141 440 3210 τὴν
461 3140 697 3194 ἄϐυσσον
726 3141 824 3210 τὴν
850 3139 1073 3209 πολλὴν,
1100 3138 1197 3192 καὶ
1227 3137 1502 3206 κατέφαγε
1522 3134 1620 3206 τὴν
1650 3134 1864 3205 μερίδα.
1895 3152 1912 3183 ι

2032 3140 2170 3196 ravit
2216 3140 2475 3211 abyssum
2513 3138 2762 3204 multam,
2798 3145 2853 3192 et
2886 3135 3129 3191 comedit
3171 3145 3410 3206 partem.
3456 3153 3474 3184 ι
3503 3131 3606 3186 Ju-

334 3234 526 3297 Δὶκην
561 3230 659 3301 μὲν
696 3230 851 3283 καλεῖ
896 3230 993 3301 τὴν
1018 3229 1232 3283 δικαίαν
1259 3226 1353 3282 τοῦ
1398 3225 1533 3280 Θεοῦ
1561 3225 1740 3296 ψῆφον
1761 3240 1774 3254 ·
1802 3223 1921 3291 πῦρ

335 3323 400 3376 δὲ
451 3322 627 3386 καλεῖ,
676 3325 800 3386 τοὺς
862 3322 1190 3393 πολεμίους’
1252 3321 1529 3375 ἄϐυσσον
1562 3318 1617 3372 δὲ
1658 3317 1920 3383 πολλὴν,

335 3416 411 3467 τὰ
442 3416 610 3485 μυρία
642 3414 773 3485 ἔθνη
801 3414 870 3468 τὰ
901 3415 993 3468 ὑπ’
1050 3413 1277 3468 ἐκείνων
1304 3411 1645 3467 δουλωθέντα
1668 3427 1680 3440 ·
1707 3409 1923 3480 μερίδα

332 3509 399 3562 δὲ
431 3510 520 3562 τὸν
560 3511 793 3581 Ἰσραήλ.
828 3509 984 3563 Οὕτω
1029 3509 1138 3581 γάρ
1162 3510 1256 3563 καὶ
1292 3511 1320 3563 ὁ
1352 3507 1618 3578 μακάριος
1643 3505 1745 3575 ἔφη
1789 3504 1920 3557 Μω-

339 3598 465 3668 σῆς
495 3616 512 3648 ι
540 3600 647 3652 Kal
668 3600 902 3671 ἐγενήθη
938 3601 1094 3670 μερὶς
1119 3600 1319 3670 Κυρίου
1340 3599 1468 3663 λαὸς
1496 3595 1662 3652 αὐτοῦ
1700 3594 1913 3649 Ἰακώϐ.

352 3689 516 3742 Ἀλλὰ
553 3692 647 3742 xal
677 3690 870 3754 ταῦτα,
907 3691 1061 3763 φησι,
1099 3691 1434 3762 θεασάμενος
1467 3690 1568 3760 τὴν
1598 3688 1770 3758 αὐτὴν
1804 3689 1920 3741 ἱκε-

330 3784 490 3835 τείαν
517 3781 594 3853 τῷ
644 3784 889 3857 Δεσπότῃ
932 3785 1308 3855 προσενήνοχα
1335 3784 1456 3855 μὲν,
1488 3783 1588 3836 οὐκ
1620 3782 1813 3835 ἔπεισα
1838 3781 1916 3836 δέ.

412 3957 479 4024 ζ’,
520 3965 592 4028 η’.
637 3978 653 4010 ι
686 3959 872 4023 Οὕτως
905 3959 1072 4025 ἔδειξέ
1120 3979 1208 4031 μοι
1253 3962 1476 4033 Κύριος,
1509 3962 1602 4015 καὶ
1638 3960 1747 4014 ἰδοὺ
1781 3959 1918 4031 ἀνὴρ

335 4050 585 4120 ἑστηκὼς
614 4051 706 4104 ἐπὶ
723 4051 937 4122 τείχους
981 4053 1361 4123 ἀδαμαντίνου,
1400 4054 1495 4107 καὶ
1526 4054 1571 4085 ’⁵
1591 4054 1647 4106 ὲν
1680 4055 1747 4124 τῇ
1771 4051 1919 4123 χειρὶ

333 4142 504 4196 αὑτοῦ
534 4143 765 4212 ἀδάμας.
791 4145 901 4200 Kal
926 4139 1046 4197 εἷπε
1062 4145 1263 4214 Κύριος
1296 4146 1431 4216 πρός
1458 4162 1546 4216 με·
1579 4145 1644 4198 Τί
1671 4146 1736 4199 σὺ
1764 4146 1914 4215 ὁρᾷς,

351 4238 532 4305 ’Λμώς
561 4238 640 4301 ’⁶;
678 4239 787 4290 Καὶ
815 4233 968 4290 εἷπον
989 4255 1001 4269 ο
1056 4238 1385 4309 Ἀδάμαντα.
1429 4238 1539 4291 Kal
1570 4233 1692 4290 εἶπε
1715 4238 1919 4309 Κύριος

337 4329 476 4397 πρός
505 4346 570 4398 με
590 4346 605 4360 ο
636 4328 789 4391 Ἰδοὺ,
819 4327 928 4396 ἐγὼ
957 4331 1199 4383 ἐντάσσω
1223 4329 1507 4399 ἀδάμαντα
1529 4331 1588 4382 ὲν
1622 4330 1772 4399 μέσῳ
1787 4328 1917 4380 λαοῦ

340 4438 446 4491 μου
490 4421 725 4492 Ἰσραήλ.
765 4441 783 4474 ι
825 4421 1072 4493 ’ἰσχυρὰν
1125 4422 1328 4484 αὐτοῖς,
1381 4420 1535 4491 φησὶ,
1570 4420 1665 4474 καὶ
1688 4418 1916 4489 στερεὰν

2028 3234 2224 3287 dicium
2280 3231 2502 3303 quidem
2560 3240 2720 3286 vocat
2790 3230 2996 3301 justam
3069 3228 3159 3284 Dei
3235 3227 3604 3292 sententiam,

2027 3327 2201 3396 ignem
2224 3339 2355 3378 vero
2379 3324 2589 3389 hostes,
2616 3322 2865 3392 abyssum
2894 3322 3120 3375 multum
3149 3328 3329 3374 autem
3364 3318 3605 3372 inﬁnitas

2027 3426 2219 3489 gentes
2240 3417 2308 3471 ab
2339 3416 2451 3471 illis
2474 3416 2528 3470 in
2562 3415 2883 3471 servitutem
2915 3412 3170 3468 redactas
3199 3430 3211 3466 :
3240 3422 3445 3482 partem
3476 3425 3606 3464 vero

2027 3511 2272 3581 appellat
2306 3508 2584 3564 lsraelem.
2625 3506 2716 3561 Sic
2774 3507 2918 3562 enim
2970 3507 3133 3561 etiam
3191 3506 3387 3560 beatus
3428 3504 3604 3559 Moses

2029 3607 2104 3661 ait
2135 3624 2148 3660 :
2185 3624 2204 3657 ι
2245 3606 2307 3658 Et
2329 3604 2472 3658 facta
2507 3611 2592 3656 est
2630 3616 2761 3671 pars
2794 3599 3009 3654 Domini
3055 3599 3294 3670 populus
3347 3598 3467 3667 ejus
3512 3595 3603 3650 Ja-

2026 3697 2130 3751 cob
2149 3705 2195 3750 υ.
2238 3714 2256 3747 ›
2294 3692 2436 3767 [5,61
2477 3691 2618 3747 Τιιιιι
2672 3707 2891 3756 rursus,
2937 3700 2994 3745 ut
3049 3693 3163 3746 hmo
3210 3689 3343 3752 vidi,
3403 3689 3604 3759 inquit,

2025 3783 2271 3838 eamdem
2332 3781 2551 3852 quidem
2602 3782 2907 3836 orationem
2966 3780 3195 3834 Domino
3252 3779 3444 3846 obtuli,
3505 3778 3605 3834 sed

2025 3891 2133 3930 non
2166 3875 2435 3945 persuasi.

2096 3967 2264 4023 Vens.
2302 3968 2355 4033 7,
2377 3966 2430 4024 8.
2469 3985 2488 4018 ι
2522 3966 2615 4022 Sic
2645 3965 2889 4023 ostendit
2916 3963 3357 4029 mihiDominus,
3389 3971 3441 4018 et
3469 3978 3597 4019 ecce

2026 4061 2110 4115 vir
2145 4061 2323 4114 stabat
2344 4074 2510 4129 super
2540 4074 2758 4113 murum
2800 4057 3237 4123 adamantinum,
3270 4063 3322 4110 ct
3351 4056 3404 4109 in
3438 4069 3602 4107 manu

2025 4151 2147 4219 ejus
2182 4150 2429 4204 adamas.
2465 4148 2530 4202 Et
2559 4150 2702 4204 dixit
2750 4147 3019 4204 Dominus
3057 4148 3124 4201 ad
3184 4162 3313 4200 me:
3359 4145 3503 4209 Quid
3543 4155 3599 4197 tu

2027 4244 2203 4307 vides,
2235 4242 2443 4296 Amos?
2472 4249 2527 4295 ct
2554 4240 2667 4294 dixi
2700 4259 2713 4294 :
2744 4241 3128 4294 Adamantem.
3152 4237 3214 4290 Et
3244 4236 3383 4290 dixit
3415 4234 3600 4288 Domi-

2025 4347 2131 4386 nus
2159 4330 2227 4383 ad
2260 4346 2346 4385 me
2381 4349 2394 4383 :
2432 4329 2581 4383 Ecce‘
2603 4344 2704 4397 ego
2747 4326 2961 4397 1439
3018 4326 3207 4394 injicio
3253 4324 3599 4378 adamantem

2026 4422 2079 4475 in
2110 4422 2291 4475 medio
2316 4420 2501 4490 populi
2538 4418 2644 4472 mei
2676 4417 2915 4473 lsraelis.
2947 4435 2967 4468 ι
3000 4416 3272 4481 Validam,
3313 4415 3510 4484 inquit,
3546 4422 3598 4468 ct

335 4512 459 4564 λίαν
488 4510 672 4579 ἐπάξω
698 4513 938 4584 πληγὴν,
985 4514 1077 4567 καὶ
1125 4512 1392 4584 ἀδάμαντι
1433 4513 1695 4576 ἐοικυῖαν,
1724 4511 1781 4575 ὃς
1809 4510 1919 4564 τῶν

2032 4510 2180 4565 valde
2230 4509 2424 4564 duram
2490 4509 2703 4579 plagam
2762 4507 2878 4565 illis
2937 4507 3190 4571 inferam,
3250 4509 3598 4575 similemque

335 4602 481 4656 ὑλῶν
503 4604 650 4658 ἐστιν
682 4604 915 4657 ἀπασῶν
939 4622 1028 4658 στε
1039 4604 1302 4675 ρεώτερός
1330 4621 1390 4657 τε
1410 4604 1505 4658 καὶ
1532 4602 1918 4674 ίσχυρώτατος.

336 4696 416 4749 Οὕ
446 4696 555 4767 γὰρ
612 4697 873 4768 ἀνέξομαι
902 4696 1085 4750 λοιπὸν
1149 4696 1417 4768 περιιδεῖν
1463 4697 1562 4768 τὴν
1613 4698 1706 4751 ὑπ’
1740 4697 1921 4751 αὐτῶν

335 4786 693 4857 τολμωμένην
719 4788 993 4853 ἀσέὀειαν,
1032 4787 1168 4841 ἀλλά
1198 4789 1295 4841 σὺν
1316 4789 1497 4850 αὐτοῖς
1527 4788 1618 4841 καὶ
1646 4789 1771 4851 τοὺς
1810 4788 1919 4841 τῶν

336 4876 573 4931 εἰδώλων
599 4879 810 4947 ἀφανιῶ
867 4880 1109 4950 βωμοὺς,
1167 4883 1260 4936 καὶ
1316 4882 1417 4945 τὰς
1474 4881 1679 4935 τούτων
1725 4882 1918 4952 ἑορτὰς

337 4972 699 5038 καταπαύσω,
725 4973 817 5025 καὶ
841 4973 1178 5038 ἁπαξαπλῶς
1203 4976 1382 5029 πᾶσαν
1416 4976 1598 5028 αὐτῶν
1629 4973 1918 5027 καταλύσω
1958 5036 1964 5042 θ

335 5062 438 5133 τὴν
477 5061 752 5132 βασιλείαν
777 5081 791 5095 θ
829 5064 920 5117 τὸν
947 5063 1054 5135 γὰρ
1086 5062 1258 5118 οἶκον
1298 5066 1598 5135 Ἰεροϐοὰμ
1640 5065 1739 5136 τὴν
1766 5064 1920 5135 βασι-

336 5154 491 5205 λείαν
518 5154 823 5225 ὠνόμασεν.
868 5158 943 5208 Οὐ
974 5156 1080 5226 γὰρ
1119 5157 1211 5208 ἐπὶ
1235 5157 1449 5221 τούτου,
1488 5157 1623 5211 ἀλλά
1655 5159 1751 5210 καὶ
1781 5157 1917 5227 μετὰ

331 5244 547 5311 τοῦτον,
586 5247 680 5299 καὶ
713 5246 904 5310 ἄλλους
960 5246 1019 5312 ἓξ
1053 5248 1310 5317 βασιλεῖς,
1351 5249 1501 5313 τέλος
1546 5250 1579 5319 ἡ
1618 5251 1917 5320 πρόρρησις

427 5407 448 5428 ⁸
471 5399 627 5451 Deut.
662 5416 834 5462 χχχιι,
871 5402 923 5453 9.

2022 4603 2325 4669 adamanti,
2352 4604 2445 4675 qui
2474 4620 2539 4659 ex
2566 4603 2826 4659 omnibus
2861 4602 3121 4658 materiis
3146 4602 3481 4658 durissimus
3514 4611 3597 4657 est

2021 4706 2077 4755 et
2105 4697 2513 4754 validissimus.
2550 4695 2629 4769 [9]
2655 4695 2773 4750 Non
2797 4697 2943 4751 enim
2989 4696 3172 4766 patiar
3206 4695 3258 4749 in
3288 4702 3595 4764 posterum,

2024 4802 2083 4847 ut
2125 4792 2194 4845 ab
2255 4790 2341 4845 his
2402 4790 2645 4844 admissa
2705 4788 2958 4859 impietas
3001 4796 3220 4841 maneat
3272 4787 3593 4857 impunita:
3678 4802 3687 4809 ·

2021 4884 2155 4954 quin
2190 4897 2300 4937 una
2337 4896 2463 4936 cum
2516 4882 2652 4952 ipsis
2699 4880 2895 4934 altaria
2945 4879 3220 4933 idolorum
3262 4879 3476 4942 delebo,
3506 4894 3604 4934 eo-

2022 4989 2258 5044 rumque
2286 4973 2462 5029 festos
2491 4974 2605 5028 dies
2641 4987 2858 5028 cessare
2892 4971 3091 5026 faciam
3128 4991 3141 5027 :
3174 4986 3336 5027 omne
3358 4972 3595 5042 denique

2022 5081 2214 5121 eorum
2242 5081 2472 5136 regnum
2506 5065 2725 5134 penitus
2750 5072 3028 5133 evertam;
3056 5065 3325 5136 siquidem
3375 5065 3590 5118 domum

2021 5156 2329 5213 Jeroboami
2387 5173 2615 5229 regnum
2668 5157 2908 5213 vocavit.
2966 5156 3087 5214 Non
3152 5159 3297 5214 enim
3350 5165 3593 5226 tempore

2023 5251 2341 5307 Jcroboami
2401 5257 2642 5315 tantum,
2675 5251 2771 5305 scd
2799 5259 2925 5321 post
2964 5251 3113 5307 hunc
3135 5266 3355 5324 quoque
3387 5258 3439 5304 et
3468 5255 3591 5318 post

1648 5494 1883 5550 VARUS
1919 5494 2322 5552 LECTIONES.

421 5633 463 5663 ¹⁷
498 5630 638 5700 Κύρ.
682 5632 1036 5701 chctiturin
1068 5636 1133 5687 Α.

343 5703 552 5774 paritur
583 5704 637 5774 in
673 5702 714 5774 Α
747 5711 799 5757 ει
833 5702 900 5774 C.
972 5706 1015 5735 ²²
1045 5705 1103 5756 ού

344 5772 475 5841 μσς.
553 5772 599 5801 ’³
623 5772 715 5826 καὶ
778 5802 825 5813 --
851 5773 1082 5838 ἀδάμας.
1114 5772 1259 5827 ΕιιἈ
1285 5781 1337 5828 ct
1358 5773 1397 5825 Ο
1432 5775 1612 5843 suppl.

1230 5635 1273 5664 ¹⁸
1328 5633 1455 5685 τῶν.
1491 5631 1688 5687 I)es.in
1719 5636 1763 5686 Α
1787 5634 1929 5689 etC.

1178 5703 1425 5783 byth/.15
1453 5704 1550 5755 οὐκ
1574 5703 1761 5783 ἔσται..
1802 5703 1878 5783 ﬂ“
1905 5705 2044 5783 Κύρ.
2084 5704 2278 5783 Dcpc}.
2313 5703 2366 5762 in
2393 5703 2437 5761 Ᾱ
2473 5719 2530 5764 ιιι
2568 5703 2885 5783 plerumque
2920 5714 2998 5765 lit.

1716 5776 1763 5807 ²⁶
1802 5776 1923 5845 ’Λμ.
1963 5775 2087 5831 Des.
2119 5781 2172 5830 in
2203 5777 2265 5831 (ὲ.

2628 5644 2672 5672 ’θ
2697 5643 2785 5697 Sic
2820 5645 2883 5706 Α,
2910 5644 2980 5694 al.
3016 5639 3157 5694 εἶπε.
3234 5642 3274 5670 ’⁸
3300 5639 3438 5709 Κύρ.
3488 5638 3589 5692 Re—

2041 5637 2083 5668 "
2118 5633 2162 5689 A
2194 5642 2547 5707 καταφαγεῖν.
2628 5644 2672 5672 ’θ
2697 5643 2785 5697 Sic
2820 5645 2883 5706 Α,
2910 5644 2980 5694 al.
3016 5639 3157 5694 εἶπε.
3234 5642 3274 5670 ’⁸
3300 5639 3438 5709 Κύρ.
3488 5638 3587 5692 Re-

2041 5746 2044 5756 .
2084 5704 2278 5772 chet.
2313 5708 2366 5762 in
2393 5709 2437 5761 Α
2473 5719 2530 5764 ιιι
2568 5712 2885 5772 plerumque
2920 5714 2998 5765 lit.
3102 5712 3145 5741 ’⁸
3168 5711 3196 5762 ὁ
3228 5710 3377 5772 Θεός.
3406 5712 3451 5763 Α
3479 5712 3587 5765 K6-
