3904 6202
446 321 583 391 1703

1460 318 1948 387 THEODORETI
1983 314 2319 384 EPISCOPI
2363 316 2725 383 CYRENSIS

3534 312 3678 388 ΗΜ

447 458 468 491 ι
499 436 657 494 Vivat
677 436 818 495 Deus
848 446 997 501 tuus,
1038 435 1175 505 Dan,
1215 444 1271 493 et
1307 437 1450 493 vivat
1468 438 1613 495 Deus
1640 446 1770 493 tuus
1818 437 2015 521 Bersa-

2124 452 2238 495 σου,
2271 437 2399 498 Λᾶν,
2448 436 2540 489 xui.
2571 437 2635 505 ζῇ
2687 437 2714 488 6
2740 433 2870 497 Θεός
2906 451 3021 497 σου,
3052 433 3354 504 Βηρσαϐεέ.
3391 451 3409 484 ι
3448 435 3597 504 Ὅροι
3621 435 3677 488 δὲ

442 530 565 585 bes.
598 549 616 582 ι
674 529 835 585 Fines
894 537 1076 585 autem
1109 528 1165 583 bi
1219 537 1379 584 erant
1403 539 1566 585 terrae
1615 518 2012 586 Israelitarum.

444 620 501 675 ln
532 621 652 675 Dan
682 631 861 675 autem
899 621 1097 675 altaria
1129 622 1346 691 primus
1398 623 1659 677 excitavit
1686 619 2014 676 Jeroboam:

445 713 707 768 Bersabea
744 728 874 768 vero
926 723 1121 784 puteus
1162 722 1248 769 est
1287 713 1606 783 juramenti,
1637 714 1799 782 cujus
1852 727 2016 782 supra

442 804 774 859 mentionem
812 802 964 869 fecit,
999 804 1186 875 ibique
1208 805 1355 867 idola
1383 804 1807 861 venerabantur.

1040 895 1279 951 ‘CAPUT
1316 895 1406 951 IX.

512 985 589 1052 (l,
628 985 705 1056 2).
735 984 867 1040 Post
892 987 1008 1041 haec
1043 988 1119 1040 ait
1153 988 1363 1044 vidisse
1411 1003 1472 1044 se
1507 986 1797 1043 Dominum
1851 1003 2016 1059 super

440 1074 610 1129 altare
670 1083 929 1141 stantem,
960 1085 1015 1131 et
1060 1077 1340 1146 jubentem
1372 1087 1432 1132 ut
1466 1085 1775 1147 percuteret
1829 1078 2019 1149 propi-

442 1167 743 1231 tiatorium,
773 1168 845 1220 ita
874 1175 933 1221 ut
964 1169 1073 1222 ictu
1099 1168 1369 1223 vestibula
1412 1177 1857 1225 concuterentur.
1914 1168 2018 1224 Per

442 1257 545 1312 hoc
602 1263 783 1311 autem
820 1258 1065 1313 ostendit
1119 1258 1238 1314 fore
1269 1266 1328 1313 ut
1357 1257 1449 1314 Dei
1470 1259 1653 1329 jussu,
1685 1269 1739 1315 et
1776 1274 1888 1314 non
1917 1273 2017 1314 sua

440 1350 660 1411 virtute,
697 1350 794 1404 bos
822 1349 1378 1422 vineatBabylonius.
1404 1371 1422 1404 ι
1457 1352 1521 1406 Ει
1548 1351 1788 1416 disseca,
1817 1352 2014 1421 inquit,

442 1441 623 1513 capita
654 1441 920 1497 omnium.
959 1463 977 1494 ι
1016 1444 1133 1498 Hoc
1165 1444 1328 1498 etiam
1349 1445 1542 1500 beatus
1562 1444 1811 1500 Ezechiel
1838 1445 2014 1500 vidit:

445 1550 569 1587 nam
600 1546 654 1589 et
684 1534 756 1589 ibi
790 1534 1098 1601 invisibiles
1133 1535 1388 1601 virtutes,
1431 1537 1725 1592 securibus
1769 1540 2008 1599 utentes,

444 1626 635 1680 urbem
667 1640 882 1681 omnem
915 1600 1210 1689 circumire
1238 1627 1410 1697 jussze
1454 1636 1605 1694 sunt,
1634 1639 1797 1698 atque
1826 1642 2017 1684 omnes

446 1725 751 1785 percutere,
808 1724 1004 1786 praeter
1039 1733 1134 1774 eos
1162 1719 1255 1788 qui
1282 1719 1498 1790 signum
1542 1719 1826 1775 baberent.
1870 1718 2015 1775 Idem

443 1811 550 1862 hoc
599 1809 763 1863 etiam
815 1810 937 1862 loco
988 1811 1256 1880 praecipit,
1313 1830 1331 1862 ι
1385 1811 1602 1867 Disseca
1657 1812 1837 1881 capita
1901 1827 2018 1865 om-

444 1903 618 1959 nium.
661 1921 680 1953 ›
724 1902 787 1956 Et
811 1903 1046 1972 plurima
1076 1902 1223 1959 caede
1253 1904 1307 1957 in
1336 1905 1482 1959 hunc
1510 1904 1731 1959 modum
1762 1904 2019 1977 designa-

442 1998 518 2055 ta,
547 1992 734 2048 subdit
761 2011 774 2046 :
809 2011 827 2040 ι
866 1991 930 2045 Et
958 1992 1205 2062 reliquos
1238 2008 1428 2047 eorum
1462 1993 1644 2064 gladio
1663 1994 2014 2049 interlieiam:

440 2090 495 2136 et
526 2096 635 2135 non
668 2080 837 2151 fugiet
867 2096 934 2135 ex
963 2080 1044 2134 eis
1083 2082 1105 2103 ‘
1133 2079 1230 2150 qui
1278 2080 1484 2151 fugerit
1518 2099 1532 2139 :
1567 2090 1622 2135 et
1655 2097 1765 2136 non
1796 2084 2021 2139 salvabi-

442 2179 534 2225 tur
587 2187 652 2226 ex
705 2170 815 2224 illis
846 2169 942 2239 qui
993 2169 1163 2224 fuerit
1198 2170 1387 2226 salvus
1427 2170 1631 2226 factus.
1675 2190 1695 2224 ι
1726 2172 1799 2243 (2,
1833 2172 1886 2244 5)
1959 2172 2015 2227 Si

439 2265 614 2332 enim,
667 2265 866 2334 inquit,
901 2264 954 2317 in
985 2262 1264 2317 infernum
1294 2259 1710 2329 descenderint,
1745 2261 1871 2317 inde
1922 2277 2017 2317 eos

440 2356 670 2411 evellam
716 2370 918 2409 manu:
967 2354 1011 2409 si
1052 2354 1108 2407 in
1145 2352 1347 2407 coelum
1382 2352 1752 2417 ascenderint,
1803 2344 2018 2425 1444

441 2447 589 2518 quod
624 2445 741 2501 ﬁeri
777 2460 886 2500 non
913 2451 1114 2515 potest,
1151 2443 1283 2499 inde
1305 2443 1587 2498 detractos
1624 2443 1879 2499 hostibus
1904 2438 2018 2498 tra-

441 2536 590 2590 dam.
627 2535 784 2602 Quod
806 2534 853 2589 si
886 2534 940 2588 in
974 2534 1288 2589 Carmelum
1318 2531 1579 2603 fugerint,
1613 2533 1765 2587 nullo
1797 2526 2017 2604 negotio

443 2630 595 2683 illinc
627 2643 725 2684 eos
744 2627 1172 2698 apprehendam.
1204 2624 1273 2679 Et
1302 2627 1356 2681 in
1379 2624 1708 2695 profundum
1732 2626 1899 2680 maris
1925 2626 2017 2681 de-

443 2721 613 2790 mergi
656 2718 703 2774 si
736 2725 1027 2783 conentur,
1061 2716 1260 2771 belluis
1281 2732 1403 2787 quae
1435 2716 1509 2771 ibi
1539 2724 1669 2771 sunt
1714 2717 2016 2786 imperabo,

444 2820 503 2865 ut
533 2827 631 2865 eos
662 2810 977 2864 absumant.
1014 2807 1090 2880 (Δ)
1122 2807 1178 2862 Si
1204 2816 1387 2863 autem
1417 2808 1487 2862 ad
1513 2808 1702 2863 hostes
1732 2807 2019 2879 perfugere

442 2901 727 2966 tentarint,
775 2916 953 2970 neque
1001 2900 1082 2954 sic
1118 2899 1187 2954 ab
1243 2900 1381 2970 ipsis
1425 2899 1770 2963 obtinebunt,
1825 2907 1885 2953 ut
1934 2900 2017 2955 eis

441 3000 725 3062 parcatur.
765 3010 783 3043 ι
821 2988 1139 3046 Oblirmabo
1162 2991 1309 3045 enim
1342 2991 1536 3047 oeulos
1566 3005 1718 3046 meos
1752 3006 1921 3062 super
1952 2992 2018 3046 il-

444 3085 526 3140 los
563 3086 617 3138 in
659 3084 821 3149 mala,
847 3091 901 3139 et
934 3098 1040 3137 non
1079 3084 1137 3138 in
1177 3083 1345 3138 bona.
1392 3101 1412 3133 ι
1441 3082 1521 3154 (5)
1562 3081 1675 3153 Ego
1700 3081 1845 3138 Deus
1896 3098 2016 3138 om-
2045 3109 2085 3166 ε

443 3176 594 3230 nium
640 3190 704 3229 ac
732 3174 1023 3240 Dominus,
1057 3174 1148 3244 qui
1200 3181 1354 3228 tactu
1407 3173 1526 3229 solo
1569 3172 1745 3229 elficio
1768 3181 1828 3228 ut
1866 3182 2014 3229 terra

441 3276 751 3331 moveatur,
780 3279 835 3323 et
865 3267 968 3320 hac
992 3266 1061 3321 de
1084 3280 1255 3321 causa
1288 3265 1433 3319 facio
1459 3274 1517 3319 ut
1546 3264 1671 3335 ejus
1697 3265 1888 3321 incola:
1941 3266 2018 3320 lu-

439 3365 629 3429 gcant.

2117 523 2263 581 οὗτοι
2288 524 2428 599 ἦσαν
2450 530 2547 598 τῆς
2583 526 2928 598 Ἰσραηλιτῶν
2960 527 3083 597 γῆς.
3131 525 3220 579 Ἐν
3263 528 3321 579 δὲ
3348 529 3411 598 τῇ
3446 526 3561 579 Acir
3583 528 3680 578 καὶ

2116 621 2145 671 6
2173 619 2387 689 πρῶτος
2408 618 2634 687 ἔστησεν
2677 616 2957 689 Ἱεροόοᾶμ
2983 617 3347 686 θυσιαστήρια
3367 634 3379 645 ·
3405 617 3438 687 ή
3465 617 3520 669 δὲ
3542 619 3686 684 Bm)-

2117 708 2300 761 σαϐεὲ
2325 707 2386 760 τὸ
2414 707 2591 777 φρέαρ
2616 706 2731 756 ἐστὶ
2750 704 2844 757 τοῦ
2872 706 3057 775 ὅρκου,
3088 703 3218 774 περὶ
3242 697 3304 756 οὗ
3336 703 3429 755 καὶ
3473 703 3584 755 ἄνω
3612 700 3684 753 εἴ·

2120 815 2255 869 ρηκε
2276 814 2290 827 ⁸
2318 799 2477 851 κάκεῖ
2502 796 2557 850 δὲ
2580 795 2773 849 εἴδωλα
2806 788 3196 866 προσεκύνουν.

2712 885 2963 938 ΚΕΦΑΑ.
3015 885 3093 938 Θ’.

2187 977 2340 1031 Μετὰ
2367 977 2540 1031 ταῦτα
2571 978 2722 1043 ἰδεῖνλ
2744 975 2848 1047 ἔφη
2889 975 2979 1029 τὸν
3024 974 3231 1046 Κύριον
3285 972 3565 1041 ἐφεστῶτα
3611 970 3687 1042 τῷ

2118 1068 2505 1139 θυσιαστηρίῳ,
2528 1069 2622 1121 καὶ
2647 1066 2977 1121 κελεύσαντα
3021 1064 3255 1130 πατάξαι
3284 1064 3348 1117 τὸ
3381 1064 3687 1135 ἱλαστήριον

2118 1160 2310 1224 οὕτως,
2334 1161 2475 1214 ὥστε
2506 1161 2569 1230 τῇ
2603 1159 2786 1229 πληγῇ
2822 1158 2916 1211 καὶ
2959 1157 3101 1210 αὐτὰ
3140 1156 3422 1226 σεισθῆναι
3450 1155 3522 1209 τὰ
3552 1172 3688 1225 προσ

2119 1251 2341 1305 πύλαια.
2363 1250 2523 1321 Δηλοῐ
2545 1250 2603 1304 δὲ
2619 1251 2712 1302 καὶ
2730 1249 2817 1303 διὰ
2843 1249 3066 1307 τούτων.
3088 1247 3163 1313 ώς
3190 1248 3354 1301 αὑτοῦ
3370 1248 3415 1281 ⁸⁸
3440 1247 3689 1300 κελεύονα

2116 1360 2230 1406 τος,
2267 1343 2382 1396 ἀλλ’
2417 1343 2515 1396 οὐκ
2553 1341 2728 1412 οἰκείᾳ
2776 1341 3004 1409 δυνάμει
3056 1338 3360 1410 χρώμενος,
3425 1341 3688 1410 κρατήσει

2117 1438 2320 1487 τούτων
2344 1436 2371 1486 6
2395 1431 2754 1495 Βαϐυλώνιος.
2786 1450 2805 1483 ‹
2842 1432 2951 1485 Καὶ
2972 1431 3247 1499 διὰκοψον,
3277 1432 3459 1500 φησὶν,
3495 1432 3578 1494 εἰς
3601 1447 3690 1483 κε-

2119 1525 2292 1594 φαλὰς
2344 1524 2580 1578 πάντων.
2626 1542 2644 1575 ι
2678 1521 2847 1576 Τοῦτο
2886 1522 2981 1575 καὶ
3023 1524 3052 1574 ὁ
3099 1521 3370 1592 μακάριος
3431 1519 3692 1588 Ἰεζεκιὴλ

2119 1616 2412 1670 ἐθεάσατοο
2445 1615 2540 1669 καὶ
2585 1613 2694 1685 γὰρ
2727 1615 2845 1667 ἐκεῖ
2873 1612 3095 1684 ἀόρατοι
3127 1613 3384 1682 δυνάμεις
3433 1610 3692 1665 πελέκεσι

2120 1706 2419 1777 χρώμεναι,
2441 1704 2539 1776 τὴν
2560 1705 2711 1759 πόλιν
2740 1706 2959 1760 ἅπασαν
2984 1707 3339 1777 περιδραμεῖν
3369 1704 3692 1777 ἐκελεύσθη-

2124 1815 2241 1861 σαν,
2274 1798 2368 1851 καὶ
2390 1797 2631 1860 ἅπαντας
2650 1795 2787 1866 πλὴν
2812 1796 2916 1849 τῶν
2940 1797 3001 1850 τὸ
3032 1801 3255 1868 σημεῖον
3296 1798 3537 1868 ἑχόντων
3567 1813 3693 1851 κατ·

2122 1886 2419 1939 ακοντισαι.
2453 1885 2623 1938 Τοῦτο
2676 1883 2949 1939 κάνταῦθα
2982 1886 3362 1955 παρηγγύησε,
3384 1905 3403 1938 ι
3426 1886 3695 1955 Διὰκονζνον

2123 1981 2201 2041 εἰς
2228 1977 2468 2045 κεφαλὰς
2494 1978 2730 2031 πάντων.
2772 1995 2792 2029 ι
2818 1980 2928 2032 Καὶ
2951 1979 3044 2031 τὸν
3067 1979 3134 2031 ἁθ
3145 1978 3262 2048 ρόον
3289 1979 3522 2031 θάνατον
3558 1978 3694 2031 οὕτω

2123 2068 2540 2141 παραδηλώσας,
2582 2069 2832 2140 ἐπήγαγε
2856 2087 2870 2100 ο
2923 2088 2942 2121 ι
2992 2064 3103 2124 Καὶ
3152 2071 3278 2132 τοὺς
3330 2070 3695 2133 καταλοίπους

2122 2160 2298 2213 αὐτῶν
2326 2162 2384 2213 ὲν
2419 2158 2664 2230 ῥομφαίᾳ
2684 2158 3005 2211 -ὀιποκτενιῖῖι⁸
3035 2161 3097 2212 ού
3130 2159 3205 2230 μὴ
3228 2159 3469 2230 διαφύγῃ
3512 2159 3577 2223 ἐξ
3604 2161 3694 2212 αύ-

2120 2250 2228 2303 τῶν
2259 2248 2496 2319 φεύγων,
2520 2251 2611 2303 καὶ
2642 2250 2702 2302 ού
2737 2249 2811 2321 μὴ
2838 2249 3075 2321 διασωθῇ
3106 2251 3165 2316 ἐξ
3206 2251 3385 2304 αὐτῶν
3411 2252 3697 2316 ἀνασωζό-

2124 2357 2303 2410 μενος.
2348 2358 2367 2393 t
2412 2340 2536 2392 Ἐὰν
2576 2342 2685 2411 γὰρ
2709 2343 2788 2405 εἰς
2814 2341 2943 2413 ᾅδου
2970 2341 3320 2406 κατέλθωσιν,
3367 2343 3696 2412 ἀνασπάσω,

2122 2431 2308 2502 φησὶν,
2335 2430 2531 2495 αὐτοὺς
2561 2435 2625 2502 τῇ
2656 2431 2818 2502 χειρί·
2854 2431 2949 2485 ἐὰν
2968 2435 3050 2496 εὶς
3076 2432 3167 2486 τὸν
3189 2434 3417 2504 οὐρανὸν
3448 2434 3694 2488 ἀνέλθω-

2123 2541 2227 2589 σιν,
2273 2525 2410 2595 ὅπερ
2436 2525 2552 2578 ἐστὶ
2588 2525 2699 2578 τῶν
2748 2525 3046 2592 ἀδυνάτων,
3076 2525 3285 2580 ἐκεῖθεν
3315 2529 3522 2593 αὐτοὺς
3570 2546 3696 2583 κατό

2123 2616 2346 2687 αγαγὼν
2367 2618 2478 2680 τοῖς
2502 2617 2545 2649 ⁸⁷
2573 2615 2789 2690 ἐχθροῖς
2818 2617 3150 2688 παραδώσωο
3172 2621 3223 2672 εἰ
3262 2619 3319 2673 δὲ
3345 2620 3438 2674 καὶ⁵
3484 2621 3574 2684 εἰς
3616 2623 3695 2675 τὸν

2123 2708 2419 2782 Κάρμηλον
2447 2708 2668 2778 φύγοιεν
2697 2709 2764 2773 ⁸⁸,
2795 2712 2970 2781 ῥᾷστα
2994 2711 3247 2765 κάκεῖθεν
3287 2713 3491 2776 αὐτοὺς
3523 2731 3694 2785 παρα-

2122 2800 2362 2872 λήψομαι
2385 2816 2399 2831 ·
2430 2800 2535 2855 κᾶν
2574 2802 2654 2865 εἰς
2685 2801 2847 2855 αὑτὸν
2869 2801 2928 2855 δὲ
2975 2804 3074 2874 τῆς
3104 2802 3371 2876 θαλάττης
3398 2807 3695 2861 καταδῦναι

2121 2892 2214 2945 τὸν
2263 2891 2422 2962 βυθὸν
2478 2892 2801 2965 πειραθιῖωι,
2833 2895 2944 2957 τοῖς
2978 2896 3097 2948 ἐκεῖ
3133 2896 3342 2969 θηρίοις
3373 2898 3695 2971 ἐντελοῦμαι

2121 2982 2504 3036 καταναλῶσαι
2542 2981 2760 3047 αὐτούς·
2797 2982 2893 3037 ἐὰν
2917 2984 2976 3038 δὲ
3022 2985 3117 3039 καὶ
3146 2988 3527 3058 αὐτομολῆσαι
3569 2991 3695 3056 πρὸς

2121 3083 2243 3147 τοὺς
2278 3083 2505 3154 ἰχθροὺς
2536 3081 2895 3154 πειραθῶσιν,
2915 3082 3038 3136 οὐδὲ
3065 3079 3210 3135 οὕτω
3236 3082 3335 3152 τῆς
3358 3081 3492 3152 παρ’
3523 3080 3696 3134 αὐτῶν

2122 3172 2334 3242 φειδοῦς
2361 3173 2725 3228 ἀπολαύσουσι
2762 3175 2829 3229 δ’.
2867 3192 2887 3225 ι
2938 3174 3155 3246 Στηριῶ
3200 3173 3309 3242 γὰρ
3338 3174 3465 3234 τοὺς
3496 3171 3693 3241 ὀφθαλ-

2123 3266 2258 3337 μούς
2285 3284 2383 3337 μου
2413 3267 2499 3319 ἐπ’
2530 3268 2728 3330 αὐτοὺς
2760 3268 2840 3329 εἰς
2862 3267 3033 3330 κακὰ,
3063 3266 3159 3319 καὶ
3185 3268 3287 3319 οὐκ
3315 3266 3392 3325 εἰς
3435 3264 3638 3332 ἀγαθά..
3670 3281 3689 3314 ι

2130 3357 2273 3427 Ἐγὼ
2339 3359 2448 3412 τῶν
2511 3358 2768 3413 ἁπάντων
2836 3359 2971 3422 Θεὸς
3038 3360 3131 3413 καὶ
3182 3358 3457 3428 Δεσπότης
3490 3397 3508 3420 ,
3562 3359 3590 3408 ὁ
3632 3362 3689 3425 τῇ

443 3452 554 3522 ἁφῇ
614 3450 749 3523 μόνῃ
797 3449 969 3505 ποιῶν
1019 3448 1289 3503 κινεῖσθαι
1345 3449 1444 3519 τὴν
1484 3450 1589 3519 γῆν
1622 3487 1638 3514 ,
1692 3450 1788 3504 καὶ
1839 3448 2057 3505 πενθεῖν
2123 3452 2312 3506 τούτου
2379 3453 2540 3525 χάριν
2610 3453 3044 3525 παρασκιυάξων
3108 3453 3235 3516 τοὺς
3308 3452 3708 3515 meane-1:13

442 3547 632 3616 αὑτήν.
1194 3600 1197 3601 ,

513 3636 682 3694 Vsus.
734 3637 788 3693 6.
858 3655 877 3688 ι
916 3635 1021 3702 Qui
1056 3635 1293 3691 aediﬁcat
1336 3635 1395 3690 in
1441 3636 1586 3691 coelo
1639 3637 2020 3694 ascensionem

444 3744 626 3796 suam,
676 3734 732 3782 et
778 3727 1201 3797 promissionem
1236 3740 1394 3782 suam
1446 3741 1612 3796 super
1638 3733 1843 3781 terram
1896 3727 2023 3779 fun-

444 3821 558 3875 dat.
600 3838 619 3871 ι
674 3816 816 3872 Huic
864 3817 1045 3873 simile
1093 3827 1180 3872 est
1208 3817 1356 3888 quod
1399 3818 1593 3872 beatus
1639 3816 1813 3872 David
1864 3818 2019 3879 dicit,

2186 3639 2260 3697 ς’.
2299 3649 2318 3682 ι
2367 3631 2426 3685 '0
2444 3631 2740 3703 οἰκοδομῶν
2772 3631 2852 3696 εἰς
2883 3630 2975 3685 τὸν
2993 3624 3222 3701 οὐρανὸν
3244 3633 3344 3704 τὴν
3372 3634 3630 3690 ἐπῑδασιν
3647 3629 3687 3658 ³⁸

2120 3723 2307 3790 αὑτοῦ,
2349 3726 2443 3777 καὶ
2470 3723 2566 3794 τὴν
2615 3723 2949 3793 ἐπαγγελίαν
2981 3725 3025 3757 ⁸⁸
3056 3724 3224 3778 αὐτοῦ
3270 3725 3366 3778 ἐπὶ
3393 3726 3501 3795 γῆς
3532 3728 3578 3760 ⁵³
3602 3728 3684 3781 θε-

2122 3814 2342 3884 μελιῶν.
2384 3833 2402 3866 ι
2438 3814 2626 3885 Τούτῳ
2655 3815 2800 3868 ἔοικε
2852 3816 2912 3868 τὸ
2967 3815 3072 3869 ὑπὸ
3099 3815 3192 3869 τοῦ
3224 3817 3500 3889 μακαρίου
3529 3818 3683 3872 Δαθδ

449 3928 468 3961 ι
507 3910 612 3975 Qui
638 3911 690 3962 in
725 3908 960 3963 excelsis
981 3908 1210 3973 habitat,
1242 3916 1298 3963 et
1320 3909 1549 3962 humilia
1574 3908 1873 3978 respicite.
1907 3927 1925 3959 ι
1955 3938 2015 3947 -

2124 3906 2407 3976 εἰρημένον
2421 3922 2435 3937 ο
2475 3926 2493 3957 ι
2541 3905 2601 3959 '0
2621 3908 2678 3959 ὲν
2697 3905 2919 3977 ὑψηλοῖς
2942 3903 3233 3974 κατοικῶν,
3256 3907 3444 3963 καὶτὰ
3461 3909 3681 3962 ταπεινὰ

448 4020 468 4054 ι
493 4002 594 4068 Qui
641 4007 797 4054 vocat
842 4014 1039 4069 aquam
1094 3999 1285 4063 maris,
1317 4006 1372 4052 et
1400 3998 1637 4052 effundit
1676 4012 1798 4052 eam
1855 4015 2018 4069 super

445 4091 641 4147 faciem
677 4098 860 4157 terrae,
900 4089 1166 4145 Dominus
1220 4089 1366 4144 Deus
1420 4089 1769 4159 omnipotens
1820 4106 2018 4145 nomen

442 4184 585 4257 ejus.
613 4204 631 4237 ι
665 4184 920 4241 Ostendit
954 4182 1243 4255 potestatis
1269 4197 1458 4252 opera,
1482 4191 1538 4236 ut
1566 4197 1663 4253 per
1690 4182 1791 4239 bas
1816 4185 2019 4239 confir-

444 4285 555 4334 met
587 4280 791 4333 minas.

511 4448 681 4505 Vsus.
731 4449 784 4505 7.
845 4467 864 4499 ι
901 4449 1057 4502 Anne
1108 4457 1166 4502 ut
1213 4446 1306 4500 lilii
1361 4446 1679 4517 IEtliiopnm
1725 4465 1820 4505 vos
1872 4451 2007 4506 estis

442 4543 599 4608 mihi,
658 4543 752 4595 lilii
811 4541 1064 4596 lsraelis?
1107 4541 1238 4595 dicit
1301 4540 1584 4598 Dominus.
1642 4561 1660 4593 ι
1718 4542 1852 4596 Cum
1911 4558 2008 4599 ea-

440 4636 562 4690 dem
621 4635 744 4690 sitis
805 4643 1021 4695 natnra,
1094 4648 1202 4704 qua
1241 4633 1529 4706 Etlniopes
1573 4638 1867 4708 emterique
1912 4637 2011 4690 bo-

2119 3994 2351 4065 ἐφορῶν,
2394 4015 2412 4046 ι
2441 4028 2507 4036 -
2537 4014 2556 4048 ι
2600 3997 2658 4049 Ὀ
2688 3996 3164 4069 προσκαλούμενος
3190 3996 3255 4051 τὸ
3286 3996 3435 4071 ὕδωρ
3459 3999 3559 4068 τῆς
3590 3998 3678 4052 θα-

2114 4086 2340 4158 λάσσης,
2371 4088 2463 4140 καὶ
2492 4087 2697 4158 ὲκχέων
2738 4088 2870 4141 αὐτὸ
2916 4089 3011 4141 ἐπὶ
3032 4090 3324 4160 προσώπου
3359 4091 3408 4123 ⁵³
3433 4091 3533 4161 τῆς
3558 4091 3674 4161 γῆς.

2115 4177 2319 4248 Κύριος
2339 4178 2368 4230 6
2389 4177 2518 4241 Θεὸς
2546 4180 2576 4231 6
2595 4180 2990 4250 παντοκράτωρ
3008 4180 3176 4249 ὄνομα
3197 4182 3365 4251 αὐτῷ.
3381 4202 3399 4234 ι
3427 4185 3588 4252 Λέγει
3614 4186 3677 4236 τὲ

2114 4268 2215 4338 τῆς
2245 4268 2528 4340 δυνάμεως
2567 4268 2725 4340 ἔργα,
2757 4269 2844 4322 ἵνα
2895 4268 2986 4322 διὰ
3028 4270 3236 4323 τούτων
3286 4270 3563 4347 βεϐαιώσῃ
3586 4274 3679 4335 τὰς

2116 4360 2364 4422 ἀπειλάς.

2174 4450 2239 4516 ζ’.
2279 4469 2296 4502 ι
2331 4449 2448 4521 Οὐχ
2475 4451 2552 4514 ὡς
2585 4451 2692 4505 υἱοὶ
2740 4450 3012 4505 Αἰθιόπων
3059 4451 3220 4522 ὑμεῖς
3273 4452 3399 4506 ἐστέ
3442 4471 3551 4524 μοι,
3580 4456 3676 4508 υἱοὶ

2128 4543 2340 4616 Ἰσραήλ
2368 4561 2382 4609 ;
2415 4542 2563 4611 λέγει
2587 4542 2844 4614 Κύριος.»
2880 4542 2992 4614 Τὴν
3036 4543 3226 4615 αὐτὴν,
3255 4547 3443 4615 φησὶν,
3473 4547 3672 4616 Δίθὲσᾲι

2109 4635 2343 4698 καὶτοῖς
2372 4633 2551 4699 ἄλλοις
2600 4632 2909 4706 ἀνθρώποις
2958 4633 3174 4704 ἔχοντες
3205 4637 3387 4705 φύσιν,
3447 4638 3673 4699 πλείονος

441 4727 638 4788 mines,
687 4725 879 4792 majori
931 4735 1112 4778 tamen
1146 4739 1255 4794 prae
1318 4727 1574 4781 omnibus
1622 4728 1805 4783 studio
1859 4730 2009 4800 digni

2124 4726 2260 4798 παρὰ
2284 4726 2491 4791 πάντας
2519 4725 2786 4797 ἠξιώθητε
2833 4726 3198 4797 προμηθείας.
3235 4729 3533 4782 Καὶντοῦτο
3576 4729 3673 4780 Ξει-

440 4815 609 4869 liabiti
652 4817 809 4870 estis.
854 4814 909 4869 ld
940 4814 1084 4885 quod
1115 4816 1416 4886 explanans
1456 4819 1744 4888 subjunxit
1774 4837 1786 4873 :
1820 4840 1838 4872 ι
1861 4819 2010 4897 Non-

2124 4818 2238 4898 tvbc
2286 4818 2565 4889 ἐπήγαγεν
2590 4834 2602 4847 ·
2642 4834 2660 4868 t
2699 4817 2773 4870 υὺ
2792 4817 2885 4870 τὸν
2925 4816 3144 4888 Ἰσραὴλ
3172 4818 3450 4889 ἀνήγαγον
3475 4821 3538 4872 ἐκ
3575 4820 3669 4887 γῆς

435 4920 503 4960 ne
529 4904 783 4962 lsraelem
832 4908 995 4963 eduxi
1029 4917 1236 4964 eterra
1284 4908 1523 4979 Egypti,
1563 4919 1618 4964 et
1666 4911 2003 4980 alienigenas

2124 4908 2407 4977 Alydmou,
2451 4910 2546 4961 καὶ
2594 4907 2720 4971 τοὺς
2776 4906 3106 4976 ἀλλοφύλους
3147 4911 3213 4962 ὲκ
3265 4909 3663 4970 Καππαδοκίας,

433 5014 463 5051 e
490 4997 860 5068 Cappadocia,
892 5007 945 5054 et
980 4997 1151 5069 Syros
1175 5016 1205 5056 e
1236 5001 1422 5056 fovea?
1449 5021 1468 5052 ι
1501 5002 1806 5073 Migrarunt
1831 5003 1999 5069 enim,

2111 5003 2205 5055 καὶ
2235 5000 2361 5064 τοὺς
2392 4999 2593 5071 Σύρους
2629 4999 2675 5032 ⁵³
2719 5001 2782 5054 ἐκ
2813 5000 3007 5069 βόθρου
3039 5016 3054 5064 ;
3097 5019 3116 5052 ι
3149 5000 3501 5071 Μετέστησαν
3546 5003 3661 5069 γὰρ,

434 5089 635 5160 inquit,
675 5091 840 5143 etiam
871 5091 985 5156 alii,
1014 5092 1297 5162 priorique
1334 5094 1511 5163 patria
1546 5092 1757 5165 1445
1805 5095 2000 5148 relicta

2124 5093 2265 5162 Ρησὶ,
2296 5092 2391 5147 καὶ
2419 5093 2618 5162 ἕτεροι,
2646 5093 2738 5145 καὶ
2760 5091 2855 5161 τὴν
2885 5092 3157 5165 προτέραν
3183 5093 3417 5162 πατρξδα
3451 5093 3662 5145 καταλι-

432 5181 486 5235 ἱιι
518 5182 678 5235 aliam
705 5190 1094 5252 pervenerunt,
1121 5192 1175 5238 ut
1208 5183 1353 5256 Syri,
1376 5194 1430 5241 et
1452 5185 1744 5256 Allopliyli,
1771 5186 1863 5241 sed
1894 5186 1997 5240 alia

499 5364 530 5406 «ι
551 5353 695 5411 Psal.
724 5370 840 5418 cui,
872 5355 924 5408 5.

2111 5183 2300 5246 πόντες
2344 5183 2421 5245 εἰς
2457 5181 2624 5249 ἄλλην
2650 5181 2908 5250 ἀφίκοντο
2931 5200 2943 5212 ·
3001 5183 3169 5252 ὅνπερ
3212 5183 3279 5254 δὴ
3310 5184 3502 5254 τρόπον
3527 5183 3577 5235 οῖ
3605 5197 3659 5232 τε

1739 5510 1976 5566 VARUS
2008 5510 2406 5571 LECTIONES.

505 5645 696 5716 tiam.
733 5647 773 5701 ο
813 5662 1000 5716 prtem.
1075 5646 1119 5677 ⁸⁷
1152 5647 1282 5708 τοῖς.
1315 5644 1437 5700 Des.
1475 5646 1528 5700 in
1569 5646 1630 5702 C.

1726 5647 1771 5681 ⁸⁸
1807 5648 1848 5701 C
1878 5647 2211 5718 διαφύγοιεν.

2321 5652 2363 5684 ⁵9
2399 5653 2439 5707 C
2471 5650 2888 5706 ἀπολαύσονται.
2963 5650 3010 5681 ⁸⁸
3037 5652 3081 5703 Λ
3110 5650 3394 5702 ἀνάϐασιν.
3491 5644 3528 5675 ⁸³
3559 5642 3641 5695 ἐς.

436 5712 513 5769 Ex
546 5713 719 5772 Bosiii
746 5712 1060 5786 conjectura
1093 5717 1200 5788 leg.
1222 5726 1306 5773 est
1336 5719 1726 5787 στραγγαλιάν.
1804 5721 1848 5750 δ’
1870 5712 1994 5790 γῆςζ
2020 5712 2067 5770 Ᾰ
2100 5734 2264 5790 praem
2317 5724 2433 5791 τῆς.
2508 5722 2554 5753 ⁸³
2584 5725 2627 5775 Α
2660 5720 2969 5791 πρόσωπον.
3044 5720 3090 5751 ’δ
3116 5718 3159 5773 C
3202 5715 3527 5788 Ἀσσυρίους.
