3904 6202
765 428 970 501 1451
1009 427 1233 487 CAPUT
1272 427 1558 486 UNICUM.

404 517 610 587 ,Vsns.
648 519 699 575 ί.
756 539 775 570 ι
824 520 972 575 Visio
1010 520 1219 574 Abdiar.
1268 539 1287 573 ι
1353 520 1465 575 Hoc
1517 531 1622 584 est.
1682 523 1946 578 divinitus

375 612 563 667 Abdiae
601 612 739 666 facta
773 612 1032 667 revelatio
1064 612 1178 667 haec
1209 622 1312 667 est.
1357 631 1375 664 ι
1405 613 1528 667 llaec
1576 613 1711 669 dicit
1758 614 1941 669 Domi-

376 724 480 763 nus
512 704 654 759 Dens
683 702 948 758 ldutna'aa.
979 723 998 757 ι
1033 703 1153 760 Non
1184 704 1453 771 humana,
1503 705 1701 775 inquit,
1735 706 1951 760 ratione

377 813 511 851 usus
543 797 656 850 haec
694 796 854 849 verba
887 794 1050 860 facio,
1083 795 1177 851 sed
1211 795 1355 851 Deus
1386 795 1792 862 universorum,
1829 802 1949 850 tan-

374 905 536 960 quam
571 902 779 959 organo
825 887 1064 957 quodam
1097 888 1279 955 lingua
1310 902 1428 943 mea
1463 895 1647 952 utens,
1699 886 1949 942 ldumatae

375 979 554 1035 futura
585 978 849 1048 pnedicit.
877 979 954 1032 Ac
975 977 1181 1034 docens
1221 977 1535 1049 cujusmodi
1559 993 1623 1033 ea
1643 977 1775 1040 sint,
1819 976 1951 1031 sub-

375 1070 456 1124 dit
489 1087 503 1123 :
536 1087 555 1119 ι
586 1068 846 1123 Auditum
879 1069 1063 1122 audivi
1098 1083 1139 1123 τι
1189 1067 1445 1134 Domino,
1479 1076 1534 1123 et
1583 1067 1944 1123 munitionem

374 1160 442 1215 ad
475 1169 664 1230 gentes
686 1159 855 1215 misit.
888 1178 908 1211 ι
940 1160 1044 1213 Pro
1076 1160 1377 1214 munitione
1406 1157 1782 1230 Symmachus
1806 1159 1950 1228 lega-

376 1252 567 1305 tionem
615 1251 795 1305 vertit.
841 1249 942 1305 Per
977 1250 1092 1304 haec
1121 1256 1303 1303 autent
1335 1248 1581 1304 ostendit
1627 1249 1803 1319 ipsum
1841 1247 1949 1301 Do-

376 1342 581 1397 minum
610 1351 799 1396 contra
817 1342 1106 1397 ldutuaeam
1131 1341 1317 1396 hostes
1343 1348 1775 1395 convocaturum
1803 1353 1945 1395 esse.

376 1432 541 1487 Addit
583 1432 730 1487 enim
781 1449 846 1487 ει
873 1432 1110 1501 Surgite,
1157 1439 1213 1487 et
1239 1446 1636 1502 consurgentis
1680 1429 1954 1485 adversus

376 1541 500 1581 eutn
532 1526 585 1580 in
628 1525 902 1596 praelium.
943 1544 964 1577 ι
997 1523 1132 1578 Nam
1189 1525 1337 1580 velut
1395 1525 1505 1579 dux
1550 1523 1771 1593 quidam
1824 1521 1951 1576 belli

377 1617 647 1674 adversus
705 1632 803 1673 eos
850 1617 1155 1673 exercitum
1207 1617 1386 1687 cogit,
1427 1614 1724 1672 omendens
1773 1614 1951 1684 ipsum

376 1725 500 1766 esse
527 1709 621 1780 qui
662 1708 932 1780 permittit
960 1720 1011 1763 ut
1045 1710 1159 1764 haec
1190 1708 1267 1763 illi
1296 1708 1437 1761 mala
1466 1708 1799 1763 sustineant.

447 1885 615 1942 Vens.
645 1885 701 1940 2.
740 1902 758 1937 ι
784 1882 922 1938 Ecce
969 1882 1255 1937 minimum
1303 1880 1427 1937 dedi
1459 1890 1512 1937 te
1553 1881 1610 1936 in
1662 1879 1951 1951 gentibus;

381 1981 535 2034 valde
567 1977 923 2032 inhonoratus
972 1990 1053 2031 es.
1092 1994 1111 2028 ι
1145 1973 1209 2028 Ει
1240 1989 1460 2031 causam
1512 1973 1867 2044 quamobrem
1901 1972 1953 2027 id

379 2074 491 2133 fiat,
525 2069 774 2124 indicans
807 2083 820 2120 :

451 2157 613 2211 Vens.
645 2157 699 2210 5.
742 2171 762 2205 ι
794 2153 1083 2223 Superbia,
1127 2152 1324 2223 inquit,
1373 2152 1561 2209 cordis
1594 2154 1671 2207 tui
1717 2153 1954 2208 elevavit

378 2258 450 2300 te.
489 2267 509 2300 ι
552 2247 745 2301 Postea
774 2246 931 2302 docet
958 2244 1227 2314 superbiae
1255 2258 1472 2297 causas.
1535 2262 1554 2295 ι
1605 2242 1953 2299 lfabitantem

380 2341 433 2393 in
482 2336 841 2391 foraminibus
892 2343 1192 2406 petrarum.
1223 2353 1240 2385 ι
1281 2333 1489 2389 Deinde
1537 2335 1701 2388 etiam
1753 2336 1959 2405 cogita-

378 2431 556 2507 tiones
603 2428 725 2497 eius
765 2430 963 2497 planas
994 2425 1144 2481 facit.
1175 2444 1194 2478 ι
1230 2425 1512 2490 Exaltans,
1555 2426 1754 2496 inquit,
1805 2426 1960 2480 habi—

378 2519 620 2573 taculum
671 2532 857 2582 suum,
899 2527 1062 2586 atque
1112 2517 1306 2572 dicens
1349 2518 1402 2570 in
1436 2515 1609 2571 corde
1640 2531 1787 2571 suo:
1822 2517 1957 2582 Quis

380 2626 467 2666 me
487 2610 717 2666 deducet
744 2609 797 2663 in
817 2615 1024 2662 terram
1040 2608 1091 2661 2»
1114 2607 1416 2663 Altissimis
1433 2606 1696 2662 montium
1727 2605 1959 2677 fastigiis

378 2703 610 2756 ldumtca
649 2700 1004 2770 undiquaque
1037 2708 1188 2768 septa
1233 2708 1369 2753 erat.
1422 2697 1546 2752 llaec
1579 2695 1957 2751 conscendeno

376 2803 480 2860 tes,
502 2808 627 2848 cum
663 2791 732 2845 ab
759 2791 1014 2845 hostibus
1034 2789 1470 2860 impctebantur,
1490 2802 1634 2858 saepe
1660 2788 1766 2841 hoc
1795 2785 1958 2841 modo

376 2902 441 2940 ex
473 2884 660 2939 multis
694 2880 1128 2953 insidii51552
1162 2889 1473 2936 evaserunt.
1499 2880 1772 2946 Quoniam
1802 2894 1956 2949 ergo,

378 2977 573 3047 inquit,
599 2975 684 3031 his
717 2973 1022 3037 conlidens,
1057 2973 1347 3028 insolescis
1375 2980 1430 3026 et
1452 2973 1598 3027 elato
1644 2972 1832 3024 animo
1873 2984 1954 3035 es,

375 3068 534 3138 quasi
563 3065 642 3121 sis
681 3064 1144 3136 inexpugnabilis.
1178 3063 1602 3135 expugnabilem
1630 3070 1685 3118 te
1712 3068 1768 3117 et
1791 3061 1959 3117 hosti-

379 3158 480 3212 bus
506 3164 670 3227 captu
703 3154 913 3212 facilem
949 3154 1203 3220 efficiam,
1242 3168 1344 3209 nec
1371 3168 1435 3208 ex
1478 3153 1736 3209 manibus
1766 3152 1953 3207 inimi-

376 3264 564 3305 corum
601 3246 832 3319 effugies
866 3264 880 3301 :
914 3244 992 3318 [4]
1030 3260 1164 3308 ιιοιι,
1196 3246 1243 3300 si
1277 3260 1432 3301 more
1465 3245 1663 3315 aquila:
1705 3244 1961 3318 sublimis

377 3341 611 3405 tollaris,
640 3348 695 3396 et
720 3355 887 3412 super
920 3339 1147 3394 nebulas
1180 3339 1357 3402 voles,
1408 3346 1575 3408 atque
1603 3338 1659 3392 in
1689 3338 1826 3409 ipsis
1880 3337 1962 3393 si-

377 3433 599 3489 deribus
627 3431 858 3511 habites.
910 3429 977 3484 Et
1002 3428 1307 3487 ostendens
1337 3428 1587 3485 funditus
1627 3431 1960 3501 perituram,

377 3524 612 3598 subjecit
642 3539 658 3579 :

452 3724 613 3780 Vsus.
649 3724 702 3787 5,
731 3724 787 3779 6.
815 3741 834 3775 ι
861 3721 920 3776 Si
954 3720 1103 3777 fures
1124 3721 1471 3777 introiissent
1491 3719 1557 3774 ad
1574 3726 1650 3783 te,
1682 3718 1769 3772 vel
1801 3717 1965 3770 latro-

381 3832 477 3871 nes
520 3831 618 3885 per
651 3822 886 3877 noctem,
918 3812 1012 3867 ubi
1054 3811 1332 3882 proiectus
1367 3811 1559 3866 esses?
1580 3824 1759 3863 nonne
1797 3807 1960 3862 furati

377 3913 564 3961 essent
583 3901 904 3956 safliclentia
927 3901 1069 3956 sibi?
1092 3899 1157 3954 Et
1188 3900 1233 3954 si
1259 3899 1686 3954 vindemiatores
1712 3897 1960 3951 introiis-

379 4004 500 4052 sent
528 3993 596 4048 ad
641 4002 713 4056 te,
762 3990 1010 4062 nunquid
1065 3991 1423 4061 reliquissent
1469 3986 1957 4054 racetnumYQuo-

380 4087 540 4144 modo
571 4095 949 4159 perscrutatus
977 4093 1062 4142 est
1093 4084 1260 4149 Esau,
1294 4090 1350 4139 et
1399 4082 1737 4153 deprehensa
1772 4088 1902 4137 sunt
1936 4085 1956 4101 ‘

379 4179 702 4234 abscondita
729 4176 848 4247 ejus
872 4174 899 4229 ?
921 4195 939 4229 ι
967 4174 1141 4232 Fures
1187 4172 1407 4245 quidem
1451 4171 1678 4242 direptis
1723 4171 1791 4228 iis
1835 4185 1959 4240 quae

380 4267 433 4322 iu
467 4261 879 4338 promptu’sunt
909 4265 1106 4336 posita,
1135 4262 1452 4328 discedunt,
1509 4261 1817 4315 universam
1859 4259 1957 4314 do-

379 4374 523 4413 mum
552 4358 879 4427 perscrutari
910 4372 1019 4411 non
1044 4355 1308 4410 audentes
1335 4371 1349 4407 :
1373 4361 1428 4409 et
1458 4352 1552 4423 qui
1587 4352 1801 4406 vineam
1832 4351 1956 4405 vin-

1362 319 1848 405 ‘THEOPORE'H
1886 319 2220 383 EPISCDPI
2259 324 2624 385 CYRENSIS

3482 321 3611 384 ΓΞιὲ

2447 430 2837 485 κεσιΑΑΑιυΝ
2892 407 3154 485 uouere.

2117 523 2187 577 a'.
2235 542 2252 573 ι
2279 522 2511 592 Ἦρασις
2554 521 2780 575 Ἄϐδιοί
2816 539 2836 572 ι
2886 520 3031 593 Ἀντὶ
3053 518 3170 581 τοῦ,
3201 518 3234 588 ή
3264 516 3449 572 θεόθεν
3471 533 3616 585 γενο-

2052 614 2187 683 μένη
2207 612 2285 684 τῷ
2319 612 2526 666 Ἀδδιοῦ
2557 611 2916 681 ἀποκάλυψις,
2942 610 3082 682 αὕτη
3111 610 3247 663 ἐστί.
3269 628 3287 661 ι
3311 608 3450 663 Τάδε
3474 607 3617 674 λέγει

2051 704 2252 775 Κύριος
2279 706 2309 758 ὁ
2329 705 2460 770 Θεὸς
2480 707 2547 776 τῇ
2579 704 2875 777 Ἰδουμαίᾳ.
2909 722 2927 756 ι
2956 703 3069 757 Οὐκ
3090 701 3439 773 ἀνθρωπίνῳ,
3463 699 3616 771 φησι,

2049 795 2330 867 χρώμενος
2377 795 2620 866 λογισμῷ
2664 794 2888 859 τούτους
2937 793 3197 864 ποιοῦμαι
3226 794 3353 858 τοὺς
3390 793 3578 861 λόγους
3600 808 3615 823 ·

2050 888 2165 942 ἀλλ’
2187 891 2216 942 ὁ
2239 886 2372 951 Θεὸς
2414 888 2522 940 τῶν
2549 887 2685 941 ὅλων
2713 881 2825 940 οἷον
2870 884 3088 958 ὀργάνῳ
3127 884 3233 938 τινὶ
3269 887 3337 956 τῇ
3389 887 3496 956 ἐμῇ
3529 886 3619 939 κέο

2049 997 2248 1052 χρηται
2278 979 2512 1050 γλώττῃ,
2542 979 2638 1031 καὶ
2667 980 2734 1050 τῇ
2779 977 3054 1048 Ἰδουμαίᾳ
3078 978 3146 1029 τὰ
3174 976 3409 1047 ἐσόμενα
3431 977 3624 1045 ἀγγέλο

2020 1072 2210 1150 ,λειτῐ
2244 1071 2355 1126 Kal.
2379 1071 2642 1125 διδάσκων
2669 1072 2828 1124 ὁποῖα
2857 1070 3053 1132 ταῦτα,
3087 1071 3281 1138 ἐπάγει
3310 1086 3325 1100 ο
3378 1088 3398 1120 ι
3431 1071 3623 1140 ’Δκοὴν

2050 1165 2257 1236 ἥκουσα
2296 1163 2450 1234 παρά
2493 1163 2718 1233 Κυρίου,
2768 1161 2864 1216 καὶ
2903 1162 3159 1235 περιοχὴν
3175 1162 3222 1193 τ’
3255 1162 3338 1224 είς
3386 1160 3457 1214 τά
3500 1159 3620 1229 ἔθνη

2050 1255 2448 1321 ἐξαπέστειλεν.
2496 1273 2514 1306 ι
2575 1255 2723 1306 Ἀντὶ
2762 1252 2855 1307 τοῦ
2908 1254 3230 1323 περιοχὴν,
3276 1252 3566 1323 ἀγγελίαν
3596 1253 3624 1304 ὁ

2052 1347 2349 1418 Σύμμαχος
2393 1346 2602 1417 εἴρηκε.
2639 1344 2798 1416 Δηλοῖ
2823 1345 2879 1398 δέ
2913 1345 3001 1399 διά
3026 1344 3252 1410 τούτων,
3287 1345 3366 1409 ὡς
3408 1344 3568 1408 αὐτὸς
3596 1347 3623 1400 ὁ

2051 1441 2326 1510 Δεσπότης
2359 1437 2670 1507 συναγείρει
2692 1437 2834 1490 κατὰ
2862 1436 2959 1507 τῆς
2993 1437 3295 1508 Ἰδουμαίας
3321 1437 3451 1501 τοὺς
3472 1437 3624 1490 πολε-

2054 1530 2229 1600 μίους.
2269 1529 2494 1598 Ἐπάγει
2522 1529 2628 1600 γάρ
2655 1544 2671 1561 ο
2723 1547 2742 1579 ι
2775 1529 3089 1599 Ἀνάστητε,
3118 1532 3213 1582 καὶ⁸
3243 1529 3624 1597 ἐξαναστῶμεν

2053 1622 2138 1676 ἐπ’
2174 1618 2335 1673 αὐτὸν
2359 1619 2405 1651 ⁷⁸
2449 1621 2528 1681 εἰς
2553 1618 2809 1689 πόλεμον.
2844 1639 2862 1669 ι
2910 1613 3034 1672 Οῗον
3060 1618 3169 1689 γάρ
3198 1635 3285 1681 τις
3324 1617 3621 1689 στρατηγὸς

2053 1711 2155 1780 τὴν
2183 1711 2301 1763 κατ’
2331 1709 2530 1772 αὐτοὺς
2555 1708 2845 1781 στρατείαν
2872 1708 3231 1780 συναθροίζει,
3257 1707 3528 1762 διδάσκων
3552 1708 3622 1770 ὡς

1983 1781 2028 1836 Β
2057 1800 2215 1866 αὐτὸς
2247 1801 2442 1864 αὐτοὺς
2474 1799 2645 1854 ταῦτα
2674 1799 2865 1853 παθεῖν
2893 1802 3181 1872 συγχωρεῖ.

2128 1891 2195 1962 β’.
2239 1908 2259 1942 ι
2292 1891 2420 1944 Ἰδοὺ
2436 1892 2481 1922 ⁷⁷
2512 1890 2786 1958 ὀλιγοστὸν
2815 1888 3023 1944 δέδωκά
3055 1906 3112 1942 σε
3154 1890 3212 1943 ἐν
3243 1890 3359 1952 τοῖς
3387 1886 3617 1940 ἔθνεσιν·

2055 1984 2399 2057 ἠτιμωμένος
2428 1983 2492 2037 σὺ
2520 1981 2569 2036 εἷ
2597 1983 2822 2055 σφόδρα.
2856 2001 2873 2034 ι
2921 1982 3029 2037 Καὶ
3060 1981 3158 2053 τὴν
3183 1980 3365 2035 αἰτίαν
3394 1978 3622 2043 δεικνὺς,

2126 2176 2162 2228 γ
2181 2199 2195 2214 .
2238 2177 2257 2210 ι
2285 2159 2350 2212 Ἥ
2385 2158 2747 2229 ὑπερηφανία,
2777 2156 2932 2228 φησὶ,
2963 2155 3064 2226 τῆς
3089 2155 3318 2227 καρδίας
3338 2171 3435 2207 σου
3461 2152 3628 2222 ἐπῆρέ

2059 2269 2138 2305 σε.
2169 2270 2187 2303 ι
2237 2247 2371 2305 Εἶτα
2397 2251 2639 2304 διδάσκει
2677 2250 2777 2320 τῆς
2804 2248 3181 2318 ὑπερηφανίας
3224 2246 3320 2310 τὰς
3355 2246 3623 2315 ἀφορμάς.

2062 2361 2081 2393 ι
2112 2340 2575 2410 Κατασκηνοῦντα
2599 2341 2656 2392 ἐν
2684 2341 2801 2402 ταῖς
2820 2339 2982 2402 ὀπαῖς
3003 2339 3109 2391 τῶν
3132 2336 3369 2405 πετρῶν.
3402 2355 3422 2387 ι
3454 2337 3631 2388 Ἔπει-

2055 2452 2126 2489 τα
2173 2435 2267 2487 καὶ
2315 2435 2442 2497 τοὺς
2490 2431 2783 2502 λογισμοὺς
2829 2429 2999 2483 αὐτοῦ
3052 2429 3246 2500 δήλους
3291 2430 3458 2481 ποιεῖ.
3515 2446 3535 2478 ι
3571 2428 3630 2479 ’0

2058 2526 2208 2595 ὑψῶν
2230 2524 2361 2596 γὰρ,
2390 2525 2544 2595 φησὶ,
2592 2524 2692 2594 τὴν
2724 2523 3007 2576 κατοικίαν
3053 2519 3242 2585 αὑτοῦ,
3276 2520 3454 2588 λέγων
3481 2520 3538 2572 ἐν
3566 2519 3630 2589 τῇ

2059 2618 2257 2690 καρδία
2286 2617 2448 2672 αὑτοῦ
2469 2632 2483 2646 '
2535 2616 2631 2681 Τίς
2662 2632 2728 2687 με
2757 2613 2980 2679 κατάξει
3008 2613 3100 2666 ἐπὶ
3128 2613 3225 2682 τὴν
3252 2612 3390 2680 γῆνς
3435 2630 3453 2662 ι
3495 2612 3630 2679 Σφό-

2058 2711 2161 2782 δρα
2189 2709 2420 2780 ὑψηλαῖς
2453 2708 2598 2780 ὀρῶν
2629 2708 2895 2778 κορυφαῖς
2931 2706 2965 2776 ή
3012 2702 3287 2774 Ἰδουμαία
3333 2702 3632 2770 περιεστοίο

2058 2817 2243 2873 χιστο·
2292 2799 2499 2862 ταύτας
2541 2801 2601 2852 ἐν
2632 2801 2754 2861 ταῖς
2780 2799 2887 2851 τῶν
2919 2796 3194 2865 πολεμίων
3223 2796 3436 2864 ἐφόδοις
3469 2810 3633 2847 κατα-

2059 2888 2444 2960 λαμϐάνοντες,
2490 2886 2692 2949 πολλὰς
2731 2886 2990 2950 πολλάκις
3019 2885 3274 2954 διέφυγον
3308 2882 3632 2955 προσϐολάς.

2073 2980 2287 3052 Ἐπειδὴ
2310 2978 2510 3041 τοίνυν,
2542 2980 2696 3049 φησι,
2723 2976 2949 3042 ταύταις
2975 2976 3195 3047 θαρρῶν
3220 2974 3521 3045 ἀλαζονεύῃ
3543 2974 3634 3027 καὶ

2064 3073 2209 3145 μέγα
2251 3072 2467 3143 φρονεῖς
2492 3072 2539 3103 ⁷⁸
2586 3071 2663 3132 ὡς
2704 3071 3022 3141 ἀχείρωτος,
3068 3067 3336 3122 εὐάλωτὸν
3370 3083 3432 3118 σε
3467 3083 3639 3120 κατα-

2067 3168 2248 3237 στήσω
2292 3165 2387 3219 καλ⁵
2429 3162 2753 3233 εὐχείρωτον
2799 3163 2911 3223 τοῖς
2942 3159 3175 3231 ἐχθροῖς,
3210 3157 3447 3212 καὶτῶν
3486 3157 3634 3211 πολε-

2068 3258 2206 3329 μίων
2234 3258 2295 3310 οὐ
2326 3254 2589 3325 διαφεύξῃ
2618 3255 2715 3317 τὰς
2754 3256 2965 3324 χεῖρας,
3009 3250 3132 3305 οὐδὲ
3178 3251 3231 3302 εί
3275 3250 3438 3319 δίκην
3480 3246 3637 3302 ἀετοῦ

2067 3349 2341 3422 μετέωρος
2364 3346 2608 3420 ἀρθείης.
2640 3344 2734 3398 καὶ
2766 3343 2908 3413 ὑπὲρ
2941 3342 3083 3397 αὐτὰ
3110 3344 3177 3395 τὰ
3209 3343 3348 3411 νέφη
3382 3343 3483 3413 τὴν
3506 3340 3636 3409 πτῆο

2066 3455 2151 3493 σιν
2195 3437 2467 3508 ποιήσαιο,
2519 3434 2613 3487 καὶ
2649 3434 2778 3503 παρ’
2806 3433 2945 3486 αὐτὰ
2992 3433 3178 3503 σχοίης
3221 3433 3289 3486 τά
3333 3432 3513 3502 ἄστρα
3545 3430 3637 3501 τὴν

2062 3531 2295 3603 οἴκησιν.
2345 3528 2453 3582 Καὶ
2478 3526 2758 3598 σημαίνων
2806 3525 2897 3597 οἵᾳ
2933 3523 3276 3595 πανωλεθρίᾳ
3323 3523 3643 3595 «agasone.

2065 3638 2237 3687 σεται,
2267 3621 2545 3692 ἐπήγαγεν
2568 3629 2583 3645 ⁸

2133 3718 2197 3780 ε’,
2229 3718 2304 3777 ς’.
2365 3727 2384 3761 ι
2419 3709 2484 3762 Εἰ
2511 3705 2744 3760 κλέπται
2784 3703 3035 3775 εἰσῆλθον
3079 3701 3216 3773 πρὸς
3252 3700 3337 3765 σὲ,
3377 3699 3412 3771 ἤ
3442 3698 3635 3772 λῃσταὶ

2061 3803 2273 3866 νυκτὸς,
2300 3800 2406 3855 ποῦ
2424 3798 2490 3854 ἂν
2519 3796 2861 3869 ἀπερῤίφης;
2892 3795 2993 3849 οὐκ
3021 3793 3087 3848 ἂν
3120 3792 3355 3862 ἔκλεψαν
3387 3790 3458 3845 τὰ
3480 3789 3636 3843 ικανά

2061 3895 2278 3958 αὑτοῖςς
2333 3891 2445 3944 Καὶ
2483 3891 2532 3943 εἰ
2562 3887 2831 3960 τρυγηταὶ
2858 3884 3108 3954 εἰσῆλθον
3143 3883 3283 3954 πρὸς
3325 3882 3407 3949 σὲ,
3443 3881 3546 3934 οὐκ
3572 3879 3637 3932 ἀν

2061 3984 2413 4040 ὑπελείποντο
2455 3979 2813 4050 ἐπιφυλλίδα;
2865 3976 2991 4040 Πῶς
3035 3973 3371 4047 ἐξηρευνήθη
3432 3969 3635 4033 Ἠσαῦ,

2060 4080 2154 4134 καὶ
2202 4073 2516 4146 κατελήφθη
2568 4071 2734 4126 αὑτοῦ
2773 4069 2844 4124 τὰ
2899 4066 3295 4139 κεκρυμμένα;
3342 4083 3361 4117 ι
3424 4066 3489 4118 Οί
3540 4063 3636 4134 μὲν

2058 4171 2287 4226 κλέπται
2318 4167 2387 4222 τὰ
2417 4167 2476 4220 ἐν
2513 4164 2789 4237 προχείρῳ
2822 4161 3051 4232 κείμενα
3079 4158 3336 4219 λαϐόντες
3350 4157 3397 4187 ⁷⁹
3418 4156 3636 4218 ἀπίασι,

2057 4264 2287 4326 δεδιότες
2325 4262 2542 4315 ἃπασαν
2588 4254 2877 4324 ἐρευνῆσαι
2910 4251 3009 4322 τὴν
3038 4249 3216 4303 οίκίαν
3248 4265 3262 4278 ·
3311 4246 3409 4300 καὶ⁸
3445 4246 3512 4318 δή
3544 4244 3639 4298 καὶ

2056 4357 2104 4409 oi
2138 4353 2236 4417 τὰς
2263 4350 2539 4422 ἀμπέλους
2569 4345 2878 4417 τρυγῶντες
2908 4340 3155 4395 ὀκνοῦσιν
3183 4337 3401 4401 ἁπάσας
3431 4337 3638 4407 διερευ-

377 4426 640 4508 demiant.
669 4450 840 4499 totam
878 4444 1155 4499 curiosius
1190 4443 1446 4513 indagare
1480 4441 1762 4512 negligunt
1790 4458 1807 4508 ;
1846 4456 1953 4510 quo

2063 4447 2154 4515 νᾷν
2185 4440 2427 4515 ἀκριϐῶς
2450 4456 2465 4471 ο
2514 4438 2594 4492 διὸ
2616 4436 2743 4499 τοὺς
2778 4434 2998 4504 μείζους
3027 4432 3135 4485 τῶν
3166 4428 3408 4500 βοτρύων
3442 4426 3637 4481 συλλέ-

378 4536 437 4591 fit
463 4544 545 4602 ιιι,
577 4537 880 4607 majoribus
929 4537 1051 4590 uvis
1075 4535 1345 4596 collectis,
1407 4534 1464 4588 in
1490 4533 1678 4588 multis
1704 4533 1951 4602 palmiti-

379 4630 480 4684 bus
508 4630 820 4683 raeemulos
847 4627 1176 4696 relinquant.
1228 4626 1305 4681 Te
1352 4640 1480 4680 vero
1522 4626 1604 4681 sie
1635 4625 1824 4681 hostes
1856 4639 1954 4678 ex-

376 4719 602 4781 cutient,
654 4728 714 4772 ut
754 4734 823 4773 ne
847 4732 914 4772 ea
969 4716 1215 4786 quidem,
1266 4732 1388 4786 quae
1435 4717 1490 4770 in
1525 4716 1778 4771 abstrusa
1831 4715 1951 4770 loca

377 4807 673 4873 abdideris,
698 4822 890 4862 eorum
917 4822 1113 4863 manus
1139 4805 1420 4878 effugiant.

451 4893 619 4950 Vsus.
662 4895 716 4950 7.
774 4913 793 4946 ι
843 4896 1029 4966 Usque
1082 4896 1151 4952 ad
1190 4897 1455 4951 terminos
1497 4895 1824 4953 dimiserunt
1873 4908 1947 4964 te,

376 5002 571 5041 omnes
605 4987 707 5040 viri
739 4986 963 5044 fmderis
992 4988 1070 5043 tui
1119 4988 1436 5044 restiterunt
1466 4988 1567 5044 tibi
1604 5007 1618 5043 :
1648 4991 1949 5059 praevalue-

378 5086 506 5134 runt
542 5077 805 5133 adversus
858 5090 912 5136 te
946 5080 1048 5133 viri
1091 5080 1298 5150 pacifici
1339 5079 1460 5135 tui:
1510 5081 1603 5151 qui
1655 5081 1951 5138 comedunt

256 5222 263 5229 .
377 5183 580 5237 tecum,
618 5179 919 5241 posuerunt
964 5172 1194 5226 insidias
1246 5172 1437 5227 subter
1486 5182 1557 5227 te.
1589 5191 1608 5224 ι
1662 5172 1946 5240 Ilostibus,

377 5261 576 5333 inquit,
607 5259 978 5332 adjungentur
1022 5262 1058 5316 ii
1085 5262 1180 5331 qui
1214 5276 1389 5331 nuper
1434 5269 1614 5317 tecum
1665 5263 1946 5335 conjuncti

377 5364 531 5410 erant
562 5362 616 5409 et
648 5352 1024 5410 benevolentia
1051 5351 1408 5409 confoederati
1439 5367 1501 5408 ac
1531 5354 1664 5410 socii
1702 5356 1802 5411 tui.
1830 5355 1947 5412 Hoc

2058 4548 2268 4604 γοντες,
2296 4528 2493 4592 πολλὰς
2523 4529 2581 4581 ἐν
2609 4524 2822 4587 πολλοῖς
2852 4522 3093 4591 κλήμασι
3120 4520 3512 4574 καταλείπουσι
3540 4518 3638 4587 ῥᾶ-

2060 4639 2182 4691 γας.
2218 4621 2285 4673 Σὲ
2313 4619 2371 4673 δὲ
2397 4618 2569 4680 οὕτως
2600 4615 2985 4687 ὲρευνήσουσιν
3009 4613 3056 4667 οῖ
3085 4610 3356 4682 πολέμιοι,
3397 4609 3473 4671 ὡς
3501 4607 3636 4679 μηδὲ

2057 4713 2128 4767 τὰ
2151 4713 2232 4775 εἰς
2261 4710 2488 4782 ἀδήλους
2512 4724 2596 4761 σοι
2626 4709 2824 4769 τόπους
2853 4700 3355 4775 κατακεκρυμμένα
3382 4700 3481 4763 τὰς
3501 4700 3638 4753 ἐκεί-

2058 4824 2163 4860 νων
2192 4807 2378 4874 χεῖρας
2408 4801 2712 4871 διαφυγεῖν.

2119 4899 2185 4964 ζ’.
2230 4916 2249 4949 ι
2273 4897 2418 4960 Ἕως
2444 4895 2553 4950 τῶν
2579 4892 2744 4965 ὁρίων
2773 4888 3160 4958 ἐξαπέστειλαν
3205 4903 3284 4952 σε,
3339 4885 3542 4948 πάντες
3580 4884 3634 4936 οῖ

2049 4990 2239 5061 ἄνδρες
2266 4989 2364 5059 τῆς
2393 4985 2657 5056 διαθήκης
2688 4999 2782 5036 σου
2809 4979 3146 5049 ἀντέστησάν
3192 4995 3273 5031 σοι
3301 4995 3316 5009 ·
3368 4974 3636 5047 ἠδυνήθη-

2052 5101 2150 5138 σαν
2165 5083 2211 5114 ⁸⁰
2237 5081 2375 5153 πρὸς
2405 5078 2465 5132 σὲ
2493 5076 2682 5146 ἄνδρες
2710 5071 2976 5144 είρηνικοί
3005 5087 3098 5124 σου
3118 5087 3133 5102 ·
3176 5070 3228 5122 of
3261 5067 3631 5128 auveafiiowé;

2053 5192 2135 5228 σοι
2168 5172 2370 5243 ἔθηκαν
2400 5167 2588 5238 ἐνεδρα
2626 5165 2881 5219 ὑποκάτω
2916 5156 3031 5217 ςὶου.
3081 5181 3099 5214 ι
3142 5159 3628 5230 Προστεθήσονται,

2057 5265 2211 5335 φησι,
2245 5264 2355 5323 τοῖς
2400 5257 2697 5329 πολεμίοις.
2743 5256 2838 5308 καὶ
2881 5255 2932 5307 οἱ
2975 5252 3102 5324 χθὲς
3126 5253 3170 5284 ³⁸
3198 5254 3292 5305 καὶ
3320 5249 3503 5320 πρώην
3534 5247 3627 5300 εὐ-

2057 5355 2252 5418 νοϊκῶς
2308 5352 2437 5425 περὶ
2485 5352 2545 5404 σὲ
2595 5348 2952 5419 διακείμενοι,
3000 5346 3095 5401 καὶ
3164 5341 3482 5417 ὁμόσπονδοί
3534 5355 3631 5393 σου

1659 5536 1894 5592 ἾΑΒΙᾸΕ
1934 5534 2337 5594 LECTIONES.

444 5693 492 5764 ’ξ
528 5693 570 5749 C
593 5694 974 5764 προαγγέλλει.
1034 5692 1079 5725 ⁷⁸
1112 5707 1267 5764 περ..
1284 5708 1338 5764 ιε.
1370 5707 1421 5764 τ.
1453 5690 1522 5764 λ.Δ
1543 5690 1702 5764 ΙΙεῡν.
1740 5694 1969 5750 nuntius
2002 5694 2069 5749 ad
2098 5704 2285 5764 gentes
2320 5693 2527 5764 missus
2553 5699 2660 5764 est.
2694 5759 2710 5764 Α
2734 5691 2782 5764 _"
2805 5690 2851 5747 Α
2876 5690 3068 5763 αὐτήν.
3144 5690 3189 5723 ἠ
3235 5686 3322 5742 Ἰδ.
3352 5683 3392 5740 C
3423 5695 3615 5753 praem.

381 5762 509 5815 Kal.
583 5759 687 5819 "’C
716 5759 1153 5836 μἐγαλοφρονεῖς.
1187 5759 1196 5764 ⁷
1228 5762 1272 5793 ⁷³
1294 5761 1333 5816 C
1377 5759 1763 5831 λαμϐάνοντες.
1840 5766 1884 5798 ⁸ο
1922 5766 1967 5818 Α
1996 5759 2393 5835 ἠδυνάσθησαν.
2469 5762 2512 5793 ⁸⁸
2554 5762 2594 5817 C
2624 5759 2801 5832 ἐχθές.
