3904 6202
390 356 523 423 1715

454 471 624 525 Vsus.
655 469 743 523 14.
775 487 793 518 ι
824 464 1013 535 Neque
1058 463 1235 519 stabis
1283 462 1337 518 in
1386 461 1711 534 egressibus
1758 473 1950 516 eorum
1983 460 2029 516 Δ

384 571 444 615 ιιι
473 557 776 614 iuterlicias
815 569 910 609 cos
941 550 1035 623 qui
1068 551 1207 607 salvi
1253 549 1463 607 fuerint
1500 566 1565 606 ex
1611 548 1694 605 eis
1719 589 1734 604 .
1777 561 1958 617 neque

383 650 683 707 concludes
715 646 981 716 fugitivos
1010 658 1203 699 eorum
1224 642 1320 707 die
1348 640 1749 697 tribulationis.
1785 657 1802 691 ο
1838 637 1956 694 Non

384 741 602 797 insidiis
644 737 845 810 positis
886 738 940 790 in
975 735 1080 790 viis
1111 749 1210 789 eos
1239 733 1560 798 obsidebis,
1592 738 1654 786 nt
1692 729 1816 799 fuga
1864 743 1956 783 sa-

384 833 555 887 lutem
593 829 819 898 assequi
865 834 1177 897 nequeant,
1212 826 1311 881 sed
1339 824 1395 879 in
1435 832 1562 879 tuos
1606 824 1833 891 laqueos
1872 819 1956 874 iu-

380 923 604 988 ciJant,
639 929 695 976 et
732 922 787 974 iu
822 920 1068 973 hostium
1102 933 1300 972 manus
1328 916 1641 973 tradantur.
1680 913 1819 981 Quis
1854 930 1955 968 un-

381 1029 545 1093 quam
579 1029 677 1083 pro
708 1010 981 1083 dignitate
1008 1009 1238 1065 laudare
1267 1016 1455 1080 posset
1479 1008 1614 1079 justi
1640 1005 1847 1076 judicis
1876 1005 1958 1059 in-

382 1105 703 1162 credibilem
733 1103 1035 1159 bonitatem
1059 1141 1075 1165 ,
1104 1101 1199 1170 qui
1224 1117 1353 1155 cum
1386 1101 1547 1170 plane
1571 1100 1778 1158 sciret.
1811 1096 1957 1168 quod

382 1195 725 1270 prapheticis
748 1195 935 1250 verbis
964 1194 1233 1250 credituri
1259 1208 1364 1247 non
1393 1201 1584 1248 essent
1604 1232 1619 1259 ,
1641 1189 1958 1262 propositas

283 1354 290 1360 .
382 1287 564 1342 minas
596 1284 885 1348 adhibuit,
919 1291 979 1338 ut
1009 1283 1211 1351 partim
1241 1283 1505 1338 terrendo
1528 1321 1544 1345 ,
1578 1281 1783 1353 partim
1830 1280 1956 1333 alli-

381 1376 589 1433 ciendo
615 1414 630 1442 ,
663 1374 922 1430 eﬂeratos
962 1372 1173 1445 1455
1210 1372 1497 1427 molliret?
1528 1370 1694 1425 Addit
1730 1378 1913 1424 autem
1942 1385 1955 1420 :

456 1557 624 1614 Vens.
668 1555 756 1610 15.
801 1575 820 1608 ι
860 1553 1001 1621 Quia
1051 1553 1395 1626 pr0pinquus
1446 1558 1532 1605 cst
1578 1549 1700 1605 dies
1743 1548 1959 1604 Domini

382 1662 548 1717 super
580 1661 774 1703 omnes
805 1653 1023 1715 gentes.
1055 1663 1073 1694 ι
1109 1643 1183 1698 De
1214 1642 1472 1696 omnibus
1502 1642 1649 1696 enim
1702 1639 1958 1709 gentibus

381 1739 549 1808 impie
575 1738 892 1793 viventibus
916 1751 1109 1806 poenas
1137 1750 1331 1791 sumo:
1360 1734 1584 1789 easdem
1612 1740 1667 1786 et
1697 1732 1800 1786 tibi
1827 1732 1958 1787 obe-

381 1798 501 1887 dire
541 1830 748 1885 nolenti
781 1798 1069 1899 irrogabo.
1103 1846 1120 1878 ι
1157 1825 1314 1880 Sicut
1344 1825 1525 1881 fecisti
1547 1864 1562 1887 ,
1593 1825 1667 1878 ita
1704 1823 1823 1878 fiet:
1854 1823 1956 1877 tibi
1991 1798 2032 1853 Β

382 1923 675 1980 retributio
703 1931 795 1976 tu’a
825 1921 1094 1993 (veniet)
1129 1920 1185 1981 in
1219 1926 1386 1990 caput
1416 1926 1597 1972 tuum.
1625 1935 1644 1967 ι
1668 1914 1828 1971 Iusta
1863 1930 1958 1986 pa-

380 2017 535 2072 tieris
569 2013 842 2086 supplicio
871 2012 1163 2068 addictus:
1196 2021 1366 2066 metes
1399 2010 1546 2064 enim
1601 2008 1825 2063 fructus
1860 2022 1958 2062 eo-

381 2125 504 2164 rum
538 2122 663 2179 qua:
692 2105 1002 2162 seminasti.
1036 2102 1195 2169 Ideo,

450 2281 616 2341 Vens.
658 2281 743 2337 16.
786 2299 804 2334 ι
835 2282 1125 2348 Quomodo
1150 2281 1339 2336 bibisti
1372 2295 1536 2349 super
1566 2288 1804 2334 montem
1824 2292 1954 2334 san-

380 2383 530 2429 ctum
561 2389 739 2431 meum
762 2415 778 2441 ,
808 2375 998 2430 bibent
1031 2388 1229 2427 omnes
1255 2378 1448 2443 gentes
1490 2371 1676 2425 vinum
1723 2369 1955 2441 (mystio

380 2467 542 2536 cum)
570 2483 584 2519 :
610 2465 801 2521 bibent
823 2472 876 2519 et
914 2464 1318 2528 absorbebunt,
1376 2471 1432 2516 et
1458 2472 1623 2518 erunt
1653 2465 1811 2533 quasi
1845 2478 1956 2518 non

380 2548 515 2615 sint.
546 2575 564 2607 ι
600 2555 1076 2622 Quemadmodum
1112 2556 1259 2613 enim
1293 2555 1411 2627 abs
1432 2563 1486 2611 te
1516 2569 1710 2625 poenas
1740 2555 1954 2623 exigam

379 2662 572 2703 eorum
595 2687 610 2711 ,
650 2661 774 2719 qua:
809 2647 866 2701 in
900 2647 1021 2700 loca
1058 2646 1190 2700 mihi
1240 2644 1490 2701 dedicata
1533 2653 1742 2703 temere
1784 2661 1957 2704 ausus

379 2752 439 2793 es
468 2755 481 2792 :
510 2737 593 2793 sic
624 2738 791 2793 etiam
825 2745 1053 2808 gentes,
1081 2752 1203 2806 qua:
1235 2735 1402 2806 hujus
1433 2737 1747 2808 iniquitatis
1775 2746 1955 2794 tecum

380 2830 681 2902 participes
713 2829 973 2893 fuerunt,
1000 2829 1151 2899 justa
1185 2829 1428 2884 vindicta
1464 2830 1798 2899 plectentnr.
1837 2829 1958 2886 Vini

379 2921 531 2976 enim
575 2921 840 2991 potionem
886 2930 1055 2976 vocat
1096 2922 1360 2977 ultionem
1400 2919 1588 2991 :quod
1624 2929 1813 2991 aperte
1853 2936 1956 2980 nos

382 3015 543 3069 etiam
591 3013 755 3069 docet
805 3014 1007 3071 beatus
1051 3011 1349 3078 Ieremias,
1397 3014 1647 3083 accipere
1696 3015 1953 3084 poculum

1266 349 1751 412 THEOEDORTI
1792 346 2133 410 EPISCOPI
2171 318 2583 407 CYRENSIS'

2128 456 2210 511 ιδ’.
2257 473 2276 508 ι
2303 454 2455 526 Μηδὲ
2506 451 2732 520 ὲπιστῇς
2779 447 2869 501 ἐπὶ
2901 445 2998 509 τὰς
3042 444 3324 506 διεκϐολὰς
3370 442 3549 496 αὐτῶν
3566 444 3630 507 ’³,

2059 538 2435 617 ἑξολοθρεῧσαι
2487 541 2616 605 τοὺς
2666 537 3112 608 ἀνασωζομένους
3174 533 3442 601 adsilui",
3507 534 3633 603 μηδὲ

2061 636 2386 709 συγκλείσῃς
2410 636 2538 697 τοὺς
2583 631 2883 702 φεύγοντας
2917 627 3105 681 αὐτῶν
3120 628 3167 659 ’⁵
3209 628 3267 681 ὲν
3298 626 3485 698 ἡμέρᾳ
3526 625 3635 678 θλί-

2058 731 2223 800 ψεως.
2254 747 2275 782 ι
2323 727 2415 800 Μὴ
2440 726 2675 796 λοχήσῃς
2710 721 2907 785 αὖτοὺς
2931 721 2988 772 ἐν
3014 721 3133 783 ταῖς
3158 718 3294 783 ὁδοῖς
3321 714 3635 789 ἐνεδρεύων,

2058 820 2202 874 ὥστε
2260 817 2393 891 μηδὲ
2443 818 2589 887 φυγῇ
2634 813 2733 884 τὴν
2785 811 3061 881 σωτηρίαν
3110 805 3464 878 πορίσασθαι,
3507 806 3636 861 ἀλλὰ

2057 923 2178 983 ταῖς
2220 921 2343 982 σαῖς
2396 919 2601 985 πάγαις
2642 914 2986 988 περιπεσεῖν,
3027 911 3122 965 καὶ
3151 912 3271 972 ταῖς
3300 909 3414 962 τῶν
3442 907 3638 978 δυσμε-

2058 1011 2167 1065 νῶν
2199 1009 2569 1080 παραδοθῆναι
2594 1006 2802 1079 χερσίν.
2833 1005 2929 1068 Τίς
2959 1004 3024 1058 ἂν
3058 1002 3225 1069 ἀξίως
3251 1000 3519 1072 ὑμνήσειε
3547 999 3638 1071 τὴν

2061 1103 2298 1176 ἄρρητον
2325 1099 2639 1169 ἀγαθότητα
2671 1096 2765 1151 τοῦ
2809 1095 3018 1150 δικαίου
3045 1092 3271 1164 Κριτοῦ,
3306 1092 3366 1156 ὃς
3401 1091 3639 1163 ἀκριϐῶς

2060 1194 2446 1263 ἐπιστάμενος,
2499 1191 2574 1253 ὡς
2614 1192 2727 1253 τοῖς
2769 1188 3131 1260 προφητικοῖς
3159 1184 3219 1238 οὐ
3258 1184 3639 1255 πεισθήσονται

2060 1286 2262 1353 λόγοις.
2297 1283 2392 1337 καὶ
2420 1282 2520 1352 τὴν
2552 1279 2922 1351 προκειμένην
2947 1275 3291 1349 προσέθηκεν
3324 1272 3559 1342 ἀπειλὴν
3574 1274 3633 1336 ’⁸,

2062 1378 2151 1431 ἴνα
2183 1378 2250 1446 τῇ
2299 1374 2399 1446 μὲν
2425 1372 2791 1441 δεδιξάμενος,
2841 1373 2908 1449 τῇ
2937 1370 2995 1423 δὲ
3029 1365 3386 1431 καταθέλξας,
3430 1364 3638 1439 μαλάξῃ

2060 1471 2184 1532 τοὺς
2214 1466 2531 1539 θηριώδεις;
2572 1466 2797 1531 Ἐπὰγει
2825 1463 2934 1533 γάρ
2953 1478 2969 1494 θ

2134 1568 2214 1614 ιε’.
2261 1579 2279 1611 ι
2310 1558 2454 1613 Διότι
2479 1558 2644 1626 ἐγγὺς
2677 1559 2709 1627 ἡ
2743 1557 2925 1627 ήμέρα
2952 1554 3045 1608 τοῦ
3088 1552 3296 1625 Κυρίου
3340 1553 3438 1606 ἐπὶ
3466 1550 3636 1605 πάντα

2058 1651 2130 1706 τὰ
2158 1651 2307 1720 ἔθνη.
2348 1671 2367 1702 ι
2420 1650 2563 1703 nam
2593 1648 2704 1717 γὰρ
2743 1648 2856 1710 τοῖς
2924 1643 3334 1716 παρανομοῦσιν
3361 1642 3541 1695 ἔθνεσι
3568 1642 3636 1694 δι-

2061 1745 2222 1799 καίαν
2260 1741 2544 1812 ἐπιτίθημι
2577 1741 2869 1810 τιμωρίαν,
2918 1738 3013 1791 καὶ
3048 1737 3133 1790 σοὶ
3156 1736 3215 1790 δὲ
3240 1735 3538 1805 πεισθῆναι
3568 1734 3633 1804 μὴ

2062 1835 2366 1908 βουλομένῳ
2396 1832 2600 1902 ταύτην
2629 1831 2853 1884 ἐποίσω,
2902 1849 2920 1881 ι
2958 1830 3055 1882 Ὃν
3086 1828 3287 1900 τρόπον
3319 1827 3432 1904 γὰρ
3459 1825 3632 1894 ὲποίηο

2062 1945 2180 1991 σας,
2209 1925 2424 1993 ἕσται⁹⁷
2458 1923 2631 1986 οὕτως
2666 1939 2785 1975 σοι·
2816 1921 2878 1974 τὸ
2904 1919 3254 1990 ἀνταπόδομά
3288 1935 3383 1971 σου
3412 1919 3635 1970 ἀνταποο

2058 2017 2345 2089 δοθήσεται
2393 2016 2532 2071 erat"
2561 2016 2654 2078 ἐἰς
2705 2013 2949 2084 κεφαλήν
2997 2029 3112 2065 σου.
3158 2029 3176 2062 ι
3233 2009 3434 2063 Δίκαια
3482 2008 3635 2080 πείσῃ

2058 2107 2299 2179 τιμωρία
2326 2104 2749 2178 παραδιδόμενος
2773 2119 2785 2132 ⁸
2816 2102 2992 2173 δρέπῃ
3013 2101 3124 2172 γὰρ
3145 2094 3220 2155 ὧν
3240 2097 3503 2170 ἔσπειρας
3522 2098 3635 2160 "cois;

2059 2198 2306 2270 καρπούς
2330 2214 2342 2227 ·
2379 2197 2536 2259 διότι,

2132 2296 2226 2354 ις’.
2276 2307 2294 2341 ι
2322 2290 2418 2342 Ὃν
2444 2288 2646 2359 τρόπον
2676 2286 2828 2349 ἔπιες
2863 2285 2953 2336 ἐπὶ
2980 2283 3043 2336 τὸ
3076 2282 3201 2352 ὅρος
3228 2281 3289 2335 τὸ
3315 2280 3473 2349 ἅγιόν
3506 2296 3634 2349 μου,

2059 2380 2271 2451 πίονται
2336 2377 2515 2432 πάντα
2562 2378 2629 2432 τὰ
2694 2377 2821 2446 ἔθνη
2877 2370 3040 2436 οἶνον,
3110 2391 3129 2422 ι
3174 2370 3268 2425 τὸν
3344 2370 3633 2441 μυστικόνι

2065 2491 2081 2522 ι
2117 2470 2351 2534 πίονται,
2402 2470 2496 2523 καὶ
2548 2466 2990 2527 καταπίονταιθθ,
3049 2461 3143 2516 καὶ
3193 2460 3414 2515 ἔσονται
3464 2458 3636 2522 καθὼς

2057 2564 2154 2635 οὐχ
2181 2562 2537 2635 ὑπάρχοντες.
2569 2579 2587 2611 ι
2622 2560 2833 2628 Ὥσπερ
2863 2557 2971 2626 γάρ
2995 2572 3054 2608 σε
3090 2553 3246 2617 δίκας
3272 2552 3637 2622 είσπρὰξομαι

2058 2651 2133 2708 ὧν
2167 2657 2247 2718 εἰς
2273 2655 2398 2717 τοὺς
2432 2652 2557 2724 ἐμοὶ
2590 2648 2982 2721 ἀνακειμένους
3019 2646 3219 2707 τόπους
3257 2643 3601 2714 τετόλμηκας
3621 2659 3634 2674 ·

2059 2748 2203 2803 οὕτω
2231 2749 2327 2802 καί
2350 2747 2420 2801 τά
2442 2742 2847 2816 κοινωνήσαντά
2868 2759 2950 2796 σοι
2981 2739 3140 2810 τῆσδε
3167 2737 3269 2808 τῆς
3297 2734 3638 2806 παρανομίας

2057 2841 2187 2909 ἔθνη
2212 2841 2310 2911 τὴν
2344 2840 2727 2911 προσήκουσαν
2756 2833 2966 2899 δέξεται
2991 2829 3283 2902 τιμωρίαν.
3320 2828 3508 2882 Οἷνου
3537 2827 3639 2899 γὰρ

2057 2933 2244 2989 πόσιν
2295 2932 2395 3002 τὴν
2442 2928 2714 2999 τιμωρίαν
2775 2925 3003 2979 ἐκάλεσε
3029 2940 3043 2955 ο
3104 2921 3198 2975 καὶ
3243 2918 3406 2974 τοῦτο
3461 2918 3639 2988 σαφῶς

2057 3026 2204 3096 ἡμᾶς
2234 3025 2263 3077 ὁ
2293 3021 2564 3093 μακάριος
2596 3018 2870 3090 Ἱερεμίας
2895 3015 3157 3074 διδάσκει,
3180 3012 3368 3065 λαόεἴν
3396 3011 3459 3064 τὺ
3487 3011 3639 3079 ποτή-

375 3106 568 3176 jnssus
599 3120 647 3170 ι,
680 3113 735 3161 et
763 3116 955 3176 potare
988 3121 1183 3163 omnes
1211 3117 1421 3176 gentes.
1452 3106 1631 3177 Atque
1661 3120 1732 3162 ex
1764 3106 1954 3163 multis

2066 3132 2176 3184 ριον
2208 3113 2591 3185 προσταχθεὶς,
2637 3110 2732 3163 καὶ
2762 3108 2985 3162 ποτίσαι
3014 3105 3194 3158 πάντα
3229 3103 3299 3157 τά
3337 3102 3489 3171 ἔθνη,
3536 3103 3639 3156 Καὶ

380 3198 507 3254 aliis
559 3198 700 3255 locis
748 3198 856 3254 hoc
910 3199 1219 3270 intelligere
1264 3197 1428 3253 facile
1467 3206 1574 3254 est.
1605 3196 1718 3256 Vos
1752 3213 1947 3269 porro,

379 3289 626 3355 Idumaei,
669 3306 860 3361 pmnas
892 3290 1101 3348 dabitis
1126 3306 1319 3347 eorum
1355 3306 1478 3362 qua;
1518 3290 1573 3346 in
1616 3291 1818 3349 fratres
1855 3308 1949 3347 ve-

379 3390 529 3439 stros
557 3384 936 3440 commisistis.

451 3471 618 3529 Vsus.
648 3473 733 3529 1⁸7.
764 3494 783 3527 ι
812 3475 872 3529 In
911 3482 1099 3531 monte
1130 3483 1313 3531 autem
1347 3446 1525 3531 Sion;
1539 3477 1646 3533 erit
1677 3477 1830 3533 salus
1851 3517 1866 3541 ,
1898 3485 1954 3533 et

379 3565 487 3621 erit
515 3573 790 3621 sanctum.
823 3585 842 3619 ι
879 3566 1161 3622 Reducem
1199 3569 1215 3587 '
1246 3566 1394 3623 enim
1431 3583 1528 3623 eos
1557 3583 1623 3622 ex
1659 3569 1955 3639 captivita-

379 3665 471 3721 te,
508 3666 563 3713 et
592 3665 848 3713 sanctum
890 3660 1154 3730 templum
1201 3659 1576 3715 reaediiicabo.
1612 3657 1734 3714 Una
1767 3668 1952 3716 autem

380 3750 717 3819 praenuntiat
748 3751 1053 3806 exltibitam
1090 3753 1352 3808 omnibus
1380 3753 1433 3806 in
1470 3751 1638 3807 Sione
1674 3752 1906 3807 salutem
1934 3794 1950 3819 ,

384 3839 623 3908 indeque
654 3841 711 3894 in
755 3855 973 3896 omnem
1016 3841 1204 3896 orbem
1247 3850 1527 3897 terrarum
1579 3857 1678 3910 per
1727 3856 1952 3898 crucem

381 3932 677 3986 salutarem
710 3928 969 3986 diﬂ‘usam
992 3932 1519 3988 sanctiﬁcationem.
1551 3951 1570 3983 ι
1602 3934 1671 3987 Et
1697 3934 1957 4002 posside-

382 4024 460 4079 bit
489 4023 688 4079 domus
722 4021 894 4079 Iacob
923 4036 1048 4089 eos,
1085 4038 1324 4093 quorum
1363 4024 1663 4081 haereditas
1697 4022 1899 4079 fuscat.
1928 4044 1947 4076 ι

386 4113 600 4187 1458
628 4113 720 4170 Είδ
747 4128 879 4171 ve"0
902 4152 918 4180 9
952 4124 1247 4186 postquam
1288 4114 1607 4180 redierint,’
1626 4124 1838 4171 tantum
1874 4117 1955 4171 vi-

382 4208 523 4262 rium
558 4215 614 4263 et
649 4209 905 4279 potentiae
941 4207 1339 4279 suppeditabo,
1372 4215 1429 4262 et
1465 4206 1518 4261 in
1556 4216 1769 4263 tantam
1808 4204 1952 4264 mul-

382 4300 672 4354 titudinem
705 4314 802 4357 eos
834 4301 1084 4372 augebo,
1134 4307 1195 4352 ut
1243 4306 1302 4354 et
1328 4308 1570 4354 vestram
1618 4309 1673 4355 et
1719 4301 1952 4356 aliarum

381 4389 740 4446 finitimarum
771 4392 1017 4462 gentium
1048 4400 1253 4447 terram
1283 4390 1388 4447 sibi
1422 4391 1743 4461 subjiciunt.

456 4567 620 4624 Vens.
661 4566 750 4621 l8.
791 4585 810 4618 ι
838 4564 905 4621 Et
938 4564 1045 4621 erit
1077 4564 1279 4619 domus
1307 4562 1501 4618 Jacobi
1536 4563 1715 4633 ignis,
1761 4571 1816 4619 et
1855 4574 1957 4619 do-

381 4676 505 4716 mus
536 4659 763 4732 Iosephi
790 4659 1010 4713 ﬂamma
1029 4699 1047 4721 ,
1074 4657 1276 4712 domus
1300 4666 1489 4712 autem
1532 4657 1677 4713 Esau
1707 4658 1908 4729 stipula
1937 4675 1955 4714 τ

379 4761 437 4806 et
481 4750 894 4806 succendeutur
944 4749 998 4802 in
1043 4763 1172 4814 eos,
1199 4755 1257 4804 et
1277 4749 1624 4805 devorabunt
1666 4750 1815 4806 illos.
1846 4769 1865 4803 ι
1895 4749 1953 4805 In

380 4847 594 4896 tantam
626 4839 1056 4895 imbecillitatem
1088 4841 1463 4910 conjiciemini
1488 4882 1502 4905 ,
1539 4852 1596 4897 ut
1628 4858 1782 4898 more
1814 4843 1955 4916 ignis

381 4931 452 4984 ab
478 4930 593 4986 illis
621 4930 1051 4988 consumamini.
1085 4929 1261 4987 Iacob
1294 4940 1477 4988 autem
1511 4941 1564 4988 et
1594 4933 1798 5005 Ioseph
1826 4951 1950 4993 eos-

381 5023 505 5079 dem
554 5022 901 5093 appellavit:
957 5024 1404 5095 quandoquidem
1451 5025 1715 5095 Ephraim
1763 5027 1781 5094 (
1805 5026 1951 5083 filius

382 5119 566 5168 autem
599 5112 648 5169 is
682 5111 786 5167 fuit
813 5111 1120 5185 Iosephi),
1157 5115 1352 5171 decem
1387 5116 1569 5171 tribus
1600 5130 1744 5187 saepe
1777 5118 1954 5172 nomi-

383 5204 608 5260 navit..¢
636 5201 701 5258 Et
725 5217 838 5258 non
869 5205 977 5259 erit
1007 5205 1210 5275 ignifer
1243 5205 1435 5262 domui
1466 5205 1608 5262 Esau
1630 5248 1644 5272 ,
1678 5208 1810 5277 quia
1842 5208 1952 5265 Do-

453 5350 481 5379 ι
512 5339 715 5398 Ierem.
748 5357 879 5406 xxv,
909 5341 996 5405 15,
1032 5343 1112 5397 vel
1142 5340 1301 5411 juxta
1334 5342 1498 5409 LXX,
1526 5359 1696 5407 xxxtl,
1725 5343 1776 5397 1.

2056 3204 2384 3276 πολλαχόθεν
2432 3203 2490 3256 δὲ
2544 3202 2723 3273 ῥᾴδιον
2767 3200 3081 3269 διαγνῶναι.
3142 3195 3282 3251 Ἀλλ’
3323 3196 3487 3265 ὑμεῖς
3522 3193 3635 3265 μὲν,

2067 3298 2354 3368 Ἰδουμαῖοι
2372 3298 2414 3361 ¹,
2444 3294 2634 3365 ποινὴν
2653 3293 2831 3348 τίσετε
2863 3294 3003 3365 ὑπὲρ
3024 3286 3098 3346 ὧν
3122 3294 3203 3356 είς
3228 3290 3356 3352 τοὺς
3378 3285 3639 3355 ἀδελφοὺς

2054 3390 2448 3461 τετολμήκατε.

2128 3486 2215 3552 ιζ’.
2264 3505 2283 3538 ι
2325 3487 2415 3541 Ἐν
2459 3484 2517 3538 δὲ
2545 3483 2622 3553 τῷ
2651 3484 2766 3554 ὄρει
2796 3480 2936 3537 Σιὼν
2986 3481 3139 3535 ἔσται
3193 3478 3444 3548 σωτηρία
3466 3477 3511 3541 ²,
3550 3473 3638 3528 καὶ

2057 3578 2209 3632 ἔσται
2254 3577 2426 3646 ἅγιον.
2479 3593 2497 3625 ι
2566 3572 2852 3638 Ἐπανάξω
2880 3572 2987 3644 γὰρ
3028 3572 3226 3634 αὐτοὺς
3257 3566 3636 3639 αἰχμαλώτους

2055 3668 2477 3740 γεγενημένους,
2523 3666 2618 3721 καὶ
2655 3665 2747 3720 τὸν
2782 3664 2936 3734 ἅγιον
2965 3665 3259 3734 ἀναστήσω
3285 3659 3448 3716 νεών.
3497 3660 3630 3730 “po-

2056 3762 2309 3833 αγορεύει
2352 3761 2411 3814 δὲ
2437 3758 2578 3813 κατά
2624 3758 2822 3811 ταυτὸν
2866 3757 2968 3828 τὴν
3001 3755 3304 3825 γενομένην
3345 3754 3515 3807 πᾶσιν
3551 3752 3637 3803 ἀνι

2054 3853 2297 3925 θρώποις
2326 3852 2385 3905 ὲν
2419 3853 2484 3922 τῇ
2520 3849 2660 3904 Σιὼν
2700 3849 2999 3920 σωτηρίαν,
3050 3846 3146 3900 καὶ
3187 3847 3279 3899 τὸν
3323 3844 3534 3899 ἐκεῖθεν
3562 3843 3636 3904 είς

2057 3945 2237 3997 πᾶσαν
2267 3941 2365 4012 τὴν
2396 3940 2727 4012 οἰκουμένην
2751 3939 3092 4010 προχυθέντα
3121 3936 3395 4007 ἀγιασμδν
3427 3935 3519 3989 διὰ
3546 3931 3635 3987 τοῦ

2058 4034 2325 4106 σωτηρίου
2377 4033 2634 4104 σταυροῦ.
2701 4050 2721 4085 ι
2760 4033 2873 4087 Καὶ
2917 4029 3566 4101 κατακληρονομήσουσιν
3610 4027 3635 4078 ὁ

2056 4122 2206 4191 οἶκος
2272 4125 2466 4180 Ἰακὼϐ
2522 4126 2650 4191 τοὺς
2718 4123 3238 4196 κληρονομήσαντας
3275 4121 3298 4152 ⁸
3354 4118 3572 4184 αὐτούς.
3613 4137 3631 4168 ι

2057 4218 2101 4270 Τ
2104 4216 2338 4284 οσαύτην
2365 4215 2422 4269 δὲ
2465 4213 2646 4277 αὐτοῖς
2677 4211 3031 4268 ἐπανελθοῦσι
3065 4210 3288 4282 παρέξω
3319 4208 3513 4280 ῥώμην
3548 4206 3635 4260 καὶ

2054 4307 2307 4378 δύναμιν,
2355 4306 2451 4359 καὶ
2501 4305 2582 4369 εἰς
2620 4302 2873 4358 τοσοῦτον
2903 4303 3106 4373 πλῆθος
3150 4300 3349 4362 αὐτοὺς
3394 4296 3632 4367 αὐξήσω,

2057 4396 2133 4462 ὡς
2177 4399 2271 4453 καὶ
2317 4397 2417 4467 τὴν
2470 4396 2764 4468 ὑμετέραν,
2799 4396 2892 4451 καὶ.
2936 4394 3045 4449 τῶν
3093 4393 3268 4449 ἄλλων
3313 4390 3487 4445 ἐθνῶν
3533 4390 3636 4444 τῶν

1986 4463 2032 4520 D
2057 4488 2271 4560 ὁμόρων
2294 4463 2392 4558 τὴν
2420 4463 2523 4555 γῆν
2551 4463 2654 4557 ὑφ’⁷
2670 4489 2895 4551 ἑαυτοὺς
2927 4484 3275 4557 ποιήσασθαι.

2126 4587 2214 4653 ιη’.
2262 4600 2282 4633 ι
2312 4580 2421 4635 Καὶ
2455 4580 2606 4636 ἔσται
2632 4581 2663 4634 ὁ
2705 4574 2854 4643 οἶκος
2894 4578 3094 4632 Ἰακὼό
3136 4577 3268 4649 πῦρ,
3304 4575 3402 4630 καὶ
3432 4576 3461 4629 ὁ
3490 4570 3634 4636 οἶκος

2066 4673 2264 4744 Ἰωσὴφ
2293 4671 2445 4742 φλὸξ,
2492 4675 2521 4727 ὁ
2566 4672 2624 4725 δὲ
2672 4667 2821 4735 οἶκος
2859 4669 3038 4725 Ἡσαῦ
3079 4669 3161 4735 είς
3196 4668 3454 4739 καλάμην
3479 4683 3496 4697 '
3542 4665 3633 4719 καὶ

2053 4764 2485 4835 ἐκκαυθήσονται
2531 4764 2611 4827 είς
2652 4762 2885 4827 αὐτοὺς,
2941 4761 3036 4815 καὶ
3087 4759 3497 4827 καταφάγονται
3538 4756 3633 4808 αὖ·

2054 4853 2145 4907 τού
2158 4873 2197 4916 ς.
2229 4873 2249 4907 ι
2301 4853 2580 4925 ’Δσθενείᾳ
2606 4853 2714 4926 γὰρ
2742 4852 2981 4924 τοσαύτῃ
3008 4847 3468 4923 παραδοθήσεσθε,
3494 4844 3633 4898 ὥστε

2060 4946 2230 5016 πυρὸς
2254 4946 2409 5012 δίκην
2451 4946 2542 4999 ὑπ’
2569 4945 2791 5000 ἐκείνων
2834 4943 3197 5012 ἀναλωθῆναι.
3234 4939 3429 4994 Ἰακὼϐ
3456 4938 3512 4992 δὲ
3540 4935 3631 4988 καὶ

2072 5035 2269 5104 Ἰωσὴφ
2315 5036 2441 5099 τοὺς
2513 5036 2710 5101 αὐτοὺς
2766 5035 3244 5106 προσηγόρευσεν,
3303 5028 3487 5098 ἐπειδὴ
3539 5024 3631 5080 καὶ

2072 5124 2311 5196 Ἐφραῒμ
2342 5126 2474 5196 (υἱὸς
2501 5125 2557 5178 δὲ
2582 5117 2736 5190 οὗτος
2762 5124 2856 5179 τοῦ
2899 5122 3148 5193 Ἰωσὴφ),
3173 5120 3271 5186 τὰς
3300 5120 3433 5173 δέκα
3462 5117 3631 5186 φυλὰς

2060 5217 2319 5281 πολλάκις
2351 5217 2621 5289 ὠνόμασε.
2679 5236 2697 5269 ι
2727 5217 2839 5271 Καὶ
2883 5218 2985 5269 οὐκ
3020 5214 3173 5268 ἔσται
3213 5207 3521 5284 πυρφόρος*
3555 5205 3628 5275 τῷ

1683 5436 1935 5516 vam/13'
1954 5460 2352 5520 LECTIONES.

474 5551 791 5606 ⁸³Δαῦτοῦ.
867 5550 985 5605 "A
1037 5550 1096 5617 ἐξ
1156 5549 1343 5604 αὑτοῦ.
1418 5552 1464 5585 ⁸⁸
1496 5551 1616 5603 αὐτ.
1682 5553 1726 5604 Α

383 5620 621 5691 σομένην
661 5620 1338 5691 προπέθεικενίάπειλήν.

382 5691 459 5743 lta
496 5689 620 5761 cuin
667 5689 715 5742 Ᾱ
755 5692 1008 5760 legimus.
1048 5690 1212 5745 Sirm.
1265 5689 1652 5761 ἀναϐήσονται.

1772 5568 1961 5621 praem.
2021 5553 2097 5620 ἐξ.

1438 5622 1481 5654 ’⁷
1509 5621 1624 5673 ἔστ.
1654 5620 1715 5673 In
1746 5620 1795 5695 A1
1815 5632 1867 5695 et
1901 5622 1943 5695 ς
1975 5626 2196 5695 ponitur
2229 5634 2351 5695 post
2386 5620 2579 5686 οὓτως.

1784 5694 1798 5721 ¹
1833 5693 1871 5746 C
1903 5689 1948 5743 ὧ
1978 5689 2257 5748 Ἶουδαῖοί.

2213 5556 2259 5587 ’⁸
2287 5555 2327 5609 C
2384 5554 2724 5622 προσήνεγκε
2770 5549 3111 5622 συμϐουλὴν,
3165 5549 3261 5622 καὶ
3302 5547 3398 5617 τὴν
3456 5547 3626 5617 ῥηθη-

2715 5622 2761 5653 ⁹⁸
2793 5618 2895 5674 σοι.
2929 5619 3052 5676 Des.
3100 5618 3155 5672 in
3190 5618 3255 5672 Α.
3357 5622 3400 5648 ’⁸³
3422 5633 3623 5670 καταπ.

2363 5695 2382 5725 ²
2415 5710 2542 5747 σωτ.
2569 5694 2614 5747 Α
2650 5707 2831 5763 pm“.
2866 5692 2922 5761 ἡ.
3048 5689 3071 5720 ³
3103 5689 3145 5742 Α
3170 5696 3221 5742 ct
3251 5688 3312 5743 C.
3349 5687 3610 5756 κατακλη-

388 5759 828 5827 ρονομήσαντκςξ
870 5761 891 5792 ’⁸
921 5762 966 5814 Α
985 5772 1037 5817 et
1058 5762 1117 5818 C.
1149 5759 1474 5833 πυροφόρος.
1509 5759 1583 5812 Ita
1606 5760 1769 5815 etiam
1799 5761 2078 5832 deinceps.
