3904 6202
292 381 431 448 1717

1690 379 1775 440 ΙΝ
1811 375 2124 439 ΔΒΒῙᾹΜ.

3395 373 3543 438 1¹ῐΞ3

286 492 423 563 chap
457 488 654 555 Ἠσαῦ,
692 489 775 544 ὅτι
804 488 1007 561 Κύριος
1044 489 1292 563 ὲλάλησε.
1340 508 1360 544 ι
1416 490 1520 544 Τὸν
1555 487 1867 557 πυρφόρον

1988 483 2155 539 uinus
2189 482 2410 537 locutus
2439 488 2546 538 est.
2597 498 2614 532 ι
2660 479 2957 553 Ignifemn
2992 478 3357 553 Symmachus
3384 481 3551 540 inter-

285 586 317 636 ό
366 583 469 654 μὲν
501 582 793 655 Σύμμαχος
834 581 1272 652 διασωζὶῂιενον
1321 582 1540 655 εἴρηκεν
1562 596 1578 612 ο
1642 578 1870 643 Ἀκύλας

287 674 345 729 δὲ
390 675 487 729 καὶ
531 674 845 740 Θεοδοτίων,
874 674 1437 745 καταλελειμμένον.
1492 674 1597 728 Τὸν
1633 672 1870 743 παντελῆ

287 771 473 824 τοίνυν
499 771 717 841 ὄλεθρον
743 771 925 826 αὐτῶν
956 766 1259 842 προδηλῶν,
1309 771 1485 829 τοῖσδε
1532 772 1645 836 τοῖς
1691 768 1872 837 λόγοις

289 862 586 931 ἐχρήσατο.
640 861 751 914 Καὶ
795 862 845 914 0i
898 862 1300 935 Ἐὗδομήκοντα
1330 863 1386 916 δὲ
1420 862 1513 916 τὸν
1563 862 1873 929 πυρφόρον

289 953 600 1007 τεθείκασιν
627 953 725 1023 οὐχ
759 953 946 1019 ἁπλῶς
971 972 986 985 ⁸
1031 956 1146 1010 ἀλλ’
1174 957 1362 1028 ἐπειδὴ
1392 956 1504 1027 πῦρ
1530 950 1623 1010 τὸν
1652 950 1872 1019 Ἰακὼϐ,
1905 991 1909 994 μ

291 1045 389 1097 καὶ
411 1045 586 1114 φλόγα
607 1045 697 1099 τὸν
734 1046 930 1116 Ἰωσὴφ
955 1050 1110 1120 κοινῇ
1143 1049 1343 1113 πάντες
1374 1048 1628 1118 εἰρήκασι
1656 1044 1872 1117 (ῥώμην

290 1135 350 1189 δὲ
376 1123 550 1190 ταῦτα
578 1136 673 1191 καὶ
698 1136 930 1209 δύναμιν
961 1135 1262 1211 παρώηλά
1301 1139 1369 1193 τὰ
1397 1132 1684 1209 ὀνόματα),
1712 1133 1874 1206 ἠϐου-

291 1226 538 1299 λήθησαν
559 1229 752 1295 εἰπεῖν,
780 1229 853 1295 ὡς
886 1231 1112 1300 οὐδεμία
1142 1231 1367 1303 δύναμις
1396 1233 1509 1295 τοῖς
1556 1226 1875 1299 Ἰδουμαίοις

296 1316 779 1390 ὑπολειφθήσεται.

370 1407 456 1459 ιθ’.
505 1425 523 1458 ι
553 1408 663 1461 Καὶ
709 1409 1351 1482 κατακληρονρμήσουσιν
1396 1412 1445 1465 εί
1492 1411 1549 1464 ὲν
1588 1409 1775 1478 Ναγὲδ
1814 1407 1877 1462 τό

293 1494 424 1564 ὅρος
453 1495 544 1550 τοῦ
564 1496 586 1527 ⁵
631 1497 819 1552 Ἠσαῦ.
852 1518 872 1549 ι
903 1499 1016 1554 Καὶ
1043 1499 1199 1554 τοῦτο
1229 1500 1285 1554 δι
1312 1500 1617 1572 συμφώνως
1644 1501 1694 1553 0i
1722 1503 1876 1572 τρεῖς

296 1586 634 1655 ἑρμηνευταὶ
661 1591 842 1643 νότον
869 1582 1279 1662 ήρμηνεύκασιν
1303 1606 1319 1623 ·
1361 1591 1505 1645 οὕτω
1533 1588 1643 1662 γὰρ
1671 1593 1699 1644 ὁ
1726 1591 1875 1654 νότος

296 1677 766 1749 προσαγορεύεται
810 1684 875 1752 τῇ
922 1682 1188 1752 Ἐϐραίων
1236 1686 1409 1755 φωνῇ.
1459 1683 1624 1751 Λέγει
1673 1681 1873 1749 τοίνυν,

293 1766 380 1818 ὅτι
413 1769 464 1820 0i
513 1769 646 1838 πρὸς
676 1772 827 1826 νότον
866 1772 1146 1838 οἰκοῦντες
1166 1775 1265 1845 τῆς
1295 1774 1672 1845 Ἰερουσαλὴμ,
1716 1791 1874 1827 τουτ-

297 1855 419 1909 έστι
466 1858 572 1911 τῶν
622 1860 931 1931 Ἰδουμαίων
975 1866 1024 1917 οἱ
1068 1866 1280 1935 ὅμοροι,
1350 1859 1462 1917 οἷόν
1507 1881 1630 1918 τινα
1674 1865 1875 1936 κλῆρον

297 1944 485 2011 ἕξουσι
513 1952 606 2004 καὶ
640 1956 833 2025 μερίδα
860 1952 968 2009 τῶν
1010 1956 1323 2027 Ἰδουμαίων
1370 1957 1468 2027 τὴν
1500 1954 1603 2025 γῆν
1630 1973 1645 1987 ·
1700 1975 1718 2008 ι
1744 1960 1793 2010 0i
1821 1957 1880 2012 δὲ

298 2039 360 2091 ἐν
389 2043 458 2110 τῇ
496 2041 709 2112 Σειρηλὰ
759 2063 778 2097 9
819 2046 1216 2115 (ἀστυγείτονες
1243 2047 1300 2101 δὲ
1327 2050 1348 2080 ⁸
1371 2043 1516 2102 οὗτοι
1545 2048 1654 2101 τῶν
1698 2048 1880 2101 Ἄλλο·

298 2130 528 2203 φίλων),
566 2134 655 2201 ὑφ’
700 2136 936 2200 αὖτοὺςτ
984 2138 1083 2203 τὴν
1129 2140 1224 2193 νῦν
1253 2140 1495 2193 ὑπὸ-τῶν
1541 2139 1879 2208 Ἀλλοφύλων

301 2224 674 2295 κατεχομένην
703 2228 1016 2297 ποιήσονται
1046 2229 1249 2299 χώραν.
1283 2228 1584 2295 Καθέξουσι
1624 2229 1679 2282 δὲ
1726 2231 1879 2300 κοινῇ

301 2311 509 2377 πάντες
549 2315 600 2367 0i
651 2316 750 2386 τῆς
783 2316 1163 2388 αἰχμαλωσίας
1208 2320 1635 2389 ἀπαλλαγέντες,
1685 2320 1779 2372 καὶ
1819 2320 1882 2372 τὸ

317 2402 558 2477 Ἐφρατμ
586 2408 729 2478 ὅρος,
761 2409 856 2463 καὶ
905 2410 966 2463 τὸ
1012 2406 1369 2482 ὑποκείμενον
1410 2408 1613 2475 πεδίον,
1660 2411 1753 2465 καὶ
1789 2409 1881 2463 τὸν

302 2490 401 2548 τοῦ
444 2498 701 2568 Βενιαμὶν
733 2499 953 2570 κλῆρον,
1002 2501 1097 2555 καὶ
1139 2501 1235 2571 τὴν
1269 2500 1587 2553 Γαλααδῖτιν
1622 2500 1839 2554 ἃπασαν
1864 2517 1878 2530 ·

304 2587 468 2658 ὅρους
493 2588 549 2641 δὲ
572 2588 785 2653 ἕξουσιν
814 2589 905 2654 οὓς
940 2588 1107 2644 πάλαι
1135 2589 1280 2661 εξχον
1305 2593 1464 2662 ὅρους
1496 2591 1545 2644 οἱ
1565 2592 1879 2654 Χαναναῖοι,

304 2677 385 2741 ὡς
433 2678 585 2743 τέλος
629 2677 766 2734 εἶναι
799 2683 898 2752 τὴν
930 2683 1217 2753 Σαρέφθαν
1258 2682 1353 2753 τῆς
1388 2683 1492 2735 ὑπὸ
1535 2679 1629 2735 τοῦ
1670 2682 1883 2750 Ἰσραὴλ

310 2772 680 2843 κατεχομένης
703 2775 825 2845 γῆς.
858 2774 1091 2839 Καθέξει
1112 2774 1167 2827 δὲ
1200 2774 1295 2828 καί
1320 2774 1419 2844 τὴν
1461 2773 1704 2845 Ἐφραθὰ
1730 2771 1883 2826 πόλιν

307 2862 341 2931 ἡ
402 2862 785 2935 Ἰερουσαλὴμ,
839 2866 932 2918 καὶ
991 2866 1089 2927 τὰς
1135 2865 1337 2935 ταύτης
1386 2865 1468 2918 ἔτι
1515 2864 1881 2935 νοτιωτέρας·

305 2950 471 3005 τοῦτο
498 2953 603 3023 γὰρ
632 2955 1015 3026 παρεδήλωσεν
1042 2957 1277 3027 εἰρηκώς
1298 2966 1313 2984 ⁶
1356 2976 1374 3008 ι
1399 2956 1883 3027 κληρονομήσουσι

304 3042 411 3105 τὰς
441 3043 622 3109 πόλεις
655 3046 746 3100 τοῦ
777 3047 985 3117 Ναγέὸ.
1016 3067 1033 3100 ι
1067 3049 1179 3102 Οὐκ
1213 3048 1644 3119 ἀρκεσθήσονται
1676 3047 1732 3101 δὲ
1762 3040 1884 3100 οὐδὲ

1974 582 2225 645 pretatus
2255 583 2341 630 est
2369 582 2739 629 conservatum
2763 591 2780 624 :
2814 570 3019 643 Aquila
3057 578 3242 629 autem
3269 581 3326 629 et
3360 573 3551 629 Theo-

1973 665 2159 731 dotio,
2192 665 2456 721 relictum.
2494 663 2779 721 Summam
2820 664 3012 734 itaque
3049 679 3240 719 eorum
3282 664 3551 736 perditio-

1972 768 2095 812 nem
2118 764 2558 826 praemonstrans
2580 754 2669 810 his
2692 755 2877 811 verbis
2906 764 3043 810 usus
3062 761 3169 809 ett.
3184 750 3550 825 Septuaginta

1974 858 2156 903 autem
2208 863 2318 903 non
2364 847 2486 904 sine
2533 862 2706 903 causa
2749 845 3034 917 igniferam
3077 853 3424 916 posuerunt:
3455 844 3551 899 sed

1973 952 2098 995 eum
2143 940 2324 1011 ignem
2366 937 2633 995 Jacobum
2672 946 2727 994 et
2772 936 3050 991 ﬂammam
3098 935 3397 1007 Josephum
3439 948 3557 988 uno

1974 1044 2251 1086 consensu
2280 1044 2473 1085 omnes
2497 1028 2742 1084 dixerint
2764 1066 2780 1092 ,
2823 1043 2948 1097 qua:
2994 1027 3217 1082 nomina
3265 1025 3551 1080 fortitudio

1974 1130 2102 1179 nem
2152 1131 2208 1177 et
2254 1121 2561 1193 potentiam
2610 1120 2946 1185 attendunt,
2988 1118 3177 1175 dicere
3219 1118 3557 1185 voluerunt,

1976 1211 2163 1267 nullas
2198 1210 2348 1265 vires
2376 1209 2637 1265 Idumais
2663 1209 2919 1264 relictum
2947 1206 3036 1263 iri.

2048 1403 2217 1460 Vens.
2251 1404 2338 1461 i9.
2372 1421 2393 1455 ι
2417 1402 2485 1459 Et
2513 1404 2870 1475 possidebunt
2892 1443 2910 1470 ,
2935 1404 3031 1476 qui
3064 1404 3119 1459 in
3150 1403 3334 1476 Nageb
3352 1444 3370 1471 ,
3395 1395 3550 1462 mon-

1974 1506 2084 1552 tem
2116 1496 2286 1552 Esau.
2322 1508 2343 1548 ι
2372 1494 2488 1552 ﬂet:
2524 1497 2691 1551 etiam
2726 1508 2851 1553 nlo
2892 1512 3169 1554 consensu
3217 1506 3329 1553 tres
3373 1498 3552 1554 inter-

1977 1595 2162 1658 pretes
2194 1594 2762 1644 aucti-untvet'l'crunt
2788 1605 2804 1643 ι
2836 1589 2919 1645 lic
2945 1589 3091 1645 enim
3136 1588 3407 1644 llebraiea
3454 1589 3554 1644 lin-

1977 1692 2082 1748 gua
2115 1686 2306 1734 auster
2334 1687 2585 1734 vocatur.
2633 1680 2723 1734 Ait
2764 1694 2895 1751 ergo
2941 1695 3048 1736 eos
3073 1680 3166 1750 qui
3208 1695 3407 1736 versus
3451 1696 3550 1735 au-

1977 1777 2155 1823 strum
2178 1767 2571 1840 Hierosolyma:
2596 1769 2846 1824 habitant
2867 1808 2883 1833 ,
2907 1769 3012 1825 hoc
3039 1776 3126 1827 est
3143 1811 3158 1836 ,
3187 1768 3561 1827 Idumaeorumr

1981 1860 2245 1916 iiuitimos
2267 1902 2281 1924 ,
2315 1869 2583 1931 tanquam
2618 1860 2995 1918 hereditatem
3024 1862 3322 1933 quamdam
3349 1871 3405 1918 et
3424 1877 3554 1934 par-

1981 1956 2120 2013 tem,
2179 1946 2473 2005 habituros
2522 1960 2646 2006 esse
2688 1956 2893 2006 terram
2964 1948 3366 2021 Idumam-um;
3399 1973 3421 2007 ι
3452 1956 3559 2025 (ιιιί

1981 2055 2117 2095 vero
2146 2041 2202 2096 in
2233 2040 2471 2112 Sephela
2501 2060 2519 2094 ι
2552 2042 2573 2114 (
2599 2043 2765 2099 vicini
2796 2052 2981 2100 autem
3011 2053 3143 2101 sunt
3178 2046 3270 2100 isti
3303 2046 3554 2118 Allopby-

1982 2130 2052 2186 lis
2075 2130 2091 2198 )
2117 2170 2132 2195 ,
2170 2133 2493 2201 regionem,
2525 2149 2691 2203 quam
2723 2148 2873 2188 nunc
2904 2142 3095 2190 tenent
3121 2135 3420 2207 Allophyli,
3447 2137 3553 2193 sibi

1987 2222 2198 2293 1457
2240 2224 2591 2293 Stlbjecturos
2632 2240 2779 2281 esse.
2824 2225 3029 2282 Omnes
3070 2242 3239 2296 porro
3265 2242 3297 2281 a
3329 2227 3560 2296 captivi-

1983 2323 2098 2370 tate
2127 2316 2348 2371 iiberati
2372 2356 2386 2380 ,
2421 2318 2793 2373 communiter
2824 2325 2879 2373 et
2919 2317 3142 2388 publice
3188 2319 3557 2389 possidebunt

1982 2411 2224 2458 montem
2257 2402 2518 2475 Ephraitn
2539 2447 2555 2472 ,
2583 2415 2637 2461 et
2669 2406 2842 2461 monti
2875 2405 3192 2476 adjacentes
3224 2416 3471 2477 campos,
3502 2414 3557 2462 et

1983 2495 2326 2566 Benjaminis
2359 2498 2741 2555 hereditatem
2764 2540 2779 2565 ,
2813 2506 2982 2570 atque
3019 2500 3337 2555 universam
3369 2497 3558 2553 Galaa-

1983 2586 2217 2643 ditidem
2247 2605 2261 2654 ;
2298 2588 2437 2645 ﬁnes
2470 2596 2659 2643 autem
2696 2589 3010 2655 habebunt,
3058 2603 3197 2661 quos
3244 2584 3375 2644 olim
3420 2588 3557 2644 Cha-

1985 2682 2160 2736 nana'i
2194 2686 2535 2746 tenuerunt,
2569 2684 2641 2737 ita
2670 2688 2730 2737 ut
2758 2681 2991 2752 Sarepta
3022 2680 3293 2737 terminus
3328 2680 3401 2735 sit
3443 2688 3558 2735 ter-

1984 2789 2096 2839 rae,
2148 2790 2315 2845 quam
2371 2773 2539 2829 israei
2590 2772 2924 2844 possidebit.
2983 2772 3282 2845 Ephratam
3337 2782 3563 2843 quoque

1987 2866 2177 2921 urbem
2224 2862 2433 2921 tenebit
2475 2860 2890 2938 Hierosolyma,
2938 2870 3108 2937 atque
3161 2865 3340 2930 alias,
3390 2865 3559 2920 etiam

1987 2954 2080 3012 illa
2118 2952 2497 3014 australiores.
2553 2950 2668 3031 [20]
2718 2955 2834 3013 Hoc
2884 2957 3029 3014 enim
3066 2958 3376 3028 expressit,
3430 2970 3556 3013 cum

1985 3044 2165 3104 dixit:
2200 3066 2217 3099 ι
2251 3044 2672 3104 iitereditabuut
2718 3050 2883 3106 urbes
2915 3047 3124 3121 Nageb.
3159 3068 3178 3102 ι
3216 3048 3332 3121 [21]
3369 3044 3565 3119 Neque

303 3134 550 3198 ταύταις,
582 3137 717 3191 ἀλλὰ
748 3140 840 3191 καὶ
871 3136 964 3192 τοῦ
1008 3139 1179 3193 Ἢσαῦ
1217 3140 1278 3193 τὸ
1322 3139 1447 3209 ὅρος
1491 3141 1689 3193 οἰκεῖον
1724 3139 1878 3207 ποιή-

1989 3146 2173 3195 tamen
2206 3139 2292 3195 his
2320 3141 2565 3195 contenti
2597 3149 2796 3207 erunt,
2831 3134 2928 3197 sed
2972 3146 2991 3163 '
3023 3141 3189 3196 etiam
3222 3139 3370 3195 Esau
3407 3153 3562 3194 mon-

308 3242 517 3290 σονται,
543 3227 647 3282 ὑπὸ
677 3228 885 3298 βασιλεῖ
907 3229 982 3300 τῷ
1008 3230 1124 3300 Θεῷ
1152 3232 1588 3302 στρατευόμενοι,
1614 3228 1705 3283 καὶ
1734 3226 1883 3299 αύτῷ

309 3317 453 3383 σφᾶς
478 3317 674 3383 αὐτοὺς
705 3321 1013 3384 ἀναθέντες.
1054 3323 1249 3375 Ἰστὲον
1282 3322 1358 3385 δὲ,
1389 3321 1464 3386 ὡς
1499 3323 1780 3391 συμφωνεῖ
1806 3321 1882 3391 τῷ

305 3408 453 3461 τέλει
494 3410 655 3480 τῆσδε
676 3411 774 3481 τῆς
808 3412 1166 3482 προφητείας,
1203 3412 1297 3464 καὶ
1337 3411 1435 3482 τῆς
1480 3411 1573 3464 τοῦ
1612 3406 1883 3482 μακαρίου

319 3496 580 3570 Ἰεζεκιὴλ
607 3502 945 3571 προφητείας
978 3502 1039 3555 τὸ
1083 3503 1256 3563 τέλος.
1306 3501 1415 3555 Καὶ
1451 3501 1560 3571 γὰρ
1593 3502 1713 3555 ἐκεῖ
1752 3518 1884 3573 προ-

306 3588 600 3659 διαγράφει
648 3593 747 3664 τῆς
791 3594 894 3663 γῆς
923 3589 1020 3664 τὴν
1065 3590 1349 3664 διαίρεσιν,
1397 3592 1491 3644 καί
1524 3591 1882 3662 προαγορεύει

306 3678 407 3734 τοῦ
428 3681 556 3735 λαοῦ
590 3682 725 3754 τὴνθ
750 3684 1025 3751 ἐπάνοδον,
1070 3685 1163 3737 καὶ
1198 3685 1293 3754 τὴν
1331 3682 1468 3754 μετὰ
1498 3682 1595 3754 τὴν
1627 3683 1882 3736 ἐπάνοδον

308 3770 680 3846 δοθησομένην
704 3774 886 3839 αὐτοῖς
917 3773 1021 3828 ὑπὸ
1044 3775 1136 3828 τοῦ
1167 3774 1302 3828 Θεοῦ
1329 3774 1555 3845 δύναμιν
1592 3775 1684 3827 καὶ
1710 3773 1881 3844 ἰσχύν.

311 3860 529 3932 Ταύτης
561 3860 655 3916 καὶ
685 3865 833 3935 ἡμᾶς
871 3868 1054 3935 τυχεῖν
1086 3865 1295 3932 γένοιτο
1336 3863 1487 3936 παρὰ
1519 3862 1615 3917 τοῦ
1659 3863 1887 3934 μεγαλο-

311 3945 486 4021 δῶρου
518 3953 650 4007 Θ;οὖ
678 3971 692 3985 ·
743 3953 1044 4025 τευξόμεθα
1087 3955 1165 4020 δὲ,
1210 3954 1385 4009 εἰτοῦ
1441 3953 1609 4008 Ἦσαῦ
1655 3952 1890 4009 καὶτῶν

313 4044 600 4111 ἀπογόνων
632 4046 737 4098 τῶν
785 4046 991 4100 ἐκείνου
1039 4047 1137 4116 τὴν
1195 4047 1426 4117 μίμησιν
1481 4049 1765 4117 φύγοιμεν,
1799 4046 1891 4100 καὶ

315 4136 461 4189 κατὰ
483 4136 581 4206 τὴν
614 4138 976 4208 ἀποστολικὴν
1006 4139 1328 4207 νομοθεσίαν
1366 4139 1577 4210 χαίρειν
1605 4140 1744 4210 μετά
1774 4156 1894 4211 χαι-

1992 3237 2101 3285 tem
2134 3229 2239 3287 sibi
2271 3230 2574 3303 subjicient
2594 3272 2609 3297 ,
2641 3230 2811 3286 Deum
2841 3248 3023 3303 regem
3052 3230 3334 3287 exercitus
3363 3232 3557 3287 ducto-

1989 3335 2103 3378 rem
2139 3324 2409 3379 habentes
2430 3363 2447 3387 ,
2476 3324 2639 3395 eique
2668 3326 2885 3394 seipsos
2917 3323 3271 3379 devoventes.
3328 3320 3425 3378 Est
3462 3337 3561 3376 au-

1992 3420 2099 3469 tem
2145 3413 2694 3486 animadvertendum
2760 3408 3068 3486 prophetiae
3122 3406 3431 3468 Ezechielis
3490 3404 3559 3465 ﬂ-

1991 3520 2117 3560 nem
2154 3482 2494 3576 respondere
2527 3502 2619 3560 iinl
2664 3482 2834 3562 istius
2865 3482 3187 3576 prophetiae.
3230 3502 3367 3557 Nam
3399 3508 3457 3558 et
3484 3500 3559 3558 ibi

1993 3611 2215 3666 quoque
2245 3596 2400 3665 prius
2433 3595 2699 3652 describit
2733 3602 2898 3651 terrae
2927 3594 3294 3661 divisionem,
3326 3604 3381 3651 et
3422 3610 3557 3664 prae:

1995 3685 2130 3740 dicit
2161 3684 2351 3755 populi
2383 3685 2656 3753 reditum,
2686 3684 2881 3756 eisque
2918 3693 3047 3757 post
3092 3682 3329 3742 reditum
3378 3684 3565 3740 datam

1996 3795 2025 3833 a
2059 3778 2169 3835 Deo
2201 3778 2581 3835 fortitudinem
2610 3785 2666 3834 et
2703 3774 3029 3850 potentiam.
3060 3777 3214 3834 lianc
3252 3777 3418 3834 etiam
3460 3791 3572 3831 nos

1996 3872 2204 3926 utinam
2243 3886 2273 3924 a
2305 3866 2416 3926 Deo
2438 3869 2835 3926 liberalissimo
2877 3858 3331 3939 consequamur?
3359 3860 3570 3923 Conse-

1992 3972 2228 4033 quemur
2254 3969 2471 4027 autem,
2500 3960 2546 4015 si
2575 3960 2740 4016 modo
2770 3976 2882 4015 non
2909 3957 3052 4017 Esau
3085 3964 3141 4016 et
3168 3967 3424 4030 posteros
3448 3957 3571 4029 ejus

1994 4054 2301 4120 imitemur,
2353 4051 2450 4108 sed
2478 4050 2638 4123 juxta
2666 4048 3026 4124 apostolicam
3055 4048 3409 4105 traditionem
3436 4064 3570 4120 gau-

1996 4146 2131 4200 dere
2159 4160 2284 4199 cum
2320 4143 2689 4215 gaudentibus
2712 4184 2728 4209 ,
2760 4151 2815 4198 et
2847 4142 2979 4198 iiere
3014 4156 3138 4197 cum
3182 4138 3441 4195 ﬂentibus
3486 4137 3570 4192 di-

319 4230 542 4300 ρὸντων,
593 4230 685 4284 καὶ
719 4231 925 4285 κλαίειν
967 4231 1104 4302 μετὰ
1150 4231 1443 4283 κλαιόντων
1476 4231 1763 4301 μάθοιμεν,
1802 4233 1880 4284 xui

1997 4252 2239 4299 scamus,
2300 4244 2465 4303 atque
2517 4234 2662 4289 idem
2704 4235 2852 4288 inter
2900 4248 3003 4287 nos
3052 4231 3261 4287 sentire
3311 4229 3566 4284 velimus.

313 4320 382 4372 τὸ
407 4318 539 4373 αὐτὸ
569 4323 785 4390 φρονεῖν
829 4322 908 4383 εἰς
936 4319 1197 4388 ἀλλήλους
1229 4319 1532 4389 ἐθέλοιμεν.
1557 4320 1634 4391 Τῇ
1671 4321 1880 4391 τοιαύτγ

1998 4326 2112 4380 iioc
2143 4327 2291 4381 enim
2328 4326 2452 4379 vita:
2486 4325 2744 4378 instituto
2765 4322 3012 4379 omnium
3051 4318 3344 4375 Dominum
3377 4319 3569 4375 obser-

316 4412 430 4479 γὰρ
461 4411 703 4481 πολιτεία
730 4412 821 4464 τὸν
847 4410 954 4463 τῶν
975 4411 1228 4465 ἁπάντων
1250 4410 1453 4481 Κύριον
1481 4409 1880 4482 Θεραπεύοντεςη

1997 4428 2236 4482 vantcs,
2281 4417 2403 4487 ejus
2430 4415 2594 4472 donis
2633 4415 2930 4486 potiemur,
2985 4412 3326 4484 benignitate
3377 4406 3569 4465 Salva-

318 4503 745 4574 ἀπολαυσόμεθα
793 4503 901 4557 τῶν
944 4501 1076 4573 παρ’
1103 4500 1266 4556 αὑτοῦ
1299 4501 1537 4570 δωρεῶν,
1571 4502 1754 4572 χάριτι
1800 4502 1880 4555 τοῐ

2002 4510 2144 4564 toris
2175 4508 2350 4564 nostri
2378 4504 2511 4563 Jcsu
2558 4505 2768 4562 Christi
2793 4546 2808 4570 ,
2844 4520 2968 4561 cuni
3004 4514 3114 4576 qdo
3158 4498 3308 4558 Patri
3361 4498 3570 4573 gloria,

319 4599 575 4670 Σωτῆρος
606 4597 763 4670 ἡμῶν
804 4597 1015 4671 Ἰησοῦ⁹
1045 4596 1304 4667 Χριστοῦ,
1355 4597 1473 4669 μεθ’
1507 4592 1569 4652 οὗ
1600 4597 1676 4666 τῷ
1721 4597 1880 4668 ῐῐατρτ

2003 4616 2109 4655 una
2152 4614 2280 4654 cum
2327 4603 2523 4653 sancto
2571 4593 2778 4668 Spiritu
2803 4637 2818 4663 ,
2853 4610 3004 4651 nunc
3030 4604 3085 4651 ct
3122 4606 3366 4664 semper,
3407 4592 3465 4647 et
3514 4588 3579 4645 in

318 4692 355 4759 ἠ
388 4688 533 4756 δόξα,
570 4688 668 4744 σὺν
717 4690 856 4760 ἁγίῳ
888 4687 1185 4760 Πνεύματι,
1246 4688 1339 4742 νῦν
1393 4687 1487 4743 καὶ
1518 4686 1625 4753 ἀεὶ,
1682 4687 1777 4741 καὶ
1818 4690 1880 4750 εἰς

2003 4690 2205 4751 saecula
2234 4690 2586 4748 saeculorum.
2622 4689 2816 4744 Amen.

318 4785 450 4847 τοὺς
482 4781 683 4848 αἰῶνας
720 4781 828 4838 τῶν
858 4781 1089 4837 αἰώνων.
1139 4781 1332 4853 Ἀμήν.

1539 4953 1770 5009 VARIA‘I
1824 4950 2229 5008 LECTIONES.

398 5053 417 5081 ”
440 5050 555 5107 τοῦ.
580 5051 622 5106 Α
645 5052 723 5106 τό.
804 5054 822 5082 δ
850 5052 924 5105 δέ.
960 5050 1081 5107 Des.
1124 5051 1178 5104 in
1208 5048 1269 5103 C.
1349 5050 1368 5081 ⁷
1406 5049 1444 5104 C
1476 5046 1723 5111 ἑαυτούς.
1801 5046 1822 5075 ⁸
1853 5045 1971 5116 τήν.
2006 5044 2047 5099 C
2084 5052 2274 5114 praem.
2310 5041 2421 5095 καί.
2498 5042 2517 5074 ⁸
2567 5040 2700 5111 Ἰησ.
2724 5037 2848 5093 Des.
2885 5035 2939 5091 in
2976 5034 3048 5091 Β.
