3904 6202
262 348 281 411 i
293 350 395 411 725

302 380 393 413 1.18}

1532 361 1615 421 ια
1650 362 1858 422 ΙοΝιΕ
1885 361 2042 425 CAP.
2086 336 2134 428 π.

3382 374 3516 437 1726

253 468 354 562 καὶ
399 470 434 541 ἡ
478 469 754 562 ,Ἐϐραίων
813 471 926 543 ἔχει
989 474 1194 544 γραφή.
1255 472 1409 527 Οὕτω
1475 475 1531 528 δὲ
1587 476 1680 529 καὶ
1745 474 1822 529 τοῐ

1946 483 2039 538 ubi
2086 485 2306 543 divinus
2342 487 2591 545 Ezechiel
2625 488 3135 562 Carthaginiensium
3182 490 3513 544 mentionem

255 559 547 616 θέσπεσίου
606 563 860 636 Ἰεζεκιὴλ
914 563 1299 634 Καρχηδονίων
1350 565 1569 636 μνήμην
1611 582 1837 634 ποιησα-

254 649 449 719 μένου,
480 653 576 706 καὶ
627 651 780 722 παρά
820 651 898 722 τῷ
942 652 1198 723 Ἑϐραίῳ,
1230 654 1321 708 καὶ
1348 654 1500 727 παρὰ
1542 653 1621 724 τῷ
1682 654 1836 726 Σύρῳ

252 740 577 811 εὑρήκαμεν
630 743 695 795 τὸ
742 742 966 814 Θαρσίς.
1018 742 1108 807 Ἐξ
1157 737 1233 797 ὧν
1282 734 1700 814 ποδηγηθέντες,
1742 745 1834 798 τὸν

255 831 534 902 μακάριόν
585 850 765 903 φαμεν
825 833 1009 888 Ἰωνᾶν
1062 836 1165 888 οὐκ
1214 837 1299 898 είς
1345 835 1552 903 Ἰνδίαν,
1599 837 1716 891 ἀλλ’
1755 840 1834 900 είς

251 921 580 993 Καρχηδόνα
638 927 969 996 ποιήσασθαι
1027 928 1124 997 τὴν
1185 928 1386 998 φυγήν.
1445 916 1720 998 Πεποίηκε
1774 930 1832 983 δὲ

248 1013 414 1070 τοῦτο
450 1016 639 1084 σαφῶς
674 1017 776 1088 μὲν
819 1017 993 1082 εἰδὼς,
1024 1017 1120 1072 ἅτε
1148 1017 1212 1088 δὴ
1244 1019 1551 1090 προφήτης,
1590 1020 1664 1085 ὡς
1698 1037 1831 1075 παν-

250 1106 423 1175 ταχοῦ
448 1107 682 1179 πάρεστι
715 1108 821 1162 τῶν
852 1110 986 1163 ὅλων
1011 1112 1041 1163 6
1069 1110 1291 1181 Κύριος,
1316 1111 1410 1164 καὶ
1461 1112 1623 1175 τόπος
1652 1113 1831 1177 οὐδεὶς

247 1191 460 1264 ἔρημος
481 1198 579 1266 τῆς
599 1196 762 1250 αὑτοῦ
789 1200 1149 1270 προμηθείας,⁸
1175 1200 1572 1270 ὑπολαμϐάνων
1597 1201 1653 1256 δὲ
1682 1204 1830 1274 ὅμως

248 1282 312 1334 ἐν
341 1284 481 1355 μόνῃ
513 1287 579 1356 τῇ
621 1284 977 1358 Ἰερουσαλὴμ
1014 1289 1177 1342 αὐτὸν
1206 1289 1475 1344 ποιεῖσθαι
1506 1291 1604 1361 τὴν
1631 1293 1827 1360 ἐπιφά-

248 1388 422 1423 νειαν.
459 1372 573 1426 υὺκ
629 1373 784 1437 ὄκνος
833 1373 890 1427 δὲ
937 1374 1086 1446 αύτῴ
1140 1377 1239 1448 τῆς
1287 1378 1488 1448 φυγῆς,
1541 1378 1662 1432 οὐδὲ
1711 1379 1826 1444 δέος

248 1460 470 1529 ἐγένετο
504 1464 761 1534 πρόξενον
791 1484 806 1498 ·
836 1467 969 1520 ἀλλᾶ
1013 1468 1113 1530 τὰς
1150 1466 1243 1520 τοῦ
1280 1468 1429 1520 ἐλέου
1479 1470 1660 1541 πηγάς
1707 1472 1826 1523 ὲπι-

248 1554 539 1624 στάμενος,
568 1550 657 1620 αἷς
684 1556 963 1628 χρώμενος
992 1561 1019 1613 6
1054 1557 1287 1630 κηρῦξαι
1319 1560 1580 1623 κελεύσας
1609 1560 1826 1615 ᾶπαντα

246 1647 598 1715 πρυτανεύει,
630 1650 725 1702 καὶ
771 1649 925 1714 εἰδὼς
953 1650 1027 1714 ὡς
1066 1651 1117 1705 εί
1145 1651 1478 1724 μεταμελείᾳ
1531 1654 1823 1723 χρήσονται

244 1737 550 1804 Νινευῖται,
592 1739 870 1805 τεύξονται
912 1743 1126 1805 πάντως
1177 1742 1278 1812 τῆς
1323 1742 1473 1807 θείας
1519 1743 1821 1815 φιλανθρω-

1947 576 2077 632 fecit
2106 618 2122 643 ,
2150 587 2204 634 et
2237 579 2380 649 apud
2419 579 2702 637 Hebraeum
2726 623 2741 651 ,
2770 591 2828 638 et
2858 581 3003 652 apud
3033 578 3254 652 Syrum,
3287 577 3515 633 Tliarsis

1940 669 2267 738 reperimus.
2320 672 2531 737 Quibus
2586 674 2770 732 edocti
2820 673 3009 729 Jonam
3068 671 3346 736 dicimus,
3404 686 3512 726 non

1937 760 1993 816 in
2040 760 2289 829 Indiam,
2322 763 2417 819 sed
2449 765 2837 836 Carthaginem
2889 764 3115 835 fugisse.
3172 761 3282 816 lloc
3335 772 3513 817 autem

1936 851 2097 915 fecit,
2141 866 2265 905 cum
2303 854 2462 923 plane
2500 856 2519 875 ⁴
2553 855 2772 923 quidem
2806 855 3007 918 sciret,
3039 861 3226 924 utpote
3270 853 3511 923 pr0plie-

1937 951 2013 1006 ta,
2041 950 2095 997 ct
2120 944 2266 1013 quod
2299 944 2504 1014 ubique
2528 946 2601 1000 sit
2633 945 2778 1002 Deus
2811 946 3198 1000 universorum
3228 985 3243 1009 ,
3280 954 3333 998 et
3364 945 3509 1013 quod

1935 1035 2121 1090 nullus
2157 1034 2311 1091 locus
2342 1037 2461 1107 ejus
2494 1038 2844 1108 providentia
2881 1053 3089 1093 vacuus
3127 1036 3198 1092 sit
3233 1054 3246 1090 :
3290 1036 3384 1091 sed
3428 1044 3510 1088 ta-

1940 1138 2064 1178 men
2120 1125 2404 1180 arbitrans
2476 1126 2528 1180 in
2580 1126 2696 1181 sola
2748 1125 3127 1197 Hierosolyma
3175 1123 3342 1180 Deum
3387 1139 3510 1179 sese

1931 1214 2244 1272 ostendere.
2278 1213 2461 1286 Neque
2504 1232 2635 1272 vero
2677 1217 2891 1287 ignavia
2945 1216 3104 1269 illum
3152 1223 3397 1270 metusve
3446 1216 3504 1269 in

1932 1303 2112 1372 fugam
2148 1306 2402 1375 impulit;
2440 1309 2533 1362 sed
2570 1324 2692 1363 cum
2734 1304 3131 1362 misericordia:
3174 1305 3352 1360 fontes
3394 1321 3504 1359 non

1931 1396 2229 1466 ignoraret,
2265 1399 2468 1467 quibus
2498 1409 2660 1455 utens
2690 1400 2741 1456 is
2772 1399 2861 1470 qui
2898 1415 3023 1454 eum
3054 1398 3351 1468 praedicare
3385 1398 3506 1466 jus-

1928 1494 2103 1551 serat,
2158 1488 2343 1541 omnia
2385 1488 2739 1543 administrat
2765 1530 2780 1555 ,
2806 1489 3083 1558 sciretque
3119 1485 3418 1551 Ninevitas,
3456 1487 3503 1540 si

1926 1577 2360 1647 resipiscerent,
2433 1577 2677 1634 divinam
2763 1578 2991 1635 omnino
3067 1577 3501 1634 misericordiam

1925 1668 2223 1738 adeptnros
2257 1685 2379 1725 esse
2408 1710 2422 1735 ,
2464 1671 2782 1726 indecorum
2823 1669 3059 1724 ducebat
3092 1668 3499 1740 pra‘dit‘lionem

1924 1775 2078 1813 suam
2109 1758 2304 1815 falsam
2338 1760 2629 1826 declarari,
2656 1776 2827 1832 seque
2854 1775 2955 1832 pro
2984 1762 3246 1832 prapheta
3279 1760 3496 1814 menda-

244 1831 399 1924 πίας,
443 1832 689 1902 ἀπρεπὲς
715 1833 929 1901 ἐνόμισε
972 1833 1148 1907 ψευδῆ,
1177 1834 1454 1905 δειχθῆναι
1500 1835 1599 1905 τὴν
1649 1837 1815 1906 πρόρο

1926 1866 2044 1904 cem
2073 1853 2286 1908 vocari.
2327 1853 2383 1906 In
2423 1852 2562 1906 hanc
2590 1867 2718 1907 vero
2749 1852 3124 1924 suspicionem
3154 1867 3279 1905 eum
3317 1851 3499 1919 impu-

245 1919 425 1987 ρησιν,
450 1922 544 1972 καὶ
571 1920 809 1991 ψεύστης
835 1923 953 1974 ἀντὶ
987 1925 1263 1995 προφήτου
1296 1923 1579 1995 κληθῆναι.
1605 1926 1819 1997 Ταύτην

240 2007 299 2060 δὲ
331 2009 481 2079 αύτῷ
510 2010 607 2080 τὴν
637 2011 869 2081 ὑποψίαν
903 2014 1172 2068 ὲντέθεικε
1221 2017 1314 2069 καὶ
1355 2016 1486 2069 αὑτὸ
1529 2018 1626 2087 τῆς
1665 2019 1821 2071 ἀπει-

240 2100 503 2172 ληθείσης
531 2104 799 2173 τιμωρίας
835 2104 895 2157 τὸ
931 2106 1213 2176 κήρυγμα.
1255 2104 1557 2177 Ἐσκόπησε
1586 2108 1714 2177 γὰρ,
1746 2108 1820 2172 ὠς

240 2194 343 2245 οὐκ
379 2193 445 2246 ἂν
472 2201 867 2266 προεμήνυσεν,
899 2195 1058 2266 εἴπερ
1091 2198 1323 2252 κολάσαι
1350 2198 1610 2268 ἠϐούλετο
1640 2216 1652 2228 ·
1687 2200 1820 2253 ἀλλὰ

245 2283 537 2351 μετανοίας
564 2285 680 2366 ἐστὶ
708 2286 971 2356 δήπουθεν
1013 2289 1318 2359 προτροπὴ,
1351 2289 1450 2358 τῆς
1484 2291 1754 2360 τιμωρίας
1786 2293 1818 2361 ἡ

239 2374 463 2444 ἀπειλή.
518 2375 658 2445 Πρὸς
695 2376 751 2430 δὲ
800 2378 974 2449 τούτῳ
1006 2380 1099 2431 καὶ
1144 2379 1250 2434 τῶν
1292 2380 1558 2435 Ἰουδαίων
1588 2399 1822 2453 κατηγο-

242 2469 371 2539 ρίαν
431 2469 700 2522 ὑπέλαϐεν
744 2470 960 2523 ἔσεσθαι
993 2471 1092 2543 τὴν
1136 2470 1244 2524 τῶν
1294 2473 1594 2529 Νινευῖτῶν
1638 2475 1820 2528 εὐπεί-

241 2553 422 2613 θειαν,
457 2554 532 2616 ὡς
562 2556 670 2608 τῶν
713 2556 813 2625 μὲν
841 2557 1045 2625 ἀγνῶτι
1092 2559 1186 2612 καὶ
1213 2559 1496 2632 ἀλλοφύλῳ
1530 2581 1821 2617 πεπιστευ-

242 2643 420 2695 κότων
468 2644 642 2716 ἀνδρὶ,
668 2646 774 2698 τῶν
804 2647 859 2700 δὲ
914 2648 1126 2717 μυρίοις
1159 2651 1463 2719 προφήταις
1505 2654 1817 2721 ὁμοφύλοις,

243 2736 389 2805 μετά
436 2735 879 2808 θαυματουργίας
932 2740 1028 2809 τὴν
1080 2741 1412 2812 προφητείαν
1456 2745 1818 2814 ποιουμένοις,

239 2826 507 2896 διηνεκῶς
538 2828 920 2894 ἀπειθούντων,
947 2832 1039 2884 καὶ
1066 2830 1247 2902 ὄνησιν
1270 2834 1525 2903 οὐδεμίαν
1569 2837 1699 2905 παρ’
1722 2837 1820 2888 αὑ-

241 2919 353 2971 τῶν
402 2919 721 2989 δεχομένων.
779 2921 876 2973 Διά
930 2921 1101 2974 ταῦτα
1154 2922 1213 2975 τὸ
1252 2924 1538 2979 κελευσθὲν
1571 2927 1728 2989 εὐθὺς
1759 2928 1820 2981 οὑ

241 3011 566 3080 πεποίηκεν·
589 3011 723 3064 ἀλλὰ
750 3012 844 3065 καὶ
876 3017 974 3083 τὴν
1018 3013 1106 3067 διὰ
1140 3013 1411 3087 θαλάσσης
1435 3017 1611 3088 φυγὴν
1639 3020 1823 3090 ἐποιή-

242 3122 400 3165 σατο,
429 3105 658 3174 νομίσας
705 3105 787 3157 ὅτι
816 3105 1044 3174 τάχιστα
1076 3107 1173 3177 τῆς
1198 3108 1452 3179 τοιαύτης
1512 3111 1815 3181 ὑπουργίας

240 3196 711 3265 ἀπαλλαγήσεται.
771 3197 977 3250 Ἔδωκε
1018 3197 1075 3251 δὲ
1118 3199 1209 3252 καὶ
1250 3199 1339 3252 τὸν
1387 3200 1488 3271 τῆς
1543 3202 1815 3267 ναυτιλίας

243 3286 460 3357 μισθὸν,
508 3287 629 3339 οὐδὲ
666 3287 766 3356 τῆς
806 3288 1055 3342 ἐντεῦθεν
1099 3291 1262 3343 αὑτὸν
1314 3291 1517 3363 ζημίας
1575 3296 1817 3366 ἐπισχεῖν

234 3380 584 3452 δυνηθείσης.
628 3380 812 3435 Ἀλλ’ὀ
850 3382 976 3452 γῆς,
1008 3383 1102 3436 καὶ
1133 3384 1424 3454 θαλάττης,
1469 3386 1698 3439 καὶτῶν
1735 3387 1818 3440 οὑ-

243 3473 427 3544 ρανῶν
456 3475 713 3544 Ποιητὴς,
753 3473 954 3545 ἐγείρει
996 3475 1137 3530 κατὰ
1168 3476 1260 3529 τοῦ
1291 3479 1530 3545 σκάφους
1553 3478 1814 3545 κλύδωνα,

240 3568 341 3620 καὶ
374 3566 442 3620 τὰ
474 3566 513 3598 ¹⁷
543 3565 650 3618 τῶν
672 3565 932 3636 κυμάτων
972 3566 1288 3636 περιϐάλλει
1311 3568 1388 3636 τῷ
1427 3568 1595 3639 πλοίῳ
1620 3570 1814 3640 δεσμὰ,

240 3658 340 3711 καὶ
396 3656 505 3710 τῶν
553 3657 728 3710 ἄλλων
757 3657 975 3710 πάντων
1005 3658 1264 3726 ἐξουρίων
1319 3660 1654 3729 φερομένων,
1689 3661 1818 3732 περὶ

236 3750 403 3804 τοῦτο
429 3750 587 3820 μόνον
613 3749 674 3802 τδ
700 3749 876 3803 πλοῖον
904 3749 1113 3818 ἐγίνετο
1141 3750 1239 3820 τῆς
1266 3750 1533 3823 θαλάττης
1587 3755 1621 3825 ὴ
1655 3753 1814 3824 ζάλῃ,

240 3841 339 3893 καὶ
376 3838 435 3893 τὸ
479 3838 653 3909 ῥόθιον
681 3838 811 3903 ἔξει.
840 3840 951 3893 Καὶ
999 3837 1155 3892 τοῦτο
1197 3841 1343 3911 ἡμᾶς
1377 3842 1484 3894 τῶν
1529 3843 1738 3899 ναυτῶν
1788 3848 1819 3900 6

238 3930 447 3999 κλῆρος
476 3928 713 3982 διδάσκει
743 3928 928 3997 σαφῶς
959 3944 976 3960 ⁸
1005 3929 1066 3982 ού
1105 3930 1212 4002 γὰρ
1246 3929 1337 3994 ἂν,
1361 3930 1518 4002 εἴπερ
1546 3934 1721 3998 κοινὸς
1748 3930 1818 4007 ἦν

236 4024 270 4076 6
296 4021 525 4084 κλύδων,
574 4021 757 4090 κλήρῳ
790 4020 980 4090 μαθεῖν
1024 4021 1391 4092 ἐπεχείρησαν
1432 4024 1522 4076 τὸν
1560 4022 1654 4078 τοῦ
1692 4024 1817 4079 κλύ-

239 4115 411 4177 δωνος
456 4114 627 4166 αἴτιον
653 4129 666 4143 ·
705 4112 819 4165 ἀλλ’
845 4112 1030 4184 ἐπειδὴ
1055 4114 1179 4175 τοὺς
1206 4114 1395 4178 ἄλλους
1442 4116 1626 4186 ἑώρων
1672 4120 1819 4172 ἀκιν-

239 4206 416 4268 δύνως
461 4204 844 4274 διατέμνοντας
871 4204 968 4273 τῆς
1008 4204 1276 4272 θαλάττης
1303 4207 1369 4258 τὰ
1420 4208 1584 4271 νῶτα,
1619 4210 1715 4279 τὴν
1762 4210 1818 4264 δὲ

242 4298 518 4368 σφετέραν
542 4297 739 4351 ὁλκάδα
774 4296 1105 4367 βαλλομένην
1135 4298 1257 4360 ταῖς
1302 4299 1643 4368 τρικυμίαις,
1678 4300 1820 4371 πρῶ-

240 4407 338 4443 τον
386 4388 484 4457 μὲν
534 4388 830 4457 ἐτράποντο
864 4387 997 4457 πρὸς
1049 4387 1235 4458 εὕχάς,
1260 4386 1318 4439 ὃν
1344 4387 1573 4452 ἕκαστος
1605 4390 1818 4461 ἐνόμιζε

1924 1946 1985 1998 lit
2020 1944 2136 2013 ipsa
2170 1944 2443 1999 minarum
2472 1987 2487 2010 ,
2517 1960 2639 2015 quae
2669 1944 2931 1999 ultionem
2974 1942 3364 2006 intentabant,
3399 1943 3492 1995 de-

1922 2034 2219 2087 nuntiatio.
2252 2033 2637 2087 Consideravit
2676 2032 2823 2088 enim
2893 2033 3045 2086 ilium
3098 2032 3496 2102 pramuutiatn-

1924 2138 2042 2175 rum
2073 2138 2180 2175 non
2220 2121 2412 2185 fuisse,
2448 2124 2491 2175 si
2520 2122 2720 2192 punire
2752 2120 3045 2184 voluisset,
3080 2137 3203 2175 cum
3236 2121 3496 2191 supplicii

1922 2213 2279 2267 comminatio
2311 2213 2567 2279 invitatio
2596 2214 2665 2267 sit
2708 2212 2773 2266 ad
2816 2210 3223 2281 paenitentiam.
3264 2212 3342 2264 Ad
3385 2211 3501 2266 haec

1927 2308 2139 2380 1464
2191 2307 2396 2363 ludatis
2441 2306 2660 2361 crimini
2738 2304 2855 2360 fore
2909 2304 3067 2359 duxit
3119 2303 3497 2358 Ninevitarum

1921 2401 2290 2456 obedientiam
2326 2419 2340 2452 :
2388 2407 2447 2452 ut
2482 2399 2575 2468 qui
2624 2397 2837 2452 homini
2876 2397 3064 2467 ignoto
3098 2405 3152 2451 et
3184 2397 3502 2467 alienigena;

1921 2493 2314 2558 credidissent,
2342 2506 2465 2545 cum
2508 2488 2679 2543 Judaei
2709 2490 3013 2544 innumeris
3057 2486 3338 2557 prophetis
3369 2503 3502 2542 con-

1922 2582 2219 2635 tribulibus
2247 2583 2362 2634 suis
2383 2618 2398 2642 ,
2427 2577 2635 2632 crebris
2681 2592 2804 2629 cum
2840 2574 3120 2629 miraculis
3156 2575 3501 2628 vaticinanti-

1923 2674 2071 2736 bus,
2130 2670 2354 2724 assidue
2419 2666 2868 2736 refragarentur,
2932 2665 3246 2733 nullamque
3296 2665 3364 2717 ab
3418 2666 3499 2719 eis

1921 2778 2078 2833 opem
2120 2761 2414 2816 referrent.
2452 2757 2529 2812 Ea
2563 2758 2630 2812 de
2663 2771 2833 2811 causa
2867 2771 2974 2809 non
3011 2755 3196 2810 statim
3230 2755 3498 2824 imperata

1924 2853 2083 2914 fecit,
2117 2853 2212 2908 sed
2249 2850 2386 2906 mari
2435 2866 2494 2905 se
2535 2850 2588 2904 in
2626 2849 2804 2919 fugam
2842 2847 3029 2909 dedit,
3068 2856 3218 2901 ratus
3241 2885 3256 2911 ,
3294 2845 3498 2902 indicto
3533 2869 3540 2877 -

1923 2945 2232 3001 ministerio
2261 2960 2321 3000 se
2357 2945 2609 3013 protinus
2635 2940 3030 2995 absolvendum
3066 2953 3214 2992 esse.
3265 2935 3499 3009 Naviga-

1924 3039 2092 3096 tionis
2118 3037 2281 3093 etiam
2316 3034 2576 3106 persolvit
2607 3033 2934 3095 mercedem,
2963 3046 3086 3085 cum
3139 3046 3317 3099 neque
3340 3028 3493 3083 dam-

1927 3148 2053 3185 num
2082 3172 2097 3196 ,
2155 3129 2300 3198 quod
2354 3127 2479 3181 inde
2526 3125 2883 3188 incurrebat,
2928 3124 3079 3177 illmn
3108 3123 3369 3176 cohibere
3403 3136 3499 3189 po-

1923 3224 2138 3278 tuisset.
2182 3218 2262 3292 [4]
2293 3217 2681 3273 Verumtamen
2709 3224 2869 3271 terra:
2898 3222 2952 3270 et
2984 3213 3155 3268 maris
3187 3213 3490 3267 caelorum—

1918 3332 2025 3386 qne
2063 3312 2251 3384 Opifex
2290 3312 2555 3367 adversus
2596 3325 2790 3365 navem
2831 3308 3037 3364 excitat
3071 3313 3449 3376 tempestatem
3479 3343 3494 3365 ,

1920 3409 2296 3475 ﬂuctuumqne
2335 3405 2483 3459 illam
2521 3402 2759 3456 vinculis
2809 3399 3201 3468 circumligat:
3260 3411 3499 3464 cumque

1917 3513 2111 3556 omnes
2141 3498 2262 3552 aliae
2288 3511 2458 3550 naves
2492 3493 2741 3550 secundo
2771 3501 2934 3546 vento
2962 3505 3187 3544 cursum
3222 3494 3494 3546 tenerent.

1919 3593 1976 3648 in
2026 3593 2169 3646 hanc
2229 3603 2392 3643 unam
2445 3592 2742 3655 tempestas
2789 3583 2959 3638 maris
3005 3580 3378 3644 incumbebat,
3438 3586 3495 3632 et

1915 3686 2179 3741 ﬂuctuum
2216 3682 2450 3750 impetus
2488 3677 2896 3735 effervescebat.
2958 3675 3134 3744 Atque
3187 3674 3289 3729 hoc
3337 3675 3501 3742 plane
3538 3668 3539 3671 “

1918 3790 2041 3831 sors
2086 3779 2377 3827 nautarum
2427 3783 2529 3823 nos
2607 3765 2791 3820 docet.
2835 3763 2915 3836 [ὅ]
2970 3759 3155 3832 Neque
3205 3762 3389 3827 enim,
3450 3761 3497 3815 si

1917 3863 2230 3921 communis
2266 3860 2459 3935 fuisset
2498 3864 2833 3926 tempestas,
2895 3853 3014 3922 ejus
3067 3866 3290 3907 causam
3349 3855 3497 3904 sorte

1918 3955 2228 4026 disquirere
2271 3950 2513 4019 aggressi
2560 3948 2795 4004 fuissent
2830 3966 2841 4000 :
2883 3946 2979 4001 sed
3027 3960 3150 3999 cum
3203 3945 3340 3998 alios
3378 3942 3502 3998 sine
3556 4010 3563 4017 ι

1920 4047 2167 4118 periculo
2196 4044 2366 4098 maris
2389 4042 2552 4097 dorsa
2583 4049 2839 4096 secantes
2868 4038 3141 4099 viderent,
3176 4050 3329 4089 suam
3369 4048 3504 4086 vero

1919 4134 2239 4190 decumanis
2288 4131 2548 4185 fluctibus
2589 4126 2827 4196 agitari,
2877 4127 3113 4194 primum
3154 4123 3369 4190 quidem
3426 4120 3494 4172 ad

1920 4239 2114 4294 preces
2138 4221 2390 4276 conversi
2420 4226 2570 4281 sunt,
2605 4231 2766 4284 quem
2802 4215 3037 4284 quisque
3068 4212 3231 4265 Deum
3269 4210 3496 4279 putabat

1922 4317 2280 4369 invocantes:
2312 4308 2511 4364 deinde
2543 4320 2668 4360 cum
2701 4306 2908 4359 nullam
2947 4302 3075 4356 inde
3117 4300 3314 4355 salutis
3348 4299 3495 4352 viam

1922 4404 2257 4465 invenirent,
2286 4399 2485 4455 Jonam
2525 4411 2716 4453 sonmo
2747 4395 3034 4450 astrictum
3064 4392 3331 4448 excitant.
3356 4388 3492 4444 Nam

241 4479 383 4532 Θεὸν
416 4478 743 4541 ἱκετεύοντες
776 4494 789 4508 ·
820 4478 1009 4530 οὐδένα
1054 4477 1110 4529 δὲ
1160 4479 1324 4549 πόρον
1355 4478 1397 4509 ⁸⁸
1444 4480 1716 4550 σωτηρίας
1745 4482 1822 4533 ὲν-

1925 4490 2275 4550 conscientiae
2324 4487 2562 4544 stimulis
2606 4496 2882 4549 vexatus,
2929 4499 2995 4539 ac
3047 4482 3312 4544 maestitia
3359 4494 3495 4536 con-

242 4569 441 4624 τεῦθεν
496 4570 862 4640 εὑρίσκοντες,
900 4569 1051 4639 ὕπνῳ
1085 4570 1174 4622 τὸν
1221 4572 1405 4623 ἰωνᾶν
1461 4573 1823 4642 κατεχόμενον

245 4660 661 4731 ἀφυπνίζουσιν,
702 4660 835 4712 ’Υπὺ
857 4659 964 4730 γὰρ
995 4659 1087 4712 τοῦ
1120 4660 1416 4725 συνειδότος
1447 4663 1822 4732 κεντούμενος,

246 4754 349 4807 καὶ
393 4754 457 4822 τῇ
492 4750 699 4822 ἀθυμίᾳ
752 4750 1097 4820 βαλλόμενος,
1146 4751 1241 4803 καί⁵
1287 4752 1392 4803 τῶν
1417 4752 1694 4822 λογισμῶν
1727 4755 1826 4817 τὰς

247 4844 442 4906 ἀκίδας
489 4844 550 4896 οὑ
583 4841 782 4911 φέρων,
817 4843 1198 4910 ἐμηχανήσατο
1241 4843 1339 4910 τὴν
1367 4843 1472 4896 ὑπὸ
1515 4844 1606 4896 τοῦ
1657 4844 1823 4897 ὕπνου

247 4933 602 5005 παραψυχήν.
630 4933 740 4986 Καὶ
768 4931 1021 4984 τοσούτου
1049 4933 1188 4985 κατά
1243 4932 1334 4984 τοῦ
1376 4934 1618 5001 σκάφους
1648 4952 1822 5005 γιγνο-

252 5025 417 5095 μένου
451 5023 705 5094 θορύϐου,
736 5021 845 5075 τῶν
873 5022 1132 5090 κυμάτων
1175 5022 1374 5088 ἔξωθεν
1408 5028 1825 5097 προσρηγνυμέ-

246 5133 380 5179 νων,
426 5116 517 5168 καὶ
545 5115 653 5166 τῶν
689 5115 898 5167 ναυτῶν
948 5113 1154 5166 ἔνδοθεν
1187 5117 1623 5185 ταραττομένων,
1665 5120 1824 5184 αὐτὸς

248 5209 351 5278 οὑχ
376 5203 565 5267 ἁπλῶς
592 5204 713 5257 οὑδὲ
746 5203 979 5275 μετρίως
1004 5203 1310 5269 ἐκάθευδεν,
1351 5207 1487 5260 ἀλλά
1516 5208 1684 5277 βαθεῖ’
1701 5228 1827 5265 κατ-

251 5300 514 5371 εχόμενος
547 5296 698 5365 ὕπνῳ
745 5295 839 5349 καὶ
896 5295 1142 5364 ἕρεγχεν,
1190 5296 1264 5359 ὡς
1298 5297 1460 5363 αὐτὸς
1507 5303 1829 5372 συγγράψας

251 5392 515 5457 ἐδίδαξεν.
554 5387 714 5441 Ἀλλά
747 5387 1107 5457 διαναστήσας
1154 5389 1316 5441 αὑτὸν
1362 5392 1389 5442 6
1443 5396 1717 5464 πρωρεὺς,
1768 5398 1828 5450 τὸ

258 5486 358 5557 μὲν
390 5481 606 5554 πρῶτον
633 5478 795 5550 εὕχάς
826 5480 1155 5550 προσφέρειν
1185 5480 1258 5533 τῶ
1294 5483 1477 5554 οἰκείῳ
1537 5486 1656 5558 Θεῷ
1705 5507 1827 5543 κατ.

1925 4584 2122 4645 fectus,
2149 4579 2541 4651 cogitationum
2570 4592 2795 4634 suarum
2829 4576 3053 4630 aculeos
3084 4573 3225 4629 ferre
3258 4588 3368 4628 non
3401 4586 3497 4625 va-

1922 4677 2040 4731 lens
2066 4713 2085 4735 ,
2111 4671 2547 4728 consolationem
2603 4668 2846 4739 captavit
2893 4682 2957 4721 ex
3006 4678 3226 4721 somno.
3268 4662 3493 4716 Etcum

1921 4777 2107 4821 tantus
2124 4766 2179 4818 in
2201 4763 2326 4819 navi
2355 4773 2498 4818 esset
2517 4760 2808 4825 tumultus,
2829 4767 2885 4812 et
2913 4756 3115 4811 ﬂuctus
3133 4755 3495 4810 alliderentur

1922 4859 2295 4923 extrinsecus,
2323 4861 2613 4923 nautaeque
2643 4852 2790 4906 intus
2820 4849 3297 4920 perturbarentur'
3324 4889 3341 4913 ,
3380 4846 3499 4916 ipse

1928 4950 2149 5005 interim
2194 4963 2305 5002 non
2342 4959 2535 5015 parum
2576 4957 2676 4997 nec
2715 4939 2910 4994 leviter
2941 4937 3252 4992 dormiebat
3300 4951 3315 4988 :
3360 4935 3495 5006 quin

1932 5038 2145 5111 15.35
2162 5035 2382 5091 arctiori
2405 5046 2597 5088 somno
2613 5043 2911 5100 oppressus
2939 5027 3103 5082 etiam
3136 5026 3417 5089 stertebat,
3442 5032 3499 5078 ut

1929 5132 2158 5202 ipsemet
2180 5126 2400 5195 scriptis
2421 5124 2537 5180 suis
2563 5118 2824 5176 ostendit.
2848 5118 2926 5190 [6]
2947 5118 3054 5174 Sed
3081 5133 3205 5172 cum
3222 5133 3285 5173 ex
3302 5131 3498 5172 somno

1928 5236 2053 5276 eum
2116 5218 2415 5275 excitasset
2462 5219 2700 5283 proreta,
2769 5210 3006 5280 primum
3050 5223 3243 5277 preces
3298 5206 3497 5260 offerre

1925 5312 2035 5367 Deo
2060 5324 2162 5365 sua
2189 5307 2386 5375 coegit,
2428 5305 2687 5374 ignorans
2725 5299 2908 5369 fugam
2952 5299 3094 5352 hanc
3139 5298 3214 5352 illi
3242 5295 3495 5350 fiduciam

1924 5402 2222 5458 ademisse.
2256 5396 2336 5469 [7]
2367 5396 2611 5465 Cumque
2638 5406 2709 5446 ne
2735 5391 2817 5446 sic
2843 5389 3063 5458 quidem
3093 5386 3325 5455 pericula
3343 5382 3496 5437 desi-

1928 5500 2140 5557 nerent,
2170 5500 2316 5545 sorte
2337 5488 2553 5543 tandem
2579 5483 2891 5557 perdiscere
2913 5476 3247 5547 tempestatis
3273 5486 3496 5527 causam

1529 5643 1763 5699 VARL’E
1803 5644 2209 5702 LECTIONES.

326 5733 371 5766 ⁸⁷
402 5730 494 5784 τά.
519 5728 637 5783 Des.
675 5726 726 5780 in
763 5726 821 5781 C.
902 5727 941 5757 ¹⁸
971 5724 1044 5779 ltl.
1081 5728 1255 5785 πόνον.
