3904 6202
523 373 657 438 1727
1487 372 1586 432 ΤΗ
1598 369 1980 432 EODORETI
2015 367 2080 427 El

2181 365 2355 427 'COPI
2390 365 2758 426 CYRENSIS
3578 363 3684 428 1795

523 496 836 556 potuerunt,
863 487 1121 553 scientes,
1167 491 1228 541 ut
1261 484 1557 540 verisimile
1586 491 1692 548 est,
1716 491 1903 551 utpote
1937 489 2080 535 natu-

2201 478 2528 548 ηνάγκασεν,
2560 472 2770 546 ἀγνοῶν
2798 476 2874 539 ὡς
2898 476 2996 546 τὴν
3030 474 3278 546 τοιαύτην
3301 474 3489 543 ἀφεῖλεν
3521 478 3678 550 ἡφυγὴ

521 579 620 632 rali
652 577 878 633 scientia
905 576 1120 641 imbuti,
1145 582 1457 644 peccatores
1481 590 1580 630 sua
1611 590 1828 628 manere
1841 571 2080 642 supplici:

2207 565 2536 636 παρρησίαν.
2574 564 2794 634 Ἐπειδὴ
2844 565 2901 617 δὲ
2957 564 3110 617 λύσιν
3159 564 3434 634 οὐδαμόθεν
3471 566 3678 636 ἐλάμϐανε

519 669 950 737 delictornmque
981 682 1081 721 nos
1107 667 1526 722 commissorum
1554 680 1746 736 poenas
1772 665 2080 734 persolvere

2202 651 2272 704 τὰ
2304 652 2473 713 δεινὰ,
2509 653 2694 724 κλήρῳ
2719 651 2908 722 μαθεῖν
2937 652 3273 724 ἠδυνήθησαν
3299 652 3381 706 τὸν
3421 654 3499 708 τοῦ
3536 655 3680 710 κλύδω-

520 757 706 824 ltaque
733 765 1021 826 postquam
1073 756 1346 826 propheta:
1373 755 1679 810 accusatrix
1715 762 1770 810 et
1800 753 1957 808 testis
1980 766 2080 806 sor:

2201 761 2288 806 vo;
2344 744 2551 810 αἴτιον,
2595 744 2827 809 εἰδότες,
2873 743 2949 806 ὡς
2995 743 3140 807 εἰκὸς
3208 743 3321 814 (τὴν
3361 745 3456 816 γὰρ
3505 747 3681 817 φυσικὴν

515 849 748 908 exstitit,
774 849 952 918 agitur
981 849 1032 902 iu
1052 848 1345 914 judicium,
1373 855 1426 902 et
1456 847 1704 916 iudicum
1726 854 1908 917 partes
1933 859 2074 914 agun

2198 833 2491 904 ἐκέκτηντο
2519 833 2766 902 γνῶσιν),
2795 835 2871 896 ὼς
2908 833 3022 886 ἔστι
3059 835 3173 896 τοῖς
3198 833 3555 904 ἁμαρτάνουσιν
3589 839 3690 888 tim»

523 945 722 1002 nautaa,
740 946 794 993 et
815 916 1075 995 anteactm
1101 939 1222 993 vitae
1249 939 1514 992 rationem
1536 936 1600 991 ad
1626 916 1763 991 Jona
1781 942 2075 1005 reposcunt

2198 928 2424 996 κειμένη
2451 925 2629 995 ποινὴ.
2667 926 2762 978 καὶ
2784 925 2940 987 δίκας
2969 925 3186 994 τίνομεν
3232 916 3302 976 ὧν
3334 924 3682 996 πλημμελοῦμεν

521 1026 698 1090 ἀξίας.
739 1028 954 1099 Ἐπειδὴ
979 1029 1036 1082 δὲ
1068 1028 1161 1082 τοῦ
1197 1030 1474 1100 προφήτου
1504 1028 1805 1097 κατήγορος
1837 1025 1931 1079 καὶ
1961 1024 2172 1094 μάρτυς
2203 1020 2231 1071 6
2269 1016 2475 1085 κλῆρος
2535 1014 2773 1083 ἐγένετο.
2829 1014 3018 1082 ἄγεται
3063 1015 3145 1076 εἷς
3204 1013 3260 1065 τδ
3307 1016 3571 1084 κριτήριον,
3617 1016 3680 1066 καὶ

519 1122 719 1191 δρῶσιν
743 1125 792 1175 οί
817 1123 1009 1176 ναύται
1035 1124 1102 1177 τά
1127 1124 1414 1186 δικαστῶν,
1448 1122 1543 1175 καὶ
1573 1119 1898 1175 ἀπαιτοῦσιν
1944 1118 2174 1178 εὐθύνας
2201 1111 2310 1165 τῶν
2346 1109 2690 1179 βεϐιωμένων
2719 1110 2812 1162 τὸν
2845 1109 3054 1162 Ἰωνᾶν-

592 1214 756 1270 Vsus.
789 1218 841 1272 8.
875 1217 1181 1272 «Annuutia
1225 1218 1369 1273 enim
1414 1218 1594 1280 nobis,
1641 1215 1915 1286 inquiunt,
1963 1215 2080 1284 quit

2262 1205 2332 1276 η’.
2377 1224 2395 1256 ι
2441 1204 2801 1271 Ἀπάγγειλον
2841 1203 2968 1273 γὰρ,
3005 1203 3171 1270 φασὶν
3196 1203 3260 1264 ¹⁹,
3306 1203 3443 1273 ἡμῖν,
3471 1204 3539 1264 τίς
3569 1204 3679 1254 om”

516 1316 600 1362 est
635 1323 774 1376 opus
807 1315 978 1372 llltllll,
1013 1316 1068 1363 et
1111 1308 1254 1362 unde
1284 1324 1458 1369 venis.
1490 1318 1544 1362 et
1578 1322 1687 1378 quo
1723 1308 1896 1373 vadis,
1938 1315 1992 1361 et
2030 1322 2080 1361 ex

2191 1301 2222 1368 ὴ
2259 1296 2494 1367 ἐργασία
2545 1295 2682 1354 ἐστὶ,
2717 1294 2815 1346 καὶ
2842 1293 3007 1346 πόθεν
3057 1293 3213 1363 ἔρχῃ,
3257 1293 3346 1346 καὶ
3382 1293 3473 1345 ποῦ
3511 1294 3679 1364 πορεύῃ,

517 1413 623 1466 qua
658 1399 898 1469 regione,
928 1407 982 1453 et
1011 1414 1073 1453 ex
1103 1414 1212 1468 quo
1264 1398 1466 1468 populo
1496 1407 1550 1453 tu
1584 1401 1684 1454 es?
1717 1417 1734 1450 ι
1776 1399 2080 1452 Accuratis-

2191 1388 2288 1442 καὶ
2325 1387 2390 1439 ὲκ
2418 1384 2576 1447 ποίας
2598 1383 2800 1454 χώρας.
2824 1383 2917 1436 καὶ
2944 1385 3008 1434 ἐκ
3038 1383 3193 1434 ποίου
3215 1380 3341 1435 λαοῦ
3366 1379 3412 1434 εἴ
3427 1382 3502 1434 σύ.
3533 1403 3546 1433 ι
3571 1385 3681 1436 Οὖτιν

518 1488 656 1543 sime
675 1493 740 1542 ad
764 1489 910 1544 hunc
942 1491 1161 1544 modum
1193 1489 1564 1559 inquirebant,
1592 1489 1939 1559 tempestatis
1961 1503 2080 1541 can-

2193 1479 2335 1548 μετά
2363 1476 2646 1548 ἀκριϐείας
2665 1475 2885 1544 ἀπάσης
2909 1472 3188 1544 ἐξήταζον,
3215 1472 3522 1543 πανταχόθεν
3545 1474 3682 1543 μαθεῖν

517 1595 634 1635 sam
677 1580 828 1633 omni
873 1597 935 1634 cx
975 1588 1131 1650 parte
1175 1594 1509 1650 cognoscere
1554 1580 1862 1648 cupientes.
1915 1577 2080 1642 Quart

2190 1569 2469 1630 ἐθέλοντες
2503 1567 2604 1638 τὴν
2655 1565 2750 1619 τοῦ
2802 1565 3073 1635 χειμῶνος
3120 1565 3334 1618 αἰτίαν·
3382 1559 3438 1618 οὗ
3480 1566 3608 1634 χάριν
3640 1566 3680 1616 οὔ

518 1687 624 1723 non
665 1671 826 1724 modo
861 1673 1132 1726 undenant
1176 1672 1378 1736 veniat,
1431 1679 1486 1724 ct
1513 1686 1622 1740 quo
1669 1669 1875 1734 tendat,
1941 1669 2080 1722 eil‘arl

2197 1659 2358 1730 μόνον
2407 1658 2572 1711 πόθεν
2611 1674 2670 1709 τε
2713 1656 2917 1725 ἀπῆρε,
2962 1655 3057 1708 καὶ
3090 1653 3194 1707 ποῦ
3230 1655 3418 1725 βαδίζει
3446 1654 3682 1708 κελεύουσιν

511 1764 729 1833 jubent,
761 1763 854 1816 sed
885 1775 938 1816 et
966 1778 1073 1832 qua
1100 1778 1162 1817 ex
1188 1773 1344 1833 gente
1366 1779 1536 1832 genus
1563 1764 1745 1825 ducat,
1772 1770 1830 1814 ut
1852 1778 1915 1816 ex
1943 1775 2118 1815 com-..

517 1856 771 1908 munibus
802 1856 978 1924 gentis
1028 1855 1297 1910 institutis
1336 1855 1574 1910 hominis
1622 1853 1788 1906 vitam
1824 1852 2086 1908 ediscant.

513 1944 593 1999 Ad
628 1959 748 2014 qua:
775 1943 943 1999 Jonas
969 1943 1246 2014 respondit
1280 1962 1292 1997 :

584 2121 747 2178 Vens.
781 2122 835 2176 9.
876 2141 893 2170 ι
925 2120 1128 2177 Servus
1153 2123 1365 2176 Domini
1399 2136 1500 2190 ego
1527 2136 1672 2182 sum.
1710 2128 1764 2175 et
1803 2119 2088 2174 Dominum

513 2213 680 2266 Deum
712 2213 834 2267 eteli
869 2228 970 2283 ego
1015 2213 1159 2276 colo,
1199 2212 1290 2281 qui
1326 2212 1453 2265 fecit
1507 2227 1658 2266 mare
1695 2222 1748 2266 et
1795 2210 2031 2264 aridum.
2064 2228 2082 2260 ι

513 2302 884 2358 Admirandus
911 2306 1068 2373 plane
1099 2303 1381 2373 propheta,
1421 2309 1474 2356 et
1515 2303 1714 2372 dignus
1752 2303 1845 2372 qtti
1902 2302 2086 2357 omni-

515 2399 617 2450 bus
677 2394 930 2450 laudibus
974 2402 1219 2449 ornetur.
1273 2393 1483 2448 Etenim
1531 2395 1722 2449 mortis
1762 2403 2086 2462 exspectans

510 2485 859 2547 sententiam,
907 2500 1086 2554 przeco
1123 2484 1178 2536 lit
1222 2483 1512 2553 potestatis
1548 2481 1636 2534 Dei
1680 2483 2084 2547 universorum,

511 2590 692 2628 rerum
727 2575 968 2628 omnium
1006 2575 1342 2628 conditorem
1376 2573 1526 2626 illum
1578 2581 1631 2627 et
1668 2572 1954 2627 Dominum
1986 2588 2084 2642 ap-

511 2664 746 2732 pellans,
777 2661 1047 2728 Quoniam
1089 2662 1235 2717 enim
1272 2661 1417 2716 idola
1449 2676 1516 2716 eo
1542 2670 1783 2731 tempore
1830 2662 2086 2715 colebant

507 2754 898 2824 quamplurimi
969 2753 1183 2826 1466
1214 2755 1554 2818 mortalium,
1590 2754 2084 2822 universorumque

511 2845 795 2900 l’actorem
848 2848 1170 2900 nesciebant
1222 2863 1234 2897 :
1261 2846 1384 2916 jure
1417 2846 1608 2901 beatus
1643 2845 1903 2916 propheta
1936 2845 2082 2900 hunc

509 2936 891 3004 ignorantibus
924 2937 1130 2991 revelat
1155 2952 1488 3007 causamque
1522 2936 1660 3005 fuga:
1704 2951 1817 2989 suae
1852 2937 2079 2990 conﬁte-

2195 1753 2390 1814 εἰπεῖν,
2425 1749 2560 1802 ἀλλὰ
2596 1747 2692 1800 καὶ
2724 1750 2787 1800 ὲκ
2820 1747 2977 1800 ποίου
3008 1747 3198 1810 ἔθνους
3237 1748 3448 1814 κατάγει
3479 1747 3531 1799 τὸ
3553 1748 3682 1814 γένος,

2196 1843 2280 1896 ἵνα
2329 1842 2424 1895 καὶ
2475 1840 2539 1891 ἐκ
2586 1837 2696 1890 τῶν
2728 1836 2921 1890 κοινῶν
2951 1836 3045 1890 τοῦ
3092 1836 3281 1900 ἔθνους
3321 1837 3682 1906 ἐπιτηδευμάτων

2195 1934 2409 2004 μάθωσι
2456 1929 2549 1985 τοῦ
2583 1927 2870 1999 ἀνθρώπου
2905 1928 2995 1981 τὸν
3035 1929 3172 1997 βίον.
3209 1928 3348 1998 Πρὸς
3381 1927 3533 1980 ταῦτα
3558 1927 3686 1979 τοίνυν

2191 2023 2621 2094 ἀποκρινόμενος
2654 2021 2682 2072 6
2713 2019 2984 2091 μακάριος
3029 2021 3219 2083 Ἰωνᾶς
3249 2019 3423 2086 ἐλεγε-

2261 2111 2326 2166 θ’.
2370 2133 2388 2165 ι
2429 2111 2624 2174 Δοῦλος
2655 2110 2860 2182 Κυρίου
2891 2109 3001 2178 ἐγὼ
3031 2111 3167 2180 είμι,
3216 2111 3310 2162 καὶ
3349 2108 3580 2179 Κύριον¹¹
3623 2108 3688 2159 τὸν

2189 2204 2322 2256 Θεὸν
2362 2203 2456 2256 τοῦ
2501 2200 2734 2271 ούρανοῦ
2765 2200 2875 2268 ἐγὼ
2905 2200 3154 2269 σέϐομαι,
3197 2199 3256 2262 ὃς
3284 2199 3488 2269 ἐποίησε
3515 2199 3593 2266 τὴν
3621 2198 3685 2248 ϐἀ·

2189 2293 2395 2346 λασσαν
2424 2293 2519 2345 καὶ
2545 2291 2642 2363 τὴν
2677 2290 2866 2361 ξηράν.
2905 2309 2922 2340 ι
2951 2290 3270 2359 Θαυμάσιος
3296 2289 3497 2359 ἀληθῶς
3535 2291 3559 2340 ὁ
3593 2303 3686 2356 προ-

2189 2389 2384 2458 φήτης,
2417 2388 2512 2440 καὶ
2539 2389 2717 2458 πάσης
2751 2387 2900 2453 ἄξιος
2932 2385 3230 2456 εὐφημίας.
3262 2387 3370 2440 Καὶ
3393 2385 3490 2456 γὰρ
3513 2385 3686 2437 θανάτου

2187 2477 2617 2546 προσδεχόμενος
2659 2475 2857 2546 ψῆφον,
2894 2473 3072 2546 κήρυξ
3100 2475 3311 2542 γίνεται
3348 2474 3440 2543 τῆς
3479 2472 3557 2526 τοῦ
3590 2471 3686 2524 Θεοῦ

2186 2569 2294 2620 τῶν
2337 2567 2474 2620 ὅλων
2506 2567 2824 2637 δυνάμεως,
2874 2565 3103 2636 ποιητὴν
3136 2566 3302 2619 αὐτὸν
3349 2566 3449 2618 τῶν
3494 2564 3688 2618 ἁπάντων

2186 2663 2281 2716 καὶ
2310 2660 2588 2730 Δεσπότην
2623 2658 2937 2712 ἀποκαλῶν.
2984 2658 3204 2730 Ἐπειδὴ
3239 2657 3346 2728 γὰρ
3373 2655 3577 2718 εἰδώλοις
3601 2655 3685 2709 ἐὶὰ-

2184 2771 2377 2824 τρευον
2403 2753 2461 2806 τὸ
2493 2750 2798 2822 τηνικαῦτα
2833 2750 2940 2803 τῶν
2963 2751 3269 2822 ἀνθρώπων
3305 2751 3352 2802 oi
3384 2745 3690 2805 79.5mm.th

2183 2847 2240 2899 δὲ
2271 2846 2377 2898 τῶν
2409 2845 2665 2898 ἁπάντων
2691 2845 2921 2914 ἠγνόουν
2967 2843 3336 2913 Δημιουργόψ
3381 2839 3641 2908 ἀναγκαίως
3668 2840 3688 2889 ὁ

2188 2936 2454 3006 μακάριος
2483 2936 2770 3004 προφήτης
2799 2934 2988 2987 τοῦτον
3025 2935 3140 2996 τοῖς
3167 2932 3446 3001 ἀγνοοῦσιν
3473 2928 3685 2984 ἀποκαλύ-

507 3029 790 3100 turzquia
816 3028 985 3093 hunc,
1027 3044 1189 3097 quem
1232 3045 1339 3082 non
1394 3037 1553 3082 terrae
1587 3029 1764 3082 solum
1797 3036 1850 3081 et
1893 3027 2080 3088 utaris,

2188 3044 2309 3079 πτει
2331 3043 2344 3056 ·
2381 3025 2635 3096 ὁμολογεῖ
2662 3024 2719 3077 δὲ
2747 3025 2843 3077 καῖ¹
2878 3024 2974 3095 τὴν
3013 3025 3287 3094 πρόφασιν
3318 3026 3412 3092 τῆς
3442 3021 3608 3090 φυγῆς.
3630 3019 3687 3071 ὃτι

507 3121 600 3175 sed
644 3131 694 3177 et
740 3122 866 3176 (εωΙὶ
915 3121 1258 3175 conditorem
1304 3129 1359 3175 et
1404 3119 1690 3173 Dominum
1741 3135 1865 3176 esse
1914 3119 2060 3184 novi,

505 3212 743 3266 amentia
774 3224 966 3282 captus
1007 3212 1192 3283 putavi
1225 3211 1462 3282 ell'ugcre
1485 3226 1569 3266 me
1601 3226 1780 3281 posse.

578 3382 739 3437 Vens.
769 3383 851 3438 l0.
880 3402 898 3435 ι
933 3383 996 3437 Ει
1025 3382 1283 3438 dixerunt
1335 3382 1402 3437 ad
1451 3397 1599 3446 eum,
1642 3382 1756 3438 Cur
1796 3383 1900 3438 hoc
1948 3384 2081 3438 feci-

504 3476 621 3530 sti?
649 3495 666 3528 ι
703 3474 848 3540 llaec,
884 3476 1162 3546 inquiunt,
1193 3491 1298 3529 non
1327 3477 1605 3545 ignorans,
1634 3482 1687 3529 et
1712 3476 1798 3530 cui
1827 3477 1962 3532 alios
1979 3477 2081 3531 do-

501 3567 660 3620 cendi
697 3583 895 3622 munus
920 3575 1038 3621 erat
1074 3566 1410 3636 impositum,
1441 3565 1714 3636 quomodo
1760 3575 1990 3622 conatus
2021 3583 2082 3624 es

507 3657 672 3712 Deum
733 3659 935 3726 ubique
994 3669 1315 3728 prmsentem
1345 3658 1626 3728 effugere?
1649 3657 1885 3712 Tantum
1917 3659 2080 3713 aliert

504 3748 727 3817 pudoris
759 3763 865 3801 non
897 3748 1120 3802 obedire
1154 3747 1282 3810 Deo,
1319 3758 1381 3801 ut
1410 3748 1696 3818 propheta,
1723 3749 1814 3817 qtti
1845 3749 2076 3801 aliorum

499 3843 623 3890 erat
659 3846 976 3905 prmeeptor,
1003 3839 1071 3891 ab
1096 3838 1483 3906 insipientibus
1515 3839 1961 3907 reprehensionis
1982 3853 2081 3892 no-

501 3935 610 3978 tam
629 3924 877 3978 referret.
892 3924 1275 3980 Verumtamen
1295 3942 1394 3980 nec
1417 3929 1534 3995 ejus
1550 3928 1709 3980 verba
1728 3943 1850 3980 cum
1868 3928 2078 3981 audiis-

500 4024 639 4081 scut,
663 4031 898 4085 eumque
919 4015 1322 4086 redarguisscnt
1351 4025 1405 4070 et
1443 4018 1852 4087 objurgassont,
1890 4019 2079 4075 mortis

501 4107 553 4160 in
575 4122 704 4163 cum
718 4107 1046 4162 sententiam
1073 4106 1314 4178 proferre
1351 4109 1572 4173 audent,
1599 4113 1616 4129 '
1637 4109 1730 4162 sed
1763 4117 2079 4179 exspectant

500 4206 557 4252 ut
595 4198 731 4269 ipse,
757 4198 897 4252 velut
920 4200 1205 4270 prapheta,
1231 4199 1361 4270 quid
1391 4201 1535 4254 factu
1562 4213 1699 4268 opus
1724 4199 1794 4254 sit
1816 4210 2073 4268 exponat.

580 4373 750 4430 Vens.
789 4375 872 4428 ll.
914 4393 932 4426 ι
960 4373 1025 4428 Ει
1054 4374 1313 4428 dixerunt
1333 4373 1400 4428 ad
1430 4388 1575 4440 eum,
1609 4372 1750 4440 Quid
1782 4376 1880 4430 tibi
1907 4376 2074 4431 facie-
2106 4370 2150 4424 Β

2186 3115 2387 3168 Τοῦτον
2433 3115 2492 3168 ὃν
2532 3110 2670 3177 οἶδα,
2718 3114 2781 3165 ού
2829 3113 2988 3183 μόνον
3031 3113 3135 3182 γῆς
3170 3114 3267 3166 καὶ
3297 3113 3562 3181 θαλάττης,
3591 3107 3687 3162 ἀλλὰ

2183 3209 2278 3260 καὶ
2302 3207 2410 3260 τῶν
2437 3205 2682 3276 οὐρανῶν
2707 3205 2987 3272 Δεσπότην
3021 3206 3116 3258 καὶ⁹
3145 3204 3396 3276 ποιητὴν,
3429 3203 3566 3272 ἀνοίᾳ

2186 3314 2344 3366 μενος
2375 3297 2689 3364 διαφεύγειν
2723 3295 3017 3348 ὑπέλαϐον.

2255 3393 2309 3442 ι’.
2347 3406 2364 3438 ι
2403 3387 2513 3439 Καὶ
2536 3383 2688 3439 εἷπον
2715 3385 2853 3454 πρὸς
2879 3384 3066 3437 αὐτόν·
3097 3383 3161 3436 Τί
3183 3382 3343 3436 τοῦτο
3368 3380 3685 3450 πεποίηκας’

2182 3460 2392 3541 Ταῦτα,
2442 3478 2627 3547 φασιν,
2660 3479 3049 3546 ἐπιστάμενος,
3087 3476 3187 3528 καὶ
3225 3477 3352 3539 τοὺς
3379 3474 3550 3535 ἄλλους
3582 3468 3687 3522 διδά-

2186 3587 2335 3623 σκειν
2364 3568 2819 3638 πεπιστευμένος,
2854 3566 2972 3630 πῶς
2997 3567 3231 3636 ἠνέσχου
3263 3568 3447 3635 φυγεῖν
3483 3563 3560 3616 τὸν
3590 3576 3686 3613 παν-

2182 3661 2347 3733 ταχοῦ
2372 3660 2615 3731 παρόντα
2633 3659 2800 3723 Θεόν;
2839 3657 3122 3728 Τοσαύτην
3163 3659 3321 3728 φέρει
3360 3657 3452 3726 τὴν
3491 3651 3688 3721 αἰσχύνην

2179 3753 2243 3805 τὸ
2277 3752 2350 3822 μὴ
2391 3753 2559 3804 εἴκειν
2591 3748 2708 3818 Θεῷ
2729 3763 2742 3776 ·
2776 3749 2872 3802 καὶ
2903 3749 3014 3818 γὰρ
3052 3749 3080 3801 6
3123 3749 3430 3817 προφήτης,
3462 3745 3488 3795 6
3514 3744 3600 3796 τῶν
3623 3739 3687 3792 ἄλ·

2180 3843 2288 3895 λων
2339 3841 2660 3904 διδάσκαλος
2680 3881 2695 3906 ,
2743 3840 2848 3893 ὑπὸ
2877 3840 2984 3894 τῶν
3014 3839 3212 3910 ἀγνοίᾳ
3244 3837 3595 3909 κατεχομένων
3619 3831 3689 3897 τῆς

2183 3933 2444 4003 μέμψεως
2485 3935 2584 4002 τὴν
2636 3933 2816 4003 ψῆφον
2857 3932 3091 4002 ἐδέχετο.
3133 3933 3278 3985 Ἀλλ’
3321 3933 3464 4002 ὅμως
3509 3927 3588 3980 και
3611 3922 3687 3975 τῶν

2180 4026 2308 4096 παρ’
2339 4026 2500 4079 αὐτοῦ
2533 4026 2705 4094 λόγων
2739 4025 3092 4087 ἀκούσαντες,
3126 4025 3223 4078 καὶ
3264 4025 3383 4077 λίαν
3419 4019 3550 4089 αύτῷ
3586 4033 3687 4087 μεμυ

2178 4115 2429 4186 φάμενοι,
2456 4119 2550 4171 καὶ
2573 4121 2615 4150 ’⁸
2640 4135 2694 4171 νε
2703 4119 3060 4188 μεσήσαντες,
3089 4117 3188 4168 ούκ
3227 4117 3499 4186 ἀνέχονται
3525 4103 3685 4181 τὴντοῦ

2179 4204 2407 4258 θανάτου
2434 4207 2614 4275 ψῆφον
2642 4207 2976 4274 ἐξενεγκεῖν·
3016 4204 3136 4258 ἀλλ’
3167 4207 3333 4260 αὐτὸν
3361 4205 3433 4267 ὡς
3465 4201 3688 4273 πραξήτην

2179 4295 2506 4365 ἀναμένουσι
2537 4296 2600 4348 τὸ
2630 4296 2904 4365 πρακτέον
2927 4294 3188 4364 δηλῶσαι.

2251 4392 2340 4439 ια’.
2385 4405 2404 4437 ι
2440 4386 2505 4438 Τί
2537 4403 2619 4439 σοι
2650 4387 2778 4458 γὰρ,
2819 4385 2974 4455 φασὶ,
3008 4387 3336 4456 ποιήσομεν,
3385 4383 3472 4436 καὶ
3510 4375 3686 4432 κοπάσει

497 4483 640 4530 mus,
686 4475 739 4521 et
771 4468 1015 4537 quiescet
1071 4482 1221 4522 mare
1275 4483 1303 4520 a
1359 4467 1568 4522 nobis?
1620 4487 1638 4520 ι
1694 4467 2076 4524 Vehementior

2181 4477 2204 4545 ἡ
2239 4476 2484 4530 θάλασσα
2519 4478 2612 4546 ἀφ’
2638 4477 2831 4547 ὴμῶν;
2875 4496 2892 4528 ι
2945 4476 3312 4546 Σφοδρότερος
3342 4473 3446 4543 γὰρ
3475 4474 3501 4523 6
3533 4465 3688 4521 κλύδων

494 4558 636 4610 cnim
668 4564 962 4626 tempestas
991 4567 1113 4629 post
1139 4566 1339 4614 sortem
1364 4559 1483 4614 fuit.
1514 4558 1652 4614 Tum
1692 4560 1911 4616 demum
1941 4562 2072 4615 bea-

496 4657 585 4702 tus
614 4649 900 4718 propheta,
961 4658 1303 4720 perspectam
1349 4650 1557 4706 habens
1612 4653 1749 4705 iram
1807 4651 2071 4715 divinant,

494 4739 686 4794 mortis
721 4741 948 4809 ipsemet
977 4755 1035 4795 se
1064 4740 1420 4796 condemnat.

563 4826 729 4884 Vens.
764 4829 852 4884 12.
888 4850 906 4881 ‹
933 4831 996 4883 Ει
1027 4829 1165 4883 dixit
1191 4827 1358 4886 Jonas
1396 4832 1462 4885 ad
1489 4847 1604 4893 eos,
1649 4831 1844 4888 Tollite
1868 4847 1974 4895 me.
2020 4848 2074 4889 et

491 4917 756 4973 demittite
800 4935 884 4974 me
913 4925 967 4974 in
1001 4937 1169 4984 mare,
1220 4931 1274 4976 et
1323 4923 1568 4992 quiescet
1601 4939 1748 4978 mare
1795 4939 1823 4977 a
1860 4925 2014 4980 vobis
2053 4942 2067 4978 :

2172 4569 2267 4621 καὶ
2299 4567 2436 4638 μετά
2465 4569 2554 4620 τὸν
2589 4569 2789 4637 κλῆρον
2816 4568 3055 4636 ἐγένετο.
3109 4567 3244 4619 Τότε
3279 4566 3462 4619 λοιπὸν
3488 4567 3513 4616 ὁ
3553 4554 3688 4628 μακά-

2174 4676 2289 4729 ριος
2348 4661 2635 4728 προφήτης
2689 4660 2790 4728 τὴν
2842 4659 2992 4712 θείαν
3041 4659 3214 4730 ὀργὴν
3265 4656 3529 4725 ἐγνωκὼς,
3567 4647 3684 4706 αὐτὸς

2173 4748 2364 4801 ἑαυτοῦ
2398 4749 2834 4817 καταψηφίζεται
2872 4749 3129 4802 θάνατον.

2241 4842 2326 4912 ιβ’.
2354 4861 2372 4891 ‹
2403 4842 2603 4912 Ἀρατε
2621 4842 2727 4913 γάρ
2749 4857 2836 4911 με,
2860 4844 3012 4911 φησι,
3041 4842 3134 4894 καὶ
3152 4840 3331 4911 ἐμόἀλ
3353 4837 3425 4909 [λ]
3443 4852 3520 4888 ετε
3537 4833 3602 4892 εἰς
3616 4828 3685 4894 τὴν

2169 4931 2469 4996 θάλασσαν,
2512 4931 2606 4983 καὶ
2645 4932 2877 4984 κοπάσει
2912 4933 2944 5002 ὴ
2989 4931 3234 4984 θάλασσα
3281 4931 3374 4997 ἀφ’
3409 4925 3566 4996 ὑμῶν,
3589 4919 3685 4973 διότι

492 5019 593 5074 ego
637 5006 781 5059 enim
814 5009 961 5076 novi,
993 5010 1138 5079 quod
1169 5019 1393 5079 propter
1425 5027 1509 5066 me
1543 5012 1743 5069 ﬂuctus
1792 5015 1898 5070 iste
1955 5030 2072 5068 ma-

2181 5021 2380 5087 ἔγνωκα
2413 5019 2540 5086 ἐγὼ,
2573 5021 2653 5072 ὅτι
2682 5019 2749 5073 δι’
2787 5021 2887 5088 ἐμὲ
2930 5021 2957 5072 6
3005 5019 3211 5073 κλύδων
3239 5021 3268 5071 6
3305 5021 3470 5086 μέγας
3491 5015 3532 5046 ’³
3568 5004 3686 5065 οὗτός

492 5111 631 5164 gnus
679 5111 842 5166 super
872 5115 966 5153 vos
996 5101 1220 5154 venerit.
1251 5118 1268 5152 ι
1315 5099 1431 5174 [ιὸ]
1465 5101 1574 5156 Sed
1608 5119 1709 5158 nec
1745 5107 1934 5159 statim
1979 5107 2064 5160 his

489 5187 675 5243 verbis
723 5189 924 5243 auditis
963 5181 1141 5245 naut-te
1182 5192 1450 5262 imperata
1487 5193 1742 5248 fecerunt
1771 5213 1784 5248 τ
1811 5197 1904 5250 sed
1934 5197 2066 5249 sub-

490 5279 769 5344 stiterunt,
810 5282 1076 5335 malorum
1131 5284 1493 5340 cessationem
1545 5285 1782 5354 aliquam
1822 5284 2060 5340 futuram

491 5383 889 5444 exspectantes,
921 5388 984 5428 ac
1013 5373 1176 5428 remis
1207 5375 1471 5442 pellentes
1498 5393 1708 5442 navem,
1743 5376 1808 5430 ad
1860 5383 2059 5431 terram

2165 5111 2313 5163 ἐστιν
2364 5110 2446 5178 ἐφ’
2493 5110 2738 5180 651.63‘1”.
2781 5129 2799 5159 ι
2848 5111 3008 5163 Ἀ).λὰ
3053 5111 3382 5162 καὶτούτων
3413 5104 3685 5161 ἀκούσαντες

2169 5203 2218 5252 οἱ
2255 5200 2446 5254 ναῦται
2477 5201 2584 5253 τῶν
2617 5201 2807 5268 λόγων,
2841 5201 2942 5253 οὐκ
2975 5200 3136 5262 εὐθὺς
3167 5201 3227 5252 τὸ
3262 5195 3538 5251 κελευσθὲν
3563 5192 3681 5259 ἕδρα·

2172 5305 2298 5355 σαν,
2351 5290 2486 5344 ἀλλὰ
2538 5290 2850 5357 ἀνέμειναν,
2909 5289 3123 5341 παῦλάν
3172 5305 3293 5340 τινα
3337 5279 3684 5356 προσδοκῶντες

2170 5379 2388 5433 ἔσεσθαι
2440 5379 2545 5432 τῶν
2600 5380 2823 5442 κακῶν,
2879 5379 2974 5431 καὶ
3019 5381 3140 5443 ταῖς
3195 5377 3410 5439 κώπαις
3461 5372 3682 5444 χρώμενοι

1759 5550 1992 5606 VARI/[*3
2026 5550 2428 5607 ιΕΟΤιΟΝΕς.

569 5671 610 5701 19

500 5739 613 5794 καί,
645 5735 928 5794 Desint}.
1034 5737 1078 5768 ’³
1107 5737 1134 5788 6
1175 5736 1297 5806 μέγ.
1345 5735 1420 5790 Ex
1457 5738 1501 5789 A
1534 5736 1710 5805 suppl.

707 5669 901 5740 φησίν.
967 5666 1011 5698 ²⁰
1043 5666 1145 5740 τίς,
1176 5683 1290 5740 σου,
1316 5683 1449 5740 κε-τ.
1555 5666 1596 5716 Δ
1625 5681 1810 5740 praeut.
1835 5667 1988 5740 sivo;
2018 5667 2080 5740 ἓν.

2198 5671 2227 5740 ἡ
2263 5668 2428 5722 κακία
2460 5665 2596 5736 αὖτε]
2629 5667 2792 5736 mai-2;
2873 5664 2913 5695 ¹¹
2940 5663 3081 5735 Κύρ.
3112 5661 3234 5718 Des.
3272 5663 3420 5718 in.-\.‘
3472 5662 3510 5693 “

1809 5737 1851 5767 "‘
1887 5739 1926 5789 C
1949 5737 2108 5807 ὑμᾶς.
