3904 6202
219 345 356 413 περ

1497 347 1578 410 1N
1617 348 1825 411 10ΝέΙί
1877 348 2015 412 CAP
2090 350 2170 412 Ιῐ.

3324 344 3464 410 1730

218 454 561 526 καταχθῆναι
591 455 729 526 πρὸς
765 455 863 527 τὴν
903 456 1006 524 γῆν
1059 456 1445 528 ἐπειράθησαν.
1483 456 1570 518 Ὡς
1602 455 1658 507 δὲ
1689 457 1784 509 καὶ

1897 458 2160 526 appellere
2187 458 2367 511 conati
2401 462 2547 512 Slllll.
2602 451 2669 508 L‘t
2700 468 2831 510 vero
2853 452 2953 508 hoc
2992 451 3154 507 etiam
3187 450 3300 507 ﬁeri
3333 470 3461 524 pro-

215 543 376 597 τοῦτο
404 545 578 597 ποιεῖν
605 541 860 597 διεκώλυε
890 546 990 614 τῆς
1018 545 1289 614 θαλάττης
1320 546 1354 615 ἡ
1383 543 1495 614 βία,
1528 544 1661 614 εὐχῇ
1693 544 1786 597 τὸν

216 633 350 687 Θεὸν
378 632 694 704 ἱλασάμενοι
724 634 1008 704 πρότερον,
1054 633 1200 689 οὕτω
1243 633 1338 687 τὸν
1372 634 1557 688 ἰωνᾶν
1586 636 1654 704 τῇ
1685 633 1784 688 θα-

216 725 386 795 λάττῃ
410 723 737 795 παρέδοσαν.

289 816 372 870 ιδ’.
407 835 426 866 ι
466 814 748 886 Μηδαμῶς
775 813 906 885 γὰρ,
934 815 1088 884 φασὶ,
1113 815 1310 886 Κύριε,
1351 814 1428 886 μὴ
1454 812 1790 884 ἀπολώμεθα

216 907 403 961 ἕνεκεν
420 907 520 975 τῆς
546 905 727 976 ψυχῆς
761 904 857 958 τοῦ
885 903 1175 976 ἀνθρώπου
1200 903 1416 969 τούτου,
1452 903 1546 957 καὶ
1580 902 1656 974 μή
1681 900 1790 972 δῷς

215 1001 298 1070 ἐφ’
324 1000 473 1068 ἡμᾶς
503 991 643 1068 αἷμα
684 996 924 1049 δίκαιον·
955 994 1091 1048 διότι
1133 994 1221 1060 σὺ,
1258 992 1456 1064 Κύριε,
1498 991 1558 1045 ὃν
1590 991 1789 1062 τρόπον

216 1089 469 1160 ἠϐούλου,
499 1087 825 1157 πεποίηκας.
871 1105 889 1136 ι
929 1086 1039 1139 Καὶ
1067 1084 1253 1154 σαφῶς
1281 1082 1661 1154 μεμαθηκότες
1683 1081 1790 1136 ὑπὸ

214 1180 311 1233 τοῦ
342 1179 479 1232 Θεοῦ
507 1178 607 1249 τὴν
659 1178 779 1231 κατ’
822 1175 989 1229 αὑτοῦ
1045 1175 1228 1246 ψῆφον
1271 1172 1640 1243 ἐξενηνέχθαι,
1677 1174 1788 1225 ἱκε-

214 1272 433 1324 τεύουσι
453 1267 529 1340 μὴ
541 1267 891 1330 δοῦναιδίκας
918 1266 1317 1336 ὑπουργοῦντες
1345 1267 1411 1336 τῇ
1428 1264 1614 1335 ψήφῳ·
1651 1284 1669 1315 ι
1697 1263 1788 1334 Μὴ

214 1362 321 1432 δῷς
341 1363 473 1433 γάρ,
509 1361 694 1431 φασὶν,
721 1361 805 1429 ἐφ’
833 1361 978 1430 ἡμᾶς
1003 1353 1148 1430 αἷμα
1175 1358 1403 1412 δίκαιον·
1436 1375 1455 1407 ι
1490 1356 1787 1421 τουτέστιν,

225 1452 402 1523 ’Υπὲρ
420 1450 597 1504 ἀθώου
626 1450 858 1520 αἵματος
885 1449 960 1520 μὴ
985 1452 1244 1519 τίσωμεν,
1267 1441 1312 1501 ὦ
1331 1448 1594 1506 Δέσποτα,
1612 1445 1787 1508 δίκας.

214 1544 375 1598 Οὕτω
396 1543 456 1597 δὲ
493 1543 587 1596 καὶ
616 1541 710 1595 τοῦ
741 1544 1020 1613 προφήτου
1060 1546 1126 1614 τῇ
1174 1541 1415 1612 θαλάττῃ
1458 1537 1792 1609 παραδοθέν-

214 1651 329 1701 τος,
364 1635 660 1706 ὲστορέσθη
696 1633 796 1705 μὲν
827 1634 936 1687 τῶν
978 1636 1239 1705 κυμάτων
1285 1634 1319 1703 ἡ
1371 1632 1534 1702 ζάλη,
1585 1631 1701 1694 δέος
1733 1631 1790 1685 δὲ

215 1726 380 1780 πλέον
424 1725 759 1792 εἰσεδέξαντο
801 1728 920 1788 ταῖς
950 1725 1148 1796 ψυχαῖς
1190 1726 1239 1777 οἱ
1281 1725 1475 1778 τούτου
1510 1725 1788 1794 γενόμενοι

216 1816 432 1880 θεαταὶ,
462 1816 537 1880 ὡς
585 1817 678 1869 καὶ
709 1815 901 1880 θυσίας
954 1818 1343 1888 προσενεγκεῖν
1391 1817 1531 1888 μετὰ
1565 1816 1663 1888 τὴν
1700 1817 1789 1869 ἐπ·

215 1906 403 1960 άνοδον
429 1905 506 1976 τῷ
523 1905 660 1976 Θεῷ,
677 1906 772 1958 καὶ
799 1904 1088 1959 πιστεῦσαι
1109 1905 1298 1960 τοῦτον
1329 1901 1470 1961 εἶναι
1497 1906 1655 1977 μόνον
1680 1905 1789 1960 τῶν

214 1998 474 2052 ἁπάντων
504 1996 803 2068 Δεσπότην.

811 2108 1063 2163 ΚΕΦΑΛ.
1115 2108 1191 2163 B’.

286 2220 392 2275 Τὸν
419 2221 477 2275 δὲ
524 2221 709 2275 Ἰωνᾶν
748 2219 874 2289 θείῳ
920 2220 1149 2291 νεύματι
1213 2219 1391 2291 (τοῦτο
1430 2220 1540 2293 γὰρ
1579 2218 1700 2276 εἷπε
1718 2223 1787 2290 ⁸⁸,

214 2311 598 2380 Προσέταξεν
631 2315 664 2366 ὀ
694 2312 860 2385 Θεὸς)
878 2315 1040 2384 κῆτος
1069 2313 1363 2380 ὑπεδέξατο
1381 2318 1425 2347 ³⁸⁸
1446 2317 1701 2387 μέγιστον
1718 2319 1786 2384 ’⁷,

211 2401 472 2472 οὐδεμίαν
494 2403 538 2434 ’⁸
567 2402 713 2472 αὐτῷ
741 2402 923 2473 λώϐην
963 2403 1050 2456 διὰ
1082 2404 1190 2456 τῶν
1217 2404 1447 2458 ὀδόντων
1492 2423 1789 2477 προσενεγ-

216 2491 330 2545 κὼν
352 2493 399 2525 ¹⁹
419 2509 432 2523 ·
468 2494 501 2563 ή
538 2492 594 2545 δὲ
621 2492 796 2546 κοιλία
826 2493 919 2545 τοῦ
963 2494 1162 2565 κήτους
1211 2495 1424 2566 οἴκησις
1454 2496 1669 2565 ἐγένετο
1709 2498 1789 2568 τῷ

214 2581 472 2654 προφήτῃ
498 2583 647 2653 τρεῖς
686 2582 901 2653 ἡμέρας
933 2583 1029 2636 καὶ
1060 2582 1262 2647 νύκτας
1288 2584 1577 2650 τοσαύτας,
1620 2587 1715 2639 καὶ
1751 2589 1785 2657 ή

215 2673 541 2743 ἀλλοιωτικὴ
570 2673 798 2744 δύναμις
830 2675 928 2745 τῆς
958 2674 1197 2745 γαστρὸς
1222 2676 1468 2746 ἐνεργεῖν
1497 2676 1786 2730 ἐκωλύετο.

226 2762 319 2817 Ἐν
339 2762 573 2836 τοσαύτῃ
601 2763 659 2817 δὲ
701 2765 730 2817 ό
778 2767 1062 2837 προφήτης
1102 2766 1413 2839 εὐρυχωρία
1441 2765 1659 2838 διῆγεν,
1713 2768 1790 2833 ὡς

215 2869 314 2908 και
344 2855 649 2927 προσευχὴν
682 2860 1070 2929 προσενεγκεῖν
1102 2856 1181 2929 τῷ
1214 2857 1355 2929 Θεῷ.

284 2949 358 3014 γ’.
409 2965 429 2998 ι
487 2947 718 3016 Ἐὅόησα
763 2947 912 3018 γὰρ,
964 2948 1148 3018 φησὶν,
1197 2950 1255 3001 ὲν
1296 2948 1472 3019 θλίψει
1509 2966 1610 3021 μου
1653 2949 1789 3021 πρὸς

215 3035 424 3106 Κύριον
456 3036 545 3090 τὸν
578 3037 708 3091 Θεόν
738 3055 861 3109 μου,
884 3040 977 3092 καὶ
1000 3039 1289 3112 εἰσήκουσέ
1325 3058 1449 3109 μου,
1483 3044 1548 3094 ὲκ
1581 3042 1789 3106 κο.λίας

1892 549 2061 602 hibuit
2107 550 2342 618 impetus
2387 547 2577 613 nitaris,
2620 546 2790 600 Deum
2819 545 2973 615 prius
3016 545 3320 615 deprecati,
3355 543 3453 598 Jo‘

1890 654 2015 692 nam
2052 639 2108 692 in
2151 654 2302 693 mare
2337 638 2704 708 pt-ujecerunt.

1958 814 2123 871 Vens.
2148 814 2235 871 ιι.
2264 827 2282 862 ι
2317 807 2612 881 $1567
2631 807 2887 863 dixerunt
2911 824 2926 861 :
2956 806 3330 877 Nequaquam,
3357 806 3464 863 Do.

1890 899 2059 962 mine,
2093 916 2161 953 ne
2185 915 2471 970 pereamus
2499 906 2721 969 propter
2738 898 2975 952 animam
3007 897 3106 951 viri
3125 897 3375 967 bujus,et
3399 915 3466 952 ue

1889 991 1988 1048 des
2009 1007 2176 1062 super
2198 1007 2301 1047 nos
2330 992 2654 1062 sanguinem
2687 989 2896 1059 justum
2914 1008 2928 1044 :
2948 998 3005 1043 tu
3029 989 3466 1055 ριιίιιι,1›υιιιίιιρ,

1889 1083 2034 1136 sicut
2062 1083 2283 1138 voluisti
2315 1081 2514 1137 fecisti.
2537 1080 2741 1135 iEtiatn
2772 1095 2897 1135 cum
2925 1089 3078 1135 certo
3108 1081 3409 1144 novissent,
3434 1096 3493 1138 ιι,

1891 1175 2005 1229 1)θο
2033 1176 2296 1244 prolatam
2347 1175 2401 1228 in
2435 1189 2559 1229 eum
2591 1188 2714 1229 esse
2761 1172 3118 1236 sententiam,
3152 1181 3365 1242 rogant,
3400 1186 3469 1225 ne

1891 1283 2082 1338 punias
2107 1267 2259 1333 dent,
2287 1267 2417 1321 dum
2456 1266 2741 1321 sententia:
2770 1265 3169 1334 obsequuntur.
3201 1283 3218 1312 ι
3248 1263 3324 1316 Ne
3345 1263 3463 1324 des,

1892 1360 2181 1430 inquiunt,
2216 1373 2383 1429 super
2429 1374 2528 1412 nos
2580 1357 2903 1429 sanguinem
2958 1355 3128 1423 justi;
3160 1374 3175 1407 ι
3206 1356 3307 1408 hoc
3358 1363 3465 1418 est,

1891 1450 2178 1520 sanguinis
2224 1449 2556 1510 innocentis,
2598 1448 2850 1513 Domine,
2892 1461 3084 1517 poenas
3121 1461 3189 1499 ne
3230 1446 3463 1499 luamus.

1897 1540 2007 1612 με,
2064 1538 2172 1612 l6]
2221 1539 2314 1594 Sic
2366 1549 2546 1594 autem
2605 1538 2870 1610 propheta
2905 1538 2961 1592 in
3020 1552 3172 1592 mare
3224 1535 3468 1607 projecto

1892 1632 2159 1685 lluctuum
2185 1630 2438 1700 procellae
2485 1638 2796 1684 cessarunt.
2829 1628 3109 1682 Plurimus
3135 1642 3266 1682 vero
3306 1628 3470 1680 timor

1891 1735 2081 1777 eorum
2112 1721 2327 1777 animos
2380 1721 2607 1777 incessit
2651 1722 2743 1790 qui
2789 1721 2904 1775 hme
2951 1721 3469 1791 spectaverunt:ita

1821 1796 1862 1851 Β
1892 1819 1951 1865 ut
1982 1817 2104 1880 post
2135 1810 2369 1865 reditum
2401 1809 2608 1865 hostias
2646 1807 2759 1863 Deo
2791 1808 3150 1870 immolarint,
3186 1816 3241 1863 et
3289 1805 3467 1860 credi-

1890 1901 2071 1957 derint
2100 1901 2245 1956 hunc
2274 1903 2454 1957 solum
2476 1915 2600 1957 esse
2622 1900 2865 1955 omnium
2893 1915 3074 1955 rerum
3110 1897 3421 1953 Dominum.

2506 2118 2738 2178 CAPUT
2769 2119 2835 2176 ll.

1961 2233 2253 2309 [1110mm
2277 2241 2460 2289 autem
2493 2233 2585 2288 Dei
2617 2239 2755 2287 nutu
2781 2248 2845 2288 ac
2865 2232 3024 2303 jussu
3050 2231 3177 2301 (hoc
3205 2230 3350 2286 enim
3381 2236 3467 2283 est

1890 2327 2036 2397 quod
2067 2320 2193 2390 ‘ait,
2234 2326 2484 2395 prwcepit
2520 2323 2820 2394 Dominus)
2859 2332 3015 2377 cetus
3064 2321 3334 2375 maximus
3373 2334 3467 2370 cx-

1889 2417 2059 2488 cepit,
2089 2415 2239 2471 nulla
2281 2430 2348 2469 ex
2383 2421 2537 2484 parte
2562 2412 2823 2468 dentibus
2845 2426 2968 2467 eum
3004 2412 3226 2466 laedens.
3264 2408 3469 2463 Factus

1890 2518 2072 2564 autem
2115 2515 2201 2562 est
2225 2516 2417 2560 venter
2458 2504 2564 2558 ceti
2604 2504 2873 2559 habitatio
2905 2503 3186 2574 prophetae
3215 2517 3312 2570 per
3358 2513 3466 2556 tres

1889 2596 2009 2655 dies
2036 2598 2373 2667 totidemque
2401 2604 2613 2657 noctes,
2642 2603 2695 2649 ct
2718 2610 2839 2665 qua:
2866 2596 2989 2648 alvo
3022 2594 3200 2647 inerat
3229 2592 3312 2645 vis
3332 2605 3468 2645 con-

1889 2687 2160 2760 coquendi
2218 2702 2378 2758 agere
2432 2685 2846 2755 prohibebatur.
2900 2682 2978 2754 [2]
3014 2682 3070 2735 In
3115 2688 3261 2736 tanta
3284 2691 3465 2734 autem

1892 2780 2116 2835 laxitate
2171 2777 2423 2848 degebat
2454 2776 2743 2848 propheta,
2799 2783 2860 2829 ut
2912 2776 3074 2830 etiam
3116 2786 3306 2843 preces
3358 2771 3468 2825 Ι)ιο

1892 2868 2163 2923 funderet.

1964 2959 2132 3014 Vsus.
2161 2959 2214 3012 5.
2249 2975 2267 3008 ι
2291 2955 2533 3011 Clamavi
2568 2957 2737 3018 enim,
2768 2954 2969 3025 inquit,
3017 2953 3070 3009 in
3115 2955 3466 3008 tribulatione

1893 3066 2011 3106 mea
2039 3050 2106 3103 ad
2157 3048 2446 3104 Dominum
2472 3046 2642 3102 Deum
2684 3062 2890 3110 ineunt,
2938 3056 2993 3100 et
3029 3045 3308 3100 exaudivit
3339 3060 3462 3100 me:

215 3124 342 3198 ᾇδου
395 3129 491 3196 τῆς
515 3126 561 3158 ³⁰
591 3129 840 3199 κραυγῆς
881 3145 1004 3198 μου.
1053 3147 1072 3180 ι
1143 3130 1286 3198 Ἐγὼ
1334 3131 1465 3200 γάρ,
1519 3131 1706 3202 φησὶν,
1762 3134 1788 3186 ό

1897 3159 1923 3199 e
1960 3153 2146 3198 ventre
2168 3140 2364 3196 inferni
2397 3139 2687 3209 (audivit)
2716 3138 3015 3193 clamorem
3051 3152 3252 3193 meum.
3292 3155 3312 3189 ι
3352 3136 3467 3206 Ego

216 3216 387 3268 πάλαι
434 3216 672 3287 νομίζων
720 3219 778 3271 ἐν
828 3218 1224 3290 Ἱεροσολύμοις
1278 3221 1436 3290 μόνον
1472 3221 1635 3275 αὑτὸν
1673 3224 1791 3275 ἐπι-

213 3307 506 3377 φαίνεσθαι
547 3311 660 3373 τοῖς
700 3312 1028 3381 προφήταις,
1059 3311 1154 3365 καὶ
1186 3312 1244 3364 ὲν
1272 3313 1338 3382 τῇ
1369 3312 1542 3384 κοιλίᾳ
1567 3312 1660 3365 τοῦ
1690 3314 1788 3384 κή-

212 3416 343 3463 τους
368 3392 536 3471 ηὗρον
561 3401 823 3472 παρόντα,
852 3405 947 3455 καὶ
976 3403 1358 3475 προσενεγκὼν
1391 3404 1670 3475 ἱκετηρίαν
1691 3404 1791 3476 τῆς

214 3492 351 3562 παρ’
377 3491 540 3545 αὑτοῦ
579 3492 985 3565 φιλανθρωπίας
1016 3495 1325 3565 άπήλαυσα.
1353 3495 1538 3566 ’ᾍδου
1574 3496 1631 3549 δὲ
1660 3514 1787 3550 κοι-

213 3584 362 3637 λίαν
392 3584 489 3655 τὴν
524 3584 729 3638 κοιλίαν
773 3585 867 3637 τοῦ
913 3587 1111 3657 κήτους
1142 3585 1422 3651 ἐκάλεσεν,
1470 3587 1659 3657 ἐπειδὴ
1696 3586 1790 3641 καὶ

212 3675 278 3729 τὺ
326 3674 513 3749 θηρίον
546 3674 935 3747 θανατηφόρον,
983 3676 1079 3731 καὶ
1105 3679 1173 3748 τῇ
1202 3676 1364 3746 φύσει
1405 3677 1464 3731 δε
1485 3678 1528 3709 ³¹
1557 3677 1665 3731 τῶν
1692 3695 1783 3747 γε-

217 3766 532 3843 γενημένων
568 3768 762 3838 νεκρὸς
790 3763 879 3839 ἧν,
909 3767 1004 3838 ἔζη
1050 3768 1108 3822 δὲ
1151 3768 1285 3840 μόνῃ
1318 3770 1384 3840 τῇ
1421 3770 1628 3840 χάριτι.
1664 3770 1791 3824 ’Λλ-

217 3862 327 3922 λως
354 3875 416 3912 τε
449 3859 544 3913 καὶ
569 3860 644 3924 ὡς
668 3860 840 3925 τύπος
869 3860 963 3913 τοῦ
994 3862 1269 3914 Δεσπότου
1300 3862 1562 3932 Χριστοῦ,
1596 3861 1688 3916 τοῦ
1730 3864 1790 3917 ὲν

122 4021 133 4027 ,
212 3952 283 4021 τῇ
315 3950 512 4022 καρδίᾳ
554 3952 652 4022 τῆς
682 3951 787 4021 γῆς
827 3952 975 4022 τρεῖς
1022 3952 1232 4024 ἡμέρας
1263 3953 1356 4006 καὶ
1400 3952 1599 4018 νύκτας
1642 3957 1791 4026 τρεῖς

215 4042 581 4112 πεποιηκότος
600 4058 614 4071 ’
645 4043 869 4105 εἰκότως
895 4043 1086 4096 ἑαυτὸν
1113 4046 1170 4097 ὲν
1196 4042 1374 4114 κοιλίᾳ
1410 4043 1538 4115 ᾅδου
1560 4046 1789 4117 γεγενῆ-

216 4131 346 4185 σθαί
395 4150 549 4203 φησι.
599 4134 707 4186 Καὶ
748 4133 808 4186 τὸ
854 4133 1071 4187 πάντων
1122 4134 1577 4205 παραδοξότατον,
1633 4136 1716 4190 ὅτι
1762 4139 1791 4190 ό

218 4222 322 4294 μὲν
351 4222 567 4294 άληθῶς
592 4222 687 4276 τοῦ
717 4223 946 4277 θανάτου
978 4223 1333 4294 γευσάμενος,
1373 4227 1430 4277 ὲν
1458 4228 1525 4297 τῇ
1546 4227 1724 4296 κοιλίᾳ
1744 4227 1789 4258 ³⁸

214 4316 317 4383 τῆς
347 4315 453 4384 γῆς
479 4315 582 4386 ἔφη
608 4314 826 4368 ἔσεσθαι
856 4318 1004 4386 τρεῖς
1028 4315 1243 4386 ἡμέρας
1265 4317 1360 4368 καὶ
1386 4319 1535 4387 τρεῖς
1565 4317 1787 4381 νύκταςο

1889 3241 2058 3300 enim,
2115 3236 2309 3306 inquit,
2341 3235 2434 3304 qui
2487 3248 2611 3288 eum
2640 3230 3034 3303 Hierosolymis
3079 3241 3288 3284 tantum
3338 3245 3457 3300 pro-

1893 3329 2069 3401 phelis
2103 3341 2364 3396 apparere
2405 3326 2536 3379 olim
2588 3323 2918 3390 arbitrabar,
2959 3325 3121 3378 etiam
3170 3322 3224 3377 in
3277 3330 3466 3377 ventre

1889 3420 1992 3475 ceti
2034 3426 2356 3490 praesentem
2386 3416 2593 3481 inveni,
2650 3423 2706 3470 et
2733 3415 2988 3486 precibus
3018 3413 3218 3468 oblatis
3249 3413 3466 3468 miseri-

1890 3511 2131 3568 eordiam
2164 3509 2230 3563 ab
2259 3524 2326 3564 eo
2353 3512 2370 3531 ‘
2419 3514 2753 3563 consecutus
2802 3524 2950 3563 sum.
2997 3505 3235 3561 Ventrem
3280 3513 3463 3560 autem

1890 3600 2087 3670 inferni
2138 3607 2381 3653 ventrem
2431 3597 2538 3652 ceti
2569 3596 2804 3664 vocavit,
2851 3596 3067 3668 1568
3100 3596 3227 3667 quia
3248 3602 3304 3650 et
3352 3593 3465 3649 leta

1892 3693 2007 3747 haec
2042 3691 2319 3745 mortifera
2352 3698 2491 3755 erat,
2525 3696 2579 3742 et
2606 3689 2650 3742 si
2686 3704 2868 3742 rerum
2917 3697 3130 3757 spectes
3185 3695 3461 3749 naturam,

1891 3792 2142 3839 mortuus
2172 3792 2309 3846 erat,
2349 3790 2402 3837 et
2426 3782 2542 3837 sola
2577 3781 2751 3852 gratia
2779 3780 3015 3833 vivebat.
3046 3777 3270 3833 Accedit
3293 3777 3463 3848 quod,

1890 3890 2014 3930 cum
2048 3881 2464 3945 reprzeseutaret
2494 3873 2782 3928 Dominum
2809 3870 2995 3927 Jesum
3020 3868 3322 3934 Christum,
3367 3870 3463 3940 qui

1891 3964 2068 4019 tribus
2105 3963 2297 4019 diebus
2348 3971 2400 4017 et
2440 3961 2617 4018 tribus
2676 3960 2933 4015 noctibus
2988 3960 3043 4014 iu
3096 3962 3266 4015 corde
3304 3968 3465 4014 terra:

1891 4055 2128 4121 mansit,
2169 4068 2411 4124 congrue
2451 4053 2690 4124 seipsum
2733 4051 2789 4105 in
2824 4061 3016 4106 ventre
3054 4050 3252 4106 inferni
3294 4051 3466 4106 fuisse

1890 4149 2041 4203 dicit.
2065 4146 2328 4216 Quodque
2361 4145 2605 4198 omnium
2634 4150 2718 4200 est
2753 4143 2993 4198 maxime
3042 4142 3372 4202 mirandum,
3416 4143 3462 4195 is

1891 4238 1983 4307 qui
2021 4251 2078 4290 re
2121 4236 2238 4304 ipsa
2273 4241 2505 4288 mortem
2539 4233 2796 4302 gustavit,
2840 4232 2896 4284 in
2923 4230 3089 4285 corde
3121 4240 3281 4283 teme
3326 4228 3465 4283 dixit

1891 4340 1951 4379 se
1987 4322 2099 4376 fore
2128 4323 2303 4375 tribus
2329 4321 2523 4374 diebus
2553 4329 2607 4374 et
2640 4321 2814 4373 tribus
2847 4318 3103 4372 noctibus
3140 4334 3153 4372 :
3186 4317 3279 4386 qui
3329 4333 3462 4371 vero

215 4404 246 4457 ό
276 4404 332 4456 δὲ
363 4405 469 4459 ὑπὸ
493 4406 592 4477 τὴν
629 4408 786 4461 σκιὰν
809 4407 903 4461 τοῦ
948 4406 1202 4468 θανάτου,
1238 4405 1366 4476 ᾅδου
1398 4405 1608 4460 κοιλίαν
1636 4408 1788 4460 καλεῖ

1897 4412 1995 4470 sub
2021 4411 2214 4465 umbra
2248 4409 2462 4473 mortis,
2499 4416 2740 4462 ventrem
2775 4407 2975 4462 inferni
3008 4415 3167 4461 vocat
3220 4415 3459 4460 ventrem

215 4495 317 4567 τὴν
343 4496 438 4549 τοῦ
470 4499 667 4569 κήτους
704 4499 933 4552 κοιλίαν.
977 4496 1068 4568 Τῷ
1110 4496 1210 4566 μὲν
1255 4497 1364 4567 γὰρ
1407 4497 1561 4568 ἰωνᾷ
1595 4497 1696 4550 ούκ
1730 4497 1788 4550 ὲν

1897 4501 2024 4558 ceti.
2054 4500 2188 4554 Nam
2218 4498 2369 4553 Jonte
2394 4499 2612 4568 quidem
2639 4497 2691 4552 in
2723 4505 2992 4568 potestate
3028 4497 3138 4550 vita
3172 4512 3279 4550 non
3312 4496 3415 4549 fuit
3444 4515 3459 4552 :

216 4591 284 4658 τῇ
333 4588 551 4660 ἐξουσία
596 4585 663 4660 ἦν
694 4592 726 4661 ή
756 4590 867 4661 ζωή
886 4606 904 4635 ρ
951 4589 1029 4659 τῷ
1060 4588 1117 4642 δὲ
1145 4589 1393 4660 Δεσπὸτῃ
1422 4588 1663 4659 Χριστῷ,
1696 4588 1791 4641 καὶ

219 4681 246 4731 ὁ
277 4678 505 4742 θάνατος
531 4680 871 4750 αὐθαίρετος,
907 4681 1002 4749 καὶ
1048 4682 1081 4751 ή
1120 4680 1417 4742 ἀνάστασις
1451 4678 1788 4741 ἐθελούσιος·

217 4767 412 4820 τούτου
446 4768 605 4840 χάριν
649 4771 767 4822 ἐκεῖ
820 4770 920 4840 μὲν
943 4771 988 4802 ³³
1016 4771 1150 4823 ὅπου
1196 4769 1347 4836 ᾅδης
1394 4769 1489 4822 καὶ
1538 4770 1788 4834 θάνατος,

218 4859 436 4926 καρδία
467 4860 580 4929 γῆς
610 4862 1065 4935 προσηγόρευται·
1101 4860 1332 4915 ἐνταῦθα
1357 4861 1411 4913 δὲ
1442 4860 1576 4932 ᾅδης
1601 4860 1640 4928 ἡ
1671 4877 1794 4914 κοι-

218 4952 323 5002 λιά
370 4951 477 5004 τοῦ
529 4953 753 5021 κήτους
805 4954 1139 5023 ὠνόμασται.
1184 4972 1202 5005 ι
1246 4955 1564 5018 Ἤκουσας,
1621 4954 1789 5025 φησὶ,

221 5040 408 5110 φωνῆς
439 5060 538 5112 μου
557 5060 571 5074 ο
613 5063 632 5095 ι
664 5045 725 5097 οὐ
755 5045 865 5117 γὰρ
896 5044 964 5098 ἂν
1010 5046 1171 5116 μέχρι
1198 5045 1292 5099 τοῦ
1327 5045 1593 5117 παρόντος
1623 5045 1791 5098 διετέ-

219 5133 353 5186 λεσα
384 5133 512 5198 ζῶν.
1673 5158 1679 5163 ’

291 5224 356 5277 δ’.
397 5242 416 5275 ι
463 5223 796 5298 ’Δπέρριψάς
837 5244 904 5298 με
936 5229 1016 5292 εἰς
1058 5227 1196 5298 βάθη
1231 5227 1460 5300 καρδίας
1494 5226 1788 5299 θαλάσσης,

217 5316 317 5370 καὶ
351 5318 585 5388 ποταμοὶ
617 5318 931 5374 ὲκύκλωσάν
963 5336 1051 5390 με.
1091 5339 1109 5371 ι
1149 5320 1317 5373 Πάλιν
1356 5320 1455 5391 τῆς
1493 5319 1719 5391 καρδίας
1749 5320 1783 5391 ή

1889 4592 2120 4648 Domino
2158 4599 2338 4645 autem
2378 4589 2622 4654 Christo,
2659 4600 2714 4644 et
2774 4604 2924 4644 mors
2968 4587 3277 4643 voluntaria
3336 4586 3462 4655 fuit,

1888 4696 1942 4742 et
1972 4683 2302 4740 resurrectio
2339 4684 2392 4736 in
2421 4682 2542 4751 ejus
2602 4682 2853 4736 arbitrio.
2896 4679 3105 4736 Idcirco
3136 4680 3209 4736 ibi
3241 4680 3460 4751 quidem

1891 4777 1981 4831 ubi
2010 4775 2249 4844 infernus
2286 4781 2340 4827 et
2372 4787 2541 4840 mors,
2590 4790 2683 4827 cor
2715 4783 2870 4828 terra:
2912 4774 3252 4828 nominatum
3306 4780 3392 4830 est
3444 4793 3458 4828 :

1889 4868 1979 4922 hic
2013 4882 2140 4923 vero
2180 4874 2356 4919 uenter
2380 4865 2481 4918 ceti
2515 4865 2828 4919 nominatus
2856 4875 2939 4919 est
2974 4864 3246 4921 infernus.
3291 4882 3310 4917 ι
3345 4868 3460 4920 Au-

1888 4959 2091 5024 divisli,
2133 4959 2328 5028 inquit,
2365 4971 2548 5011 vocem
2581 4972 2757 5011 meam
2814 4974 2828 5012 :
2873 4977 2892 5009 ι
2928 4959 3133 5029 alioqui
3170 4975 3345 5030 usque
3402 4959 3457 5015 in

1890 5060 2213 5122 praesentem
2245 5051 2434 5103 horam
2474 5063 2585 5102 non
2619 5048 2898 5104 vixissem.

1965 5228 2134 5286 Vens.
2186 5229 2243 5284 4.
2284 5248 2302 5281 ι
2335 5226 2621 5296 Proiecisti
2660 5242 2745 5282 me
2787 5204 2877 5280 in.
2902 5224 3231 5295 profundum
3277 5224 3460 5278 cordis

1894 5321 2081 5385 maris,
2135 5329 2189 5375 et
2238 5319 2462 5374 ﬂumina
2502 5333 2589 5373 me
2647 5317 3141 5375 circumdederunt.
3172 5334 3192 5369 ›
3248 5315 3459 5369 Rursus

1521 5489 1754 5548 VABUE
1791 5490 2192 5548 LECTlONES.

179 5646 182 5649 ’
294 5650 342 5685 ⁸³
364 5648 407 5704 C
436 5650 634 5705 εἰπεῖν.
696 5649 770 5719 7³⁸
803 5647 1058 5719 ιὼκήτει
1082 5645 1379 5719 ὑπέδειξεν.

1482 5650 1531 5720 ’τᾷ
1568 5649 1696 5720 μέγ.
1725 5647 1852 5720 Des.
1889 5650 2024 5707 ibid.

2131 5648 2177 5680 ³⁸
2194 5647 2388 5732 ρῦδεμ.
2495 5666 2681 5732 praem.
2716 5650 2812 5714 ὡς.
2917 5644 2961 5678 ’³
2990 5644 3032 5700 C
3063 5639 3454 5714 προσήνεγκεν.

223 5720 273 5754 ³⁸
289 5721 411 5792 τῆς.
447 5720 569 5778 Des.
597 5718 731 5778 ibid.
807 5718 849 5753 ³⁸
876 5716 1107 5773 δέ.Ἰ)εε.
1143 5719 1198 5773 iu
1221 5716 1283 5773 C.
1361 5719 1405 5750 ³²
1435 5716 1579 5772 κοιλζ
1603 5716 1889 5792 Οκαρδία.
1964 5721 2009 5753 ⁸³
2036 5719 2119 5773 ἐκ.
2141 5718 2261 5791 μέν.
2284 5716 2406 5775 Des.
2434 5716 2572 5776 ibid.
