3904 6202
189 352 321 417 1737

1484 350 1566 411 ΙΝ
1599 348 1809 410 ΙΟΝλΈ
1843 348 2000 409 CAP.
2047 350 2147 411 ιν.

3292 356 3427 423 1738

181 461 652 534 ἐπιδεικνύμενον·
691 462 938 533 ἐλεήμων
974 461 1083 532 γὰρ
1106 460 1158 515 εί
1182 462 1274 517 καὶ
1302 461 1621 533 οἰκτίρμων,
1655 477 1759 531 μα-

1872 460 1965 514 lsm
2000 459 2264 530 patientia
2292 460 2527 516 maxima
2558 462 2636 517 uti
2671 474 2687 517 :
2712 476 2838 518 nam
2865 463 3189 523 misericors
3211 484 3273 525 es
3298 473 3312 491 '
3366 482 3423 528 et

181 554 456 626 πρόθυμος
482 554 578 606 καὶ
608 553 912 615 πολυέλεος,
948 553 1042 606 καὶ
1082 552 1355 623 μετανοῶν
1385 552 1476 606 ἐπὶ
1513 554 1633 615 ταῖς
1661 568 1753 604 κα-

183 646 375 714 κίαις),
404 645 507 717 τὴν
529 645 705 715 φυγὴν
734 644 951 714 ἐκείνην
985 644 1349 715 ἐποιησάμην,
1386 639 1504 699 εἶτα
1526 642 1753 697 κλύδωνι

180 737 278 790 καὶ
307 736 469 808 κήτει
506 734 853 807 παραδοθεὶς,
911 734 1162 788 ἱκέτευσα
1218 734 1382 789 πάλιν
1439 732 1753 787 ἐπανελθεῖν

180 831 262 892 είς
300 828 481 900 ζωήν·
512 826 608 882 νῦν
633 827 691 881 δὲ
720 827 1029 880 τούναντίον
1059 827 1322 881 ἀντιϐολῶ
1341 842 1353 858 ·

248 918 321 989 γ’.
350 939 369 971 ι
397 919 646 974 Δέσποτα
690 918 882 989 Κύριε,
937 917 1069 973 λάϐε
1105 917 1151 951 ’⁵³
1177 919 1278 990 τὴν
1300 914 1478 989 ψυχήν
1532 933 1632 987 μου
1658 917 1752 969 ἀπ’

177 1013 315 1084 ἐμοῦ
345 1013 413 1078 δ’,
442 1013 526 1068 ὅτι
549 1012 709 1068 καλόν
725 1030 813 1083 μοι
829 1012 947 1066 ⁵⁶τδ
967 1013 1254 1067 ἀποθανεῖν
1279 1011 1415 1083 με,ἢ
1443 1010 1543 1081 ζῇν
1566 1008 1712 1080 με⁸¹.
1728 1027 1747 1060 ι

127 1129 135 1155 τι
178 1104 559 1176 Προαιροῦμαι
585 1105 693 1175 γὰρ
722 1102 950 1158 θάνατον
976 1104 1075 1174 τῆς
1105 1104 1222 1175 μετ’
1266 1102 1530 1173 αἰσχύνης
1561 1100 1707 1169 ζωῆς
1734 1116 1750 1132 ο

178 1195 504 1267 αἰσχύνομαι
526 1196 603 1260 δὲ,
618 1196 713 1249 καὶ
731 1195 1163 1266 ἐγκαλύπτομαι,
1174 1194 1412 1265 ψεύστης
1432 1192 1540 1247 ἀπὸ
1563 1190 1751 1246 τοσού-

175 1303 286 1341 των
306 1286 720 1357 ὀνομαζόμενος.
739 1285 879 1339 Ἀλλ’
903 1288 932 1340 6
952 1285 1153 1354 ἀγαθὸς
1178 1285 1531 1356 ἀποκρίνεται
1546 1283 1752 1336 Δεσπό-

176 1394 301 1450 της.
337 1377 429 1459 καί
457 1394 590 1447 φησι
616 1376 696 1447 τῷ
728 1377 1022 1450 προφήτην

246 1469 312 1522 δ’.
348 1487 369 1521 ι
402 1468 467 1522 Εἰ
498 1467 703 1538 σφόδρα
723 1465 1021 1537 λελύπησαι
1045 1465 1109 1520 σύ
1131 1484 1148 1534 ;
1188 1485 1208 1518 ι
1226 1464 1398 1519 Τοῦτο
1422 1465 1755 1534 σαφέστερον

175 1561 206 1614 6
238 1560 535 1630 Σύμμαχος
598 1559 973 1630 ήρμήνευσεν·
1017 1557 1121 1630 ἔφη
1169 1558 1307 1628 γάρ·
1341 1556 1486 1626 Ἆρα
1510 1557 1753 1622 δικαίως

174 1649 493 1717 ἐλυπήθης
508 1663 528 1712 ;
556 1648 604 1700 οἱ
631 1647 688 1700 δὲ
726 1647 905 1701 λοιποὶ
947 1647 1231 1718 εἰρήκασιν
1248 1665 1260 1680 ο
1290 1649 1357 1700 El
1384 1646 1582 1714 καλῶς
1609 1647 1752 1701 ἐλυ-

176 1737 413 1808 πήθηςς
445 1739 568 1791 ἀντὶ
596 1734 687 1790 τοῦ
710 1777 725 1802 ,
760 1736 1043 1807 Σκύπησον
1068 1739 1199 1806 παρ’
1231 1736 1428 1808 ἑαυτῷ,
1464 1738 1512 1790 εί
1538 1737 1754 1799 δικαίας

1859 550 2220 619 compatiens,
2256 549 2589 621 longanimis
2612 560 2669 607 et
2690 552 2879 608 multa!
2910 555 3330 622 misericordiae,
3360 575 3423 615 ac

1860 642 2134 710 ptenitens
2162 656 2333 712 super
2359 643 2562 710 malis),
2594 641 2777 713 fugam
2798 643 2948 699 illam
2978 646 3209 717 arripui,
3238 660 3426 719 postea

1860 731 2034 788 maris
2078 733 2390 803 tempestati
2437 740 2493 788 et
2528 742 2650 790 ceto
2701 734 2958 804 traditus,
3009 741 3200 810 rogavi
3251 751 3312 797 ut
3368 745 3425 800 in

1861 823 2024 877 vitam
2062 823 2299 879 redirem
2330 842 2343 876 :
2378 838 2531 879 nunc
2565 834 2763 881 contra
2800 816 2976 896 r'ogo:

1930 914 2102 971 Vsus.
2136 917 2197 971 3.
2243 933 2263 969 ι
2298 916 2624 973 Dominator
2674 917 2925 987 Domine,
2971 921 3131 977 aufer
3178 925 3425 980 animam

1859 1023 2229 1074 meamame,
2274 1010 2403 1079 quia
2458 1010 2657 1065 melius
2703 1019 2790 1066 est
2845 1011 2978 1066 mihi
3037 1014 3201 1077 mori,
3262 1032 3426 1086 quam

1861 1101 2073 1178 vivere.
2112 1119 2130 1152 ι
2175 1099 2298 1173 Vita
2327 1102 2477 1156 enim
2519 1101 2742 1172 defungi
2784 1102 2949 1166 malo,
3010 1103 3225 1178 1474
3260 1121 3427 1178 quam

1858 1207 1986 1248 cum
2019 1192 2319 1264 ignominia
2353 1193 2560 1248 vivere.
2594 1191 2879 1248 Erubesce
2931 1201 3138 1259 autem,
3175 1203 3230 1250 et
3289 1183 3429 1251 lateJ

1858 1283 1989 1339 bras
2021 1300 2228 1354 quaero,
2275 1298 2400 1340 cum
2441 1284 2674 1339 mendax
2722 1285 2971 1354 appellor
3002 1300 3031 1338 a
3058 1292 3176 1341 tam
3214 1287 3423 1343 multis.

1859 1375 1964 1433 Sed
2000 1377 2181 1432 bonus
2207 1377 2474 1434 Dominus
2523 1377 2806 1447 prophetae
2840 1377 3138 1448 respondet
3171 1394 3185 1431 :

1931 1464 2096 1524 Vens.
2127 1466 2182 1521 4.
2213 1486 2234 1520 ι
2272 1467 2352 1524 An
2401 1468 2758 1524 vehementer
2787 1467 3155 1523 contristatus
3185 1482 3245 1523 es
3276 1466 3369 1521 tu?
3399 1487 3447 1531 »ν

1858 1557 2079 1613 Clarius
2126 1559 2232 1614 hoc
2267 1558 2632 1631 Symmachus
2679 1560 3074 1629 interpretatus
3129 1561 3430 1637 esttdixit

1858 1648 2030 1715 enim,
2051 1647 2184 1705 ,ινιτ
2212 1666 2336 1720 ergo
2377 1651 2622 1707 tristem:
2651 1654 2750 1708 es?
2777 1651 2960 1708 caeteri
2994 1667 3125 1708 vero
3158 1653 3432 1725 interpre-

1856 1748 1966 1805 tes,
1989 1740 2072 1797 An
2092 1750 2228 1797 recte
2249 1743 2497 1821 tristattts
2515 1746 2611 1800 es?
2638 1743 2742 1799 hoc
2763 1750 2872 1811 est,
2890 1744 3193 1803 Considera
3222 1753 3427 1811 tecum,

177 1830 325 1899 ἔχεις
350 1829 448 1899 τῆς
478 1826 717 1898 ἀθυμίας
754 1826 1028 1898 ἀφορμάς.
1069 1829 1180 1882 Καὶ
1216 1827 1449 1881 ἐνταῦθα
1479 1827 1577 1899 μὲν
1606 1826 1755 1897 αύτῷ

1872 1847 1990 1890 sum
2017 1831 2198 1901 justas
2247 1834 2493 1890 tristitiae
2537 1835 2867 1891 occasiones
2921 1836 3165 1893 habeas?
3207 1836 3273 1892 Et
3327 1838 3433 1894 hoc

178 1919 439 1991 εὑρέσθαι
463 1917 707 1989 λογισμῷ
734 1917 945 1972 κελεύει
980 1919 1078 1990 τῆς
1131 1918 1367 1990 ἀθυμίας
1395 1918 1724 1989 παραψυχήν
1743 1933 1756 1948 ⁸

176 2011 239 2062 ἑν
278 2007 339 2061 δὲ
401 2006 480 2078 τῷ
530 2006 672 2060 τέλει
712 2006 813 2077 τῆς
845 2006 1204 2077 προφητείας,
1240 2009 1336 2060 καὶ
1365 2006 1532 2060 αὐτοῦ
1568 2005 1667 2078 τὴν
1694 2006 1760 2059 ού

178 2100 355 2171 καλὴν
412 2098 648 2171 ἀθυμίαν
696 2097 930 2169 ἐλέγχει,
972 2100 1067 2152 καὶ
1111 2100 1208 2170 τῆς
1241 2100 1447 2163 οἰκείας
1487 2098 1669 2171 ψήφου
1698 2100 1761 2153 τὸ

178 2192 403 2261 εὔλογον
426 2191 684 2247 δείκνυσι.

249 2290 315 2338 ε’.
348 2301 367 2334 ι
403 2284 732 2337 Καταλιπίυν
758 2285 814 2338 δὲ
845 2285 894 2315 ⁸³
916 2282 1014 2355 τὴν
1044 2282 1197 2335 πόλιν
1224 2284 1252 2335 6
1294 2281 1480 2345 Ἰωνᾶς
1508 2279 1760 2334 ἐκάθισεν

174 2376 443 2430 ἀπέναντι
491 2376 680 2447 αὐτῆς,
737 2377 833 2431 καὶ
873 2374 1127 2446 ἐποίησεν
1168 2373 1349 2444 ἑαυτῷ
1397 2373 1626 2444 σκηνὴν,
1660 2372 1758 2426 καὶ

173 2470 418 2542 ἐκάθητο
466 2472 722 2526 ὑποκάτω
780 2471 970 2541 αὐτῆς,
1008 2470 1113 2533 ἓως
1142 2463 1201 2524 οὗ
1249 2468 1406 2539 ἐπίδῃ
1435 2468 1487 2521 τί
1514 2467 1668 2521 ἔσται
1691 2470 1757 2538 τῇ

180 2563 360 2618 πόλει.
399 2582 419 2616 ι
453 2563 648 2628 Τοῦτο,
672 2563 730 2617 δὲ
762 2563 978 2633 πρῶτον
1000 2563 1311 2632 γενόμενον,
1332 2560 1639 2613 τελευταῖον
1671 2560 1759 2612 τέ-

176 2656 362 2711 θεικεν
390 2657 420 2710 6
445 2658 747 2728 προφήτης.
797 2654 1215 2726 Διηγησάμενος
1266 2653 1374 2723 γὰρ
1402 2652 1511 2706 τῶν
1539 2653 1757 2705 Νινευῖ-

175 2748 291 2801 τῶν
319 2747 417 2819 τὴν
455 2748 767 2817 μετάνοιαν,
814 2746 1089 2816 ἠϐουλήθη
1158 2745 1330 2815 ταύτῃ
1381 2742 1613 2813 συνάψαι
1661 2743 1760 2813 τὴν

175 2840 337 2895 θείαν
369 2840 804 2911 φιλανθρωπίαν,
830 2839 924 2893 καὶ
950 2840 1048 2911 τὴν
1068 2838 1179 2893 ἀπὸ
1208 2838 1415 2907 ταύτης
1446 2836 1594 2907 αὐτῷ
1626 2853 1761 2906 συμ·

178 2931 358 2986 ϐάσαν
388 2932 647 3004 ἀθυμίαν.
689 2930 954 2985 Ἐνταῦθα
1013 2931 1071 2985 δὲ
1123 2932 1194 2986 τά
1251 2930 1454 3003 μεταξὺ
1494 2931 1762 3002 γενόμενα

180 3025 352 3094 λέγει,
379 3026 461 3079 ὅτι
490 3024 733 3096 κηρύξας
754 3023 943 3094 ἐξῆλθε
968 3023 1061 3077 τοῦ
1082 3024 1311 3091 ἄστεως,
1333 3024 1424 3078 καὶ
1447 3021 1762 3095 πηξάμενος

181 3115 393 3186 σκηνὴν
420 3115 482 3167 τὸ
510 3115 664 3178 τέλος
692 3112 922 3182 ἀνέμενε
965 3113 1063 3183 τῆς
1101 3114 1459 3185 προρρήσεως
1477 3129 1492 3143 ’
1524 3110 1683 3166 τοῦτο
1703 3111 1760 3163 δὲ

176 3171 458 3276 enimio;
485 3206 591 3277 πρὸ
638 3171 739 3276 τῆς
790 3171 1325 3275 ἀθυμίας-ἐγένετοι·
1371 3171 1508 3276 μετά
1546 3204 1654 3274 γάρ
1697 3203 1762 3256 τὸ
1789 3171 1830 3228 c

178 3295 292 3350 τῶν
322 3296 641 3367 ὡρισμένων
684 3296 906 3367 ἡμερῶν
968 3295 1145 3359 τέλος,
1205 3295 1538 3366 θεασάμενος
1594 3294 1763 3365 μηδὲν

186 3389 406 3459 ἐκείνην
470 3388 840 3460 ὑπομείνασαν
893 3389 992 3461 τὴν
1054 3389 1230 3456 πόλιν,
1290 3390 1389 3460 τὴν
1420 3390 1536 3459 μετ’
1570 3389 1765 3459 ὀδύνης

182 3479 528 3551 προσήνεγκε
579 3479 656 3550 τῷ
713 3479 830 3551 Θεῷ
889 3480 1217 3552 προσευχήν.
1284 3480 1424 3533 Ἀλλ’
1481 3481 1628 3549 ὅμως
1670 3480 1766 3533 καὶ

179 3569 362 3641 τούτῳ
419 3571 581 3625 πάλιν
637 3574 944 3642 μηχανᾶται
991 3572 1344 3643 παραψυχὴν,
1371 3572 1468 3626 καὶ
1495 3572 1584 3626 διά
1619 3589 1767 3635 τινος

181 3660 336 3730 αὐτῷ
400 3661 751 3731 κολοκύνθης,
799 3664 875 3727 ὡς
939 3664 1103 3727 αὐτὸς
1161 3664 1416 3733 ἠθέλησε,
1454 3664 1769 3734 παραυτίκα

184 3749 594 3822 βλαστησάσης,
656 3753 750 3805 καὶ
800 3752 847 3785 ⁸³
885 3751 1224 3823 ὲκταθείσης,
1299 3754 1394 3806 καὶ
1450 3753 1627 3823 κόμην
1682 3754 1765 3806 ὅτι

182 3840 449 3910 πλείστην
479 3843 749 3914 φυσάςης,
789 3845 949 3897 σκιάν
1004 3843 1379 3915 ἐργασάμενος
1408 3844 1765 3915 ψυχαγωγίαν

183 3931 508 4002 προσφέρει.
538 3931 611 3985 Τὸ
641 3932 718 3996 δὲ,

260 4021 337 4087 ς’.
375 4042 393 4074 ι
430 4024 737 4094 Προσέταξε
801 4026 1003 4096 Κύριος
1048 4028 1077 4080 6
1118 4026 1251 4090 Θεὸς
1297 4028 1344 4060 ⁵⁸
1384 4028 1704 4100 κολοκύνθῃ,
1739 4048 1761 4080 ι

185 4112 466 4181 τέθεικεν,
494 4115 556 4167 ού
596 4115 779 4185 φωνὴν
802 4116 1034 4170 ἐνταῦθα
1069 4117 1219 4171 θείαν
1257 4119 1601 4191 παραδηλῶν,
1631 4120 1768 4174 ἀλλά

186 4205 479 4273 διδάσκων,
502 4207 577 4271 ὡς
610 4207 726 4279 ἃμα
758 4226 818 4260 τε
847 4209 1112 4280 ἠθέλησεν
1157 4212 1185 4263 6
1216 4212 1367 4274 Θεὸς,
1400 4214 1494 4264 καὶ
1523 4213 1583 4264 τὸ
1604 4213 1766 4280 φυτὸν

189 4298 270 4361 είς
294 4296 356 4350 τὸ
376 4293 515 4351 εἶναι
550 4299 827 4370 παρήχθη.
880 4299 1035 4353 Οὖτω
1072 4300 1166 4353 καὶ
1208 4301 1320 4354 ἄνω
1361 4301 1464 4370 ἔφη
1489 4319 1501 4331 ·
1538 4322 1556 4353 ι
1595 4306 1768 4373 Προσ-

191 4388 383 4454 έταξεν
406 4389 434 4441 6
466 4388 594 4451 Θεὸς
622 4390 807 4460 κήτει,
840 4409 857 4441 ι
898 4392 959 4443 οὺ
1011 4393 1160 4461 φωνῇ
1191 4389 1310 4462 θείᾳ
1351 4392 1507 4443 τοῦτο
1539 4391 1759 4461 γεγενῆ-

194 4478 316 4533 σθαι
345 4478 539 4547 λέγων,
596 4480 730 4533 ἀλλά
760 4480 921 4551 βουλῇ
953 4498 967 4511 ο
1024 4481 1376 4548 πρόσταγμα
1404 4480 1511 4552 γὰρ
1532 4481 1687 4533 καλεί
1705 4481 1767 4534 τὸ
1801 4508 1841 4560 D

193 4568 472 4645 βούλημα.
509 4568 695 4632 Οὕτως
738 4570 766 4621 6
810 4571 1078 4641 μακάριος
1118 4571 1300 4633 Ἰωνᾶς
1354 4569 1616 4639 εὐθυμίαν
1647 4570 1769 4622 ἀντὶ

193 4659 367 4730 λύπης
397 4659 630 4725 ἐδέξατο.
670 4661 831 4716 Ἀλλά
886 4661 1046 4715 πάλιν
1091 4665 1118 4715 6
1148 4661 1279 4724 Θεὸς
1312 4659 1415 4713 ὑπὸ
1441 4660 1538 4731 τὴν
1569 4659 1642 4713 ἕω
1682 4659 1771 4712 διά

192 4766 334 4810 τινος
374 4748 655 4820 σκώληκος
712 4749 813 4819 τῆς
862 4749 1190 4817 κολοκύνθης
1235 4749 1550 4820 διαφθείρας
1572 4748 1670 4819 τὴν
1692 4748 1771 4818 ῥί-

194 4840 312 4904 ζαν,
342 4843 409 4909 τῇ
442 4840 536 4894 τοῦ
557 4840 710 4912 ἡλίου
762 4840 1038 4911 προσϐολῇ
1075 4839 1427 4909 διαυανθῆναι
1478 4840 1768 4909 πεποίηκε.

192 4931 396 4984 Τούτου
415 4931 474 4983 δὲ
505 4931 820 5001 γενομένου,
844 4924 955 4983 ’καὶ
1003 4930 1357 4999 σφοδρότερον
1393 4930 1490 4998 τῆς
1525 4931 1764 4995 ἀκτῖνος,

193 5021 226 5093 ἢ
259 5023 402 5076 κατὰ
427 5022 487 5075 τὸ
506 5023 719 5086 είωθὸς,
748 5025 814 5094 τῇ
839 5023 1044 5093 κεφαλῇ
1081 5022 1495 5092 προσϐαλούσης
1517 5036 1528 5050 ·

264 5113 337 5185 η’.
373 5131 391 5163 ι
426 5113 729 5185 Προσέταξε
758 5115 866 5187 γὰρ
893 5116 937 5145 ⁵⁵
968 5117 995 5168 6
1025 5115 1154 5176 Θεὸς
1192 5113 1464 5183 πνεύματι
1493 5113 1769 5176 καύσωνος

189 5205 535 5274 συγκαίοντι,
594 5205 689 5257 καὶ
731 5205 997 5271 ἐπάταξεν
1029 5206 1057 5257 6
1085 5204 1232 5275 ἥλιος
1284 5206 1375 5257 ἐπὶ
1404 5205 1502 5272 τὴν
1532 5203 1770 5273 κεφαλὴν

272 5399 296 5427 θ
324 5386 453 5443 Jon.
489 5406 547 5454 ιι,
589 5389 637 5443 1.

1859 1921 2077 1992 quidem
2113 1922 2238 1979 loco
2262 1924 2418 1994 jubet
2443 1940 2566 1980 eum
2601 1926 2993 1983 ratiocinando
3032 1928 3282 1984 invenire
3327 1930 3430 1985 tri-

1859 2014 2026 2069 stitiae
2052 2016 2494 2071 consolationem
2535 2035 2549 2071 :
2582 2017 2642 2070 in
2680 2017 2789 2072 line
2841 2032 2973 2073 vero
3026 2020 3343 2089 prophetiae,
3376 2029 3432 2077 et

1859 2121 1969 2159 non
1995 2106 2204 2174 justam
2253 2107 2375 2176 ejus
2418 2109 2700 2163 tristitiam
2766 2109 2975 2180 arguit,
3030 2118 3086 2165 et
3142 2110 3430 2169 sententia:

1859 2214 1971 2252 sum
1999 2200 2333 2268 probabilem
2379 2201 2649 2255 rationem
2683 2203 2951 2257 ostendit.

1932 2288 2097 2346 Vens.
2142 2291 2196 2344 5.
2234 2310 2252 2344 ι
2290 2290 2460 2348 Jonas
2499 2302 2682 2348 autem
2732 2294 2926 2349 relicta
2957 2294 3185 2349 civitate
3218 2295 3361 2351 sedit
3399 2311 3432 2349 e

1859 2378 2084 2448 regione
2114 2377 2284 2444 illius,
2319 2390 2372 2434 et
2411 2379 2544 2436 fecit
2598 2381 2822 2437 sibimet
2875 2381 3320 2447 tabernaculum,
3378 2390 3433 2438 et

1861 2468 2089 2543 sedebat
2121 2470 2225 2525 sub
2260 2471 2374 2534 illo,
2416 2472 2593 2526 donec
2621 2472 2833 2528 videret
2879 2472 3010 2541 quid
3042 2473 3319 2530 accideret
3350 2473 3433 2528 ei-

1861 2546 2037 2614 v'itati.
2076 2580 2095 2612 ι
2134 2561 2270 2615 Cum
2324 2562 2428 2616 hoc
2480 2563 2719 2632 primum
2768 2563 2974 2618 factum
3008 2564 3104 2626 sit,
3165 2563 3430 2633 propheta

1861 2659 2167 2706 extremum
2203 2653 2411 2721 posuit.
2441 2652 2578 2707 Nam
2611 2662 2731 2722 post
2750 2661 3028 2708 narratam
3052 2654 3430 2709 Ninevitarum

1861 2743 2262 2813 ptenitentiam,
2302 2745 2431 2801 huic
2468 2745 2802 2817 conjungere
2856 2746 3029 2805 voluit
3064 2746 3157 2802 Dei
3210 2746 3428 2801 miseri-

1862 2833 2137 2899 cordiam,
2157 2842 2210 2888 et
2240 2834 2519 2890 tristitiam
2554 2851 2675 2905 quae
2712 2852 2778 2891 ex
2815 2835 2906 2890 illa
2958 2837 3069 2893 sibi
3124 2837 3429 2894 accideret.

1862 2921 1977 2979 [loc
2004 2930 2187 2980 autem
2210 2925 2341 2981 ioco
2363 2942 2485 2996 quae
2514 2927 2841 2985 intermedia
2875 2927 3116 2996 fuerunt,
3155 2931 3431 3000 explicat:

1864 3016 2142 3080 videlicet,
2168 3019 2316 3087 quod
2342 3033 2468 3073 cum
2491 3019 2718 3074 verbum
2764 3018 2984 3074 Domini
3016 3023 3428 3089 annuntiasset,

1863 3125 1929 3163 cx
1967 3109 2101 3164 urbe
2141 3110 2357 3172 exierit,
2399 3118 2453 3164 et
2484 3110 2590 3166 tino
2650 3112 3002 3167 tabernacuio
3062 3115 3434 3184 praedictionis

1866 3200 2026 3254 tinem
2060 3203 2470 3271 .exspectaverit
2509 3221 2523 3257 :
2561 3204 2706 3272 quod
2745 3203 2974 3258 dubium
3029 3220 3141 3260 non
3172 3214 3260 3261 est
3306 3217 3435 3264 ante

1866 3306 2159 3347 maerorem
2208 3291 2412 3347 factum
2465 3292 2658 3349 fuisse.
2696 3293 2829 3349 Post
2885 3295 3234 3350 deﬁnitorum
3284 3298 3434 3353 enim

1865 3381 2076 3437 dierum
2106 3385 2289 3452 linem,
2315 3383 2453 3438 nihil
2487 3385 2618 3439 mali
2642 3386 2836 3440 urbem
2872 3386 3024 3443 illam
3048 3402 3180 3444 esse
3213 3403 3434 3458 passam

1866 3474 2082 3536 videns,
2116 3490 2242 3530 cum
2272 3477 2498 3533 tristitia
2533 3475 2705 3532 Deum
2735 3489 2996 3548 precatus
3025 3491 3129 3535 est.
3156 3479 3228 3535 Et
3253 3489 3437 3539 tamen

1867 3580 2063 3621 rursus
2097 3566 2145 3621 ei
2173 3568 2614 3624 consolationem
2643 3577 2825 3639 parat,
2853 3577 2909 3625 et
2938 3585 3006 3626 ex
3056 3571 3294 3640 quadam
3336 3587 3439 3628 cu-

1866 3655 2107 3721 curbita,
2136 3658 2273 3712 utei
2291 3658 2518 3728 placuit,
2552 3659 2739 3714 statim
2794 3667 3010 3725 exorta,
3062 3671 3118 3717 et
3174 3661 3438 3732 proiectis

1866 3746 2025 3819 longe
2056 3749 2225 3806 ramis
2249 3756 2597 3821 exporrecta,
2635 3750 2960 3807 umbraculo
3008 3750 3161 3809 Iacto
3187 3753 3239 3808 ei
3286 3753 3435 3812 sola-

1866 3838 2002 3908 tium
2049 3841 2276 3911 praebet.
2327 3840 2446 3897 Hoc
2482 3856 2614 3897 vero
2642 3861 2660 3899 Δι

1942 4018 2109 4078 Vens.
2142 4020 2305 4077 6.tEt
2331 4022 2591 4093 praecepit
2612 4020 2877 4078 Dominus
2905 4022 3049 4079 Deus
3079 4024 3434 4092 cucurbita,»

1868 4114 2073 4188 posuit,
2108 4127 2220 4169 non
2249 4128 2439 4169 vocem
2478 4112 2690 4185 1575
2719 4112 2963 4168 divinam
3011 4113 3117 4168 hoc
3171 4114 3291 4167 loco
3346 4115 3439 4169 de-

1868 4212 2205 4267 monstrans,
2260 4204 2353 4259 sed
2401 4204 2630 4267 docens,
2663 4201 3127 4271 quemadmodum
3184 4203 3347 4256 simul
3375 4216 3440 4255 ac

1869 4294 2013 4349 Deus
2039 4293 2236 4357 voluit,
2270 4295 2538 4361 producta
2567 4292 2754 4360 planta
2795 4290 3096 4344 exstiterit.
3134 4290 3225 4343 Sic
3267 4292 3436 4345 etiam

1869 4383 2125 4452 superius
2154 4380 2289 4435 dixit
2319 4399 2333 4435 :
2374 4400 2392 4432 ι
2424 4379 2488 4432 Et
2521 4378 2776 4449 prrecepit
2811 4376 3080 4432 Dominus
3101 4388 3243 4442 ceto,
3277 4397 3294 4429 ι
3330 4392 3438 4432 non

1869 4474 1964 4528 Dei
2017 4488 2151 4528 voce
2202 4474 2307 4527 hoc
2358 4470 2562 4525 factum
2617 4469 2829 4539 dicens,
2883 4470 2979 4527 sed
3035 4472 3312 4526 voluntate
3362 4483 3385 4511 ο
3416 4487 3437 4523 ι

1872 4579 1998 4617 nam
2028 4573 2347 4632 praeceptum
2369 4570 2530 4616 vocat
2560 4561 2921 4617 voluntatem.
2944 4560 3021 4614 Ita
3054 4562 3248 4617 beatus
3270 4560 3441 4618 Jonas

1868 4670 1969 4726 pro
1996 4654 2223 4709 tristitia
2257 4653 2499 4708 laetitiam
2538 4653 2806 4723 suscepit.
2842 4652 2923 4725 [7]
2955 4654 3025 4708 At
3068 4652 3210 4708 Deus
3248 4670 3441 4710 rursus

1870 4748 1977 4804 sub
2002 4749 2219 4800 ortutn‘
2252 4746 2387 4800 solis
2419 4746 2659 4799 radicem
2697 4745 3000 4799 cucurbita:
3030 4754 3129 4814 per
3147 4745 3441 4815 quemdam

1868 4854 2110 4894 vermem
2144 4838 2414 4907 corrupit,
2436 4845 2491 4891 et
2517 4836 2655 4892 solis
2676 4852 2903 4893 accessu
2927 4852 3249 4893 exarescere
3285 4838 3439 4892 fecit.

1876 4930 1991 4985 Hoc
2016 4938 2198 4985 autem
2239 4929 2407 4995 facto,
2439 4930 2683 5000 solisque
2714 4929 2888 4985 radiis
2937 4931 3100 4985 solito
3142 4931 3326 4986 aerius
3353 4946 3446 4984 ca-

1875 5031 1971 5093 put
1994 5020 2149 5077 Jonae
2167 5021 2529 5077 ferientibus:

1952 5116 2110 5168 Vens.
2136 5115 2189 5167 8.
2229 5133 2247 5163 ι
2294 5112 2561 5182 I'raacepit
2591 5113 2735 5166 enim
2767 5111 3033 5168 Dominus
3062 5125 3225 5168 vento
3267 5114 3445 5167 calido

1877 5213 1930 5258 et
1962 5205 2160 5268 urenti,
2217 5210 2271 5259 et
2322 5201 2599 5273 percussit
2647 5203 2730 5257 sol
2782 5218 2948 5272 super
3000 5213 3165 5274 caput
3218 5205 3439 5258 inme.»

1516 5536 1754 5591 VARI/i1}
1800 5535 2214 5590 LECTIOAES.

270 5658 315 5689 ⁸⁸
340 5656 497 5710 λάϐε.
522 5656 562 5707 Α
600 5656 723 5709 add.
760 5656 846 5725 δή.
889 5656 932 5686 ’θ
962 5656 1227 5723 ἀπ’ὲμοῦ.
1260 5655 1335 5708 Ex
1367 5656 1411 5708 A
1444 5668 1496 5709 et
1536 5653 1576 5708 C
1613 5655 1760 5723 supp'

1872 5655 1917 5725 '_°
1952 5652 2220 5725 “Otapt‘s.
2252 5650 2311 5725 in
2351 5651 2414 5725 A_.
2493 5651 2534 5725 '_'
2574 5651 2805 5725 perpes.
2844 5650 2912 5725 ib.
2958 5648 3002 5677 “
3034 5649 3075 5698 Λ
3114 5642 3446 5713 meme”

208 5726 399 5790 Ἰωνᾶς
431 5728 496 5778 ὲκ
526 5727 625 5795 τῆς
656 5725 882 5786 πόλεως.
968 5725 1014 5754 ⁸³
1042 5727 1156 5777 καί.
1194 5725 1317 5779 Des.
1340 5727 1393 5779 in
1418 5726 1480 5779 (ἶ.

449 5823 717 5883 ΡΑΤιιοι.
764 5822 878 5879 Gn.
921 5820 1176 5880 LXXXI.

1584 5725 1629 5755 ⁸⁵
1647 5718 1848 5785 δ’θεός.
1879 5718 2004 5777 Βοέ.
2048 5722 2182 5776 ibid.
2269 5722 2312 5752 ”
2338 5721 2463 5792 γάρ.
2496 5721 2537 5775 C
2575 5718 2747 5785 addit,
2781 5718 2931 5788 φησί.

2981 5807 3052 5870 55
