3904 6202
466 344 604 407 1739

1463 339 1951 403 TIIEODORETI
1981 337 2320 403 EPISCOPI
2352 341 2719 405 CYRENSIS

3580 338 3648 398 1-7
3656 337 3719 399 ιθ

461 459 664 511 lterum
717 454 983 525 prapheta
1026 453 1082 507 in
1125 450 1394 524 majorem
1432 452 1940 522 pusillanimitatem
1989 460 2026 502 ei

2159 450 2334 505 Ἰωνᾶ.
2382 471 2401 503 ι
2437 452 2603 506 Πάλιν
2654 454 2684 504 ό
2742 449 3026 520 προφήτης
3084 448 3165 511 είς
3214 445 3570 517 pupaszch
3629 450 3718 500 7.-.!

456 549 702 603 dolorem
743 546 959 610 recidit,
991 555 1048 602 et
1080 561 1146 602 eo
1177 546 1441 602 redactus
1475 554 1581 609 est,
1619 554 1678 599 ut
1727 544 1851 597 vitae
1891 556 2041 595 mor-

458 649 564 693 tem
625 646 1003 708 anteponeret.
1068 636 1149 710 [9]
1206 636 1679 709 At~peccatorum
1734 643 1959 691 curator
1986 640 2040 687 et

452 727 727 794 justorum
780 735 1089 798 protector,
1135 728 1464 798 prophetam
1516 726 1873 797 interrogavit
1907 742 1921 780 :
1954 726 2036 779 An

452 816 610 873 valde
659 818 980 873 tristaretur
1038 820 1109 873 ob
1147 819 1539 874 cucurbitaiu?
1601 817 1823 891 [ιθ,ιι]
1878 817 2036 883 Quod

453 909 544 963 ubi
594 911 867 980 propheta
926 909 1221 966 confessus
1277 917 1432 975 erat,
1489 910 1561 964 ita
1594 919 1655 964 ut
1701 909 1822 978 ejus
1869 923 2036 963 causa

452 1008 687 1057 mortem
727 1003 852 1056 vitae
883 1003 1216 1058 anteferret:
1250 1001 1348 1065 Te,
1379 1002 1560 1073 inquit
1596 1001 1763 1069 Deus,
1792 1009 1917 1054 utar
1939 1000 2035 1069 ju-

451 1092 594 1170 dice.
631 1092 934 1149 Considera
972 1094 1156 1164 itaque
1194 1109 1263 1149 an
1318 1109 1535 1164 aequum
1587 1094 1680 1160 sit,
1703 1103 1767 1148 te
1808 1092 2033 1163 quidem

451 1185 523 1240 ob
545 1186 894 1241 cucurbitam
939 1185 1149 1249 dolere,
1185 1186 1348 1257 cujus
1397 1186 1634 1241 colonus
1689 1199 1800 1239 non
1852 1183 2031 1248 l‘uisti,

452 1277 652 1348 (neque
704 1278 851 1334 enim
890 1278 1178 1349 plantasti,
1244 1293 1425 1349 neque
1458 1278 1702 1349 irrigasti
1741 1295 1755 1331 :
1791 1275 1885 1331 sed
1931 1277 2034 1330 sub

449 1385 705 1425 auroram
731 1381 881 1435 nata,
925 1371 1016 1425 die
1058 1370 1307 1439 sequenti
1342 1384 1373 1424 a
1404 1385 1591 1425 verme
1638 1379 1693 1425 et
1732 1370 1849 1424 sole
1897 1384 2033 1422 con-

448 1471 666 1533 sumpta
698 1466 829 1532 est),
863 1478 950 1517 tne
1004 1471 1186 1517 autem
1236 1471 1412 1518 tantas
1468 1464 1590 1519 urbi
1634 1478 1742 1518 non
1777 1477 2029 1533 parcere,

448 1567 568 1623 quae
592 1567 621 1606 δ
647 1567 734 1607 me
764 1552 990 1608 condita
1020 1561 1128 1619 est,
1158 1553 1214 1606 in
1259 1569 1366 1623 qua
1419 1553 1673 1608 habitant
1705 1554 1831 1625 plus
1864 1569 2029 1624 quam

448 1644 736 1699 duodecim
780 1643 1060 1716 myriades
1107 1644 1416 1708 hominum,
1465 1646 1562 1717 qui
1611 1645 1894 1701 dexteram
1947 1645 2030 1699 vel

448 1736 730 1792 sinistram
773 1750 931 1792 suam
958 1751 1069 1791 non
1106 1746 1336 1803 norunt,
1363 1743 1418 1792 et
1445 1750 1652 1806 pecora
1685 1738 1878 1791 multa.
1915 1736 2029 1791 Hoc

2141 541 2332 612 ὀδύνην
2354 542 2625 613 ἐπανῆλθε
2660 540 2903 611 μείζονα,
2935 540 3031 592 καὶ
3061 538 3359 592 καθίστατο
3382 539 3429 570 ⁵⁸
3456 538 3550 605 τῆς
3571 538 3720 606 ζωῆς

2139 632 2232 685 τὸν
2290 632 2517 687 θάνατον
2561 630 3017 702 προαιρούμενος.
3075 629 3216 682 Ἀλλ’
3251 625 3460 692 αὖθιςὸ
3485 630 3576 682 καὶ
3615 630 3723 681 tciri

2139 725 2482 796 ἁμαρτωλῶν
2511 728 2812 795 κηδὸμενος
2844 725 2938 777 καὶ
2984 723 3096 776 τῶν
3153 721 3381 775 δικαίων
3413 721 3720 792 προμηθού·

2142 831 2323 884 μενος,
2354 817 2518 886 ἤρετο
2548 817 2638 868 τὸν
2668 816 2975 888 προφήτην,
2998 815 3046 867 εί
3066 812 3184 866 λίαν
3204 814 3299 864 ἐπὶ
3328 815 3393 880 τῇ
3424 812 3720 881 κολοκύνθης

2137 905 2455 976 λελύπηται·
2485 906 2582 960 τοῦ
2611 908 2667 960 δὲ
2699 907 2859 961 τοῦτο
2892 905 3125 977 πάσχειν
3158 905 3615 976 ὁμολογήσαντος,
3649 906 3722 967 ὡς

2137 1001 2230 1051 καὶ
2252 999 2480 1052 θάνατον
2538 1000 2727 1055 τούτου
2766 1016 2831 1069 γε
2892 1000 3078 1052 εἵνεκα
3108 999 3207 1067 τῆς
3243 998 3393 1066 ζωῆς
3426 999 3720 1067 προτιμᾷιιο

2136 1090 2249 1152 Σοὶ,
2277 1091 2441 1160 φησὶν
2466 1091 2494 1143 ὁ
2519 1090 2671 1154 Θεὸς,
2697 1091 2917 1161 χρῶμαι
2974 1091 3170 1160 κριτῇ·
3208 1090 3483 1157 σκόπησον
3524 1090 3720 1153 τοίνυη,

2134 1182 2433 1247 είδίκαιον,
2462 1183 2521 1236 σὲ
2547 1184 2645 1253 μὲν
2690 1183 2831 1253 ὑπὲρ
2875 1184 2973 1251 τῆς
3027 1181 3361 1250 κολοκύνθης
3415 1181 3624 1246 ἀλγεῖν,
3657 1176 3720 1248 ἧς

2133 1274 2195 1327 οὐ
2228 1276 2521 1346 γεγένησαι
2552 1275 2797 1344 γεωργὸς
2844 1273 2989 1343 (οὔτε
3035 1275 3143 1344 γαρ
3204 1273 3533 1340 ὲφᾶτευσας,
3599 1271 3721 1323 οὔτε

2139 1366 2430 1436 ἧρδευσας,
2458 1364 2572 1418 ἀλλ’
2607 1366 2712 1418 ὑπὸ
2741 1366 2839 1435 τὴν
2875 1365 2953 1418 ἕω
2987 1364 3277 1434 γενομένη,
3322 1361 3613 1431 σκώληκος
3657 1366 3719 1432 τῇ

2134 1457 2398 1530 ὑστεραίᾳ
2422 1458 2517 1511 καὶ
2542 1457 2696 1529 ἡλίου
2724 1458 3019 1527 γεγένηται
3062 1454 3493 1529 παρανάλωμα),
3530 1455 3634 1524 ἐμὲ
3669 1456 3721 1507 δὲ

2132 1549 2366 1620 ἀφειδῶς
2384 1550 2624 1622 τοσαύτη
2649 1549 2959 1621 χρήσασθαι
2990 1549 3165 1613 πόλει,
3205 1548 3299 1602 ὑπ’
3329 1548 3469 1619 ἐμοῦ
3498 1548 3564 1601 τὸ
3586 1544 3720 1600 εἶναι

2130 1644 2390 1716 λαϐούσῃ,
2412 1647 2469 1698 ὲν
2500 1639 2534 1716 ᾖ
2565 1645 2880 1699 κατοικοῦσι
2904 1644 3125 1708 πλείους
3158 1643 3192 1715 ἢ
3224 1642 3431 1696 διίιδεκα
3462 1644 3722 1714 μυριάδες

2133 1735 2459 1808 ἀνθρώπων,
2514 1738 2715 1802 οἵτινες
2770 1737 2873 1790 οὐκ
2922 1736 3169 1805 ἔγνωσαν
3219 1735 3405 1801 δεξιὰν
3446 1736 3658 1800 αὐτῶν,
3686 1738 3719 1806 ἦ

447 1830 612 1899 igitur
641 1830 1025 1893 considerans,
1080 1828 1361 1884 admirare
1423 1829 1887 1893 misericordiam,
1944 1837 2026 1884 ut-

2132 1830 2428 1902 ἀριστερὰν
2479 1830 2682 1894 αὐτῶν,
2745 1829 2837 1882 καὶ
2902 1830 3073 1900 κτήνη
3107 1827 3295 1882 πολλά.
3330 1826 3505 1879 Τοῦτο
3538 1827 3723 1881 τοίνυν

444 1930 573 1993 pate
611 1923 953 1993 probabilem
983 1930 1037 1977 et
1069 1921 1481 1978 rationabilem.
1540 1921 1653 1978 Hoc
1684 1938 1838 1985 vero,
1881 1921 2029 1992 quod

444 2013 579 2067 ait:
639 2031 658 2064 ι
721 2013 826 2079 Qui
884 2013 1147 2083 ignorant
1203 2014 1528 2077 dexteram,
1590 2015 1674 2070 vel
1744 2016 2027 2071 sinistram

442 2118 621 2169 suam,
658 2123 678 2155 ι
707 2104 933 2174 quidam
978 2106 1054 2161 de.
1106 2104 1321 2177 1476
1378 2106 1736 2177 simplicitate
1800 2122 2029 2178 accepe-

441 2202 609 2259 runt;
677 2195 811 2250 mihi
884 2210 1015 2250 vero
1109 2195 1517 2251 multitudinem
1595 2198 2023 2253 inhabitantium

439 2282 724 2351 iuniorum
781 2283 1015 2338 inuuere
1056 2282 1327 2340 videtur:
1362 2292 1528 2353 atque
1583 2284 1700 2355 ipse
1750 2285 2023 2341 dictorum

442 2388 645 2443 scopus
695 2387 794 2428 nos
858 2373 924 2428 ad
979 2373 1129 2428 hanc
1192 2372 1617 2445 intelligentiam
1668 2375 1914 2432 adducit.
1965 2377 2023 2433 Si

439 2468 609 2523 enim.
642 2465 845 2536 inquit,
895 2475 1257 2536 peccatorum
1298 2466 1682 2537 paenitentiam
1733 2470 2025 2539 suscipere

443 2568 550 2609 non
577 2556 847 2624 oportuit,
884 2555 1251 2611 conveniebat
1280 2556 1477 2611 saltem
1514 2563 1596 2612 tot
1644 2559 1877 2614 millium
1922 2563 2026 2617 mi-

442 2647 637 2712 sereri,
663 2647 758 2715 qui
784 2661 883 2717 per
917 2653 1135 2703 aetatem
1169 2662 1272 2702 nec
1304 2647 1590 2703 sinistram
1639 2664 1887 2715 manum,
1922 2667 2025 2707 nec

438 2739 717 2794 dexteram
750 2747 976 2793 norunt.
1033 2738 1115 2793 Ad
1161 2738 1278 2794 haec
1338 2754 1541 2799 pecora
1590 2741 2023 2799 innumerabilia

440 2755 717 2794 dexteram
750 2755 976 2793 norunt.
1033 2755 1115 2793 aa
1162 2755 1278 2794 haec
1376 2755 1541 2795 ecora
1590 2755 2023 2799 innumerabilia

440 2830 573 2888 urbs
603 2830 791 2894 habet,
826 2844 948 2899 quas
980 2836 1035 2885 et
1073 2831 1194 2900 ipsa
1252 2755 1438 2887 nugas
1471 2847 1574 2901 pro
1605 2834 1852 2902 peccatis
1907 2851 2023 2906 pm-

439 2937 542 2979 nas
576 2922 798 2979 debent.
835 2921 995 2978 Sicut
1031 2938 1164 2993 ergo
1197 2922 1363 2977 bruta
1401 2925 1775 2980 animantium
1812 2927 2023 2984 idcirco

440 3016 602 3082 dixit,
644 3014 727 3071 sic
753 3023 808 3070 et
836 3015 1188 3070 immaturam
1228 3022 1447 3072 aetatem
1484 3034 1500 3073 :
1544 3021 1693 3089 quod
1724 3035 1903 3092 neque
1954 3023 2023 3078 ab

2131 1921 2499 1993 λογιζόμενος,
2533 1921 2814 1993 θαύμασον
2840 1920 2937 1993 τὴν
2987 1921 3417 1993 φιλανθρωπίαν,
3444 1918 3611 1983 ὼςτδ
3634 1919 3720 1973 εὖ·

2129 2015 2289 2086 λογον
2336 2015 2586 2086 ἔχουσαν.
2621 2014 2693 2068 Τὸ
2726 2013 2806 2079 δὲ,
2844 2033 2862 2067 ι
2889 2014 3003 2067 Οὐκ
3028 2012 3273 2081 ἔγνωσαν
3319 2011 3503 2077 δεξιὰν
3538 2012 3723 2065 αὑτῶν

2128 2107 2163 2179 ἢ
2199 2105 2496 2179 ἀριστερὰν
2539 2105 2743 2169 αὐτῶν,
2777 2123 2796 2155 ι
2831 2104 2975 2167 τινὲς
3021 2104 3114 2155 ἐπὶ
3158 2102 3465 2172 ἁπλότητος
3509 2102 3722 2171 ἐξειλή-

2130 2215 2293 2268 φασιν
2311 2213 2325 2226 '
2367 2197 2489 2270 ἐμοὶ
2517 2196 2572 2250 δὲ
2584 2196 2733 2250 δοκεῖ
2752 2195 2810 2250 τὸ
2840 2194 3045 2264 πλῆθος
3068 2195 3177 2249 τῶν
3195 2193 3555 2247 ἐνοικούντων
3590 2192 3723 2245 vim

2128 2290 2493 2343 αἰνίττεσθαιο
2527 2289 2622 2342 καὶ
2649 2290 2678 2343 ό
2712 2288 2909 2351 σκοπὸς
2967 2288 3022 2341 δὲ
3064 2287 3176 2340 τῶν
3224 2286 3538 2358 εἰρημένων
3588 2285 3721 2356 πρὶς

2126 2382 2329 2453 ταύτην
2358 2383 2507 2452 ἡμᾶς
2540 2380 2763 2448 ποδηγεί
2790 2380 2891 2450 τὴν
2919 2379 3179 2433 διάνοιαν,
3216 2379 3280 2432 Εἰ
3307 2379 3415 2450 γὰρ
3453 2378 3561 2432 οὒκ
3598 2378 3719 2440 ἔδει,

2127 2476 2282 2545 φησι,
2347 2474 2604 2539 δέξασθαι
2642 2476 2747 2545 τὴν
2807 2472 2917 2526 τῶν
2984 2472 3327 2544 ἁμαρτωλῶν
3389 2472 3719 2542 μετάνοιαν,

2128 2567 2295 2637 ἐχρῆν
2325 2565 2456 2635 γοῦν
2481 2561 2664 2619 οἶκτόν
2713 2581 2836 2618 τινα
2879 2563 3064 2617 λαϐεῖν
3115 2563 3386 2616 τοσούτων
3409 2563 3717 2634 μυριάδων,

2125 2654 2206 2721 οἷς
2234 2658 2322 2711 διὰ
2341 2658 2402 2711 τὸ
2435 2658 2555 2711 νέον
2605 2656 2708 2727 τῆς
2759 2656 3000 2727 ἡλικίας,
3033 2655 3099 2707 οὐ
3124 2655 3222 2725 τῆς
3251 2654 3430 2718 δεξιᾶς
3459 2655 3558 2705 καὶ
3599 2654 3715 2723 ἀρισ

2128 2750 2325 2818 στερᾶς
2352 2748 2584 2819 χειρὸςή
2608 2748 2812 2816 γνῶσις
2848 2748 3090 2816 ὲνετέθη.
3122 2746 3263 2816 Πρὸς
3283 2745 3340 2800 δὲ
3379 2744 3604 2809 τούτοις
3634 2748 3719 2798 καὶ

2125 2842 2296 2912 κτήνη
2323 2840 2558 2894 νικῶντα
2600 2840 2691 2894 τὸν
2743 2839 3038 2911 ἀριθμὸνὴ
3082 2838 3232 2901 πόλις
3277 2838 3413 2908 ἔχει,
3455 2837 3719 2906 οὐδεμίαν

2127 2933 2249 2986 οὐδὲ
2299 2933 2438 2988 αὐτὰ
2495 2932 2653 3003 δίκην
2703 2931 2846 3004 ὑπὲρ
2911 2929 3328 3003 ἁμαρτημάτων
3400 2929 3715 2999 ὀφείλοντα.

2130 3023 2340 3095 Ὠσπερ
2368 3019 2459 3077 οὖν
2481 3022 2549 3076 τὰ
2591 3022 2762 3093 κτήνη
2787 3022 2875 3074 διὰ
2903 3020 3063 3074 τοῦτο
3111 3018 3522 3091 προστέθεικεν,
3582 3020 3719 3073 citro

443 3109 549 3174 his,
590 3122 771 3178 neque
814 3107 882 3163 ab
912 3107 1023 3164 illis
1060 3116 1415 3177 peccatorum
1456 3124 1635 3180 preme
1683 3113 1852 3184 repeti
1898 3113 2023 3184 jure

2130 3118 2221 3170 καὶ
2247 3116 2348 3186 τὴν
2393 3115 2570 3187 ἄωρον
2601 3116 2817 3186 ἠλικίαν
2842 3115 2887 3146 ⁸⁷
2913 3131 2927 3145 ·
2959 3114 3034 3178 ὠς
3084 3116 3219 3184 μήτε
3270 3115 3479 3167 τούτων
3504 3155 3520 3177 ,
3586 3116 3716 3184 μήτε

445 3200 681 3270 possint.
709 3200 884 3269 Atque
921 3199 1007 3253 hic
1030 3198 1252 3270 quidem
1296 3200 1422 3256 linis
1444 3210 1529 3258 est
1558 3205 1882 3275 prophetiae.
1912 3206 2022 3263 Nos

442 3301 624 3347 autem
662 3292 865 3347 bonum
898 3290 1191 3346 Dominum
1242 3300 1497 3348 nostrum
1549 3296 1806 3353 laudibus
1855 3314 2024 3355 orne-

441 3399 585 3446 mns.
620 3384 711 3454 qui
740 3384 935 3440 nolens
962 3391 1189 3438 mortem
1215 3386 1547 3454 peccatoris,
1580 3389 1676 3444 sed
1702 3397 1764 3444 ut
1787 3404 2017 3448 conver-

442 3485 589 3531 tatur
640 3486 693 3531 ct
724 3477 907 3539 evivat,
964 3475 1240 3531 interdum
1313 3487 1540 3536 sanctos
1604 3483 1758 3538 viros
1809 3484 2022 3542 tristari

443 3570 666 3638 patitur,
698 3576 753 3623 et
776 3568 1092 3625 nolentibus
1123 3568 1279 3640 ipsis,
1301 3570 1738 3629 misericordiam
1766 3575 2019 3649 largitur.

443 3660 532 3715 Sic
565 3660 712 3715 Elias
746 3675 976 3731 magnus
1023 3675 1149 3716 cum
1211 3660 1453 3731 pluviam
1500 3663 1857 3732 inhibuisset,
1904 3668 2024 3739 ipse

441 3767 702 3829 tanquam
726 3759 936 3828 legatus
964 3755 1176 3812 accedit
1199 3755 1264 3810 ad
1284 3772 1529 3823 servum,
1554 3758 1779 3815 dicens:
1806 3777 1824 3810 ι
1852 3759 2021 3827 Vade,

441 3861 497 3904 et
528 3850 759 3905 ostende
790 3859 845 3903 te
873 3849 1118 3914 Achabo,
1145 3856 1199 3903 et
1240 3848 1385 3905 dabo
1434 3849 1674 3920 pluviam
1724 3865 1891 3921 super
1939 3851 2022 3906 fa-

442 3941 579 3996 ciem
607 3948 768 3994 terra).
792 3939 834 3994 ι’.
875 3960 894 3993 ι
924 3939 1095 3994 Tanta
1123 3942 1309 4011 itaque
1338 3938 1430 3995 Dei
1469 3940 1809 4011 benignitate
1834 3940 2025 3998 fruen—

443 4041 558 4093 tes.
608 4040 1005 4102 congruentem
1064 4030 1347 4086 beneﬂciis
1408 4030 1653 4083 animum
1729 4045 2022 4100 geramus,

443 4131 608 4194 atque
630 4138 695 4179 ex
729 4123 933 4178 divinis
972 4123 1091 4193 ejus
1131 4123 1355 4194 legibus
1418 4122 1584 4174 vitam
1635 4120 2023 4191 inl‘ormemus,

442 4221 501 4268 ut
534 4230 598 4269 ex
627 4214 715 4270 his
741 4213 959 4269 fruetus
987 4215 1164 4269 honos
1201 4220 1259 4267 et
1295 4219 1585 4281 exoptatus
1621 4213 2023 4283 percipiamus,

441 4307 780 4377 benignitate
831 4307 1046 4362 Domini
1099 4303 1279 4359 nostri
1299 4301 1428 4357 Jesu
1490 4302 1725 4369 Christi,
1781 4319 2020 4375 quocum

441 4398 615 4468 gloria
664 4396 838 4461 Patri,
892 4412 1001 4452 una
1053 4409 1182 4451 cum
1246 4402 1441 4448 sancto
1493 4393 1725 4463 Spiritu,
1760 4414 1907 4453 nunc
1969 4407 2023 4455 et

442 4506 681 4563 semper,
712 4499 766 4548 et
792 4492 848 4545 in
883 4488 1087 4544 saecula
1119 4486 1475 4542 saeculorum.
1512 4485 1703 4543 Amen.

2125 3207 2367 3273 ἐκείνων,
2390 3206 2581 3280 ποινὴν
2606 3207 2747 3277 ὑπὲρ
2772 3206 3188 3278 ἁμαρτημάτων
3207 3206 3427 3269 ἐνδίκως
3448 3207 3716 3275 εἰσπρατο

2124 3301 2388 3371 τομένων.
2450 3299 2561 3369 Τῆς
2618 3299 2717 3370 μὲν
2758 3294 2853 3353 οὖν
2882 3299 3218 3369 προφητείας
3248 3297 3407 3351 τοῦτο
3443 3298 3511 3350 τὸ
3540 3299 3714 3357 τέλος.

2138 3393 2329 3465 Ἡμεῖς
2358 3391 2413 3445 δὲ
2439 3395 2531 3445 τὸν
2590 3390 2796 3461 ἀγαθὸν
2847 3391 3004 3462 ἡμῶν
3035 3389 3313 3457 Δεσπότην
3356 3390 3712 3460 ὑμνήσωμεν,

2125 3484 2184 3549 ὃς
2212 3486 2271 3538 οὐ
2311 3483 2637 3555 βουλόμενος
2666 3482 2760 3536 τοῦ
2789 3480 3116 3554 ἀμαρτωλοῦ
3137 3481 3229 3535 τὸν
3261 3481 3524 3546 θάνατον,
3555 3481 3635 3545 ὡς
3660 3481 3714 3533 τὶ

2126 3576 2454 3649 ἐπιστρέψαι
2494 3575 2588 3630 καὶ
2649 3574 2749 3647 ζῇν
2801 3574 2984 3638 αὐτὸν,
3037 3574 3131 3628 καὶ
3180 3572 3369 3626 λυπεῖν
3430 3572 3586 3625 ἔστιν
3629 3573 3711 3625 ὅτε

2125 3669 2252 3732 τοὺς
2289 3668 2475 3737 ἁγίους
2518 3666 2717 3736 ἄνδρας
2770 3665 3043 3737 ἀνέχεται,
3095 3665 3190 3719 καὶ
3241 3666 3316 3736 μὴ
3375 3663 3713 3735 βουλομένων

2127 3758 2306 3812 αὐτῶν
2332 3758 2512 3831 ὀρέγει
2556 3759 2648 3810 τὸν
2697 3756 2864 3812 ἔλεον.
2900 3755 3087 3820 Οὕτως
3120 3755 3278 3809 Ἠλία
3325 3755 3421 3808 τοῦ
3463 3758 3610 3808 πάνυ
3631 3754 3711 3805 τὸν

2129 3850 2283 3903 ὑετὸν
2306 3851 2644 3921 ἐπισχόντος,
2697 3849 2861 3912 αὐτὸς
2894 3842 3005 3903 οἷόν
3036 3866 3119 3911 τις
3154 3847 3505 3919 πρεσϐευτὴς
3542 3862 3709 3915 παρα-

2126 3942 2334 4011 γίνεται
2368 3944 2502 4011 πρὸς
2536 3944 2626 3995 τὸν
2679 3942 2885 4009 δοῦλον,
2944 3963 2961 3995 ι
3000 3942 3329 4014 Πορεύθητι,
3384 3941 3588 4009 λέγων,
3624 3938 3710 3992 καὶ

2125 4034 2320 4105 ὄφθητι
2380 4035 2457 4105 τῷ
2499 4034 2729 4105 Ἀχαὰϐ,
2770 4036 2863 4089 καὶ
2922 4034 3078 4089 δώσω
3121 4035 3214 4088 τὸν
3241 4032 3399 4088 ὑετὸν
3429 4033 3524 4085 ἐπὶ
3551 4047 3708 4102 προσ-

2126 4128 2277 4181 ώπου
2302 4128 2402 4197 τῆς
2445 4130 2568 4197 γῆς.
2611 4146 2627 4178 ι
2666 4127 2951 4199 ἰὀσαύτης
3017 4126 3312 4199 τοιγαροῦν
3373 4126 3708 4197 ἡμερότητος

2126 4220 2509 4283 ἀπολαύοντες,
2564 4222 2682 4283 ταῖς
2739 4220 3086 4290 εὐεργεσίαις
3153 4218 3543 4290 ἁρμόττουσαν
3616 4215 3706 4283 τὴν

2126 4312 2351 4383 γνώμην
2406 4311 2822 4382 ὲπιδειξὼμεθα,
2865 4312 2960 4365 καὶ
2999 4311 3140 4365 κατὰ
3168 4313 3293 4373 τοὺς
3339 4309 3520 4369 θείους
3552 4306 3703 4361 αὑτοῦ

2128 4402 2573 4474 πολιτευσώμεθα
2594 4403 2815 4473 νόμους,
2848 4403 2938 4457 ἵνα
2965 4402 3295 4474 δρεψώμεοα
3321 4404 3452 4465 τοὺς
3480 4399 3706 4469 ἀγαθοὺς

2054 4492 2098 4547 D
2127 4497 2331 4550 τούτων
2365 4497 2455 4549 καὶ
2487 4496 2826 4565 ἐπεράστους
2865 4496 3131 4566 καρποὺς,
3163 4495 3351 4565 χάριτι
3382 4492 3479 4547 τοῦ
3510 4490 3702 4562 Κυρίου

440 4586 599 4658 ἡμῶν
638 4585 812 4658 Ἰησοῦ
846 4580 1103 4654 Χριστοῦ,
1137 4579 1256 4653 μεθ’
1285 4574 1345 4636 οὗ
1371 4580 1449 4654 τῷ
1475 4582 1704 4657 Πατρὶὴ
1735 4583 1881 4653 δόξα,
1918 4589 2016 4644 σὺν
2049 4594 2190 4665 ἁγίῳ
2217 4592 2518 4663 Πνεύλιατι,
2553 4590 2645 4643 νῦν
2681 4590 2774 4644 καὶ
2810 4590 2917 4656 ἀεὶ,
2949 4590 3041 4643 καὶ
3078 4591 3158 4653 εἰς
3191 4590 3318 4653 τοὺς
3354 4587 3558 4649 αἰῶνας
3606 4583 3703 4637 τῶν

442 4678 674 4735 αἰώνων.
720 4678 911 4750 Ἀμήν.

520 4862 539 4901 τ
567 4861 634 4916 lli
665 4859 798 4932 Reg.
822 4872 976 4925 xvm,
1008 4859 1056 4924 l,
1078 4859 1236 4931 juxta
1263 4863 1433 4920 LXX.

1742 5015 1975 5073 VARIIE
2010 5014 2413 5073 LECTIONES.

541 5143 587 5177 “
609 5142 734 5201 καθ.
757 5143 799 5202 C
827 5142 1124 5215 ἀπελέγετο
1196 5144 1242 5178 ⁵⁷
1278 5143 1367 5215 ηλ.
1398 5141 1441 5199 C
1475 5139 1602 5197 add.
1631 5135 2042 5209 προστέθεικεν.
