3904 6202
312 404 442 466 1747

352 404 442 466 ῖ4¹ῖ
1316 391 1785 451 ΓΗΕΟΒΟΒΕΤΙ
1816 389 1899 449 EF

2007 388 2151 448 IOPI
2192 381 2556 447 CYRENSIS

3439 366 3568 434 1748

308 524 362 568 et
391 507 725 581 pratvidebat
755 502 1094 573 alienigenas
1127 498 1341 571 1482
1374 499 1444 554 de
1481 498 1677 553 borum
1721 499 1880 553 malis

2007 495 2077 548 τού
2126 493 2341 565 Ἰσραὴλ
2408 491 2601 559 φυλαῖς
2634 482 3030 556 προηγόρευσε,
3057 478 3315 552 προεώρα
3359 477 3418 533 δὲ
3442 482 3564 545 τοὺς

309 601 598 672 gavisurus
643 610 789 662 esse,
821 591 889 647 ad
939 591 1063 647 illos
1110 602 1419 646 sermonem
1468 587 1772 655 convertit,
1830 596 1885 642 et

310 692 449 747 dixit
473 709 487 745 :
1434 672 1443 675 μ

387 782 552 836 Vens.
585 778 675 833 10.
705 794 727 829 ι
754 775 860 843 Qui
888 776 946 830 in
971 774 1109 831 Geth
1132 813 1148 839 ,
1179 772 1352 829 nolite
1380 768 1719 842 magniﬁcari
1750 786 1763 822 :
1791 767 1886 839 qui

315 873 370 928 in
403 869 631 927 Enacim
654 908 670 935 ,
698 868 873 923 nolite
918 865 1256 923 reaedilieare
1284 879 1350 919 ex
1379 862 1544 918 domo
1593 859 1838 914 derisum
1869 875 1882 912 :

321 974 523 1019 terram
557 960 833 1031 aspergite
859 957 927 1013 ad
957 956 1203 1014 derisum
1238 962 1507 1011 vestrum.
1540 971 1560 1006 ι
1584 951 1662 1008 Ne
1687 950 1887 1007 edera-

314 1053 447 1109 mini
475 1068 539 1108 ex
573 1052 768 1107 horum
800 1049 1114 1105 calamitate
1153 1047 1535 1109 exsultantes,
1565 1042 1726 1114 quasi
1772 1055 1888 1095 ma-

315 1147 493 1200 lormn
526 1152 782 1214 expertes
816 1141 1093 1196 maneatis
1122 1158 1137 1195 :
1175 1138 1269 1194 sed
1302 1151 1401 1208 pro
1431 1136 1749 1196 derisione,
1778 1148 1886 1204 qua

312 1244 506 1293 contra
553 1235 832 1292 Israelitas
877 1233 964 1289 usi
1004 1232 1177 1295 estis,
1218 1230 1442 1302 pulvere
1470 1227 1760 1297 conspersi
1786 1224 1887 1281 do-

317 1327 578 1385 mesticas
623 1327 808 1394 lugete
855 1323 1226 1378 calamitates.
1262 1318 1490 1375 Enaeim
1539 1324 1722 1371 autem
1777 1329 1888 1369 non

315 1427 401 1475 est
421 1461 436 1486 ,
465 1426 526 1473 ut
552 1417 776 1488 quidam
804 1415 1198 1471 existimarunt
1218 1453 1232 1475 ,
1258 1410 1392 1467 urbs
1417 1424 1448 1464 a
1468 1408 1608 1465 Getlt
1635 1406 1887 1463 diversa:

317 1514 415 1569 sed
450 1512 792 1567 habitatores
833 1508 969 1565 Geth
1005 1508 1243 1579 appellat
1280 1505 1499 1560 Enacim
1529 1504 1599 1559 ab
1628 1504 1780 1559 Enac
1810 1500 1893 1572 gi-

316 1613 478 1677 gante
513 1602 825 1668 oriundos;
856 1601 1013 1671 quod
1037 1600 1261 1670 quidem
1294 1614 1363 1656 ex
1395 1596 1586 1653 multis
1628 1594 1766 1650 locis
1807 1594 1893 1649 di-

319 1698 458 1752 vina:
486 1695 785 1766 Scripturaa
810 1692 1071 1763 cognosci
1103 1698 1306 1761 potest.

1986 584 2321 654 ἀλλοφύλους
2366 584 2479 645 τοῖς
2531 578 2738 633 τούτων
2805 571 3290 645 ὲφησθησομένους
3320 586 3323 591 ‘
3355 573 3566 634 κακοῖς,

1988 677 2126 749 πρὸς
2157 673 2361 737 αὐτοὺς
2385 670 2577 742 τρέπει
2601 669 2692 722 τὸν
2715 666 2892 734 λόγον,
2928 664 3022 718 καί
3054 677 3250 735 φησιν·

2058 765 2115 820 ι’.
2163 784 2183 817 ‹
2212 765 2277 817 Ol
2309 765 2367 816 ὲν
2395 761 2518 822 Γὲθ,
2561 759 2636 829 μὴ
2674 753 3068 827 μεγαλύνεσθε,
3105 752 3202 805 καὶ
3233 752 3286 805 σί
3316 749 3570 818 Ἐνακὶμ,

1990 856 2068 929 μὴ
2096 853 2500 923 ἀνοικοδομεϊτε
2526 849 2584 915 ἐξ
2619 849 2769 901 οίκου
2792 844 3154 914 καταγέλωτα
3169 842 3218 876 ⁸⁸
3240 859 3254 874 ο
3274 844 3380 913 γῆν
3408 856 3573 895 κατα-

1988 944 2273 1003 πάσσασθε
2327 945 2407 1007 είς
2458 940 2551 994 τὸν
2587 936 2950 1007 καταγέλωτα
2989 933 3166 1006 ὑμῶν.
3212 952 3230 985 ι
3268 931 3364 1002 Μὴ
3401 946 3569 1001 μεγα-

1990 1040 2260 1111 φρονείτε,
2285 1036 2406 1098 ταῖς
2433 1032 2638 1085 τούτων
2670 1028 2976 1099 συμφοραῖς
2993 1023 3340 1095 ὲφηδόμενοι,
3370 1021 3451 1083 ὡς
3476 1020 3574 1111 at):

1987 1103 2069 1185 τοὶ
2120 1129 2372 1200 μένοντες
2405 1124 2677 1195 ἀκήρατοι
2704 1136 2717 1150 ·
2752 1120 2872 1175 ἀλλ’
2911 1117 3036 1173 ἀντὶ
3090 1114 3184 1170 τοῦ
3238 1113 3504 1184 γέλωτος,
3530 1103 3574 1177 ᾧ

1990 1218 2133 1274 κατά
2170 1216 2281 1271 τῶν
2327 1211 2680 1284 Ἰσραηλιτῶν
2705 1205 3003 1281 κέχρησθε,
3029 1205 3137 1276 γῆν
3153 1200 3576 1270 καταπαττόμε·

1990 1328 2071 1366 νοι
2120 1308 2218 1372 τάς
2261 1307 2469 1370 οἰκείας
2515 1301 2861 1372 ὀλοφύρεσθε
2906 1297 3215 1370 συμφοράς.
3259 1292 3496 1362 Ἐνακὶμ
3521 1288 3574 1343 δὲ

1991 1404 2109 1474 οὐχ,
2140 1400 2216 1464 ῶς
2244 1417 2387 1462 τινες
2425 1395 2718 1458 ὑπέλαϐον,
2774 1390 2909 1461 άλλη
2945 1406 3031 1453 τις
3077 1387 3234 1451 πόλις
3262 1384 3383 1439 ἐστὶ
3429 1382 3576 1453 παρὰ

1992 1495 2090 1567 τὴν
2121 1493 2244 1557 Γὲθ,
2280 1491 2414 1546 ἀλλά
2461 1490 2584 1550 τοὺς
2631 1482 2976 1546 ἐνοικοῦντας
3014 1481 3117 1551 τὴν
3171 1479 3299 1534 reo.
3332 1475 3573 1567 Ἐγακιμ

1993 1564 2250 1656 ὀνομάζει
2276 1622 2291 1646 ,
2323 1583 2399 1645 ὡς
2418 1578 2585 1633 Ἐνάκ
2616 1575 2713 1630 τοῦ
2752 1573 3012 1643 γίγαντος
3042 1568 3349 1636 ἀπογόνους
3393 1564 3572 1656 ὄντας.

1994 1654 2110 1732 Kal.
2163 1675 2322 1730 τοῦτο
2380 1669 2710 1742 πολλαχόθεν
2775 1664 2969 1738 μαθεῖν
3019 1660 3246 1716 δυνατὸν
3282 1656 3442 1730 παρὰ
3477 1654 3575 1726 τῆς

1997 1769 2144 1831 θείας
2175 1765 2418 1838 Γραφῆς.

389 1873 556 1929 Vens.
594 1872 678 1925 ll.
711 1889 730 1921 ι
761 1871 894 1936 Qua:
922 1869 1137 1925 habitat
1173 1870 1331 1924 bene.
1365 1887 1384 1919 ι
1413 1864 1684 1921 Demoliar
1724 1863 1893 1918 urbes

2069 1866 2161 1915 ια’.
2279 1849 2721 1923 Κατοικούσης⁸⁸
2762 1847 2962 1911 καλῶς.
3007 1862 3026 1896 ι
3081 1840 3315 1897 Καθελῶ
3349 1836 3450 1901 τὰς
3488 1836 3577 1890 πό-

318 1964 460 2034 ejus.
496 1960 645 2017 Nihil
675 1962 824 2017 enim
860 1962 1020 2017 vobis
1072 1959 1354 2032 proderit,
1403 1972 1505 2013 nec
1528 1954 1892 2011 aediﬁciorum

318 2056 628 2125 elegantia,
658 2068 761 2108 nec
791 2054 1041 2109 locorum
1074 2052 1312 2105 munitio
1331 2091 1346 2114 ,
1377 2049 1473 2104 sed
1504 2049 1668 2103 urbes
1699 2055 1897 2102 vestrae

322 2148 573 2205 t‘unditus
600 2155 939 2203 evertentur.
976 2163 995 2196 ι
1029 2143 1149 2199 Non
1193 2154 1274 2200 est
1320 2158 1547 2214 egressa
1598 2142 1895 2196 habitatrix

322 2240 501 2295 AEnan
523 2281 538 2304 ,
573 2240 808 2309 plangite
842 2239 1062 2292 domum
1092 2251 1213 2306 quae
1243 2242 1330 2290 est
1357 2235 1515 2303 juxta
1549 2248 1672 2287 eam
1700 2251 1712 2285 :
1743 2231 1892 2285 acci—

324 2330 436 2400 piet
489 2344 555 2383 ex
602 2329 764 2383 vobis
823 2328 1041 2398 plagam
1096 2325 1330 2381 doloris.
1367 2324 1683 2391 sQuoniam
1740 2321 1897 2376 vobis

322 2421 619 2476 condolere
649 2420 863 2484 noluit,
892 2426 948 2475 et
979 2417 1448 2488 castigationibus
1481 2416 1683 2470 vestris
1707 2428 1899 2467 emen-

322 2510 440 2564 dari
466 2551 481 2577 ,
512 2510 684 2564 invita
721 2509 993 2563 malormn
1031 2516 1347 2563 vestrorum
1387 2493 1665 2576 particeps
1695 2504 1892 2559 ellicie-

325 2611 436 2657 tur.
468 2599 651 2655 [Euan
681 2607 864 2654 autem
900 2614 1007 2655 una
1040 2598 1348 2654 vicinarum
1379 2596 1600 2651 urbium
1631 2594 1753 2651 iuit.

394 2769 562 2828 Vsus.
599 2770 687 2825 12.
728 2788 747 2822 ‹
781 2769 918 2838 Quis
949 2771 1158 2841 incepit
1186 2770 1240 2824 in
1268 2770 1433 2826 bonis
1466 2769 1767 2834 habitanti,
1799 2767 1900 2823 do-

326 2863 519 2920 lores?
550 2882 569 2916 ι
598 2861 729 2918 Inde
759 2875 1071 2919 sermonem
1105 2863 1276 2918 vertit
1319 2863 1388 2918 ad
1436 2860 1896 2933 Hierosolymam.

326 2953 633 3011 Verborum
661 2954 1014 3010 constructio
1047 2953 1331 3024 implicata
1357 2960 1480 3020 est,
1508 2960 1564 3007 et
1608 2953 1764 3007 valde
1801 2953 1898 3007 ob-

327 3060 515 3102 scura.
559 3043 674 3101 Hac
706 3046 894 3115 itaque
938 3043 1293 3100 ordinatione
1331 3059 1532 3099 sensus
1563 3043 1902 3113 investigan-

328 3137 433 3192 dus
460 3143 585 3194 est:
620 3154 639 3188 ι
668 3134 808 3203 Quis
847 3135 1058 3206 incepit
1088 3138 1105 3158 ⁵
1135 3134 1359 3192 dolores
1406 3132 1701 3208 (inferre)
1745 3133 1902 3189 habi-

1995 1953 2105 2016 λεις
2136 1950 2329 2020 αὐτῆς.
2358 1947 2523 2001 Οὐδὲν
2555 1944 2667 2015 γὰρ
2716 1942 2861 2013 ὑμᾶς
2886 1938 3099 2008 ὀνήσει,
3127 1932 3253 1989 οὔτε
3284 1930 3397 1985 τῶν
3429 1931 3574 1982 obto-

1993 2047 2131 2115 δομη
2140 2043 2326 2114 μάτων
2347 2039 2410 2093 τὸ
2437 2038 2658 2101 κάλλος,
2678 2033 2802 2088 οὔτε
2834 2034 2868 2103 ή
2897 2031 3008 2086 τῶν
3028 2027 3245 2100 χωρίων
3266 2023 3539 2115 ἀσφάλεια
3555 2037 3569 2052 ο

1994 2114 2127 2192 ἀλλί
2161 2134 2454 2188 ἀνάστατοι
2495 2128 2650 2200 ὑμῶν
2681 2128 2736 2180 αί
2788 2125 2975 2186 πόλεις
3018 2120 3364 2191 γενήσονται.
3402 2133 3423 2166 r
3464 2114 3575 2167 Οὐκ

1996 2229 2187 2300 ἐξῆλθε
2213 2222 2546 2279 κατοικοῦσα
2583 2218 2749 2273 Αίνάν
2771 2218 2842 2282 ⁸⁸,
2874 2212 3117 2285 κόψασθε
3137 2211 3180 2243 ⁸⁷
3204 2204 3354 2264 οἶκον
3387 2206 3575 2277 ἐχόμε-

1996 2297 2294 2389 νονναύτῆςο
2326 2316 2560 2387 λήψεται
2584 2312 2641 2379 ἐξ
2665 2311 2820 2383 ὑμῶν
2841 2305 3057 2378 πληγήν
3081 2303 3329 2372 ὀδύνης.»
3359 2297 3574 2366 Ἐπειδὴ

1998 2411 2333 2480 συναλγῆσαι
2367 2408 2496 2479 ὑμῖν
2550 2407 2652 2458 οὐκ
2684 2401 2940 2473 ἠθέλησε,
2984 2396 3080 2452 καὶ
3127 2396 3247 2458 ταῖς
3284 2390 3575 2462 ὑμετέραις

1999 2500 2435 2574 σωφρονισθῆναι
2467 2495 2774 2557 παιδείαις,
2822 2489 3144 2559 κοινωνήσει
3196 2486 3327 2555 ὑμῖν
3372 2484 3574 2539 ἄκουσα

1997 2595 2097 2664 τῆς
2125 2573 2468 2662 γσυμφορᾶςο
2508 2586 2606 2659 μία
2661 2584 2718 2639 δὲ
2761 2582 2872 2637 τῶν
2922 2575 3348 2652 γειτονευουσῶν
3399 2573 3577 2634 αὐτοῖς

1999 2683 2207 2736 πόλεων
2234 2676 2302 2751 ἦν
2328 2681 2361 2749 ή
2386 2677 2577 2732 Αίνάν.

2074 2773 2158 2844 ιβ’.
2191 2791 2209 2824 ι
2247 2772 2343 2831 Τίς
2372 2767 2579 2840 ἤρξατο
2614 2766 2694 2828 είς
2724 2762 2908 2832 ἀγαθά
2940 2756 3276 2829 κατοικούσῃ
3298 2754 3571 2844 ὀδύναςςι

2005 2842 2287 2920 Ἐντεῦθεν
2332 2860 2468 2931 πρὸς
2515 2857 2614 2926 τὴν
2655 2851 3013 2926 Ἰερουσαλὴμ
3043 2846 3341 2921 μεταφέρει
3380 2842 3474 2896 τὸν
3499 2842 3579 2893 λόα

2000 2973 2097 3027 γον
2118 2970 2132 2986 ⁸
2169 2955 2285 3008 ἔστι
2313 2953 2371 3006 δὲ
2406 2953 2439 3022 ή
2471 2946 2724 3011 σύνταξις
2763 2944 2872 2999 τῶν
2903 2942 3085 3015 ῥητῶν
3113 2935 3577 3027 συμπεπλεγμένη

2001 3026 2097 3104 καὶ
2128 3049 2248 3100 λίαν
2285 3044 2520 3113 ἀσαφής.
2554 3039 2676 3111 Χρὴ
2708 3038 2888 3092 τοίνυν
2911 3035 3053 3089 οὕτω
3089 3029 3462 3095 συντάξαντας
3496 3026 3579 3079 εύ-

2006 3144 2118 3214 ρεῖν
2143 3139 2240 3210 τὴν
2254 3137 2509 3191 διάνοιαν·
2522 3154 2541 3185 ι
2552 3133 2645 3195 Τίς
2666 3130 2868 3202 ἤρξατο
2886 3131 2966 3192 είς
2982 3127 3028 3160 ⁸³
3043 3124 3234 3186 ὀδύνας
3253 3119 3578 3188 κατοικούσῃ

328 3231 468 3284 tanti
517 3227 574 3283 in
605 3227 817 3283 bonis?
846 3246 864 3280 ι
894 3226 1067 3293 Quis,
1114 3226 1331 3297 inquit,
1379 3226 1547 3283 rebus
1593 3225 1897 3283 abundanti

2007 3231 2215 3301 ἀγαθάς
2259 3248 2277 3282 ι
2315 3231 2394 3300 Τῇ
2442 3227 2550 3299 γὰρ
2608 3222 3006 3295 εὐθηνουμένῃ,
3038 3220 3207 3290 φησὶ,
3236 3219 3335 3271 καὶ
3364 3215 3583 3286 εἰρήνης

330 3330 384 3377 et
413 3337 547 3393 pace
578 3335 644 3376 ac
674 3321 941 3375 felicitate
986 3320 1161 3374 multa
1204 3319 1452 3384 fruenti,
1497 3326 1695 3375 auctor
1739 3320 1905 3374 misc-

332 3415 541 3470 riarum
567 3413 819 3470 exstitit?
851 3411 1159 3470 Ostendere
1184 3413 1304 3467 vult
1338 3421 1521 3468 autem
1540 3451 1558 3480 ,
1588 3427 1698 3468 non
1727 3411 1906 3466 homi—

334 3522 458 3560 nem
490 3507 540 3564 ei
565 3546 581 3573 ,
623 3507 721 3563 sed
758 3506 971 3579 1483
1007 3504 1180 3561 Deum
1211 3506 1598 3563 universorum
1631 3505 1909 3577 irrogasse

334 3599 641 3671 supplicia,
701 3600 1002 3672 impietatis
1063 3599 1134 3654 ab
1193 3616 1260 3654 eo
1320 3614 1515 3670 poenas
1576 3599 1906 3669 exigentem.

334 3690 704 3758 Quamobrem
763 3693 970 3749 infert:
1004 3711 1023 3744 ‹
1054 3692 1194 3759 Quia
1245 3692 1655 3748 descenderunt
1704 3692 1844 3744 mala
1879 3706 1910 3743 a

340 3783 568 3841 Domino
595 3802 763 3855 super
787 3794 977 3856 portas
1001 3783 1419 3856 Hierosolymae.
1457 3805 1476 3837 ι
1524 3782 1590 3836 Et
1613 3783 1911 3837 ostendens

336 3890 587 3944 quaenam
615 3876 728 3929 haec
758 3877 892 3940 sint,
918 3875 1209 3944 adiunxit:

410 3964 577 4021 Vens.
606 3966 696 4020 15.
744 3983 762 4017 ι
793 3963 1019 4020 Sonitus
1048 3980 1310 4020 curruum
1341 3974 1396 4018 et
1423 3962 1689 4032 equitum.
1724 3980 1742 4013 ι
1784 3959 1913 4015 Haec

337 4054 501 4108 etiam
533 4069 628 4125 per
654 4054 854 4110 Isaiam
885 4060 1076 4123 aperte
1106 4068 1206 4110 nos
1234 4052 1443 4107 docuit.
1474 4070 1492 4103 ι
1519 4049 1610 4105 Va:
1630 4049 1910 4120 Assyriis!

340 4146 493 4216 virga
543 4142 750 4202 furoris
803 4145 908 4200 mei
962 4153 1044 4201 est
1089 4146 1143 4199 in
1196 4144 1452 4199 manibus
1499 4155 1689 4197 eorum
1725 4158 1739 4195 :
1773 4141 1912 4194 iram

343 4253 518 4293 meam
549 4237 605 4293 in
637 4245 854 4309 gentem
884 4238 1131 4309 iniquam
1166 4236 1400 4302 mittam,
1453 4242 1507 4289 et
1538 4232 1738 4303 popqu
1794 4246 1915 4286 meo

343 4331 680 4401 praecipiam,
734 4339 793 4385 ut
841 4329 1008 4386 iaciat
1035 4330 1209 4401 spolia
1237 4337 1292 4383 et
1323 4323 1625 4397 praedami.
1661 4343 1680 4376 ι
1740 4323 1834 4379 Sic
1862 4331 1918 4379 et

345 4423 446 4476 hoc
475 4422 636 4477 loco:
674 4441 693 4476 ι
717 4423 852 4489 Quis
885 4422 1088 4493 incepit
1116 4421 1335 4477 dolores
1368 4418 1614 4491 (inferre)
1643 4415 1915 4471 habitanti

244 4512 255 4517 ”
345 4512 400 4564 in
457 4512 655 4569 bonis?
729 4513 857 4583 quia
915 4513 1320 4569 descenderunt
1394 4510 1535 4565 mala
1592 4523 1622 4562 a
1680 4506 1914 4563 Domino

343 4618 509 4675 super
532 4613 718 4675 portas
741 4603 1149 4674 Hierosolyma,
1174 4605 1388 4660 sonitus
1409 4616 1671 4658 curruum
1691 4607 1747 4655 et
1771 4598 1918 4669 equi-

343 4702 480 4748 tum.
510 4714 531 4747 ι
564 4694 680 4765 Ego
705 4695 874 4759 enim,
906 4694 1106 4764 inquit,
1131 4695 1213 4751 eis
1241 4694 1499 4749 omnibus
1530 4693 1689 4749 bonis
1719 4691 1922 4748 redun-

2007 3322 2355 3394 ἀπολαυούσῃ
2378 3363 2393 3386 ,
2433 3322 2522 3373 καὶ
2554 3318 2854 3389 εὐπραξίας
2885 3315 3107 3385 πολλῆς,
3141 3314 3224 3376 τίς
3258 3312 3432 3375 αἴτιος
3472 3309 3584 3377 ὲγέ·

2007 3433 2129 3471 νετο
2155 3415 2263 3468 τῶν
2304 3431 2365 3467 συ
2375 3410 2632 3485 μφορῶν;
2673 3409 2854 3476 Δεῖξαι
2883 3408 2941 3460 δὲ
2971 3405 3241 3477 βούλεται,
3271 3404 3349 3468 ὡς
3375 3406 3477 3457 οὐκ
3498 3401 3587 3455 ἄν·

2009 3508 2230 3579 θρωπος
2275 3504 2436 3574 αὐτῇ,
2480 3501 2594 3555 ἀλλ’
2629 3500 2791 3563 αὐτὸς
2816 3501 2845 3552 ὀ
2890 3498 2999 3552 τῶν
3035 3497 3171 3551 ὅλων
3204 3496 3360 3579 Θεὸς,
3395 3495 3585 3559 ἐπάγει

2008 3577 2107 3659 τάς
2156 3593 2463 3664 τιμωρίας,
2527 3588 2717 3660 ποινὴν
2767 3587 3144 3660 πραττόμενος
3200 3577 3278 3639 ὧν
3328 3583 3584 3655 ἠσέϐησε.

2011 3687 2215 3740 Τούτου
2242 3685 2399 3756 χάριν
2424 3683 2647 3750 ’ὲπάγεν
2677 3702 2696 3732 ‹
2720 3681 2843 3734 ’Ότι
2879 3678 3085 3747 κατέϐη
3114 3677 3261 3731 κακὰ
3303 3674 3456 3745 παρά
3482 3676 3591 3727 Κυ-

2015 3779 2132 3849 ρίου
2186 3779 2280 3830 ὲπὶ
2339 3775 2512 3838 πύλας
2574 3772 2953 3845 Ἰερουσαλήμ.
2996 3789 3014 3822 ι
3047 3769 3159 3824 Καὶ
3210 3767 3428 3831 δεικνὺς
3467 3767 3592 3818 ποῖα

2010 3869 2184 3922 ταῦτα
2197 3908 2212 3933 ,
2248 3866 2605 3936 προστέθεικε
2629 3881 2643 3896 ⁸

2083 3968 2172 4029 ιγ’.
2219 3978 2239 4012 t
2282 3960 2465 4026 Ψόφος
2508 3958 2771 4029 ἁρμάτων
2812 3956 2907 4010 καὶ
2942 3955 3307 4009 ἱππευόντων.
3340 3972 3359 4003 ι
3411 3949 3593 4004 Ταῦτα

2015 4053 2108 4106 καὶ⁹
2133 4052 2222 4106 διά
2259 4051 2480 4104 Ἡσαΐου
2507 4049 2601 4103 τοῦ
2634 4049 2915 4120 προφήτου
2943 4048 3130 4116 σαφῶς
3164 4046 3313 4117 ἡμᾶς
3341 4042 3589 4098 ἐπαίδευε

2018 4163 2109 4199 σεν
2133 4162 2145 4175 ’
2186 4163 2205 4196 ι
2232 4144 2367 4198 0ύαῖ⁵
2401 4142 2738 4214 Ἀσσυρίοιςῑ
2773 4143 2806 4212 ή
2847 4140 3039 4212 ῥάϐδος
3067 4139 3160 4192 τοῦ
3196 4136 3374 4208 θυμοῦ
3407 4154 3509 4208 μου
3538 4136 3591 4186 ἐν

2016 4239 2133 4299 ταῖς
2163 4235 2351 4307 χερσὶν
2394 4233 2598 4296 αὐτῶν,
2647 4233 2745 4291 τὴν
2773 4231 2945 4300 ὀργήν
2975 4247 3074 4300 μου
3102 4230 3183 4292 είς
3214 4228 3369 4291 ἔθνος
3396 4228 3590 4296 ἄνομον

2016 4326 2320 4386 ἀποστελῶ,
2368 4326 2464 4378 καὶ
2512 4327 2569 4376 ὲν
2612 4322 2689 4393 τῷ
2738 4322 2858 4393 ὲμῷ
2907 4320 3022 4391 λαῷ
3075 4318 3321 4384 συντάξω
3375 4316 3594 4386 ποιῆσαι

2021 4418 2193 4472 σκῦλα
2215 4419 2308 4471 καὶ
2331 4416 2630 4486 προνομήν.
2660 4432 2679 4465 ι
2711 4412 2868 4467 Οὕτω
2888 4410 3166 4465 κάνταῦθα
3190 4427 3204 4441 ’
3240 4428 3259 4460 r
3281 4410 3377 4472 Τίς
3398 4407 3594 4479 ἤρξατο

2022 4513 2101 4575 είς
2131 4509 2311 4578 ἀγαθά
2336 4507 2664 4576 κατοικούσῃ
2695 4504 2888 4568 ὀδύνας
2912 4522 2925 4571 ;
2961 4505 3045 4557 ὅτι
3074 4502 3279 4573 κατέϐη
3306 4500 3458 4571 παρά
3487 4500 3594 4552 Κυ-

2025 4602 2141 4674 ρίου
2193 4602 2285 4653 ὲπὶ
2343 4599 2516 4660 πύλας
2575 4595 2933 4667 Ἰερουσαλὴμ
2976 4594 3149 4663 ψόφος
3195 4592 3459 4663 ἁρμάτων
3506 4588 3595 4642 καὶ

2023 4692 2378 4747 ἱππευόντων.
2410 4709 2428 4741 ι
2468 4688 2608 4756 Ἐγὼ
2631 4687 2760 4757 γάρ,
2788 4688 2942 4757 φησὶ,
2964 4688 3030 4757 τῇ
3055 4684 3278 4753 ἀγαθῶν
3300 4681 3589 4737 ἀπολαύσει

346 4784 609 4839 dantibus
636 4786 880 4840 dolorem
909 4786 1093 4851 attuli,
1141 4786 1384 4843 hostium
1424 4787 1831 4841 multitudinem
1864 4784 1899 4839 it

2022 4782 2376 4839 παντοδαπῶν
2423 4781 2521 4844 τὰς
2565 4779 2756 4843 ὀδύνας
2809 4777 3118 4847 ἐπήγαγον,
3169 4774 3279 4828 τῶν
3330 4771 3594 4841 πολεμίων

344 4887 444 4929 eos
473 4873 798 4932 immittens.
853 4876 995 4944 Quia
1033 4894 1163 4935 vero
1192 4887 1320 4936 ante
1349 4877 1784 4950 Hierosolymam
1815 4875 1899 4931 La

2021 4878 2202 4938 αὐτοῖς
2255 4873 2555 4943 ἐπιστήσας
2599 4871 2660 4925 τὸ
2693 4869 2916 4940 πλῆθος.
2973 4869 3082 4921 Καὶ
3125 4866 3315 4936 ἐπειδὴ
3351 4864 3457 4935 πρὸ
3500 4863 3593 4928 τῆς

348 4966 470 5022 cluis
499 4967 637 5024 urbs
683 4980 893 5026 vastata
924 4971 1029 5027 fuit
1084 4976 1230 5044 (nam
1264 4973 1704 5043 Hierosolymam
1734 4968 1891 5025 Nabu

2035 4964 2389 5039 Ἰερουσαλὴμ.
2413 4966 2446 5033 ἡ
2469 4964 2637 5033 Λάχις
2662 4958 2935 5030 ἐποροήθη
2983 4958 3104 5028 (τὴν
3136 4955 3236 5027 μὲν
3266 4956 3378 5024 γάρ
3410 4954 3595 5021 Ἰερουκ

347 5058 715 5128 chodonosor,
748 5060 948 5122 Lachis
975 5080 1107 5121 vero
1138 5064 1530 5122 Sennacberim
1561 5062 1899 5133 depopulato:

2027 5059 2210 5128 σαλὴμ
2236 5058 2267 5109 ὀ
2306 5053 2800 5123 Ναϐουχοδονόσορ,
2831 5050 2930 5120 τήν
2960 5049 3017 5102 δὲ
3066 5049 3238 5117 Λάχις
3266 5048 3295 5099 ὀ
3334 5046 3595 5111 Σενναχη-

347 5152 476 5226 est),
508 5154 574 5209 ad
598 5156 740 5213 hanc
756 5172 1063 5215 sermonem
1083 5158 1374 5214 convertit.
1392 5177 1409 5208 ι
1436 5155 1705 5211 Habitans
1726 5150 1899 5205 Laelii:

2028 5151 2156 5224 pelp.
2208 5146 2535 5216 ἐξεπόρθησε
2557 5144 2599 5215 ),
2633 5142 2770 5210 πρὸς
2829 5139 3002 5210 αὐτὴν
3052 5138 3244 5209 τρέπει
3291 5136 3383 5188 τὸν
3425 5133 3592 5198 λόγον.

351 5246 610 5318 princeps
653 5253 862 5320 peccati
901 5260 987 5308 est
1018 5251 1139 5307 tiliae
1169 5249 1326 5313 Sion,
1356 5249 1487 5320 quia
1518 5248 1573 5302 in
1604 5256 1658 5304 te
1688 5247 1899 5301 inventu

2032 5223 2058 5292 Vr
2093 5235 2438 5293 Κατοικοῧσα
2468 5234 2657 5303 Λάχις,
2675 5230 2916 5303 ἀρχηγὸς
2952 5228 3228 5301 ἁμαρτίας
3262 5226 3399 5295 αὐτή
3419 5224 3463 5256 ⁸*
3485 5223 3595 5274 ἐστι

426 5424 439 5478 i
480 5427 587 5484 lsa.
613 5430 666 5494 κ,
705 5427 836 5493 5,6.

1626 5580 1860 5635 VARIIE
1904 5579 2309 5635 LECTIONICS.

424 5747 470 5779 ⁵⁸
502 5752 542 5801 Α
568 5749 707 5817 κατά
739 5747 985 5817 γέλωτα,
1010 5743 1056 5776 ⁸⁵
1087 5744 1126 5797 Α
1160 5738 1832 5817 κατοικοῦσαὶξιικίιι-τθε.
1868 5740 1899 5793 1(

2036 5742 2115 5817 -.⁸⁸
2143 5744 2180 5793 Α
2214 5739 2463 5802 Σπιννάν,
2498 5746 2552 5788 ιιι
2583 5733 2705 5788 Ald.
2780 5731 2822 5765 '7
2854 5730 2980 5784 llec.
3022 5726 3147 5781 lect.
3174 5729 3277 5788 est,
3313 5713 3587 5790 κόψασθαι.

355 5810 397 5841 ⁸⁸
424 5819 515 5880 εἰς.
547 5808 627 5872 Ita
658 5808 781 5869 cum
808 5816 848 5869 C
888 5815 1138 5885 legimus.
1162 5810 1326 5867 Sirm.
1355 5815 1429 5866 ἐν.
1512 5812 1556 5842 ⁸³³
1589 5810 1744 5871 αὐτή.
1785 5808 1899 5864 Des.

2022 5812 2083 5863 Α.
2468 5838 2471 5841 -
