3904 6202
209 265 357 339 ιτιο

203 479 299 534 τοῦ
338 480 601 552 Ἰσραήλ.
636 499 654 532 ι
689 480 762 532 Σὺ
788 481 866 547 δὲ,
893 481 1083 552 Λάχις,
1105 485 1342 556 προτέρα
1366 485 1492 559 δέξῃ
1520 486 1616 559 τὴν
1639 505 1810 558 τιμω-

206 571 356 641 ρίαν.
390 571 517 625 τῶν
557 572 686 625 δέκα
721 571 905 643 φυλῶν
933 572 1222 645 ζηλώσασα
1264 578 1362 641 τὴν
1402 578 1678 645 ἀσέὃειαν,
1715 580 1809 632 καὶ

204 665 285 727 εἰς
316 662 425 733 τὴν
459 662 816 733 παρανομίαν
843 664 940 735 τὴν
975 665 1329 737 Ἰερουσαλὴμ
1357 669 1733 740 κατασύρασα.

278 753 368 818 ιδ’,
407 759 501 807 ιε’.
552 771 573 805 ι
603 753 699 807 Διὰ
726 755 884 809 τοῦτο
905 755 1097 822 δώσεις
1128 758 1686 830 ὲξαποστελλομένους
1706 764 1809 828 ἕως

205 842 601 912 κληρονομίας
623 844 661 896 Γ
663 843 743 907 ὲθ,
766 844 946 909 οίκους
976 848 1254 916 ματαίους,
1282 851 1360 912 εἰς
1387 852 1541 904 κενὸν
1563 853 1811 921 ἐγένοντο

204 935 320 995 τοῖς
349 932 686 1003 βασιλεῦσιν
729 936 965 1008 Ἰσραήλ.
1001 938 1145 1002 Ἕως
1166 940 1291 1004 τοὺς
1319 941 1687 1014 κληρονόμους
1714 963 1812 999 σου

204 1021 412 1089 ἀγάγω
427 1022 508 1076 ’⁸.
544 1042 563 1074 ι
587 1023 789 1077 Τούτου
825 1026 984 1096 χάριν
1014 1029 1103 1080 καὶ
1139 1029 1289 1101 παρὰ
1308 1030 1402 1083 σοῦ
1433 1032 1634 1104 πλῆθος
1649 1037 1825 1106 αἰχμά

206 1116 446 1169 αλώτων
503 1120 559 1171 oi
613 1118 862 1190 πολέμιοι
887 1121 1145 1191 λήψονται
1171 1139 1184 1152 ⁸
1219 1124 1439 1188 τούτους
1469 1126 1574 1199 γὰρ
1621 1129 1810 1194 ἐξαπο-

210 1209 624 1279 στελλομένους
658 1211 907 1283 ὠνόμασε
936 1232 947 1243 ·
994 1216 1089 1268 καὶ
1131 1216 1233 1281 ἕως
1283 1218 1383 1271 Γὲθ
1434 1219 1700 1292 ἔρημσςή
1736 1222 1825 1291 γῆ-

209 1317 305 1353 σου
340 1303 674 1372 γενήσεται,
715 1305 900 1376 ἐπειδὴ
926 1308 991 1376 τῇ
1036 1306 1141 1359 τῶν
1172 1309 1413 1378 ἀνοήτων
1445 1310 1541 1362 τοῦ
1592 1312 1810 1383 Ἰσραὴλ

210 1391 494 1460 βασιλέων
521 1395 896 1466 ὴκολούθησας
921 1398 1162 1471 ἀσεϐείᾳ.
1205 1401 1291 1453 Ἐν
1322 1402 1493 1475 ταύτῃ
1525 1403 1580 1456 δὲ
1604 1405 1810 1478 γενήσῃ

208 1490 275 1558 τῇ
307 1489 559 1560 ἐρημίᾳ,
586 1488 691 1553 ἕως
706 1491 831 1555 τοὺς
859 1492 1222 1564 κληρονόμους
1245 1494 1434 1563 ἀγάγω
1461 1513 1554 1549 σου
1571 1497 1636 1561 ἰ,
1657 1514 1809 1551 τουτ-

207 1578 384 1642 έστιν,
410 1579 571 1643 "Eoo;
596 1580 662 1633 ἂν
685 1582 810 1645 τοὺς
831 1583 1205 1653 αἰχμαλώτους
1233 1585 1575 1656 ἀπαχθέντας
1599 1588 1807 1642 ἐλευθε-

211 1667 423 1738 ρώσας,
468 1672 814 1741 ἐπαναγάγω
853 1674 1037 1738 πάλιν,
1080 1677 1174 1729 καὶ
1207 1676 1303 1747 τὴν
1337 1677 1595 1749 πατρῴαν
1623 1680 1807 1743 αὐτοῖς

1477 283 1558 347 ΙΝ
1610 286 1943 349 ΜΙΕΗκΕίΕ
1968 291 2122 353 CAP.
2176 291 2257 353 II.

202 390 271 457 τῇ
303 388 567 460 θυγατρὶ
595 387 753 447 Σιὼν.
794 387 877 442 ὅτι
918 389 981 443 ὲν
1022 390 1103 443 σοὶ
1136 392 1440 462 εὑρέθησαν
1481 398 1535 448 αἰ
1566 397 1809 452 ἀσέϐειαι

1912 409 2041 455 sunt
2070 401 2391 472 iniquitates
2427 401 2661 457 Israelis.
2709 423 2726 451 .-

3349 301 3502 366 Ῑῗίΰῖ

2783 403 2859 457 'l‘u
2913 420 3040 460 vero
3091 406 3290 465 Lachis
3334 416 3510 482 prio!“

1908 489 2068 544 dabis
2099 505 2312 562 poenas,
2342 491 2486 560 quod
2521 490 2729 544 imitata
2762 492 2840 547 sis
2890 492 3077 549 decem
3111 498 3351 555 tribuum
3383 505 3486 559 im-

1911 580 2201 648 pietatem,
2250 588 2307 637 et
2353 581 2497 653 quod
2547 581 2617 635 ad
2666 580 3002 651 impietatem
3055 583 3483 661 Hierosolymam

1907 671 2264 738 pertraxeris.

1982 759 2146 817 Vens.
2182 762 2269 827 M,
2304 768 2396 819 15.
2450 781 2469 815 ι
2499 763 2629 819 ideo
2680 763 2838 821 dabis
2866 765 3187 824 emissarios
3214 785 3387 841 usque
3414 772 3487 828 ad

1908 849 2277 907 haereditatem
2325 851 2491 918 Geth,
2536 852 2736 910 domus
2779 869 2991 920 vanas,
3026 856 3229 914 frustra
3261 860 3513 916 fuerunt'

1907 943 2128 1012 regibus
2175 942 2420 1000 lsraelis.
2471 943 2656 1001 Donec
2683 945 2931 1004 heredes
2961 956 3083 1004 tuos
3131 951 3417 1008 adducam.
3458 973 3509 1005 ι-

1907 1031 2274 1097 Quamobrem
2343 1042 2398 1090 et
2444 1035 2545 1091 abs
2588 1042 2643 1092 te
2688 1038 3028 1107 captivorum
3079 1040 3480 1097 multitudinem

1909 1124 2097 1181 hostes
2149 1126 2391 1195 capient,
2443 1126 2551 1183 bos
2592 1127 2740 1183 enim
2795 1130 3104 1185 entissan'os
3152 1133 3385 1196 vocavit,
3427 1140 3484 1188 et

1909 1230 2084 1286 usque
2108 1216 2175 1270 ad
2197 1216 2336 1272 Geth
2361 1228 2505 1273 terra
2530 1226 2622 1273 tua
2646 1221 2969 1283 vastabitur,
2994 1222 3139 1290 quod
3165 1223 3516 1287 insanorum-

1908 1306 2130 1362 lsraelis
2178 1321 2373 1378 regunt
2421 1308 2725 1365 secuta'sis
2763 1308 2982 1382 1484
3027 1312 3382 1383 impietatem.
3424 1315 3511 1391 lno.

1911 1396 2011 1450 hac
2040 1403 2222 1453 autem
2245 1398 2546 1455 solitudine
2565 1402 2936 1471 permanebis,
2987 1419 3006 1453 ι
3038 1402 3213 1459 donec
3237 1404 3481 1460 breredes

1910 1494 2033 1543 tuos
2063 1488 2366 1556 adducam;
2397 1508 2417 1542 ι
2452 1490 2559 1545 hoc
2587 1501 2689 1556 est,
2721 1489 2896 1546 donec
2943 1508 3041 1548 eos
3080 1494 3172 1563 qui
3205 1494 3260 1549 in
3310 1496 3484 1565 capti-

1909 1577 2133 1633 vitatem
2165 1586 2296 1636 sunt
2324 1581 2568 1647 abducti,
2597 1581 2860 1638 liberatos
2891 1599 3087 1640 rursus
3117 1584 3398 1647 reducam.
3426 1594 3489 1642 et

1910 1679 2192 1738 paternam
2225 1670 2598 1729 haereditatem
2629 1674 2712 1730 eis
2758 1677 3068 1731 restituam.
3120 1675 3352 1742 Quidam
3383 1691 3505 1732 aut

208 1758 401 1811 ἀποδῶ
430 1760 833 1832 κληρονομίαν.
862 1765 1017 1829 Τινὲς
1034 1768 1078 1798 ⁰²
1110 1765 1167 1819 δὲ
1196 1766 1336 1834 τοὺς
1369 1771 1805 1841 κληρονόμους,

1912 1767 2015 1815 tem
2047 1760 2277 1817 hwredes
2308 1762 2652 1834 interpretati
2683 1774 2814 1821 sunt
2841 1766 3036 1834 hostes,
3070 1769 3151 1823 sic
3181 1768 3362 1823 locum
3395 1769 3496 1823 in»

208 1848 353 1915 τοὺς
377 1852 721 1920 πολεμίους
755 1854 1126 1925 ἡρμήνευσαν,
1161 1856 1301 1911 οὕτω
1331 1859 1391 1912 τὸ
1432 1861 1630 1932 χωρίον
1670 1864 1798 1933 νοη-

212 1958 408 2006 σαντες
442 1960 460 1975 ο
531 1961 555 1996 α
585 1946 808 2015 Οἰκήσει
837 1947 883 1980 ’³
926 1950 1053 2013 τοὺς
1102 1951 1286 2013 οἴκους
1345 1953 1471 2016 τοὺς
1517 1956 1799 2025 ματαίους,

211 2034 412 2097 οἵτινες
463 2036 551 2099 εἰς
589 2037 742 2090 κενὸν
788 2037 1034 2106 ἐγένοντο
1060 2043 1172 2105 τοῖς
1205 2042 1514 2113 βασιλεῦσιν
1558 2046 1798 2118 Ἰσραὴλ,

210 2122 314 2188 ἕως
346 2126 481 2189 τοὺς
512 2125 910 2198 κληρονόμους,
951 2150 969 2182 ι
1017 2131 1138 2185 ἀντὶ
1167 2132 1285 2197 τοῦ,
1327 2137 1453 2201 τοὺς
1492 2138 1798 2209 πολεμίους,

219 2234 237 2267 ι
265 2217 464 2287 ἀγάγω
506 2236 619 2273 σοι.
649 2238 669 2271 ι
723 2222 878 2275 Κατᾶ
918 2222 977 2274 δὲ
1007 2223 1099 2276 τὸν
1145 2226 1373 2283 Ἀκύλαν
1401 2229 1595 2293 ἑνικῶς
1626 2230 1801 2285 τεθει-

214 2307 349 2362 κότα
383 2311 502 2363 τὸν
543 2313 949 2381 κληρονόμον,
989 2314 1084 2367 καὶ
1130 2315 1433 2390 βαθυτέραν
1477 2321 1825 2392 εὑρίσκομεν

212 2399 476 2457 διάνοιαν.
507 2403 608 2457 Ἑν
636 2404 843 2477 ἐρημίᾳ
871 2407 999 2477 γὰρ,
1037 2409 1222 2478 φησὶν,
1250 2410 1348 2483 ἔσῃ
1381 2413 1507 2473 τοὺς
1538 2415 1803 2483 ματαίους

212 2493 392 2558 οἴκους
424 2495 685 2563 οἰκοῦσα,
715 2497 820 2563 ἕως
863 2498 954 2552 τὸν
1004 2500 1338 2573 κληρονόμον
1378 2504 1569 2572 ἀγάγω
1598 2523 1699 2571 σοι,
1741 2507 1801 2560 δν

220 2586 504 2657 πόρρωθεν
560 2588 613 2640 οἰ
651 2589 812 2643 κακοὶ
854 2592 1092 2662 γεωργοὶ
1126 2592 1471 2662 θεασάμενοι,
1527 2596 1667 2650 κατὰ
1702 2596 1800 2668 τὴν

216 2679 568 2750 Δεσποτικὴν
594 2680 924 2753 παραϐολὴν,
958 2678 1107 2736 εἷπον
1127 2698 1141 2713 ο
1193 2702 1211 2735 ι
1239 2677 1406 2750 Οὗτός
1437 2688 1582 2741 ἐστιν
1612 2690 1640 2742 ό
1667 2688 1798 2760 κλη-

219 2768 463 2837 ρονόμος,
509 2768 695 2834 δεῦτε,
734 2772 1142 2844 ἀποκτείνωμεν
1176 2774 1368 2841 αὐτόν,
1419 2778 1511 2830 καὶ
1543 2779 1589 2810 ⁸⁸
1642 2779 1799 2850 ἡμῶν

156 2913 175 2921 _
216 2856 364 2913 ἔσται
395 2863 428 2931 ἡ
465 2861 833 2933 κληρονομία.
868 2883 884 2916 ι
938 2858 1105 2928 Οὗτος
1132 2868 1588 2939 παραγενόμενος,
1616 2871 1676 2923 οὐ
1701 2871 1800 2940 τὴν

215 2951 381 3022 Δάχις
420 2954 626 3025 μόνην,
656 2955 793 3009 ἀλλὰ
839 2957 930 3010 καὶ
958 2959 1136 3012 πᾶσαν
1179 2961 1278 3031 τὴν
1319 2961 1665 3032 οἰκουμένην,
1698 2964 1802 3034 τῆς

217 3041 320 3095 τῶν
369 3044 631 3114 ματαίων
676 3046 905 3101 εἰδώλων
946 3047 1190 3112 δουλείας
1234 3050 1532 3120 ἀπήλλαξε.
1578 3053 1798 3116 Τούτοις
1826 3087 1870 3147 c

217 3131 407 3201 ἐπάγει
446 3152 462 3166 ·
526 3155 561 3187 α
596 3137 943 3191 Κατοικοῦσα
995 3139 1165 3209 Λάχις
1216 3140 1582 3212 κληρονομίαν
1600 3145 1644 3176 ’⁵
1696 3144 1802 3208 ἕως

229 3223 492 3296 Ὀδολλὰμ
519 3226 674 3297 ἣξει.
709 3247 727 3278 ι
757 3227 905 3298 Αὕτη
931 3228 1009 3292 δὲ,
1041 3230 1223 3300 φησιν,
1257 3233 1290 3302 ἡ
1318 3232 1519 3301 ἐρημία
1549 3232 1609 3286 οὐ
1644 3233 1801 3304 μόνον

226 3313 283 3366 σὲ
310 3315 554 3383 καθέξει,
579 3317 719 3371 ἀλλὰ
746 3319 839 3371 καὶ
861 3318 965 3382 ἕως
992 3320 1090 3389 τῆς
1123 3320 1394 3391 Ὀδαλλὰμ
1418 3322 1798 3395 ὲκταθήσεται,

227 3405 318 3458 καὶ
352 3407 451 3475 τὴν
506 3407 721 3475 ἔνδοξον
779 3408 1129 3480 Ἰερουσαλὴμ
1180 3410 1570 3482 καταλήψεται.
1621 3413 1817 3485 Αὐτὴν·

227 3493 332 3565 γὰρ
366 3498 669 3569 θυγατέρα
698 3498 870 3564 Σιὼν,
909 3500 1315 3572 προσηγόρευσε
1342 3517 1356 3532 ο
1413 3502 1550 3573 πρὸς
1595 3504 1662 3575 ἣν
1706 3505 1807 3560 καὶ

229 3585 314 3638 τὸν
345 3588 505 3658 λόγον
533 3589 742 3661 τρέψας
771 3591 934 3662 φησίν
951 3609 967 3625 ο

304 3698 323 3730 ι
364 3679 427 3732 Ἥ
451 3681 584 3747 δόξα
613 3682 711 3751 τῆς
757 3681 1024 3755 θυγατρὸς
1056 3684 1214 3750 Σιὼν,
1249 3683 1393 3756 (ις’.)
1425 3683 1677 3756 ξύρησαι,
1707 3688 1805 3743 καί

232 3770 407 3838 κεῖραι
451 3773 547 3825 ἐπὶ
596 3773 667 3827 τὰ
708 3769 872 3827 τέκνα
920 3791 1013 3828 σου
1046 3776 1114 3830 τὰ
1144 3778 1407 3847 τρυφερὰ,
1463 3777 1803 3848 ὲμπλάτυνον

230 3860 324 3928 τὴν
347 3860 577 3934 ξύρησίν
609 3881 723 3931 σου,
756 3865 832 3928 ὡς
864 3865 1040 3930 ἀετὸς,
1071 3868 1153 3921 ὅτι
1178 3867 1673 3938 ᾐχμαλωτεύθησαν
1695 3869 1804 3923 ἀπὸ

234 3948 348 4001 σοῦ.
379 3968 399 4002 ι
458 3951 732 4023 Πένθιμον
758 3953 993 4007 ἀνάλαδε
1022 3958 1229 4027 σχῆμα,
1280 3956 1376 4010 καὶ
1419 3956 1511 4011 τὸν
1553 3958 1660 4012 ἀπὸ
1692 3958 1802 4013 τῶν

231 4039 428 4110 τριχῶν
460 4042 634 4113 ἄφελε
663 4043 892 4115 κόσμον,
912 4046 1071 4100 ἀετὸν
1099 4048 1433 4119 μιμουμένη,
1473 4049 1693 4103 πάντων
1724 4050 1805 4114 εἰς

234 4132 419 4201 καιρὸν
454 4134 604 4188 κατὰ.
629 4134 719 4188 τὸν
740 4137 840 4207 τῆς
868 4135 1083 4205 φύσεως
1110 4138 1276 4209 νόμον
1305 4140 1676 4211 γυμνούμενον
1694 4142 1807 4196 τῶν

236 4220 446 4288 πτερῶν
473 4239 486 4252 ·
514 4224 579 4287 ὃς
592 4224 636 4256 ’⁸
664 4224 806 4277 κατὰ
836 4225 1045 4278 τουτονὶ
1071 4225 1161 4278 τὸν
1192 4226 1384 4297 καιρὸν
1409 4228 1529 4281 οὐδὲ
1555 4229 1811 4299 θηρεύειν

238 4307 427 4378 ἰσχύει,
463 4313 589 4367 οὐδὲ
624 4314 851 4385 φοϐερός
879 4318 1025 4369 ἐστιν
1066 4312 1146 4380 οἷς
1172 4317 1431 4387 πρότερον
1461 4314 1527 4389 ἦν
1555 4321 1806 4391 φοϐερός.

1911 1852 2215 1922 telligentes
2271 1872 2287 1909 :
2345 1872 2364 1906 ι
2398 1854 2677 1911 Habitavit
2724 1857 2780 1911 in
2829 1857 3083 1915 domibus
3129 1860 3306 1924 vanis,
3358 1875 3499 1931 quas

1907 1944 2127 2014 quidem
2157 1945 2363 2002 frustra
2394 1945 2619 2005 fuerunt
2648 1950 2868 2022 regibus
2899 1951 3139 2017 lsraelis,
3171 1952 3348 2008 donec
3374 1953 3483 2008 hs:-

1907 2035 2098 2100 redes,
2132 2053 2154 2090 ι
2209 2036 2316 2093 hoc
2361 2047 2447 2095 est
2475 2038 2683 2106 hostes,
2738 2059 2757 2092 ι
2789 2040 3057 2096 adducam
3089 2043 3208 2097 tibi.
3239 2060 3258 2094 ι
3313 2041 3511 2097 Juxta~

1904 2127 2179 2197 Aquilam
2207 2144 2360 2195 vero,
2408 2132 2502 2201 qui
2529 2145 2761 2188 numero
2788 2132 3047 2203 singulari
3095 2133 3353 2189 hwredem
3383 2136 3505 2204 po-l-

1905 2218 2036 2284 suit,
2068 2219 2313 2276 altiorem
2344 2237 2565 2278 sensum
2594 2223 2925 2279 invenimus.
2956 2224 3013 2279 In
3045 2225 3481 2290 solitudine,‘in-

1906 2311 2046 2381 quit,
2074 2312 2187 2369 eris
2218 2328 2388 2369 vanas
2415 2313 2611 2371 domos
2640 2314 2976 2382 inhabitans,
3008 2317 3183 2370 donec
3214 2317 3483 2371 haeredem
3501 2351 3515 2363 μ

1905 2402 2174 2459 adducam
2204 2405 2326 2471 tibi,
2372 2420 2533 2476 quem
2580 2422 2704 2462 cum
2737 2408 2929 2478 procul
2962 2408 3088 2462 mali
3112 2407 3372 2477 agricola:
3401 2407 3505 2461 vim

1905 2493 2150 2560 dissent,
2194 2494 2373 2565 juxta.
2404 2495 2744 2552 Dominicam
2808 2498 3141 2567 parabolam.
3171 2497 3429 2551 dixerunt
3459 2515 3483 2552 ι

1912 2603 1931 2634 ι
1965 2584 2063 2639 llic
2091 2593 2176 2640 est
2206 2585 2398 2651 haeres,
2430 2587 2630 2648 venite,
2661 2586 2980 2641 occidamus
3029 2602 3179 2649 eum,
3218 2595 3273 2641 et
3303 2588 3477 2641 hatre-

1905 2672 2049 2728 ditas
2077 2683 2270 2730 nostra
2299 2675 2467 2730 eritk.
2513 2693 2532 2727 ›
2585 2674 2685 2732 Hic
2714 2675 2951 2730 adventu
2981 2690 3104 2740 suo,
3138 2691 3245 2730 non
3276 2675 3482 2733 Lachis

1906 2766 2110 2831 solam,
2145 2765 2248 2820 sed
2297 2773 2355 2821 et
2379 2781 2599 2822 omnem
2628 2766 2815 2822 orbem
2847 2774 3119 2821 terrarum
3152 2781 3182 2819 a
3210 2781 3507 2822 vanorum~

1906 2854 2177 2910 idolorum
2225 2856 2491 2912 servitute
2537 2856 2811 2912 liberavit.
2865 2855 2963 2912 llis
3012 2856 3245 2911 subdit:
3297 2875 3315 2906 ι
3344 2854 3507 2921 Quae;

1907 2945 2118 3001 habitat
2147 2945 2347 3003 Lachis
2379 2946 2748 3003 haereditatem
2781 2961 2961 3018 usque
3009 2946 3078 3001 ad
3108 2946 3352 3001 Odullam
3385 2960 3476 2999 ve-

1904 3037 2042 3093 niet.
2080 3057 2107 3092 ι
2149 3037 2264 3093 Νοη
2298 3046 2352 3094 te
2380 3039 2582 3105 solum,
2627 3039 2828 3108 inquit,
2863 3039 2978 3093 haec
3006 3037 3234 3094 vastitas
3263 3037 3477 3092 obtine-

1905 3126 2004 3193 bit,
2056 3126 2150 3183 sed
2181 3127 2347 3183 etiam
2381 3142 2555 3197 usque
2583 3126 2654 3181 ad
2684 3126 2933 3182 Odollam
2964 3126 3375 3197 propagabitur,
3401 3133 3505 3179 .et,

1903 3217 2222 3287 praeclaram
2252 3210 2684 3289 Hierosolymam
2729 3216 3122 3288 apprehendet.
3158 3216 3288 3270 Eam
3327 3215 3477 3270 enim

1902 3309 2077 3379 ﬁliam
2126 3308 2300 3364 Sionis
2343 3310 2659 3381 appellavit.
2716 3308 2797 3365 Ad
2848 3323 3012 3380 quam
3061 3314 3116 3364 et
3166 3320 3523 3363 sermonem-

1902 3407 2252 3471 convertens,
2283 3401 2359 3456 ait
2391 3418 2407 3457 :

1979 3691 1998 3724 ι
2024 3667 2211 3726 Gloria
2249 3668 2373 3723 ﬁliae
2404 3664 2610 3733 Sionis,
2644 3662 2832 3735 (Vsus.
2858 3661 2967 3728 16.)
2997 3661 3284 3719 decalvare
3312 3673 3505 3729 super

1902 3762 2047 3819 ﬁlios
2077 3768 2203 3817 tuos
2251 3760 2522 3816 delicatos
2554 3772 2570 3810 :
2604 3756 2772 3812 dilata
2804 3764 3087 3811 tonsuram
3119 3761 3289 3818 tuam,
3333 3751 3479 3804 sicut

1904 3855 2109 3926 aquila,
2139 3854 2397 3924 quoniam
2429 3849 2630 3922 captivi
2663 3848 2812 3904 ducti
2845 3853 2973 3903 sunt
3002 3861 3068 3901 ex
3100 3854 3170 3900 te.
3221 3863 3240 3896 ι
3296 3841 3478 3913 Lugu-

1904 3947 2058 4001 brem
2099 3960 2252 4002 sume
2298 3954 2525 4007 vestem,
2555 3952 2608 3997 et
2657 3955 2687 3994 a
2733 3938 2946 4009 capillis
2996 3938 3151 3991 aufer
3199 3941 3476 3992 ornatum.

1907 4038 2143 4108 aquilam
2194 4034 2439 4097 imitans,
2491 4030 2683 4102 pennis
2732 4020 2987 4085 omnibus
3038 4034 3190 4081 certo
3234 4032 3478 4092 tempore

1901 4130 2059 4200 juxta
2100 4125 2312 4199 1485
2363 4124 2612 4179 ordinem
2664 4131 2876 4176 naturae
2923 4116 3251 4173 denudatam
3296 4132 3311 4167 :
3355 4127 3478 4214 qua:

1907 4235 2002 4291 per
2032 4219 2086 4272 id
2116 4229 2326 4287 tempus
2355 4231 2457 4270 nec
2486 4216 2672 4268 venari
2704 4218 2907 4283 potest,
2936 4224 3037 4262 nec
3068 4218 3327 4261 terrorem
3357 4219 3477 4270 qm-

1908 4313 2011 4367 bus
2041 4316 2198 4364 antea
2229 4306 2594 4361 formidabilis
2622 4310 2764 4369 erat,
2799 4304 3063 4356 incutere.
3117 4295 3249 4348 lluic
3279 4293 3479 4348 similis

237 4399 420 4474 Τούτῳ
451 4384 853 4478 παραπλησίως
896 4408 991 4461 καὶ
1024 4409 1109 4474 σὺ,
1156 4384 1253 4479 τῆς
1291 4384 1426 4478 ἐμῆς
1453 4384 1805 4484 γὐμνουμὲ-νη

1912 4410 1964 4458 et
1995 4410 2074 4466 tu,
2113 4396 2452 4468 providentia
2485 4409 2604 4450 mea
2633 4393 2916 4457 destituta,
2964 4387 3140 4442 facilis
3170 4396 3334 4484 captu
3365 4384 3476 4437 eris

238 4496 510 4562 προνοίας,
541 4499 811 4564 εὐάλωτος
836 4500 936 4574 ἔσῃ
967 4503 1077 4564 τοῖς
1100 4501 1398 4571 πολεμίοις,
1428 4501 1504 4566 ὡς
1529 4503 1637 4557 τῶν
1657 4506 1809 4575 οἰκη-

237 4582 406 4652 τόρων
434 4604 528 4640 σου
562 4589 780 4643 πάντων
809 4590 1362 4662 ἔρημοςγιγνομένη.

824 4683 1077 4737 ΚΕΦΑΛ.
1126 4684 1209 4737 B'.

314 4771 381 4819 α’.
438 4786 469 4820 ιη
500 4771 837 4839 Ἐγένοντο⁹⁷
887 4773 996 4844 γὰρ
1046 4774 1384 4845 λογιζόμενοι
1438 4775 1669 4841 κόπους,
1713 4778 1807 4829 καὶ

245 4851 598 4929 ἐργαζόμενοι
642 4866 788 4917 κακᾶ
819 4866 876 4917 ὲν
906 4867 1025 4928 ταῖς
1055 4867 1261 4929 κοίταις
1305 4866 1506 4929 αὐτῶν,
1555 4866 1650 4918 καὶ
1693 4865 1811 4937 ἅμα

244 4946 308 5014 τῇ
339 4949 521 5022 ἡμέρᾳ
551 4955 865 5008 συνετέλουν
905 4957 1064 5012 αὑτά.
1113 4976 1133 5010 ι
1184 4958 1318 5010 Οὐδὲ
1343 4958 1452 5029 γὰρ
1480 4960 1578 5022 τὰς
1609 4958 1808 5022 νύκτας

245 5032 363 5104 δίχα
389 5045 729 5115 παρανομίας
771 5048 974 5118 διῆγον,
1006 5048 1140 5101 ἀλλὰ
1182 5048 1397 5120 νύκτωρ
1420 5050 1518 5119 τὴν
1546 5050 1808 5119 πονηρίαν

250 5132 706 5201 προμελετῶντες,
751 5138 844 5191 καὶ
875 5141 988 5203 τοῖς
1031 5138 1309 5210 λογισμοῖς
1343 5141 1545 5210 ταύτην
1584 5138 1809 5210 διαγρᾶρ

318 5262 344 5300 ι
371 5263 502 5322 Luc.
541 5287 653 5338 ut,
681 5274 769 5328 38.

1909 4490 2181 4552 hostibus,
2231 4499 2432 4555 nempe
2468 4484 2536 4539 ab
2593 4481 2848 4538 omnibus
2900 4477 3010 4533 tuis
3057 4474 3256 4531 incolis
3308 4486 3477 4527 vacua

1909 4586 2074 4639 facta.

2553 4664 2714 4723 CAP.
2765 4663 2831 4720 ﬂ.

1976 4768 2144 4824 Vens.
2169 4766 2220 4818 l.
2259 4783 2277 4816 ι
2306 4760 2456 4817 Facti
2489 4767 2617 4815 sunt
2645 4758 2796 4813 enim
2825 4753 3128 4824 cogitantes
3159 4749 3398 4812 labores,
3422 4753 3500 4801 et-

1913 4866 2203 4928 operantes
2235 4852 2374 4906 mala
2404 4851 2459 4905 in
2489 4848 2763 4904 cubilibus
2794 4846 2928 4909 suis,
2959 4848 3013 4898 et
3042 4840 3209 4897 simul
3235 4853 3360 4892 cum
3391 4836 3479 4891 die

1914 4947 2370 5004 consummabant
2396 4957 2481 4996 ea.
2518 4959 2537 4991 ι
2590 4940 2727 4992 Nam
2758 4951 2827 4991 ne
2855 4944 3047 4990 noctes
3095 4931 3315 5002 quidem
3361 4929 3506 4984 sine

1915 5040 2204 5111 iniquitate
2233 5033 2593 5090 traducebant
2624 5048 2639 5086 :
2670 5044 2765 5101 per
2794 5035 3007 5083 noctem
3036 5025 3184 5081 enim
3217 5020 3479 5075 malitiam
3510 5054 3515 5059 ς

1916 5132 2379 5206 ριέεηιεᾱίιιιιιιεε,
2434 5132 2491 5180 et
2534 5124 2675 5178 hanc
2728 5121 3057 5194 cogitatione
3103 5116 3495 5187 depingentes,

1535 5385 1765 5440 VARUE
1793 5383 2193 5439 LECTIONI‘LS.

317 5533 362 5566 ’°
386 5537 425 5609 ᾼ
461 5539 732 5609 ἀγάγωσι,
757 5541 963 5596 omisso
996 5559 1111 5594 σου.
1188 5542 1231 5572 ⁹¹
1269 5558 1380 5592 σου.
1416 5540 1544 5609 ch.
1577 5556 1698 5594 esse
1731 5538 1817 5592 vid

1921 5555 1966 5602 r,
2001 5555 2101 5590 σοι.
2178 5538 2222 5568 9‘
2256 5553 2418 5594 τινες,
2446 5553 2479 5587 κ
2543 5553 2594 5590 τ.
2625 5535 2673 5588 λ.
2723 5533 2925 5586 Horum
2975 5526 3109 5609 nihil
3133 5528 3318 5609 ἐκρίθη
3347 5520 3493 5609 θβὶξά

251 5599 435 5677 δίοιιίί.
474 5599 524 5660 in
566 5599 786 5677 llexaitl.

280 5613 524 5682 lontl‘.i_n
566 5613 786 5682 llexapl.
886 5614 930 5645 ⁸³
955 5613 994 5666 C
1022 5613 1278 5682 οἰκήσεις.

251 5679 370 5727 atto.
452 5679 498 5709 ⁹⁶
527 5684 608 5747 ὃς.
629 5682 669 5736 C
692 5680 864 5744 οὗτος.

1360 5611 1405 5642 9"
1557 5641 1624 5648 —
1646 5610 1817 5679 xicrno.

1912 5591 2011 5661 iter
2038 5610 2070 5659 I.
2108 5624 2155 5659 it.
2196 5607 2297 5674 leg.
2374 5591 2419 5637 9⁸
2458 5606 2502 5657 Α
2540 5603 2893 5674 κληρονομία,
2927 5599 3046 5652 colo
3083 5592 3149 5646 ad
3193 5591 3361 5660 Λάχις
3393 5606 3494 5659 [χο-ε

970 5683 1014 5713 ⁹⁷
1211 5712 1276 5721 -—-
1309 5682 1527 5744 κόπους.
1574 5677 1766 5745 ΙΙεὺν.,Ϊ
1804 5678 1892 5734 Vae
1923 5678 2287 5748 cogitantibus
2319 5677 2585 5745 iniquum.
