3904 6202
365 334 501 398 1755

1383 342 1868 402 THEODORETI
1893 342 2231 402 EPISCOPI
2261 340 2624 401 CYRENSIS

3476 335 3610 402 1756

361 461 512 505 vero.
564 445 799 522 filiorum
849 446 1028 516 primo
1072 447 1275 503 caadem
1306 449 1463 514 vidit,
1513 451 1710 507 deinde
1758 455 1936 508 oculis

2060 453 2239 520 ὶλίγοις
2274 451 2482 522 ἀπέδρα
2507 464 2521 479 ·
2563 449 2722 513 ἁλοὺς
2753 447 2831 515 δὲ,
2859 447 3075 519 πρῶτον
3108 445 3207 517 μὲν
3241 441 3349 499 εἶδε
3383 444 3480 516 τὴν
3504 448 3611 502 τῶν

358 541 587 594 orbatus
615 541 936 608 vinctusque
968 540 1240 597 abductus
1268 552 1372 598 est.
1412 563 1429 595 ι
1461 543 1723 601 Dominus
1753 553 1932 601 autem

358 630 471 682 dux
505 630 610 683 erit
639 643 850 685 eorum.
887 649 905 681 ι
942 627 1167 686 Scilicet
1198 647 1304 686 non
1335 634 1402 688 ad
1443 634 1721 691 ferendam
1755 652 1933 708 opem,

362 723 457 777 sed
491 723 561 776 ad
591 737 687 777 eos
720 722 1050 794 perdendos.

881 813 1099 885 1439
1135 815 1288 871 CAP.
1329 817 1418 873 ιιι.

445 903 605 960 Vsus.
639 904 756 959 1-4.
805 923 823 956 ι
857 906 919 959 Et
949 907 1090 962 dicet
1123 907 1354 964 :Audite
1388 911 1522 976 haec,
1546 911 1818 983 principes
1846 909 1939 966 Ja-

368 995 512 1058 cobi,
543 1004 597 1050 et
628 997 817 1067 reliqui
849 998 1041 1052 domus
1075 997 1290 1054 lsraclis
1321 1020 1334 1054 :
1368 1017 1548 1055 nonne
1582 1011 1823 1057 vestrum
1856 1011 1942 1057 est

369 1103 702 1159 cognoscere
745 1088 1051 1158 judicium?
1097 1091 1200 1156 Qui
1251 1092 1377 1145 odio
1427 1093 1636 1148 habetis
1687 1095 1827 1149 bona
1886 1102 1941 1149 et

370 1179 617 1249 quazritis
655 1180 795 1233 mala
829 1198 841 1234 :
881 1180 1204 1250 diripientes
1237 1184 1401 1250 pelles
1431 1199 1620 1238 eorum
1656 1186 1724 1240 ab
1756 1186 1859 1250 eis,
1888 1195 1943 1242 et

371 1284 566 1324 carnes
598 1285 784 1325 eorum
835 1271 903 1326 ab
933 1273 1156 1328 ossibus
1187 1289 1399 1328 eorum.
1457 1275 1612 1330 Sicut
1644 1277 1944 1333 devorave-

372 1369 503 1414 runt
541 1376 736 1417 carnes
781 1365 964 1432 populi
1012 1364 1139 1429 mei,
1188 1376 1242 1420 et
1272 1367 1441 1435 pelles
1471 1369 1538 1422 ab
1583 1369 1665 1424 eis
1694 1369 1946 1424 exeoria-

370 1461 586 1514 verunt,
622 1459 674 1506 et
709 1467 837 1507 ossa
888 1467 1080 1507 eorum
1131 1454 1541 1528 confregerunt,
1584 1466 1638 1512 et
1686 1458 1944 1513 concide-

373 1550 502 1596 runt
534 1543 680 1597 sicut
728 1559 922 1600 carnes
956 1547 1009 1600 in
1059 1547 1313 1610 lebetem,
1359 1557 1414 1601 et
1468 1549 1611 1603 sicut
1658 1564 1854 1606 carnes
1887 1549 1945 1604 in

373 1634 536 1687 ollam
570 1652 583 1689 :
617 1635 697 1691 sic
740 1637 1057 1691 clamabunt
1088 1639 1152 1691 ad
1191 1637 1506 1703 Dominum,
1547 1647 1601 1694 et
1634 1655 1742 1695 non
1779 1655 1947 1696 exau-

373 1725 488 1780 diet
523 1741 640 1791 eos,
689 1735 744 1783 et
795 1738 1006 1784 avertet
1039 1729 1230 1785 faciem
1265 1745 1420 1786 suam
1468 1733 1537 1786 ab
1586 1732 1666 1787 eis
1705 1739 1948 1803 tempore

2039 545 2245 598 παίδων
2279 545 2491 613 σφαγήν
2519 559 2530 570 ·
2585 537 2704 594 εἶτα
2734 540 3016 612 στερηθεὶς
3049 539 3155 591 τῶν
3185 539 3475 609 ὀμμάτων.
3520 557 3614 592 πε-

2039 635 2171 705 πεδη
2182 635 2339 705 μένος
2362 633 2600 703 ἀπήχθη.
2636 652 2652 682 ι
2675 633 2732 686 Ὀ
2757 633 2813 684 δὲ
2836 631 3038 703 Κύριος
3061 631 3329 700 ἡγήσεται
3350 630 3532 683 αὐτῶν
3551 646 3564 658 ’
3592 649 3611 681 ι

2038 725 2137 776 οὐκ
2175 724 2419 793 ἀμύνων,
2465 723 2597 776 ἀλλα
2633 723 2954 793 προϊέμενος
2985 721 3250 791 δηλονότι.

2657 815 2905 867 ΚΕΦΛΛ.
2937 815 3010 868 Γ’.

2111 905 2252 960 α’-δ’.
2301 925 2317 957 ι
2360 906 2468 959 Καὶ
2519 907 2671 978 ἐρεῖ·
2738 905 3031 959 Ἀκούσατε
3073 905 3177 976 δὴ,
3224 907 3278 960 αἱ
3323 906 3497 977 ἀρχαὶ
3524 907 3619 961 τοῦ

2054 998 2269 1063 Ἰακὼϐ,
2299 1002 2392 1052 καὶ
2425 1001 2472 1052 οἰ
2507 1000 2826 1054 κατάλοιποι
2865 999 3018 1052 οἴκου
3056 999 3274 1070 Ἰσραήλ
3296 1014 3309 1026 ·
3347 1000 3449 1068 οὐχ
3491 999 3621 1067 ὑμῖν

2045 1091 2158 1143 ἐστι
2195 1091 2395 1159 γνῶναι
2415 1093 2459 1121 “
2507 1092 2568 1144 τὸ
2610 1094 2826 1163 κρῖμα;
2871 1092 3000 1144 Ol”
3033 1090 3321 1160 μισοῦντες
3353 1089 3425 1143 τὰ
3454 1090 3619 1156 καλὰ,

2044 1183 2136 1235 καὶ
2164 1181 2450 1252 ζητοῦντες
2495 1183 2562 1236 τὰ
2610 1183 2858 1253 πονηράθ
2896 1181 3234 1253 ἁρπάζοντες
3273 1182 3340 1235 τά
3369 1181 3622 1252 δέρματα

2043 1271 2221 1325 αὐτῶν
2253 1273 2349 1324 ἀπ’
2387 1271 2588 1337 αὐτῶν,
2633 1272 2726 1324 καὶ
2755 1272 2855 1332 τὰς
2904 1273 3113 1342 σάρκας
3162 1269 3346 1323 αὐτῶν
3375 1270 3488 1323 ἀπὸ
3516 1270 3624 1322 τῶν

2044 1360 2215 1414 ὀστῶν
2265 1359 2464 1412 αὐτῶν.
2505 1361 2600 1414 Ὃν
2641 1359 2843 1430 τρόπον
2895 1359 3205 1427 κατέφαγον
3258 1357 3360 1420 τάς
3412 1358 3625 1428 σάρκας

2043 1451 2136 1504 τοῦ
2182 1450 2313 1504 λαοῦ
2347 1468 2451 1522 μου
2477 1491 2492 1514 ,
2525 1453 2620 1505 καὶ
2646 1451 2713 1504 τὰ
2755 1451 3000 1521 δέρματα
3058 1449 3241 1505 αὐτῶν
3295 1448 3394 1502 ἀπ’
3441 1449 3627 1502 αὐτῶν

2047 1542 2338 1611 ἐξέδειραν,
2370 1542 2474 1611 καὶ,
2493 1542 2562 1596 τὰ
2593 1543 2730 1596 ὀστᾶ
2766 1543 2950 1597 αὐτῶν
2981 1542 3337 1607 συνέθλασαν,
3377 1543 3474 1595 καὶ
3501 1542 3630 1611 ἐμέ-

2046 1632 2200 1686 λισαν
2229 1633 2302 1696 ὼς
2331 1634 2540 1704 σάρκας
2573 1635 2651 1696 εἰς
2679 1632 2882 1702 λέϐητα
2909 1672 2924 1698 ,
2971 1632 3065 1685 καὶ
3097 1632 3174 1695 ὡς
3200 1631 3372 1702 κρέας
3420 1632 3503 1692 εἰς
3533 1629 3630 1700 χύ-

2048 1741 2215 1795 τραν·
2249 1724 2391 1777 οὕτω
2417 1724 2770 1796 κεκράξονται
2812 1724 2949 1794 πρὸς
2991 1722 3216 1793 Κύριον,
3249 1723 3346 1775 καί⁷
3382 1723 3486 1775 οὐκ
3513 1725 3630 1775 εἰσ-

374 1819 488 1880 illo,
523 1834 587 1873 eo
615 1821 759 1890 quod
811 1822 1046 1891 pessime
1099 1832 1328 1893 egerunt
1381 1823 1434 1877 in
1490 1824 1690 1880 studiis
1736 1825 1876 1880 suis.
1923 1845 1942 1880 ι

2060 1816 2339 1870 κκούσεται
2391 1815 2609 1869 αὐτῶν·
2674 1819 2768 1868 καὶ
2828 1814 3164 1886 ἀποστρέψει
3216 1813 3278 1867 τὸ
3331 1813 3630 1884 πρόσωπον

374 1913 453 1966 Ad
487 1913 759 1983 principes
789 1916 953 1969 verba
988 1913 1141 1978 facit,
1171 1915 1372 1984 quibus
1403 1930 1524 1968 cum
1545 1915 1828 1985 judicandi
1853 1931 1950 1986 po-

379 2011 544 2056 testas
575 2004 844 2073 permissa
879 2016 1046 2071 esset,
1073 2006 1164 2075 jus
1195 2005 1596 2061 conculcabant
1624 2026 1636 2062 :
1663 2023 1831 2078 quare
1857 2023 1950 2079 per

379 2094 857 2165 interrogationem
911 2111 1006 2151 eos
1058 2098 1357 2167 alloquitur
1391 2117 1405 2153 :
1440 2099 1630 2154 Nonne
1669 2115 1766 2155 vos
1805 2100 1953 2170 judi-

377 2185 536 2239 candi
569 2185 877 2241 facultatem
909 2186 1252 2252 obtinuistis,
1307 2196 1366 2242 ut
1415 2189 1794 2258 delinquentes
1824 2189 1950 2258 qui-

377 2276 499 2329 dem
526 2277 784 2344 puniatis,
811 2276 1132 2332 innocentes
1158 2294 1290 2333 vero
1317 2279 1433 2334 sine
1463 2295 1601 2333 noxa
1626 2280 1953 2334 dimittatis?

378 2366 663 2433 Quomodo
688 2369 874 2438 igitur,
902 2370 994 2440 qui
1023 2371 1201 2440 legum
1235 2370 1609 2442 praefecturam
1644 2374 1809 2427 eratis
1839 2387 1955 2428 sor-

379 2460 486 2525 titi,
519 2461 785 2514 bonorum
819 2476 1042 2530 operum
1085 2463 1329 2518 actiones
1361 2462 1781 2528 aversabamini,
1815 2472 1867 2517 et
1897 2464 1951 2517 in

378 2567 468 2606 res
499 2551 870 2620 iuiquissimas
901 2552 1168 2607 acerrime
1218 2553 1620 2608 incumbebatis
1651 2553 1674 2605 ’ἰ
1721 2552 1950 2607 Tantam

379 2658 544 2714 porro
575 2644 919 2714 tyrannidem
953 2645 1010 2700 in
1043 2661 1310 2716 pauperes
1359 2647 1715 2709 exercuistis,
1752 2655 1809 2700 ut
1839 2661 1954 2699 om-

380 2734 544 2789 nibus
594 2735 794 2804 opibus
842 2751 939 2790 eos
988 2735 1334 2806 privarctis?
1383 2735 1497 2791 lloc
1546 2737 1688 2791 enim
1737 2737 1954 2806 planum

381 2824 531 2892 fecit,
553 2839 676 2879 cum
701 2825 843 2880 dixit
877 2845 890 2880 :
931 2844 948 2877 ι
975 2826 1303 2896 Diripientes
1335 2829 1502 2896 pelles
1534 2843 1721 2882 eorum
1755 2829 1822 2883 ab
1852 2829 1953 2894 eis,

379 2927 432 2973 et
461 2933 653 2973 carnes
683 2934 872 2974 corum
903 2920 970 2973 ab
999 2919 1220 2974 ossibus
1250 2934 1459 2973 eorum.
1495 2938 1511 2970 ι
1547 2919 1684 2974 Cum
1717 2920 1830 2974 haec
1855 2921 1958 2974 ita-

380 3024 487 3077 que
518 3008 724 3063 scelera
758 3009 1114 3074 admiseritis,
1146 3008 1360 3063 etiamsi
1399 3009 1595 3064 millies
1629 3009 1892 3063 auxilium
1925 3024 1957 3062 a

380 3113 466 3152 me
515 3099 816 3169 petieritis,
872 3101 1076 3154 nullam
1137 3114 1293 3169 opem
1363 3099 1796 3168 consequemini.
1862 3097 1955 3153 His

2055 1906 2220 1962 αὑτοῦ
2279 1907 2370 1960 ἀπ’
2425 1906 2602 1960 αὐτῶν
2645 1907 2703 1958 ἐν
2753 1905 2832 1975 τῷ
2879 1905 3054 1976 καιρῷ
3103 1904 3330 1975 ἐκείνῳ,
3389 1904 3510 1957 ἀνθ’
3555 1897 3635 1956 ὧν

2051 1999 2484 2071 ἐπονηρεύσαντο
2548 2000 2605 2051 ἐν
2667 1999 2779 2060 τοῖς
2844 1995 3274 2068 ἐπιτηδεύμασιν
3336 1996 3520 2049 αὐτῶν
3571 1997 3635 2048 ἐν

2051 2091 2228 2154 αὐτοῖς
2251 2091 2314 2145 ³⁵.
2359 2109 2376 2142 ι
2410 2091 2552 2161 Πρὸς
2579 2090 2706 2153 τοὺς
2753 2090 3020 2160 ἄρχοντας
3053 2091 3290 2141 ποιεῖται
3323 2089 3414 2140 τὸν
3448 2088 3631 2155 λόγον·

2050 2185 2098 2236 οἰ
2136 2183 2553 2252 πεπιστευμένοι
2573 2183 2680 2254 γὰρ
2708 2182 2769 2234 τὸ
2797 2181 3022 2253 κρίνειν,
3041 2181 3273 2234 ἐπάτουν
3298 2180 3358 2233 τὸ
3379 2181 3589 2234 δίκαιον
3613 2194 3634 2209 ο

2050 2274 2180 2328 διότι
2216 2274 2335 2326 κατ’
2368 2275 2634 2343 ἐρώτησιν
2682 2273 2818 2345 πρὸς
2861 2275 3059 2336 αὐτοὺς
3108 2272 3258 2340 λέγει
3279 2288 3294 2302 ⁸
3328 2273 3442 2341 Οὐχ
3470 2272 3638 2340 ὑμεῖς

2052 2367 2224 2435 εἴχετε
2256 2365 2350 2418 τοῦ
2384 2366 2591 2436 κρίνειν
2621 2365 2719 2436 τὴν
2733 2365 3020 2430 ⁸ἐξουσίαν,
3051 2363 3193 2417 ῶστε
3233 2362 3487 2426 κολάζειν
3533 2363 3636 2432 μὲν

2051 2459 2177 2522 τοὺς
2208 2457 2698 2527 πλημμελοῦντας,
2731 2456 2938 2520 ἀθὼους
2964 2456 3020 2509 δέ
3063 2455 3280 2525 ἀφιέναι
3305 2455 3432 2518 τοὺς
3468 2456 3634 2508 ἀνευ-

2054 2549 2280 2614 θύνους;
2320 2549 2444 2610 Πῶς
2473 2549 2653 2603 τοίνυν
2697 2548 2805 2602 τῶν
2835 2547 3014 2619 νόμων
3051 2547 3440 2618 προστατεύειν
3471 2563 3636 2599 πεπι-

2055 2643 2385 2713 στευμένοιῆ
2417 2641 2824 2713 ἀπεστρέφεσθε
2876 2641 2976 2712 μὲν
3015 2639 3125 2694 τῶν
3182 2639 3406 2708 ἀγαθῶν
3451 2639 3644 2710 ἔργων

2053 2733 2152 2804 τὴν
2203 2735 2426 2802 πρᾶξιν,
2458 2731 2679 2802 θερμῶς
2729 2731 2786 2784 δέ
2812 2732 2942 2802 περὶ
2989 2732 3057 2785 τά
3087 2730 3298 2802 πονηρὰ.
3331 2729 3636 2793 διέκεισθε;

2055 2823 2303 2898 Τοσαύτῃ
2328 2823 2384 2877 δὲ
2419 2824 2700 2896 πλεονεξίᾳ
2729 2824 2872 2878 κατά
2898 2824 3004 2878 τῶν
3031 2824 3278 2894 πενήτων
3309 2822 3635 2893 ἐκέχρησθε,

2055 2916 2195 2970 ὥστε
2267 2915 2484 2968 πάντων
2539 2916 2737 2979 αὐτοὺς
2805 2913 2912 2968 τῶν
2959 2915 3314 2986 ὑπαρχόντων
3368 2912 3635 2984 γυμνοῦν.

2056 3008 2225 3062 Τοῦτο
2257 3010 2364 3080 γὰρ
2397 3007 2780 3079 παρεδήλωσεν
2826 3007 3063 3078 εἰρηκώς
3088 3024 3102 3038 ·
3135 3025 3154 3058 ι
3203 3006 3570 3078 Ἀρπάζοντες
3587 3003 3640 3036 ⁸⁸

2056 3100 2125 3154 τά
2154 3099 2398 3171 δέρματα
2427 3099 2607 3152 αὐτῶν
2639 3101 2735 3152 ἀπ’
2775 3098 2954 3152 αὐτῶν
2974 3140 2987 3162 ,
3022 3099 3115 3152 καὶ
3159 3099 3257 3160 τὰς
3294 3099 3509 3166 σάρκας
3539 3096 3639 3150 αὖα

383 3188 548 3243 minis
575 3197 768 3243 contra
794 3190 1070 3260 principes
1096 3189 1346 3261 prolatis,
1376 3188 1442 3244 ad
1477 3188 1689 3261 1490
1717 3190 1952 3261 prophe-

2060 3193 2167 3246 τῶν
2199 3193 2307 3247 ἀπὸ
2349 3193 2457 3246 τῶν
2505 3189 2681 3244 ὀστῶν
2711 3190 2911 3245 αὐτῶν.
2945 3209 2963 3243 ι
3003 3190 3189 3244 Ταῦτα
3238 3191 3423 3244 τοίνυν
3454 3188 3640 3242 τετολο

381 3288 465 3335 tas
495 3279 755 3336 transfert
793 3296 1131 3337 sermonem.

2063 3283 2316 3353 μηκότες,
2343 3281 2447 3334 κᾶν
2489 3280 2750 3350 μυριάκις
2784 3279 2882 3350 τὴν
2913 3282 3042 3352 παρ’
3064 3281 3111 3312 ’⁸
3141 3278 3276 3350 ἐμοῦ
3312 3275 3635 3348 συμμαχίαι

381 3371 675 3442 αἰτήσητε,
723 3371 1043 3443 ἐπικουρίας
1085 3374 1354 3440 οὐδεμιᾶς
1407 3372 1762 3428 ἀπολαύσετε.
1807 3372 1966 3428 Οὕτω
2003 3379 2114 3440 τοῖς
2152 3376 2409 3448 ἄρχουσιν
2444 3374 2764 3447 ἀπειλήσας,
2795 3376 2886 3428 ἐπὶ
2913 3375 3040 3438 τοὺς
3107 3374 3395 3444 προφήτας
3467 3387 3636 3440 μετα-

384 3460 538 3531 φέρει
560 3462 652 3516 τὸν
675 3463 852 3532 λόγον.

459 3550 624 3608 Vens.
658 3553 707 3607 5.
758 3573 778 3606 ι
821 3554 948 3610 Ilzrc
979 3556 1111 3612 dicit
1141 3556 1406 3612 Dominus
1440 3572 1608 3628 super
1637 3558 1952 3628 prophetas,

385 3642 478 3711 qui
509 3645 778 3698 seducunt
806 3647 1066 3716 populum
1100 3663 1300 3711 meum,
1333 3654 1388 3702 et
1425 3648 1673 3703 mordent
1701 3647 1958 3702 dentibus

386 3734 526 3796 suis,
559 3743 612 3790 et
644 3736 935 3806 pradicant
969 3753 1133 3808 super
1162 3753 1255 3793 eos
1281 3753 1491 3808 pacem,
1517 3747 1570 3793 et
1593 3755 1702 3793 non
1729 3747 1810 3794 est
1830 3739 1956 3794 data

384 3825 443 3880 in
465 3841 528 3881 os
545 3842 732 3882 eorum
763 3845 775 3881 :
802 3828 1283 3884 sanctificaverunt
1307 3843 1471 3896 super
1492 3844 1614 3882 cum
1638 3828 1904 3897 praalium.
1933 3847 1951 3880 ι

393 3915 707 3983 Mendaci'a,
770 3918 980 3988 inquit,
1031 3917 1306 3987 propheta:
1375 3916 1500 3971 falsi
1558 3917 1957 3981 vaticinantes,

389 4007 544 4075 quasi
577 4009 858 4065 morsibus
881 4009 1232 4079 quibusdam,
1264 4008 1554 4063 verborum
1586 4009 1958 4065 assentatione

390 4097 592 4166 populo
622 4099 916 4165 nocebant,
949 4099 1225 4154 contraria
1256 4097 1475 4167 quidem
1508 4098 1791 4168 pr0phetis
1821 4099 1956 4154 meis

389 4187 706 4257 loquentes,
759 4207 948 4260 pacem
1000 4200 1182 4244 autem
1234 4190 1436 4260 populo
1487 4190 1827 4257 pollicentes.
1887 4192 1958 4246 At

389 4295 518 4334 vero
546 4297 734 4336 eorum
785 4281 1002 4350 quidem
1033 4282 1197 4334 verba
1231 4279 1416 4349 pacem
1450 4279 1686 4345 habent,
1741 4281 1836 4337 sed
1867 4296 1956 4336 res

389 4369 590 4423 bellum
621 4371 937 4425 ostendunt.
987 4369 1257 4424 Malorum
1307 4379 1489 4424 autem
1536 4385 1657 4439 qua;
1694 4387 1760 4426 cx
1815 4373 1958 4427 bello

389 4462 661 4516 exsistunt
691 4475 858 4515 causa
892 4460 1109 4514 fuerunt
1139 4461 1231 4530 qui
1266 4475 1451 4530 pacem
1484 4463 1875 4532 praedicabant,
1905 4473 1960 4519 et

2139 3557 2200 3606 ε’.
2241 3570 2260 3604 ι
2284 3553 2420 3606 Τάδε
2461 3551 2607 3619 λέγει
2642 3553 2844 3623 Κύριος
2878 3552 2968 3604 ἐπὶ
2993 3553 3120 3614 τοὺς
3167 3554 3478 3621 προφήτας,
3515 3555 3640 3616 τοὺς

2067 3643 2383 3706 πλανῶντας
2423 3644 2511 3696 τὸν
2548 3642 2676 3696 λαόν
2733 3661 2867 3714 μου,
2919 3645 3046 3707 τοὺς
3089 3644 3386 3707 δάκνοντας
3421 3647 3479 3697 ἐν
3526 3648 3642 3710 τοῖς

2057 3735 2267 3788 ὀδοῦσιν
2296 3735 2496 3797 αὐτῶν,
2528 3737 2624 3788 καὶ
2650 3735 3029 3806 κηρύσσοντας
3072 3735 3158 3786 ἐπ’
3189 3735 3372 3787 αὐτῶν
3397 3736 3440 3766 ²⁷
3491 3738 3639 3807 εἰρή-

2061 3841 2192 3892 νην,
2235 3825 2329 3878 καὶ
2361 3826 2460 3879 οὐκ
2509 3825 2663 3894 ἐδόθη
2703 3827 2784 3888 εἰς
2812 3825 2871 3877 τδ
2903 3824 3077 3893 στόμα
3106 3824 3303 3878 αὐτῶνθ
3338 3825 3577 3897 ήγίασαν
3593 3826 3640 3858 ⁸⁸

2061 3917 2148 3968 ἐπ’
2176 3917 2336 3969 αὐτὸν
2369 3919 2616 3987 πόλεμον.
2661 3935 2679 3968 ι
2712 3916 2896 3987 Ψεύδη
2927 3957 2941 3982 ,
2977 3917 3140 3988 φησὶν
3162 3957 3177 3982 ,
3223 3917 3273 3970 οἰ
3302 3917 3403 3988 τῆς
3426 3919 3640 3987 ἀπάτης

2060 4008 2336 4078 προφῆται
2365 4009 2906 4080 χρησμολογοῦντες,
2961 4006 3074 4062 οἷόν
3121 4026 3230 4062 τισι
3281 4009 3524 4080 δήγμασι
3575 4013 3641 4079 τῇ

2059 4099 2320 4168 κολακείᾳ
2369 4100 2476 4152 τῶν
2505 4101 2684 4169 λόγων
2716 4101 2810 4153 τὸν
2846 4100 2978 4153 λαὸν
3013 4099 3376 4170 ἐλυμήναντο,
3426 4102 3643 4154 ἐναντία

2063 4189 2160 4259 μὲν
2193 4191 2305 4252 τοῖς
2340 4189 2494 4259 ἐμοῖς
2535 4189 2844 4261 προφήταις
2886 4183 3276 4257 φθεγγόμενοι,
3311 4190 3538 4260 εἰρήνην
3587 4189 3641 4240 δέ

2059 4283 2243 4345 αὐτοῖς
2291 4282 2725 4352 ὑπισχνούμενοι.
2787 4282 2926 4334 Ἀλλ’
2961 4283 3008 4334 οἰ
3064 4281 3165 4351 μὲν
3217 4282 3448 4334 ἐκείνων
3498 4282 3641 4349 λόγοι

2064 4371 2162 4443 τὴν
2215 4373 2436 4442 εἰρήνην
2471 4371 2650 4442 ἔσχον,
2689 4373 2757 4425 τά
2797 4373 2853 4425 δέ
2913 4373 3213 4442 πράγματα
3261 4371 3353 4424 τὸν
3408 4372 3642 4442 πόλεμον

2065 4464 2324 4518 δείκνυσι.
2351 4464 2606 4533 Πρόξενοι
2633 4464 2690 4517 δὲ
2727 4464 2833 4517 τῶν
2874 4465 2937 4517 ἐκ
2964 4462 3058 4517 τοῦ
3101 4463 3344 4532 πολέμου
3375 4462 3567 4515 κακῶν
3596 4464 3640 4514 οε

391 4551 686 4616 quominus
739 4549 1117 4618 pmnitentiam
1170 4552 1410 4620 populus
1460 4563 1676 4622 ageret,
1727 4553 1952 4609 obsiste-

2066 4555 2163 4627 τὴν
2196 4557 2418 4626 εἰρήνην
2475 4556 2937 4626 ἐπαγγειλάμενοι
2967 4597 2981 4620 ,
3029 4555 3125 4607 καὶ
3154 4553 3411 4624 ἐμποδὼν
3441 4556 3510 4624 τῇ
3553 4553 3640 4606 τοῦ

394 4641 544 4694 bant.
599 4640 754 4706 Quod
804 4656 931 4694 vero
960 4641 1036 4694 ait
1079 4657 1092 4692 :
1136 4660 1154 4692 ι
1187 4641 1254 4695 Ει
1284 4643 1768 4698 sanctilicaverunt
1797 4659 1961 4715 super

391 4747 514 4785 eum
573 4733 794 4798 bellum,
837 4751 854 4783 ι
924 4747 1021 4800 pro
1071 4743 1444 4802 separaverunt
1484 4736 1688 4806 posuit,
1737 4735 1841 4791 hoc
1878 4745 1963 4793 est

392 4824 844 4878 conciliaverunt.

461 4909 629 4967 Vens.
661 4913 714 4978 6,
754 4915 807 4968 7.
851 4933 870 4965 ι
900 4915 1196 4985 Pr0pterea
1242 4932 1351 4971 nox
1397 4918 1551 4974 vobis
1597 4921 1702 4974 erit
1737 4935 1836 4989 pro
1879 4920 1963 4974 vi-

392 4999 566 5064 sione,
612 5012 666 5056 et
700 5004 938 5059 tenebrae
987 5013 1152 5061 erunt
1197 5007 1351 5062 vobis
1403 5022 1470 5061 ex
1507 5008 1863 5074 divinatione,
1909 5016 1964 5064 et

392 5091 605 5146 occidet
631 5093 713 5146 sol
738 5108 905 5164 super
936 5097 1251 5164 prophetas,
1277 5104 1330 5152 et
1354 5097 1769 5152 obtenebrescet
1797 5114 1964 5169 super

392 5197 487 5236 eos
550 5183 691 5238 dies.
741 5184 805 5238 Et
833 5185 1244 5240 confundentur
1289 5186 1386 5256 qui
1427 5187 1612 5242 vident
1647 5189 1884 5253 somnia,
1913 5197 1966 5242 et

396 5272 771 5328 irridebuntur
823 5275 1056 5338 harioli,
1104 5283 1158 5330 et
1210 5277 1498 5347 loquentur
1552 5277 1818 5333 adversus
1870 5294 1966 5334 eos

395 5378 586 5422 omnes
621 5367 734 5432 isti,
762 5367 887 5438 quia
915 5382 1021 5421 non
1051 5375 1135 5422 est
1161 5369 1254 5437 qui
1285 5371 1538 5425 exaudiat
1568 5386 1683 5425 eos.
1719 5390 1736 5422 ι
1774 5369 1958 5426 llebus

2062 4649 2191 4703 λαοῦ
2227 4647 2558 4720 μεταμελείᾳ
2587 4648 2890 4717 γενόμενοι.
2929 4645 3004 4699 Τὸ
3049 4646 3142 4707 δὲ,
3182 4664 3199 4695 ι
3244 4646 3517 4712 Ἠγίασαν
3562 4646 3640 4697 ἐπ’

2063 4741 2223 4795 αὐτὸν
2257 4734 2512 4808 πόλερθ,
2552 4757 2571 4790 ι
2609 4738 2728 4792 ἀντὶ
2757 4737 2850 4792 τοῦ
2877 4737 3186 4807 ἀφώρισαν
3216 4735 3454 4799 τέθεικε,
3490 4752 3641 4788 τουτ-

2065 4833 2180 4884 έστι
2205 4830 2597 4901 προὺξένησαν.
3166 4826 3179 4837 ’

2137 4929 2212 4986 ς’,
2236 4923 2300 4986 ζ’.
2336 4941 2354 4972 ι
2385 4920 2483 4974 Διά
2513 4921 2672 4973 τοῦτο
2715 4920 2811 4984 νὺξ
2853 4919 2981 4990 ὑμῖν
3030 4919 3183 4974 ἐσται
3214 4919 3324 4974 ἀπὸ
3376 4918 3636 4990 ὁράσεως,

2070 5015 2161 5068 καὶ
2197 5014 2384 5067 σκοτία
2412 5014 2539 5083 ὑμῖν
2579 5012 2730 5065 ἔσται
2757 5013 2820 5065 ἐκ
2841 5013 2886 5044 ’⁸
2920 5014 3201 5082 μαντείας,
3231 5013 3328 5065 καὶ
3369 5010 3590 5064 δύσεται
3613 5009 3640 5059 ὀ

2069 5107 2216 5176 ἥλιος
2244 5107 2332 5158 ἐπὶ
2358 5107 2483 5166 τοὺς
2510 5105 2813 5174 προφήτας,
2846 5105 2939 5156 καὶ
2971 5105 3294 5158 συσκοτάσει
3322 5105 3412 5156 ἐπ’
3450 5104 3642 5164 αὐτοὺς

2072 5196 2105 5263 ἡ
2134 5195 2331 5265 ἡμέρα.
2366 5196 2472 5246 Καὶ
2504 5192 3063 5264 καταισχυνθήσονται
3109 5194 3159 5246 οἰ
3186 5193 3426 5264 ὁρῶντες
3455 5193 3524 5246 τά
3559 5195 3638 5246 ἐνο

2075 5282 2256 5345 ύπνια,
2283 5284 2374 5344 καὶ
2398 5281 2961 5352 καταγελασθήσονται
2995 5283 3045 5335 οἰ
3077 5283 3321 5354 μάντεις,
3349 5283 3446 5336 καὶ
3476 5298 3636 5335 κατα·

2073 5373 2365 5443 λαλήσουσι
2393 5374 2510 5426 κατ’
2542 5375 2718 5426 αὐτῶν
2750 5375 2945 5438 πάντες
2975 5375 3150 5440 αὐτοὶ,
3191 5376 3326 5430 διότι
3358 5377 3458 5429 οὐκ
3489 5376 3632 5427 ἔσται

1682 5528 1913 5584 ιτιιιιιίΕ
1956 5528 2357 5586 LECTIONES.

470 5638 516 5712 ’,⁸
539 5655 624 5712 γν.
662 5641 704 5712 Α
737 5658 920 5712 praem.
973 5642 1089 5698 τοῦ.
1161 5644 1208 5676 ³³
1229 5645 1312 5697 Ol.
1353 5645 1471 5700 Des.
1503 5647 1554 5700 in
1583 5647 1647 5700 A.

1726 5649 1771 5678 ”
1801 5649 1997 5701 ἐνσὺτ.
2028 5647 2169 5719 Des.
2203 5649 2255 5702 in
2290 5649 2352 5700 Λ.
2421 5649 2465 5680 ’⁵
2509 5649 2666 5719 Ἄρτι.
2700 5648 2895 5704 Deerat
2925 5647 2980 5703 in
3021 5647 3154 5704 edit.
3193 5661 3277 5718 pr.
3352 5645 3462 5698 "C
3491 5642 3632 5715 περί.

401 5707 515 5762 "A
555 5707 752 5764 αύτόνξ
812 5712 918 5767 ⁸⁸0
959 5715 1203 5785 ἡγίασεν.
1239 5715 1316 5770 Ita
1339 5731 1551 5786 quoquc
1583 5727 1703 5788 post
1735 5734 1921 5787 pauca.
1996 5717 2039 5748 "
2069 5720 2150 5771 ἐκ.
2187 5719 2224 5770 t‘.
2255 5736 2437 5788 puum.
2473 5707 2583 5773 καίξ
