3904 6202
106 399 258 464 1757

1368 410 1449 470 ΙΝ
1498 408 1825 469 ΜΙΟΠΑΞΕ
1863 412 2020 473 CAP.
2070 414 2177 475 ΙΙΙ.

3240 418 3376 483 17:38

94 516 414 570 ὑπακούων
438 518 479 547 ³⁸
518 517 717 570 αὐτῶν.
757 536 774 567 ι
817 517 935 569 Τῶν
987 517 1093 588 γὰρ
1142 519 1484 588 πραγμάτων
1539 519 1694 572 ἐναν-

1822 522 1945 576 :nim
1982 524 2277 581 contrariis
2317 524 2732 595 apparentibus,
2780 535 2832 582 et
2877 542 2975 598 pro
3008 540 3164 598 pace,
3210 542 3374 599 quam

91 604 239 658 τίων
271 606 641 677 φαινομένων,
680 606 773 661 καὶ
800 590 922 662 ἀντὶ
965 611 1060 676 τῆ;
1105 610 1197 663 ὑπ’
1229 610 1412 664 αὐτῶν
1440 610 1698 681 θρυλλου-

96 692 287 764 μένης
326 696 555 767 εἰρήνης
607 696 713 767 τῆς
758 695 1072 768 συμπλοκῆς
1117 697 1430 768 ὁρωμένης,
1487 696 1697 764 γέλωτα

99 785 210 853 μὲν
242 785 583 857 ὀφλήσουσιν
615 788 664 840 οἱ
699 786 768 840 τᾶ
790 787 978 865 ,ψευδῆ
1025 790 1457 859 μαντευσάμενοι
1479 805 1494 820 ο
1539 789 1701 857 ἐγκα-

96 875 449 946 λυπτόμενοι
497 877 554 931 δὲ
589 875 898 946 βαδιοῦνται
938 879 987 932 οἱ
1023 881 1136 942 τοῖς
1168 880 1438 943 ἐνυπνίοις
1474 878 1697 950 θαρρεῖν

101 966 706 1038 παρακελευσάμενοι·
757 969 1030 1038 μεσούσης
1077 969 1135 1022 δὲ
1175 969 1387 1041 ἡμέρας
1436 970 1494 1023 ὲν
1523 969 1700 1038 σκότῳ

100 1057 386 1125 διάξουσι,
415 1060 510 1112 καὶ
535 1059 704 1113 νύκτα
725 1060 821 1131 τὴν
847 1060 1061 1132 ἡμέραν
1092 1063 1408 1135 ἡγήσονται,
1437 1060 1515 1132 τῷ
1549 1059 1700 1130 φόϐῳ

102 1148 221 1201 τῶν
262 1150 565 1220 δρωμένων
596 1148 950 1222 βαλλόμενοι·
982 1151 1204 1215 πολλαῖς
1239 1151 1297 1205 δὲ
1320 1152 1515 1214 αὐτοὺς
1562 1149 1697 1203 πλυ-

102 1237 272 1292 νοῦσι
322 1238 618 1309 λοιδορίαις
651 1241 703 1293 oi.
741 1242 861 1305 ταῖς
907 1241 1132 1297 ἐκείνων
1186 1241 1524 1313 ἀπαχθέντες
1558 1255 1697 1311 μαν-

105 1330 315 1393 τείαις.

179 1450 259 1515 η’.
286 1465 307 1497 ι
347 1444 489 1514 Ἐγὼ
517 1445 573 1500 δὲ
594 1445 634 1478 ³¹
656 1488 672 1513 ,
708 1446 872 1519 φησὶν
914 1447 942 1501 ὁ
991 1448 1275 1520 προφήτης
1298 1489 1313 1514 ,
1361 1445 1701 1519 ἐνεπλήσθην

111 1536 311 1608 ἰσχύος
364 1539 424 1593 ἐν
473 1538 755 1610 Πνεύματι
809 1540 1055 1611 Κυρίου,
1117 1545 1211 1595 καὶ
1260 1541 1571 1613 κρίματος,
1605 1540 1703 1594 καὶ⁴

108 1628 455 1694 δυναστείας
481 1670 496 1695 ,
547 1630 642 1684 τοῦ
692 1630 1025 1701 ἀπαγγεῖλαι
1073 1631 1152 1703 τῷ
1200 1632 1393 1687 Ἰακὼϐ
1449 1628 1702 1698 ἀσεϐείας

108 1719 290 1774 αὐτοῦ
319 1760 337 1786 ,
385 1722 482 1776 καὶ
510 1720 590 1792 τῷ
627 1720 763 1804 ρίκῳ
786 1723 831 1754 ³³
887 1723 1102 1795 Ἰσραὴλ
1136 1723 1409 1794 ἁμαρτίας
1434 1723 1634 1777 αὐτῶν.
1677 1742 1695 1776 ι

108 1811 259 1865 Οὔτε
311 1811 427 1885 γὰρ
470 1814 634 1883 ὅμοια
682 1816 795 1877 τοῖς
854 1816 1191 1885 παρανόμοις
1236 1816 1465 1880 ἐκείνοις
1507 1816 1701 1887 δρᾶυαι

110 1905 393 1977 τολμήσω
417 1921 431 1934 ⁸
472 1906 580 1960 ὑπὸ
607 1905 663 1959 δὲ
690 1908 792 1977 τῆς
819 1906 916 1960 τοῦ
947 1908 1105 1976 ἁγίου
1137 1909 1452 1981 Πνεύματος
1481 1909 1704 1981 χάριτος

111 1997 545 2068 ἐνεργούμενος,
586 1999 681 2052 καὶ
706 1999 806 2066 τῆς
834 2000 1091 2070 τοιαύτης
1121 2000 1405 2071 δυνάμεως
1433 2001 1704 2072 ὲμπιπλάυ

114 2105 291 2157 μενος
318 2088 388 2152 ³³,
421 2089 518 2143 σὺν
554 2089 836 2161 παρρησίᾳ
862 2090 956 2144 τοῦ
996 2090 1125 2144 λαοῦ
1179 2092 1278 2163 τὴν
1325 2092 1580 2146 ἀσέϐειαν
1629 2092 1706 2146 δι-

112 2178 358 2247 ελέγξω.
414 2178 600 2242 Οὕτως
667 2180 1034 2250 ὑποσχόμενος
1092 2181 1389 2254 διαρρήδην
1466 2181 1709 2250 ἐλέγξειν

111 2271 222 2333 τὰς
273 2270 371 2324 ὑπ’
409 2268 589 2324 αὐτῶν
626 2269 986 2342 τολμωμένας
1035 2272 1409 2343 παρανομίας,
1448 2273 1705 2343 ἀντικρὺς

191 2452 266 2517 0',
299 2451 356 2508 ι’.
390 2472 407 2503 ι
458 2451 751 2507 Ἀκούσατε
801 2453 865 2527 δὴ
899 2454 1093 2521 ταῦτα,
1127 2456 1176 2509 οί
1220 2457 1518 2526 ήγουμενοι
1554 2454 1706 2509 οἴκου

129 2544 365 2610 Ἰακὼϐ,
409 2548 503 2618 κα)
526 2547 574 2598 οί
603 2546 924 2600 κατάλοιποι
953 2546 1104 2600 οίκου
1140 2546 1377 2618 Ἰσραὴλ,
1410 2548 1459 2600 οἱ
1490 2545 1711 2617 βδελυσ-

119 2638 355 2707 σόμενοι
391 2639 594 2707 κρῖμα,
629 2639 723 2691 καὶ
760 2638 939 2693 πάντα
978 2638 1047 2692 τά
1089 2638 1226 2710 ὀρθὰ
1267 2638 1707 2711 διαστρέφοντες.

118 2728 186 2780 Oi
224 2726 638 2798 οἰκοδομοῦντες
675 2727 814 2781 Σιὼν
844 2729 901 2782 ὲν
941 2728 1161 2799 αἵμασι,
1203 2727 1300 2781 καὶ
1346 2726 1703 2799 Ἰερουσαλὴμ

120 2822 182 2873 ἐν
213 2819 479 2882 ἀδικίαις.
516 2840 535 2870 ι
566 2819 639 2873 Τὸ
665 2819 893 2891 κρίνειν,
930 2821 1085 2890 φησὶ,
1107 2819 1550 2890 πεπιστευμένοι,
1575 2837 1710 2873 κατ-

123 2913 285 2982 έχειν
316 2910 550 2976 ἀκλινῶς
587 2913 688 2966 ούκ
725 2912 1067 2984 ἡϐουλήθητε
1094 2912 1166 2967 τά
1199 2913 1299 2983 τῆς
1335 2912 1491 2979 δίκης
1531 2910 1707 2981 ζυγά·

124 3003 275 3057 ἀλλὰ
323 3002 420 3057 τοῦ
470 3002 682 3058 δικαίου
720 3005 817 3075 μὲν
869 3005 1141 3058 ἐποιεῖσθε
1197 3005 1354 3074 λόγον
1387 3004 1613 3071 οὐδένα,
1651 3001 1713 3057 τὸ

125 3096 186 3148 δὲ
223 3094 411 3150 ἄδικον
458 3094 665 3148 δίκαιον
718 3097 1012 3168 ἐπειρᾶσθε
1059 3095 1370 3162 δεικνύναι,
1419 3095 1710 3167 καὶταύτῃ

1802 612 2105 684 jactabant,
2143 617 2330 688 praelia
2359 618 2671 690 ingruente,
2701 619 2812 675 risu
2845 620 3064 693 quidem
3092 621 3376 690 excipien-

1806 713 1898 759 tur
1930 706 2022 777 qui
2074 706 2210 763 falsa
2253 709 2538 765 vaticinati
2583 718 2735 775 sunt,
2770 719 2826 768 et
2865 709 3081 768 confusi
3120 712 3377 782 gradien-

1807 804 1897 852 tur
1934 799 2026 869 qui
2071 801 2303 857 somniis
2333 802 2608 859 conlidere
2648 803 2933 875 jubebant,
2967 802 3259 874 medioque
3287 804 3376 859 die

1807 886 1863 943 in
1895 890 2138 946 tenebris
2172 892 2340 947 vitam
2368 902 2551 965 agent,
2592 903 2646 951 et
2677 903 2892 950 noctem
2923 895 3067 950 diem
3097 896 3377 951 existima-

1804 978 1964 1046 bunt,
2014 981 2260 1037 visorum
2310 994 2457 1039 metu
2511 986 2743 1042 vexati:
2786 986 2975 1042 multis
3030 993 3209 1042 autem
3250 986 3375 1042 illos

1805 1072 2071 1129 conviciis
2102 1074 2457 1144 proscindent
2485 1076 2545 1146 ii,
2578 1092 2716 1148 quos
2745 1075 2823 1134 illi
2870 1077 2990 1134 suis
3018 1077 3374 1134 vaticinatio-

1805 1162 1972 1218 nibus
1996 1163 2353 1220 seduxerunt.

1879 1450 2088 1522 1491
2120 1449 2286 1508 Vens.
2319 1452 2374 1509 8.
2408 1472 2427 1507 ι
2455 1452 2842 1510 Verumtamen
2890 1469 3012 1527 ego,
3041 1454 3224 1527 inquit
3253 1468 3380 1524 pro-

1806 1542 1989 1612 pheta,
2019 1545 2262 1614 replctus
2289 1560 2412 1601 sum
2451 1544 2774 1602 fortitudine
2815 1546 2869 1601 in
2898 1546 3107 1618 Spiritu
3140 1546 3377 1613 Domini,

1804 1640 1859 1687 et
1889 1631 2117 1702 judicio,
2148 1642 2202 1690 et
2231 1637 2494 1705 potentia,
2525 1644 2585 1691 ut
2611 1637 2932 1692 annuntiem
2962 1635 3164 1692 Jacobo
3190 1635 3380 1704 impie-

1806 1730 1944 1777 tates
1969 1725 2108 1793 ejus,
2140 1732 2193 1779 et
2221 1725 2402 1780 domui
2450 1726 2670 1784 lsraelis
2700 1735 2927 1797 peccata
2954 1742 3166 1783 eorum.
3196 1744 3217 1780 ι
3257 1724 3378 1782 Non

1805 1814 1948 1867 enim
1976 1816 2337 1883 committam,
2365 1826 2421 1873 ut
2450 1819 2655 1874 similia
2685 1819 2793 1875 illis
2825 1817 3367 1890 pmvaricationibus

1806 1905 2126 1973 aggrediar;
2156 1907 2251 1961 sed
2283 1909 2459 1963 sancti
2488 1908 2729 1979 Spiritus
2759 1908 2933 1979 gratia
2952 1908 3172 1974 ductus,
3198 1915 3252 1963 et
3279 1905 3374 1962 tali

1807 1994 2014 2050 virtute
2050 1999 2361 2065 roboratus,
2408 2000 2596 2070 populi
2631 2000 2964 2069 impietatem
2993 1998 3164 2055 libere
3189 1998 3381 2053 redar-

1805 2100 1986 2156 guam.
2039 2087 2112 2142 Ita
2159 2105 2218 2144 se
2244 2090 2425 2160 palam
2456 2092 2663 2148 scelera
2690 2107 2881 2149 eorum
2913 2092 3379 2164 reprehensurum

1807 2177 2109 2246 pollicitus,
2140 2191 2329 2250 aperte
2358 2182 2631 2237 exclamat
2662 2198 2680 2240 :

1878 2443 2045 2502 Vens.
2075 2446 2128 2513 9,
2164 2447 2253 2500 ill.
2297 2464 2315 2498 ι
2349 2445 2547 2501 Audite
2584 2445 2721 2511 hare,
2746 2444 2916 2500 duces
2944 2444 3143 2500 domus
3167 2443 3380 2508 Jacobi,

1809 2545 1865 2593 et
1908 2538 2104 2606 reliqui
2155 2536 2351 2591 domus
2390 2536 2633 2601 lsraelis,
2682 2537 2778 2607 qui
2817 2536 3208 2592 abominamini
3235 2535 3384 2604 judi-

1810 2627 1980 2687 cium.
2032 2637 2086 2681 et
2134 2628 2316 2680 omnia
2364 2639 2513 2683 recta
2557 2628 2889 2696 pervertitis.
2944 2625 3049 2692 Qui
3093 2623 3382 2678 aediﬁcatis

1814 2717 2034 2773 Siouem
2067 2719 2454 2788 sanguinibus,
2500 2725 2556 2774 et
2587 2709 3023 2787 Hierosolymam
3074 2712 3382 2785 iniquitati—

1812 2808 1936 2863 bus.
1972 2827 1991 2861 ι
2033 2806 2145 2880 [Η]
2177 2807 2336 2876 Cum,
2368 2808 2571 2877 inquit,
2598 2805 2883 2877 judicandi
2926 2819 3125 2858 munus
3154 2803 3383 2857 manda-

1813 2910 1926 2954 tum
1960 2900 2115 2956 vobis
2141 2908 2313 2962 esset,
2340 2899 2573 2971 justitiar.
2600 2899 2791 2953 lances
2824 2905 3009 2953 rectas
3038 2904 3092 2953 et
3132 2903 3382 2951 neutram
3454 2961 3457 2965 ς

1814 2992 1868 3045 in
1897 3000 2102 3061 partem
2131 2990 2360 3047 inﬂexas
2390 3002 2574 3047 tenere
2599 2990 2878 3053 noluistis,
2909 2988 3002 3044 sed
3036 2986 3218 3057 potius
3242 2985 3384 3055 equi

1814 3091 1868 3136 et
1914 3081 2049 3150 justi
2094 3083 2298 3136 nullam
2332 3082 2595 3136 habentes
2629 3080 2925 3142 rationem,
2965 3075 3165 3146 injuria
3203 3085 3263 3129 ut
3292 3076 3386 3144 jus

129 3187 475 3257 κεχρημένοι
495 3188 562 3258 τῇ
607 3184 824 3258 γνώμῃ,
846 3167 1103 3258 αἱμάτων
1135 3187 1338 3242 ἀδίκων
1367 3189 1466 3257 τὴν
1519 3187 1710 3257 Ἰερου-

1822 3174 2090 3228 rideretur
2129 3173 2545 3239 adnitebamini,
2595 3181 2760 3243 atque
2805 3171 2909 3225 hoc
2947 3177 3171 3242 agentes
3217 3167 3387 3222 animi

130 3277 329 3347 σαλὴμ
349 3276 711 3349 ιὶνεπλήσιιτε⁹
746 3277 1042 3350 δωροδοκίᾳ
1085 3278 1185 3349 μὲν
1205 3279 1254 3331 oi
1284 3279 1545 3351 ἄρχοντες
1575 3275 1717 3348 χρώ-

134 3385 321 3438 μενοι,
358 3368 409 3421 οί
430 3368 486 3421 δὲ
513 3369 679 3439 ίερεῖς
702 3367 802 3432 τὰς
832 3369 960 3439 περὶ
985 3369 1092 3423 τῶν
1116 3370 1362 3441 νομίμων
1394 3369 1716 3441 ἀποκρίσεις

134 3460 289 3532 μετὰ
325 3461 627 3531 χρημάτων
659 3459 1008 3527 ποιούμενοι,
1058 3460 1152 3514 καὶ
1196 3464 1397 3530 προῖκα
1439 3459 1538 3532 τὴν
1567 3459 1717 3513 θείαν

131 3552 389 3607 ἐκτελεῖν
427 3551 771 3622 λειτουργίαν
797 3552 896 3605 οὑκ
920 3551 1272 3623 ἀνεχόμενοι·
1305 3553 1353 3604 οί
1385 3551 1443 3605 δὲ
1478 3551 1584 3605 ὑπὸ
1610 3549 1717 3603 τῶν

136 3643 408 3698 ἰναντίων
462 3644 795 3713 πνευμάτων
856 3642 1243 3715 ὲνεργούμενοι
1282 3645 1581 3714 προφῆται,
1617 3642 1717 3714 ἔμ-

138 3734 344 3807 μισθον
396 3735 497 3804 τὴν
526 3735 695 3806 ψευδῆ
748 3735 1008 3806 μαντείαν
1040 3733 1403 3805 παρέχοντες,
1453 3735 1546 3787 καὶ
1580 3734 1721 3805 μετά

135 3826 341 3896 δώρων
365 3825 465 3897 τὴν
489 3826 708 3896 ἀπάτην
733 3825 1153 3897 προσφέροντες,
1186 3825 1280 3878 καὶ
1302 3824 1461 3877 τοῦτο
1483 3824 1529 3857 ⁸⁸
1547 3824 1719 3896 δρῶν-

135 3935 241 3982 τες
269 3916 373 3988 τὴν
402 3917 552 3972 θείαν
590 3917 734 3988 ἔχειν
768 3917 1130 3989 ἐφαντάζοντο
1160 3917 1502 3988 συμμαχίαν,
1547 3918 1728 3987 λέγον.

138 4025 241 4070 τες
266 4023 283 4038 ’
323 4025 342 4059 ι
385 4007 521 4078 Οὐχὶ
566 4007 770 4078 Κύριος
799 4007 857 4059 ὲν
891 4008 1022 4076 ἡμῖν
1062 4008 1248 4071 ὲστιν;
1287 4006 1363 4059 Ού
1412 4004 1487 4076 μὴ
1521 4004 1721 4077 ἐπέλθῃ

141 4103 238 4168 ἐφ’
262 4101 412 4169 ὑμᾶς
427 4099 472 4132 ³⁵
500 4100 666 4155 κακά.
700 4118 719 4151 ι
763 4097 983 4168 Ἐπειδὴ
1012 4098 1192 4151 τοίνυν
1227 4097 1544 4169 παρανομίᾳ
1573 4099 1721 4171 πάσῃ

145 4193 449 4261 συζῶντες,
477 4195 651 4265 μάτην
699 4190 1040 4264 έπερείδεσθε
1078 4191 1145 4261 τῇ
1194 4189 1315 4261 θείᾳ
1358 4191 1721 4265 προσηγορίᾳ,

142 4285 475 4357 γινώσκετε,
510 4287 590 4339 ὄτι
684 4308 718 4333 ο

226 4375 317 4445 ιβ’.
346 4393 366 4426 ι
398 4374 497 4428 Διὰ
521 4373 679 4426 τοῦτο
703 4373 769 4426 δι’
799 4373 963 4442 ὑμᾶς,
992 4371 1150 4437 Σιὼν,
1177 4372 1251 4435 ὡς
1278 4371 1446 4440 ἀγρὸς
1470 4373 1725 4442 ἀροτρια-

1818 3267 2132 3336 proposito,
2192 3265 2461 3335 sanguine
2526 3265 2883 3318 innocentum
2953 3262 3386 3332 Hierosolymam

1816 3354 2208 3424 eouiplevistis.
2240 3355 2566 3424 Corruptela
2606 3369 2892 3409 munerum
2928 3352 3193 3423 principis
3222 3350 3388 3420 capti,

1817 3458 1863 3502 et
1902 3450 2215 3503 sacerdotes
2240 3449 2304 3502 de
2330 3447 2596 3517 legitimis
2618 3462 2726 3500 non
2758 3446 2880 3501 sine
2907 3445 3138 3515 pecunia
3165 3458 3390 3512 respon-

1817 3541 2028 3605 dentes,
2079 3541 2497 3609 ministeriaque
2540 3539 2724 3593 divina
2781 3539 2956 3610 gratis
3002 3549 3260 3607 peragere
3291 3532 3391 3588 ab-

1817 3640 2048 3687 nuentes
2081 3649 2096 3684 :
2131 3633 2263 3702 quin
2291 3640 2344 3685 et
2375 3632 2652 3702 prophetae
2683 3629 3024 3684 adversariis
3057 3628 3248 3697 agitati
3280 3626 3395 3696 spi-

1818 3723 2039 3786 ritibus,
2093 3721 2285 3777 falsam
2334 3722 2732 3775 divinationem
2786 3734 2886 3789 pro
2940 3716 3193 3771 mercede
3230 3729 3396 3784 expo-

1819 3824 2035 3878 nentes,
2066 3825 2115 3868 et
2147 3815 2503 3883 imposturam
2535 3812 2696 3865 donis
2727 3809 3095 3881 proferentes,
3128 3807 3242 3859 haec
3270 3820 3393 3858 cum

1822 3906 2086 3970 facerent,
2133 3906 2377 3959 divinqu
2423 3905 2685 3958 auxilium
2734 3918 2792 3957 se
2844 3900 3128 3953 habituros
3157 3910 3396 3966 augura-

1821 4000 2043 4063 bantur,
2075 3998 2322 4053 dicentes
2358 4016 2370 4051 :
2420 4016 2437 4046 ι
2463 3994 2655 4050 Nonne
2686 3993 2952 4047 Dominus
2998 3993 3051 4046 in
3085 3989 3246 4045 nobis
3278 3987 3399 4043 est?

1825 4091 1943 4145 Non
1972 4091 2196 4145 venient
2222 4106 2389 4157 super
2439 4104 2538 4144 vos
2581 4087 2740 4141 mala.
2774 4106 2793 4138 ›
2835 4085 3103 4151 Quoniam
3137 4095 3264 4150 ergo
3298 4079 3400 4133 ini-

1825 4198 1988 4252 quam
2022 4184 2247 4235 omnino
2280 4182 2441 4233 vitam
2474 4181 2741 4233 ducentes
2774 4176 2977 4229 frustra
3009 4174 3192 4227 divina
3224 4170 3400 4241 appel-

1827 4274 2034 4327 latione
2061 4272 2174 4324 nixi
2204 4272 2360 4334 estis,
2394 4269 2713 4336 cognoscite
2741 4266 2860 4319 fore
2892 4272 2974 4328 ut,

1899 4364 2063 4417 Vens.
2099 4363 2184 4416 19..
2242 4380 2259 4412 ι
2290 4361 2503 4413 Idcirco
2536 4368 2756 4429 propter
2786 4371 2884 4412 vos
2921 4355 3051 4409 Sion
3079 4351 3237 4421 quasi
3270 4364 3400 4420 ager

145 4467 404 4536 θήσεται,
436 4464 530 4517 καὶ
575 4463 924 4535 Ἰερουσαλὴμ
960 4464 1040 4523 είς
1068 4462 1517 4533 ὀπωροφυλάκιον
1548 4464 1712 4527 ἔσται1

1830 4463 2037 4517 aretur,
2064 4461 2119 4509 et
2154 4451 2531 4522 Hierosolyma
2564 4449 2775 4520 1492
2807 4455 2865 4501 ιιι
2899 4458 3181 4516 pomorum
3213 4452 3400 4496 custo-

145 4560 249 4613 καὶ
299 4557 361 4609 τὸ
407 4556 537 4626 δρος
574 4556 633 4608 τὸ
666 4555 757 4608 τοῦ
792 4557 938 4608 οἴκου
969 4557 1048 4618 είς
1076 4556 1235 4618 ἄλσος
1264 4556 1493 4626 δρυμοῦ.
1528 4575 1545 4606 ι
1580 4556 1723 4608 Τοσ-

147 4649 333 4718 αύτη,
381 4649 578 4717 φησὶν,
628 4648 830 4717 ἐρημία
884 4645 982 4717 τὴν
1040 4644 1470 4718 πολυθρύλλητον
1522 4647 1727 4716 ταύτην

147 4740 528 4809 καταλήψεται
560 4739 712 4793 πόλιν
738 4781 751 4801 ,
789 4739 864 4802 ὡς
904 4739 996 4790 τὸν
1030 4740 1127 4808 μὲν
1178 4739 1318 4792 θεῖον
1348 4735 1496 4794 οἶκον
1544 4739 1726 4810 φυτῶν

148 4830 589 4897 ἀναπλησθῆναι,
618 4828 712 4881 καὶ
742 4828 1142 4895 ἀπεικασθῆναι
1178 4827 1370 4899 δρυμῷ
1392 4845 1406 4858 ·
1442 4829 1508 4882 τὰ
1533 4830 1589 4883 δὲ
1615 4830 1725 4882 τῶν

147 4919 355 4991 τειχῶν
384 4918 551 4982 ἔνδον,
582 4917 649 4971 τὰ
688 4918 854 4972 πάλαι
887 4918 990 4970 ὑπὸ
1027 4917 1133 4970 τῶν
1162 4920 1515 4973 ἐνοικούντων
1542 4938 1724 4973 στενο-

152 5009 523 5082 χωρούμενα,
586 5010 707 5071 ταῖς
759 5007 864 5071 ἔξω
910 5007 1017 5059 τῶν
1093 5009 1390 5077 περιϐόλων

153 5102 537 5174 νεουργεῖσθαι
603 5100 1033 5171 παραπλησίως,
1079 5102 1171 5154 καὶ
1236 5103 1589 5174 σπείρεσθαι,
1650 5104 1726 5168 ὠς

159 5198 332 5270 μηδὲν
370 5193 824 5265 ὀπωροφυλακίου
874 5193 972 5263 τὴν
1024 5195 1379 5265 Ἰερουσαλὴμ
1423 5198 1727 5270 διαφέρειν,

153 5291 185 5344 ὃ
212 5287 353 5360 μετά
386 5286 483 5356 τὴν
514 5283 621 5337 τῶν
647 5283 873 5354 καρπῶν
899 5283 1160 5354 συλλογὴν
1189 5285 1392 5355 ἔρημον
1420 5289 1591 5357 μένει,
1637 5290 1730 5341 τοῦ

158 5378 357 5450 πρώην
412 5375 771 5446 φυλάττοντος
827 5374 1008 5428 οἴκαδε
1065 5377 1394 5440 ἐπανιόντος,
1442 5379 1625 5431 Ταῦτα
1675 5381 1733 5432 δὲ

159 5473 340 5543 πέρας
381 5468 479 5540 μὲν
510 5467 667 5520 ἔλαϐε
702 5468 794 5540 καὶ
826 5468 918 5519 ἐπὶ
945 5466 1039 5519 τοῦ
1061 5467 1547 5540 Ναϐουχοδονόσορ,
1573 5471 1734 5541 ἡνίκα

1466 5010 1726 5082 ἀρούραις
1802 5060 1807 5063 .

1829 4548 1916 4602 dia
1949 4547 2038 4611 sit,
2081 4552 2131 4600 et
2167 4556 2326 4597 mons
2357 4541 2540 4610 templi
2592 4542 2645 4594 in
2698 4540 2881 4593 lucum
2933 4537 3105 4592 saltus
3147 4532 3400 4606 (rediga-

1827 4639 1964 4709 tm).
1996 4657 2014 4688 ι
2049 4637 2243 4697 Tanta,
2276 4634 2469 4702 inquit,
2498 4631 2737 4687 solitudo
2768 4629 2893 4684 huic
2925 4627 3046 4681 urbi
3079 4623 3400 4680 clarissimae

1831 4730 2114 4787 inferetur,
2165 4736 2223 4778 ut
2252 4724 2448 4777 domus
2479 4721 2662 4775 divina
2697 4720 2896 4788 plantis
2945 4716 3307 4785 compleatur,
3346 4721 3400 4767 et

1831 4821 2003 4874 saltus
2032 4816 2227 4871 similis
2257 4815 2326 4867 sit
2361 4832 2372 4867 :
2401 4814 2519 4867 loca
2548 4827 2675 4864 vero
2707 4811 2853 4862 intra
2883 4822 3092 4867 muros,
3124 4820 3246 4874 qua:
3269 4803 3399 4856 olim

1833 4910 2032 4965 civium
2068 4905 2376 4977 frequentia
2416 4911 2652 4973 angusta
2681 4908 2858 4964 erant,
2889 4898 3141 4953 similiter
3173 4903 3231 4949 ut
3259 4894 3398 4965 agri,

1834 5004 1923 5072 qui
1955 5008 2108 5054 extra
2140 4996 2339 5052 mcenia
2371 5001 2522 5057 sunt,
2569 4998 2816 5053 arentur,
2849 4997 2903 5043 et
2935 4989 2990 5042 in
3020 4988 3101 5041 eis
3129 4994 3400 5041 sementes

1836 5096 1984 5153 tiam,
2019 5092 2094 5144 ita
2130 5098 2190 5142 ut
2224 5088 2355 5140 nihil
2388 5084 2765 5153 Hierosolyma
2811 5097 2842 5133 a
2891 5093 3181 5150 pomorum
3212 5085 3398 5130 custo-

1834 5187 1922 5240 dia
1955 5182 2191 5244 itill‘crat,
2227 5196 2346 5250 quas
2377 5188 2498 5248 post
2534 5177 2807 5229 fructuum
2846 5171 3270 5242 perceptionem,
3303 5182 3399 5222 cu-

1836 5276 1989 5331 stode
2048 5274 2269 5327 domum
2319 5284 2556 5333 reverso,
2603 5267 2816 5320 deserta
2858 5270 3058 5318 manet.
3110 5261 3233 5314 Hmc
3271 5271 3400 5311 vero

1836 5369 1938 5422 sub
1983 5363 2517 5418 Nabuchodonosore
2564 5357 2783 5430 quidem
2824 5358 2986 5412 linem
3023 5353 3217 5409 sortita
3247 5356 3395 5409 sunt,

1836 5476 1957 5516 cum
1987 5464 2147 5527 capta
2180 5456 2313 5508 urbe
2343 5453 2680 5508 habitatores
2711 5466 2817 5505 una
2849 5464 2972 5505 cum
3004 5460 3129 5516 rege
3154 5442 3399 5513 captivos

1422 5644 1655 5700 vanus
1681 5641 2083 5715 LtiCTlONES.

309 5756 350 5809 Δ
381 5757 707 5832 ἐπακούων.-
761 5759 800 5832 3"
823 5760 880 5832 Α
911 5761 1034 5814 Ἐὰν
1095 5758 1168 5832 μὴ
1200 5757 1307 5827 ἐγὼ
1332 5759 1596 5830 ἐμπλήσω
1626 5758 1790 5828 ἰσχὺν,
1824 5776 1874 5812 κ.
1910 5775 1960 5810 τ.
1998 5756 2048 5808 λ.
2133 5755 2176 5787 Μ
2211 5754 2358 5825 οἴκῳ.
2393 5753 2511 5808 Des.
2546 5752 2599 5806 in
2623 5751 2689 5803 A.
2769 5748 2814 5781 ⁸³
2842 5746 2882 5801 C
2918 5736 3387 5814 ἐμπιμπλάμενος.

179 5821 279 5880 ³⁵ίέ
314 5827 503 5882 ταῦτα.
613 5830 655 5860 ³⁵
686 5828 724 5884 Λ
762 5830 931 5896 ἡμᾶς.
