3904 6202
264 333 408 396 1⁸765

1476 322 1559 382 IN
1609 318 1940 381 MICHIEE
1970 318 2129 381 CAP.
2172 321 2241 380 Υ.

3427 328 3533 391 766

260 455 436 523 τησάν
481 464 577 503 σου
605 446 649 479 ⁸9
694 444 880 508 ὠδῖνες
910 443 986 507 ὡς
1016 440 1304 511 τικτούσης
1335 457 1351 506 ;
1393 460 1410 491 ι
1444 439 1636 503 Πόθεν,
1688 436 1845 507 φησὶ,

1980 437 2077 505 :_uia
2117 437 2508 508 corripuerunt
2541 437 2847 495 te'dolores
2870 439 3017 495 sicut
3057 443 3465 512 parturientis?
3509 465 3529 497 ι

262 543 462 612 πεῖραν
494 536 687 599 ἔλαϐες
730 536 840 589 τῶν
887 532 1109 597 κακῶν;
1144 531 1256 585 Καὶ
1297 530 1405 602 μὴν
1453 530 1546 583 καὶ
1603 525 1845 596 συμϐού-

263 635 391 697 λους
414 629 560 703 εἶχες
590 630 717 692 τοὺς
746 628 810 682 τὺ
838 627 956 681 δὲον
982 625 1162 696 εὑρεῖν
1191 622 1545 693 δυναμένους,
1571 622 1662 675 καὶ
1694 620 1847 690 βασις

267 725 368 780 λέα
406 723 599 778 τούτου
636 737 698 787 γε
737 719 923 772 εἵνεκα
971 716 1201 787 ᾔτησας,
1242 713 1383 767 ὥστε
1421 729 1513 765 σου
1556 711 1845 782 προκινδυ-

266 814 445 868 νεύειν
477 814 535 866 tv
575 814 688 876 τοῖς
728 809 984 879 πολέμοις
1016 821 1030 835 °
1056 806 1152 859 καὶ
1185 805 1376 867 ἔλαϐες
1407 804 1465 858 δὲ
1500 801 1810 875 παραυτίκα
1829 817 1843 831 ο

265 905 482 960 δέδωκα
512 904 620 973 γάρ
666 918 749 954 σοι
792 901 891 969 τὴν
936 899 1173 969 αἴτησιν.
1223 896 1480 952 Μάνθανε
1527 895 1726 955 τοίνυν,
1773 893 1849 955 ὡς

268 996 425 1050 οὐδέν
454 1011 518 1047 σε
560 995 609 1046 οί
643 991 958 1061 σύμϐουλοι,
1000 988 1124 1043 οὔτε
1158 989 1266 1041 τῶν
1298 987 1615 1058 συμϐούλων
1648 987 1680 1056 ἡ
1716 984 1847 1055 φρό-

269 1102 449 1158 νησις,
489 1083 611 1140 οὔτε
638 1086 672 1154 ὴ
708 1082 802 1136 τοῦ
831 1081 1098 1152 βασιλέως
1135 1081 1319 1150 ὀνήσει
1350 1077 1674 1150 προστασία.

348 1273 401 1322 ι’.
436 1283 456 1317 ι
485 1265 595 1319 Καὶ
622 1263 801 1329 ὤδινε,
823 1262 918 1317 καὶ
943 1262 1219 1334 ἀνδρίζου,
1245 1260 1341 1314 καὶ
1369 1258 1579 1329 ἔγγιζε,
1607 1260 1653 1292 ⁵ο
1686 1257 1854 1325 θύγα-

269 1376 373 1431 τερ
398 1357 554 1417 Σιὼν.
581 1357 656 1419 ὠς
677 1358 710 1426 ή
745 1356 1022 1409 τίκτουσα.
1064 1375 1082 1408 ι
1118 1354 1306 1423 Δέχου,
1335 1353 1520 1424 φησιν,
1556 1351 1852 1421 ὠδινούσης

270 1448 536 1519 γυναικὸς
579 1444 974 1517 παραπλησίως
1006 1443 1217 1507 ὀδύνας,
1267 1443 1361 1495 καὶ
1411 1441 1610 1512 ὁμοίως
1646 1439 1851 1510 ὲκείνῃ,

271 1540 349 1594 τὰ
394 1536 617 1591 ἐπιόντα
661 1535 908 1605 θεωμένη
949 1534 1116 1596 κακὰ,
1150 1532 1344 1603 βάλλου
1371 1533 1492 1594 ταῖς
1547 1531 1658 1584 τῶν
1684 1532 1856 1600 ἀλγη-

271 1629 443 1685 δόνων
495 1627 669 1683 ἁκίσι.
705 1646 724 1678 ι
749 1627 892 1680 Διότι
941 1626 1036 1679 νῦν
1077 1625 1335 1696 ἐξελεύσῃ
1378 1626 1441 1677 ἐκ
1483 1624 1715 1686 πόλεως,
1763 1622 1857 1675 καὶ

274 1719 729 1792 κατασκηνώσεις
758 1719 816 1772 ὲν
844 1718 1033 1788 πεδίῳ,
1070 1717 1164 1771 καὶ
1202 1716 1354 1785 ἥξεις
1374 1716 1478 1780 ἕως
1503 1715 1852 1779 Βαϐυλῶνος⁶

1952 526 2255 593 Undenam,
2310 530 2511 600 inquit,
2567 531 2619 584 in
2661 546 2937 587 erumnas
2985 533 3277 589 incidisti?
3320 534 3535 591 Etenim

1948 618 2295 673 consiliarios
2335 621 2601 685 habebas,
2632 621 2726 690 qui
2758 623 2904 692 quod
2942 638 3080 693 Opus
3112 634 3261 679 esset
3290 627 3539 682 invenire

1950 716 2220 774 poterant,
2253 719 2305 763 et
2346 724 2527 778 regem
2559 710 2765 765 idcirco
2798 726 2829 765 a
2858 728 2946 767 me
2979 715 3313 784 expetieras,
3341 724 3401 770 ut
3438 733 3539 787 pro

1950 806 2004 851 te
2038 797 2164 852 belli
2207 799 2450 869 pericula
2500 802 2809 873 susciperet
2840 821 2855 858 :
2882 820 3045 874 quem
3075 815 3131 860 et
3161 807 3347 861 statim
3394 808 3542 862 obti-

1952 892 2140 953 nuisti,
2177 892 2301 946 dedi
2325 895 2470 947 enim
2496 894 2593 947 tibi
2628 896 2774 964 quad
2807 896 3144 965 postulabas.
3183 897 3340 953 Disce
3368 899 3539 969 igitur

1952 997 2128 1052 neque
2178 986 2526 1042 consiliarios
2567 996 2690 1042 tuos
2727 1002 2901 1059 neque
2935 989 3378 1044 cousiliariorum
3416 998 3539 1046 tuo-

1952 1090 2076 1128 rum
2124 1077 2489 1145 prudentiam,
2521 1096 2698 1150 neque
2726 1081 2870 1151 regis
2900 1081 3212 1151 praesidium
3255 1081 3351 1135 tibi
3388 1083 3540 1152 quid-

1952 1182 2114 1238 quam
2144 1170 2489 1237 profuturum
2545 1188 2687 1228 esse.

2031 1257 2192 1313 Vens.
2224 1260 2308 1315 10.
2349 1261 2564 1333 1498
2603 1283 2621 1315 ι
2645 1264 2794 1329 Dole,
2828 1271 2881 1317 et
2916 1265 3149 1321 viriliter
3186 1281 3321 1336 age,
3358 1275 3414 1321 et
3448 1280 3544 1337 ap-

1956 1351 2286 1422 propinqua,
2318 1354 2429 1411 lilia
2463 1354 2618 1419 Sion,
2652 1357 2808 1425 quasi
2837 1356 3168 1426 parturiens.
3211 1377 3230 1409 ι
3257 1357 3540 1423 Similiter,

1956 1444 2156 1515 inquit,
2191 1456 2252 1500 ut
2282 1449 2483 1503 mulier
2538 1449 2718 1504 vicina
2768 1450 2948 1519 partui
3001 1451 3222 1508 dolores
3255 1453 3467 1524 excipe,
3489 1462 3545 1508 et.

1958 1535 2208 1590 similiter
2247 1545 2304 1591 ut
2340 1539 2454 1605 illa,
2494 1540 2861 1610 impendentia
2901 1555 3134 1597 cernens
3165 1545 3342 1608 mala,
3385 1544 3545 1598 dolo~

1961 1640 2082 1679 rum
2132 1627 2337 1682 aculeis
2386 1629 2681 1698 conligere.
2729 1647 2749 1682 ι
2802 1630 2944 1697 Quia
2986 1626 3133 1687 nunc
3181 1633 3477 1703 egredieris
3513 1647 3545 1688 e

1961 1716 2204 1782 civitate,
2230 1726 2287 1773 et
2318 1720 2594 1776 habitabis
2618 1722 2672 1775 in
2696 1736 2915 1792 campo,
2943 1729 3000 1777 et
3032 1721 3220 1777 venies
3266 1737 3443 1793 usque
3476 1722 3545 1777 ad

282 1789 778 1882 ὲηῖθεννρύσεταί
823 1827 917 1875 σε,
960 1809 1057 1863 καὶ
1105 1808 1316 1863 ἐκεῖθεν
1358 1807 1692 1877 λυτρὼσεταί
1727 1808 1850 1860 σε⁵¹

1980 1805 2321 1877 ὶιιὶηγιοηειηε
2361 1809 2488 1866 inde
2518 1812 2768 1866 liberabit
2799 1789 2872 1875 te,
2902 1819 2957 1868 et
2987 1814 3220 1868 redimet
3257 1820 3311 1868 te
3354 1789 3546 1869 Domi-

275 1900 542 1972 Κύριοςὸ
576 1899 708 1963 θεός
772 1916 869 1952 σου
922 1900 988 1953 ἐκ
1036 1898 1216 1969 χειρὸς
1281 1897 1494 1970 ἐχθρῶν
1541 1915 1658 1952 σου.
1698 1918 1716 1949 ι
1767 1899 1858 1970 Μὴ

276 1991 603 2065 ἀναμείνῃς,
649 1990 801 2062 φησὶ,
837 1988 933 2043 νῦν
980 1989 1087 2042 τῶν
1122 1989 1383 2043 ἐπιόντων
1416 2006 1499 2042 σοι
1532 1989 1721 2042 κακῶν
1759 1989 1858 2060 τὴν

277 2083 606 2151 ἀπαλλαγήν
632 2098 645 2111 ’
673 2082 755 2134 δεῖ
781 2082 888 2151 γάρ
930 2097 989 2134 σε
1031 2080 1235 2151 ταύτης
1268 2081 1366 2151 μὲν
1399 2079 1722 2149 ἐξελαθῆναι
1761 2080 1860 2150 τῆς

277 2175 495 2236 πόλεως
525 2189 539 2204 ’
574 2172 923 2243 ἀπαγομένην
955 2171 1035 2232 δὲ,
1084 2172 1160 2235 ὡς
1204 2171 1414 2241 ἔτυχεν,
1468 2172 1527 2223 ὲν
1559 2172 1680 2235 ταῖς
1722 2170 1863 2234 ὁδοῖς

280 2264 606 2319 καταλύεινο
636 2264 729 2316 ἐπὶ
776 2262 1024 2315 πλεῖστον
1057 2262 1112 2315 δὲ
1144 2262 1362 2331 οἰκῆσαι
1399 2262 1497 2332 τὴν
1544 2259 1860 2322 Βαϐυλῶνα,

284 2356 433 2427 μετὰ
472 2354 665 2426 χρόνον
718 2354 816 2424 τῆς
867 2352 1182 2423 ἐλευθερίας
1223 2354 1444 2423 τυχεῖν,
1494 2357 1589 2405 καὶ
1632 2353 1713 2414 είς
1763 2351 1861 2421 τὴν

282 2447 617 2516 ἐνεγκοῦσαν
655 2445 986 2500 ἐπανελθεῖν.
1024 2444 1180 2497 Οὕτω
1228 2445 1328 2514 τὴν
1355 2444 1733 2514 αἰχμαλωσίαν
1773 2445 1865 2496 καὶ

282 2541 388 2612 τὴν
414 2539 669 2592 ἐπάνοδον
703 2539 885 2600 αὐτοῖς
924 2536 1320 2607 προθεσπίσας,
1353 2536 1483 2605 περὶ
1526 2536 1634 2589 τῶν
1679 2536 1867 2588 Σκυθι-

294 2631 411 2686 κῶν
469 2630 639 2684 ὲθνῶν
694 2632 928 2683 ποιεῖται
964 2628 1063 2696 τὴν
1119 2627 1445 2699 πρόρρησιν,
1502 2626 1537 2680 ἃ
1584 2626 1722 2697 μετὰ
1768 2627 1867 2698 τὴν

289 2725 553 2781 ἐπάνοδον
583 2724 764 2787 αὐτοῖς
791 2722 1210 2792 ἐπεστράτευσε.

369 2826 458 2884 ια’,
492 2817 578 2889 ιβ’.
621 2835 640 2869 ι
674 2817 782 2870 Καὶ
810 2814 905 2868 νῦν
946 2813 1451 2891 ὲπισυνήχθησαν⁵²
1500 2813 1593 2865 ἐπὶ
1645 2811 1702 2864 σὲ
1740 2809 1867 2880 ἔθνη

290 2910 503 2972 πολλὰ,
556 2908 651 2961 καὶ
700 2907 880 2960 laci.”
920 2905 1170 2974 λέγοντες
1202 2920 1216 2933 ·
1263 2903 1721 2975 Ἐπιχαρούμεθα,
1776 2904 1871 2956 καὶ

292 3001 591 3070 ἐπόψονται
634 3000 729 3052 ἐπὶ
764 2997 902 3052 Σιὼν
928 3000 979 3050 οί
1021 2996 1292 3066 ὀφθαλμοὶ
1340 2995 1518 3065 ἡμῶν.
1566 2996 1674 3048 Καὶ
1718 2995 1872 3048 αὐτοὶ

292 3095 401 3150 οὐκ
426 3093 671 3161 ἔγνωσαν
696 3092 790 3144 τὸν
823 3090 1079 3159 λογισμὸν
1122 3090 1350 3159 Κυρίου,
1382 3090 1479 3142 καὶ
1520 3089 1580 3141 ού
1630 3087 1873 3157 συνῆκαν

293 3188 399 3257 τὴν
446 3184 640 3257 βουλὴν
682 3184 867 3247 αὐτοῦ,
902 3182 984 3235 ὅτι
1018 3183 1324 3251 συνήγαγεν
1356 3179 1553 3244 αὐτοὺς
1595 3179 1671 3243 ὡς
1711 3180 1878 3249 δράγ-

300 3294 452 3349 ματα
500 3274 722 3337 ἅλωνος.
751 3293 769 3324 ι
806 3273 1035 3340 Συνάγει
1072 3272 1178 3325 δὲὸ
1213 3271 1365 3339 Θεὸς,
1406 3271 1507 3323 οὐκ
1548 3268 1878 3337 ἀναγκάζων

298 3370 400 3423 καὶ
441 3367 775 3438 βιαζόμενος,
825 3364 958 3418 ἀλλὰ
1002 3366 1124 3425 ταῖς
1173 3366 1371 3434 ὁρμαῖς
1417 3362 1737 3434 συγχωρῶν,
1788 3362 1880 3414 καὶ

296 3459 383 3530 τῷ
430 3457 763 3528 αὑτεξουσίῳ
810 3455 1183 3526 παραχωρῶν.
1235 3455 1419 3507 Ταῦτα
1474 3454 1532 3508 δὲ
1597 3455 1689 3507 καὶ
1741 3454 1869 3517 τοὺς

297 3552 498 3614 ἄλλους
552 3550 838 3619 προφήτας
890 3546 1325 3618 ἐρμηνεύσαντες
1388 3545 1726 3614 ἐδιδάξαμεν.

382 3647 469 3709 ιγ’.
510 3658 527 3691 ι
571 3637 859 3707 Ἀνάστηθι
893 3637 986 3690 καὶ
1030 3636 1163 3690 ἁλόα
1197 3636 1414 3698 αὐτοὺς,
1450 3633 1684 3708 θύγατερ
1723 3633 1881 3694 Σιὼν,

298 3734 388 3789 ὅτι
414 3733 482 3786 τὰ
526 3730 736 3803 κέρατά
771 3748 862 3783 σου
897 3729 1129 3800 θήσομαι
1160 3730 1374 3799 σιδηρᾶ,
1428 3730 1521 3780 καὶ
1565 3729 1668 3791 τὰς
1713 3729 1883 3790 ὁπλάς

305 3841 405 3879 σου
449 3822 687 3894 θήσομαι
719 3821 955 3893 χαλκᾶς’
1001 3822 1095 3874 καὶ
1135 3820 1519 3890 κα,τατήξεις²⁵“ι
1547 3823 1603 3872 ἐν
1636 3821 1816 3883 αὐτοῖς
1839 3820 1884 3851 ⁵³

304 3926 460 3986 ἔθνη,
496 3915 590 3969 καὶ
622 3915 904 3976 λεπτυνεῖς
949 3913 1112 3975 λαοὺς
1148 3911 1400 3973 πολλοὺς,
1446 3913 1541 3965 καὶ
1596 3912 1886 3980 ἀναθήσεις

304 4008 388 4078 τῷ
419 4006 605 4076 Κυρίῳ
635 4005 694 4058 τὸ
735 4004 935 4073 πλῆθος
963 4003 1162 4065 αὐτῶν,
1206 4004 1299 4056 καὶ
1344 4004 1443 4073 τὴν
1491 4004 1644 4073 ἰσχὺν
1707 4003 1886 4054 αὐτῶν

307 4099 390 4169 τῷ
417 4099 462 4130 ⁸⁸
501 4097 689 4167 Κυρίῳ
722 4096 901 4166 πάσης
929 4097 1025 4166 τῆς
1059 4096 1180 4164 γῆς.
1212 4112 1231 4146 ι
1279 4095 1389 4163 Τῆς
1416 4094 1533 4164 γὰρ
1584 4096 1721 4164 ὲμῆς
1758 4096 1889 4146 ἀπο-

308 4192 552 4245 λαύουσα
582 4189 940 4260 προμηθείας,
970 4185 1081 4240 οἷόν
1112 4206 1218 4240 τισι
1262 4188 1456 4256 κέρασι
1496 4187 1750 4256 σιδηροῖς,
1798 4187 1889 4238 καὶ

315 4283 541 4355 χαλκαῖς
581 4281 792 4345 ὁπλαῖς,
828 4278 1144 4349 κεχρημένη
1175 4284 1240 4348 τῇ
1293 4279 1421 4348 παρ’
1462 4277 1596 4343 ἐμοῦ
1648 4294 1727 4328 σοι
1764 4294 1890 4345 χορη

319 4374 592 4446 ηγουμὲνῃ
630 4373 878 4441 δυνάμει,
910 4372 1078 4441 ἄρδην
1105 4371 1299 4432 αὐτοὺς
1334 4369 1577 4430 ἅπαντας
1607 4368 1890 4436 ἁφανίσεις

1962 1913 2064 1954 nus
2090 1898 2235 1957 Deus
2277 1908 2405 1957 tuus
2430 1902 2497 1957 de
2532 1918 2694 1957 manu
2721 1904 3068 1960 inimicorum
3093 1914 3336 1960 tuorum.
3384 1923 3403 1956 ι
3447 1905 3543 1970 Ne,

1963 1991 2158 2062 inquit,
2190 2009 2220 2047 a
2250 1995 2409 2050 malis
2452 2011 2598 2051 nunc
2636 1997 2735 2052 tibi
2778 1997 3222 2068 impendentibus
3272 2013 3458 2069 speres
3495 2009 3548 2053 te

1964 2084 2249 2139 liberatum
2283 2086 2369 2140 iri.
2401 2085 2516 2141 Hac
2560 2089 2705 2143 enim
2748 2089 2883 2144 urbe
2906 2099 2957 2144 te
2985 2090 3181 2159 expelli
3213 2097 3445 2158 oportet,
3493 2097 3549 2145 et

1963 2191 2088 2231 cum
2120 2179 2434 2245 abduceris,
2462 2179 2517 2233 in
2566 2181 2782 2246 itinere,
2826 2189 2884 2234 ut
2922 2196 3090 2238 casus
3120 2186 3135 2203 ‘
3169 2181 3328 2245 feret,
3367 2179 3549 2234 diver-

1964 2269 2129 2326 sari:
2182 2278 2296 2323 tum
2348 2270 2659 2327 diutissime
2719 2272 3038 2327 inhabitare
3089 2272 3442 2343 Babylonem,
3495 2279 3552 2326 et

1967 2375 2228 2430 processu
2263 2361 2528 2430 temporis
2571 2362 2877 2417 libertatem
2945 2363 3228 2431 consequi,
3262 2368 3315 2417 et
3355 2361 3409 2414 in
3452 2376 3551 2430 pa-

1967 2452 2128 2506 triam
2164 2452 2365 2507 redire.
2396 2450 2691 2521 Postquam
2723 2468 2854 2508 vero
2893 2453 3269 2523 captivitatem
3311 2461 3366 2506 et
3401 2452 3552 2506 redi-

1971 2553 2082 2597 tum
2101 2542 2180 2597 sic
2197 2544 2277 2599 eis
2298 2543 2620 2598 vaticinatus
2636 2550 2742 2608 est,
2765 2542 2832 2598 de
2856 2542 3124 2612 Scythicis
3143 2541 3415 2613 gentibus,
3432 2557 3553 2610 qua:

1970 2642 2094 2703 post
2121 2633 2359 2689 reditum
2409 2632 2492 2689 eis
2532 2634 2734 2690 bellum
2771 2633 3097 2699 intulerunt,
3142 2631 3550 2704 praedictionem

1971 2726 2231 2780 instituit.

2043 2815 2210 2870 Vsus.
2252 2815 2338 2884 ll,
2371 2814 2462 2873 l2.
2500 2814 2604 2869 «Et
2648 2830 2798 2870 nunc
2848 2822 3190 2886 congregatae
3228 2821 3354 2869 sunt
3389 2829 3555 2886 super

1972 2916 2026 2962 te
2049 2915 2236 2978 gentes
2275 2907 2479 2972 multae,
2511 2914 2565 2961 et
2596 2907 2781 2977 populi
2810 2907 2988 2972 multi,
3023 2905 3271 2961 dicentes
3304 2924 3318 2960 :
3364 2906 3557 2960 Exsul-

1974 3009 2174 3062 temus,
2209 3007 2264 3053 et
2289 2998 2505 3052 videant
2560 2998 2782 3053 Sionem
2818 2998 2959 3052 oculi
2999 2998 3188 3052 nostri.
3233 2998 3338 3068 Ipsi
3373 3005 3555 3052 autem

1980 3087 2296 3143 nescierunt
2329 3089 2713 3157 cogitationem
2748 3087 2986 3154 Domini,
3024 3096 3078 3142 et
3112 3104 3220 3141 non
3275 3089 3558 3142 intellexe-

1981 3186 2108 3231 runt
2134 3180 2423 3233 consilium
2451 3180 2594 3249 ejus,
2636 3180 2729 3251 qui
2754 3180 3109 3250 congregavit
3152 3196 3247 3235 eos
3285 3188 3342 3233 ut
3380 3181 3557 3234 mani-

1979 3271 2135 3339 pulos
2163 3286 2322 3325 arear.
2346 3290 2365 3322 ι
2401 3271 2704 3343 Congregat
2761 3281 2940 3326 autem
2972 3271 3134 3338 Deus,
3171 3287 3279 3326 non
3332 3287 3556 3341 cogens,

1982 3376 2157 3431 neque
2211 3362 2477 3418 violenter
2526 3379 2748 3433 urgens,
2800 3362 2895 3417 sed
2933 3362 3222 3417 desideriis
3271 3363 3559 3432 indulgens

1981 3464 2034 3509 et
2069 3455 2237 3509 libero
2277 3457 2504 3510 arbitrio
2553 3457 2775 3511 redeas.
2836 3456 3037 3510 Verum
3075 3456 3210 3518 haec,
3241 3470 3365 3509 cum
3414 3455 3552 3509 alios

1984 3547 2275 3618 prophetas
2304 3550 2741 3617 explanaremus,
2771 3548 3082 3603 docuimus.

2057 3637 2218 3692 Vens.
2250 3639 2335 3692 15.
2382 3657 2401 3690 ε
2426 3637 2621 3707 Surge,
2654 3646 2706 3692 ct
2729 3639 2923 3691 tritura
2950 3653 3066 3702 eos,
3101 3638 3208 3690 tilia
3243 3636 3399 3702 Sion,
3434 3637 3562 3705 quia

1986 3745 2193 3784 cornua
2220 3740 2311 3784 tua
2335 3746 2531 3800 ponam
2563 3729 2760 3797 ferrea,
2796 3738 2849 3787 et
2902 3732 3134 3802 ungulas
3189 3740 3311 3785 tuas
3364 3744 3561 3800 ponam

1990 3839 2187 3890 aereas,
2246 3834 2301 3879 et
2334 3826 2680 3881 conimiuues
2731 3825 2962 3896 populos
3007 3824 3222 3896 1499
3250 3825 3469 3886 multos,
3508 3830 3564 3877 et

1988 3916 2337 3971 consecrabis
2366 3915 2598 3971 Domino
2659 3916 3066 3971 multitudinem
3121 3931 3334 3981 eorum,
3376 3922 3429 3969 et
3476 3929 3564 3968 ro—

1990 4006 2094 4060 bur
2138 4021 2327 4061 eorum
2364 4006 2591 4061 Domino
2659 4009 2929 4062 universa:
2980 4019 3154 4061 terras.
3187 4025 3205 4059 ι
3267 4004 3384 4059 Mea
3422 4005 3564 4057 enim

1992 4098 2179 4153 fruens
2233 4099 2604 4168 providentia,
2653 4109 2915 4168 tanquam
2976 4099 3235 4152 cornibus
3291 4096 3569 4150 f‘crreisrt

1992 4192 2210 4259 ungulis
2239 4192 2415 4255 mrcis,
2445 4193 2640 4245 robore
2681 4201 2843 4244 utens
2870 4191 2966 4243 tibi
3010 4207 3038 4242 ιι
3070 4204 3155 4242 me
3193 4186 3564 4256 suppeditato,

1990 4297 2085 4334 eos
2119 4295 2310 4335 omnes
2362 4296 2590 4349 prorsus
2652 4283 2869 4349 perdes,
2922 4279 3281 4346 funditusquc
3335 4276 3566 4338 delehis,

1993 4372 2275 4426 victoriam
2328 4371 2461 4425 mihi
2516 4372 2795 4426 ascribens
2830 4412 2844 4435 ,
2893 4386 3055 4440 quam
3121 4386 3185 4424 ex
3236 4370 3314 4424 eis
3367 4367 3570 4425 referes

315 4468 412 4520 καὶ
441 4462 784 4536 παραδώσεις
817 4461 1163 4531 πανωλεθρίᾳ
1184 4479 1196 4490 ·
1227 4463 1350 4531 ἐμοὶ
1386 4461 1483 4531 τὴν
1525 4461 1727 4513 τούτων
1758 4461 1869 4511 ἁνα-

1996 4474 2290 4535 apcrthue
2332 4464 2593 4535 proﬁtens
2625 4481 2712 4521 me
2735 4466 2873 4520 hanc
2903 4466 3000 4519 tibi
3024 4464 3385 4520 concessisse.

316 4557 527 4610 τιθεῖσα
559 4556 734 4623 νίκην,
786 4555 879 4605 καὶ
921 4552 1214 4622 διαρρήδην
1259 4548 1618 4621 ὁμολογοῦσα,
1664 4549 1737 4612 ὡς
1786 4546 1895 4616 ἐγώ
1947 4558 1950 4565 ‘

321 4665 405 4701 σοι
439 4647 640 4717 ταύτης
673 4645 978 4714 γεγένημαι
1016 4643 1271 4714 χορηγός.

929 4757 1184 4809 ΚΕΦΑΛ.
1220 4757 1291 4811 Ε⁹.

392 4881 461 4930 α’.
495 4875 607 4929 Νῦν
640 4871 1085 4945 ἐμφραχθήσεται
1117 4870 1361 4942 θυγάτηρ
1384 4870 1699 4942 ἐμφραγμῷ
1720 4887 1733 4900 ·
1770 4890 1897 4924 συν-

322 4966 454 5038 οχὴν
480 4965 666 5031 ἔταξεν
712 4965 797 5035 ἐφ’
826 4966 971 5035 ἡμᾶς
988 4964 1031 4995 ⁸⁷
1066 4982 1077 4995 ·
1111 4965 1168 5015 ὲν
1199 4965 1380 5036 ῥάϐδῳ
1429 4965 1763 5030 πατάξουσιν
1807 4966 1899 5018 ἐπὶ

327 5057 551 5125 σιαγόνα
587 5058 685 5121 τὰς
730 5059 901 5127 φυλὰς
945 5058 1037 5110 τοῦ
1082 5058 1318 5128 Ἰσραήλ.
1358 5077 1376 5108 ι
1433 5059 1680 5121 Ἐκεῖνοι,
1713 5060 1897 5129 φησὶν,

325 5145 386 5198 ού
403 5144 449 5178 ⁸⁸
490 5147 829 5217 προορῶντες
858 5147 938 5233 ,τὸ
982 5146 1176 5210 τέλος,
1233 5142 1344 5199 οἶόν
1388 5164 1496 5200 τινι
1547 5147 1786 5218 φραγμῷ
1833 5151 1898 5219 τῇ

2656 4755 2806 4811 CAP.
2851 4754 2919 4807 V.

2077 4872 2242 4927 Vens.
2285 4873 2336 4925 l.
2376 4890 2393 4923 ι
2434 4868 2593 4923 Nunc
2653 4870 2972 4923 obstruetur
3017 4865 3127 4920 lilia
3176 4864 3575 4928 obstructlnne,

2009 4964 2318 5034 angustiam
2357 4962 2541 5032 posuit
2569 4975 2740 5029 super
2769 4974 2871 5012 nos
2909 4975 2923 5011 :
2956 4958 3108 5028 virga
3142 4957 3451 5026 percutient
3480 4970 3576 5010 su—

2010 5073 2106 5127 per
2135 5055 2413 5109 maxillam
2468 5052 2647 5106 tribus
2695 5050 2939 5105 Israelis.
2976 5070 2994 5103 ι
3029 5049 3134 5115 llli,
3171 5050 3375 5121 inquit,
3416 5048 3576 5102 ﬁnem

2011 5161 2119 5200 non
2152 5145 2575 5215 prospicientes,
2604 5152 2861 5212 tanquam
2895 5155 3024 5212 sepe
3053 5141 3312 5213 quadam,
3336 5139 3580 5194 exercitu

1685 5325 1918 5381 VARUE
1964 5323 2349 5381 LECTIONE‘S

400 5435 514 5510 “AA
545 5453 647 5489 σοι.
683 5437 757 5510 _f‘°
780 5437 1021 5510 παὶέγγ.
1058 5436 1197 5510 Des._
1228 5437 1279 5490 in
1302 5438 1361 5510 Μᾼ
1386 5446 1463 5510 λοι
1517 5454 1703 5508 supra.
1751 5457 1873 5510 pag.
1919 5442 2077 5497 1000.
2131 5441 2301 5494 Abest
2355 5436 2521 5491 etiam
2705 5434 2865 5510 Hebr.
2905 5442 2959 5487 et
2992 5448 3021 5485 a
3058 5430 3230 5510 veteri
3273 5427 3380 5480 τῶν

331 5508 605 5562 versione.

334 5574 476 5628 λαοί.
508 5578 554 5630 Α
581 5577 652 5629 οἱ.
683 5575 775 5628 Sic
808 5592 1024 5643 quinque
1056 5574 1246 5645 supra,
1271 5576 1307 5629 1.
1346 5593 1397 5631 c.

333 5715 380 5747 ⁸⁸
407 5716 488 5769 οὐ.
516 5716 595 5771 Id.
625 5715 694 5768 σί.

682 5506 736 5581 [ί.
763 5506 841 5559 σὲ.
885 5508 956 5560 Ex
983 5511 1021 5559 A
1042 5507 1221 5576 suppl.
1271 5508 1343 5581 ‘5'
1369 5508 1412 5559 A
1445 5506 1803 5581 ἐπισυνήχΟη.
1825 5506 1918 5564 Ίιει
1952 5526 2191 5581 quoque
2213 5521 2401 5578 supra,

2439 5521 2491 5574 p.
2552 5504 2704 5559 l009.
2743 5505 2784 5559 (Ξ
2827 5501 3338 5574 ἐπισυναχθή-σεται.
3384 5498 3457 5574 ,⁸⁸
3481 5498 3582 5574 οιαὶ

1501 5578 1546 5610 δ”
1587 5565 1712 5631 καὲῖ
1736 5565 1797 5620 -ἒ
1835 5565 2097 5644 πολλὸύςί
2164 5565 2456 5646 ΒιψῖοκἸιῖ
2495 5575 2532 5628 Ι.
2584 5575 2800 5646 (ξοειιιιίιΔ
2830 5565 3226 5646 interpretatio.
3272 5566 3329 5646 [ι]
3463 5565 3582 5646 des.

333 5647 460 5708 ista,
483 5662 674 5699 κατατ.
699 5647 756 5698 ὲν
777 5650 896 5701 αὐτ.
919 5648 1065 5716 ἔθνη,
1088 5665 1206 5716 quae
1233 5649 1396 5702 etiam
1423 5650 1685 5716 interpres
1719 5648 1944 5705 Latinus
1973 5650 2178 5706 omisit.
2238 5652 2284 5684 ⁵⁸
2304 5647 2345 5703 C
2372 5646 2579 5707 αὐταῖς.

2657 5647 2702 5676 ⁸⁸
2736 5643 2829 5712 τῷ.
2856 5642 2929 5694 Ex
2955 5636 2995 5691 Ᾱ
3021 5639 3200 5707 suppl.
3277 5636 3322 5667 "
3350 5638 3387 5691 Ε
3417 5636 3579 5703 ὑμᾶς.
