3904 6202
395 305 526 370 ἳΤῖΙ

1419 306 1909 367 THEODORETI
1937 308 2275 382 EPISCOPI
2296 309 2663 370 CYRENSIS

3514 308 3661 373 me

378 421 576 474 ’fossaa.
606 415 685 472 Tu
715 433 843 471 vero
869 417 937 471 ab
974 416 1063 469 his
1091 415 1438 481 liberaberis,
1474 431 1587 471 non
1610 425 1743 472 tunc
1779 418 1942 472 modo

2071 416 2162 474 καὶ
2201 423 2459 492 οὐδεμίαν
2487 422 2694 494 ὄνησιν,
2731 422 2832 476 ούκ
2858 422 2964 475 ἀπδ
2994 420 3103 476 τῶν
3140 423 3512 494 ἰσχυροτάτων
3544 441 3666 477 τει-

391 524 519 563 eum
555 509 610 564 in
632 524 726 564 eos
759 508 897 563 alios
942 506 1126 562 hostes
1174 507 1472 563 concitabo
1501 525 1514 562 :
1549 509 1642 564 sed
1671 508 1777 564 hoc
1805 509 1969 564 etiam

376 612 656 671 tempore,
682 614 792 668 quo
814 597 1004 653 multis
1028 612 1152 651 cum
1189 599 1369 668 copiis
1395 600 1586 655 urbem
1620 610 1765 653 tuam
1800 614 1970 669 oppu-

381 700 580 762 gnant.
617 690 776 744 Nunc
817 690 964 744 enim
1011 690 1260 761 angelica
1308 704 1476 760 opera
1521 691 1796 745 occultam
1857 690 1968 744 illis

380 782 691 852 perniciem
728 778 986 835 inferam.
1031 779 1332 852 Postquam
1386 784 1477 836 in‘
1525 782 1674 837 hunc
1720 780 1966 850 modum,

384 889 507 943 quae
525 880 681 942 gesta
730 880 863 926 tunc
890 871 1131 939 fuerant,
1155 876 1304 928 velut
1329 872 1558 943 pignora
1585 873 1740 927 dedit
1772 886 1965 928 eorum

383 978 506 1031 quae
538 970 731 1033 postea
769 961 958 1017 futura
983 973 1213 1018 essent:
1249 962 1316 1017 ad
1342 964 1436 1016 illa
1470 978 1668 1019 rursus
1698 962 1965 1017 transfert

382 1069 719 1123 sermonem,
778 1056 1069 1125 docetque,
1129 1054 1590 1125 quemadmodum
1643 1054 1827 1124 quiin
1862 1053 1966 1109 Be-

385 1148 628 1201 thleemo
664 1154 793 1200 nato
833 1147 1065 1202 Domino
1114 1147 1474 1201 crediderunt
1518 1147 1663 1200 sacri
1703 1147 1961 1216 apostoli,

381 1246 437 1293 et
472 1254 599 1292 cum
633 1238 723 1293 his
756 1237 954 1293 divina:
977 1238 1359 1308 prmdicationi
1390 1238 1667 1308 designati
1696 1238 1960 1303 ministri,

378 1329 582 1385 exteris
611 1330 869 1399 gentibus
901 1329 1276 1398 evangelicam
1306 1330 1620 1385 doctrinam
1668 1329 1782 1383 sint
1833 1330 1963 1384 alla-

381 1421 511 1475 turi.
543 1418 636 1476 Sic
671 1428 855 1476 autem
878 1421 955 1473 ait
1042 1442 1046 1446 ι

449 1683 616 1741 Vsus.
642 1684 695 1737 7.
743 1702 763 1734 ι
802 1684 867 1737 Et
894 1692 1057 1738 erunt
1079 1681 1327 1753 reliquiae
1355 1678 1548 1737 Jacobi
1604 1682 1658 1737 in
1698 1685 1958 1754 gentibus

2072 513 2202 585 χῶν,
2230 515 2332 568 οὐκ
2373 515 2480 569 ἀπὸ
2518 516 2621 585 τῆς
2661 515 2860 583 ἔξωθεν
2899 515 3262 587 περιθεούσης
3296 518 3523 588 εὑρήσει
3560 517 3663 569 τά·

2070 623 2240 677 φρου·
2292 607 2355 658 σὺ
2397 606 2453 659 δὲ
2500 605 2706 660 τούτων
2755 606 3142 679 ἀπαλλαγήσῃ,
3188 608 3249 659 ού
3294 609 3417 660 τότε
3469 604 3659 677 μόνον,

2067 698 2194 750 ὅταν
2246 698 2431 759 αὐτοῖς
2482 699 2677 761 ἀλλους
2726 698 3022 769 πολεμίους
3079 700 3469 769 ἐπαναστήσω,
3519 699 3664 753 ἀλλὰ

2069 790 2162 842 καὶ
2192 790 2288 843 ἐπὶ
2316 788 2409 843 τοῦ
2438 791 2729 861 παρόντος,
2763 790 2928 862 ἡνίκα
2966 791 3143 864 πολλῇ
3170 792 3444 862 χρώμενοι
3488 809 3664 862 στρα-

2065 878 2185 948 τείᾳ
2229 879 2371 932 κατὰ
2398 878 2498 949 τῆς
2543 877 2644 947 σῆς
2688 881 3081 950 παραγίνονται
3116 880 3357 944 πόλεως’
3405 880 3510 933 νῦν
3548 882 3665 949 γὰρ

2065 965 2250 1028 αὐτοῖς
2292 967 2524 1036 ἀόρατον
2567 966 2634 1019 δι’
2665 966 2965 1036 ἅγγελικῆς
2998 968 3299 1038 ὑπουργίας
3330 968 3527 1034 ἐπάξω
3568 970 3663 1020 τὸν

2063 1056 2305 1129 ὄλεθρον.
2333 1057 2488 1111 Οὕτω
2517 1058 2624 1112 τῶν
2657 1059 2882 1133 ὕστερον
2911 1058 3185 1129 ἐσομένων
3214 1060 3447 1131 ἐνέχυρα
3489 1060 3663 1112 δεδωο

2064 1148 2175 1212 κὼς
2208 1150 2276 1201 τά
2303 1150 2425 1203 τότε
2454 1152 2742 1221 γενόμενα,
2787 1154 2874 1205 ἐπ’
2920 1154 3108 1206 ἐκεῖνα
3148 1152 3309 1206 πάλιν
3343 1153 3664 1224 μεταφέρει

2062 1242 2152 1294 τὸν
2186 1241 2364 1307 λόγον,
2395 1242 2488 1294 καί
2515 1243 2778 1309 διδάσκει,
2810 1244 2959 1307 ὅπως
2996 1242 3075 1313 τῷ
3122 1245 3180 1295 ἐν
3226 1242 3477 1313 Βηθλεέμ
3528 1259 3666 1311 γεγ-

2060 1331 2276 1401 νηθέντι
2309 1333 2503 1403 Κυρίῳ
2533 1336 2989 1399 πεπιστευκότες,
3023 1335 3150 1388 οἵτε
3191 1335 3324 1405 ἱεροὶ
3352 1334 3665 1387 ἀπόστολοι

2059 1425 2154 1477 καὶ
2183 1426 2231 1477 οί
2266 1425 2403 1495 μετὰ
2427 1424 2632 1480 τούτων
2653 1427 2722 1490 τ’,
2741 1427 2835 1480 τοῦ
2863 1426 3007 1481 θείου
3036 1426 3385 1498 κηρύγματος
3416 1443 3603 1497 προχε
3616 1444 3662 1478 ι-

2064 1518 2339 1589 ρισθέντες
2362 1519 2622 1585 διάκονοι,
2656 1523 2768 1584 τοῖς
2793 1520 3136 1590 ἀλλογενέσιν
3158 1519 3331 1573 ἔθνεσι
3354 1520 3456 1588 τὴν
3483 1521 3658 1586 εὐαγ-

2058 1610 2281 1682 γελικὴν
2313 1611 2662 1665 διδασκαλίαν
2688 1613 3057 1684 προσοίσουσι.
3087 1614 3224 1682 Φησὶ
3254 1612 3310 1664 δέ
3333 1612 3541 1673 οὕτως·

2127 1702 2193 1768 ζ’.
2240 1722 2258 1754 ί
2295 1704 2406 1755 Καὶ
2445 1703 2598 1757 ἔσται
2627 1704 2689 1757 τδ
2721 1704 3037 1775 ὑπόλειμμα
3074 1703 3168 1756 τοῦ
3207 1702 3399 1756 Ἰακὼϐ
3430 1705 3497 1755 ἐν
3541 1708 3660 1766 τοῖς

375 1775 429 1829 in
464 1775 645 1830 medio
668 1776 992 1846 pepulorum
1018 1775 1337 1841 multorum,
1363 1774 1524 1845 quasi
1549 1788 1643 1831 ros
1671 1791 1700 1830 a
1722 1777 1942 1832 Domint

2063 1792 2274 1847 ἔθνεσιν
2294 1793 2340 1824 ⁸⁸
2377 1795 2435 1846 ὲν
2491 1794 2641 1864 μέσῳ
2669 1793 2815 1847 λαῶν
2846 1774 3079 1855 πολλῶν,
3133 1793 3208 1855 ὡς
3254 1792 3444 1862 δρόσος
3496 1795 3661 1863 παρὰ

372 1864 604 1926 cadens,
638 1874 693 1919 et
724 1865 882 1934 quasi
927 1865 1050 1935 agni
1078 1880 1245 1935 super
1269 1881 1519 1935 gramen,
1566 1874 1625 1920 ut
1667 1882 1777 1922 non
1818 1883 1958 1923 con-

371 1966 637 2026 gregetur
654 1956 973 2026 quisquam,
1005 1971 1184 2026 neque
1219 1957 1497 2013 subsistat
1520 1958 1577 2013 in
1614 1958 1743 2015 filiis
1775 1959 1957 2015 homi-

370 2063 525 2101 num.
568 2065 588 2099 ι
635 2046 901 2118 Reliquias
948 2063 1083 2102 vero
1114 2048 1318 2118 ubique
1347 2059 1509 2105 vocat
1538 2065 1634 2107 eos
1674 2052 1770 2122 qui
1815 2054 1957 2108 salvi

369 2138 508 2193 facti
546 2147 696 2194 sunt.
734 2138 828 2193 Sic
857 2150 913 2193 et
945 2139 1076 2194 alibi
1106 2156 1122 2194 :
1155 2159 1173 2191 ι
1209 2140 1266 2195 Si
1299 2141 1467 2196 fuerit
1507 2158 1773 2200 numerus
1805 2143 1948 2200 ﬁlio-

368 2245 490 2283 rum
544 2228 764 2285 lsraelis
803 2240 861 2284 ut
901 2246 1067 2285 arena
1115 2234 1319 2299 maris,
1366 2234 1611 2303 reliquiae
1651 2237 1949 2292 salvabun-

367 2329 458 2374 tur
479 2334 525 2374 ι.
577 2340 596 2372 ι
641 2321 871 2378 Perinde
935 2324 1124 2395 igitur,
1184 2325 1383 2396 inquit,
1433 2336 1491 2381 ut
1532 2342 1627 2383 ros
1687 2328 1756 2384 de
1806 2330 1951 2385 cmlo

365 2414 653 2482 delapsus,
681 2414 720 2468 ii
755 2414 847 2484 qui
875 2415 1256 2482 crediderunt,
1296 2426 1351 2472 et
1381 2419 1766 2491 evangelicam
1812 2432 1949 2491 prae-

363 2504 703 2559 dicationem
729 2506 988 2576 gentibus
1042 2510 1373 2575 attulerunt,
1430 2511 1619 2566 orbem
1672 2519 1946 2569 terrarum

364 2595 670 2666 irrigabunt
697 2613 712 2652 :
740 2605 794 2650 et
819 2598 1287 2667 quemadmodum
1330 2601 1643 2658 esurientes
1676 2607 1800 2675 agni
1828 2619 1948 2675 gra-

361 2703 489 2741 men
517 2686 845 2757 depascunt,
878 2690 960 2744 sic
993 2689 1047 2743 Iri
1077 2691 1344 2759 graminis
1380 2694 1561 2747 instar
1607 2694 1855 2749 innatam
1891 2697 1945 2749 in

360 2780 585 2833 incultis
624 2781 903 2835 mentibus
936 2780 1273 2851 impietatem
1324 2783 1489 2841 facile
1527 2787 1839 2851 destruent,
1886 2795 1946 2841 ut

359 2884 469 2924 non
517 2872 756 2941 amplius
804 2873 944 2928 tales
996 2874 1280 2928 hominum
1339 2884 1517 2931 curtus
1565 2878 1940 2933 inVeniantur.

359 2963 499 3027 Quia
531 2978 664 3017 vero
688 2963 971 3019 daemones
991 2966 1330 3021 insanabiles
1352 2974 1799 3037 permanserunt,
1816 2968 1943 3039 jure

360 3053 606 3123 Spiritus
660 3063 891 3111 sanctus
947 3073 1072 3111 cum
1130 3059 1458 3129 exceptione
1524 3061 1936 3131 praedictionem

361 3146 530 3200 fecit:
579 3165 597 3197 ι
653 3146 726 3204 Ut
777 3163 888 3202 non
945 3159 1310 3222 congregetur
1358 3152 1690 3224 quisquam,
1759 3133 2004 3227 nequec

357 3239 630 3294 subsistat
662 3240 717 3294 in
754 3240 885 3296 filiis
921 3240 1226 3295 hominum.
1278 3261 1297 3293 ι
1350 3242 1564 3317 1504
1612 3242 1683 3299 Ut
1731 3247 1937 3315 nullus,

359 3326 561 3398 inquit,
598 3329 666 3386 de
720 3337 927 3385 caetero
961 3345 1026 3384 ex
1077 3329 1263 3400 impiis
1301 3331 1623 3391 hominibus
1666 3336 1943 3394 conﬂatus

355 3430 536 3477 coetus
564 3422 905 3477 inveniatur.
940 3420 1005 3478 Et
1034 3424 1163 3493 quia
1192 3425 1309 3480 rori
1353 3434 1404 3481 et
1443 3428 1601 3499 agnis
1648 3444 1746 3486 eos
1787 3446 1941 3486 com-

359 3515 590 3583 paravit,
635 3524 691 3571 et
720 3530 819 3587 per
851 3516 967 3572 haec
1027 3525 1362 3588 potestatem
1405 3520 1518 3577 illis
1542 3537 1573 3576 a
1613 3522 1726 3579 Deo
1752 3525 1939 3580 datam

355 3621 463 3661 non
515 3607 649 3664 satis
705 3607 1003 3679 expressit,
1066 3610 1237 3667 aliam
1280 3611 1449 3671 dictis
1510 3615 1938 3674 similitudinem

353 3697 565 3768 adjicit.

423 3896 590 3954 Vsus.
619 3901 672 3955 8.
717 3918 735 3952 ι
770 3900 833 3955 Et
862 3911 1024 3958 erunt
1050 3904 1301 3976 reliquize
1331 3905 1527 3963 Jacobi
1568 3909 1629 3963 in
1670 3912 1929 3979 gentibus

354 3992 408 4046 in
442 3991 623 4047 medio
680 3993 1013 4063 populorum
1074 3998 1399 4064 multorum,
1446 3998 1607 4067 quasi
1650 3999 1736 4054 leo
1788 4002 1932 4057 inter

348 4085 596 4156 jumenta
625 4086 680 4141 in
706 4085 871 4153 saltu,
902 4095 956 4142 et
984 4090 1142 4158 quasi
1175 4090 1401 4144 catulus
1443 4088 1619 4142 leonis
1653 4089 1707 4141 in
1742 4093 1929 4163 gregi-

353 4179 457 4234 bus
489 4194 769 4249 pecorum,
805 4180 1082 4251 quomodo
1111 4181 1156 4237 si
1188 4188 1566 4251 pertranseat,
1593 4188 1647 4233 et
1670 4181 1931 4242 dividens

352 4270 553 4341 rapiat,
585 4283 640 4326 et
690 4286 798 4326 non
832 4271 906 4327 sit
952 4272 1047 4340 qui
1076 4281 1254 4326 eruat.
1292 4289 1310 4320 ι
1345 4269 1737 4336 Apostolorum
1781 4276 1926 4331 enim

351 4363 614 4432 prommia
645 4364 757 4417 rori
786 4362 1022 4418 stillanti
1065 4361 1271 4416 similia
1296 4368 1480 4426 erant,
1515 4371 1569 4415 et
1618 4363 1766 4418 velut
1797 4368 1923 4437 agni

2060 1883 2264 1954 Κυρίου
2292 1884 2665 1937 ἐπιπίπτουσα
2687 1884 2755 1950 ⁸⁸,
2793 1885 2888 1937 καὶ
2924 1883 3001 1947 ὡς
3032 1883 3195 1953 ἄρνες
3221 1886 3307 1936 ἐπ’
3335 1885 3659 1954 ἄγρωστιν.

2056 1974 2205 2038 ὅπως
2253 1972 2327 2045 μὴ
2380 1974 2617 2045 συναχθῇ
2642 1975 2686 2007 ⁸⁸
2743 1976 2951 2046 μηδεὶς,
2988 1975 3125 2045 μηδέ
3165 1977 3372 2045 ὑποστῇ
3405 1979 3470 2027 ἐν
3512 1978 3656 2038 υἱοῖς

2054 2064 2377 2137 ἀνθρώπων.
2417 2086 2436 2118 ι
2481 2068 2845 2137 Ὑπόλειμμα
2893 2066 2949 2120 δὲ
2979 2066 3255 2139 πανταχοῦ
3298 2063 3422 2130 τοὺς
3472 2086 3656 2121 σεσω-

2056 2159 2286 2227 σμένους
2321 2158 2493 2213 καλεῖ.
2529 2159 2686 2213 Οὕτω
2715 2160 2811 2212 καί
2838 2159 3073 2231 ἀλλαχοῦ
3093 2177 3107 2192 ο
3154 2179 3173 2211 ι
3222 2160 3348 2213 Ἐὰν
3455 2162 3489 2213 ὁ
3521 2162 3655 2231 ἀρι-

2053 2248 2190 2319 θμὸς
2218 2251 2328 2303 τῶν
2362 2251 2498 2306 υίῶν
2534 2249 2753 2323 Ἰσραὴλ
2776 2250 2851 2314 ὡς
2894 2253 2927 2321 ή
2977 2251 3163 2322 ἄμμος
3202 2252 3299 2320 τῆς
3330 2251 3655 2322 θαλάσσης,

2049 2339 2111 2393 τὸ
2138 2341 2490 2412 κατάλειμμα
2525 2341 2852 2414 σωθήσεται.
2877 2359 2903 2394 ι
2934 2340 3093 2395 Οὕτω
3125 2343 3326 2406 τοίνυν,
3368 2344 3573 2414 φησὶν,
3598 2345 3657 2396 οἱ

2049 2433 2501 2498 πεπιστευκότες,
2538 2433 2632 2486 καὶ
2660 2432 2723 2486 τδ
2761 2432 3118 2503 εὐαγγελικὺν
3146 2435 3260 2496 τοῖς
3298 2434 3485 2487 ἔθνεσι
3528 2435 3650 2489 δια-

2050 2523 2452 2594 πορθμεύοντες
2484 2526 2773 2596 κήρυγμα,
2804 2525 2993 2597 δρόσου
3024 2525 3179 2596 δίκην
3211 2525 3514 2598 οὐρανόθεν
3547 2544 3650 2593 cpe—

2050 2613 2287 2685 ρομὲνης
2333 2614 2433 2685 τὴν
2483 2616 2810 2688 οἰκουμένην
2853 2616 3205 2688 ἀρδεύσουσι·
3249 2618 3342 2671 καὶ
3374 2617 3651 2689 καθάπερ

2048 2702 2208 2774 ἄρνες
2267 2704 2562 2770 πεινῶντες
2613 2706 2893 2761 δαπανῶσι
2942 2706 3041 2780 τὴν
3086 2708 3395 2779 ἄγρωστιν,
3455 2708 3646 2770 οὕτως

2046 2789 2190 2848 οὗτοι
2216 2795 2313 2867 τὴν
2340 2796 2669 2868 ἀγρώστεως
2693 2798 2852 2868 δίκην
2892 2801 3012 2863 ταῖς
3053 2799 3499 2870 κεχερσωμέναις
3532 2803 3643 2868 2,19-

2045 2892 2166 2960 χαῖς
2194 2889 2544 2961 ἐμφυομένην
2587 2889 2844 2944 ἀσέϐειαν
2887 2890 3087 2962 ῥαδίως
3122 2890 3641 2953 καταναλώσουσιν,

2045 2981 2186 3035 ὥστε
2212 2981 2409 3053 μηκέτι
2437 2979 2677 3036 τοιοῦτον
2703 2981 3006 3054 ἀνθρώπων
3029 2981 3285 3050 σύλλογον
3310 2984 3634 3055 εὑρεθῆναι.

2056 3072 2276 3144 Ἐπειδὴ
2306 3073 2417 3144 γὰρ
2446 3075 2495 3128 οἰ
2524 3073 2780 3145 δαίμονες
2806 3075 3080 3145 ἀνήκεστα
3105 3074 3387 3137 νοσοῦντες
3416 3076 3636 3145 διέμεει

2041 3179 2165 3228 ναν,
2193 3163 2421 3227 εἰκότως
2447 3163 2506 3217 τὸ
2529 3163 2754 3235 Πνεῦμα
2778 3163 2840 3217 τὸ
2868 3163 3025 3233 ἅγιον
3056 3163 3197 3235 μετὰ
3217 3156 3505 3235 διορισμὸῦ
3527 3163 3631 3233 τὴν

2041 3256 2347 3328 πρόρρησιν
2379 3257 2675 3327 ἐποιήσατο
2695 3272 2708 3285 ⁸
2741 3276 2759 3308 ι
2792 3257 2981 3321 Ὅπως
3017 3258 3093 3327 μὴ
3126 3256 3366 3326 συναχθῇ
3405 3256 3629 3325 μηδεὶς,

2042 3347 2174 3419 μηδὲ
2200 3348 2406 3420 ὑποστῇ
2429 3350 2488 3404 ἐν
2520 3351 2655 3412 υἱοῖς
2688 3338 3010 3420 ἀνθρώπων.
3037 3367 3055 3399 ι
3100 3348 3288 3411 Ὥστε,
3320 3348 3479 3416 φησὶ,
3523 3363 3629 3415 μη-

2037 3437 2163 3493 δένα
2205 3438 2459 3507 σύλλογον
2500 3438 2560 3504 ἐξ
2590 3437 2804 3493 ἀσεϐῶν
2851 3437 3160 3508 ἀνθρώπων
3205 3437 3627 3507 συνειλεγμένον

2038 3529 2325 3602 εὑρεθῆναι
2365 3529 2573 3586 λοιπόν.
2629 3529 2741 3584 Καὶ
2790 3528 2979 3600 ἐπειδὴ
3033 3528 3211 3599 δρόσῳ
3258 3529 3354 3582 καὶ
3411 3528 3623 3599 ἀρνίοις

2037 3617 2235 3680 αὐτοὺς
2263 3617 2557 3683 ἀπείκασε,
2580 3617 2677 3687 τὴν
2714 3616 3006 3688 δεδομένην
3054 3617 3111 3670 δὲ
3152 3617 3339 3682 αὐτοῖς
3387 3617 3624 3686 δύναμιν

2037 3709 2142 3761 ὑπὸ
2169 3707 2265 3761 τοῦ
2287 3707 2422 3762 Θεοῦ
2462 3708 2551 3763 διὰ
2577 3707 2785 3762 τούτων
2812 3709 2913 3762 οὐκ
2954 3707 3325 3780 ἀποχρώντως
3360 3708 3617 3780 ἐδήλωσε,

2036 3799 2133 3853 καὶ
2163 3799 2333 3870 ἄλλην
2364 3801 2476 3864 τοῖς
2502 3799 2815 3872 εἰρημένοις
2848 3801 3034 3854 εἰκόνα
3060 3799 3409 3872 προστίθησι.

2104 3917 2175 3980 η’.
2230 3929 2251 3961 ι
2281 3912 2393 3964 Καὶ
2426 3912 2581 3968 ἔσται
2628 3911 2689 3965 τὺ
2735 3912 3088 3983 κατάλειμμα
3108 3912 3158 3946 ⁸⁸
3189 3912 3284 3966 τοῦ
3337 3911 3536 3965 Ἰακὼὸ
3560 3915 3617 3964 ὲν

2030 4001 2146 4061 τοῖς
2176 3998 2386 4053 ἔθνεσιν
2403 4001 2462 4055 ὲν
2489 4001 2639 4072 μέσῳ
2661 4001 2807 4055 λαῶν
2835 4000 3067 4067 πολλῶν,
3093 4001 3169 4065 ὡς
3190 4002 3335 4058 λέων
3353 4003 3416 4055 ἐν
3440 4004 3551 4065 τοῖς
3568 4001 3616 4031 ⁸⁸

2030 4088 2252 4159 κτήνεσι
2297 4089 2394 4144 τοῦ
2423 4091 2654 4163 δρυμοῦ,
2702 4093 2799 4146 καὶ
2842 4092 2921 4157 ὡς
2965 4092 3206 4164 σκύμνος
3237 4096 3298 4148 ἐν
3342 4094 3621 4167 ποιμνίοις

2030 4180 2338 4251 προϐάτων,
2381 4182 2441 4236 δν
2484 4184 2684 4254 τρόπον
2729 4185 2862 4237 ὅταν
2907 4183 3123 4255 διέλθῃ,
3176 4185 3272 4239 καὶ
3304 4184 3617 4247 διαστείλας

2030 4271 2273 4345 ἁρπάσῃ,
2303 4273 2398 4327 καὶ
2435 4271 2572 4349 μὴῇ
2618 4276 2647 4326 ὁ
2680 4273 3071 4345 ἐξαιρούμενος
3096 4275 3163 4328 ⁸⁸.
3204 4294 3223 4326 ι
3268 4274 3349 4328 Τά
3383 4277 3483 4346 μὲν
3507 4276 3612 4345 γὰρ

2029 4364 2295 4435 προοίμια
2323 4365 2432 4418 τῶν
2471 4366 2631 4438 ἱερῶν
2672 4367 2989 4421 ἀποστόλων
3021 4352 3197 4438 δρόσῳ
3238 4367 3403 4438 ἐῴκει
3449 4385 3612 4440 (pepo-

351 4453 648 4524 impietatis
679 4468 905 4523 gramen
940 4449 1313 4519 depascebant
1362 4448 1618 4505 doctrina
1651 4465 1707 4508 et
1752 4457 1922 4512 mira-

2049 4451 2190 4523 ιένῃ,
2222 4454 2317 4507 καὶ
2346 4453 2423 4517 ὡς
2450 4446 2612 4526 ἄρνες
2635 4455 2681 4488 ⁸⁸
2712 4455 2769 4510 δέ
2795 4456 2893 4527 τὴν
2921 4455 3022 4524 τῆς
3046 4457 3306 4520 ἀσεϐείας
3332 4458 3611 4529 ἄγρωστιν

348 4542 510 4605 culis,
539 4551 801 4611 tanquam
849 4540 972 4609 agni
1010 4539 1066 4591 in
1109 4536 1289 4591 medio
1322 4538 1579 4607 luporum
1610 4555 1917 4612 versantes,

341 4630 496 4698 juxta
528 4629 740 4685 Domini
774 4625 1213 4697 praedictionem.
1256 4643 1273 4675 ‹
1327 4627 1467 4684 Ecce
1496 4631 1679 4698 enim,
1716 4634 1917 4705 inquit,

346 4722 505 4775 mitto
540 4736 656 4782 vos,
696 4719 843 4771 sicut
881 4730 1012 4769 oves
1044 4715 1099 4767 in
1134 4715 1315 4770 medio
1346 4718 1603 4789 luporum
1627 4733 1678 4776 1.
1726 4745 1744 4777 ι
1785 4725 1919 4783 Post

348 4811 460 4863 hrec
492 4825 640 4872 vero,
681 4821 807 4860 cum
835 4803 990 4860 orbis
1047 4812 1204 4860 terra:
1254 4808 1669 4877 praedictionem
1720 4832 1919 4874 susce_

346 4898 539 4964 pisset,
570 4906 624 4948 et
656 4896 829 4947 duces
854 4909 920 4947 ac
951 4908 1115 4964 reges
1154 4894 1417 4955 Ecclesiae
1449 4904 1682 4975 ascripti
1727 4919 1920 4965 essent

344 4983 617 5051 catalogo,
644 4981 895 5037 veritatis
920 4981 1108 5039 hostes
1137 4995 1315 5043 metus
1344 4987 1575 5046 invasit.
1606 4990 1674 5048 Et
1699 4994 1750 5048 hi
1796 4997 1918 5065 qui-

344 5074 871 5143 dem,jumentorum
893 5073 1101 5132 similes
1122 5076 1274 5142 facti,
1291 5090 1435 5136 metu
1450 5094 1503 5139 et
1525 5084 1752 5141 horrore
1773 5103 1920 5144 com-

346 5167 580 5236 plcntur,
607 5162 813 5218 nullum
853 5164 959 5217 ulla
994 5183 1060 5221 ex
1105 5178 1258 5238 parte
1283 5170 1591 5242 adjutoretn
1623 5174 1913 5234 habentes.

418 5345 573 5398 ηδε.
599 5359 654 5410 x,
692 5339 797 5407 22;
831 5341 956 5396 coll.
1002 5340 1154 5397 Rom.
1185 5362 1260 5412 ix,
1286 5348 1375 5401 27.
1474 5360 1502 5398 γ
1537 5350 1724 5407 Matth.
1760 5354 1923 5420 x,16.

2027 4543 2307 4599 ἐδαπάνων
2352 4546 2675 4618 διδασκαλία
2730 4549 2824 4601 καὶ
2871 4548 3167 4618 θαύμασιν,
3217 4549 3296 4612 ὡς
3344 4549 3508 4620 ἄρνες
3552 4552 3607 4602 ἐν

2031 4632 2180 4702 μέσῳ
2238 4634 2418 4689 λύκων
2475 4637 2920 4710 πολιτευόμενοι,
2970 4641 3112 4694 κατὰ
3163 4640 3269 4712 τὴν
3300 4643 3609 4713 πρόρρησιν

2026 4722 2118 4775 τοῦ
2154 4727 2444 4781 Δεσπότου.
2483 4748 2501 4779 ι
2546 4729 2676 4783 Ἰδοὺ
2705 4731 2834 4799 γὰρ,
2868 4732 3057 4801 φησὶν,
3095 4733 3417 4786 ἀποστέλλω
3466 4734 3606 4801 ὑμᾶς

2024 4814 2101 4878 ὡς
2153 4816 2399 4887 πρόϐατα
2417 4818 2462 4850 ⁸⁷
2509 4820 2567 4874 ἐν
2620 4821 2770 4891 μέσῳ
2803 4820 3003 4878 λύκων,
3051 4841 3071 4875 ι
3127 4823 3285 4878 Μετά
3316 4824 3377 4877 δὲ
3406 4823 3599 4885 ταῦτα,

2023 4906 2323 4980 δεξαμένης
2353 4910 2452 4980 τῆς
2480 4912 2808 4983 οἰκουμένης
2841 4913 2902 4966 τὸ
2936 4915 3222 4986 κήρυγμα,
3263 4916 3360 4969 καί
3406 4931 3599 4986 στρατ-

2025 4997 2174 5066 ηγῶν
2208 5000 2303 5051 καὶ
2332 4999 2598 5068 βασιλέων
2623 5002 2712 5055 τὸν
2748 5003 2847 5073 τῆς
2884 5004 3213 5076 Ἐκκλησίας
3250 5005 3602 5077 πληρούντων

2027 5089 2350 5158 κατάλογον,
2391 5093 2472 5155 εἰς
2500 5092 2627 5157 τοὺς
2667 5094 2768 5165 τῆς
2797 5094 3058 5166 ἀληθείας
3087 5097 3368 5161 ἐναντίους
3400 5095 3596 5167 μετέση

2023 5180 2083 5232 τὸ
2117 5180 2261 5244 δέος·
2305 5184 2397 5236 καὶ
2438 5186 2487 5237 oi
2541 5185 2639 5255 μὲν
2682 5189 2934 5257 κτήνεσιν
2972 5188 3233 5253 ἐοικότες,
3262 5186 3600 5260 δειμαίνουσε

1609 5505 1842 5563 VARle
1884 5508 2290 5570 LECTIONES.

413 5591 532 5709 :5:
559 5612 801 5709 cad-cog.
847 5612 920 5709 Λεο
957 5608 1226 5709 ἐξξθιθ.
1260 5611 1468 5709 ροεὶἸίη
1512 5618 1584 5698 Α..
1652 5620 1693 5651 ⁸¹
1734 5621 1773 5674 Α
1806 5623 2100 5680 πίπτουσα.
2178 5629 2223 5660 ⁸³
2263 5631 2303 5682 Α
2340 5632 2699 5703 συναχθῆναι,

1083 5677 1252 5751 ἐξαιρ.
1280 5682 1337 5736 In
1366 5682 1406 5738 C
1432 5688 1703 5756 sequitur,
1736 5708 1878 5749 vers.
1912 5677 1963 5750 9.

354 5666 398 5693 u
421 5678 553 5737 τοῖς.
591 5677 712 5733 Des.
841 5683 903 5734 A.

2078 5648 2124 5729 ᾖ
2141 5629 2699 5729 ριέἔβσιυιναχρῗιναι,
2718 5634 2883 5729 ,μηδέ
2914 5631 3017 5698 εἷς.
3102 5612 3159 5669 δ’
3188 5641 3226 5692 Λ
3259 5638 3585 5711 ὑπόλειμμα.

2141 5697 2181 5752 C
2210 5699 2434 5769 ἀρνειοί.
2479 5697 2686 5773 "Wa-:9.
2718 5697 2759 5758 (Σ
2792 5697 2974 5773 ἄρνες,
