3904 6202
293 282 439 364 ίιπε

1533 299 1614 366 ΙΝ
1646 301 1972 365 ΜΙΟΗᾸΞΑΞ
2011 303 2165 368 CAP.
2197 307 2295 369 VI.

3402 314 3539 385 1774

290 431 351 467 τε
388 415 484 468 καὶ
514 414 845 485 φρίττουσιν,
867 415 1056 470 οὐδένα
1085 415 1378 486 οὐδαμόθεν
1405 417 1694 489 ἐπίκουρον
1712 416 1859 487 ἔχον-

1980 420 2337 492 Evangelirm'
2374 436 2501 478 vero
2522 424 2786 481 doctrina:
2826 427 3093 498 magistri,
3129 431 3377 488 leoninos
3416 439 3537 491 ani-

290 523 413 570 τες·
458 507 508 559 οἱ
550 507 606 559 δὲ
658 505 764 559 τῶν
812 507 1184 579 εκύαγγελικῶν
1229 510 1504 578 ὑποφῆται
1553 509 1861 578 δογμάτων,

290 597 556 650 λεόντειον
616 597 1015 668 ἐνδεικνύμενοι
1064 600 1323 671 φρόνημα
1353 642 1366 665 ,
1431 602 1527 654 σὺν
1585 602 1865 672 παρρησίᾳ

290 688 461 758 πολλῇ
509 687 589 758 τῷ
630 688 729 758 τῆς
763 688 1020 757 ἀληθείας
1063 690 1530 759 καταγωνίζονται
1567 691 1711 760 λόγῳ
1738 692 1865 753 τοὺς

293 771 629 843 συνηγόρους
655 773 747 826 τοῦ
775 773 1021 844 ψεύδους.
1054 777 1211 841 Τότε,
1248 780 1435 848 φησὶν,

364 862 429 916 θ’.
463 882 482 913 ‹
528 863 899 934 ’Υψωθήσεται
1017 866 1135 935 χείρ
1168 884 1259 920 σου
1301 869 1395 920 ἐπὶ
1421 869 1548 931 τοὺς
1584 869 1865 932 θλίϐοντάς

293 972 376 1016 σε,
415 956 511 1007 καὶ
544 955 741 1018 πάντες
781 958 830 1008 οί
878 957 1063 1028 ἐχθροί
1104 975 1197 1011 σου
1244 959 1810 1031 ἐξολοθρευθήσονται.
1842 981 1860 1012 ο

292 1038 490 1098 Οὐκέτι
523 1045 630 1116 γὰρ
679 1044 917 1117 σὺνπαγΐ
948 1048 1174 1102 ἐκείνων
1220 1049 1505 1125 ἐξελαύνῃ,
1544 1052 1680 1107 ἀλλὰ
1706 1053 1769 1107 σὺ
1800 1052 1870 1125 τὰ

293 1134 520 1188 ἐκείνων
556 1134 874 1199 καταλύσεις
903 1138 1126 1210 τεμένη.
1159 1142 1221 1193 Οἱ
1250 1140 1349 1210 μὲν
1384 1122 1476 1196 οὖν
1507 1122 1869 1210 πεπιστευκό-

292 1240 384 1284 τες
436 1222 529 1275 τοῦ
595 1216 828 1294 Ἰσραὴλ,
866 1227 1070 1298 ταύτης
1106 1229 1388 1294 τεύξονται
1432 1232 1532 1301 τῆς
1564 1233 1866 1303 δυνάμεως

291 1315 342 1365 οἱ
377 1312 433 1365 δὲ
470 1316 536 1383 τῇ
573 1315 799 1385 ἀπιστίᾳ
826 1319 1272 1386 προσμείναντες,
1311 1323 1410 1391 τῆς
1435 1323 1641 1386 οἰκείας
1672 1324 1869 1395 ἔρημοι

293 1403 725 1474 καταστήσονται
752 1406 1051 1487 βασιλείας,
1089 1413 1186 1464 καὶ
1231 1410 1354 1465 οὔτε
1390 1414 1612 1468 ἱππικὸν
1636 1415 1868 1482 ἕξουσιν,

292 1492 420 1545 οὔτε
462 1495 624 1559 πεζὸν
668 1497 1027 1570 στρατιώτην,
1061 1499 1186 1554 οὔτε
1232 1503 1418 1567 πόλεις
1459 1506 1694 1574 τείχεσιν
1730 1505 1871 1577 ὠχυ-

292 1585 569 1654 ρωμένας.
615 1585 776 1640 Ἀλλὰ
821 1589 916 1640 καὶ
964 1592 1156 1651 ταῦτα,
1202 1594 1356 1662 φησὶ,
1406 1594 1542 1664 πρὸς
1576 1595 1739 1648 καλόν
1788 1614 1870 1649 σοι

293 1676 603 1745 γενήσεται.
641 1666 1158 1750 ι”Εξολοθρεύσωδκ
1196 1683 1339 1754 γὰρ,
1391 1685 1559 1753 φησὶ,
1612 1694 1680 1741 τὰ
1734 1689 1874 1757 φάρ-

1968 526 2087 564 mos
2146 523 2433 580 gerentes,
2492 530 2617 569 cum
2681 529 2893 572 summa
2950 520 3201 576 libertate
3267 526 3535 581 mendacii

1967 600 2284 656 defensores
2352 606 2596 659 veritatis
2630 608 2797 661 verbo
2825 618 3162 680 expugnant.
3220 609 3410 680 Tunc,
3457 616 3541 669 in-

1967 692 2089 761 quit
2118 710 2132 745 :

2042 867 2210 924 Vens.
2239 871 2295 926 9.
2353 888 2371 920 α
2420 869 2735 926 Elevabitur
2784 889 2982 931 manus
3036 888 3205 946 super
3263 891 3383 940 eos,
3442 877 3535 942 qui

1968 960 2234 1014 tribulant
2258 970 2329 1025 te,
2351 968 2406 1015 et
2435 973 2629 1016 omnes
2663 963 2869 1018 inimici
2897 966 2975 1020 tul
3009 966 3330 1036 perdentur.
3367 986 3385 1019 ι
3419 966 3533 1021 Non

1969 1053 2207 1123 amplius
2240 1053 2384 1108 enim
2423 1053 2492 1108 ab
2525 1054 2637 1110 illis
2697 1057 3019 1125 expelleris,
3062 1058 3157 1113 sed
3206 1067 3264 1111 tu
3317 1059 3535 1112 illorum

1971 1145 2179 1214 templa
2212 1144 2558 1200 demolieris.
2604 1146 2708 1213 Qui
2748 1162 2880 1217 ergo
2913 1164 2980 1202 ex
3031 1149 3237 1204 lsraele
3286 1149 3538 1203 credide-

1975 1236 2103 1297 rint,
2147 1235 2251 1290 lioc
2306 1238 2478 1292 robur
2516 1236 2686 1291 animi
2733 1237 3137 1308 adipiscentur.
3187 1238 3402 1313 μυ-ιε]
3434 1241 3537 1306 Qui

1972 1334 2158 1381 autem
2188 1327 2243 1380 in
2274 1327 2658 1382 incredulitate
2682 1327 2892 1399 1505
2915 1329 3341 1398 permanserint,
3375 1342 3541 1398 regno

1973 1433 2077 1474 suo
2111 1419 2499 1489 privabuntur;
2528 1429 2581 1473 et
2603 1435 2782 1488 neque
2813 1419 3111 1488 pedestres,
3162 1418 3353 1490 neque’
3377 1437 3542 1490 eque-

1974 1518 2121 1565 stres
2145 1512 2332 1579 copias
2361 1511 2661 1575 habebunt,
2696 1526 2873 1581 neque.
2909 1512 3075 1567 urbes
3106 1512 3383 1568 mmnibus
3422 1528 3541 1564 mu-

1974 1600 2144 1656 nitas.
2182 1600 2287 1655 Sed
2316 1609 2370 1656 et
2407 1600 2543 1664 haec,
2588 1601 2791 1671 inquit,
2834 1601 2937 1656 tibi
2976 1602 3122 1656 bono
3146 1610 3329 1656 erunt.
3374 1620 3394 1653 ι
3432 1603 3543 1654 Au-

1977 1689 2147 1748 feram
2205 1693 2373 1759 enim,
2436 1693 2634 1764 inquit,
2698 1693 2964 1747 maleficia
3011 1703 3106 1748 tua
3162 1693 3233 1748 de
3284 1693 3542 1748 manibus

486 1784 578 1819 σου
610 1769 673 1821 ἐκ
702 1770 809 1821 τῶν
845 1772 1047 1842 χειρῶν
1075 1790 1169 1825 σου
1192 1814 1206 1835 ,
1257 1775 1352 1827 καὶ
1397 1776 1868 1847 ἁποφθεγγόμενοι

1980 1786 2084 1841 tuis
2112 1807 2122 1840 2
2156 1794 2212 1841 et
2248 1786 2340 1856 qui
2368 1786 2669 1855 loquuntur
2692 1800 2801 1840 non
2834 1791 3006 1839 erunt
3041 1785 3095 1839 in
3137 1794 3208 1840 te.
3252 1804 3270 1835 ι
3304 1784 3543 1854 Loquen-

290 1852 394 1904 οὐκ
422 1851 637 1908 ἔσονται
672 1857 728 1909 ἐν
753 1857 797 1889 ⁸³
834 1857 935 1910 σοί.
974 1878 992 1910 ι
1044 1862 1627 1935 Ἀποφθεγγομένους
1663 1867 1720 1920 δὲ
1745 1868 1871 1934 τοὺς

296 1945 522 2014 μάντεις
548 1948 721 2000 καλεῖ.

369 2043 549 2104 ιγ’-ιε’.
594 2058 612 2089 ε
653 2039 762 2093 Καὶ
814 2029 1184 2113 ἐξολοθρεύσω
1251 2046 1318 2100 τὰ
1362 2045 1579 2115 γλυπτά
1630 2066 1722 2101 σου
1778 2036 1874 2104 καὶ

293 2127 393 2191 τὰς
420 2129 621 2201 στήλας
654 2148 747 2184 σου
777 2133 841 2186 ὲκ
879 2134 1046 2204 μέσου
1092 2153 1185 2189 σου
1208 2178 1222 2202 ,
1274 2139 1370 2192 καὶ
1415 2141 1600 2194 οὐκέτι
1628 2143 1689 2194 ού
1713 2143 1759 2175 ⁸⁸
1797 2144 1872 2214 μὴ

295 2221 696 2291 προσκυνήσεις
720 2226 830 2287 τοῖς
858 2223 1039 2294 ἔργοις
1077 2227 1183 2280 τῶν
1225 2230 1425 2300 χειρῶν
1460 2248 1575 2286 σου.
1624 2232 1734 2285 Καὶ
1777 2237 1870 2285 ἐκ-

294 2311 448 2379 κόψω
472 2313 540 2366 τὰ
565 2314 704 2385 ἄλση
734 2317 797 2369 ἐκ
830 2317 995 2387 μέσου
1027 2336 1142 2386 σου,
1191 2323 1287 2374 καὶ
1319 2323 1534 2391 ἀφανιῶ
1554 2326 1598 2356 ⁹¹
1635 2328 1733 2388 τὰς
1772 2327 1873 2379 πό-

294 2403 412 2466 λεις
441 2421 556 2457 σου.
586 2407 693 2458 Καὶ
729 2409 939 2477 ποιήσω
970 2411 1028 2461 ἐν
1062 2411 1198 2483 ὀργῇ
1243 2412 1337 2465 καὶ
1370 2415 1428 2466 ἐν
1457 2415 1611 2485 θυμῷ
1655 2416 1872 2488 ἐκδίκη-

298 2508 384 2544 σιν
416 2493 474 2544 ἐν
497 2497 608 2558 τοῖς
637 2495 866 2561 ἔθνεσιν,
896 2499 1011 2552 ἀνθ’
1040 2494 1116 2554 ὧν
1143 2503 1242 2555 οὐκ
1266 2505 1590 2575 εἰσήκουσαν
1617 2509 1685 2561 ’⁸.
1713 2528 1729 2558 ι
1764 2511 1873 2562 Καὶ

293 2584 467 2640 ταῦτα
502 2584 558 2640 δὲ
590 2588 676 2641 διὰ
722 2590 830 2642 τῶν
879 2593 1219 2662 πραγμάτων
1267 2597 1610 2665 καταμαθεῖν
1668 2601 1868 2670 ῥᾴδιον.

296 2678 451 2731 Μετὰ
476 2679 585 2750 γὰρ
608 2682 707 2750 τὴν
736 2681 829 2734 τοῦ
858 2683 991 2736 Θεοῦ
1022 2684 1115 2737 καὶ
1138 2685 1394 2756 Σωτῆρος
1419 2687 1578 2758 ἡμῶν
1603 2689 1872 2763 ἐνανθρὼ-

299 2788 487 2841 πησιν,
517 2772 747 2841 ὁρῶντες
791 2774 1032 2828 Ἰουδαῖοι
1077 2775 1186 2828 τῶν
1224 2776 1393 2831 ἐθνῶν
1427 2780 1524 2849 τὴν
1562 2781 1866 2846 εὐσέϐειαν,

297 2862 395 2914 καὶ
421 2862 517 2932 τὴν
548 2863 647 2931 τῆς
697 2864 906 2935 πλάνης
955 2868 1294 2938 ἀπαλλαγὴν,
1327 2868 1550 2933 ἄκοντες
1581 2873 1674 2924 καὶ
1717 2874 1871 2928 αὐτοὶ

296 2954 396 3022 τῆς
414 2956 518 3008 τῶν
537 2954 767 3009 εἰδώλων
790 2958 1183 3030 ἀπηλλάγησαν
1206 2961 1526 3033 θεραπείας.
1545 2964 1869 3037 Ἐρυθριῶσι

296 3045 405 3116 γὰρ
434 3047 735 3129 προφανῶς,
757 3049 995 3116 ἀσεϐεῖν,
1037 3053 1166 3116 τοὺς
1195 3052 1299 3118 ἔξω
1335 3055 1501 3123 νόμου
1532 3058 1871 3128 σωφρονοῦν-

296 3153 398 3199 τας
428 3138 677 3207 ὁρῶντες.
707 3139 1063 3208 Προθεσπίζει
1094 3143 1269 3197 τοίνυν
1299 3146 1500 3209 αὐτοῖς,
1529 3146 1605 3210 ὼς
1639 3148 1734 3200 καὶ
1760 3149 1867 3202 τῶν

298 3226 508 3280 πόλεων
536 3229 881 3284 τῶνοίκείων
918 3231 1357 3303 ἐξελαθήσονται.
1398 3239 1491 3289 καὶ
1527 3239 1606 3301 είς
1636 3239 1703 3291 τὰ
1737 3238 1867 3310 ἔθνη

290 3316 706 3390 διασπαρέντες,
749 3323 846 3392 τῆς
887 3326 1014 3395 περὶ
1049 3324 1114 3377 τὰ
1151 3326 1345 3379 εἴδωλα
1382 3327 1583 3399 πλάνης
1621 3329 1868 3383 ἀπαλλα-

296 3411 578 3480 γήσονται.
628 3412 844 3483 Ταύτην
898 3417 1019 3468 κατ’
1067 3417 1264 3481 αὐτοὺς
1317 3419 1363 3450 ⁸³
1418 3417 1718 3487 ἐξενεγκὼν
1766 3423 1867 3491 τὴν

295 3501 595 3583 ἆπόφασιν,
645 3503 767 3572 ἄγει
812 3505 973 3559 πάλιν
1001 3508 1198 3571 αὐτοὺς
1238 3510 1319 3571 εἰς
1367 3511 1645 3581 κριτήριον
1671 3512 1736 3577 9³,
1776 3514 1868 3565 καὶ

295 3595 433 3654 τοῖς
458 3593 683 3664 ἀψύχοις
727 3595 910 3666 ὄρεσιν
950 3598 1234 3669 ἐπιτρέπει
1265 3599 1360 3669 τὴν
1391 3601 1600 3671 κρίσιν·
1649 3604 1748 3673 οὐχ
1792 3605 1867 3667 ὡς

296 3683 517 3753 ἔμψυχα
569 3685 770 3751 καλῶν,
822 3688 941 3740 οὐδὲ
985 3690 1061 3751 ὡς
1100 3690 1235 3759 πρὸς
1278 3690 1471 3758 λογικά
1503 3693 1628 3756 τοὺς
1674 3694 1867 3760 λόγους

297 3775 626 3846 ποιούμενος
645 3792 658 3805 ⁸
690 3777 805 3831 ἀλλ’
837 3781 1021 3851 ἐπειδὴ
1049 3781 1117 3833 τὰ
1148 3781 1269 3853 ὅρη,
1306 3785 1400 3837 καὶ
1434 3786 1488 3838 αἱ
1519 3785 1719 3855 μεταξὺ
1745 3787 1868 3840 τού-

296 3869 407 3919 των
448 3869 615 3951 νάπαι
652 3869 745 3923 καὶ
785 3871 1089 3942 φάραγγες,
1132 3876 1262 3927 ποτὲ
1309 3875 1413 3946 μὲν
1455 3877 1701 3944 ἐδέξαντο
1742 3879 1868 3942 τοὺς

310 3961 609 4031 Ἀσσυρίων
657 3964 901 4033 νεκροὺς,
950 3964 1037 4019 διὰ
1079 3967 1179 4037 τῆς
1226 3969 1524 4040 ἁγγελικῆς
1580 3973 1866 4042 ἐνεργείας

297 4051 719 4122 ἀναιρεθέντας,
767 4055 895 4107 ποτὲ
928 4056 983 4107 δὲ
1031 4057 1139 4110 τῶν
1175 4060 1453 4115 Σκυθικῶν
1488 4062 1655 4116 ἐθνῶν
1678 4064 1722 4097 9⁵
1769 4064 1869 4127 τὰς

303 4143 500 4214 μυρίας
525 4146 760 4212 σφαγάςσ
784 4146 870 4200 διὰ
895 4147 999 4200 τῶν
1024 4149 1185 4217 ὀρῶν,
1205 4152 1298 4203 καὶ
1321 4152 1543 4220 βουνῶν,
1566 4154 1658 4207 καὶ
1685 4155 1869 4209 κοιλά⁶

297 4236 422 4299 δων,
456 4236 563 4288 τῶν
590 4237 646 4289 ἐν
684 4238 891 4301 τούτοις
926 4241 1305 4308 γεγενημένων
1330 4243 1751 4313 ἀναμιμνήσκει.

800 4328 1196 4382 ΚΕΦΛΛΛῘΟΝ
1249 4331 1338 4396 ς’.

1978 1891 2052 1934 tes
2084 1888 2241 1933 vocat
2268 1877 2626 1933 divinatores.

2046 2028 2210 2107 Vens.
2256 2053 2442 2109 15-15.
2495 2071 2514 2104 ι
2555 2051 2620 2106 Et
2661 2052 2973 2122 dispergam
3016 2053 3301 2121 seulptili‘a
3358 2061 3450 2108 tua
3488 2063 3542 2108 et

1977 2158 2190 2203 statuas
2224 2156 2351 2201 tuas
2376 2146 2443 2201 de
2460 2144 2641 2201 medio
2665 2144 2770 2208 tni,
2793 2151 2850 2200 et
2878 2160 2986 2198 non
3017 2145 3254 2214 amplius
3284 2145 3542 2199 adorabis

1977 2248 2144 2301 opera
2199 2247 2463 2285 manuum
2509 2241 2754 2285 tuarum.
2807 2230 2875 2284 Et
2925 2230 3206 2287 succidam
3254 2233 3412 2287 lucos
3477 2234 3545 2287 de

1975 2323 2158 2377 medio
2190 2324 2293 2388 tui,
2326 2329 2379 2376 et
2410 2321 2679 2377 demoliar
2705 2322 2959 2377 civitates
2988 2329 3132 2376 tuas.
3172 2322 3236 2375 Et
3261 2322 3458 2377 faciam
3489 2325 3542 2377 in

1977 2414 2057 2467 ira
2091 2422 2144 2468 et
2170 2414 2224 2467 in
2249 2411 2439 2468 furore
2464 2412 2729 2466 ultionem
2755 2414 2809 2466 in
2848 2412 3128 2482 gentibus,
3158 2427 3260 2482 pro
3289 2427 3354 2467 eo
3395 2413 3544 2482 quod

1976 2521 2084 2561 non
2108 2505 2425 2559 audierunt.
2477 2523 2496 2555 ι
2537 2501 2666 2557 Haec
2697 2512 2878 2557 autem
2915 2518 2979 2557 ex
3009 2503 3146 2572 ipsis
3174 2504 3341 2558 rebus
3375 2503 3540 2557 intel-

1976 2596 2073 2665 ligi
2116 2596 2278 2650 facile
2327 2602 2584 2665 possunt.
2633 2591 2767 2645 Nam
2811 2601 2938 2660 post
2996 2591 3088 2645 Dei
3141 2599 3193 2645 et
3239 2592 3545 2645 Salvatoris

1974 2688 2149 2742 nostri
2182 2685 2640 2747 incarnationem,
2662 2681 2835 2736 Judaei
2858 2696 2982 2735 cum
3010 2683 3252 2751 gentium
3280 2683 3541 2750 pietatem

1972 2780 2245 2843 viderent,
2291 2784 2345 2831 et
2393 2777 2461 2830 ab
2503 2788 2698 2830 errore
2737 2774 3142 2837 liberationem,
3178 2772 3332 2826 inviti
3378 2772 3540 2826 etiam

1975 2869 2079 2939 ipsi
2119 2883 2150 2921 a
2201 2867 2352 2922 cultu
2402 2865 2678 2920 idolorum
2741 2869 3111 2940 recesserunt.
3172 2860 3349 2917 Pudet
3397 2863 3539 2916 enim

1974 2960 2100 3014 illos
2146 2958 2486 3027 impietatem
2538 2956 2722 3026 palam
2783 2954 2962 3024 sequi,
3011 2969 3138 3008 cum
3201 2969 3395 3023 sapere
3446 2968 3541 3007 eos

1978 3048 2165 3104 vident
2198 3047 2292 3118 qui
2340 3053 2473 3101 sunt
2506 3051 2660 3101 extra
2707 3043 2903 3113 legem.
2943 3040 3195 3097 Praedicit
3231 3043 3414 3111 itaque
3461 3045 3542 3097 eis

1979 3139 2096 3195 fore
2153 3149 2212 3193 ut
2252 3138 2486 3193 urbibus
2527 3134 2646 3191 suis
2692 3133 3063 3202 expelluntur,
3105 3141 3159 3186 et
3227 3132 3283 3186 in
3353 3141 3542 3203 gentes

1977 3229 2215 3300 dispersi
2247 3230 2317 3283 ab
2341 3228 2617 3283 idolorum
2646 3241 2833 3281 errore
2881 3225 3204 3279 liberentur.
3240 3222 3537 3293 Postquam

1977 3323 2030 3376 in
2070 3337 2165 3377 eos
2206 3321 2346 3374 lianc
2375 3319 2498 3374 tulit
2525 3318 2882 3380 sententiam,
2913 3326 3113 3369 rursus
3160 3330 3256 3369 eos
3287 3315 3339 3368 in
3391 3315 3536 3384 judi-

1975 3413 2122 3468 cium
2157 3419 2336 3478 vocat,
2373 3419 2428 3465 et
2454 3409 2738 3464 montibus
2782 3407 3043 3461 inanimis
3091 3406 3362 3475 permittit
3397 3406 3539 3475 judi-

1975 3504 2136 3558 candi
2193 3509 2565 3572 potestatem:
2617 3515 2732 3554 non
2766 3507 2826 3554 ut
2883 3497 3158 3551 animatos
3214 3497 3537 3566 appellans.

1975 3610 2150 3663 neque
2187 3602 2245 3648 ut
2300 3592 2366 3647 ad
2423 3591 2659 3645 rationis
2716 3589 3016 3659 participes
3075 3587 3243 3641 verba
3295 3586 3537 3641 faciens:

1976 3686 2071 3741 sed
2106 3685 2237 3755 quia
2272 3691 2506 3747 munies,
2543 3690 2597 3736 et
2628 3680 2772 3734 inter
2821 3681 2924 3734 bos
2954 3678 3119 3749 positi
3171 3678 3346 3732 saltus
3379 3687 3541 3746 atque

1970 3780 2167 3841 valles,
2211 3776 2374 3831 modo
2428 3774 2780 3845 Assyriorum
2839 3772 3108 3826 cadavera
3176 3783 3536 3839 exceperunt,

1975 3870 2224 3941 angelica
2272 3882 2440 3937 Opera
2478 3864 2925 3927 interfectorum,
2960 3863 3121 3916 modo
3157 3860 3374 3932 1506
3408 3859 3544 3931 Scy-

1975 3963 2247 4016 thicarum
2288 3959 2533 4029 gentium
2575 3957 2897 4012 innumeras
2936 3953 3135 4019 caedes;
3168 3969 3264 4023 per
3305 3962 3540 4017 montes,

1976 4056 2147 4110 colles
2167 4064 2223 4108 et
2254 4051 2444 4116 valles,
2478 4064 2674 4105 eorum
2707 4062 2831 4119 quae
2869 4046 2926 4102 in
2956 4045 3038 4101 his
3071 4054 3224 4116 gesta
3264 4054 3396 4101 sunt
3428 4061 3541 4098 mc-

1964 4140 2205 4202 ‘moriam
2233 4148 2483 4200 renovat.

2581 4331 2811 4387 CAPUT
2855 4329 2941 4383 Vl.

370 4421 438 4467 a'.
478 4434 496 4465 ι
528 4417 819 4470 Ἀκούσατε
852 4418 914 4488 δὴ
947 4413 981 4470 δι
1008 4414 1125 4471 εἷπε
1158 4418 1390 4489 Κύριος·
1425 4422 1738 4492 Ἀνάστηθι,
1772 4425 1866 4477 καὶ

2047 4428 2210 4481 Vsus.
2229 4426 2277 4478 l.
2302 4423 2532 4477 «Audite
2549 4437 2671 4492 qua:
2691 4421 2953 4474 Dominus
2972 4419 3187 4472 locutus
3204 4426 3317 4473 est:
3341 4416 3542 4487 Surge,

299 4506 524 4576 κρίθητι
552 4509 683 4577 πρὸς
723 4509 792 4560 τὰ
837 4509 958 4577 ὅρη,
997 4511 1088 4562 καὶ
1125 4512 1513 4565 ἀκουσάτωσαν
1543 4511 1720 4581 βουνοὶ
1752 4532 1866 4582 φω-

300 4598 401 4668 νήν
443 4614 555 4651 σου.
598 4620 614 4647 ι
647 4598 976 4668 Ἀπόόλεῲον
1009 4603 1088 4664 εἰς
1113 4602 1183 4654 τὰ
1223 4601 1344 4672 ὅρη,
1382 4602 1448 4656 τὰ
1487 4604 1573 4656 διὰ
1597 4605 1693 4673 τῆς
1728 4605 1869 4674 ἐμῆς

299 4691 623 4760 ἐπικουρίας
661 4691 888 4760 νεκροὺς
930 4693 1054 4754 τοὺς
1086 4693 1212 4754 σοὺς
1251 4691 1539 4761 πολεμίους
1579 4692 1867 4763 δεξάμενοι,

298 4772 397 4833 καὶ
422 4769 539 4833 είπέ
573 4781 711 4850 μετὰ
742 4782 1071 4852 παρρησίας,
1111 4784 1266 4853 εἴπερ
1293 4783 1379 4854 ἄρ’
1406 4783 1470 4835 ἂν
1500 4784 1744 4848 δύνασαι,
1778 4786 1870 4836 καὶ

303 4872 382 4942 μὴ
406 4872 688 4943 ἐμφράττῃ
723 4891 814 4925 σου
843 4875 903 4925 τὸ
934 4874 1109 4942 στόμα
1139 4875 1236 4942 τῆς
1265 4874 1583 4945 εὐεργεσίας
1619 4876 1677 4928 τὸ
1708 4876 1869 4945 μέγε-

298 4963 423 5025 θος·
467 4963 741 5035 τοιγάρτοι
783 4964 876 5016 σοῦ
919 4965 1074 5018 τοῦτο
1115 4967 1285 5017 ποιεῖν
1312 4966 1371 5017 οὐ
1408 4966 1728 5035 δυναμένου,
1758 4966 1870 5034 ἐγὼ

300 5053 601 5125 ποιήσομαι
628 5054 725 5124 τὴν
759 5054 1013 5117 διάλεξιν.

376 5144 441 5213 β’.
477 5166 493 5197 ι
526 5145 843 5206 Ἀκούσατε,
880 5146 1057 5213 βουνοί
1076 5147 1144 5209 9⁸,
1178 5145 1275 5213 τὴν
1301 5147 1481 5216 κρίσιν
1512 5147 1603 5199 τοῦ
1643 5149 1865 5218 Κυρίου,

300 5236 399 5291 καὶ
442 5238 497 5290 αἱ
549 5239 852 5307 φάραγγες,
887 5237 1112 5306 θεμέλια
1149 5237 1249 5305 τῆς
1292 5237 1416 5304 γῆς,
1449 5240 1530 5290 ὅτι
1575 5237 1753 5307 κρίσις
1796 5237 1873 5307 τῷ

303 5326 492 5397 Κυρίῳ
533 5327 667 5396 πρὸς
701 5326 791 5380 τὸν
831 5326 955 5379 λαὸν
997 5324 1184 5389 αὑτοῦ,
1219 5325 1311 5376 καὶ
1346 5326 1483 5393 μετὰ
1527 5325 1618 5377 τοῦ
1651 5326 1870 5396 Ἰσραὴλ

1977 4527 2030 4573 et
2053 4518 2309 4587 judicare
2340 4514 2483 4584 apud
2522 4520 2757 4576 montes,
2795 4520 2849 4565 et
2881 4509 3106 4563 audiant
3142 4509 3311 4563 colles
3346 4525 3537 4563 vocem

1979 4620 2151 4663 tuam.
2192 4626 2210 4657 ι
2242 4605 2300 4659 In
2325 4611 2542 4658 montes
2572 4601 2788 4671 conjice
2819 4601 3032 4664 oculos,
3055 4600 3147 4668 qui
3179 4615 3303 4653 meo
3339 4601 3542 4652 auxilio

1981 4700 2224 4754 hostium
2254 4704 2474 4749 tuorum
2514 4692 2789 4747 cadavera
2828 4698 3190 4761 susceperunt
3217 4692 3267 4743 τ’
3297 4700 3348 4744 et
3376 4691 3543 4744 libere

1980 4791 2222 4859 loquere,
2260 4787 2305 4840 si
2344 4785 2566 4855 quidem
2595 4792 2772 4854 potes,
2806 4798 2986 4852 neque
3005 4796 3068 4838 os
3104 4791 3255 4835 tuum
3290 4782 3539 4836 beneﬁt-ii

1977 4881 2231 4934 obstruat
2255 4875 2596 4947 magnitudo.
2627 4874 2828 4930 Verum
2857 4876 3116 4943 quoniam
3147 4874 3252 4929 hoc
3283 4885 3544 4944 prazstare

1981 4987 2088 5026 non
2121 4980 2296 5040 potes,
2329 4983 2428 5038 ego
2460 4982 2769 5021 sermonem
2805 4966 3130 5036 suscipiam.

2054 5143 2220 5198 Vens.
2251 5142 2308 5196 2.
2356 5161 2375 5191 ι
2413 5139 2637 5201 Audite,
2665 5138 2855 5200 colles,
2880 5137 3148 5208 judicium
3198 5137 3436 5203 Domini,
3491 5148 3545 5189 ct

1984 5235 2173 5298 valles,
2202 5230 2556 5286 fundamenta
2588 5235 2787 5283 terrai:
2831 5227 2962 5296 quia
3006 5228 3278 5297 judicium
3318 5239 3400 5282 est
3436 5226 3540 5278 Do-

1984 5328 2134 5379 mino
2162 5323 2427 5377 adversus
2463 5320 2724 5389 populum
2761 5335 2944 5384 suum,
2975 5328 3030 5374 et
3059 5335 3183 5374 cum
3231 5317 3430 5371 Israele
3457 5316 3546 5383 ju-

1577 5504 1809 5558 VARIA‘I
1865 5501 2266 5557 LECTIONES.

377 5625 423 5657 σε
454 5627 493 5678 Α
519 5627 714 5694 ἐξαρῶ.
792 5628 835 5658 θεν
866 5629 943 5682 ἐν.
985 5628 1108 5682 Des.
1148 5629 1198 5680 in
1232 5627 1268 5679 Α
1374 5626 1417 5656 θα
1453 5625 1535 5676 οὐ.
1581 5623 1701 5694 Des.
1737 5622 1870 5678 ibid.

312 5697 356 5751 C
384 5691 672 5768 praemhro.
746 5698 790 5727 9⁵
827 5696 936 5752 ἐθν.
974 5700 1094 5753 lies.
1137 5700 1188 5751 in
1222 5698 1281 5751 C.
1360 5694 1562 5763 "50w.
1605 5694 1644 5744 Α
1680 5691 1799 5761 ὅρη.

1946 5625 1986 5655 ⁹¹
2023 5626 2067 5676 Α
2097 5620 2359 5691 ἀφανίσω.

2441 5621 2483 5650 θ’
2521 5619 2563 5671 Α
2595 5619 2850 5687 ἥκουσαν.
2955 5612 2999 5643 ’³
3024 5611 3064 5663 C
3097 5605 3292 5660 αὐτῶν.
3366 5599 3412 5631 ’⁸
3443 5619 3529 5669 κρ.
