3904 6202
352 267 496 335 1775

1310 270 1795 330 TllEODORETl
1837 270 2174 330 EPISCUPI
2214 272 2578 331 CYRENSIS

3476 272 3615 341 ιττό

358 387 651 442 dicabitur.
705 404 724 436 ι
770 381 902 439 Nam
943 383 1072 453 quia
1124 383 1363 439 rationis
1407 400 1641 455 capaces
1698 387 1918 441 rationis

2032 388 2497 458 διελεγχίιήσεται.
2533 408 2550 440 ι
2590 390 2807 461 Ἐπειδὴ
2832 391 2937 462 γὰρ
2961 391 3168 460 λογικοὶ
3205 394 3361 459 ὄντες
3394 396 3617 464 ἀλογίαν

359 480 544 549 inopia
564 477 839 540 laborant,
873 474 1150 530 inanitnos
1185 478 1454 533 adversus
1490 477 1701 531 ratione
1736 480 1930 547 praedi-

359 582 444 627 tos
480 569 702 640 jttdiccs
723 568 892 623 dabo.

431 662 595 717 Vens.
623 661 676 715 3.
720 677 738 711 ι
779 657 985 729 Popule
1020 660 1119 723 mi,
1145 659 1278 727 quid
1314 658 1415 714 feci
1449 660 1589 715 tibi?
1620 670 1714 715 aut
1738 679 1844 733 qua
1875 664 1928 718 itt

354 772 413 812 re
436 754 675 809 tristitia
709 752 866 809 aﬂeci
900 752 1000 808 le?
1032 753 1211 808 autin
1244 767 1353 823 quo
1390 753 1653 810 molestus
1682 755 1756 810 fui
1791 758 1932 811 tibi?

354 846 630 917 responde
688 845 847 900 mihi.
892 864 910 897 ›
967 844 1390 900 Inimicitiarum
1453 862 1679 903 causam
1745 847 1927 903 affer:

354 942 643 1012 rcdargue,
674 939 720 994 si
762 954 869 1009 qua
898 938 1151 994 molestia
1184 954 1213 992 a
1242 957 1328 996 me
1363 940 1595 997 aﬂ‘eetus
1638 940 1829 995 fueris.
1864 940 1929 994 Et

351 1033 484 1103 quia
510 1048 637 1089 eum
674 1032 841 1087 silere
863 1045 1093 1086 necesse
1116 1040 1257 1096 erat,
1286 1035 1379 1103 qui
1414 1034 1561 1104 quod
1590 1035 1797 1088 diceret
1822 1049 1928 1086 non

353 1126 609 1190 habebat,
657 1123 860 1179 merito
915 1123 1168 1177 addidit:
1212 1144 1231 1176 ι
1276 1124 1569 1196 Responde
1605 1127 1739 1181 mihi
1779 1144 1793 1178 :
1831 1146 1847 1177 ι
1884 1126 1930 1180 si

350 1215 481 1285 quid
506 1215 674 1270 habes
709 1213 856 1283 quod
884 1213 1061 1280 dicas,
1096 1214 1185 1268 die
1216 1215 1395 1285 palam
1433 1226 1487 1271 et
1520 1225 1733 1285 aperte.

425 1306 590 1363 Vsus.
625 1306 680 1360 4.
719 1324 737 1357 ι
772 1305 912 1371 Quia
949 1306 1116 1360 eduxi
1163 1314 1215 1361 te
1262 1322 1293 1362 e
1331 1315 1478 1362 terra
1529 1306 1777 1377 Egypti,
1810 1314 1866 1359 et
1897 1320 1927 1359 e

352 1399 517 1453 domo
540 1392 834 1454 servitutis
884 1396 1092 1451 redemi
1152 1407 1250 1451 te:
1294 1405 1349 1452 et
1397 1399 1520 1452 misi
1557 1408 1688 1452 ante
1726 1396 1924 1450 faciem

352 1500 502 1545 tuam
537 1489 751 1553 Mosen,
787 1495 844 1543 et
870 1489 1168 1552 Aaronem,
1200 1498 1257 1543 et
1308 1488 1546 1544 Miriam.
1583 1508 1604 1540 ι
1632 1490 1714 1543 Αη
1760 1489 1928 1558 igitur

350 1585 453 1638 hoc
495 1591 758 1651 tanquam
818 1580 1079 1649 injuriam
1118 1582 1234 1647 ,tibi
1280 1582 1483 1637 factam
1538 1582 1722 1647 affers,
1777 1581 1924 1652 quod

348 1689 475 1728 eum
524 1675 594 1728 ab
644 1671 843 1726 acerba
874 1669 1256 1741 Egyptiorum
1296 1674 1564 1726 servitute
1607 1680 1658 1727 te
1690 1672 1924 1727 liberas-

2035 480 2268 544 νοσοῦσι,
2327 484 2541 552 κριταῖς
2589 485 2701 544 τοῖς
2752 482 2980 553 ἀψύχοις
3032 486 3173 538 κατά
3218 487 3331 539 τῶν
3384 489 3618 557 λογικῶν

2033 575 2322 643 χρήσομαι,

2104 662 2173 729 γ’.
2213 684 2231 713 ι
2263 665 2407 727 Λαός
2445 683 2569 734 μου,
2606 667 2659 718 τί
2698 667 2933 737 ἐποίησά
2971 686 3073 731 σοι,
3106 669 3138 739 ἢ
3175 669 3228 721 τί
3258 668 3511 738 ἐλύπησα
3536 689 3617 728 σε.

2034 755 2065 824 ἢ
2101 755 2154 808 τί
2179 758 2588 828 παρηνώχλησά
2618 776 2733 825 σοις
2775 760 3104 832 ἀποκρίθητί
3145 780 3255 831 μοι.
3298 781 3315 810 t
3350 764 3487 815 Εἰπὲ
3522 764 3619 832 τὴν

2034 848 2215 900 αἰτίαν
2236 849 2336 917 τῆς
2364 849 2591 919 ἔχθρας
2626 849 2864 917 ἔλεγξον,
2900 852 2953 904 εί
2974 868 3118 913 τινος
3147 851 3400 922 λυπηροῦ
3426 855 3621 904 πεττεί-

2036 955 2198 1008 ρασαι
2227 941 2355 1010 παρ’
2383 940 2538 1011 ἐμοῦ.
2564 943 2671 994 Καὶ
2693 942 2882 1012 ἐπειδὴ
2915 945 3071 1013 σιγᾷν
3096 939 3167 1013 ἦν
3195 945 3412 1013 ἀνάγκη
3452 945 3618 1013 μηδὲν

2031 1029 2223 1100 ἔχοντα
2264 1032 2479 1100 λέγειν,
2537 1036 2763 1098 εἰκότως
2820 1037 3130 1106 ἐπήγαγεν·
3183 1057 3200 1088 ι
3260 1036 3621 1108 Ἀποκρίθῃτί

2035 1140 2148 1193 μοι’
2190 1145 2208 1177 ι
2241 1126 2359 1179 είτι
2390 1125 2567 1192 λέγειν
2600 1126 2763 1195 ἔχεις,
2798 1127 2920 1179 εἰπὲ
2944 1128 3256 1198 προφανῶς.

2098 1299 2161 1353 δ’.
2197 1318 2215 1349 ι
2256 1300 2399 1353 Διότι
2424 1301 2702 1371 ἀνήγαγόν
2749 1318 2805 1354 σε
2847 1303 2910 1355 ἐκ
2952 1303 3054 1373 γῆς
3083 1303 3387 1371 Αἰγύπτου,
3426 1305 3524 1357 καὶ
3563 1303 3623 1368 ἐξ

2029 1392 2180 1445 οἴκου
2228 1392 2472 1457 δουλείας
2529 1394 2924 1465 ἐλυτρωσάμην
2972 1412 3054 1462 σε,
3107 1397 3202 1449 καὶ
3250 1397 3623 1462 ἐξαπέστειλα

2031 1482 2137 1549 πρὸ
2194 1483 2487 1552 προσώπου
2533 1500 2626 1536 σου
2660 1485 2752 1537 τὸν
2797 1485 3026 1554 Μωσῆν,
3078 1485 3172 1539 καὶ
3218 1486 3461 1558 Ἀαρὼν,
3526 1491 3622 1541 καὶ

2029 1575 2282 1645 Μαριάμ.
2325 1594 2342 1627 t
2397 1576 2537 1628 Ἀλλ’
2578 1571 2685 1647 ἄρα
2719 1575 2791 1647 μὴ
2833 1575 2991 1629 τοῦτο
3022 1577 3097 1642 ὡς
3132 1578 3377 1649 ἀδίκημα
3428 1597 3619 1650 προσ-

2030 1667 2238 1735 φέρεις,
2277 1668 2358 1719 ὅτι
2391 1684 2449 1718 σε
2493 1667 2592 1737 τῆς
2628 1670 2828 1738 πικρᾶς
2860 1668 2966 1721 τῶν
3007 1670 3317 1737 Αἰγυπτίων
3358 1670 3621 1723 ἀπα).ὶά-

350 1782 489 1831 sem,
524 1764 675 1819 Mose
702 1774 759 1819 et
785 1764 1026 1829 Aarone,
1060 1763 1407 1819 admirandis
1436 1765 1573 1819 viris
1599 1772 1655 1819 et
1689 1765 1918 1820 illustri-

2032 1756 2125 1821 ξας
2146 1757 2408 1821 δουλείας.
2447 1737 2834 1829 ἀκραιφνῆσοι
2867 1759 2965 1829 τὴν
2987 1760 3301 1832 ἐλευθερίαν
3331 1762 3625 1832 ἐδωρτβάο

347 1858 471 1921 bus,
517 1871 650 1911 usus
679 1854 1047 1920 administris,
1075 1856 1173 1909 tibi
1215 1855 1445 1910 solidam
1479 1857 1788 1912 libertatem
1821 1858 1921 1912 do-

351 1952 590 2004 naverim
623 1965 636 2001 :
683 1962 786 2001 nec
823 1946 1082 2001 mulieres
1121 1947 1333 2017 1507
1364 1949 1730 2003 conveniente
1789 1964 1921 2003 cura

348 2040 719 2101 destituerim,
754 2038 849 2093 sed
895 2037 1109 2092 Mil-iant
1148 2039 1260 2093 illis
1296 2038 1653 2107 pra'fecerim,
1695 2047 1750 2094 ct
1794 2055 1921 2110 pro-

351 2129 549 2197 phetia:
578 2127 756 2197 gratia
802 2125 1249 2181 cumulaverim?
1290 2126 1368 2198 l5]
1427 2126 1585 2193 Quod
1641 2128 1686 2183 si
1722 2129 1919 2183 horum

349 2219 601 2273 oblivisci
632 2218 893 2278 volueris.
928 2219 1150 2271 vcniaut
1179 2218 1234 2270 itt
1268 2230 1504 2271 mentem
1540 2235 1629 2273 res
1662 2220 1918 2284 Balaami,

347 2319 402 2364 et
425 2325 623 2365 causas
660 2309 970 2373 considera,
1007 2323 1109 2363 cur
1140 2324 1264 2364 eum
1307 2308 1579 2365 Dalaacus
1615 2310 1921 2365 advocave-

351 2405 444 2466 rit,
474 2408 529 2457 et
557 2401 1019 2471 quemadmodum
1058 2400 1169 2466 ille,
1203 2415 1324 2454 meo
1348 2400 1547 2455 robore
1578 2401 1882 2457 instructus
1903 2443 1918 2468 ,

350 2506 457 2545 non
492 2490 933 2546 maledictionem
964 2490 1146 2558 vobis,
1180 2489 1277 2546 sed
1308 2491 1744 2547 benedictionem
1780 2493 1923 2546 intu-

350 2583 497 2635 lerit.
539 2580 666 2635 Haec
713 2596 844 2636 vero
878 2583 1094 2651 singula
1143 2597 1269 2636 cum
1324 2580 1587 2649 facerem,
1653 2598 1765 2637 non
1821 2585 1920 2638 tibi

343 2673 575 2743 jnstitiaa
605 2673 910 2727 mercedem
935 2673 1282 2739 exltibebatn,
1310 2674 1406 2728 sed
1441 2689 1617 2728 meam
1641 2675 1918 2744 justitiam

348 2766 562 2833 planam
616 2762 905 2817 faciebam.
965 2761 1100 2816 Nam
1164 2779 1291 2817 cum
1349 2765 1687 2834 progenitori
1735 2776 1920 2825 vestro

351 2870 527 2911 essem
568 2855 869 2925 pollicitus,
915 2855 1023 2909 icta
1052 2869 1177 2908 cum
1216 2870 1283 2911 eo
1316 2854 1523 2911 foedera
1550 2860 1915 2928 complebam.

353 2945 446 3001 llis
473 2955 729 3016 tanquam
754 2961 819 3001 ex
848 2944 939 3001 Dei
968 2960 1200 3015 persona
1224 2945 1387 3002 dictis
1420 2961 1450 3000 a
1473 2949 1761 3019 propheta,
1792 2965 1916 3005 cum

348 3036 535 3105 populi
563 3034 930 3092 stoliditatem
959 3043 1231 3103 cerneret,
1273 3037 1391 3108 ipse
1416 3040 1601 3109 populi
1652 3042 1770 3096 vice
1800 3043 1919 3113 pias

346 3127 708 3197 cogitationes
740 3129 966 3193 excitat,
996 3127 1228 3185 dicens:

424 3391 581 3447 Vens.
629 3392 683 3447 6.
721 3409 740 3443 ι
781 3389 1065 3459 Quomodo
1115 3393 1519 3465 apprehendam
1579 3396 1921 3455 Dominum?

347 3485 639 3555 suscipiam
671 3483 840 3539 Deum
872 3500 1053 3540 meum
1084 3487 1363 3542 excelsum
1395 3489 1419 3541 ἲ
1453 3507 1471 3538 ι
1507 3490 1794 3555 Quomodo
1832 3510 1919 3549 re-

347 3580 674 3634 munerabor
696 3594 841 3644 eum,
884 3581 976 3649 qui
1026 3580 1156 3635 mihi
1192 3588 1274 3635 tot
1313 3593 1368 3637 et
1406 3588 1559 3637 tanta
1598 3584 1741 3640 bona
1783 3602 1919 3643 conn

345 3671 530 3727 ciliat?
557 3671 757 3740 quibus
784 3672 1241 3728 retributionibus
1269 3675 1428 3728 utar?

426 3780 445 3814 ι
481 3763 563 3813 An
600 3760 1007 3829 apprchendam
1051 3777 1174 3817 eum
1211 3763 1575 3821 holocaustis?
1607 3770 1789 3824 vitulis
1820 3784 1951 3823 ιλιι-λ

342 3850 580 3904 uiculis?
627 3848 811 3921 (Vens.
857 3851 935 3919 7.)
987 3852 1068 3905 An
1124 3855 1389 3924 suscipiet
1424 3854 1708 3912 Dominus
1747 3859 1915 3913 millia

344 3941 597 4005 arietum,
632 3940 713 3993 vel
744 3939 930 3993 decem
982 3942 1153 3995 millia
1181 3944 1456 3999 hircorum
1490 3948 1822 4018 pinguium?
1848 3967 1912 4004 an

344 4031 486 4085 dabo
513 4030 869 4100 primogenita
899 4045 1017 4085 mea
1046 4047 1144 4101 pro
1178 4035 1456 4104 impietate
1494 4039 1646 4091 mea?
1676 4039 1911 4094 fructum

344 4123 545 4179 ventris
596 4122 700 4177 mei
732 4136 831 4191 pro
858 4129 1082 4192 peccato
1113 4123 1308 4178 animae
1363 4125 1543 4179 meat?
1578 4146 1597 4179 ι
1634 4126 1800 4193 Nihil,
1834 4130 1910 4184 in-

340 4215 477 4283 quit,
501 4230 564 4268 ex
594 4217 608 4235 ‘
637 4214 798 4269 rebus
828 4213 1105 4281 humanis,
1137 4229 1240 4269 non
1266 4215 1563 4271 vitulorum
1599 4219 1908 4288 multitudo,

343 4322 449 4358 non
483 4305 734 4359 universa
775 4314 1045 4371 armenta,
1082 4321 1188 4361 non
1214 4306 1400 4360 decem
1433 4308 1599 4361 millia
1632 4308 1908 4364 haedorum

2030 1868 2157 1920 μην,
2211 1851 2504 1921 ὐπουργοῖς
2553 1849 2779 1922 ἀνδράσι
2823 1850 3147 1920 θαυμασίοις
3198 1851 3291 1903 καὶ
3342 1852 3623 1921 ἀοιδίμοις

2026 1944 2392 2013 χρησάμενος,
2440 1942 2518 2013 τῷ
2549 1942 2744 2012 Μωσῇ,
2799 1942 2893 1994 καὶ
2939 1941 3017 2011 τῷ
3064 1940 3295 2012 Ἀαρὼν,
3343 1943 3470 1995 οὐδὲ
3514 1944 3624 2004 τὰς

2025 2038 2285 2103 γυναῖκας
2306 2035 2405 2104 τῆς
2434 2032 2820 2104 προσηκούσης
2851 2034 3234 2104 ἀποστερήσας
3262 2033 3620 2103 ἐπιμελείας,

2025 2126 2119 2179 καὶ
2142 2123 2367 2187 ταύταις
2390 2123 2489 2194 τὴν
2510 2122 2745 2194 Μαριὰμ
2776 2123 3096 2193 ἐπιστήσας,
3137 2123 3230 2175 καὶ
3260 2121 3621 2193 προφητικοῦ

2024 2219 2362 2289 χαρίσματος
2409 2215 2735 2286 ὲμπλήσας;
2774 2216 2914 2267 Ἀλλ’
2946 2217 2994 2267 εἰ
3040 2213 3239 2267 τούτων
3286 2215 3621 2285 ἀμνημονῆε

2026 2326 2115 2361 σαι
2149 2307 2343 2371 Θέλεις,
2376 2306 2485 2361 τῶν
2518 2304 2662 2359 κατά
2694 2306 2784 2358 τὸν
2818 2305 3044 2375 Βαλαὰμ
3069 2304 3473 2375 ἀναμνήσθητι,
3518 2305 3619 2356 καὶ

2024 2402 2332 2470 σκόπησον,
2388 2400 2481 2453 ἐπὶ
2521 2399 2630 2453 τίσι
2676 2400 2776 2470 μὲν
2821 2399 2984 2451 αὐτὸν
3011 2401 3039 2452 ὁ
3067 2398 3300 2469 Βαλαὰμ
3333 2400 3618 2470 μετεπέμ-

2020 2493 2191 2561 ψατο*
2241 2491 2389 2554 ὅπως
2438 2490 2495 2543 δὲ
2549 2491 2773 2552 ἐκεῖνος,
2824 2488 2931 2542 ὐπὸ
2980 2490 3079 2559 τῆς
3128 2489 3269 2558 ἐμῆς
3322 2489 3616 2560 δυνάμεως

2021 2582 2432 2652 ὲνεργούμενος.
2478 2582 2579 2635 οὐκ
2620 2580 2760 2651 ἀρὰν
2789 2582 2940 2651 ύμῖν,
2991 2582 3105 2633 ἀλλ’
3151 2583 3406 2649 εὐλογίαν
3435 2601 3611 2655 προσ-

2022 2677 2240 2746 ήνεγκε.
2282 2672 2498 2726 Τούτων
2543 2671 2601 2725 δὲ
2647 2671 2817 2741 ἔδρων
2862 2671 3115 2736 ἕκαστον,
3154 2671 3214 2725 οὐ
3274 2673 3468 2740 μισοὸν
3528 2692 3611 2725 σοι

2020 2761 2623 2832 δικαιοσύνηςτρέγων,
2675 2760 2810 2813 ἀλλὰ
2847 2760 2946 2832 τὴν
2981 2760 3219 2831 ἐμαυτοῦ
3256 2762 3609 2832 δικαιοσύνην

2020 2852 2189 2926 δήλην
2230 2852 2430 2906 ποιῶψ
2458 2850 2824 2922 ὑποσχόμενος
2850 2851 2958 2920 γὰρ
2988 2849 3065 2920 τῷ
3094 2851 3347 2922 ὑμετέρῳ
3387 2855 3607 2923 προπάο

2021 2962 2161 3018 τορι,
2212 2944 2311 3008 τὰς
2359 2944 2494 3016 πρὸς
2544 2945 2751 2997 ἐκεῖνον
2797 2943 3066 3013 ἐπλήρουν
3120 2943 3416 3014 συνοήκας.
3470 2946 3607 2999 Τούο

2022 3056 2148 3104 τους
2171 3040 2215 3071 ’⁷
2248 3041 2277 3093 ὁ
2305 3038 2594 3110 προφήτης
2629 3037 2704 3101 ὡς
2732 3037 2796 3088 ἐκ
2838 3035 3129 3107 προσώπου
3161 3036 3254 3090 τοῦ
3286 3038 3424 3091 θεοῦ
3457 3056 3608 3108 ποιη·

2031 3130 2263 3201 σάμενος
2290 3130 2416 3192 τούς
2442 3128 2655 3197 λόγους,
2701 3128 2795 3180 καὶ
2837 3126 2931 3179 τοῦ
2962 3126 3092 3179 λαοῦ
3136 3128 3236 3198 τὴν
3267 3128 3609 3198 ἀναλγησίαν

2028 3222 2322 3293 θεώμενος,
2362 3220 2522 3283 αὐτὸς
2554 3220 2676 3274 ἀντὶ
2717 3219 2811 3272 τοῦ
2850 3219 2982 3273 λαοῦ
3022 3216 3148 3284 τοὺς
3187 3223 3287 3291 τῆς
3320 3222 3603 3285 εὐσεϐείας

2027 3315 2273 3367 ἀνακινεῖ
2293 3310 2604 3380 λογισμοὺς,
2630 3310 2724 3362 καί
2751 3326 2915 3379 φησιν
2937 3324 2949 3336 ⁸

2098 3410 2171 3469 ς’.
2207 3422 2226 3454 ‹
2276 3402 2363 3455 Ἐν
2388 3401 2490 3454 τίνι
2517 3398 2809 3453 καταλάόω
2846 3398 2938 3452 τὸν
2962 3398 3200 3468 Κύριον;
3231 3399 3426 3470 ἀντιλή
3441 3401 3603 3470 ξομαι

2026 3495 2161 3550 Θεοῦ
2188 3512 2289 3567 μου
2324 3494 2589 3563 ull/(mou;
2628 3511 2646 3542 ι
2678 3491 2804 3553 Πῶς
2844 3492 3150 3561 ἀμείψομαι
3194 3491 3286 3544 τὸν
3333 3492 3601 3544 τοσούτων

2029 3605 2120 3660 μοι
2168 3585 2425 3658 πρόξενον
2476 3582 2731 3654 ἀγαθῶν;
2788 3584 2970 3647 ποίαις
3028 3583 3332 3637 ἀντιδόσεσι
3378 3584 3592 3653 ὲπιχρή-

2028 3696 2191 3751 σομαι
2215 3680 2297 3744 ⁹⁸;

2101 3790 2121 3822 ι
2153 3772 2213 3823 El
2261 3768 2646 3839 καταλήψομαι
2703 3768 2863 3820 αὐτὸν
2915 3768 2973 3820 ἐν
3019 3766 3490 3836 ὁλοκαυτώμασιν,
3542 3768 3599 3818 ἐν

2026 3864 2247 3934 μόσχοις
2295 3861 2616 3924 ἐνιαυσίοιςς
2652 3859 2764 3929 (ζ’.)
2792 3860 2854 3911 El
2898 3859 3249 3930 προσδέξεται
3305 3858 3506 3929 Κύριος
3542 3858 3596 3908 ἐν

2022 3952 2229 4022 χιλιάσι
2257 3938 2450 4022 κριῶν,
2477 3951 2509 4021 ἦ
2537 3949 2761 4022 μυριάσι
2783 3949 3031 4021 χιμάρων
3061 3949 3283 4014 πιόνων;
3309 3952 3355 4001 εἰ
3380 3950 3535 4002 δώσω
3553 3950 3599 3980 ⁹’

2022 4042 2344 4113 πρωτότοκά
2368 4058 2469 4111 μου
2496 4042 2635 4111 ὑπὲρ
2659 4042 2912 4105 ἀσεϐείας
2940 4058 3040 4112 μου
3078 4042 3116 4103 ³,
3149 4040 3364 4112 καρπὸν
3395 4040 3593 4102 κοιλίας

2025 4151 2124 4203 μου
2159 4133 2297 4205 ὑπὲρ
2336 4133 2610 4203 ἁμαρτίας
2636 4132 2817 4203 ψυχῆς
2847 4151 2977 4203 μους
3026 4153 3044 4185 ι
3084 4134 3273 4195 Οὐδὲν,
3309 4136 3465 4205 φησι,
3489 4134 3593 4187 τῶν

2020 4225 2393 4298 ἀνθρωπίνων,
2422 4225 2482 4278 οὐ
2522 4225 2737 4295 μόσχων
2787 4224 3009 4294 πλῆθος,
3050 4225 3148 4295 οὐχ
3183 4225 3455 4296 ὁλόκληρα
3482 4228 3595 4279 ποί-

2024 4333 2175 4388 μνια,
2207 4317 2266 4370 οὐ
2289 4316 2547 4387 μυριάδες
2576 4317 2780 4384 ἐρίφων
2803 4314 3114 4385 (χιμάρους
3133 4315 3241 4387 γὰρ
3265 4317 3395 4380 τοὺς
3417 4320 3590 4370 ἐνιαυ-

349 4398 496 4465 (uatn
525 4397 701 4452 hircos
735 4407 896 4453 vocat
944 4398 1127 4452 haedos
1162 4398 1491 4469 anniculos),
1530 4416 1638 4455 non
1675 4402 1911 4459 infantes

2032 4411 2168 4472 σίους
2218 4408 2436 4479 ἐρίφους
2488 4407 2698 4476 καλεῖ),
2729 4407 2829 4476 οὐχ
2865 4407 2915 4459 οἱ
2956 4406 3162 4477 πρῶτοι
3196 4407 3461 4470 λύσαντες
3501 4410 3589 4471 τὰς

342 4487 647 4556 primigenii
679 4487 790 4543 Deo
822 4487 878 4543 in
909 4487 1239 4547 sacrificium
1269 4490 1458 4555 oblati,
1497 4506 1527 4545 a
1562 4503 1910 4561 peccatorum

340 4578 687 4633 multitudine
748 4578 1032 4633 absolvere
1081 4594 1167 4633 nte
1211 4589 1464 4647 possunt.
1517 4581 1575 4637 Si
1636 4601 1763 4639 vero
1799 4587 1913 4641 haec

340 4667 521 4720 omnia
551 4668 617 4721 ad
652 4675 998 4736 peccatorum
1034 4669 1401 4737 expiationem
1456 4688 1563 4726 non
1614 4676 1750 4729 satis
1779 4676 1909 4744 sint,

338 4758 542 4826 quibus
596 4758 687 4814 Dei
735 4760 998 4814 beneficia
1045 4764 1459 4831 compensabo?
1504 4764 1800 4837 Postquam
1839 4770 1911 4824 ita

339 4849 606 4905 humanas
635 4852 994 4922 cogitationes
1032 4857 1340 4925 proposuit,
1376 4856 1542 4913 Deum
1592 4875 1786 4915 rursus
1831 4877 1911 4915 re-

336 4937 689 5006 spondentem
725 4939 941 5011 1508
975 4942 1201 4998 inducit.

413 5028 568 5082 Vsus.
592 5029 644 5082 8.
679 5049 701 5083 ο.
728 5031 1120 5088 Annuutiatum
1155 5035 1252 5088 tibi
1285 5044 1388 5100 est,
1423 5039 1604 5103 homo,
1637 5041 1764 5108 quid
1806 5040 1895 5094 boo

335 5133 485 5181 num,
523 5121 726 5190 etquid
759 5120 1021 5179 Dominus
1069 5133 1277 5195 quaerat
1302 5140 1332 5178 a
1373 5137 1456 5182 te;
1490 5129 1671 5197 (nihil)
1707 5129 1809 5185 nisi
1851 5138 1904 5182 ut

335 5213 505 5268 facias
549 5215 837 5283 judicium,
877 5224 931 5270 et
973 5216 1169 5286 diligas
1215 5220 1675 5286 misericordiam,
1706 5230 1758 5276 et
1808 5238 1907 5291 pa-

339 5314 491 5362 ratus
552 5308 627 5364 sis
673 5309 739 5364 ad
791 5309 1177 5364 ambulandum
1229 5322 1353 5381 post
1410 5313 1695 5369 Dominum
1742 5315 1908 5370 Deum

2016 4505 2209 4564 ὠδῖνας
2232 4499 2439 4564 παῖδες,
2493 4499 2572 4560 εἰς
2619 4497 2810 4551 Θυσίαν
2833 4497 2910 4569 τῷ
2967 4497 3086 4569 Θεῷ
3136 4500 3588 4570 προσφερόμενοι,

2013 4593 2174 4646 λῦσαι
2212 4609 2312 4659 μου
2356 4589 2467 4643 τῶν
2526 4589 2939 4659 ἁμαρτημάτων
2993 4589 3228 4660 ἀρκοῦσι
3268 4590 3332 4643 τὸ
3371 4590 3587 4660 πλῆθος.

2017 4686 2081 4739 Εἰ
2126 4682 2183 4734 δὲ
2211 4681 2426 4734 ἅπαντα
2475 4678 2647 4732 ταῦτα
2702 4682 2782 4743 είς
2844 4682 3259 4752 ἁμαρτημάτων
3305 4682 3458 4735 λύσιν
3496 4682 3589 4735 οὐκ

2014 4774 2250 4843 ἀπόχρη,
2290 4772 2398 4825 τίσι
2429 4772 2526 4833 τὰς
2565 4770 2715 4834 θείας
2742 4772 3064 4842 εὐεργεσίας
3090 4774 3398 4845 ἀμείψομαι
3425 4775 3591 4839 ;οῦτω

2017 4866 2141 4928 τοὺς
2171 4863 2545 4934 ἀνθρωπίνους
2582 4862 2952 4932 προτεθεικὼς
2982 4863 3303 4935 λογισμοὺς,
3322 4866 3423 4938 τὴν
3447 4866 3586 4918 Θείαν

2015 4950 2313 5020 προσφέρει
2341 4949 2503 5002 πάλιν
2537 4950 2848 5018 ἀπόκρισιν.

2084 5048 2153 5109 η’.
2196 5062 2211 5090 ι
2264 5040 2562 5109 Ἀνηγγέλη
2590 5044 2609 5072 ¹
2645 5059 2747 5105 σοι,
2803 5043 3079 5115 ἄνθρωπε,
3143 5047 3193 5099 τί
3242 5048 3426 5101 καλόν·
3457 5047 3582 5100 καῖ’

2014 5136 2066 5189 τί
2099 5136 2303 5207 Κύριος
2362 5134 2585 5203 ἐκζητεί
2636 5135 2786 5204 παρά
2845 5136 2960 5199 σοῦ,
2992 5138 3106 5191 ἀλλ’
3154 5139 3185 5209 ἢ
3222 5138 3313 5192 τοῦ
3358 5136 3380 5170 ⁸
3418 5141 3578 5192 ποιεῖν

2018 5229 2212 5296 κρῖμα,
2261 5224 2355 5277 καὶ
2406 5224 2626 5294 ἀγαπᾷν
2670 5222 2817 5277 ἔλεον
2850 5226 2895 5291 ⁸,
2930 5227 3025 5279 καὶ
3072 5229 3288 5298 ἕτοιμον
3328 5225 3461 5281 εἶναι
3495 5225 3578 5278 τοῦ

2020 5315 2345 5385 πορεύεσθαι
2398 5313 2609 5366 όπίσω⁶
2643 5315 2846 5383 Κυρίου
2892 5317 2984 5369 τοῦ
3040 5318 3176 5371 Θεοῦ
3216 5336 3339 5387 σου;
3375 5339 3394 5369 ι
3422 5316 3577 5371 Τοῦτο

1621 5491 1850 5545 VARI/ﬁ
1877 5490 2281 5547 LECTIONES.

433 5614 477 5645 ’⁷
505 5617 544 5670 (Σ
586 5621 815 5694 τούτοις.
902 5626 946 5655 ³³
978 5625 1015 5677 C
1060 5626 1352 5694 χρήσομαι.
1456 5626 1555 5675 WA
1600 5626 1689 5677 ξιτ).

332 5683 498 5738 Sirm.
538 5690 617 5740 τό.
694 5692 714 5723 α
744 5679 783 5744 Α
811 5694 975 5757 ἕλεος.
1061 5664 1205 5748 νόὲτ.
1235 5676 1275 5746 λ
1306 5696 1461 5763 μετά.

1801 5628 1814 5655 ¹
1850 5644 1970 5694 μευ.
2020 5626 2144 5681 Des.
2196 5628 2248 5681 in
2287 5626 2350 5679 A.

2452 5629 2471 5657 ⁹
2498 5630 2537 5681 Λ
2566 5629 2896 5699 ’Δπηγγὲλη.
2998 5630 3017 5660 ³
3046 5631 3159 5683 καί.
3196 5631 3241 5681 Α
3274 5630 3328 5699 ἡ.
3420 5628 3439 5657 ’⁵
3462 5620 3558 5680 τοῦ.
