3904 6202
242 371 374 437 ῙἹΠ

1481 385 1560 444 IN
1605 387 1816 446 MlCiL

1927 388 1932 445 ἰ
1989 390 2146 450 CAP.
2195 392 2287 451 Vl.
3364 399 3494 466 Πῗὸ

241 494 334 544 καὶ
378 493 468 546 διὰ
511 495 782 566 μακαρίου
810 497 825 526 ⁷
865 496 1027 549 Acta/3
1077 499 1105 550 ὁ
1155 491 1262 550 τὼν
1314 497 1450 552 ὅλων
1500 499 1602 570 ἔφη
1649 501 1815 563 Θεός·

1927 511 2096 558 tuum.
2139 525 2156 556 ›
2189 507 2302 560 lloc
2343 507 2483 560 idem
2514 509 2652 565 Deus
2689 512 3069 568 universorum
3107 515 3248 569 beati
3275 515 3492 570 Davidis

240 583 626 656 ἐκϐαλὼνογὰρ
651 587 866 640 ἅπαντα
883 587 990 640 τῶν
1020 587 1220 642 Θυσιῶν
1252 589 1344 641 τὸν
1368 591 1685 660 κατάλογον,
1723 595 1816 646 καὶ

240 677 519 746 είρηκώςυ
557 697 574 730 ι
607 679 681 732 Οὐ
742 678 964 750 δέξομαι
1017 683 1082 734 ὲκ
1112 680 1207 734 τοῦ
1235 681 1383 736 οἴκου
1426 701 1518 736 σου
1561 686 1812 754 μόσχους,

239 767 358 820 οὐδὲ
379 771 444 820 ἐκ
473 768 579 820 τῶν
603 770 868 839 ποιμνίων
926 787 1020 823 σου
1073 771 1368 842 χιμάρους·
1418 773 1528 842 ἐμὰ
1561 775 1669 846 γάρ
1703 777 1816 829 ἐστι

242 859 422 910 πάντα
450 859 518 911 τὰ
548 859 716 929 (inpia.
739 859 834 912 τοῦ
889 862 1095 932 δρυμοῦ
1118 865 1140 896 ⁸
1167 881 1180 894 ο
1214 883 1232 915 ι
1268 865 1515 936 ἐπήγαγε
1545 884 1558 896 ·
1586 887 1605 918 ι
1645 868 1818 922 Θῦσον

238 949 318 1020 τῷ
349 951 470 1020 Θεῷ
521 951 712 1004 θυσίαν
770 955 1052 1021 αἰνέσεως,
1085 957 1179 1010 καὶ
1231 959 1428 1021 ἀπόδος
1458 959 1536 1029 τῷ
1581 960 1818 1031 Ὑψίστῳ

240 1044 337 1104 τὰς
363 1043 530 1113 εὐχάς
555 1061 648 1096 σου
677 1061 688 1074 ·
719 1045 814 1098 καὶ
834 1047 1154 1104 ἐπικάλεσαί
1189 1067 1253 1117 με
1281 1051 1340 1102 ὲν
1369 1050 1553 1120 ἡμέρᾳ
1585 1050 1819 1120 θλίψεὼς

242 1149 358 1192 σου,
385 1133 480 1185 καὶ
505 1133 791 1203 ἐξελοῦμαί
819 1152 902 1199 σε,
928 1138 1024 1190 καὶ
1052 1137 1292 1202 δοξάσεις
1315 1157 1402 1210 με.
1436 1158 1455 1191 ι
1490 1142 1599 1194 Καὶ
1621 1143 1782 1196 πάλιν
1799 1159 1814 1174 ⁰

247 1245 264 1276 ι
284 1226 406 1278 ’Ὁτι
437 1227 486 1277 εἱ
507 1225 778 1295 ἠθέλησας
808 1227 1017 1290 θυσίαν,
1059 1229 1234 1282 ἔδωκα
1263 1231 1358 1284 ἄν·
1393 1233 1817 1305 ὁλοκαυτώματα

239 1317 339 1369 οὐκ
361 1317 694 1386 εὐδοκήσεις.
720 1319 891 1371 Θυσία
931 1319 1008 1390 τῷ
1038 1321 1156 1392 Θεῷ
1180 1323 1394 1394 πνεῦμα
1416 1326 1816 1398 συντετριμμέ-

238 1425 349 1458 νον·
394 1408 623 1478 καρδίαν
651 1411 1120 1482 συντετριμμένην
1155 1413 1248 1466 καὶ
1285 1417 1760 1486 τεταπεινωμένην
1792 1419 1819 1469 ὀ

239 1499 372 1563 Θεὸς
395 1499 872 1567 οὑκὲξουδενώσει,
889 1504 1100 1556 »Ταυτᾶ
1117 1506 1172 1558 δὲ
1194 1507 1286 1558 καὶ
1311 1508 1460 1578 παρὰ
1487 1509 1652 1562 πᾶσιν
1665 1507 1724 1560 εῦ
1738 1527 1819 1578 ροι

239 1609 324 1654 τις
352 1591 420 1644 ἂν
454 1594 565 1656 τοῖς
598 1595 924 1663 προφήταις.
967 1615 986 1646 ι
1031 1597 1192 1665 Λέγει
1214 1599 1710 1668 τοίνυνέκάνταῦθα,
1737 1603 1817 1654 ὅτι

237 1685 388 1752 Δῆλά
422 1688 535 1738 ἐστι
559 1687 626 1738 τὰ
652 1688 780 1756 παρ’
811 1687 947 1756 ἐμοῦ
973 1705 1054 1740 σοι
1083 1691 1532 1760 νομοθετηθέντα.
1565 1691 1819 1746 Βούλεται

237 1775 348 1846 γὰρ
377 1777 752 1846 ἐπιμελεῖσθαί
791 1796 850 1831 σε
878 1779 973 1832 τοῦ
1001 1781 1234 1844 δικαίου,
1264 1783 1354 1836 καὶ
1384 1785 1510 1854 περὶ
1534 1785 1624 1836 τὸν
1647 1783 1818 1847 πέλας

239 1865 380 1919 εἶναι
407 1867 808 1938 φιλάνθρωπον,
859 1872 954 1923 καὶ
1003 1873 1082 1934 είς
1129 1873 1343 1926 ἅπαντα
1403 1875 1700 1929 ὑπακούειν
1741 1875 1820 1946 τῷ
1851 1850 1891 1904 Β

239 1961 564 2030 πεποιηκότι
589 1959 730 2031 Θεῷ.
788 1962 975 2015 Ταυτὰ
1021 1963 1078 2016 δὲ
1111 1965 1204 2016 καὶ
1231 1965 1317 2017 διὰ
1353 1966 1594 2029 Μωσέως
1626 1969 1816 2036 ἐνομο-

238 2049 467 2120 θέτησεν
489 2067 501 2078 ο
545 2071 564 2102 ‹
611 2053 948 2123 Ἀγαπήσεις
981 2055 1184 2125 Κύριον
1213 2057 1303 2108 τὸν
1327 2056 1462 2110 Θεὸν
1487 2074 1578 2110 σου
1605 2058 1662 2125 ἐξ
1691 2059 1818 2128 ὅλης

236 2139 338 2207 τῆς
361 2139 588 2210 καρδίας
624 2159 738 2202 σου,
782 2144 877 2196 καὶ
926 2143 986 2208 ἐξ
1013 2143 1140 2214 ὅλης
1166 2146 1264 2214 τῆς
1291 2146 1471 2217 ψυχῆς
1497 2165 1614 2211 σου,
1642 2150 1736 2202 καὶ
1760 2149 1818 2216 ἐξ

236 2232 365 2304 ὅλης
418 2237 516 2304 τῆς
564 2236 802 2300 διανοίας
835 2255 950 2299 σου,
1003 2239 1096 2291 καὶ
1127 2239 1432 2310 ἀγαπήσεις
1471 2239 1562 2292 τὸν
1591 2239 1818 2311 πλησίον

240 2341 362 2390 σου,
408 2325 481 2389 ὡς
517 2330 758 2382 σεαυτόν.
810 2349 828 2380 ι
855 2329 1073 2384 Τούτων
1121 2333 1299 2384 τοίνυν
1350 2331 1456 2384 ὑπὸ
1487 2331 1582 2384 σοῦ
1636 2349 1816 2401 γιγνο-

241 2433 444 2484 μενων,

309 2526 374 2580 θ’.
415 2547 434 2578 ι
473 2530 627 2601 Φωνὴ
666 2532 872 2602 Κυρίου
898 2536 964 2604 τῇ
996 2533 1145 2586 πόλει
1192 2533 1618 2604 ἐπικληθήσεται
1645 2535 1688 2598 ⁸,
1723 2536 1816 2588 καὶ

239 2619 410 2673 σώσει
445 2623 812 2692 φοϐουμένους
836 2627 896 2678 τὸ
925 2627 1095 2695 ὄνομα
1126 2627 1310 2680 αὑτοῦ.
1345 2645 1362 2678 ›
1405 2627 1482 2678 Δι’
1506 2628 1684 2680 αὐτῶν
1709 2627 1818 2697 γὰρ

235 2711 349 2764 τῶν
413 2715 750 2784 πραγμάτων
814 2718 914 2786 τῆς
975 2717 1104 2788 παρ’
1160 2717 1322 2770 αὐτοῦ
1377 2719 1632 2788 προνοίας
1683 2717 1816 2772 ἀπο-

237 2803 518 2869 λαύοντες,
548 2805 727 2869 δόξετε
755 2808 974 2862 ἀκούειν
1005 2810 1098 2862 καὶ
1136 2809 1306 2878 αὐτῆς
1330 2808 1422 2862 τοῦ
1472 2808 1676 2880 Κυρίου
1717 2809 1817 2880 τῆς

243 2897 437 2966 φωνῆς
477 2899 808 2970 ποριζούσης
841 2900 968 2968 ὑμῖν
1000 2901 1100 2970 τὴν
1127 2900 1418 2969 σωτηρίαν.

313 3006 333 3038 ι
378 2989 600 3052 Ἄκουε,
627 2991 794 3060 φυλήο
822 2990 906 3053 τίς
922 2991 1189 3060 κοσμήσει
1215 2991 1366 3044 πόλιν
1389 3010 1402 3057 ;
1429 2991 1528 3058 (ι’.)
1560 2992 1651 3064 Μὴ
1683 2991 1814 3064 πῦρ,

238 3079 334 3132 καὶ
366 3075 518 3142 οἶκος
569 3081 772 3150 ἀνόμου
829 3080 1172 3151 Θησαυρίζων
1217 3083 1524 3154 θησαυροὺς
1561 3085 1812 3154 ἀνόμους,

1919 609 2014 650 ore
2043 595 2198 652 dixit.
2225 597 2445 667 Rejecto
2492 603 2635 655 enim
2667 604 2814 658 omni
2847 606 3243 660 sacriﬁciorum
3277 622 3490 676 genere,

1919 704 2042 743 cum
2079 689 2334 744 dixisset:
2368 709 2386 742 ι
2426 691 2542 746 Non
2575 695 2837 764 accipiam
2869 697 2935 752 de
2959 697 3120 752 domo
3149 707 3238 752 tua
3273 700 3490 761 vitulos,

1919 793 2096 850 neque
2142 783 2208 834 de
2262 783 2516 853 gregibus
2569 789 2677 842 tuis
2716 787 2940 844 hircos:
2975 805 3106 844 mea:
3156 791 3300 846 enim
3369 805 3496 846 sunt

1918 889 2110 929 omnes
2159 875 2288 931 ferae
2320 877 2578 932 silvarum
2613 889 2660 944 ι,
2703 900 2722 932 ι
2762 881 3002 952 adjecit:
3043 903 3061 934 ι
3099 883 3322 939 Immola
3383 883 3494 937 Deo

1920 965 2250 1022 sacriﬁcium
2283 967 2480 1035 laudis,
2523 977 2576 1024 et
2609 971 2776 1026 redde
2815 974 3094 1030 Altissimo
3128 984 3251 1030 vota
3275 983 3385 1028 tua.
3430 976 3494 1028 l-It

1920 1057 2114 1112 invoca
2155 1074 2240 1114 me
2291 1061 2379 1116 die
2429 1063 2800 1120 tribulationis
2843 1073 2967 1129 tum,
3021 1077 3072 1120 et
3109 1081 3294 1120 eruam
3331 1075 3404 1130 te,
3442 1079 3495 1119 et

1921 1149 2223 1206 celebrabis
2263 1167 2350 1207 me
2381 1165 2428 1208 ι.
2463 1172 2480 1204 ι
2513 1153 2580 1208 Et
2630 1155 2825 1210 iterum
2857 1176 2869 1210 :
2897 1177 2914 1209 ι
2963 1157 3230 1224 Quoniam
3261 1201 3276 1224 ,
3313 1159 3357 1215 si
3401 1176 3493 1211 vo-

1923 1243 2118 1299 luisses
2155 1243 2506 1310 sacriﬁcium,
2537 1247 2808 1305 dedissem
2863 1251 3050 1322 utique
3093 1271 3105 1306 :
3161 1252 3492 1308 holocaustis

1920 1351 2030 1390 non
2051 1337 2431 1394 delectaberis.
2467 1339 2806 1396 Sacrificium
2848 1341 2958 1399 Deo
2988 1343 3246 1415 (gratum)
3274 1345 3494 1414 spiritus

1921 1427 2212 1489 contritus,
2273 1445 2370 1484 cor
2411 1433 2707 1486 contritum
2749 1441 2802 1498 et
2831 1435 3177 1490 humiliatum
3211 1435 3353 1492 Deus
3385 1452 3491 1491 non

1919 1513 2182 1588 despiciet
2203 1520 2253 1574 δ.
2284 1539 2302 1570 ι
2331 1521 2532 1577 Eadem
2568 1540 2727 1592 porro
2757 1537 2810 1580 ct
2842 1527 2983 1596 apud
3038 1543 3230 1582 omnes
3259 1528 3493 1598 prophe—

1922 1620 2006 1664 tas
2041 1609 2310 1668 invenias.
2347 1611 2458 1668 Hoc
2493 1615 2662 1686 igitur
2687 1618 2847 1671 etiam
2875 1619 2993 1673 loco
3023 1619 3182 1676 dicit:
3210 1618 3493 1675 Manifesta

1921 1711 2050 1755 sunt
2096 1719 2216 1772 qua:
2269 1703 2364 1759 tibi
2416 1707 2668 1776 praecepi.
2707 1706 2987 1764 Justitiam
3043 1711 3186 1766 enim
3217 1719 3270 1766 te
3299 1727 3494 1766 curate

1922 1793 2066 1856 voio,
2114 1803 2168 1848 et
2227 1812 2354 1864 erga
2403 1798 2710 1864 proximum
2765 1799 3063 1856 humanum
3103 1817 3246 1867 esse,
3295 1811 3348 1857 et
3402 1818 3494 1871 per

1919 1885 2103 1940 omnia
2145 1887 2250 1942 Deo
2290 1887 2482 1943 fac-tori
2515 1893 2916 1960 obtemperare.
2953 1891 3078 1948 llaec
3105 1899 3285 1946 autem
3330 1893 3491 1948 etiam

1919 1991 2017 2048 per
2056 1977 2240 2034 Mosen
2271 1979 2441 2035 edixit
2475 1997 2486 2033 :
2523 2001 2542 2034 ι
2583 1982 2782 2050 Diliges
2811 1984 3101 2038 Dominum
3137 1983 3302 2040 Deum
3337 1992 3488 2038 tuum

1920 2077 2034 2122 toto
2064 2069 2226 2124 corde
2263 2080 2440 2137 luu,ct
2467 2079 2578 2128 tota
2605 2075 2788 2127 anima
2821 2082 3002 2141 tua,et
3030 2084 3143 2130 tota
3173 2083 3353 2130 mente
3380 2083 3492 2136 tua,

1918 2159 2190 2226 ct‘diliges
2221 2161 2526 2230 proximum
2579 2169 2730 2216 tuum
2773 2164 2914 2219 sicut
2967 2165 3198 2235 teipsttm
3225 2175 3272 2220 ο.
3317 2183 3336 2216 ι
3373 2163 3496 2218 [hcc

1921 2251 2084 2320 igitur
2112 2266 2232 2304 cum
2265 2267 2294 2305 a
2323 2257 2374 2306 te
2407 2253 2571 2309 ﬁent:

1989 2535 2154 2589 Vnus.
2194 2535 2246 2590 9.
2285 2555 2303 2587 ι
2348 2531 2456 2590 Vox
2485 2535 2704 2591 Domini
2732 2537 2938 2591 civitati
2969 2537 3224 2594 clamabit
3257 2555 3270 2591 :
3305 2545 3358 2591 et
3381 2539 3494 2592 sal-

1917 2627 2064 2679 vahit
2087 2625 2342 2680 timentes
2368 2641 2568 2681 nomen
2593 2628 2764 2697 ejus.»
2792 2627 2927 2682 Nam
2952 2629 3128 2697 reipsa
3155 2627 3493 2698 providentia

1918 2715 2093 2784 ipsius
2129 2715 2378 2782 recreati,
2409 2715 2624 2786 1509
2655 2717 2827 2788 ipsam
2853 2717 3016 2773 etiam
3049 2717 3264 2772 Domini
3304 2732 3492 2774 vocem

1919 2807 2109 2862 audire
2139 2807 2454 2862 videbimini
2478 2808 2710 2863 salutem
2743 2807 2896 2864 vobis
2927 2807 3348 2878 impertientem.

1993 3003 2011 3034 ι
2052 2981 2212 3046 Audi,
2248 2979 2448 3049 tribus,
2475 2987 2529 3035 et
2556 2981 2680 3051 quis
2709 2981 2927 3036 ornabit
2951 2979 3268 3036 civitatem?
3306 2979 3490 3051 (Vens.

1925 3075 2029 3147 l0.)
2057 3073 2312 3144 Nunquid
2345 3073 2508 3146 ignis,
2537 3080 2590 3128 et
2621 3073 2816 3130 domus
2848 3072 3019 3144 iniqui
3073 3073 3334 3143 colligens
3377 3073 3496 3128 tlte-

238 3171 336 3225 :cal.
390 3171 528 3240 μετὰ
595 3170 806 3242 ὕϐρεως
865 3171 1098 3238 ἀδικίας;
1139 3195 1157 3222 ι
1198 3173 1461 3245 Καθάπερ
1489 3175 1599 3245 γὰρ
1628 3175 1688 3227 οὐ
1721 3173 1811 3226 κό-

1927 3168 2364 3238 saurosiuiquos,
2392 3173 2594 3222 etcum
2619 3165 2816 3236 injuria
2839 3165 3162 3236 iniquitates
3189 3165 3212 3218 ?
3249 3185 3268 3218 ι
3297 3167 3496 3230 Quem-

240 3278 380 3331 σμον
411 3261 560 3314 πόλει
590 3263 650 3315 τὸ
678 3263 809 3333 πῦρ,
839 3263 954 3316 ἀλλ’
997 3265 1322 3334 ἐμπρησμὸν
1348 3265 1542 3334 ἐπάγει
1566 3265 1658 3318 καὶ
1700 3265 1816 3318 ὄλε-

237 3354 369 3422 Ορον
391 3373 404 3384 σ
440 3353 613 3418 οὕτως
651 3355 685 3424 ἡ
741 3354 832 3406 ἐπὶ
857 3355 952 3425 τὴν
987 3355 1199 3408 ἀδικίαν
1245 3357 1410 3426 ῥοπὴ,
1451 3356 1588 3426 μετὰ
1613 3356 1814 3428 θρασύ-

234 3461 403 3514 τητος
431 3445 726 3516 γιγνομένη
779 3446 871 3499 καὶ
911 3446 1142 3517 ὕϐρεως,
1176 3446 1420 3499 λωϐᾶται
1459 3449 1585 3512 τοὺς
1613 3465 1814 3521 κεχρη-

239 3535 465 3606 μένους.

316 3655 405 3710 ια⁹,
449 3649 536 3720 ιβ’.
583 3669 600 3700 ι
640 3652 702 3704 Εἰ
757 3651 1176 3717 δικαιωθήσεται
1233 3653 1288 3704 ἐν
1320 3651 1470 3720 ζυγῷ
1517 3651 1698 3714 ἄδικος
1732 3653 1798 3716 ¹⁰,

235 3740 336 3790 καὶ
397 3737 454 3790 ὲν
511 3741 812 3808 μαρτίππῳ
869 3741 1110 3808 στάομια
1185 3741 1364 3806 δόλου;
1414 3740 1502 3804 Ἐξ
1536 3740 1575 3771 ¹¹
1608 3733 1680 3794 ὧν
1725 3743 1816 3794 τὸν

236 3824 474 3876 πλοῦτον
512 3827 690 3879 αὐτῶν
753 3828 964 3890 ἀδικίας
1011 3829 1310 3898 ἐνέπλησαν
1353 3831 1426 3898 ηρ,
1457 3831 1550 3883 καὶ
1587 3833 1634 3882 oi
1679 3832 1818 3885 ὲνοι-

235 3915 468 3980 κοῦντες
501 3920 556 3970 ὲν
616 3917 760 3988 αὐτῷ
809 3919 1032 3972 ἐλάλουν
1093 3920 1262 3990 ψευδῆ
1295 3923 1358 3984 ⁸³,
1409 3923 1502 3976 καὶ
1535 3922 1568 3993 ἡ
1598 3922 1819 3991 γλῶσσα

235 4005 425 4059 αὐτῶν
460 4007 648 4076 ὑψώθη
699 4010 754 4060 ἐν
781 4009 856 4078 τῷ
890 4011 1116 4080 στόματι
1146 4013 1341 4066 αὐτῶν.
1387 4031 1404 4064 ι
1445 4013 1586 4084 Πρὸς
1611 4018 1676 4086 τῇ
1712 4014 1818 4086 γὰρ

235 4096 469 4168 ἀσεϐείᾳ
525 4099 618 4152 καὶ
673 4102 1009 4171 παρανομίᾳ,
1065 4103 1308 4172 ἐτόλμων
1355 4097 1429 4157 ὧν
1486 4105 1689 4175 ἀρτίως
1719 4105 1818 4176 τὴν

237 4190 586 4260 κατηγορίαν
610 4193 904 4263 ἐποιήσατο
926 4205 939 4220 ’
973 4192 1211 4262 στάομια
1245 4195 1342 4264 μὲν
1371 4195 1532 4248 ἄδικα
1564 4195 1658 4246 καὶ
1683 4194 1819 4263 ζυγὰ

238 4282 596 4352 κεκτημένοι,
631 4283 694 4335 ἐκ
763 4283 1079 4350 πλεονεξίας
1131 4284 1188 4338 δὲ
1228 4285 1320 4338 τὸν
1360 4285 1588 4338 πλοῦτον
1637 4285 1822 4338 συλλέ-

238 4389 454 4440 γοντες,
490 4372 707 4442 ψευδέσι
759 4374 813 4426 δὲ
843 4374 1020 4444 λόγοις
1049 4377 1148 4445 τὴν
1182 4374 1428 4444 γλῶτταν
1471 4374 1814 4446 μολύνοντες.

235 4464 449 4516 Τούτου
483 4465 660 4534 χάριν,
692 4465 878 4534 φησιν,
921 4465 1094 4536 ἀρχὴν
1127 4467 1224 4535 τῆς
1255 4465 1394 4519 κατὰ
1426 4465 1520 4519 σοῦ
1551 4465 1820 4535 τιμωρίας

1920 3262 2210 3318 admodum
2259 3259 2406 3314 enim
2463 3259 2603 3331 ignis
2645 3259 2764 3312 urbi
2813 3275 2924 3314 non
2972 3265 3250 3322 ornatum,
3281 3257 3374 3312 sed
3406 3260 3492 3311 in-

1920 3353 2172 3409 cendium
2215 3351 2372 3406 affert
2423 3360 2478 3407 et
2533 3351 2875 3422 perniciem:
2925 3350 3007 3406 sic
3053 3349 3121 3403 ad
3175 3350 3492 3420 iniustitiam

1920 3442 2240 3514 proclivitas
2291 3457 2414 3495 cum
2469 3441 2696 3495 audacia
2745 3440 3036 3511 conjuncta
3063 3448 3116 3494 et
3143 3441 3494 3503 contumelia,

1919 3536 2177 3588 damnum
2205 3542 2354 3588 creat
2387 3533 2688 3588 utentibus.

1988 3645 2148 3701 Vens.
2197 3647 2284 3712 11,
2331 3646 2418 3698 12.
2449 3665 2468 3698 ι
2509 3648 2592 3698 An
2640 3645 3034 3715 justiticabitur
3067 3645 3122 3700 in
3152 3650 3356 3700 statera
3387 3643 3496 3698 ini-

1918 3755 2082 3808 quus,
2105 3747 2158 3792 et
2195 3737 2282 3792 cui
2309 3737 2362 3791 in
2394 3738 2615 3792 sacculo
2643 3746 2774 3791 sunt
2821 3737 3063 3806 pondera
3101 3734 3496 3792 fraudulenta?

1919 3832 2128 3898 Quibus
2151 3831 2371 3886 divitias
2399 3829 2694 3900 impietatis
2719 3843 2832 3882 suae
2865 3829 3212 3897 repleverunt
3237 3848 3249 3883 :
3293 3835 3348 3883 et
3400 3827 3496 3897 qui

1918 3923 2166 3976 habitant
2207 3923 2259 3974 in
2295 3924 2310 3942 ‘
2362 3935 2448 3982 ea,
2481 3919 2647 3974 locuti
2692 3924 2820 3973 sunt
2871 3917 3178 3983 mendacia,
3229 3928 3283 3974 et
3315 3917 3498 3988 lingua

1917 4029 2105 4068 eorum
2155 4013 2388 4068 exaltata
2428 4019 2512 4066 est
2566 4009 2620 4064 in
2677 4025 2770 4064 ore
2823 4024 3035 4064 eorum.
3077 4029 3096 4060 ι
3135 4008 3268 4064 Nam
3304 4017 3498 4080 praeter

1919 4106 2250 4176 impietatem
2291 4112 2346 4157 et
2394 4101 2764 4171 iniquitatem,
2812 4099 3225 4154 committebant
3267 4115 3330 4154 ea
3375 4115 3496 4167 qua:

1920 4205 2045 4251 ante
2075 4194 2390 4249 damnavit:
2444 4199 2677 4246 stateras
2705 4197 2755 4244 et
2795 4189 3035 4258 pondera
3092 4189 3276 4257 iniqua
3311 4189 3494 4257 possi-

1921 4287 2132 4350 dentes,
2169 4284 2390 4338 divitias
2449 4297 2542 4350 per
2593 4280 2774 4336 scelus
2836 4287 3252 4348 congregantes,
3310 4279 3495 4333 verbis

1922 4373 2274 4430 mendacibus
2341 4372 2578 4441 linguam
2641 4369 3008 4438 inquinantes.
3070 4367 3216 4440 [15]
3290 4370 3485 4434 Quam-

1921 4469 2127 4531 obrem,
2177 4465 2376 4534 inquit,
2429 4463 2506 4516 tui
2561 4461 2860 4529 ulciscendi
2915 4463 3130 4516 initiutn
3186 4461 3406 4528 faciam,
3443 4476 3488 4514 et

235 4555 566 4626 ποιήσομαι,
593 4557 682 4608 καὶ
715 4556 866 4622 δίκας
904 4575 960 4610 σε
1009 4558 1106 4628 τῆς
1145 4557 1488 4628 παρανομίας
1529 4558 1816 4628 εἰσπράξο-

1927 4559 1989 4614 de
2034 4555 2416 4625 iniquitatibus
2471 4552 2580 4606 tuis
2627 4566 2819 4621 poenas
2869 4559 3130 4614 repetam,
3179 4551 3496 4620 crebrisque

241 4663 368 4716 μαι,
395 4647 488 4698 καὶ
523 4649 692 4718 συχνά
715 4665 794 4700 σοι
825 4649 915 4702 καὶ
945 4649 1220 4722 ἐπάλληλα
1254 4648 1439 4715 ἐπάξω
1467 4650 1630 4704 κακά.
1651 4651 1693 4702 Τ
1695 4648 1820 4704 οῦτο

234 4737 353 4808 γὰρ
387 4731 506 4790 εἷπε
531 4753 544 4766 ’

315 4851 398 4904 ιδ’.
437 4870 456 4901 ι
494 4851 565 4904 Σὺ
593 4851 849 4920 φάγεσαι,
885 4852 979 4904 καὶ
1017 4852 1076 4905 οὐ
1106 4855 1181 4924 μὴ
1223 4853 1562 4924 ἐμπλησοῇς.
1593 4874 1612 4908 ι
1651 4859 1819 4927 Περιυ

237 4938 396 4992 ϐαλῶ
429 4941 487 4994 δέ
509 4959 568 4994 σε
607 4941 682 5012 τῷ
712 4940 857 5012 ζόφῳ
876 4942 984 4995 τῶν
1021 4944 1335 5015 συμφορῶν,
1369 4946 1466 4998 καὶ
1510 4951 1654 5017 φυγῇ
1685 4965 1821 5018 χρη-

238 5029 482 5097 σάμενος
523 5031 623 5082 οὐκ
654 5031 1018 5104 ἀπαλλαγὴσῃ
1053 5032 1160 5088 τῶν
1196 5034 1596 5106 πολεμούντων.
1633 5055 1652 5088 ι
1709 5039 1823 5090 Ἐκ-

237 5123 458 5183 νεύσεις
488 5121 531 5153 ¹¹⁵
569 5123 698 5193 γὰρ,
735 5124 890 5193 φησὶ,
920 5125 1016 5178 καὶ
1048 5125 1106 5177 οὐ
1144 5125 1216 5197 μὴ
1247 5125 1537 5198 διασωθῇς,
1575 5130 1669 5184 καὶ
1709 5130 1821 5184 ὅσοι

237 5211 340 5266 ἐὰν
372 5213 412 5245 ³⁵
429 5213 784 5281 διασωθῶσιν,
813 5217 870 5268 ὲν
912 5217 1156 5287 ῥομφαίᾳ
1191 5216 1234 5247 ¹⁶
1266 5218 1750 5291 παραδοθήσονται.
1795 5241 1813 5272 ι

322 5379 343 5405 ι
379 5368 520 5422 rsu.
555 5383 704 5436 xm,
728 5369 781 5432 9,
816 5368 901 5422 to.
977 5381 1002 5408 ι
1027 5368 1158 5424 ibid.
1188 5367 1275 5435 tt,
1309 5367 1396 5426 is.

1477 5370 1503 5409 ι’
1535 5371 1675 5428 Psal.
1712 5389 1762 5435 L,
1798 5371 1997 5436 18,19.

1922 4659 1976 4704 et
2001 4647 2274 4704 continuis
2299 4645 2458 4700 malis
2487 4651 2539 4698 te
2563 4642 2874 4697 cumulabo.
2917 4639 3029 4696 lloc
3067 4641 3212 4708 enim
3244 4647 3328 4696 est
3349 4645 3492 4712 quod

1923 4741 2031 4794 ait:

1994 4855 2155 4908 Vsus.
2193 4850 2278 4904 14.
2317 4868 2336 4901 ι
2369 4848 2448 4902 Tu
2487 4847 2760 4911 comedes,
2794 4855 2850 4900 et
2900 4861 3010 4900 non
3069 4844 3426 4900 saturaberis.
3471 4865 3487 4897 ι

1921 4945 2186 5000 Tenebris
2215 4949 2394 4996 autem
2433 4939 2780 4993 miseriarum
2826 4950 2877 4992 te
2926 4936 3240 5008 implicabo,
3272 4949 3327 4995 et
3371 4941 3494 4996 licet

1929 5037 2069 5107 fugae
2117 5043 2170 5090 te
2218 5030 2454 5095 dederis,
2497 5029 2680 5083 hostes
2715 5043 2822 5082 non
2873 5030 3090 5084 evades.
3129 5050 3148 5082 ι
3190 5031 3494 5087 Deelinabis

1925 5127 2094 5190 enim,
2128 5123 2324 5192 inquit,
2351 5130 2538 5176 etnon
2575 5119 2895 5184 salvaheris,
2929 5133 2984 5177 et
3030 5123 3344 5194 quicunque
3385 5127 3493 5180 sal-

1926 5219 2034 5274 vati
2066 5217 2302 5280 fuerint,
2329 5213 2510 5286 gladio
2553 5211 2888 5270 tradentur.’
2932 5213 3046 5289 [l5]
3083 5216 3194 5271 Imo
3272 5217 3489 5272 etiamsi

2077 5382 2099 5408 ε
2137 5368 2290 5423 Deut.
2313 5383 2386 5430 v1,
2417 5369 2480 5437 5';
2515 5375 2644 5430 coll.
2677 5371 2842 5428 Marc.
2879 5388 2980 5440 xu,
3011 5371 3101 5437 50,
3135 5373 3220 5428 51.

1480 5529 1710 5585 VARIA‘Z
1747 5530 2041 5587 LECTION
2049 5533 2148 5587 ES.

343 5641 364 5672 "
395 5660 528 5712 μακ.
571 5641 612 5696 C
652 5657 839 5712 prtem.
883 5643 998 5697 τοῦ.

1081 5645 1102 5676 3
1129 5645 1212 5716 δρ.
1248 5645 1445 5716 Supra,
1487 5657 1524 5700 t.
1562 5646 1602 5712 1,
1646 5664 1700 5716 p.
1743 5647 1866 5711 927,
1899 5647 2088 5716 ἀγροῦ.

2197 5649 2216 5679 υ
2244 5649 2280 5720 Α
2309 5647 2656 5720 κληθήσεται.
2749 5651 2790 5680 ²⁰
2823 5649 2906 5720 ἄῌδ.
2947 5649 2988 5700 Α
3013 5648 3240 5720 *ἄνομοᾳ
3337 5644 3374 5675 ¹¹
3411 5645 3490 5710 ἐξ.

248 5711 694 5790 ρηυιιιηξςαίᾎῌ
753 5714 796 5744 ¹⁸
901 5711 1444 5790 άσείῑείαςέπλησαν.
1503 5719 1544 5750 ’³
1585 5719 1628 5772 Α
1650 5711 2154 5787 ’ἐ).άλησαν’ἆδικα.
2227 5717 2268 5750 ί*
2298 5711 2440 5772 Ἐκν.
2469 5711 2552 5773 Ἰιτι
2587 5735 2804 5790 quoque
2829 5717 2902 5784 C,
2935 5717 3026 5773 sed
3065 5711 3300 5771 A'habet
3337 5731 3495 5770 κατα·

247 5783 414 5854 λήψῃ.
523 5783 564 5813 ¹⁵
599 5783 638 5834 Α
666 5783 750 5838 ἄν.
830 5784 871 5815 ¹⁶
903 5784 943 5838 Α
970 5787 1048 5848 είς
1079 5783 1370 5854 ῥομφαίαν.
