3904 6202
251 364 376 430 1731

1430 365 1511 424 ΙΝ
1552 365 1875 424 ΜΙΟΗιΕίΕ
1907 364 2064 426 CAP.
2101 368 2230 427 VlI.

3343 371 3477 433 1762

244 479 337 544 τῆς
384 471 705 545 κηδεστρίας
758 472 1167 543 ἐπιμελεῖσθαν
1205 474 1429 527 ,πάντων
1463 471 1573 528 οἷον
1616 478 1673 529 ἐν
1699 475 1812 528 δια-

1929 493 2104 535 )mnes
2130 478 2297 534 veluti
2341 481 2395 532 in
2443 479 2676 535 dissidio
2733 481 2971 550 quodam
3002 481 3137 548 sint,
3174 482 3287 537 alio
3308 484 3475 537 alium

238 566 431 619 στάσει
458 566 565 618 τινὶ
587 563 946 632 γιγνομένων,
977 564 1070 616 καὶ
1108 563 1350 634 ἀλλήλων
1389 564 1805 635 ὑπερορώντων,

241 656 335 709 καὶ
395 655 549 724 μόλις
593 654 692 723 τῆς
742 654 950 718 οἰκείας
1009 655 1281 726 σωτηρίας
1319 657 1805 728 προμηθουμένων.

254 749 394 802 Ἀλλ’
418 749 614 800 ἐκεῖνοι
650 747 750 820 μὲν
783 749 839 800 ἐν
865 747 1074 810 τούτοις
1126 748 1338 801 ἔσονται
1368 764 1380 777 ⁸
1412 747 1520 817 ἐγὼ
1546 748 1625 813 δὲ,
1645 750 1810 822 φησιν

240 845 269 894 ὁ
301 840 615 912 προφήτης.

312 951 380 1016 ζ’.
421 967 442 993 ι
503 952 591 1003 Ἐν
624 951 701 1020 τῷ
727 951 913 1021 Κυρίῳ
941 950 1300 1022 ἐπισλέψομαι
1338 953 1406 1015 ⁸³,
1439 954 1694 1024 ὑπομενῶ
1720 954 1812 1007 ἐπὶ

236 1040 320 1111 ,δῷ
347 1047 469 1111 bat?
481 1035 562 1104 τῷ
574 1038 1001 1111 Σωτήρίυέμουδ
1018 1044 1127 1097 Καὶ
1152 1044 1385 1112 δεικνὺς,
1415 1042 1524 1108 οἶος
1545 1045 1646 1116 τῆς
1679 1048 1813 1099 ὕπο-

246 1133 418 1202 μονῆς
446 1134 476 1186 ὁ
498 1131 730 1205 καρπὸς,
785 1149 804 1183 ι
845 1133 1237 1187 Ἐπακούσεταί
1270 1154 1392 1206 μου,
1417 1137 1603 1207 φησὶν,
1628 1139 1656 1190 ὁ
1683 1137 1813 1202 Θεός

246 1239 371 1289 μου.
414 1242 432 1274 ι
458 1222 615 1276 Οὕτω
645 1221 834 1290 σαφῶς
849 1221 1066 1288 διδάξας
1098 1224 1198 1294 τῆς
1243 1227 1322 1288 είς
1347 1225 1480 1280 Θεὸν
1506 1226 1723 1290 ἐλπίδος
1754 1227 1815 1281 τὺ

243 1310 457 1380 κέρδος,
486 1313 587 1381 τῆς
625 1310 977 1381 Ἰερουσαλὴμ
1002 1311 1372 1383 ἀναλαμϐάνει
1409 1316 1469 1368 τὺ
1505 1316 1813 1386 πρόσωπον,

242 1401 339 1454 καὶ
366 1401 504 1470 πρὸς
530 1400 628 1472 τὴν
645 1402 948 1471 Ἰδουμαίαν
964 1406 1196 1457 ποιεῖται
1221 1406 1345 1469 τοὺς
1374 1406 1587 1475 λόγους,
1615 1409 1815 1479 ἐχθρὰν

243 1489 413 1544 οὖσαν
441 1490 531 1543 ἀεὶ
558 1491 651 1543 καὶ
681 1491 967 1560 πολεμίαν.

317 1610 389 1674 η’.
429 1623 447 1656 ι
485 1604 576 1675 Μὴ
641 1605 889 1674 ἐπίχαιρέ
936 1623 1047 1675 μοι,
1099 1607 1132 1677 ἡ
1176 1606 1346 1678 ἐχθρά
1381 1625 1506 1679 μου,
1567 1610 1648 1662 ὅτι
1719 1610 1819 1663 πέ-

247 1713 460 1749 πτωκα.
499 1715 518 1747 ι
582 1697 977 1767 ’Δναστήσομαι
1032 1698 1139 1769 γὰρ
1188 1700 1287 1770 τῆς
1334 1701 1481 1765 θείας
1521 1702 1818 1757 ἀπολαύου-

1908 571 2271 640 despiciente,
2309 572 2470 626 etvix
2502 572 2779 642 propriam
2828 572 3060 628 salutem
3117 582 3471 643 procurante.

1909 661 1977 715 Et
2003 662 2081 715 illi
2113 662 2338 732 quidem
2366 665 2451 719 sic
2481 662 2663 721 aﬂ‘ccti
2686 673 2849 719 erunt
2889 683 2902 720 :
2935 681 3037 737 ego
3075 673 3276 734 autem,
3305 667 3479 738 inquit

1909 755 2174 825 propheta
2209 774 2223 807 :

1987 953 2156 1009 Vsus.
2182 955 2234 1009 7.
2274 972 2291 1005 ι
2332 953 2390 1008 In
2444 954 2733 1009 Dominum
2797 956 3041 1010 intentus
3097 972 3193 1011 ero
3227 976 3240 1010 :
3284 971 3479 1026 exspe-

1912 1042 2076 1097 ctabo
2136 1041 2304 1097 Deum
2359 1044 2691 1099 salvatorem
2738 1060 2943 1100 meum.
2987 1065 3005 1096 ›
3044 1044 3108 1099 Et
3159 1047 3477 1113 ostendens,

1914 1136 2040 1204 quis
2067 1135 2142 1189 sit
2165 1135 2598 1205 exspectationis
2628 1136 2865 1204 fructus,
2904 1157 2922 1189 ι
2963 1137 3248 1202 Exaudiet,
3280 1139 3479 1209 inquit,

1913 1243 2000 1283 me
2026 1228 2168 1284 Deus
2194 1244 2371 1284 meus.
2405 1248 2424 1282 ι
2447 1228 2747 1300 Postquam
2774 1232 2838 1285 ad
2871 1232 3015 1285 hunc
3046 1220 3268 1286 modum
3297 1242 3482 1301 aperte

1914 1319 2108 1374 docuit
2139 1321 2252 1390 spei
2287 1321 2341 1375 in
2381 1320 2547 1377 Deum
2583 1324 2775 1392 posita
2807 1323 3053 1388 lucrum,
3093 1323 3482 1396 Hierosolyma:

1915 1424 2210 1480 personam
2235 1411 2434 1477 induit,
2464 1421 2517 1468 et
2552 1413 2620 1469 ad
2648 1412 2941 1469 Idumaeam
2976 1416 3142 1471 verba
3178 1415 3326 1478 facit,
3363 1431 3484 1486 quae

1916 1501 2143 1556 inimica
2176 1517 2389 1572 semper
2419 1511 2473 1558 et
2510 1502 2689 1559 hostis
2721 1511 2860 1559 erat.

1985 1608 2155 1665 Vens.
2192 1611 2244 1666 8.
2278 1630 2297 1663 ‹
2326 1610 2404 1668 Ne
2446 1612 2680 1669 insultes
2713 1614 2866 1679 mihi,
2916 1616 3141 1670 inimica
3175 1632 3315 1680 mea,
3355 1619 3482 1686 quia

1917 1701 2111 1755 cecidi.
2154 1721 2171 1754 ι
2215 1702 2424 1772 1512
2476 1702 2773 1775 Resurgam
2799 1705 2943 1759 enim
2983 1707 3168 1761 divina
3199 1710 3486 1762 curatione

249 1807 316 1842 σα
371 1787 731 1859 κηδεμονίας·
773 1790 933 1853 αὐτὸς
983 1791 1090 1862 γὰρ
1137 1792 1229 1844 καὶ
1274 1793 1332 1845 ἐν
1384 1794 1560 1863 σκότῳ
1603 1793 1816 1862 διαγού⁶

1929 1793 2199 1847 sublevata
2239 1812 2250 1847 :
2300 1794 2418 1863 ipse
2477 1796 2625 1849 enim
2672 1796 2835 1849 etiam
2899 1796 2952 1851 in
3002 1798 3248 1854 tenebris
3304 1800 3485 1868 agenti

250 1896 318 1955 σῃ
363 1880 463 1949 τὴν
503 1880 707 1933 οἰκείαν
752 1880 946 1952 αἴγλην
981 1882 1224 1954 παρέξει.
1264 1883 1375 1937 Νῦν
1398 1884 1454 1937 δέ
1503 1885 1671 1954 ὀργὴν
1707 1888 1817 1939 Κυ-

252 1971 367 2038 ρίου
420 1968 658 2033 ὑποίσω,
689 1970 770 2023 ὃτι
818 1971 1065 2042 ἥμαρτον
1104 1971 1253 2043 αὐτῷ
1277 1990 1292 2003 ·
1326 1972 1443 2025 οῖδα
1475 1973 1583 2044 γὰρ
1616 1975 1714 2044 τῆς
1739 1992 1820 2027 τι·-

254 2057 464 2137 μωρίας
504 2058 563 2112 τὸ
602 2059 841 2125 δίκαιον,
878 2062 958 2124 είς
987 2061 1048 2117 τὸ
1085 2060 1314 2132 μέγεθος
1369 2063 1690 2117 ἀποϐλέπων
1719 2066 1819 2134 τῆς

248 2150 550 2223 ἁμαρτίας.
587 2150 865 2220 Ἀναμένω
889 2151 947 2203 δέ
983 2152 1133 2222 ὅμως
1179 2152 1277 2222 τὴν
1307 2153 1517 2207 δικαίαν
1544 2154 1684 2207 κατὰ
1711 2154 1820 2208 τῶν

247 2242 675 2312 πολεμησάντων
703 2244 749 2275 ²⁵
779 2243 981 2314 κρίσιν.
1009 2245 1073 2296 El
1103 2242 1212 2316 γὰρ
1239 2245 1334 2298 καὶ
1360 2244 1469 2313 ἐγὼ
1490 2245 1635 2309 δίκας
1668 2245 1822 2300 ἔτισα

250 2333 394 2402 ὑπὲρ
428 2325 502 2384 ὧν
526 2330 946 2402 ἐπλημμελησα,
982 2331 1095 2385 ἀλλ’
1122 2334 1320 2388 ἐκεῖνοι
1341 2334 1512 2406 ἀδίκῳ
1545 2334 1664 2388 κατ’
1687 2333 1820 2405 ἐμοῦ

249 2424 555 2493 ἐχρήσαντο
596 2424 810 2494 γνώμῃ.
881 2423 1094 2495 Ταυτὴν
1157 2424 1268 2494 ἔχει
1316 2426 1415 2496 τὴν
1471 2426 1678 2480 ἔννοιαν
1728 2428 1818 2492 τὸ,

256 2531 275 2562 ι
314 2512 463 2575 Ἕως
481 2510 547 2565 ἂν
581 2513 626 2544 ³⁸
663 2513 930 2584 δικαιώσῃ
958 2512 1055 2582 τὴν
1083 2514 1240 2584 δίκην
1274 2531 1397 2583 μου,
1434 2515 1528 2568 καὶ
1559 2517 1759 2586 ποιήσῃ
1775 2514 1822 2547 ²⁷

252 2603 313 2655 το
348 2603 526 2673 κρῖμα
561 2619 682 2673 μου,
711 2602 806 2655 καὶ⁹
836 2602 1001 2673 ἐξάξῃ
1045 2621 1111 2673 με
1145 2607 1223 2666 είς
1242 2605 1301 2657 τὸ
1331 2605 1467 2673 φῶς,
1498 2607 1593 2658 καὶ
1624 2606 1670 2638 ’³
1698 2606 1825 2674 ὅψο-

255 2712 352 2766 μαι
384 2696 485 2763 τὴν
522 2693 870 2765 δικαιοσύνην
911 2694 1098 2749 αὐτοῦ.
1140 2713 1159 2746 ι
1206 2695 1345 2748 Ὑπὸ
1373 2695 1473 2766 μὲν
1514 2695 1624 2768 γὰρ
1658 2695 1821 2750 αὑτοῦ

257 2786 663 2859 κατακέκριμαι
715 2786 937 2849 δικαίως
956 2803 970 2818 ο
999 2786 1140 2840 κατά
1176 2786 1231 2840 δέ
1264 2787 1487 2841 ἐκείνων
1516 2787 1622 2859 ἔχω
1641 2788 1824 2841 δίκαια

252 2879 568 2951 πάμπολλα,
598 2878 691 2932 καὶ⁸
718 2878 906 2933 τούτου
941 2877 1102 2949 χάριν
1127 2878 1224 2949 τὴν
1252 2878 1401 2932 θείαν
1430 2878 1612 2948 ψῆφον
1646 2893 1823 2950 προσ-

257 2971 409 3043 μενῶ
429 2988 444 3002 ·
471 2971 601 3026 ὅταν
631 2970 688 3024 δέ
739 2970 940 3040 ταύτην
967 2968 1336 3039 ἐξενεχθεῖσαν
1388 2969 1691 3040 θεάσωμαι,
1730 2970 1825 3021 καὶ

253 3061 352 3131 τῆς
376 3060 600 3114 ἐκείνων
637 3057 876 3120 δουλείας
902 3059 1199 3129 ἀπαλλαγῶ
1216 3099 1232 3124 ,

1923 1884 2100 1938 lucem
2158 1900 2312 1938 suam
2353 1887 2614 1954 porriget.
2681 1885 2759 1958 [9]
2800 1886 2957 1943 Nunc
3017 1905 3145 1943 vero
3200 1890 3337 1944 iram
3392 1890 3487 1945 Dei

1921 1973 2228 2037 sustinebo,
2259 1973 2388 2043 quia
2453 1974 2676 2042 peccavi
2745 1986 2937 2029 contra
3000 1990 3125 2032 eum
3160 1995 3172 2030 :
3212 1991 3490 2046 cognosco

1919 2064 2071 2116 enim
2125 2063 2359 2119 ultionis
2390 2064 2731 2134 aequitatem,
2790 2065 3008 2135 peccati
3054 2065 3486 2138 magnitudinem

1919 2154 2307 2209 considerans.
2361 2153 2570 2209 Tamen
2625 2164 2887 2225 exspecto
2942 2155 3157 2225 justum
3215 2158 3488 2227 judicium

1922 2243 2189 2299 adversus
2241 2260 2361 2311 eos,
2408 2247 2503 2314 qui
2552 2243 2758 2300 bellum
2810 2247 3142 2303 intulerunt.
3184 2248 3299 2303 Etsi
3339 2250 3488 2303 enim

1923 2349 2022 2405 ego
2046 2348 2239 2404 poenas
2275 2335 2516 2405 persolvi
2547 2335 2615 2391 de
2642 2337 2730 2392 his
2756 2352 2880 2406 qua:
2931 2337 3161 2408 deliqui,
3207 2349 3386 2394 tamen
3414 2340 3492 2394 illi

1923 2424 2128 2494 iniusta
2161 2433 2357 2479 contra
2413 2440 2500 2480 me
2528 2425 2651 2481 usi‘
2683 2437 2811 2482 sunt
2871 2427 3177 2485 voluntate.
3228 2426 3492 2485 Eumdem

1923 2530 2144 2570 sensum
2185 2515 2349 2569 habet
2404 2516 2554 2585 quod
2584 2516 2858 2587 sequitur.
2909 2536 2929 2570 ι
2985 2518 3171 2574 Donec
3224 2520 3495 2589 justiticet

1923 2619 2148 2659 causam
2184 2621 2382 2670 meam,
2422 2614 2476 2659 et
2513 2606 2676 2660 faciat
2705 2607 2981 2675 judicium
3036 2625 3239 2675 meum,
3268 2616 3321 2662 et
3359 2610 3496 2662 edu-

1924 2705 2015 2750 cat
2046 2711 2129 2751 me
2154 2697 2207 2749 in
2241 2696 2444 2761 lucem,
2485 2704 2541 2751 et
2572 2697 2787 2751 videam
2809 2697 3084 2767 justitiam
3110 2699 3251 2767 ejus.
3285 2718 3302 2750 ι
3337 2696 3494 2755 Juste

1925 2787 2145 2858 quidem
2181 2788 2251 2843 ab
2294 2804 2360 2843 eo
2399 2786 2768 2842 condemnata
2810 2803 2931 2843 sum
2974 2807 2988 2844 :
3024 2796 3080 2842 at
3118 2797 3315 2844 contra
3368 2789 3494 2844 illos

1920 2879 2047 2950 jura
2072 2878 2248 2933 habeo
2279 2877 2571 2948 permulta,
2604 2884 2659 2933 et
2702 2879 2823 2935 ideo
2870 2878 3114 2937 divinam
3161 2879 3492 2936 sententiam

1925 2970 2301 3041 exspectabo:
2336 2969 2563 3040 quando
2613 2976 2797 3024 autem
2854 2970 2997 3025 hanc
3054 2970 3218 3023 latam
3274 2968 3497 3032 videbo,

1927 3067 1994 3118 ab
2021 3062 2239 3116 illorum
2273 3075 2492 3132 quoque
2523 3061 2786 3117 servitute
2826 3060 3056 3116 liberata
3089 3076 3229 3117 ero:

317 3172 383 3225 ι’.
421 3191 439 3223 ι
489 3170 715 3240 Ὂψεται
762 3170 795 3239 ἠ
841 3170 1023 3242 ἐχθρά.
1076 3186 1200 3241 μου,
1246 3170 1342 3225 καὶ
1388 3169 1618 3240 καλύψει
1658 3169 1822 3245 αὐτὴν

2001 3169 2167 3225 Vsus.
2207 3168 2294 3224 16.
2338 3186 2357 3219 ‹
2404 3167 2617 3229 Videbit
2644 3168 2864 3227 inimica
2898 3186 3017 3225 mea
3049 3170 3177 3241 (me)
3210 3178 3264 3243 et
3283 3171 3497 3240 operiet

253 3262 486 3334 αἰσχύνη
514 3263 582 3325 ’³,
638 3263 670 3332 ὴ
718 3261 949 3328 λέγουσα
997 3260 1135 3332 πρός
1188 3277 1253 3331 με
1281 3260 1358 3292 ³³·
1396 3260 1502 3313 Ποῦ
1539 3263 1686 3314 ἐστιν
1714 3260 1755 3293 ⁸¹
1796 3263 1824 3314 ὁ

253 3355 392 3416 Θεός
426 3369 562 3419 σου;
604 3372 623 3405 ›
655 3353 733 3406 Οὐ
771 3352 930 3422 μόνον
959 3352 1015 3405 δέ
1046 3351 1184 3421 αὕτη
1227 3352 1417 3422 ὄψεταί
1466 3370 1567 3424 μου
1610 3354 1708 3422 τὴν
1739 3354 1827 3406 εὐ·-

254 3444 517 3515 ημερίαν,
547 3444 641 3508 κα),
665 3443 757 3495 τοῦ
792 3441 926 3494 Θεοῦ
959 3460 1060 3512 μου
1087 3442 1183 3514 τὴν
1213 3441 1462 3513 δύναμιν,
1490 3442 1610 3496 καθ’
1641 3438 1701 3498 οὗ
1730 3442 1826 3513 τὴν

258 3534 507 3601 γλῶσσαν
538 3531 818 3609 ἐξέτεινεν.
850 3531 983 3584 ἀλλά
1021 3531 1116 3586 καὶ
1164 3531 1273 3600 ἐγὼ
1298 3532 1395 3604 τὴν
1428 3533 1595 3601 αὐτῆς
1626 3533 1826 3603 ὄψομαι

255 3625 617 3697 δυσπραξίαν.

335 3736 356 3770 ι
385 3718 446 3770 Οἱ
501 3715 765 3786 ὀφθαλμοί
827 3732 925 3784 μου
974 3714 1082 3786 γὰρ
1131 3715 1419 3785 ἐπόψονται
1478 3716 1683 3787 αὑτήνυ
1732 3713 1827 3775 νῦν

257 3808 415 3862 ἔσται
461 3809 539 3870 είς
595 3805 984 3876 καταπάτημα,
1037 3805 1111 3869 ὡς
1164 3806 1333 3877 πηλὸς
1381 3808 1437 3858 ἐν
1496 3810 1615 3870 ταῖς
1666 3807 1824 3868 ὁδοῖς.

258 3895 403 3970 (ια’.)
436 3896 650 3968 Ἡμέρα
668 3897 892 3966 ἀλοιφῆς
916 3895 1157 3962 πλίνθου,
1178 3896 1449 3967 ἐξάλειψίς
1475 3915 1567 3950 σου
1595 3898 1626 3967 ἡ
1649 3896 1830 3967 ἡμέρα

257 3987 445 4058 ἐκείνη
468 4004 479 4015 ’
506 3988 600 4040 καὶ
635 3988 678 4019 ³¹
710 3986 987 4041 ἀπώσεται
1022 3987 1229 4058 νόμιμά
1258 4007 1372 4043 σου.
1421 3990 1508 4042 Ἐν
1550 3992 1613 4060 τῇ
1646 3989 1829 4059 ἡμέρᾳ

254 4078 446 4149 ἐκείνῃ
473 4077 520 4111 ³³
546 4079 639 4131 καὶ
659 4079 713 4130 αί
745 4077 921 4140 πόλεις
956 4095 1047 4130 σου
1081 4079 1304 4149 ἥξουσιν
1331 4081 1411 4142 είς
1442 4080 1825 4150 συγκλεισμὸν,

257 4170 356 4223 καὶ
395 4168 441 4202 ³⁵
465 4170 544 4233 εἰς
566 4168 926 4240 διαμερισμὸν
961 4170 1278 4240 Ἀσσυρίων.
1326 4191 1344 4222 ι
1376 4171 1641 4240 Καθάπερ
1662 4171 1770 4243 γὰρ
1802 4173 1830 4225 ὁ

255 4261 351 4327 είς
370 4259 596 4329 ἀλοιφὴν
628 4260 719 4312 καὶ
750 4259 954 4329 χρίσμα
997 4258 1103 4311 τῶν
1152 4259 1389 4311 πλίνθων
1423 4259 1830 4324 κατασκευαζό-

262 4367 425 4422 μενος
444 4351 630 4421 πηλὸς,
658 4349 856 4422 θύραζε
883 4349 1071 4421 ριπτού
1080 4367 1259 4420 μενος,
1281 4350 1385 4402 ὑπὸ
1401 4350 1506 4404 τῶν
1529 4351 1830 4421 παριόντων

256 4443 521 4499 ἁπάντων
575 4444 989 4508 καταπατεῖται,
1045 4441 1186 4495 ὥστε
1239 4443 1319 4504 είς
1349 4442 1467 4495 δέον
1490 4442 1586 4504 τὰς
1624 4441 1830 4510 βώλους

1925 3277 2044 3318 eam
2105 3262 2381 3328 confusio,
2445 3278 2567 3336 qua:
2620 3262 2753 3317 dicit
2793 3263 2858 3318 ad
2895 3279 2982 3318 me
3012 3281 3023 3318 :
3058 3263 3164 3321 Ubi
3221 3272 3308 3317 est
3342 3262 3495 3316 Deus

1928 3356 2088 3410 tuus?
2125 3374 2143 3407 ι
2178 3353 2514 3412 Nonsolum
2548 3363 2731 3413 autem
2765 3355 2973 3410 videbit
3012 3355 3131 3425 ipsa
3167 3370 3342 3409 meam
3366 3370 3495 3423 pro-

1927 3448 2268 3516 speritatem,
2308 3453 2362 3501 et
2397 3445 2495 3501 Dei
2526 3446 2628 3505 mei
2672 3446 2860 3511 robur,
2890 3447 2943 3500 in
2986 3461 3147 3515 quem
3198 3446 3492 3502 maledicta

1927 3537 2185 3605 conjeeit,
2212 3536 2309 3593 sed
2343 3544 2398 3592 et
2433 3553 2534 3608 ego.
2565 3538 2765 3594 videbo
2803 3537 2925 3609 ejus
2953 3537 3349 3593 calamitatem.

2006 3733 2024 3766 ι
2061 3715 2220 3770 Oculi
2259 3716 2404 3770 enim
2457 3716 2566 3770 mei
2610 3714 2878 3770 videbunt
2914 3728 3062 3780 eam,
3101 3730 3249 3769 nunc
3281 3711 3390 3766 erit
3440 3711 3493 3764 in

1931 3806 2438 3874 conculcationcm,
2495 3807 2641 3863 sicut
2675 3808 2850 3861 lutum
2884 3807 2939 3860 in
2978 3807 3106 3860 viis.
3162 3804 3351 3877 (Vens.
3383 3805 3494 3873 ll.)

1931 3895 2060 3952 Dies
2097 3895 2274 3951 litum
2309 3896 2524 3966 lateris,
2543 3896 2748 3952 deletio
2775 3904 2866 3949 tua
2899 3895 3020 3949 dies
3062 3895 3153 3948 ille
3189 3912 3202 3949 :
3234 3903 3288 3948 et
3320 3893 3497 3963 repel-

1932 3986 2005 4041 let
2038 3986 2276 4057 legitima
2318 3996 2439 4047 tua.
2479 3985 2577 4041 Die
2617 3986 2710 4040 illo
2738 3995 2792 4041 et
2842 3984 3010 4039 urbes
3049 3992 3157 4039 tuae
3190 3983 3410 4038 venient
3444 3982 3496 4036 in

1933 4078 2376 4147 conclusionem,
2434 4086 2487 4134 et
2538 4079 2593 4133 in
2654 4078 2979 4133 divisionem
3042 4076 3417 4145 Assyriorum.
3478 4093 3495 4124 ν

1932 4171 2405 4237 Quemadmodum
2452 4170 2596 4225 enim
2655 4171 2852 4234 lutum,
2890 4167 2958 4220 ad
2992 4165 3283 4219 illinendos
3320 4171 3374 4218 et
3399 4165 3498 4216 tin-

1934 4260 2141 4328 gendos
2200 4262 2400 4314 lateres
2460 4265 2859 4328 comparatum,
2908 4254 3058 4308 foras
3086 4254 3394 4322 projectum
3429 4250 3497 4303 ab

1933 4352 2195 4405 omnibus
2268 4349 2727 4419 praetereuntibus
2780 4346 3163 4411 conculcatur,
3206 4354 3264 4397 ut
3303 4344 3496 4413 gleba,

1938 4442 2082 4496 sicut
2129 4456 2266 4510 opus
2331 4440 2519 4506 fuerit,
2583 4439 2792 4509 1513
2840 4437 3066 4493 dissolvi
3124 4438 3333 4507 possint
3366 4454 3384 4490 :-
3418 4434 3498 4489 sic

254 4531 621 4602 διαλυθῆναι·
676 4529 845 4594 οὕτως
903 4530 1001 4601 ἔσῃ
1047 4529 1331 4601 πρόχειρος
1391 4530 1561 4583 ἅπασι
1602 4532 1696 4584 καὶ
1738 4531 1822 4583 εὑ-

1935 4533 2189 4601 exposita
2238 4531 2359 4589 eris,
2382 4528 2660 4595 omnibus,
2705 4538 2758 4585 et
2787 4536 2948 4598 captu
2985 4527 3188 4591 facilis,
3222 4528 3290 4583 ab
3319 4526 3498 4581 omni-

257 4623 489 4686 ἀλωτος,
512 4623 617 4676 ὑπὸ
643 4622 858 4675 πάντων
886 4622 996 4673 τῶν
1029 4623 1318 4693 περιοίκων
1343 4623 1706 4694 ἀναιρουμένη
1733 4622 1827 4676 καὶ

259 4713 601 4784 πατουμένη.
630 4713 759 4766 Τότε.
811 4729 902 4764 σου
967 4714 1062 4765 ml.
1105 4715 1152 4767 οἱ
1210 4714 1512 4784 παράνομοι
1546 4715 1701 4785 νόμοι
1731 4716 1831 4788 λή-

256 4805 454 4873 ψονται
489 4802 681 4873 πέρας,
711 4805 800 4856 καὶ
842 4804 897 4855 αί
929 4804 1110 4867 πόλεις
1143 4804 1466 4874 ὑπομενοῦσι
1493 4804 1826 4876 πολιορκίαν·

253 4896 418 4949 τοῦτο
476 4895 584 4966 γὰρ
638 4896 859 4948 ἐκάλεσε
918 4899 1358 4965 συγκλεισμόν·
1407 4897 1496 4949 καὶ
1547 4897 1656 4949 τῶν
1694 4901 1828 4950 ἐνοι-

258 4985 501 5040 κούντων
542 4987 600 5038 τὸ
627 4986 828 5054 πλῆθος
879 4986 983 5039 ὑπὸ
1013 4986 1120 5037 τῶν
1156 4987 1426 5056 πολεμίων
1455 4987 1827 5058 διαιρούμενον

256 5075 533 5129 δουλεύειν
561 5075 1056 5143 ἀναγκασθήσεται.
1096 5075 1310 5143 Ἐπειδὴ
1364 5074 1419 5126 δὲ
1466 5074 1560 5129 καὶ
1589 5077 1643 5126 at
1673 5074 1828 5127 ἄλλαι

257 5164 532 5235 περίοικοι
562 5164 744 5227 πόλεις
772 5168 895 5227 ταῖς
926 5165 1191 5219 Ἰουδαίων
1211 5166 1466 5236 ἐφήδοντο
1500 5166 1826 5235 συμφοραῖς,

258 5256 575 5325 ἀναγκαίως
624 5257 717 5309 καὶ
763 5255 963 5327 Τύρου,
999 5257 1092 5309 καὶ
1141 5257 1358 5326 Συρίας,
1383 5258 1475 5311 καὶ
1508 5256 1614 5310 τῶν
1655 5257 1828 5309 ἄλλων

1938 4623 2040 4679 bus
2069 4622 2265 4677 vicinis
2287 4622 2573 4677 destructa
2595 4628 2650 4676 et
2676 4621 3017 4675 conculcata.
3049 4617 3163 4691 [12]
3188 4619 3325 4673 Tum
3355 4619 3501 4686 leges

1888 4702 1895 4708 ’
1938 4727 2044 4770 ture
2090 4715 2295 4783 iniquae
2346 4712 2508 4767 linem
2561 4712 2854 4783 accipient,
2885 4720 2939 4766 et
2987 4711 3154 4766 urbes
3208 4710 3499 4765 obsidione

1935 4809 2292 4873 prementur;
2328 4803 2472 4856 hanc
2514 4800 2659 4856 enim
2711 4786 2927 4854 vocavit
2979 4799 3366 4853 conclusionem
3397 4814 3414 4850 :
3446 4805 3502 4853 et

1937 4884 2241 4947 multitudo
2266 4892 2634 4946 habitantium
2672 4890 2742 4945 ab
2778 4889 3031 4943 hostibus
3067 4888 3329 4956 dissipata
3386 4904 3503 4943 ser-

1941 4985 2056 5039 vire
2088 4992 2336 5054 cogetur.
2362 4982 2499 5048 Quia
2530 4992 2707 5036 autem
2737 4981 2856 5034 alia:
2881 4994 3099 5050 quoque
3116 4981 3309 5037 vicinae
3337 4980 3500 5035 urbes

1935 5077 2005 5130 ob
2067 5074 2385 5130 Iudaeorum
2446 5073 2791 5128 calamitates
2849 5071 3186 5144 gaudebant,
3250 5072 3498 5141 apposite

1936 5164 2064 5235 Tyri
2095 5172 2149 5219 et
2188 5164 2380 5235 Syriae,
2417 5171 2471 5218 et
2521 5163 2753 5216 aliarum
2814 5163 3038 5219 urbium
3085 5163 3357 5223 meminit,
3408 5174 3499 5212 va-

1936 5264 2203 5310 statarum
2234 5256 2302 5310 ab
2327 5254 2572 5326 Assyriis
2595 5261 2648 5309 et
2672 5253 2985 5326 Babyloniis
3015 5274 3028 5311 :
3059 5263 3113 5315 et
3138 5266 3385 5327 quaenam
3408 5250 3498 5324 ba:

1550 5409 1779 5464 VARI/143
1821 5408 2220 5466 LECTIONES.

350 5525 396 5556 ”
426 5527 516 5579 ἐπ.
560 5523 602 5576 Α
633 5522 1050 5577 ἁποσκοπεύσω.

261 5670 305 5702 ³¹
326 5670 495 5721 ἐστιν.
514 5666 551 5717 Α
569 5665 788 5732 Κύριος.

263 5740 465 5812 posito.
542 5733 587 5768 "'
612 5730 692 5797 είς
727 5730 921 5799 συγκλ-
954 5731 1066 5786 καί.
1095 5731 1215 5786 Des.
1246 5734 1298 5785 in
1336 5736 1396 5784 A.

1127 5522 1169 5593 ’ξ
1200 5524 1340 5576 Σωτ.
1375 5525 1414 5573 Α
1458 5538 1644 5591 praem.
1676 5522 1787 5593 τῷ.
1862 5523 1908 5553 ³⁸
1944 5523 2062 5576 πολ.
2096 5523 2136 5576 C
2168 5521 2348 5593 addit,
2385 5539 2493 5591 μοι,

259 5597 459 5653 deinde
501 5592 700 5660 ἐξάξει.
773 5592 819 5623 ⁸⁸
853 5591 964 5645 καί.
1000 5594 1120 5646 Des.
1151 5592 1202 5645 in
1241 5593 1304 5646 A.
1380 5594 1427 5623 ³⁸
1459 5594 1580 5645 καλ.
1628 5591 1749 5646 αύτζ
1778 5593 1923 5661 αίσχ.
1973 5594 2010 5644 Α
2049 5592 2421 5661 περιϐαλεῖται
2476 5592 2753 5661 αἰσχύνην.

2572 5522 2617 5553 ’⁸
2646 5522 2729 5576 ἄν.
2764 5522 2809 5573 Α
2842 5539 2923 5576 ου.
2998 5520 3041 5550 ³⁷
3077 5520 3121 5569 Α
3162 5518 3396 5586 ποιήσει,
3445 5523 3498 5586 et

2835 5592 2878 5621 ³⁰
2912 5606 3005 5657 πρ.
3050 5605 3137 5656 με.
3171 5585 3394 5657 ΔΟιξεέηίι]
3423 5585 3496 5657 Α.

893 5662 936 5692 ³¹
961 5663 1056 5732 καὶ
1077 5689 1146 5732 -τ-
1189 5663 1385 5728 Ἀσσυρ
1447 5661 1571 5718 Des.
1606 5664 1658 5716 in
1688 5663 1747 5716 (Ι.
1827 5654 1949 5717 33"A
1981 5664 2014 5728 ἡ
2040 5654 2219 5732 ἡμέρα
2251 5662 2454 5731 ἐκείνη,
2482 5654 2816 5731 puncto-non
2850 5658 2914 5713 ad
2948 5654 3063 5731 σου,
3090 5654 3185 5711 sed
3225 5656 3292 5710 ad
3317 5655 3502 5724 ἐκείνη
