3904 6202
285 369 418 434 ι’ῑϐὅ

1496 369 1578 427 ΙΝ
1616 368 1942 428 ΜΙΟΙΙΕίΕ
1989 372 2148 434 CAP.
2180 377 2311 436 VII.

3407 389 3540 452 1786

281 476 467 544 μάτων
502 471 659 536 ἀξίας
681 489 692 500 ·
729 471 838 524 ἀλλ’
871 472 995 526 ὅταν
1048 473 1342 540 παιδεύσας
1377 479 1579 548 μικρὰν
1613 479 1839 550 μεταμέ·

1955 487 2093 543 catis
2121 488 2311 561 dignas
2348 509 2362 546 :
2396 491 2490 548 sed
2515 492 2606 548 ubi
2632 493 2994 565 castigatione
3017 495 3261 552 adhibita
3285 499 3539 570 exiguam

277 566 424 618 λειαν
457 565 590 635 ἴδῃς,
629 566 874 636 παρορᾷς
903 565 968 618 τὰ
1001 567 1338 648 ἐτεταισμένα
1363 611 1378 635 ,
1411 571 1760 642 ύπερϐαίνεις
1789 573 1857 626 τὰ

278 656 630 726 ἠσεϐημένα·
679 657 813 726 ὅπερ
867 655 931 726 δὴ
958 658 1050 709 καὶ
1097 657 1191 711 νῦν
1225 662 1305 721 εἰς
1338 660 1429 714 τὸν
1485 661 1574 716 σὸν
1617 663 1858 732 εἰργάσω

275 751 422 804 λαόν.
465 770 482 798 ι
511 749 584 802 υὺ
613 748 866 820 συνέσχεν
885 748 928 782 ⁸⁸
951 750 1030 812 εἰς
1057 751 1356 822 μαρτύριον
1379 752 1546 824 ὀργὴν
1566 753 1751 816 αὑτοῦ,
1775 757 1856 808 ὅτι

275 841 507 913 θελητὴς
539 840 721 904 ἐλέους
751 835 916 894 ἐστίν.
952 861 969 892 ι
1013 841 1182 895 Τοῦτο
1211 841 1354 896 ἔοικε
1385 844 1462 914 τῷ
1495 845 1598 899 ὑπὸ
1626 842 1719 900 τοῦ
1750 865 1854 918 μα-

273 933 468 1002 καρίου
496 931 662 985 Δαϐὶδ
697 932 973 1003 εἰρημένῳ
997 949 1009 962 ·
1051 953 1068 984 ί
1091 935 1204 988 υὺκ
1239 935 1318 998 εἰς
1351 935 1502 999 τέλος
1535 937 1858 1009 ὀργισθήσεο

271 1043 382 1089 ται,
413 1025 536 1078 οὔτε
571 1027 652 1088 εἰς
680 1025 768 1078 τὸν
797 1024 966 1078 αἰῶνα
997 1029 1213 1096 μηνιεῖ·
1261 1028 1322 1080 ού
1364 1027 1506 1082 κατὰ
1543 1029 1642 1094 τὰς
1676 1031 1853 1102 ἁμαρ-

270 1115 393 1179 τίας
423 1115 580 1186 ήμῶν
628 1115 882 1184 ἐποίησεν
921 1117 1077 1184 ἡμῖν,
1134 1116 1256 1170 οὐδὲ
1304 1117 1443 1172 κατὰ
1489 1117 1588 1182 τὰς
1625 1119 1852 1189 ἀνομίας

271 1207 432 1278 ἡμῶν
465 1206 843 1260 άνταπέδωκεν
892 1207 1038 1277 ἡμῖν.
1071 1226 1090 1258 ι
1146 1201 1254 1261 Καὶ
1285 1211 1312 1260 6
1355 1207 1640 1273 θεσπέσιος
1671 1211 1851 1264 τοίνυν

271 1299 516 1368 Μιχαίας
543 1297 660 1369 βοᾷ,
677 1298 760 1350 ὅτι
827 1297 936 1370 Τὴν
965 1299 1134 1369 ὀργὴν
1159 1300 1258 1352 οὐκ
1287 1299 1550 1367 ἐφύλαξεν
1578 1303 1672 1355 ἐπὶ
1696 1301 1850 1356 πλεῖ-

271 1406 394 1441 στον
431 1391 512 1451 εἰς
545 1388 762 1457 ἔλεγχον
791 1389 882 1442 καί
911 1390 1214 1460 μαρτυρίαν
1242 1391 1338 1460 τῆς
1372 1393 1464 1444 τοῦ
1495 1391 1624 1446 λαοῦ
1671 1411 1851 1464 παρα-

269 1480 486 1548 νομίας,
521 1479 634 1534 ἀλλ’
667 1481 802 1548 ἐλέῳ
838 1481 1118 1550 χρώμενος
1151 1483 1490 1552 ἐπιστρέψει.

342 1572 426 1627 ιϐ’.
475 1591 492 1624 ι
527 1573 898 1642 Ἑπιστρέψει,
948 1574 1041 1626 καὶ
1074 1571 1406 1646 οἰκτειρήσει
1455 1571 1622 1648 ἡμᾶς,
1677 1595 1846 1632 κατα-

265 1661 418 1716 δύσει
470 1662 568 1725 τὰς
617 1663 890 1734 ἁμαρτίας
923 1663 1101 1734 ἡμῶν,
1139 1667 1233 1718 καὶ
1269 1667 1736 1739 ἁπορῤιφήσονται
1765 1672 1846 1733 εἰς

264 1755 335 1806 τὰ
370 1755 508 1824 βάθη
546 1755 646 1825 τῆς
679 1755 951 1826 θαλάσσης
978 1759 1145 1811 πᾶσαι
1177 1761 1232 1812 αἰ
1263 1760 1528 1831 ἁμαρτίαι
1548 1761 1594 1792 ⁸⁸
1615 1761 1790 1832 ἡμῶν.
1821 1782 1837 1815 ι

265 1845 490 1910 Τούτοις
519 1847 874 1918 παραπλήσια
904 1849 998 1902 καὶ
1043 1849 1203 1912 αὐτὸς
1236 1852 1264 1903 6
1293 1850 1400 1904 τῶν
1433 1853 1568 1906 ὅλων
1595 1853 1726 1916 Θεὸς
1753 1852 1842 1908 διὰ
1875 1831 1917 1886 Β

275 1935 502 1992 Ἡσαΐου
549 1937 643 1991 τοῦ
683 1940 963 2010 προφήτου
1005 1939 1136 2010 βοᾷ”
1190 1959 1208 1992 ι
1245 1941 1387 2010 Ἐγὼ
1417 1945 1550 2014 εἰμι,
1587 1944 1697 2012 ἐγώ
1727 1946 1840 2016 εἰμι

262 2031 428 2094 αὐτὸς
454 2032 482 2083 6
514 2029 808 2100 ἑξαλείφων
836 2031 932 2097 τὰς
964 2032 1194 2103 ἀνομίας
1233 2051 1348 2098 σου,
1383 2037 1477 2088 καὶ
1505 2039 1565 2089 οὐ
1597 2037 1670 2109 μὴ
1705 2055 1840 2110 μνη-

263 2121 379 2174 σθῶ
404 2121 510 2176 τῶν
539 2122 764 2176 ἀδικιῶν
798 2139 914 2178 σου.
945 2142 964 2174 ι
1003 2124 1173 2176 Τοῦτο
1204 2125 1314 2198 γὰρ
1339 2125 1402 2198 δὴ
1432 2127 1492 2180 τὸ
1514 2129 1837 2200 παράδοξον,

257 2213 343 2265 ὅτι
369 2213 430 2264 οὐ
457 2213 617 2282 μόνον
644 2214 888 2282 ἀφίησιν,
920 2215 1056 2267 ἀλλὰ
1079 2215 1292 2286 καὶτῆς
1323 2219 1542 2288 μνήμης
1567 2219 1836 2286 ἐκϐάλλει,

258 2305 357 2358 καὶ
383 2300 498 2358 οἶόν
524 2322 630 2358 τινι
663 2305 809 2374 βυθῷ
853 2307 1188 2378 παραδίδωσι
1213 2309 1278 2377 τῇ
1321 2307 1478 2381 λήθῃ.
1528 2310 1698 2362 Ίόὖτο
1731 2311 1840 2382 γὰρ

259 2395 592 2467 παραδηλῶν
622 2397 716 2449 καὶ
747 2400 776 2450 6
823 2399 1092 2471 μακάριος
1137 2400 1240 2470 ἔφη
1277 2400 1516 2470 Μιχαίας
1539 2418 1553 2432 ·
1607 2421 1626 2455 ι
1655 2403 1841 2456 Κατα-

255 2485 410 2540 δύσει
441 2486 538 2550 τὰς
583 2481 856 2557 ἁμαρτίας
890 2490 1068 2560 ἡμῶν,
1114 2491 1209 2544 καὶ
1247 2491 1714 2563 ἀπορῤιφήσονται
1760 2495 1840 2557 εἰς

254 2573 330 2628 τὰ
373 2574 511 2645 βάθη
540 2575 639 2646 τῆς
670 2575 946 2647 θαλάσσης
987 2580 1156 2632 πᾶσαι
1200 2581 1254 2633 αἱ
1291 2580 1554 2650 ἁμαρτίαι
1600 2583 1782 2652 ἡμῶν.
1813 2602 1832 2635 ›

257 2664 476 2736 Ὠσπερ
508 2666 616 2738 γὰρ
659 2663 720 2720 τὸ
763 2669 842 2731 είς
886 2669 977 2720 τὸν
1024 2669 1182 2738 βυθὸν
1214 2669 1313 2740 τῆς
1343 2669 1612 2741 θαλάττης
1651 2671 1838 2741 βαλλό-

257 2774 446 2826 μενον,
477 2757 680 2826 ἀφανές
708 2758 822 2814 ὲστι
852 2759 1127 2825 παντελῶς
1166 2777 1180 2791 ·
1235 2759 1396 2828 οὕτω,
1429 2762 1581 2834 φησί,
1619 2765 1712 2818 καὶ
1741 2767 1839 2830 τὰς

253 2849 535 2919 ἁμαρτίας
567 2849 724 2920 ἡμῶν
769 2849 905 2922 λήθῃ
940 2852 1194 2905 παντελεί
1226 2853 1561 2924 παραδώσει,
1605 2855 1694 2910 διὰ
1741 2857 1839 2922 τὰς

253 2937 397 3007 πρὸς
425 2938 552 3003 τοὺς
572 2940 868 3010 ἡμετέρους
894 2941 1192 3013 προγόνους
1220 2943 1508 3014 συνθήκας.
1545 2947 1654 3000 Καὶ
1682 2932 1840 3002 τοῦτο

248 3029 432 3100 δηλῶν
458 3028 701 3100 ἐπήγαγε
721 3049 733 3062 ο
1665 3091 1674 3100 _

337 3121 408 3176 κ’.
473 3142 490 3175 ι
533 3121 736 3187 Δὼσεις
785 3123 1042 3194 ἀλήθειαν
1060 3126 1104 3156 ⁵⁷
1159 3123 1234 3196 τῷ
1296 3127 1509 3194 Ἰακὼϐ,
1568 3130 1714 3184 ἔλεον
1759 3131 1836 3203 τῷ

261 3211 538 3286 Ἀϐραὰμ,
560 3214 809 3285 καθάπερ
831 3213 1052 3286 ῶμοσας
1083 3219 1190 3281 τοῖς
1222 3219 1493 3290 πατράσιν
1521 3219 1675 3292 ἡμῶν
1695 3221 1836 3275 κατὰ

243 3307 350 3368 τὰς
381 3305 592 3375 ἡμέρας
623 3304 720 3368 τὰς
754 3303 1085 3376 ἔμπροσθεν.
1124 3326 1142 3358 ι
1184 3307 1340 3362 Οὕτω
1373 3311 1468 3363 καὶ
1499 3313 1526 3364 6
1568 3311 1834 3383 μακάριος

244 3396 400 3462 λέγει
447 3396 652 3464 Δαϐίδ;
703 3415 722 3446 ι
763 3393 1038 3469 Ἐμνήσθη
1087 3401 1166 3462 εἰς
1215 3399 1305 3453 τὸν
1353 3401 1526 3455 αἰῶνα
1571 3403 1836 3474 διαθήκης

244 3487 670 3556 αὑτοῦοῆλὸγου
722 3480 782 3540 οὗ
819 3489 1120 3543 ἐνετείλατο
1165 3492 1244 3554 εἰς
1295 3491 1472 3560 χιλίας
1511 3493 1725 3560 γενεὰς,
1774 3495 1834 3550 δν

243 3577 461 3632 διέθετο
483 3579 558 3648 τῷ
596 3579 864 3650 Ἀϐρααμ,
891 3577 984 3634 καὶ
1009 3580 1100 3633 τοῦ
1125 3583 1286 3653 ὅρκου
1314 3584 1478 3636 αὑτοῦ
1505 3585 1582 3655 τῷ
1614 3586 1798 3641 Ἰσαάκ
1819 3604 1830 3617 ’

243 3669 346 3722 καὶ
376 3667 598 3736 ἔστησεν
620 3667 788 3738 αὐτὴν
814 3671 890 3740 τῷ
923 3669 1117 3722 Ἰακὼϐ
1143 3671 1221 3734 είς
1251 3674 1600 3744 πρόσταγμα,
1637 3677 1730 3729 καὶ
1756 3677 1834 3749 τῷ

257 3758 484 3830 Ἰσραὴλ
513 3761 593 3822 εἰς
611 3760 878 3830 διαθήκην
903 3761 1138 3816 αἰώνιον.
1173 3782 1190 3813 ι
1235 3765 1346 3827 Τὰς
1375 3766 1472 3835 μὲν
1485 3763 1586 3821 ὀὖν
1608 3768 1833 3824 ἐκείνων

245 3854 530 3924 ἁμαρτίας
575 3856 653 3916 εἰς
687 3855 775 3908 τὸν
815 3857 916 3926 τῆς
963 3857 1234 3929 θαλάττης
1285 3860 1446 3931 βυθὸν
1489 3863 1518 3915 6
1557 3864 1831 3935 Δεσπότης

243 3945 525 4016 ἀπέρριψε
549 3963 562 3975 ·
613 3946 710 4009 τὰς
742 3947 797 4002 δὲ
827 3949 1100 4020 ἡμετέρας
1137 3955 1215 4016 εἰς
1241 3951 1338 4024 τὴν
1367 3954 1518 4022 ἱερὰν
1549 3957 1644 4009 καὶ
1683 3958 1834 4010 θείαν

245 4036 524 4106 ἐξαλείφει
548 4037 954 4110 κολυμϐήθραν,
981 4035 1050 4114 ἦς
1075 4042 1106 4112 ἡ
1145 4043 1382 4114 Ἐρυθρὰ
1405 4045 1669 4112 θάλασσα,
1691 4048 1834 4102 κατὰ

239 4129 343 4182 τὸν
375 4129 516 4182 θεῖον
551 4131 895 4195 Ἀπόστολον,
923 4135 1213 4205 γεγένηται
1239 4137 1428 4201 τύπος,
1461 4139 1526 4208 ἣν
1553 4139 1774 4193 διελθὼν
1805 4141 1833 4193 6

241 4220 397 4284 λαδς,
421 4223 518 4290 τῆς
548 4221 826 4290 Αἰγύπτου
853 4223 1146 4294 ἀπηλλάγη
1170 4225 1433 4290 δουλείας.
1467 4231 1602 4282 Κατ’
1627 4232 1832 4284 ἐκεῖνον

240 4313 346 4364 καὶ
379 4313 536 4390 ἡμεῖς
566 4312 656 4366 τὸν
684 4313 872 4376 τύπον,
895 4315 983 4367 διὰ
1006 4317 1106 4384 τῆς
1139 4316 1302 4383 ἁγίας
1330 4317 1713 4389 κολυμϐήθρας
1733 4323 1832 4390 τῆς

241 4402 347 4456 τοῦ
381 4404 626 4458 διαϐόλου
661 4407 972 4477 τυραννίδος
999 4407 1456 4480 ὲλευθερούμενοι,
1488 4409 1588 4480 τῆς
1627 4411 1833 4474 οἰκείας

245 4496 530 4564 σωτηρίας
584 4499 994 4568 φροντίσωμεν·
1061 4499 1322 4569 διηνεκῶς
1383 4501 1476 4553 τὸν
1536 4501 1831 4572 εὐεργέτην

242 4583 569 4654 ὑμνοῦντες,
622 4589 714 4640 καὶ
757 4592 867 4652 τοῖς
915 4591 1123 4642 ἐκείνου
1159 4591 1342 4660 νόμοις
1392 4591 1830 4658 ἀκολουθοῦντες,

243 4675 350 4729 καὶ
375 4675 472 4746 τὴν
498 4679 604 4732 ἀπὸ
631 4679 737 4731 τῶν
769 4679 940 4748 ἁγίων
965 4683 1336 4754 τετριμμένην
1367 4683 1589 4752 πορείαν
1616 4685 1827 4738 ὁδεύονο

242 4786 340 4830 τες
361 4784 372 4795 ·
405 4769 490 4822 ἵνα
523 4771 618 4823 σὺν
645 4771 826 4834 αὐτοῖς
856 4773 936 4834 εἰς
962 4773 1022 4824 τὸ
1048 4774 1250 4842 ἀγαθὸν
1274 4776 1369 4845 τῆς
1393 4775 1512 4828 ὀδοῦ
1535 4776 1829 4846 φθάσωμεν

239 4859 425 4922 τέλος,
471 4861 652 4932 χάριτι
704 4864 796 4914 καὶ
851 4864 1226 4937 φιλανθρωπίᾳ
1276 4867 1369 4919 τοῦ
1421 4869 1626 4937 Κυρίου
1675 4864 1829 4939 ἡμῶν

258 4954 438 5022 Ἰησοῦ
485 4956 747 5026 Χριστοῦ,
786 4957 903 5024 μεθ’
951 4949 1010 5008 οὗ
1051 4957 1128 5028 τῷ
1167 4959 1339 5026 Πατρὶ
1371 4959 1402 5027 ἡ
1444 4957 1589 5022 δόξα,
1623 4959 1718 5014 σὺν
1754 4962 1831 5030 τῷ

244 5048 393 5114 ἁγίῳ
423 5046 720 5116 Πνεύμαῖι,
745 5045 839 5104 νῦν
861 5048 952 5098 καὶ
976 5049 1079 5108 ἀεὶ,
1113 5047 1206 5100 καὶ
1231 5049 1310 5110 είς
1338 5049 1462 5110 τοὺς
1499 5049 1699 5112 αἰῶνας
1725 5051 1829 5112 τῶν

242 5139 484 5192 αἰώνων.
527 5139 720 5207 Ἀμήν.

1055 5231 1082 5243 λ

320 5315 346 5354 d
381 5315 528 5370 Psal.
557 5330 652 5382 cu,
683 5317 735 5382 9,
778 5317 861 5372 10.
945 5329 966 5355 ο
999 5317 1102 5370 lsa.
1135 5331 1286 5384 mu,
1317 5316 1407 5371 25.

1491 5315 1509 5356 ί
1546 5315 1691 5372 Psal.
1727 5331 1837 5385 CIV,
1863 5317 2022 5374 8-10.

1963 581 2130 636 animi
2192 586 2550 642 mulationem
2622 587 2846 654 videris,
2907 588 3226 646 dissimulas
3291 602 3534 662 peccata,

1961 674 2210 740 prazteris
2241 675 2596 746 impietates;
2643 679 2792 749 quod
2831 696 2964 736 sane
3018 681 3222 751 populo
3253 689 3348 735 tuo
3391 677 3538 739 nunc

1959 765 2122 820 etiam
2195 770 2516 838 praestitisti.
2589 763 2766 826 cNon
2833 775 3007 828 tenuit
3041 773 3097 828 in
3162 775 3535 830 testimonium

1957 855 2092 910 iram
2125 874 2301 925 suam,
2338 863 2466 932 quia
2513 864 2626 918 vult
2675 865 3108 920 misericordias.
3150 885 3168 919 ι
3211 867 3328 922 Hoc
3357 867 3540 923 simile

1953 959 2039 1006 est
2091 950 2240 1006 dicto
2267 952 2488 1010 Davidis
2525 975 2537 1010 :
2586 973 2603 1004 ι
2661 953 2780 1009 Non
2817 957 2869 1009 in
2911 965 3231 1028 perpetuum
3265 959 3538 1012 irascetur

1953 1059 2134 1114 neque
2165 1044 2218 1099 in
2274 1055 2538 1101 aeternum
2589 1047 2964 1118 indignabitur
3005 1065 3018 1100 :
3070 1063 3180 1103 non
3229 1049 3534 1104 secundum

1953 1143 2176 1206 peccata
2229 1145 2415 1192 nostra
2445 1137 2575 1194 fecit
2604 1139 2798 1204 nobis,
2841 1155 3020 1210 neque
3075 1141 3376 1196 secundum
3426 1140 3536 1196 ini-

1951 1227 2192 1296 quitates
2230 1235 2450 1284 nostras
2482 1231 2733 1286 retribuit
2763 1231 2984 1290 nobisd.
3007 1231 3310 1288 »Μίιίιὺίιὶε
3365 1233 3534 1304 igitur

1950 1319 2204 1375 Miclmas
2233 1321 2474 1386 claniatf:
2507 1321 2643 1376 Iram
2695 1339 2802 1377 non
2846 1323 3156 1379 diutissime
3195 1325 3434 1380 servavit
3473 1323 3529 1378 in

1949 1411 2392 1482 redargutionem
2427 1422 2482 1469 et
2513 1415 2884 1469 testimonium
2942 1415 3252 1487 iniquitatis
3319 1416 3526 1486 populi,

1948 1505 2042 1560 sed
2062 1505 2444 1560 misericordia
2488 1515 2646 1562 utens
2673 1514 3002 1562 revertetur.

2017 1591 2188 1655 Vens.
2225 1599 2312 1656 i9.
2355 1620 2374 1654 ι
2425 1591 2771 1665 Revertetur',
2808 1605 2862 1654 et
2883 1601 3231 1656 miserebitur
3265 1600 3438 1654 nostri
3463 1639 3480 1662 ,
3509 1599 3529 1620 ⁴’

1946 1685 2224 1759 demerget
2281 1701 2504 1760 peccata
2560 1699 2748 1744 nostra
2776 1731 2791 1756 ,
2828 1699 2880 1744 et
2911 1691 3276 1760 projicieutur
3307 1689 3359 1742 in
3398 1702 3526 1758 pro-

1949 1781 2176 1836 fuudum
2231 1785 2402 1836 maris
2436 1784 2618 1836 omnia
2647 1789 2865 1852 peccata
2910 1791 3120 1836 nostra.
3153 1801 3170 1834 ι
3205 1779 3524 1835 Consimilia

1945 1873 2028 1930 bis
2073 1875 2256 1929 etiam-
2296 1875 2412 1945 ipse
2450 1875 2833 1930 universorum
2896 1873 3038 1928 Deus
3085 1888 3180 1927 ore
3216 1870 3366 1926 Isaia:
3397 1885 3524 1940 pro-

1941 1965 2117 2035 pheta:
2145 1965 2348 2020 clamat
2377 1985 2391 2020 :
2421 1985 2438 2016 ι
2475 1965 2587 2036 Ego
2621 1981 2766 2028 sum,
2797 1979 2898 2036 ego
2925 1979 3048 2019 sum
3086 1963 3223 2033 ipse,
3253 1963 3345 2032 qui
3369 1961 3524 2016 deleo

1942 2057 2268 2126 iniquitates
2288 2063 2434 2121 tuas,
2462 2063 2516 2111 et
2546 2067 2898 2128 peccatorum
2931 2064 3149 2110 tuorum
3183 2068 3290 2108 non
3336 2067 3525 2107 recor-

1939 2148 2116 2202 dabor
2141 2159 2185 2201 ο.
2256 2146 2372 2201 Hoc
2421 2147 2568 2203 enim
2614 2156 2764 2202 certe
2808 2145 3154 2208 admirabile,
3211 2143 3354 2214 quod
3413 2159 3522 2198 non

1941 2240 2117 2294 solum
2174 2241 2457 2310 ignoscat.
2505 2239 2598 2292 sed
2647 2239 2810 2291 etiam
2865 2237 3127 2291 memoria
3153 2251 3254 2291 sua
3287 2235 3525 2305 expellat

1941 2340 2187 2400 peccata,
2220 2339 2274 2384 et
2308 2338 2566 2398 tanquam
2623 2329 2676 2382 in
2717 2326 3048 2398 profundum
3080 2327 3135 2380 in
3185 2325 3520 2379 oblivionem

1941 2425 2144 2478 tradat.
2179 2423 2296 2476 Hoc
2332 2423 2476 2476 enim
2509 2421 2812 2490 explicans,
2848 2419 3044 2473 beatus
3080 2417 3242 2472 etiam
3272 2417 3524 2470 Micba-as

1940 2512 2078 2567 dixit
2112 2531 2126 2566 :
2168 2529 2188 2562 ι
2231 2511 2509 2580 Demerget
2549 2515 2772 2578 peccata
2808 2517 3032 2572 nostra,
3069 2513 3123 2561 et
3166 2507 3524 2576 projicientur

1941 2602 1996 2655 in
2055 2599 2386 2670 profundum
2450 2599 2616 2652 maris
2671 2599 2857 2652 omnia
2929 2605 3153 2666 peccata
3217 2605 3427 2650 nostra.
3494 2613 3515 2647 ι

1939 2690 2412 2759 Quemadmodum
2445 2688 2588 2742 enim
2621 2687 2672 2741 id
2701 2688 2847 2758 quod
2887 2687 2942 2741 in
2979 2687 3310 2756 profundum
3352 2685 3520 2740 maris

1939 2783 2220 2853 abjicitur,
2254 2781 2472 2850 penitus
2522 2795 2631 2832 non
2656 2785 2837 2834 exstat
2869 2795 2882 2832 :
2917 2779 3023 2844 sic,
3049 2776 3230 2847 inquit
3251 2816 3266 2839 ,
3294 2782 3520 2846 peccata

1940 2883 2126 2931 nostra
2161 2873 2436 2928 oblivione
2475 2871 2724 2926 funditus
2752 2869 3208 2939 obruct,propter
3233 2869 3518 2938 pactiones

1940 2984 2065 3026 cum
2118 2967 2418 3038 majoribus
2467 2965 2676 3021 nostris
2728 2964 2926 3021 factas.
2990 2963 3058 3018 Et
3095 2963 3198 3019 hoc
3237 2963 3520 3034 explicans

1943 3061 2144 3132 adjecit
2179 3077 2194 3114 :

1863 3165 1906 3221 ο
1979 3157 2162 3211 .Veas.
2189 3155 2284 3210 20.
2307 3175 2326 3207 ι
2353 3155 2518 3209 Dabis
2551 3155 2831 3211 veritatem
2854 3152 3075 3224 1516
3103 3151 3330 3216 Iacobo,
3355 3151 3518 3208 inise-

1939 3247 2230 3302 ricordiam
2253 3246 2588 3308 Abrahamo,
2616 3246 2759 3301 sicut
2777 3245 2978 3314 jurasti
3004 3244 3254 3314 patribus
3287 3241 3514 3306 nostris,

1932 3339 2088 3410 juxta
2119 3339 2238 3392 dies
2264 3339 2496 3408 priores.
2531 3357 2550 3390 ι
2596 3337 2688 3392 Sic
2718 3339 2885 3393 etiam
2941 3337 3137 3392 beatus
3169 3335 3338 3388 David
3387 3335 3464 3388 ait
3497 3352 3513 3388 :

1943 3448 1962 3480 ι
1987 3429 2192 3483 Memor
2219 3427 2320 3482 fuit
2349 3429 2404 3481 in
2432 3427 2694 3482 sa'culum
2723 3425 3036 3480 testamenti
3064 3423 3174 3490 sui,
3199 3423 3345 3478 verbi
3369 3421 3518 3493 quod

1937 3521 2218 3577 mandavit
2279 3522 2335 3576 in
2395 3521 2544 3574 mille
2592 3520 2997 3590 generationes,
3051 3517 3198 3588 quod
3229 3513 3512 3572 constituit

1935 3613 2248 3667 Abraliamo
2268 3649 2284 3674 ,
2315 3622 2370 3666 et
2392 3611 2689 3680 juramenti
2720 3611 2805 3665 sui
2831 3609 3016 3664 lsaaco
3045 3608 3156 3663 dati
3189 3626 3202 3662 :
3235 3615 3291 3663 et
3322 3608 3517 3664 statuit

1936 3703 2069 3758 illud
2124 3701 2336 3758 Jacobo
2404 3703 2460 3756 in
2522 3711 2854 3771 prasecptum
2902 3707 2956 3754 et
2996 3698 3186 3754 lsraeli
3245 3699 3299 3752 in
3334 3695 3516 3752 fmdus

1933 3793 2341 3850 acternmnMEt
2363 3795 2581 3847 illorum
2605 3791 2822 3860 quidem
2849 3799 3072 3861 peccata
3097 3789 3152 3843 in
3185 3787 3514 3860 profundum
3586 3784 3600 3798 ‘

1937 3885 2108 3940 maris
2135 3883 2400 3940 Dominus
2431 3884 2662 3954 proiecit
2687 3900 2702 3948 ;
2730 3889 2919 3937 nostra
2977 3896 3112 3936 vero
3141 3881 3196 3934 in
3247 3895 3410 3936 sacro
3461 3886 3518 3934 et

1935 3977 2120 4032 divino
2166 3979 2386 4031 lavacro
2431 3976 2573 4031 delet
2612 3991 2626 4028 :
2666 3974 2830 4044 cujus
2875 3988 3026 4028 mare
3063 3971 3334 4036 Rubrum,
3358 3972 3516 4042 juxta

1935 4069 2178 4125 divinum
2232 4067 2612 4140 Apostolum‘,
2631 4075 2790 4138 typus
2848 4066 2996 4120 fuit:
3039 4075 3150 4136 quo
3188 4065 3518 4120 transmisso

1936 4164 2170 4232 populus
2249 4161 2318 4216 ab
2373 4160 2695 4231 Egyptiaca
2753 4159 3020 4214 servitute
3069 4157 3333 4210 liberatus
3389 4155 3513 4209 fuit.

1935 4256 2004 4306 At
2031 4268 2154 4313 nos,
2186 4251 2490 4306 secundum
2523 4249 2674 4301 illum
2707 4259 2918 4314 typum,
2941 4259 3034 4312 per
3064 4252 3321 4297 sanctum
3361 4245 3513 4294 lava-

1935 4357 2112 4407 crum,
2140 4355 2169 4392 a
2204 4339 2403 4394 diaboli
2435 4338 2732 4408 tyrannide
2787 4337 3024 4398 liberati,
3055 4334 3335 4404 propriam
3366 4333 3515 4387 salu-

1935 4443 2044 4488 tem
2075 4431 2268 4486 scdulo
2288 4443 2567 4492 curemus,
2603 4427 2827 4482 assidue
2877 4425 3286 4480 benefactorcm
3339 4422 3516 4476 laudi-

1865 4536 1908 4592 υ
1939 4524 2038 4578 bus
2059 4527 2338 4584 ornantes,
2374 4528 2427 4574 et
2463 4519 2615 4573 illius
2649 4518 2797 4588 leges
2823 4523 3142 4586 sequentes,
3165 4524 3219 4569 et
3243 4529 3273 4567 a
3305 4511 3515 4569 sanctis

1930 4615 2113 4668 tritam
2148 4612 2290 4666 viam
2343 4617 2630 4665 tenentes:
2654 4618 2713 4663 ut
2744 4623 2850 4662 una
2875 4623 3000 4662 cum
3025 4606 3166 4676 ipsis
3197 4605 3263 4659 ad
3307 4605 3514 4659 bonum

1931 4708 2054 4761 vitm
2085 4706 2244 4760 linem
2276 4703 2684 4774 periteniamus,
2723 4699 3062 4770 benignitate
3115 4704 3165 4753 et
3202 4697 3516 4753 misericor-

1929 4798 2017 4852 dia
2041 4796 2252 4852 Domini
2278 4796 2449 4850 nostri
2478 4793 2610 4849 Jesu
2634 4793 2860 4856 Christi,
2881 4798 3118 4860 qdocum
3169 4787 3314 4841 Patri
3340 4787 3516 4860 gloria

1933 4907 2041 4946 una
2073 4903 2197 4946 cum
2229 4898 2418 4944 sancto
2447 4887 2653 4958 Spiritu
2678 4927 2693 4952 ,
2749 4901 2896 4942 nunc
2932 4894 2988 4940 et
3050 4891 3290 4953 semper,
3344 4889 3401 4938 et
3458 4879 3514 4936 in

1939 4982 2140 5037 saecula
2177 4981 2530 5036 saeculorum.
2576 4977 2774 5033 Amen.

2103 5321 2128 5360 ι
2158 5321 2178 5374 ί
2210 5323 2340 5376 Cor.
2379 5335 2434 5385 κ,
2464 5320 2554 5374 li.

1559 5477 1790 5534 νΑιιιΑε]
1835 5477 2237 5537 LECTIONES.

350 5596 390 5644 ἐδ
411 5597 468 5650 ού
499 5612 614 5648 συν.
646 5594 686 5648 Λ
709 5597 808 5648 οὐκ
839 5597 1158 5668 ἐκράτησεν.

1257 5603 1302 5632 “6
1334 5600 1377 5654 Α
1413 5605 1587 5666 πάσας
1617 5604 1712 5668 τὶς
1745 5607 2037 5678 ἁμαρτίας.

2135 5609 2178 5642 θ’
2215 5609 2254 5660 Α
2295 5607 2464 5660 Adicit
2500 5607 2576 5670 εἰς
2599 5605 2760 5675 ἁλήθ.
