3904 6202
397 365 525 429 1787

396 510 1995 545 W

1410 365 1896 425 TllEODOltETl
1938 363 2274 421 EPISCUPI
2316 326 2678 421 crassam

3510 356 3624 420 1783

2253 506 2600 517 -------

2374 503 3561 533 Μ

2317 521 2360 531 -ο

750 698 1098 834 ΤΟΥ
1169 689 2053 831 ΜΑΚΑΡΙΟΥ
2139 584 3307 822 ΘΕΟΔΩΡῘῚΤΟΥ

1676 914 2076 985 summum
2120 928 2360 983 Krpor
2470 939 2477 947 ·

1238 1094 1798 1183 ΕΡΜΗΝΕΙΑ
1862 1096 2035 1182 ΕΙΣ
2100 1096 2326 1180 ΤοΝ
2394 1090 2821 1181 ΝΑΟΥΜ.

1042 1480 1616 1634 BEATI
1743 1478 2991 1649 THEODORETI

1661 1774 1970 1833 EPISCOPI
2022 1775 2361 1834 CYRENSIS

871 1953 1861 2050 INTERPBETATIO
1943 1960 2368 2050 NAHUM
2440 1958 3171 2050 PROPHETZE.

1971 2186 2041 2199 —

815 2309 1025 2379 1517
1080 2309 1585 2368 ARGUMENTUM.

459 2405 594 2459 Cum
621 2402 872 2457 timorem
903 2400 1171 2458 Ninevitis
1205 2403 1523 2474 iniecissent
1544 2405 1641 2461 Dei
1671 2405 1970 2460 commina-

393 2498 612 2559 tiones,
678 2508 816 2564 quas
869 2492 1040 2549 Jonas
1093 2495 1233 2565 ipsis
1292 2497 1733 2560 denuntiaverat,
1764 2499 1967 2550 seriam

394 2595 616 2657 agentes
674 2584 1054 2655 pmnitentiam
1090 2624 1106 2649 ,
1140 2586 1375 2641 salutem
1430 2587 1778 2642 invenerunt.
1833 2586 1969 2641 Nam

391 2694 491 2748 pro
529 2687 771 2733 extrema
826 2678 1092 2748 pernicie,
1148 2695 1271 2749 qua:
1320 2680 1401 2735 eis
1453 2680 1720 2736 intentata
1769 2679 1970 2748 fuerat,

392 2771 632 2825 divinam
697 2771 1139 2827 misericordiam
1219 2772 1506 2826 consecuti
1559 2779 1710 2827 sunt.
1771 2770 1970 2826 Verum

394 2864 542 2918 brevi
584 2875 705 2932 post
768 2872 1010 2933 tempore
1066 2864 1229 2933 hujus
1290 2859 1582 2918 incliabilis
1635 2863 1728 2918 Dei
1782 2864 1971 2933 gratia:

392 2954 583 3019 obliti,
614 2963 668 3010 et
693 2955 758 3009 ad
788 2956 1078 3024 pristinam
1119 2954 1385 3007 malitiam
1420 2952 1626 3007 reversi
1664 2991 1679 3016 ,
1714 2960 1829 3007 tum
1862 2954 1969 3008 alia

397 3045 683 3101 innumera
734 3062 1020 3117 perperam
1057 3044 1434 3108 admiserunt,
1475 3054 1592 3098 tum
1642 3044 1841 3098 bellutn
1873 3060 1973 3114 po-

397 3138 525 3207 pulo
560 3135 869 3193 Israelitico
909 3136 1115 3192 inferre
1159 3135 1281 3188 ausi
1325 3144 1454 3189 sunt
1488 3153 1501 3189 :
1542 3142 1594 3188 et
1623 3133 1811 3190 decem
1848 3137 1972 3206 qui-

394 3230 515 3283 dem
548 3229 724 3283 tribus
764 3231 818 3282 in
849 3228 1167 3284 servitutem
1210 3226 1458 3281 redactas
1484 3225 1972 3298 Teglathphalasar

394 3329 448 3374 et
480 3308 836 3375 Salmanasar
868 3318 1116 3385 captivas
1174 3316 1518 3371 abduxerunt
1551 3336 1565 3372 ε
1597 3319 1972 3375 Sennacherib

396 3425 531 3464 vero
569 3408 814 3463 Judaaatn
848 3407 993 3461 bello
1033 3421 1331 3477 aggressus
1364 3417 1419 3463 et
1452 3408 1589 3465 alias
1622 3410 1786 3467 urbes
1816 3412 1967 3467 obsiv

398 3501 561 3556 dione
595 3501 758 3569 cepit,
794 3505 850 3553 et
880 3498 1048 3555 misso
1071 3500 1335 3556 adversus
1353 3500 1788 3574 Hierosolymam
1815 3520 1974 3560 exer-

396 3594 531 3656 citu,
572 3600 766 3644 contra
812 3590 989 3660 ipsum
1044 3593 1428 3648 universorum
1505 3592 1674 3649 Deum
1727 3595 1970 3667 linguam

397 3682 586 3737 movit.
616 3679 720 3737 Sed
754 3682 1047 3754 derepente
1075 3684 1125 3739 vi
1148 3685 1361 3740 occulta
1397 3698 1493 3753 per
1518 3685 1772 3754 angelum
1803 3702 1972 3740 unum

400 3774 568 3827 multa
595 3788 783 3829 eorum
816 3776 985 3829 millia
1015 3775 1299 3832 interiecta
1324 3776 1548 3832 fuerunt
1569 3795 1582 3831 :
1607 3792 1699 3831 rex
1724 3793 1851 3832 vero
1880 3794 1974 3832 eo.

404 3880 527 3917 rum
571 3879 635 3918 ex
672 3866 775 3920 hac
812 3867 967 3936 plaga
997 3868 1241 3938 elapsus,
1273 3884 1336 3921 ac
1357 3883 1535 3937 przeco
1558 3869 1823 3923 divinitus
1854 3870 1973 3922 illa-

401 3962 472 4008 tae
525 3954 754 4010 ultionis
813 3955 994 4011 factus
1054 3961 1206 4024 (nam
1265 3958 1367 4011 hac
1428 3956 1496 4011 de
1547 3973 1714 4012 causa
1762 3958 1976 4029 1518

399 4048 607 4100 salvum
633 4061 757 4101 eum
785 4047 1029 4118 elfugere
1063 4049 1314 4118 permisit
1337 4048 1527 4119 Deus),
1554 4050 1606 4102 in
1640 4051 1783 4119 regia
1810 4066 1909 4105 sua
1942 4064 1973 4104 a

401 4135 529 4192 ﬁliis
569 4136 687 4193 suis
731 4138 945 4209 plagam
991 4140 1209 4209 accipit.
1260 4139 1336 4194 Ae
1377 4154 1485 4192 non
1526 4139 1598 4192 ita
1635 4140 1808 4194 multo
1854 4149 1976 4210 post

405 4244 579 4298 regno
640 4227 974 4301 Babylonem
1027 4232 1316 4295 translato,
1371 4230 1686 4284 universmn
1744 4246 1972 4303 regnum

401 4323 632 4376 istorum
665 4339 841 4393 genus
881 4322 1122 4377 deletum
1149 4332 1265 4385 est,
1320 4322 1459 4376 urbs’
1502 4331 1683 4376 autem
1741 4338 1933 4379 eversa
1957 4366 1974 4391 ,

401 4414 538 4467 etin
586 4415 936 4469 solitudinem
964 4416 1183 4469 redacta
1227 4421 1331 4467 est.
1368 4410 1522 4467 Hanc
1586 4413 1963 4469 Ninevitarum

400 4505 699 4572 perniciem
731 4506 921 4559 beatus
971 4503 1182 4557 Nahum
1220 4504 1485 4573 propheta
1535 4503 1720 4558 divino
1763 4504 1976 4560 amatus

409 4596 621 4665 Spiritu
655 4597 921 4666 praedicit,
956 4605 1120 4664 atque
1152 4611 1248 4665 per
1287 4611 1350 4650 ea
1376 4610 1496 4665 qum
1520 4596 1851 4651 vaticinatur
1872 4598 1975 4652 do-

404 4692 512 4748 cet,
545 4685 727 4738 omnia
781 4684 994 4738 Domini
1039 4683 1131 4738 Dei
1157 4695 1293 4738 nutu
1329 4694 1384 4739 et
1414 4685 1754 4754 providentia
1785 4691 1801 4709 '
1830 4689 1972 4758 regi,

407 4775 869 4843 emnquejustum
908 4774 1178 4841 judicium
1205 4777 1532 4843 exercendo,
1566 4779 1691 4833 vita:
1719 4788 1856 4836 acta:
1884 4796 1979 4835 ra»

405 4864 608 4917 tionem
638 4865 707 4918 ab
734 4880 1064 4935 unoquoque
1092 4881 1340 4937 poscere.
1384 4868 1595 4925 Idcirco
1620 4912 1634 4936 ,
1669 4872 1867 4942 inquit,
1893 4871 1977 4927 Is-

2001 2318 2053 2375 Α

2004 3663 2047 3716 Β

403 4954 780 5048 raelmmnuia
800 4957 973 5048 impie
1001 4959 1131 5029 egit,
1162 4959 1405 5030 Assyriis
1441 4962 1668 5020 tradidit
1699 4981 1713 5017 :
1764 4978 1827 5017 ac
1852 4979 1975 5017 rur-
2005 4992 2046 5048 ο

407 5060 502 5099 sus
533 5046 602 5098 ab
623 5045 884 5116 Assyriis,
918 5051 1175 5117 quoniam
1203 5050 1585 5107 eﬂ'eratissime
1602 5062 1655 5108 et
1679 5053 1977 5108 crudeliter

407 5138 509 5191 ltus
538 5136 874 5203 invaserant,
907 5155 1002 5208 per
1032 5141 1169 5195 alios
1200 5158 1391 5210 poenas
1419 5146 1619 5198 multas
1648 5144 1847 5214 exegit.
1875 5143 1979 5199 Ne-

406 5241 513 5294 que
534 5226 702 5287 enim,
737 5236 794 5280 ut
824 5228 1091 5282 voluntati
1124 5230 1216 5286 Dei
1258 5235 1543 5302 servirent,
1580 5243 1772 5288 contra
1800 5235 1975 5290 Israe-

410 5320 514 5374 ‘em
551 5320 757 5375 bellum
797 5330 1083 5375 moverant
1113 5342 1126 5377 :
1157 5324 1250 5377 sed
1274 5332 1332 5377 ut
1362 5327 1606 5380 audaciae
1637 5344 1750 5382 sua:
1782 5339 1833 5383 et
1856 5327 1979 5381 libi—

408 5409 523 5463 dini
571 5412 1041 5482 obtemperarent,
1070 5420 1124 5466 et
1172 5429 1337 5484 quam
1366 5416 1635 5473 latissime
1666 5420 1719 5472 in
1783 5434 1977 5476 omnes

408 5500 695 5570 imperium
732 5520 890 5560 suum
928 5513 1320 5576 propagarent.
1345 5507 1452 5563 Nec
1483 5526 1613 5564 vero
1647 5527 1837 5566 eorum
1880 5527 1972 5564 co-

2694 2309 3046 2364 ΥΠΟΘΕΣΙΣ.

2142 2404 2205 2455 Οἱ
2236 2401 2512 2456 Νινευῒται
2552 2401 2652 2472 τὴν
2697 2401 2848 2455 θείαν
2896 2402 3173 2465 δείσαντες
3214 2402 3468 2473 ἀπειλὴν,
3509 2405 3571 2475 ἧν
3613 2403 3642 2455 6

2072 2495 2360 2558 Θεσπέσιος
2386 2495 2569 2558 αὐτοῖς
2598 2495 2861 2566 ἐκήρυξεν
2897 2496 3102 2562 Ἰωνᾶς,
3137 2496 3475 2567 μεταμελείᾳ
3494 2514 3640 2550 σπου-

2071 2585 2196 2657 δαίᾳ
2223 2586 2582 2656 χρησάμενοι,
2617 2586 2715 2655 τὴν
2753 2587 3028 2657 σωτηρίαν
3065 2588 3324 2658 ηὖραντο.
3371 2590 3515 2641 Ἀντὶ
3542 2589 3640 2659 γὰρ

2072 2679 2170 2749 τῆς
2194 2677 2579 2748 ἀπειληθείσης
2613 2679 3006 2750 πανωλεθρίας,
3043 2680 3141 2747 τῆς
3166 2680 3317 2744 θείας
3345 2680 3636 2752 φιλανθρω-

2072 2767 2202 2832 πίας
2232 2769 2571 2839 ἀπήλαυσαν.
2611 2768 2821 2838 Χρόνου
2847 2768 2902 2822 δὲ
2938 2768 3165 2840 βραχέος
3191 2769 3514 2833 διελθόντος,
3552 2770 3639 2839 τῆς

2072 2861 2279 2929 ἀφάτου
2316 2862 2412 2931 μὲν
2442 2859 2645 2930 ταύτης
2688 2859 3015 2913 ἐπελάθοντο
3064 2860 3315 2931 χάριτος,
3366 2863 3445 2923 είς
3476 2861 3533 2913 δὲ
3556 2860 3643 2930 τὴν

2073 2952 2349 3023 προτέραν
2405 2951 2669 3022 πονηρίαν
2719 2951 3137 3017 ἐπανελθόντες,
3192 2951 3330 3005 ἄλλα
3374 2969 3435 3004 τε
3490 2952 3639 3022 μυρία

2073 3045 2364 3114 παράνομα
2410 3044 2721 3114 δεδράκασι,
2759 3045 2851 3097 καὶ
2881 3044 2981 3106 τὰς
3023 3044 3164 3098 κατὰ
3188 3044 3281 3097 τοῦ
3331 3044 3548 3116 Ἰσραὴλ
3571 3062 3644 3097 τε·

2072 3134 2382 3205 τολμήκασι
2417 3135 2706 3205 στρατείας
2733 3151 2747 3162 ⁶
2798 3135 3014 3198 καὶτὰς
3049 3135 3147 3205 μὲν
3186 3136 3323 3189 δέκα
3355 3135 3529 3205 φυλάς
3555 3135 3646 3188 Θε-

2071 3222 2465 3296 γλαθφαλάσαρ
2518 3226 2612 3278 καὶ
2667 3224 3037 3297 Σαλμανάσαρ
3104 3226 3644 3298 ἐξανδραποδίσαντες

2072 3314 2448 3385 αἰχμαλώτους
2483 3318 2770 3388 ἀπήγαγον
2795 3333 2810 3347 ⁶
2846 3319 2988 3372 κατὰ
3019 3318 3075 3371 δὲ
3105 3319 3206 3388 τῆς
3241 3320 3507 3385 Ἰουδαίας
3533 3322 3643 3374 Σενο

2072 3408 2344 3478 ναχηρεὶμ
2371 3409 2722 3479 στρατεύσας,
2757 3408 2923 3474 ἄλλας
2967 3428 3029 3463 τε
3073 3410 3259 3474 πόλεις
3292 3405 3407 3465 εἷλε
3448 3413 3644 3482 πολιορο

2073 3499 2187 3570 κίᾳ,
2218 3499 2311 3553 καὶ
2339 3499 2402 3571 δὴ
2433 3502 2637 3554 κατά¹⁴⁸
2672 3502 2771 3572 τῆς
2805 3501 3161 3574 Ἰερουσαλὴμ
3205 3504 3304 3573 τὴν
3334 3503 3645 3575 στρατιὰν⁸⁹

2073 3595 2421 3663 ἀποστείλας,
2448 3597 2569 3651 κατ’
2598 3597 2760 3649 αὐτοῦ
2790 3596 2883 3653 τοῦ
2913 3596 3047 3652 Θεοῦ
3073 3596 3181 3651 τῶν
3202 3597 3341 3651 ὅλων
3363 3599 3465 3670 τὴν
3494 3599 3549 3666 γ)
3560 3598 3647 3650 ῶτ-

2077 3703 2175 3740 ταν
2203 3686 2471 3755 ἐκίνησεν.
2519 3688 2678 3745 Ἀλλὰ
2716 3688 3027 3759 παραυτίκα
3055 3690 3153 3760 μὲν
3179 3690 3433 3760 ἀοράτως
3460 3691 3528 3744 δι’
3557 3692 3646 3758 ἀγ·-

2077 3776 2235 3844 γέλου
2286 3779 2402 3843 ἐνὸς
2446 3780 2502 3832 αἱ
2552 3779 2746 3841 πολλαὶ
2795 3781 2873 3851 τῷ
2924 3780 3139 3852 θανάτῳ
3178 3782 3646 3852 παρεπέμφθησαν

2081 3870 2342 3938 μυριάδες
2366 3888 2380 3902 ο
2434 3872 2528 3925 καὶ
2563 3871 2728 3935 αὐτὸς
2755 3871 2811 3924 δὲ
2843 3873 2872 3925 6
2900 3871 3104 3926 τούτων
3136 3872 3414 3942 βασιλεὺς,
3458 3874 3646 3942 ταύτην

2076 3957 2351 4027 διαφυγὼν
2380 3960 2480 4031 τὴν
2525 3961 2759 4032 πληγὴν,
2802 3962 2900 4015 καὶ
2931 3961 3104 4033 κῆρυξ
3148 3961 3250 4031 τῆς
3281 3961 3546 4029 θεηλάτου
3576 3978 3646 4013 τι-

2081 4052 2288 4121 μωρίας
2336 4054 2625 4124 γενόμενος
2674 4054 2881 4127 (τούτου
2933 4055 3042 4126 γάρ
3087 4054 3248 4125 χάριν
3302 4056 3445 4108 σῶον
3502 4057 3646 4110 αὐτὸν

2077 4138 2355 4209 διαφυγεῖν
2381 4144 2667 4198 ὲνδέδωκεν
2689 4147 2717 4198 6
2735 4144 2912 4210 Θεὸς),
2936 4147 2993 4200 ὲν
3019 4146 3202 4209 αὐτοῖς
3228 4148 3341 4209 τοῖς
3367 4146 3643 4217 βασιλείοις

2080 4229 2183 4282 ὑπὸ
2212 4229 2319 4283 τῶν
2364 4232 2578 4299 φύντων
2618 4232 2831 4311 δέχεται
2864 4232 2961 4311 τὴν
3009 4233 3246 4309 πληγήν.
3297 4235 3412 4291 Καὶ
3467 4233 3646 4304 μικρὸν

2080 4317 2304 4392 ὕστερον
2351 4322 2431 4384 εἰς
2460 4310 2755 4377 Βαϐυλῶνα
2786 4324 2888 4394 τῆς
2924 4310 3200 4393 βασιλείας
3247 4324 3644 4392 μετατεθείσης.

2079 4412 2310 4485 ἐσϐέσθη
2369 4415 2466 4484 μὲν
2521 4413 2665 4469 ἆπαν
2707 4414 2865 4479 τοῦτο
2907 4399 3018 4467 τῶν
3066 4413 3327 4483 βασιλέων
3382 4414 3444 4467 τὸ
3486 4413 3645 4482 γένος.

2078 4504 2378 4569 ἀνάστατος
2418 4506 2475 4558 δὲ
2509 4507 2541 4579 ἡ
2583 4506 2738 4572 πόλις
2776 4508 3013 4574 ἐγένετο,
3045 4505 3141 4568 καὶ
3168 4504 3375 4581 ἐρημίᾳ
3406 4503 3647 4557 παντελεῖ

2079 4596 2373 4667 παρεδόθη.
2393 4597 2594 4649 Τοῦτον
2621 4598 2718 4667 τῆς
2748 4596 2937 4649 Νινευῒ
2959 4597 3049 4648 τὸν
3074 4595 3193 4653 ὅλεθ
3205 4613 3296 4664 ρον
3325 4596 3353 4647 6
3385 4595 3643 4667 μακάριος

2079 4689 2273 4759 Ναοὺμ
2315 4690 2343 4741 ὁ
2388 4691 2672 4760 προφήτης
2724 4688 2999 4759 προλέγει.
3040 4687 3135 4740 τοῦ
3165 4686 3311 4739 θείου
3346 4686 3644 4756 [Ινεύματος

2078 4780 2371 4851 δεξάμενος
2413 4780 2508 4849 τὴν
2548 4781 2847 4850 ἐνέργειαν,
2891 4780 2985 4832 καὶ
3024 4778 3091 4831 δι’
3124 4772 3199 4841 ὦν
3230 4776 3477 4840 θεσπίζει
3513 4775 3644 4828 διδάο

2084 4884 2224 4935 σκει,
2257 4870 2331 4932 ὡς
2375 4870 2525 4923 οὐδὲν
2568 4870 2928 4939 ἀτημέλητον,
2974 4868 3095 4920 οὐδὲ
3132 4867 3471 4938 ἀπρονόητον
3509 4864 3643 4934 παρά

2079 4962 2157 5031 τῷ
2188 4962 2433 5034 Δεσπότῃ
2466 4960 2603 5030 Θεῷ,
2646 4961 2809 5031 ψήςρῳ
2837 4960 2895 5013 δὲ
2936 4959 3117 5029 δικαία
3169 4958 3508 5028 κεχρημένος
3550 4955 3643 5009 τῶν

2083 5052 2425 5121 βεϐιωμένων
2455 5055 2684 5106 ἕκαστον
2712 5053 2930 5104 ἁπαιτεί
2970 5049 3068 5113 τὰς
3100 5049 3352 5111 εὐθύνας.
3399 5044 3474 5111 υῦ
3496 5048 3641 5117 χάριν

2080 5144 2171 5196 τὸν
2202 5144 2298 5214 μὲν
2334 5144 2545 5213 Ἰσραὴλ
2563 5141 3275 5216 ἠσεϐηκότιεπαραδέδωκεν
3311 5138 3605 5209 Ἀσσυρίοις
3625 5152 3638 5167 ·

2095 5234 2408 5300 Ἀσσυρίους
2429 5235 2484 5287 δὲ
2510 5233 2787 5304 θηριωδῶς
2813 5235 3023 5294 τούτοις
3053 5220 3538 5307 προσενεχθένταςξ
3556 5228 3639 5280 καὶ

2080 5325 2320 5395 ὠμότητι
2378 5325 2794 5395 χρησαμένους,
2849 5323 3053 5386 πολλὰς
3111 5309 3179 5375 δι’
3233 5322 3439 5388 ἑτέρων
3494 5318 3641 5372 πάλιν

2069 5416 2441 5487 εἰσεπράξατο
2465 5416 2640 5478 δίκας.
2670 5415 2806 5468 Οὔτε
2827 5414 2936 5485 γὰρ
2954 5415 3029 5478 ὡς
3050 5413 3171 5485 θείᾳ
3191 5412 3351 5483 βουλῇ
3379 5407 3641 5463 διακονού-

2086 5528 2232 5580 μενοι
2278 5510 2374 5582 τὴν
2406 5514 2545 5563 κατὰ
2580 5507 2673 5562 τοῦ
2726 5506 2940 5581 Ἰσραὴλ
2987 5508 3316 5578 ἐποιήσαντο
3346 5499 3640 5572 στρατείαν,

1709 5681 1945 5737 νΛΙῖΙΑῦ
1980 5681 2381 5739 LECTIONES.

461 5753 503 5779 ⁸⁸
533 5768 689 5820 κατὰ.
725 5770 765 5824 C
797 5787 983 5839 prtem.
1024 5773 1131 5830 καί.
1222 5774 1264 5806 ⁸³
1315 5776 1355 5830 C.
1408 5776 1717 5843 στρατείαν.
