3904 6202
402 358 531 424 1791

1345 359 1830 420 TIIEDDORETI
1889 351 2227 415 EPISCOPI
2279 348 2644 410 CYRENSIS

3517 343 3652 408 1792

399 479 682 530 hominum
719 476 824 530 fert
859 475 1202 544 iniquitates,
1242 477 1394 528 novit
1424 467 1608 530 'etiain
1646 491 1755 529 non
1794 473 1964 543 pomi.

2078 485 2184 538 ρων
2229 467 2320 520 ἐπὶ
2360 465 2606 519 πλεῖστον
2634 463 2734 527 τὰς
2785 462 2894 515 τῶν
2932 461 3240 533 ἀνθρώπων
3275 468 3652 533 παρανομίας,

401 569 642 622 tentibus
677 567 946 636 supplicia
1009 567 1278 636 irrogare.
1332 567 1446 621 Hoc
1499 567 1646 622 enim
1687 576 1769 620 est
1827 564 1970 633 quod

401 658 499 718 ait,
529 675 546 708 ι
576 656 852 712 Mundans
884 673 992 710 non
1031 657 1194 712 faciet
1229 658 1579 712 innocentem
1619 675 1633 711 :
1679 676 1698 709 ι
1729 657 1830 710 hoc
1865 664 1970 720 est,

399 763 522 804 eum
551 749 644 818 qui
679 749 970 818 suppliciis
1004 748 1170 819 digna
1219 750 1598 812 commiserit,
1641 764 1749 802 non
1794 749 1974 818 impu-

398 841 572 894 nitum
601 838 880 897 Dominus
903 843 1197 912 relinquet.
1235 860 1252 894 ι
1288 842 1580 907 Dominus,
1623 842 1676 895 in
1706 855 1972 895 consum-

395 933 636 988 matione
663 941 718 989 et
750 934 802 988 in
838 935 1206 989 commotione
1228 937 1315 988 via
1345 933 1487 1003 ejus.
1519 953 1538 985 ι
1570 931 1686 986 Non
1711 931 1968 1000 amplius,

395 1025 614 1095 inquit,
683 1025 826 1081 Deus
883 1027 1262 1080 universorum
1323 1024 1756 1078 misericordiam
1817 1021 1972 1076 vobis

397 1115 684 1185 largietur,
717 1117 812 1172 sed
861 1116 1160 1185 perniciem
1194 1115 1409 1170 inferet.
1439 1114 1574 1167 llnic
1605 1113 1806 1170 similia
1841 1119 1970 1166 sunt

393 1211 558 1265 verba
601 1209 806 1264 Psalmi
847 1227 860 1262 :
896 1227 914 1260 ι
952 1208 1156 1264 Omnes
1192 1209 1289 1262 via:
1323 1207 1540 1260 Domini
1578 1203 1964 1260 misericordia

391 1297 740 1356 etveritasi.
801 1319 820 1351 ι
867 1297 1080 1355 Veritas
1137 1300 1287 1354 enim
1339 1314 1448 1353 non
1526 1295 1966 1351 misericordiam

392 1401 627 1455 tantum.
662 1390 762 1446 sed
793 1392 958 1446 etiam
1009 1389 1353 1460 punitionem
1385 1390 1597 1459 justam
1647 1387 1831 1442 habet.
1864 1385 1968 1448 Per

391 1485 531 1538 viam
568 1483 757 1554 itaque
781 1491 896 1537 tum
933 1484 1046 1546 hic,
1078 1491 1190 1536 tum
1227 1481 1363 1545 illic,
1408 1481 1554 1536 actio
1608 1479 1965 1549 intelligenda

389 1585 492 1630 est.
527 1593 545 1626 ι
579 1577 647 1630 Et
689 1575 864 1631 nubes
914 1576 1095 1646 pulvis
1147 1569 1346 1646 pedum
1401 1573 1542 1641 ejus.
1587 1592 1604 1623 ι
1641 1571 1966 1626 Accommo-

390 1665 680 1721 (latissime
705 1668 972 1735 pulverem
1004 1669 1103 1720 vim
1131 1667 1350 1734 adjecit.
1380 1661 1508 1718 Vult
1535 1674 1714 1718 autem
1751 1663 1962 1726 dicere,

391 1757 509 1812 Non
537 1761 774 1828 amplius
810 1761 970 1830 longa
1003 1759 1266 1830 patientia
1310 1767 1513 1821 utetur,
1541 1755 1634 1812 sed
1666 1755 1962 1826 perniciem

391 1851 548 1906 vobis
573 1850 789 1916 inferet,
825 1852 1071 1917 undique
1103 1853 1156 1905 in
1185 1867 1285 1907 vos
1315 1851 1582 1905 malorum
1624 1849 1821 1903 nubem
1869 1862 1962 1902 ac-

391 1959 637 1999 cersens.
687 1945 754 1999 Et
801 1944 1008 2000 docens
1066 1960 1188 2000 eum
1247 1943 1411 1997 facile
1459 1941 1833 2013 quodcunque
1882 1939 1964 1994 illi

392 2035 569 2090 visum
604 2035 790 2098 fuerit,
815 2036 1048 2099 cﬂicere,
1075 2035 1363 2105 Suhjunxit
1399 2051 1411 2086 :

463 2121 632 2180 Vsus.
656 2127 709 2180 Il.
745 2146 762 2177 ι
790 2126 1090 2198 lnerepans
1124 2141 1295 2190 mare,
1321 2135 1374 2180 et
1398 2125 1687 2181 exsiccans
1719 2123 1876 2185 illud,
1909 2129 1964 2177 et

393 2218 577 2273 omnia
611 2217 838 2272 ﬂumina
893 2220 1110 2274 deserta
1164 2217 1395 2272 faciens.
1435 2237 1453 2269 ι
1491 2215 1548 2270 Si
1581 2217 1726 2272 enim
1773 2215 1965 2269 existi-

395 2311 624 2362 maverit
661 2324 876 2364 omnem
909 2325 1106 2378 aquam
1150 2309 1319 2364 maris
1357 2305 1566 2378 1521
1601 2305 1960 2363 ctllnminum

396 2398 649 2454 funditus
670 2399 1105 2454 exbauriendam
1155 2415 1300 2464 esse,
1355 2399 1622 2468 temporis
1669 2405 1874 2468 puncto
1910 2397 1962 2451 id

395 2489 576 2544 facere
601 2491 796 2559 poterit
837 2490 1026 2560 :qnod
1061 2489 1286 2560 quidem
1322 2505 1388 2544 ex
1429 2489 1496 2543 iis
1528 2505 1650 2558 quae
1678 2487 1788 2557 jam
1834 2497 1964 2544 sunt

395 2578 554 2641 facta,
588 2579 1011 2635 demonstravit.
1045 2597 1064 2630 ι
1104 2575 1396 2632 [inminuta
1447 2587 1533 2633 est
1587 2577 1880 2643 Basanitis,
1912 2589 1965 2632 et

391 2662 701 2727 Carmelus,
739 2675 792 2720 et
836 2665 1023 2720 omnia
1057 2681 1180 2736 qua:
1210 2665 1478 2721 ﬂorebant
1517 2666 1713 2720 Libani
1753 2667 1966 2724 defece-

393 2764 542 2809 runt.
583 2774 601 2806 ι
641 2755 778 2811 Cum
803 2757 950 2812 enim
1001 2773 1197 2828 poenas
1239 2767 1488 2828 repetere
1529 2759 1848 2813 statuissem
1897 2759 1966 2813 ab

393 2846 462 2900 iis
509 2847 600 2916 qni
641 2846 1034 2915 Basanilidem,
1073 2857 1127 2904 et
1170 2849 1522 2916 Carmelum,
1577 2858 1632 2904 et
1691 2849 1962 2906 Libanum

393 2937 661 3002 incolunt,
713 2939 870 2996 vobis
927 2955 1025 2996 eos
1079 2941 1301 2996 tradidi.
1366 2939 1472 2996 Vos
1531 2949 1714 2996 autem
1772 2957 1962 2996 eorum

391 3043 554 3100 agros
586 3030 1004 3101 depopulantes,
1040 3041 1094 3088 et
1144 3033 1306 3089 urbes
1333 3043 1736 3103 expugnantes,
1779 3035 1963 3090 cives-

394 3133 503 3188 que
556 3119 609 3174 in
639 3123 1017 3190 captivitatem
1047 3123 1341 3190 ducentes,
1378 3125 1444 3179 ad
1477 3141 1751 3180 summam
1791 3129 1963 3182 vasti-
1993 3157 2036 3215 ο

393 3217 559 3266 tatem
587 3228 682 3266 eos
713 3213 1031 3282 redegistis.

499 3300 668 3358 Vsus.
699 3305 749 3360 5.
779 3325 798 3358 ι
833 3303 1044 3362 Montes
1069 3309 1328 3364 commoti
1356 3317 1488 3364 sunt
1514 3311 1582 3365 ab
1610 3325 1696 3376 eo,
1719 3319 1772 3367 et
1797 3314 1967 3370 colles

392 3396 647 3450 concussi
689 3403 858 3451 sunt:
896 3403 948 3452 et
985 3405 1274 3455 contracta
1299 3409 1384 3455 est
1418 3407 1566 3456 terra
1594 3416 1623 3454 a
1663 3401 1805 3458 [acie
1845 3403 1967 3471 eius

393 3485 674 3550 universa,
723 3495 776 3542 et
830 3503 1022 3545 omnes
1063 3490 1157 3560 qui
1222 3490 1474 3546 habitant
1524 3492 1584 3548 in
1633 3507 1718 3549 ea.
1770 3514 1788 3546 ι
1827 3497 1966 3561 Quia

391 3577 538 3631 enim
567 3577 790 3646 quidam
837 3594 961 3634 eum
998 3581 1242 3636 solorum
1273 3579 1590 3636 Iudaeorum
1637 3583 1807 3638 Deum
1842 3601 1968 3642 esse

392 3668 800 3738 opinabantur,
845 3685 957 3726 non
1017 3673 1113 3729 abs
1170 3689 1230 3728 re
1280 3673 1550 3744 propheta
1595 3675 1758 3730 docet
1811 3677 1963 3732 illum

394 3768 634 3822 montes,
667 3771 723 3814 et
751 3761 938 3824 colles,
968 3770 1022 3817 et
1069 3775 1284 3820 omnem
1342 3773 1546 3820 terram
1590 3781 1713 3821 cum
1767 3767 1965 3822 incolis

393 3849 514 3917 ejus
547 3851 666 3904 solo
701 3859 836 3905 nutu
881 3863 1197 3910 conentere.
1255 3857 1412 3922 Quod
1447 3873 1576 3913 vero
1615 3859 1708 3922 ait,
1747 3869 1796 3911 et
1839 3875 1964 3914 con-

395 3950 570 3994 tracta
619 3952 700 3996 est
758 3952 922 4006 terra,
989 3947 1184 4015 Aquila
1232 3948 1454 4018 quidem
1521 3949 1726 4004 horruit
1775 3949 1962 4008 dixit:

395 4027 760 4100 Symmachus
789 4048 919 4088 vero
951 4043 1094 4088 mota
1122 4045 1219 4091 est.

468 4116 632 4176 Vens.
663 4119 716 4176 6.
755 4143 774 4174 ι
811 4123 1106 4193 Aspectum
1142 4126 1240 4180 irze
1285 4126 1408 4197 ejus
1454 4128 1580 4198 quis
1628 4124 1964 4184 sustinebit?

391 4213 602 4282 etquis
651 4214 875 4270 resistet
915 4215 968 4269 in
1005 4215 1084 4271 ira
1138 4203 1346 4275 furoris
1393 4220 1556 4288 eius?
1605 4217 1784 4276 Furor
1841 4223 1963 4292 ejns

393 4305 672 4358 Consumit
703 4307 1068 4377 principatus,
1105 4317 1159 4362 ct
1201 4317 1370 4378 petra;
1417 4311 1676 4366 contritae
1722 4321 1852 4367 sunt
1895 4316 1964 4370 ab

391 4409 476 4449 eo.
509 4414 527 4446 ι
575 4397 630 4450 Si
659 4399 805 4451 enim
843 4413 937 4454 eos
977 4401 1071 4470 qui
1107 4401 1178 4454 ob
1218 4403 1566 4471 principatus
1599 4420 1658 4459 se
1702 4405 1962 4474 eﬂ‘ernnt,

2075 555 2182 612 οἶδε
2213 557 2305 610 καὶ
2331 557 2604 628 τιμωρίαν
2629 558 2740 618 τοίς
2775 555 2851 624 μὴ
2883 555 3381 624 μεταμελουμένοις
3403 555 3650 622 ἐπάγειν.

2075 648 2246 700 Τοῦτο
2267 647 2374 718 γὰρ
2402 643 2573 698 εἶπεν·
2610 663 2626 694 ι
2678 643 2895 697 Ἀθωῶν
2921 645 3020 696 οὐκ
3051 642 3355 696 ἀθωὼσει·›
3392 643 3512 697 ἀντὶ
3535 643 3654 707 τοῦ,

2073 739 2163 792 τὸν
2186 739 2458 800 κολάσεως
2477 737 2602 802 ἄξια
2626 736 3117 807 πλημμελήσαντα,
3138 737 3238 806 τῆς
3263 738 3535 806 τιμωρὶας
3554 738 3657 789 οὐκ

2072 829 2390 895 ἀπαλλάξει.
2417 849 2435 880 ι
2475 827 2679 898 Κύριος
2695 828 2740 856 ⁵⁸
2762 867 2778 890 ,
2812 829 2868 880 ἐν
2901 826 3183 896 συντελείᾳ
3212 828 3307 880 καὶ
3338 829 3395 878 ἐν
3437 843 3658 881 συσπει-

2075 921 2198 992 σμῷ
2249 924 2282 992 ή
2327 921 2446 984 ὁδὸς
2487 918 2676 974 αὐτοῦ.
2725 937 2742 969 ι
2797 918 2992 972 Οὐκέτι
3029 917 3461 987 φιλανθρωπίας.
3497 917 3655 986 φησι,

2075 1012 2375 1082 μεταδώσει
2428 1012 2556 1081 ὑμῖν
2583 1013 2611 1063 ὁ
2639 1010 2748 1062 τῶν
2779 1011 2916 1062 ὅλων
2945 1009 3098 1073 Θεὸς,
3153 1009 3288 1063 ἀλλὰ
3316 1011 3408 1062 τὸν
3434 1011 3658 1079 ὄλεθρον

2073 1103 2284 1169 ἐπάξει.
2322 1102 2508 1170 Τούτῳ
2557 1102 2700 1156 ἔοικε
2747 1101 2808 1155 τὸ
2855 1103 2913 1154 ἐν
2959 1101 3035 1172 τῷ
3079 1101 3282 1172 ψαλμῷ
3321 1103 3614 1171 εἰρημένον
3640 1115 3654 1128 ⁸

2082 1217 2100 1250 ι
2131 1199 2310 1252 Πᾶσαι
2337 1199 2393 1251 αἱ
2430 1196 2536 1250 ὁδοὶ
2565 1195 2773 1266 Κυρίου
2795 1195 2941 1258 ἔλεος
2971 1195 3065 1247 καὶ
3104 1194 3354 1264 ἀλήθεια.
3391 1213 3411 1244 ι
3459 1193 3523 1244 ἰι
3549 1192 3658 1262 γὰρ

2069 1291 2294 1360 ἀλήθεια
2325 1291 2386 1342 οὐ
2415 1289 2824 1360 φιλανθρωπίαν
2857 1271 3047 1358 μόνην,
3089 1287 3224 1341 ἀλλᾶ
3255 1288 3350 1340 καὶ
3384 1289 3658 1356 τιμωρίαν

2069 1379 2448 1454 ἔχειδικαίαν.
2480 1382 2654 1434 Ὀδειν
2686 1380 2862 1434 τοίνυν
2891 1380 3167 1434 κάνταῦθα
3191 1381 3354 1433 κάκεῖ
3391 1381 3492 1447 τὴν
3519 1381 3660 1445 πρᾶ-

2070 1477 2152 1545 ξιν
2189 1477 2429 1546 νοητέον.
2459 1494 2476 1528 ι
2514 1475 2622 1528 Καὶ
2643 1474 2861 1544 νεφέλαι
2901 1475 3178 1544 κονιορτὸς
3207 1472 3388 1526 ποδῶν
3411 1471 3603 1523 αὐτοῦ.
3635 1492 3653 1522 ι

2082 1571 2382 1640 Ἀρμοδίως
2417 1569 2561 1640 μάλα
2581 1568 2672 1620 τὸν
2703 1568 3010 1635 κονιορτὸν
3037 1571 3102 1638 τῇ
3135 1565 3242 1634 ὁδῷ
3272 1565 3654 1637 προστέθεικε.

2068 1661 2325 1715 Βούλεται
2355 1661 2412 1714 δὲ
2444 1661 2637 1726 εἰπεῖν,
2666 1660 2746 1713 ὅτι
2771 1659 2884 1713 Νῦν
2922 1659 3106 1712 οὐκέτι
3132 1657 3491 1728 μακροθυμίᾳ
3520 1658 3660 1727 χρή-

2071 1772 2244 1818 σεται,
2277 1753 2394 1807 ἀλλ’
2445 1751 2668 1823 ὄλεθρον
2717 1753 2846 1822 ὑμῖν
2892 1749 3079 1814 ἐπάξει
3104 1793 3116 1812 ,
3147 1749 3490 1819 πανταχόθεν
3528 1751 3658 1819 ὑμῖν

2069 1847 2176 1899 τῶν
2214 1844 2396 1898 κακῶν
2438 1843 2738 1912 ἐπιστήσας
2783 1843 2844 1895 τὸ
2885 1844 3064 1911 νέφος.
3100 1844 3212 1896 Καὶ
3247 1842 3543 1907 διδάσκων,
3581 1842 3659 1903 ὡς

2073 1937 2272 2010 ῥᾳδίως
2299 1938 2405 1990 πᾶν
2437 1937 2465 1990 ὃ
2491 1953 2540 1989 τι
2575 1934 2640 1988 ἂν
2665 1933 2897 2005 ἐθελήση
2926 1937 3088 1999 ποιεῖ,
3117 1935 3404 2004 ἐπήγαγεν
3425 1951 3438 1964 ·

2140 2113 2204 2168 δ’.
2242 2131 2262 2164 ι
2309 2111 2572 2166 Ἀπειλῶν
2604 2105 2869 2183 θαλάσσῃ,
2897 2108 3010 2161 καὶ⁹
3037 2107 3310 2178 ξηραίνων
3343 2107 3658 2177 abs-ip),le

2072 2205 2278 2267 πάντας
2328 2203 2450 2266 τοὺς
2499 2201 2776 2272 ποταμοὺς
2808 2199 3091 2272 ἐξερημῶν
3106 2201 3172 2254 ⁵³.
3209 2219 3228 2250 ι
3263 2199 3327 2252 El
3374 2199 3484 2268 γὰρ
3510 2199 3657 2250 δοκε-

2073 2297 2297 2366 μάσειεν
2349 2292 2493 2346 ἅπαν
2523 2291 2622 2360 τῆς
2680 2309 2739 2344 τε
2785 2291 3053 2360 θαλάττης
3087 2291 3179 2343 καὶ
3234 2289 3344 2342 τῶν
3390 2289 3654 2358 ποταμῶν

2071 2382 2300 2454 φροῦδον
2353 2382 2574 2452 ποιῆσαι
2620 2382 2680 2436 τὸ
2710 2383 2874 2452 ὕδωρ,
2907 2385 2962 2435 ἐν
3011 2384 3208 2454 ἀκαρεῖ
3254 2381 3417 2434 τοῦτο
3455 2383 3654 2452 δρᾶσαι

2069 2475 2353 2547 δυνήσεται
2375 2493 2388 2506 ·
2407 2477 2499 2528 καὶ
2521 2475 2710 2528 τούτου
2739 2473 2836 2545 τὴν
2857 2473 3127 2540 ἀπόδειξιν
3157 2477 3264 2529 ἀπὸ
3299 2477 3410 2529 τῶν
3433 2476 3532 2548 ἤδη
3558 2493 3656 2544 γε·

2071 2567 2386 2636 γενημένων
2413 2565 2702 2636 παρέσχεν.
2751 2585 2768 2616 ι
2827 2563 3151 2636 Ὡλιγώθηή
3207 2566 3500 2629 Βασανῖτις
3557 2565 3655 2618 καὶ

2073 2660 2100 2712 ὁ
2124 2658 2442 2729 Κάρμηλος,
2475 2659 2569 2710 καὶ
2598 2657 2835 2710 πάντα⁶⁶
2873 2656 2941 2710 τὰ
2976 2657 3305 2722 ἐξανθοῦντα
3336 2657 3433 2710 τοῦ
3479 2657 3652 2711 Διεὰ-

2071 2767 2162 2803 νου
2194 2747 2428 2814 ἐξέλιπε.
2462 2767 2481 2798 ι
2518 2747 2716 2819 Ποινὴν
2737 2747 2844 2820 γὰρ
2875 2748 3175 2817 ἀπαιτῆσαι
3211 2748 3500 2818 βουληθεὶς
3525 2748 3654 2811 τοῦς

2071 2859 2129 2896 τι
2159 2841 2254 2912 τὴν
2291 2841 2604 2904 Βασανίτιν,
2651 2841 2746 2892 καὶ
2771 2841 2860 2892 τὸν
2886 2839 3204 2910 Κάρμηλον,
3236 2842 3331 2892 καὶ
3355 2839 3447 2893 τὸν
3483 2839 3654 2894 Λίϐα-

2071 2949 2160 2986 νον
2198 2931 2500 2996 οἰκοῦντας,
2547 2933 2676 3003 ὑμῖν
2719 2930 2945 2995 τούτους
3000 2932 3314 3002 παρέδωκα.
3371 2933 3561 3001 Ὑμεῖς
3593 2932 3653 2987 δὲ

2069 3024 2167 3087 τὰς
2198 3023 2402 3078 τούτων
2450 3023 2634 3094 χώρας
2671 3023 2998 3095 δῃώσαντες,
3031 3023 3248 3088 καὶτὰς
3299 3024 3491 3088 πόλεις
3519 3041 3648 3094 πορ-

2072 3111 2358 3185 θήσαντες,
2405 3115 2500 3166 καὶ
2533 3115 2660 3177 τοὺς
2703 3112 3046 3177 ἐνοικοῦντας
3071 3113 3648 3186 ἐξανδραποδίσαντες,

2069 3205 2277 3276 ἐρημία
2309 3203 2563 3258 παντελεῖ
2595 3203 2970 3277 παρεδώκατε.

2138 3301 2200 3350 ε’.
2238 3315 2257 3348 ι
2287 3295 2370 3350 Τὰ
2391 3295 2490 3368 ὅρη
2517 3296 2842 3368 ἐσείσθησαν
2864 3297 2906 3330 ⁸³
2940 3299 3034 3352 ἀπ’
3054 3298 3242 3360 αὐτοῦ,
3283 3299 3383 3350 καὶ
3397 3299 3448 3350 οἱ
3474 3297 3648 3368 βουνοὶ

2069 3389 2462 3456 ἐσαλεύθησαν,
2495 3391 2591 3444 καὶ
2624 3391 2890 3461 ἀνεστάλη
2926 3393 2960 3461 ἡ
2987 3391 3061 3460 γῆ
3089 3391 3197 3444 ἀπὸ
3221 3389 3524 3458 προσώπου
3551 3391 3648 3443 αξ·-

2069 3481 2236 3552 τοῦή
2293 3481 2596 3552 σύμπασα,
2631 3483 2727 3535 καὶ
2789 3483 2990 3547 πάντες
3045 3484 3096 3536 οἱ
3153 3483 3544 3548 κατοικοῦντες
3589 3485 3646 3536 ἐν

2067 3573 2224 3643 αὐτῇ.
2267 3591 2284 3623 ι
2332 3573 2544 3644 Ἐπειδὴ
2573 3573 2680 3644 γάρ
2708 3589 2851 3629 τινες
2892 3573 3273 3643 ὑπελάμϐανον
3298 3573 3466 3626 αὑτὸν
3493 3575 3646 3643 μόνον

2080 3665 2345 3720 Ἰουδαίων
2375 3661 2512 3718 εἶναι
2543 3664 2698 3728 Θεὸν,
2735 3665 2960 3731 εἰκότως
2997 3669 3025 3720 ό
3065 3668 3351 3738 προφήτης
3384 3667 3644 3731 διδάσκει,

2067 3757 2292 3828 ὃτιῦρη,
2333 3755 2428 3810 καὶ
2468 3755 2711 3826 βουνοὺς,
2742 3758 2837 3812 καὶ
2888 3759 3069 3814 πᾶσαν
3119 3759 3218 3830 τὴν
3265 3761 3371 3830 γῆν
3413 3762 3514 3814 σὺν
3539 3763 3646 3822 τοῖς

2067 3847 2380 3901 κατοικοῦσι
2399 3847 2629 3916 νεύματι
2661 3848 2806 3918 μόνῳ
2843 3849 3084 3902 συσσείει
3109 3867 3122 3881 ·
3143 3849 3202 3903 τὸ
3232 3847 3310 3914 δὲ,
3339 3849 3642 3916 ἀνεστάλη

2065 3940 2105 4005 ἡ
2129 3939 2226 4008 γῆ,
2247 3941 2275 3990 ὁ
2294 3939 2391 4004 μὲν
2428 3937 2676 4002 Ἀκύλας,
2700 3936 2962 4006 ἔφριξεν,
2989 3934 3164 3993 εἶπεν·
3183 3942 3211 3994 ό
3239 3939 3298 3992 δὲ
3326 3938 3640 4011 Σύμμαχος,

2065 4029 2334 4097 ἐκινήθη.
2733 4025 2735 4028 ⁴

2137 4127 2212 4186 ς’.
2246 4139 2264 4172 ι
2313 4121 2426 4192 Πρὸ
2469 4123 2515 4154 ⁶²
2547 4121 2840 4194 προσώπου
2894 4123 3062 4194 ὀργῆς
3096 4125 3144 4157 ⁸⁸
3173 4125 3342 4178 αὐτοῦ
3392 4125 3480 4188 τίς
3517 4125 3642 4176 ὑπο-

2067 4211 2361 4282 στήσεται;
2397 4213 2493 4264 καὶ
2517 4211 2602 4276 τίς
2647 4213 3034 4282 ἀντιστήσεται
3061 4213 3120 4266 ἐν
3165 4215 3304 4285 ὀργῇ
3339 4214 3518 4285 θυμοῦ
3551 4215 3641 4267 αὑ-

2063 4302 2194 4368 τοῦ;
2241 4303 2299 4356 Ὀ
2352 4303 2521 4374 θυμὸς
2575 4305 2739 4357 αὐτοῦ
2794 4307 2950 4376 τήκει
3003 4306 3213 4377 ἀρχὰς,
3243 4307 3337 4359 καὶ
3371 4307 3572 4376 πέτραι
3599 4307 3640 4337 ⁸⁵

2064 4393 2423 4464 διεθρύϐησαν
2474 4395 2568 4448 ἀπ’
2603 4395 2788 4448 αὐτοῦ.
2829 4414 2849 4448 ι
2887 4397 2948 4450 ΕΞ
2995 4398 3104 4468 γὰρ
3157 4397 3286 4460 τοὺς
3343 4397 3440 4450 ἐπὶ
3484 4397 3634 4450 δυνα-

391 4495 444 4541 et
477 4495 755 4556 petrarum
798 4494 970 4546 robur
997 4507 1124 4548 sese
1151 4495 1354 4549 habere
1379 4497 1720 4564 existimant,
1759 4501 1960 4557 facilli-

2074 4487 2268 4550 στείαις
2329 4487 2792 4558 βρενθυομένους,
2845 4489 2942 4542 καὶ
3009 4489 3226 4560 πετρῶν
3281 4489 3432 4560 ἔχειν
3491 4493 3638 4559 ira-15v

391 4594 476 4632 me
505 4583 744 4636 conterit
773 4591 825 4636 et
850 4583 1106 4649 destruit,
1151 4585 1274 4653 quis
1326 4589 1663 4644 correctioni
1699 4594 1822 4664 ejus
1871 4613 1958 4650 re-

351 4667 590 4734 _sistere
648 4672 892 4740 poterit?
939 4672 1016 4744 [7]
1067 4675 1338 4729 Caeterum
1380 4684 1440 4730 ut
1471 4682 1742 4750 superbos
1805 4688 1960 4742 nullo

389 4760 610 4824 negotio
645 4761 812 4826 delet,
835 4763 916 4817 sic
951 4765 1130 4820 bonus
1165 4775 1248 4820 est
1283 4766 1544 4827 Dominus
1578 4784 1708 4845 erga
1734 4791 1829 4832 eos
1864 4779 1956 4847 qui

385 4856 711 4914 exspectant
739 4867 863 4907 eum
893 4855 980 4909 die
1006 4856 1414 4924 tribulationis,
1456 4872 1510 4916 et
1563 4867 1852 4936 cognoscit
1887 4869 1962 4922 ti~

392 4947 602 4994 mentes
666 4957 814 4998 eum.
873 4945 1182 5007 Ostendens
1245 4961 1452 5018 autem,
1485 4960 1765 5025 quomodo
1817 4959 1960 5017 Deus

387 5027 614 5085 ali'eetus
671 5033 744 5087 sit
798 5051 927 5106 erga
980 5055 1076 5096 eos
1129 5043 1222 5113 qui
1284 5045 1524 5103 inﬂictas
1581 5053 1959 5109 correctiones

389 5119 688 5188 sustinent,
731 5133 785 5180 et
842 5128 1052 5200 1522
1103 5133 1238 5188 nihil
1297 5137 1374 5207 (in
1408 5138 1602 5208 Deum)
1655 5141 1954 5198 absurdum

389 5212 708 5305 loquuntur,
729 5231 926 5275 rursus
959 5229 1152 5278 contra
1179 5226 1380 5298 impios
1417 5229 1720 5288 constituta
1746 5235 1957 5305 suppli-

390 5301 475 5376 eia
508 5306 759 5378 exponit.

472 5485 490 5538 i
531 5487 682 5546 Psal.
713 5505 866 5557 niv,
905 5491 988 5546 l0.

2066 4579 2525 4650 ὑπειλημμένους,
2563 4579 2808 4644 εὐπετῶς
2839 4581 2986 4650 μάλα
3021 4581 3293 4650 ωντρξὸει
3333 4583 3427 4634 καὶ
3475 4599 3638 4636 κατα-

2065 4669 2198 4723 λύει’
2255 4669 2340 4732 τίς
2399 4668 2580 4728 ἱκανὸς
2639 4671 2957 4739 ἀντιστῆναι
3005 4672 3071 4742 τῇ
3107 4672 3320 4726 ἐκεῖθεν
3365 4673 3636 4742 φερομένῃ

2067 4761 2316 4832 παιδείᾳ;
2379 4759 2518 4813 Ἀλλ’
2551 4759 2742 4830 ὥσπερ
2770 4763 2898 4824 τοὺς
2930 4761 3197 4827 ἀλαζόνας
3240 4763 3503 4816 καταλύει
3545 4766 3636 4834 ῥᾳ-

2065 4853 2209 4916 δίως,
2243 4851 2414 4914 οὕτως
2469 4851 2705 4922 χρηστός
2738 4854 2854 4906 ἐστι
2882 4853 3086 4924 Κύριος
3122 4857 3236 4916 τοῖς
3278 4855 3636 4924 ὑπομένουσιν

2067 4945 2228 4999 αὐτὸν
2259 4946 2315 4997 ἐν
2343 4943 2530 5014 ἡμέρᾳ
2563 4943 2818 5014 θλίψεως,
2841 4946 2936 4998 καὶ
2987 4945 3274 5013 γινώσκων
3327 4949 3456 5012 τοὺς
3487 4948 3631 5001 εύλαυ

2068 5036 2359 5106 ὅουμένονς
2395 5033 2577 5088 αὐτόν.
2611 5034 2802 5098 Δείξας
2841 5035 2918 5102 δὲ,
2954 5036 3102 5099 ὅπως
3129 5037 3502 5109 προσφέρεται
3531 5039 3634 5096 τοῖς

2065 5129 2166 5192 τὰς
2221 5126 2623 5196 ἐπιφερομένας
2671 5127 3005 5196 ὑπομένουσι
3035 5128 3288 5192 παιδείας
3307 5170 3321 5192 ,
3353 5131 3447 5183 καὶ
3477 5129 3630 5198 μηδὲν

2068 5221 2276 5291 ἀπηχὲς
2310 5217 2701 5288 φθεγγομένοις
2721 5257 2736 5283 ,
2770 5219 2932 5273 πάλιν
2971 5219 3067 5292 τὴν
3105 5221 3248 5274 κατὰ
3278 5221 3388 5276 τῶν
3415 5221 3628 5275 ἀνοσίων

2067 5310 2396 5382 διεξέρχεται
2416 5308 2710 5381 τιμωρίαν.

1661 5630 1895 5686 νΛΒΙΛΕ
1919 5631 1959 5686 L

2074 5626 2320 5684 nones.
2792 5691 2798 5697 _
3381 5672 3388 5677 .
3593 5681 3604 5693 ,

499 5721 545 5804 1⁵⁸
564 5722 762 5808 [(39.9
798 5726 908 5808 καί.
1007 5725 1052 5758 ⁸³
1090 5729 1125 5778 Α
1163 5723 1221 5808 ἐξ
1251 5725 1490 5798 ἐρήμων.
1571 5727 1612 5757 ⁶⁰
1641 5726 1835 5782 πάντα.
1863 5724 1964 5782 Des

2094 5727 2156 5778 A.
2245 5725 2286 5755 ⁶¹
2323 5724 2367 5775 Λ
2390 5718 2630 5792 ἐσείσθη.
2705 5721 2750 5753 ⁸³
2771 5719 2900 5790 Ι-Ῑρό.
2931 5723 2974 5774 Δ
3005 5721 3135 5776 ἀπό.
3215 5723 3262 5755 ⁸³
3292 5722 3474 5795 ὀργῆς.
3503 5720 3613 5776 Des.

397 5787 450 5864 in
478 5787 536 5842 C.
609 5787 664 5825 ’δ’
689 5794 803 5865 πέτ.
833 5797 874 5848 Λ
910 5813 1095 5866 praem.
1137 5799 1208 5849 αἱ.
