3904 6202
252 288 388 362 1ῖ93

1522 313 1602 380 IN
1635 319 1911 384 NAHUM
1971 325 2130 386 CAP.
2171 324 2221 388 Ῑ.

3372 341 3507 413 179ί

317 417 388 478 η’.
428 429 448 462 ‹
492 411 601 468 Καὶ
647 415 706 468 ἐν
758 421 1130 494 κατακλυσμῷ
1182 427 1406 498 πορείας
1445 430 1791 488 συντέλειαν⁴

2003 435 2168 494 Vsus.
2207 440 2262 494 8.
2307 459 2326 492 ι
2367 441 2435 498 Et
2459 443 2514 499 in
2548 445 2762 504 diluvio
2803 454 3126 512 transeunte
3157 466 3504 516 consumma-

245 508 534 576 ποιήσεται
556 525 570 538 ·
609 512 736 575 τοὺς
767 513 1205 590 ὲξεγειρομένους
1243 523 1288 554 ‘“
1313 525 1406 580 καὶ
1449 529 1576 591 τοὺς
1597 529 1827 600 ἐχθροὺς

245 597 410 650 αὑτοῦ
433 597 680 664 διώξεται
708 605 916 670 σκότος.
960 627 978 659 ι
1009 610 1362 685 Πανωλεθρέᾳ
1393 616 1504 688 γάρ
1533 620 1626 672 καὶ
1646 597 1824 692 σκότῳ

242 686 487 759 διηνεκεῖ
508 693 634 757 τοὺς
667 696 789 749 κατ’
818 697 982 754 αὑτοῦ
1012 699 1444 776 θρασυνομένους
1487 710 1819 786 παραδώσει.

241 783 690 856 Κτιτακλυσμὸν
718 789 827 860 γάρ
875 791 970 847 καὶ
1025 795 1408 866 συντέλειαν,
1435 800 1534 870 τὴν
1569 783 1820 857 ’πανωλε-

241 870 400 942 θρίαν
421 875 700 932 ἐκάλεσεν.
727 877 860 935 Εἶτα
911 883 1032 937 κατ’
1059 885 1326 960 ἐρώτησιν
1345 907 1360 920 ·

307 1047 374 1103 θ’.
409 1067 429 1100 ‹
459 1051 523 1104 Τί
572 1051 851 1120 λογίζεσθε
890 1057 980 1111 ἐπὶ
1030 1059 1120 1116 τον
1156 1062 1398 1135 Κύριον;
1439 1085 1456 1117 ι
1501 1067 1686 1141 Ποίαν,
1709 1088 1814 1143 φη-

237 1139 345 1204 civ,
382 1141 795 1214 ὑπολαμϐάνετε
825 1147 1055 1220 δύναμιν
1091 1154 1253 1208 αὑτὸν
1286 1155 1462 1226 ἔχεινς
1492 1161 1815 1218 Συντέλειαν

233 1232 400 1296 αὑτὸς
429 1237 668 1304 ποιήσει,
721 1239 816 1290 καὶ
840 1239 882 1270 ⁸⁷
919 1241 1016 1294 οὑκ
1047 1243 1324 1316 ἐκδικήσει
1351 1247 1432 1312 δὶς
1472 1251 1563 1304 ἐπὶ
1596 1253 1656 1306 τὸ
1684 1256 1814 1308 αὑτὸ

233 1327 291 1375 ἐν
320 1324 519 1394 θλίψει.
561 1347 579 1378 ι
629 1329 876 1400 Ἀθρόαν,
913 1335 1110 1404 φησὶν,
1144 1338 1272 1410 ὑμῖν
1303 1341 1494 1407 ἐπάξει
1525 1347 1626 1416 τὴν
1649 1365 1813 1419 τιμω-

232 1415 379 1484 ρίαν,
423 1417 564 1471 ὥστε
599 1419 674 1492 μὴ
706 1421 963 1495 δεηθῆναι
995 1427 1254 1502 δευτέρας
1285 1432 1521 1506 πληγῆς.

302 1616 354 1664 ι’.
387 1631 405 1661 ι
435 1612 553 1664 Ὅτι
573 1612 676 1678 ἕως
697 1613 995 1686 θεμελίου⁸⁸
1020 1621 1201 1675 αὑτῶν
1227 1627 1687 1700 χερσωθήσονται,
1711 1635 1808 1688 καὶ

225 1703 302 1766 ὡς
327 1703 526 1774 σμίλαξ
554 1708 991 1783 περιπλεκομένη
1025 1712 1092 1777 ⁶⁹,
1117 1713 1573 1786 βρωθήσονταιτο,
1605 1724 1697 1782 καὶ
1729 1724 1806 1788 ὡς

226 1795 450 1869 καλάμη
507 1797 768 1870 ξηρασίας
805 1805 1001 1874 μεστή.
1043 1824 1064 1858 ι
1095 1805 1304 1879 Ὥσπερ
1336 1809 1444 1881 γὰρ
1487 1813 1548 1866 τὸ
1573 1815 1684 1884 πῦρ
1713 1815 1806 1886 ξη-
1834 1789 1878 1844 Β

228 1889 331 1955 ράν
362 1891 407 1920 ⁷¹
446 1891 694 1962 καλάμην
739 1895 1126 1950 καταναλίσκει
1186 1899 1402 1970 ῥαδίως,
1445 1903 1604 1976 καὶὴ
1653 1907 1806 1978 παρὰ

223 1983 351 2046 τοὺς
381 1987 668 2057 φραγμοὺς
689 1990 930 2060 φυομένη
973 1991 1192 2070 βοτάνη,
1224 1997 1455 2062 καὶτοῖς
1489 1999 1801 2072 παλιούροις

225 2075 464 2146 μάλιστα
487 2079 929 2152 συμπλεκομένη,
955 2081 1076 2138 οὗτε
1113 2085 1358 2150 ἐκείνους
1383 2087 1567 2142 ἀνθεῖν
1589 2093 1672 2162 ἑᾷ,
1705 2094 1799 2149 καὶ

222 2165 362 2239 αὕτη
394 2167 472 2238 τῷ
502 2169 674 2241 χρόνω
709 2171 1082 2242 διαφθείρεται
1109 2191 1122 2203 ·
1158 2175 1331 2240 οὕτως
1384 2178 1542 2248 ὑμεῖς
1565 2181 1664 2245 τὰς
1693 2183 1800 2242 τῶν

222 2261 400 2314 ἄλλων
435 2264 840 2328 καταλύσαντες
898 2266 1196 2337 βασιλείας,
1247 2270 1343 2324 καὶ
1389 2273 1488 2345 τῆς
1521 2273 1801 2348 βασιλείας

220 2353 395 2426 αὑτῆς
419 2355 863 2430 γυμνωθήσεσθε,
893 2359 988 2412 καὶ
1017 2359 1222 2431 ὀλέθρῳ
1265 2364 1796 2436 παραδοθήσεσθε⁷³.

218 2448 331 2501 Καὶ
357 2450 458 2520 τῆς
491 2449 760 2520 τιμωρίας
789 2451 849 2503 τὸ
879 2451 1086 2505 δίκαιον
1107 2452 1340 2521 δεικνὺς,
1366 2457 1647 2528 ἐπήγαγεν
1674 2476 1688 2492 °

292 2546 380 2594 ια’.
419 2559 436 2592 ι
501 2540 596 2593 Ἐκ
647 2541 740 2594 σοῦ
798 2541 1138 2608 ἐξελεύσεται
1194 2544 1456 2616 λογισμὸς
1512 2548 1655 2604 κατὰ
1701 2550 1796 2604 τοῦ

179 2691 182 2694 ,
218 2631 450 2702 Κυρίου,
505 2633 716 2703 πονηρά
774 2633 1158 2706 βουλευόμενος
1201 2638 1437 2694 ἐναντία.
1478 2659 1496 2694 ›
1527 2640 1712 2696 Ταῦτα
1737 2643 1794 2696 δὲ

217 2725 383 2797 πείσῃ
409 2723 496 2780 διὰ
539 2724 638 2790 τὰς
678 2725 912 2796 μανικὰς
945 2727 1046 2796 τῆς
1079 2727 1179 2797 σῆς
1213 2727 1422 2794 ἐννοίας
1462 2731 1673 2794 ὠδῖνας.
1701 2735 1793 2788 Δι-

214 2815 404 2870 δάσκει
429 2815 486 2870 δὲ
518 2817 719 2880 ταύτας
750 2819 898 2888 ἡμᾶς
928 2818 1022 2872 καὶ
1047 2819 1079 2888 ἡ
1103 2820 1335 2894 τετάρτη
1366 2811 1476 2876 τῶν
1495 2821 1792 2876 Βασιλειῶν

219 2907 454 2976 ἱστορία,
483 2910 578 2962 καὶ
621 2910 648 2964 6
689 2909 972 2972 θεσπέσιος
1012 2910 1257 2979 Ἡσαΐας.
1301 2913 1388 2966 Ἐν
1416 2914 1654 2978 ἐκείναις
1683 2915 1792 2988 γὰρ

213 3001 334 3062 ταῖς
361 2999 562 3068 βίϐλοις
589 3002 618 3054 6
651 3000 1023 3072 Σενναχηρεὶμ
1049 3002 1484 3074 ἀναγέγραπται,
1504 3005 1598 3076 τὴν
1633 3005 1790 3077 βλασ-

213 3091 426 3162 φημίαν
455 3093 670 3164 ἐκείνην
713 3093 854 3146 κατὰ
881 3092 974 3146 τοῦ
1013 3093 1147 3146 Θεοῦ
1175 3095 1280 3149 τῶν
1305 3096 1440 3150 ὅλων
1477 3098 1746 3172 λυττήσας
1769 3117 1782 3130 ·

219 3201 238 3232 ι
277 3182 484 3235 Εἴπατε
531 3182 750 3254 Ἐζεκίᾳ
770 3197 784 3212 ⁶
808 3183 947 3237 Τάδε
985 3183 1133 3252 λέγει
1155 3185 1184 3236 6
1211 3186 1462 3254 βασιλεὺς
1489 3191 1518 3243 ὁ
1551 3190 1787 3261 μέγας,ὁ

213 3275 468 3343 βασιλεὺς
517 3275 626 3328 τῶν
668 3277 968 3346 ’Λσσυρίων
992 3289 1006 3302 ⁸
1033 3276 1120 3348 Μή
1177 3296 1236 3331 σε
1289 3282 1552 3336 ἀπατάτω
1591 3283 1619 3335 6
1655 3283 1787 3347 Θεὸς

214 3383 306 3418 σου
339 3367 397 3419 ἐν
516 3368 578 3420 σὺ
612 3367 878 3434 πέποιθας
934 3372 1020 3426 ἐπ’
1068 3372 1216 3442 αὐτῷ
1242 3413 1256 3438 ,
1287 3373 1368 3426 ὅτι
1424 3375 1646 3444 ῥύσεται
1688 3376 1786 3444 τὴν

223 3457 580 3528 Ἰερουσαλὴμ
623 3460 686 3512 ἐκ
737 3463 918 3530 χειρός
963 3481 1082 3534 μου.
1111 3485 1128 3512 ι
1161 3464 1270 3516 Καὶ
1305 3465 1372 3516 τὲ
1404 3465 1538 3518 ἄλλα
1567 3466 1636 3518 τὰ
1662 3467 1786 3519 τού-

210 3567 322 3614 τοις
352 3552 677 3622 προσόμοια.
714 3553 929 3624 Ταύτην
963 3555 1126 3610 αὐτοῦ
1161 3555 1259 3626 τὴν
1307 3555 1626 3620 ἀλαζονείαν
1653 3559 1784 3610 ὑπο-

115 3671 119 3675 -
209 3642 423 3704 δεικνὺς
457 3644 484 3696 6
539 3643 670 3708 Θεὸς
729 3645 880 3714 ἔλεγε
931 3647 1017 3700 διὰ
1051 3647 1143 3700 τοῦ
1205 3649 1482 3718 προφήτου
1523 3663 1536 3676 ο
1570 3667 1586 3698 ι
1633 3649 1785 3702 Ἑπι-

207 3734 484 3803 σκέψομαι
512 3737 604 3788 ἐπὶ
657 3736 749 3789 τὸν
779 3737 901 3790 νοῦν
952 3738 1044 3792 τὸν
1095 3739 1287 3810 μέγαν,
1313 3738 1402 3792 τὸν
1431 3739 1653 3808 βασιλέα
1677 3741 1784 3792 τῶν

215 3827 522 3894 ’Δσσυρίων
551 3843 564 3857 ·
605 3847 623 3878 ι
656 3827 798 3882 οὕτω
828 3827 934 3880 τῶν
978 3829 1250 3901 λογισμῶν
1283 3832 1444 3885 αὑτοῦ
1469 3832 1566 3902 τὴν
1593 3831 1784 3898 ἀλαζο-

201 3934 259 3968 νε
271 3917 355 3968 ίαν
385 3933 452 3984 γυ
461 3920 601 3986 μνοῖ.

279 4029 370 4098 ιβ’.
393 4051 409 4081 ι
435 4031 572 4085 Τάδε
599 4031 745 4100 λέγει
765 4033 988 4106 Κύριος,
1009 4036 1294 4106 κατάρχων
1321 4037 1526 4091 ὑδάτων
1550 4038 1778 4103 πολλῶν,

199 4123 302 4176 καὶ
321 4121 464 4175 οὕτω
485 4123 952 4193 διασταλήσονται.
985 4147 1002 4178 ι
1027 4127 1267 4196 Πλῆθος
1290 4129 1522 4184 ὑδάτων
1559 4130 1618 4183 τὸ
1645 4131 1779 4202 πλῆ-

200 4215 297 4277 θος
326 4215 435 4268 τῶν
461 4215 812 4270 Βαϐυλωνίων
842 4217 1014 4283 καλεῖ,
1029 4219 1089 4272 τὸ
1108 4219 1248 4274 κατὰ
1277 4224 1376 4288 τῆς
1404 4221 1589 4275 Νινευῖ
1619 4240 1782 4292 στρα-

197 4307 426 4368 -τεῦσαν,
459 4307 486 4359 ὃ
523 4307 677 4376 δίκην
729 4309 940 4362 ὑδάτων
991 4313 1102 4373 τοῖς
1158 4309 1333 4379 λόχοις
1375 4310 1668 4381 διαιρεθὲν,
1701 4316 1780 4377 εἰς

196 4401 304 4468 τὴν
323 4399 420 4468 τῆς
440 4401 644 4462 πόλεως
664 4399 980 4470 πολιορκίαν
1003 4401 1268 4472 ἐχώρησε.
1290 4401 1492 4456 Τούτου
1512 4403 1592 4469 δὲ,
1623 4405 1776 4474 φησὶ,

1931 526 2133 582 tionem
2167 528 2370 586 faciet:
2407 549 2814 608 consurgentes
2845 550 2901 596 et
2937 542 3197 602 inimicos
3233 547 3356 618 ejus
3378 565 3502 620 per-

1927 630 2226 686 sequentur
2249 623 2505 680 tenebrae.
2539 645 2558 678 ι
2589 626 2866 687 Funditus
2911 633 3059 687 enim
3098 639 3309 704 perdet,
3349 651 3406 696 et
3441 641 3496 697 in

1923 715 2224 777 perpetuas
2265 713 2525 770 tenebras
2575 717 2730 775 dabit
2775 735 2872 782 eos
2900 723 2993 794 qui
3029 732 3226 786 eontra
3255 742 3377 788 cum
3417 737 3498 783 te-

1922 815 2074 854 mere
2103 801 2473 863 insoleSCunt.
2513 807 2785 864 Diluvium
2813 814 2960 874 enim
2994 823 3050 869 et
3079 813 3495 876 consummatio-

1922 909 2038 947 nam
2067 897 2280 954 vocavit
2312 913 2634 970 supremum
2665 903 2918 964 exitium.
2957 905 3161 970 Deinde
3183 925 3284 980 per
3309 912 3484 972 inter-

1923 987 2266 1055 rogationem
2296 1007 2310 1044 :

1991 1074 2158 1132 Vens.
2191 1079 2244 1134 9.
2291 1081 2483 1148 tQuid
2535 1087 2792 1155 cogitatis
2851 1099 3044 1145 contra
3100 1090 3485 1151 Dominum?»

1917 1165 2117 1234 Quam,
2151 1170 2350 1242 inquit,
2379 1185 2711 1243 potBSIatem
2729 1193 2856 1234 eum
2877 1179 3085 1241 habere
3104 1185 3490 1243 arbitramini?

1921 1277 1940 1309 ι
1988 1259 2536 1324 Consummationem
2579 1268 2697 1338 ipse
2745 1268 2909 1326 faciet
2959 1291 2972 1326 :
3017 1287 3128 1334 non
3182 1277 3488 1335 vindicabit

1914 1349 2000 1406 his
2024 1351 2080 1412 in
2117 1353 2355 1426 idipsum
2389 1360 2444 1415 in
2489 1360 2864 1420 tribulatione.
2905 1382 2926 1416 ι
2961 1365 3337 1435 Cunwlatum,
3388 1373 3483 1437 ait,

1912 1441 2074 1498 vobis
2109 1444 2312 1506 inferet
2345 1450 2707 1525 supplicium,
2746 1453 2822 1512 ita
2873 1465 2932 1512 ut
2961 1471 3071 1511 non
3111 1459 3185 1512 sit
3225 1473 3364 1530 opus
3393 1477 3484 1517 se-

1910 1533 2150 1589 cundam
2179 1537 2394 1608 plagam
2420 1541 2678 1617 adjicere.

1979 1641 2148 1700 Vsus.
2186 1645 2274 1700 10.
2315 1665 2334 1704 ι
2369 1648 2505 1714 Quia
2540 1667 2718 1721 usque
2751 1651 2816 1712 ad
2855 1652 3274 1714 fundamentum
3320 1677 3481 1718 suum

1907 1731 2236 1804 redigentur
2264 1736 2319 1794 in
2369 1739 2751 1808 solitudinem,
2782 1751 2838 1798 et
2871 1747 3032 1814 quasi
3066 1747 3242 1805 herba
3275 1766 3480 1809 convo-

1909 1821 2022 1876 luta
2058 1825 2441 1892 comedentur,
2473 1837 2528 1884 et
2551 1831 2708 1900 quasi
2738 1833 2943 1903 stipula
2963 1837 3220 1898 ariditate
3249 1841 3430 1911 plena.
3455 1864 3480 1894 ν

1906 1911 2380 1978 Quemadmodum
2415 1920 2558 1990 ignis
2588 1923 2849 1992 stipulam
2885 1927 3094 1989 siccam
3140 1930 3303 1987 facile
3346 1949 3474 1990 con-

1905 2006 2096 2070 sumit,
2121 2016 2172 2061 et
2193 2009 2362 2064 herba
2392 2013 2458 2066 ad
2497 2027 2656 2081 sepes
2697 2031 2956 2084 nascens,
3001 2031 3055 2075 et
3093 2037 3214 2091 qua:
3246 2025 3476 2092 paliuris

1903 2097 2256 2165 potissimum
2308 2101 2645 2177 implicatur,
2695 2122 2796 2161 nec
2838 2109 2962 2166 illas
3015 2110 3210 2168 florere
3235 2115 3394 2180 sinit,
3424 2125 3480 2170 et‘

1901 2184 2022 2254 ipsa
2062 2193 2307 2258 tempore
2337 2194 2763 2262 corrumpitur:
2803 2196 2884 2253 sic
2932 2213 3054 2264 vos,
3111 2203 3204 2271 qui
3243 2203 3474 2260 aliorum

1899 2288 2068 2346 regna
2102 2276 2408 2346 delevistis,
2456 2291 2512 2336 ct
2563 2285 2684 2354 ipso
2739 2303 2911 2358 regno
2971 2293 3362 2360 spoliabimini,
3421 2305 3476 2350 et

1899 2365 2146 2445 funditus
2194 2371 2466 2438 peribitis.
2501 2373 2566 2427 Et
2619 2378 2878 2446 supplicii
2926 2381 3241 2450 aequitatem
3282 2393 3470 2442 osten-

1901 2439 2059 2520 dens,
2088 2457 2376 2528 subiunxit
2411 2479 2425 2514 :

1965 2544 2132 2602 Vsus.
2171 2550 2256 2603 ll.
2291 2570 2308 2600 ι
2348 2550 2424 2604 Ex
2467 2561 2521 2607 te
2554 2555 2729 2619 exibit
2787 2557 3056 2627 cogitatio
3112 2568 3308 2614 contra
3365 2561 3471 2617 Do-

1897 2637 2128 2706 minum,
2153 2643 2394 2710 pessima
2429 2647 2682 2715 cogitans
2715 2649 3022 2706 contraria.
3063 2671 3083 2702 ι
3117 2649 3244 2705 llaec
3287 2663 3469 2710 autem

1895 2729 2122 2796 patieris
2165 2740 2388 2801 propter
2429 2735 2655 2792 insanas
2696 2739 2898 2798 mentis
2939 2749 3045 2798 tum
3073 2743 3466 2812 cogitationes.

1895 2815 2006 2872 llas
2034 2835 2162 2878 vero
2204 2837 2305 2878 nos
2339 2823 2500 2879 docet
2523 2834 2756 2895 quartus
2780 2829 2944 2882 etiam
2966 2828 3284 2905 Regnorum
3305 2835 3466 2904 liber,

1891 2917 1947 2963 et
1981 2909 2238 2967 divinus‘
2270 2911 2462 2969 Isaias.
2501 2914 2558 2972 In
2609 2918 2720 2974 illis
2748 2919 2896 2974 enim
2935 2920 3096 2980 libris
3151 2924 3468 2983 Seunache-

1893 3003 1979 3058 rib
2011 3003 2351 3062 describitur
2385 3009 2629 3071 rabidam
2656 3013 2803 3072 illam
2837 3015 3229 3086 blasphemiam
3257 3019 3471 3094 1523

1891 3103 2086 3150 contra
2139 3098 2525 3154 universorum
2581 3101 2748 3157 Deum
2815 3104 3146 3162 effundens:
3197 3127 3216 3158 ‹
3289 3109 3467 3166 Dicite

1890 3188 2156 3252 Ezechiae,
2199 3191 2315 3244 haec
2347 3191 2481 3246 dicit
2513 3209 2608 3248 rex
2637 3210 2893 3265 magnus,
2935 3212 3029 3252 rex
3060 3198 3415 3270 Assyriorum
3447 3221 3460 3256 :

1887 3280 1964 3336 Ne
1996 3282 2224 3337 seducat
2257 3292 2309 3338 te
2344 3283 2488 3339 Deus
2534 3294 2688 3352 tuus,
2749 3288 2804 3342 in
2835 3303 2944 3358 quo
2999 3291 3266 3356 confidis,
3317 3293 3460 3360 quod

1887 3370 2225 3428 liberaturus
2272 3375 2343 3430 sit
2387 3374 2818 3446 Hierosolymam
2869 3379 2939 3434 de
2984 3395 3149 3434 manu
3206 3398 3326 3436 mea
3350 3381 3396 3437 κ.
3438 3403 3457 3435 ι

1887 3461 2176 3518 Et.c:etera
2207 3464 2292 3520 his
2337 3467 2563 3520 similia.
2599 3465 2752 3522 lianc
2783 3469 2906 3538 ejus
2957 3472 3332 3545 arrogantiam
3369 3471 3460 3525 de-

1887 3555 2115 3626 sigoans
2170 3558 2386 3612 dicebat
2443 3559 2587 3614 Deus
2641 3575 2742 3630 per
2804 3547 3129 3630 prophetam
3165 3581 3177 3614 :
3211 3561 3462 3620 Visitabo

1886 3662 2052 3715 super
2087 3658 2330 3706 mentem
2388 3666 2674 3720 magnam,
2730 3667 2912 3724 regem
2966 3653 3344 3725 Assyriorum.
3382 3657 3460 3712 Ita

1884 3739 2285 3810 cogitationum
2317 3742 2437 3812 ejus
2483 3743 2864 3816 arrogantiam
2899 3745 3182 3819 exprimit.

1954 4047 2119 4106 Vens.
2166 4049 2252 4106 12.
2293 4067 2311 4098 ι
2348 4047 2474 4105 llaec
2501 4048 2636 4105 dicit
2673 4049 2961 4116 Dominus,
2989 4054 3270 4122 imperans
3299 4061 3458 4127 aquis

1885 4139 2092 4205 multis,
2144 4148 2198 4194 et
2247 4140 2329 4197 sic
2381 4141 2722 4197 dividentur.
2757 4161 2774 4194 ι
2827 4143 3103 4212 Aquarum
3153 4147 3454 4200 nmltt’mdi‘

1883 4245 1996 4283 nem
2032 4231 2273 4300 appellat
2307 4229 2738 4300 Babyloniorum
2780 4233 3216 4298 multitudinem,
3249 4237 3451 4290 bellum

1883 4322 2210 4376 inferentem
2235 4321 2529 4389 Ninevitis,
2563 4339 2685 4392 qua:
2711 4325 2777 4376 ad
2830 4324 3258 4380 similitudinem
3298 4341 3461 4396 aqua

1881 4409 2056 4466 divisa
2084 4409 2140 4462 in
2181 4410 2483 4474 cohortes,
2541 4412 2609 4466 ad
2663 4412 2818 4468 urbis
2873 4413 3217 4470 obsidionem
3277 4417 3456 4471 venit.

196 4491 522 4560 γενομένου,
563 4510 580 4542 ι
613 4492 674 4545 Ἢ
707 4493 841 4563 ἀκοή
875 4509 969 4546 σου
995 4493 1092 4546 οὐκ
1135 4492 1590 4562 ἐνακουσθήσεται
1618 4491 1717 4548 ἔτι.
1753 4512 1772 4544 ι

1906 4500 2018 4564 loc,
2058 4500 2258 4571 inquit,
2323 4501 2492 4566 facto,
2529 4524 2550 4554 ο
2579 4503 2815 4560 Auditus
2845 4514 2975 4560 tuus
3018 4521 3131 4561 non
3199 4509 3460 4567 audietur

195 4577 361 4648 Λήθῃ
389 4576 497 4647 γὰρ
524 4579 776 4633 παντελεῖ
804 4579 1179 4652 παραδοθήσῃ.

279 4693 367 4755 ιγ’.
397 4707 414 4739 ι
445 4689 552 4741 Κάὶ
572 4689 665 4744 νύν
697 4691 970 4765 συντρίψω
995 4691 1092 4763 τὴν
1117 4692 1308 4763 ῥάϐδον
1340 4692 1504 4748 αὑτοῦ
1529 4695 1636 4748 ἀπὸ
1663 4696 1776 4760 σοῦ,

195 4781 300 4833 καὶ
329 4781 454 4844 τοὺς
491 4783 723 4854 δεσμούς
781 4787 942 4842 σου⁷³
965 4787 1258 4858 διαῤῥήξω.
1297 4806 1316 4842 ι
1361 4787 1616 4858 Λήψομαι
1670 4789 1777 4860 γὰρ

196 4873 360 4944 παρὰ
394 4875 488 4928 σοῦ
537 4877 637 4947 τὴν
686 4876 934 4940 ἐξουσίαν
959 4917 972 4941 ,
1001 4879 1066 4948 ἢν
1116 4877 1292 4932 ἔδωκά
1329 4895 1412 4931 σοι
1461 4879 1658 4932 πάλαι·
1686 4881 1779 4934 καὶ

197 4965 497 5022 καταλύσω
538 4985 630 5020 σου
665 4969 763 5040 τὴν
796 4970 1137 5036 δυναστείαν,
1162 4971 1288 5034 τοὺς
1317 4971 1524 5042 ταύτης
1551 4971 1778 5044 διαρρή-

197 5059 304 5123 ξας
335 5059 682 5130 συνδέσμους.
739 5062 982 5114 Ῥιὶϐδον
1012 5061 1121 5132 γὰρ
1146 5061 1244 5131 τὴν
1286 5061 1534 5126 ἐξουσίαν
1579 5063 1734 5117 καλεί
1763 5080 1776 5092 ·

198 5152 301 5204 καὶ
350 5151 508 5207 τοῦτο
563 5151 748 5222 σαφῶς
783 5155 928 5224 ἡμᾶς
979 5153 1067 5206 διὰ
1098 5153 1320 5206 Ἡσαΐου
1356 5154 1450 5207 τοῦ
1500 5157 1777 5227 προφήτου

279 5310 302 5347 lt
338 5307 405 5362 ιν
432 5307 566 5376 Reg.
598 5327 749 5374 xvut,
785 5311 848 5366 l9
881 5326 1032 5378 seqq.

1878 4588 2170 4658 amplius.)
2203 4588 2439 4648 Prorsus
2475 4590 2622 4649 enim
2665 4593 2928 4650 oblivioni
2979 4595 3238 4651 traderis.

1945 4699 2114 4756 Vsus.
2151 4703 2237 4757 15.
2276 4720 2296 4754 ι
2337 4703 2404 4757 Et
2438 4720 2584 4758 nunc
2609 4713 2890 4760 conteram
2929 4708 3141 4779 virgam
3169 4711 3284 4780 ejus
3311 4726 3337 4762 a
3375 4720 3448 4772 to,

1879 4801 1935 4848 et
1969 4793 2192 4848 vincula
2241 4801 2334 4850 tua
2369 4797 2733 4868 disrumpam.
2776 4818 2796 4851 ι
2827 4799 3111 4870 Rccipiam
3161 4803 3328 4866 enim,
3365 4803 3453 4857 ina

1880 4886 2019 4954 quit,
2060 4885 2157 4940 abs
2180 4893 2234 4938 te
2259 4895 2614 4956 potestatem,
2655 4905 2819 4961 quam
2873 4890 3001 4944 olim
3051 4892 3176 4946 dedi
3225 4893 3360 4960 tibi,
3397 4901 3452 4948 et

1877 4975 2160 5030 destruant
2199 4978 2568 5048 principatum
2621 4987 2813 5045 tuum,
2861 4997 2990 5036 cum
3041 4983 3162 5052 ejus
3224 4985 3455 5040 vincula

1877 5068 2236 5136 disruperim.
2308 5069 2520 5140 Virgam
2573 5073 2720 5126 enim
2773 5083 3107 5143 potestatem
3161 5080 3448 5148 appellat:

1875 5157 2040 5229 idque
2071 5167 2260 5230 aperte
2288 5175 2392 5218 nos
2445 5162 2609 5218 docet
2668 5179 2766 5234 per
2813 5165 3011 5222 Isaiam
3071 5171 3392 5240 prophetam
3427 5187 3446 5222 ι

1505 5467 1738 5523 VARle
1773 5468 2180 5528 LECTIONES.

276 5605 322 5633 εδ
363 5603 406 5654 Α
464 5601 792 5664 συντελείας.
904 5603 1522 5675 θδΛίὲπεγειρομένους.

204 5675 245 5707 ⁵⁸³
283 5673 324 5728 G
355 5671 686 5741 πλεκομένη.
760 5673 802 5703 ⁷⁰
839 5672 884 5725 Α
918 5671 1280 5744 βρωθήσεται.

1635 5607 1674 5636 ⁵⁷
1725 5608 1837 5661 καί.
1889 5606 2012 5663 Des.
2067 5611 2118 5662 in
2154 5609 2220 5662 A.

1357 5676 1394 5704 τι
1429 5675 1547 5742 ξηρ.
1588 5675 1627 5726 C
1659 5692 1842 5740 pra'tu.
1872 5679 1988 5747 τήν.

2321 5611 2364 5642 ⁸⁸
2395 5612 2437 5665 Α
2477 5611 2741 5693 θεμελίων
2792 5613 2958 5693 αὐτος)
3013 5609 3444 5693 χερσιωθήσεταιι
3527 5687 3532 5693 ι

2071 5681 2112 5708 ⁷³
2137 5682 2231 5732 καὶ
2259 5679 2338 5734 ὁλ.
2371 5699 2503 5752 παρ.
2528 5679 2650 5740 Des.
2686 5689 2739 5741 in
2763 5687 2822 5738 (Σ.
2898 5685 2940 5716 ⁷³
2978 5679 3094 5734 σου.
3121 5679 3262 5736 υρεζ
3291 5683 3359 5760 in.
3380 5682 3444 5732 Α.
