3904 6202
374 531 431 584 in
461 527 717 582 manibus
743 536 935 578 eorum
964 518 1006 575 ι.
1041 537 1058 569 ι

456 743 613 796 Vsus.
645 741 731 794 M.
765 756 784 789 ι
823 724 890 791 Et
935 736 1221 808 praSci'piet
1257 734 1325 789 de
1379 741 1433 788 te
1488 728 1775 785 Dominus.
1811 750 1829 783 ι
1865 728 1950 784 Me

374 836 546 900 enim,
605 832 801 902 inquit,
850 836 1151 892 annuente,
1211 826 1327 881 haec
1394 823 1720 880 sustinebis.
1766 841 1785 874 ι
1828 820 1951 876 Νοιι

380 927 744 985 seminabitur
773 923 851 993 de,
870 921 1090 976 nomine
1116 929 1212 974 tuo
1242 918 1499 989 amplius.
1527 936 1544 968 ι
1569 915 1693 970 Non
1713 914 1950 985 amplius

377 1021 522 1077 enim
578 1030 778 1071 nomen
829 1024 982 1069 tuum
1040 1011 1278 1066 subditis
1330 1006 1663 1077 imponetur.
1733 1003 1951 1059 Subditi

377 1111 522 1166 enim
551 1122 580 1160 a
613 1106 733 1160 suis
776 1102 999 1174 regibus
1042 1106 1243 1155 unmen
1276 1098 1531 1167 accipere
1565 1097 1715 1151 soliti
1763 1102 1895 1151 Sunt
1935 1111 1950 1147 :

378 1205 461 1257 sic
508 1213 537 1252 a
584 1197 859 1266 Babylone
920 1192 1241 1264 Babylonii,
1279 1205 1309 1243 a
1346 1190 1492 1261 Cyro
1548 1188 1719 1244 Persa
1773 1188 1957 1242 Persae

379 1288 646 1347 nominati
685 1295 816 1343 sunt
848 1304 862 1340 :
894 1294 949 1340 et
974 1294 1161 1354 postea
1206 1282 1533 1337 Macedones
1565 1296 1593 1333 a
1638 1279 1954 1334 Macedoni-

379 1382 504 1447 bus,
543 1387 600 1435 et
635 1394 782 1433 nunc
809 1391 839 1431 a
873 1374 1046 1431 Roma
1079 1367 1295 1446 1524
1329 1371 1582 1428 Romani.
1620 1389 1639 1422 ι
1674 1370 1750 1426 De
1790 1364 1957 1424 domo

386 1475 479 1530 Dei
510 1474 587 1527 tui
636 1471 952 1540 disperdam
1004 1469 1305 1538 sculptilis,
1336 1477 1390 1520 et
1416 1464 1711 1520 conﬂatilia
1758 1466 1957 1534 ponam

383 1566 701 1637 sepulcrum
757 1573 945 1627 tuum,
1000 1561 1133 1631 quia
1168 1559 1533 1614 inhonoratus
1564 1573 1643 1614 es.
1710 1577 1728 1608 ι
1786 1548 1959 1610 Porro

384 1672 492 1711 una
535 1667 717 1710 tecum
755 1653 1007 1708 funditus
1037 1655 1204 1707 etiam
1257 1652 1516 1721 peribunt
1554 1650 1642 1704 dei
1671 1648 1749 1702 tui
1789 1648 1958 1702 manu

1321 308 1810 372 THEODOBETI
1873 305 2236 366 EPISCOPI‘
2280 296 2645 363 CYRENSIS

2130 739 2209 792 ιδ’.
2249 756 2266 788 ‹
2304 736 2415 790 Καὶ
2456 731 2755 787 ἐντελεῖται
2811 726 2941 797 περὶ
2988 723 3081 776 σοῦ
3136 720 3360 792 Κύριος.
3398 739 3415 772 ι
3472 716 3645 789 Ἐμοῦ

2053 831 2163 900 γὰρ
2201 828 2449 890 νεύοντος
2483 822 2656 877 ταῦτα
2680 821 2866 891 πείσῃ.
2895 837 2912 867 ι
2953 816 3028 868 Οὐ
3068 814 3406 884 σπαρήσεται
3443 811 3517 863 ἐκ
3548 806 3646 862 τοῦ

2053 920 2317 992 ὀνόματός
2343 935 2433 971 σου
2462 915 2595 969 ἐτι.)
2630 910 2829 965 Οὐκέτι
2857 907 2965 978 γὰρ
2991 908 3025 977 ἡ
3056 906 3122 975 σὴ
3152 902 3497 975 προσηγορία
3532 904 3650 992 τοῖς

2055 990 2317 1081 ὑπηκόοις
2341 1005 2723 1074 ὲπιτεθήσεται
2743 1017 2756 1029 °
2777 999 2895 1081 ἔθος
2922 995 3032 1064 γὰρ
3054 995 3163 1049 ἀπὸ
3190 994 3298 1046 τῶν
3330 990 3651 1063 βασιλευόν-

2055 1115 2164 1154 των
2193 1086 2321 1162 τοὺς
2366 1080 2707 1168 ἀρχομένους
2755 1078 3073 1143 καλεῖσθαι’
3107 1084 3281 1148 οῦτως
3314 1085 3419 1138 ὀιπὸ
3459 1082 3647 1135 Βαϐυ·

2056 1189 2227 1251 λῶνος
2278 1183 2606 1239 Βαϐυλώνιοι
2640 1195 2654 1210 ⁶
2707 1178 2804 1233 καὶ
2855 1169 2965 1231 ἀπὸ
3020 1172 3207 1244 Κύρου
3274 1172 3367 1225 τοῦ
3419 1170 3649 1241 Πέρσου

2058 1279 2266 1351 Πέρσαι
2300 1293 2315 1307 ·
2364 1275 2457 1329 καὶ
2495 1271 2805 1332 Μακεδόνες
2846 1268 2955 1322 ἀπὸ
2992 1254 3318 1320 Μακεδόνων
3366 1254 3610 1330 ὕστερον
3636 1276 3648 1288 ·

2059 1372 2155 1427 καὶ
2178 1369 2273 1423 νῦν
2325 1367 2435 1423 ἀπὸ
2476 1364 2698 1436 Ῥώμης
2761 1362 3041 1431 Ῥωμαῖοι.
3091 1376 3109 1409 ι
3167 1356 3259 1420 Ἐξ
3301 1357 3455 1408 οἴκου
3510 1351 3651 1405 Θεοῦ

2062 1481 2156 1518 σου
2188 1458 2558 1531 ὲξολοθρεύσω
2587 1455 2826 1524 γλυπτὰ,
2867 1453 2963 1505 καί⁸
2986 1448 3230 1521 χωνευτὰ
3266 1447 3515 1516 θήσομαι
3554 1446 3654 1496 τα-

2061 1555 2171 1625 φήν
2195 1551 2415 1616 σου,ὃτι
2435 1545 2721 1619 ὴτιμὼθης
2752 1545 2819 1599 ⁷⁸.
2861 1562 2879 1593 ›
2912 1541 3315 1610 Κοινωνήσουσι
3340 1536 3396 1589 δέ
3431 1536 3525 1588 σοί
3555 1536 3659 1604 τῆς

2062 1644 2341 1706 ἀπωλείας
2374 1640 2472 1695 καὶ
2520 1640 2570 1693 οἰ
2613 1633 2969 1708 χειρόκμητά
3016 1650 3111 1686 σου
3147 1630 3259 1684 θεοὶ
3279 1670 3293 1694 ,
3314 1628 3407 1691 οὓς
3434 1629 3525 1689 εἰς
3558 1626 3660 1695 τὴν

387 1748 541 1810 facti,
584 1761 725 1815 quos
761 1745 904 1798 intra
968 1752 1174 1798 terram
1233 1718 1440 1797 abdcs:
1476 1752 1531 1797 et
1588 1744 1851 1810 tanquam
1905 1740 1958 1793 in

2077 1737 2166 1807 [ἦν
2196 1732 2587 1804 κατακρύψεις,
2637 1729 2729 1781 καὶ
2770 1729 2846 1791 ὡς
2886 1728 2944 1779 ὲν
2992 1724 3183 1792 τάφοις
3229 1721 3336 1774 τισὶ
3393 1718 3660 1788 καταχώ-

386 1837 657 1908 sepulcris
706 1832 1031 1902 quibusdam
1090 1832 1312 1895 obrucs,
1347 1845 1414 1884 ue
1466 1830 1570 1900 ipsi
1600 1842 1820 1899 quoque
1862 1827 1961 1880 ho-

387 1928 564 1984 stibus
606 1925 789 1997 praeda
826 1924 978 1978 (iant.

457 2039 626 2096 Vsus.
664 2039 747 2094 l5.
795 2056 813 2089 ι
844 2036 985 2102 Quia
1047 2034 1270 2090 veloces
1332 2047 1464 2088 ecce
1525 2045 1692 2101 super
1740 2034 1963 2085 montes

388 2133 559 2204 pedes
620 2128 1075 2201 evangelizantis,
1133 2135 1188 2181 et
1237 2125 1626 2180 annuntiantis
1682 2138 1896 2193 pacem.
1939 2141 1957 2173 ι

388 2226 525 2279 Cum
556 2223 672 2276 lucc
704 2233 895 2275 contra
933 2228 983 2273 te
1019 2218 1168 2282 ﬁent,
1205 2217 1363 2271 multi
1416 2224 1715 2270 accurrent
1746 2215 1811 2269 ad
1842 2229 1960 2279 eos,

389 2314 483 2383 qui
540 2312 788 2366 habitant
840 2310 896 2363 in
938 2306 1146 2371 Iudaea,
1191 2307 1469 2377 iucundos
1526 2307 1678 2375 pacis
1740 2306 1963 2360 nuntios

391 2403 706 2458 afferentes.
744 2418 761 2452 ι
789 2400 1037 2464 Celebra,
1057 2398 1219 2464 Juda,
1246 2397 1576 2453 festivitates
1607 2406 1728 2453 tuas
1759 2415 1772 2451 ε
1801 2396 1966 2452 redde

391 2494 504 2549 Deo
532 2500 658 2548 vota
684 2503 776 2546 tua
822 2508 837 2545 :
870 2491 999 2559 quia
1027 2504 1375 2558 nequaquam
1408 2498 1689 2558 apponent
1723 2488 1866 2542 ultra
1907 2497 1958 2542 ul

389 2592 778 2656 pertranseant
820 2581 875 2635 in
922 2588 1257 2637 ‘vetustatem
1309 2598 1323 2636 :
1371 2589 1789 2635 consummatus
1857 2589 1965 2646 est,

392 2672 646 2728 sublatus
678 2678 784 2725 est.
820 2664 980 2726 »νοε
1036 2679 1255 2735 autem,
1316 2670 1518 2741 inquit,
1576 2671 1671 2741 qui
1725 2671 1964 2725 hostium

392 2763 619 2818 exitium
653 2756 965 2825 audivistis,
1000 2761 1276 2833 legitimos
1317 2761 1437 2817 dies
1464 2760 1577 2817 Deo
1598 2760 1770 2818 festos
1797 2763 1966 2833 agite,

392 2860 448 2908 et
490 2852 650 2907 solita
708 2866 869 2907 sacra
921 2851 1244 2906 celebrate:
1283 2866 1410 2905 nam
1470 2851 1719 2907 funditus
1776 2853 1963 2922 periit,

393 2944 489 3012 qui
520 2943 724 2997 multas
744 2945 762 2964 '
794 2950 986 2997 contra
1009 2958 1109 2998 vos
1127 2943 1504 3012 expeditiones
1518 2944 1744 3009 fecerat,
1774 2951 1831 3000 et
1859 2959 1968 2999 non

402 3032 634 3103 atnplius
658 3045 987 3087 consumere
1016 3038 1073 3087 et
1124 3031 1354 3103 perdere
1402 3046 1501 3089 vos
1549 3035 1964 3105 aggrediemur.

1019 3355 1248 3412 CAPUT
1283 3348 1344 3412 ll.

475 3481 645 3547 Vsus.
672 3486 723 3545 1.
771 3508 790 3542 ι
825 3489 1085 3545 Ascendit
1132 3489 1416 3547 insumans
1453 3491 1509 3546 in
1548 3491 1742 3548 faciem
1797 3494 1969 3560 tuam,

402 3599 602 3639 eruens
622 3592 674 3638 te
699 3581 766 3637 de
793 3582 1172 3638 tribulatione.
1212 3596 1230 3635 δ
1262 3580 1469 3638 llorum
1504 3593 1687 3639 autem
1735 3578 1834 3641 tibi
1876 3602 1976 3642 au-

403 3686 524 3731 ctor
551 3675 716 3738 Deus,
751 3674 842 3743 qui
884 3686 987 3728 suo
1037 3681 1195 3738 nutu,
1250 3682 1511 3743 tanquam
1544 3675 1674 3731 ﬂatu
1710 3678 1970 3748 quodam,

404 3768 531 3821 illos
559 3765 781 3829 delevit,
808 3774 973 3836 teque
1005 3766 1075 3820 ab
1108 3766 1331 3820 illorum
1369 3775 1648 3837 potestate
1692 3769 1973 3826 liberavit.

408 3855 541 3908 Nam
581 3855 1044 3925 quemadmodum
1078 3871 1203 3910 eum
1234 3857 1445 3913 Adamo
1482 3859 1813 3928 inspirasset
1861 3863 1977 3930 spi-

407 3945 656 3999 raculum
688 3946 811 4000 vita:
838 3958 899 4010 ω,
929 3946 1057 4001 fecit
1084 3955 1144 4001 ut
1183 3955 1331 4004 esset
1383 3950 1572 4004 anima
1621 3952 1813 4007 vivens
1838 3991 1852 4015 ,
1892 3953 1977 4006 sic

407 4035 509 4091 tibi
538 4036 664 4090 vitae
694 4035 1058 4107 inSpiratione
1092 4040 1325 4095 salutem
1352 4040 1579 4110 praebet.
1611 4039 1764 4095 Hanc
1810 4041 1977 4096 etiam

344 4196 349 4202 δ
410 4135 532 4198 post
572 4131 1036 4185 resurrectionem
1093 4132 1351 4187 Christus
1409 4131 1559 4186 dedit
1619 4132 1794 4188 sacris
1844 4147 1979 4202 apo-

408 4220 587 4275 stolis.
624 4218 764 4286 Quia
803 4222 951 4277 enim
988 4221 1202 4291 .1525
1244 4220 1417 4276 Adam
1456 4221 1745 4291 imaginem
1795 4223 1980 4292 perdi-

414 4312 518 4378 dit,
556 4329 719 4383 quam
754 4328 850 4383 per
898 4315 1139 4369 divinam
1186 4313 1611 4380 inspirationem
1665 4326 1979 4386 acceperat,

2066 1846 2199 1891 σεις,
2221 1827 2308 1881 ῖνα
2345 1824 2435 1896 μὴ
2468 1823 2564 1876 καὶ
2621 1820 2775 1875 αὐτοὶ
2805 1819 3022 1889 λάφυρα
3060 1814 3322 1884 γένωνται
3350 1809 3463 1877 τῶν
3496 1811 3660 1863 πολε-

2067 1920 2227 1992 μίων.

2138 2032 2222 2087 ιε’.
2256 2050 2274 2082 ι
2314 2020 2436 2082 Ὅτι
2490 2010 2683 2098 ταχεῖς
2717 2023 2826 2076 ἰδοὺ
2860 2023 2955 2075 ἐπὶ
2989 2022 3058 2074 τὰ
3099 2008 3202 2092 δρη
3235 2006 3456 2082 πόδεςτδ
3486 2021 3663 2086 εὐαγ-

2064 2116 2438 2195 γελιζομένου,
2472 2096 2573 2174 καὶν
2615 2115 3054 2185 ἀπαγγέλλοντος
3096 2114 3341 2184 εἰρήνην.
3379 2132 3398 2162 ι
3427 2096 3665 2189 Τούτων

2063 2192 2121 2266 δὲ
2147 2192 2290 2265 κατά
2317 2208 2412 2263 σοῦ
2437 2196 2799 2277 γιγνομὲνων,
2826 2198 3013 2258 πολλοὶ
3038 2198 3373 2273 δραμοῦνται
3406 2192 3529 2252 τοῖς
3558 2195 3665 2263 τὴν

2077 2302 2336 2359 Ἰουδαίαν
2367 2300 2578 2355 οἰκοῦσι
2600 2296 2669 2351 τὰ
2698 2296 2799 2366 τῆς
2829 2296 3052 2367 εἰρήνης
3082 2290 3397 2364 κομίζοντες
3420 2278 3667 2357 εὐαγγέ-

2064 2399 2173 2451 λια.
2212 2415 2231 2448 ι
2267 2378 2545 2466 Ἐόρταζε,
2586 2389 2755 2444 Ἰούδα
2782 2372 2851 2451 π,
2882 2386 2979 2451 τὰς
3010 2385 3224 2457 ἑορτάςο
3248 2402 3340 2436 σου
3356 2383 3561 2445 ἀπόδος
3580 2382 3665 2451 τῷ

2065 2490 2185 2560 Θεῷ
2212 2488 2256 2520 ⁷⁷
2295 2487 2392 2550 τὰς
2432 2485 2597 2554 εὐχάς
2625 2500 2739 2536 σου.
2791 2476 2937 2534 Διότι
2965 2479 3026 2533 ού
3055 2479 3129 2549 μὴ
3163 2474 3545 2546 προστεθῷσιν
3577 2472 3665 2528 ἔτι

2064 2581 2159 2635 τοῦ
2199 2577 2426 2634 διελθεῖν
2475 2579 2555 2638 εἰς
2595 2566 2903 2627 παλαίωσιν
2940 2588 2954 2602 ο
3001 2564 3445 2628 συντετέλεσται,
3492 2564 3666 2633 ἐξῆρ-

2066 2673 2242 2729 ται⁷⁸.
2282 2690 2299 2722 ι
2344 2668 2533 2739 Ὑμεῖς
2574 2666 2652 2730 δὲ,
2687 2665 2875 2734 φησὶν,
2908 2658 3246 2723 ἀκούσαντες
3275 2656 3375 2728 τήν
3414 2657 3528 2709 τῶν
3556 2674 3660 2709 πιο-

2067 2763 2270 2834 λεμίων
2322 2760 2618 2814 κατάλυσιν
2640 2798 2654 2822 ,
2681 2756 2780 2820 τὰς
2803 2752 3201 2829 νενομισμένας
3252 2741 3555 2802 ἐπιτελεῖτε
3582 2747 3666 2817 τῷ

2068 2854 2187 2926 Θεῷ
2216 2850 2574 2921 πανηγύρεις,
2634 2847 2730 2900 καὶ
2784 2845 2884 2908 τάς
2932 2844 2991 2911 ἐξ
3042 2842 3200 2905 ἔθους
3245 2839 3434 2921 θυσίας
3491 2839 3665 2907 προσ-

2070 2947 2262 3017 φέρετε
2296 2957 2310 2972 ⁶
2359 2940 2601 3009 παντελῆ
2652 2938 2762 3009 γὰρ
2800 2936 3060 3006 ὑπέμεινε
3105 2933 3198 2986 τὸν
3247 2930 3471 3001 ὄλεθρον
3500 2931 3529 2982 ὁ
3558 2931 3665 2992 τὰς

2070 3036 2274 3099 πολλὰς
2330 3033 2454 3089 καθ’
2495 3029 2651 3102 ὑμῶν
2703 3028 3072 3100 ποιησάμενος
3113 3023 3409 3094 στρατείας
3434 3062 3450 3087 ,
3490 3021 3584 3073 καὶ
3616 3020 3665 3049 τ’

2071 3129 2255 3184 οὐκέτι
2309 3126 2468 3180 οἰονεί
2519 3121 2793 3178 ἀναλῶσαι
2851 3118 2946 3173 καὶ
2994 3117 3303 3186 δαπανῆσαι
3360 3114 3509 3184 ὑμᾶς
3542 3113 3665 3165 ἐπι-

2075 3222 2341 3293 χειρήσει.

2597 3368 2997 3425 ΚΕΦΑΛΑΙΟΝ
3035 3368 3109 3420 Β’.

2144 3506 2213 3566 α’.
2242 3530 2259 3562 ι
2284 3506 2476 3578 Ἀνέϐη
2497 3503 2761 3576 ἐμφυσῶν
2782 3504 2863 3565 εἰς
2887 3490 3175 3570 πρόσωπόν
3208 3514 3326 3563 σου,
3342 3480 3664 3567 ἐξαιρούμε-

2077 3603 2165 3666 νός
2186 3619 2245 3654 σε
2264 3601 2309 3633 ⁸⁰
2337 3601 2401 3652 ὲκ
2426 3597 2679 3666 θλίψεως.
2721 3612 2740 3644 ι
2781 3582 3000 3647 Τούτων
3028 3578 3085 3643 δέ
3123 3607 3207 3642 σοι
3239 3590 3421 3651 αἴτιος
3450 3591 3479 3640 ό
3509 3586 3659 3648 Θεὸς,

2078 3695 2155 3765 τῷ
2184 3691 2368 3761 οἰκείῳ
2413 3688 2664 3758 νεύματι,
2712 3671 2824 3739 οἷόν
2855 3701 2962 3737 τινι
2996 3682 3382 3753 ἐμφυσήματι,
3421 3679 3661 3738 ἐκείνους

2084 3786 2180 3856 μὲν
2216 3782 2543 3845 καταλύσας,
2578 3769 2638 3832 σε
2664 3766 2720 3832 δὲ
2751 3776 2854 3848 τῆς
2888 3774 3112 3829 ἐκείνων
3143 3758 3472 3836 δυναστείας
3513 3770 3657 3823 ἐλευ-

2081 3874 2346 3946 θερώσας.
2380 3874 2592 3943 Ὥσπερ
2624 3869 2735 3941 γὰρ
2786 3868 2866 3937 τῷ
2914 3864 3086 3936 ’Λδὰμ
3135 3865 3468 3935 ἐμφυσήσεις
3497 3862 3659 3930 πνοὴν

2082 3967 2246 4036 ζωῆς,
2270 3965 2523 4033 εποίησεν
2550 3962 2711 4016 αὐτὸν
2740 3961 2822 4023 εἰς
2849 3958 3028 4028 ψυχὴν
3055 3956 3237 4021 ζῶσαν
3254 3972 3270 3986 ’
3306 3954 3454 4008 οὕτω
3479 3955 3564 4005 σοὶ
3586 3952 3659 4020 τῷ

2081 4057 2179 4126 τῆς
2213 4056 2356 4127 ζωῆς
2385 4055 2742 4127 ὲμφυσήματι
2772 4052 2872 4121 τὴν
2908 4048 3183 4120 σωτηρίαν
3212 4046 3468 4116 παρέχει.
3498 4042 3662 4096 Τοῦτο

2084 4148 2177 4201 καὶ
2218 4147 2357 4217 μετά
2409 4150 2508 4215 τὴν
2559 4144 2858 4215 ἀνάστασιν
2892 4140 2922 4193 ὅ
2969 4135 3249 4207 Δεσπότης
3276 4134 3521 4207 Χριστὸς
3556 4135 3659 4193 τοῖς

2088 4238 2252 4307 ἱεροῖς
2298 4235 2533 4288 δέδωκεν
2592 4232 2929 4289 ἀποστόλοις.
2961 4227 3183 4298 Ἐπειδὴ
3231 4227 3343 4297 γὰρ
3383 4225 3661 4279 ἀπώλεσεν

2084 4327 2258 4397 Ἀδὰμ
2295 4326 2356 4378 τὸ
2394 4312 2516 4378 κατδ
2541 4322 2750 4386 εἰκόνα,
2781 4313 2810 4375 ὃ
2847 4320 2940 4374 διὰ
2979 4318 3074 4373 τοῦ
3102 4318 3247 4371 θείου
3276 4316 3472 4371 ἔλαϐεν
3497 4318 3663 4385 ὲμφευε

412 4407 610 4459 merito
638 4405 780 4458 hanc
808 4420 1083 4459 renovans
1120 4404 1382 4458 Christus
1421 4402 1692 4459 Dominus
1732 4409 1967 4461 restituil

2088 4419 2351 4489 σήματος,
2373 4415 2598 4479 εἰκότως
2639 4415 2844 4484 ταύτην
2874 4410 3233 4473 ἀνακαινίσας
3265 4412 3295 4462 ὀ
3328 4408 3605 4475 Δεσπότης
3619 4404 3658 4436 δ’

413 4496 589 4549 sacris
621 4496 906 4565 apostolis,
968 4503 1023 4548 et
1060 4510 1157 4564 per
1189 4511 1284 4549 eos
1322 4494 1578 4550 omnibus
1607 4498 1975 4555 credentibus.

416 4588 717 4643 lnsulllavit
765 4589 912 4642 enim
970 4603 1087 4652 eos,
1143 4597 1198 4641 et
1271 4587 1408 4641 dixit
1494 4590 1626 4645 eis:
1670 4610 1688 4644 ι
1733 4593 1983 4663 Accipite

415 4680 680 4747 Spiritum
724 4686 1043 4734 sanctum“.
1081 4695 1100 4728 ι
1135 4676 1270 4743 Quia
1319 4694 1455 4735 vero
1499 4697 1768 4738 novorum
1822 4694 1983 4756 typus

417 4776 598 4821 vetera
641 4774 792 4831 sunt,
827 4768 1198 4837 intelligamus
1244 4771 1596 4842 Assyriorum
1635 4776 1856 4845 quidem
1899 4795 1982 4834 re-

414 4871 582 4923 gnum
638 4858 913 4922 deletum,
974 4858 1176 4914 diaboli
1236 4869 1418 4918 autem
1476 4868 1817 4936 tyrannidem
1888 4885 1984 4939 per

415 4940 695 4997 Christum
754 4947 1040 5002 Dominum
1088 4951 1451 5019 exstinctam;
1485 4952 1680 5008 Judam
1726 4970 1858 5011 vero
1897 4957 1982 5009 in-

420 5035 712 5091 sultantem
757 5040 833 5093 illi
859 5050 912 5094 et
951 5041 1120 5099 festos
1151 5044 1271 5100 dies
1326 5054 1599 5115 agentem,
1658 5047 1985 5117 interprete-

424 5139 547 5180 mur
572 5126 759 5182 orbem
806 5139 1074 5187 terrarum
1100 5135 1170 5190 ob
1200 5136 1434 5191 salutem
1460 5138 1825 5194 exsultantem
1851 5156 1867 5207 ;
1891 5140 1984 5210 qui

500 5307 522 5352 ι
559 5310 670 5368 lsa.
697 5329 751 5377 κ,
789 5310 843 5367 5.
918 5322 957 5350 ιη
988 5312 1123 5369 Gen.
1160 5330 1219 5380 ιι,
1252 5316 1307 5370 7.
1380 5326 1407 5354 τ’
1440 5317 1601 5375 Joan.
1636 5336 1727 5381 xx,
1758 5319 1850 5373 29..

2088 4507 2321 4580 Χριστὸς
2368 4503 2481 4571 τοῖς
2533 4508 2699 4579 ἱεροῖς
2734 4505 3072 4560 ἀποδέδωκεν
3104 4502 3449 4565 ἀποστόλοις,
3476 4503 3574 4556 καὶ
3600 4498 3661 4553 δι’

2089 4596 2266 4650 αὐτῶν
2308 4594 2479 4648 ἆπασι
2510 4597 2624 4659 τοῖς
2666 4594 3041 4649 πιστεύουσιν,
3064 4592 3399 4660 Ἐνεφύσησε
3432 4593 3547 4661 γὰρ
3576 4592 3662 4642 at).

2087 4690 2220 4750 τοῖς,
2252 4687 2346 4740 καὶ
2378 4683 2498 4740 εἷπε
2526 4704 2541 4719 ο
2572 4707 2590 4738 ‹
2641 4687 2851 4740 Λάϐετε
2901 4684 3126 4755 Πνεῦμα
3172 4684 3351 4752 ἆγιον.
3394 4703 3412 4735 ι
3452 4681 3663 4748 Ἐπειδὴ

2087 4777 2266 4831 τοίνυν
2304 4777 2472 4840 τύπος
2498 4778 2607 4833 τῶν
2640 4780 2775 4833 νέων
2798 4779 2868 4832 τά
2904 4777 3135 4843 παλαιὰ,
3167 4777 3456 4845 νοήσωμεν
3480 4775 3663 4827 Ἀσσυ-

2093 4869 2222 4939 ρίων
2263 4869 2361 4938 μὲν
2392 4870 2667 4938 βασιλείαν
2699 4871 3134 4942 καταλυομένην,
3158 4869 3254 4922 τοῦ
3286 4868 3540 4922 διαϐόλου
3574 4866 3664 4935 τὴν

2090 4958 2381 5028 τυραννίδα
2425 4958 2514 5012 διὰ
2561 4959 2663 5012 τοῦ
2702 4959 2976 5012 Δεσπότου
3032 4958 3351 5027 παυομένην
3402 4953 3660 5025 Χριστοῦ·

2091 5049 2181 5102 τὸν
2212 5051 2269 5103 δὲ
2314 5050 2511 5105 Ἰούδαν
2541 5051 2950 5115 ἐπιτωθάζοντα
2983 5050 3156 5120 τούτῳ
3196 5050 3292 5103 καὶ
3318 5046 3661 5117 ἑορτάξοντα.

2091 5142 2190 5213 τὴν
2216 5144 2542 5213 οἰκουμένην
2569 5144 2661 5196 ἐπὶ
2698 5145 2764 5214 τῇ
2812 5142 3056 5214 σωτηρίᾳ
3083 5141 3416 5213 χορεύουσαν
3440 5180 3455 5202 ,
3486 5139 3580 5191 ἆτε
3603 5136 3661 5203 δὴ

1659 5472 1888 5529 VARI/13
1945 5474 2351 5532 LECTIONES.
2638 5482 2653 5512 ³

427 5688 446 5721 ἴ
492 5627 631 5679 ’δὸτι
658 5629 744 5695 ὴτ.
777 5628 899 5683 Des.
931 5630 985 5683 in
1023 5629 1085 5682 A.
1187 5630 1230 5661 ⁷⁸
1258 5630 1374 5684 πὸδ.
1400 5632 1440 5682 Δ
1470 5647 1659 5700 prtum.
1697 5635 1766 5685 οἰ.

452 5694 580 5722 9....ι
642 5698 739 5722 n-..
792 5700 841 5722 ι--
880 5700 917 5722 n
1006 5701 1050 5722 nn
1090 5700 1138 5722 ,ι
1198 5701 1298 5722 πη-
1363 5701 1411 5722 ε--
1454 5704 1470 5722 ι
1584 5703 1622 5722 ιιι
1667 5704 1757 5722 Α--

492 5698 601 5750 καί.
641 5698 762 5753 Des.
792 5700 844 5752 in
879 5700 938 5754 C.
1006 5701 1050 5731 ⁸ο
1084 5700 1161 5756 σε.
1198 5701 1320 5755 Des.
1363 5701 1415 5754 in
1443 5698 1503 5754 It.

1877 5633 1919 5664 ⁷⁶
1953 5633 1997 5685 Α
2043 5634 2292 5688 Ἰουδαία.

1584 5703 1623 5732 ⁸³
1657 5704 1822 5756 Δεσπ.
1862 5703 1984 5756 Des.
2020 5703 2070 5756 in
2104 5706 2164 5758 (Ξ.

2391 5636 2433 5666 ⁷⁷
2474 5636 2709 5707 τῷΘεῷ.
2742 5632 2866 5694 Des.
2915 5640 2989 5695 ib.
3098 5642 3140 5673 ⁷⁸
3172 5640 3248 5705 ἐξ·
3291 5643 3335 5695 Α
3377 5639 3651 5710 ἀνή)”ωτ⁹’⁸⁴
