3904 6202
274 319 412 390 1797

1504 334 1584 397 ΙΝ
1634 337 1904 399 NAllUM
1963 342 2119 402 CAP.
2164 345 2222 402 Ῑῐ

3373 339 3514 414 Γιτσὲ

268 437 369 507 τὴν
408 441 787 515 πνευματικὴν
812 442 973 516 χάριν
1005 443 1092 498 διὰ
1120 443 1213 497 τοῦ
1250 444 1582 500 Δεσποτικοῦ
1619 448 1833 518 ἀπειλη-

1954 468 2214 506 unmrum
2244 456 2453 525 recepit
2487 455 2830 527 spiritualem
2888 459 3118 529 gratiam
3155 459 3373 516 Domini
3432 465 3521 518 in~

269 535 435 599 φυῖαν
495 533 909 606 ἐμφυσήματος,
942 537 1038 607 τῆς
1081 537 1136 589 δὲ
1179 539 1381 609 πικρᾶς
1434 538 1545 592 τῶν
1578 541 1846 610 δαιμόνων

266 623 585 692 τυραννίδος
631 625 1055 695 ἀπαλλαγεῖσαν.
1107 627 1246 680 Ἀλλ’
1306 631 1400 684 ἐπὶ
1449 630 1548 701 τὴν
1604 631 1846 702 ἱστορίαν

270 714 682 785 ἐπανέλθωμεν.

342 823 361 855 ι
408 804 720 859 Σκόπευσον
753 806 894 872 ὀδόν,
930 808 1204 879 κράτησον
1229 808 1430 876 ὀσφύος
1453 826 1467 839 ’
1500 809 1746 880 ἄνδρισαι
1777 813 1842 882 τῇ

266 894 413 965 ἰσχύϊ
442 897 665 968 σφόδρα.
690 898 799 968 (β’.)
824 899 967 952 Διότι
996 899 1304 969 ἀπέστρεψε
1337 899 1541 970 Κύριος
1563 902 1661 972 τὴν
1690 900 1845 973 ὕϐριν

266 988 488 1052 Ἰακὼϐ,
524 990 705 1053 καθὼς
726 990 884 1061 ὓϐριν
912 991 1130 1063 Ἰσραήλ
1147 992 1212 1046 ³¹.
1241 1011 1259 1043 ι
1294 992 1485 1057 Τοῦτο,
1510 994 1608 1063 οὺχ
1656 994 1732 1057 ὥς
1763 1011 1845 1047 τις

263 1096 353 1142 νες
407 1079 697 1144 ὑπέλαϐον,
741 1082 878 1152 πρὸς
913 1081 1004 1135 τὸν
1038 1081 1324 1152 ’Λσσύριόν
1351 1099 1514 1153 φησιν
1538 1124 1551 1147 ,
1601 1083 1714 1137 ἀλλ’
1755 1082 1836 1135 ἔτι

260 1171 342 1241 τῷ
370 1171 544 1243 Ἰούδᾳ
575 1173 1042 1242 προσδιαλέγεται,
1076 1176 1168 1227 καὶ
1200 1174 1633 1246 παρακελεύεται
1681 1175 1843 1230 αὐτὸν

261 1265 620 1333 περισκοπεῖν
652 1262 748 1325 τὰς
796 1263 947 1325 ὀδοὺς
969 1304 983 1328 ,
1016 1264 1110 1316 καὶ
1139 1265 1264 1328 τοὺς
1304 1265 1567 1333 ἀγγέλους
1607 1265 1841 1336 καραδο-

260 1356 400 1415 κεῖν,
429 1354 521 1404 καὶ
546 1352 611 1405 τὰ.
646 1352 775 1423 παρ’
809 1354 1033 1407 ἐκείνων
1060 1354 1398 1423 κομιζόμενα
1438 1356 1731 1422 εὐαγγέλια
1759 1355 1843 1408 δέ-

260 1432 479 1513 χεσθαί,
505 1445 596 1496 καὶ
627 1445 746 1497 ἀντὶ
766 1444 866 1514 τῆς
903 1446 1176 1516 προτέρας
1206 1446 1404 1509 δειλίας
1435 1447 1681 1517 ἀνδρείαν
1705 1447 1839 1501 ἁνα-

259 1536 469 1590 λαϐεῖν.
505 1535 676 1589 Τοῦτο
722 1537 831 1609 γὰρ
864 1534 984 1590 εἶπε
1010 1577 1024 1602 ,
1058 1536 1375 1606 Κράτησον
1423 1539 1650 1607 ὀσφύος
1678 1555 1691 1567 '
1719 1539 1839 1592 ἀντὶ

259 1629 374 1691 τοῦ,
397 1630 507 1699 Τὴν
531 1630 801 1701 προτέραν
830 1630 1035 1684 ἀπόθου
1061 1631 1281 1686 δειλίαν.
1308 1630 1493 1695 Οὕτως
1510 1631 1538 1682 ὀ
1568 1633 1838 1703 μακάριος

258 1718 446 1783 Ἧλίας
478 1720 698 1789 ἔσφιγξε
749 1722 847 1791 τὴν
900 1722 1068 1790 ὀσφὺν
1103 1721 1304 1785 αὑτοῦ,
1354 1723 1449 1774 καὶ
1496 1722 1682 1794 ἔτρεχε
1728 1723 1838 1794 πρὸ

1949 542 2281 609 sulllatione,
2309 557 2477 617 atque
2519 548 2587 604 ab
2617 549 2816 604 acerba
2862 550 3172 605 daemonum
3229 552 3520 624 tyrannide

1949 636 2214 693 liberatus
2239 650 2342 697 est.
2372 642 2476 697 Sed
2499 643 2564 698 ad
2602 643 2887 699 historiam
2920 651 3280 700 revertamur.

2023 832 2042 864 ι
2079 813 2466 885 Contemplare
2510 817 2674 882 viam,
2716 825 2842 873 tene
2876 818 3148 883 lumbum,
3207 820 3521 877 eonfortare

1947 907 2148 962 robore
2199 909 2572 965 vehementer.
2631 908 2820 979 (Vens.
2858 909 2940 980 2.)
2993 910 3264 976 Quoniam
3321 913 3521 968 avertit

1947 997 2214 1055 Dominus
2253 1000 2645 1054 contumeliam
2677 999 2893 1065 Jacobi,
2924 1003 3073 1057 sicut
3122 1003 3515 1058 contumeliam

1945 1088 2179 1144 Israelis.
2215 1110 2234 1142 ι
2263 1089 2376 1145 Hoc
2409 1107 2540 1155 non,
2578 1098 2637 1145 ut
2682 1092 2906 1162 quidam
2965 1094 3216 1148 arbitrati
3273 1106 3423 1163 sunt,
3450 1096 3517 1149 ad

1941 1178 2228 1250 Assyrium
2269 1182 2403 1236 dicit
2457 1200 2469 1236 :
2504 1182 2600 1237 sed
2630 1183 2812 1237 adhuc
2860 1182 3058 1238 Judam
3116 1186 3437 1254 alloquitur,
3466 1194 3519 1239 et

1939 1270 2098 1339 jubet
2126 1287 2253 1325 eum
2275 1273 2638 1343 contemplari
2668 1273 2809 1339 vias,
2843 1283 2896 1328 et
2926 1274 3152 1330 nuntios
3171 1284 3516 1345 exspectare,

1940 1368 1994 1414 et
2032 1359 2239 1416 abillis
2288 1361 2451 1414 allata
2507 1365 2650 1418 bona
2712 1363 2905 1418 nuntia
2958 1364 3260 1432 suscipere,
3292 1371 3348 1418 et
3396 1365 3517 1419 loco

1943 1447 2191 1513 pristina:
2218 1448 2540 1504 timiditatis
2566 1451 2737 1505 robur
2768 1452 3038 1520 recipere.
3073 1452 3191 1507 lloc
3228 1452 3376 1507 enim
3429 1460 3518 1508 est

1940 1538 2093 1609 quod
2126 1540 2223 1603 ait,
2252 1538 2388 1594 Tene
2419 1540 2681 1604 lumbum,
2721 1540 2825 1594 hoe
2851 1551 2957 1605 est,
2984 1541 3221 1610 priorem
3251 1540 3521 1595 timidita-

1940 1642 2047 1687 tem
2082 1632 2278 1701 abjiee.
2315 1632 2408 1687 Sic
2431 1634 2624 1688 beatus
2655 1634 2799 1686 Elias
2835 1633 3107 1687 accinctis
3146 1632 3351 1687 lumbis
3401 1633 3518 1688 suis

1938 1724 2199 1778 currebat
2256 1735 2383 1779 ante
2422 1740 2652 1778 currum
2706 1724 2987 1778 Achahi".
3039 1723 3132 1778 Sic
3190 1723 3255 1778 ad
3315 1721 3517 1777 Jobum

259 1812 352 1865 τοῦ
412 1812 656 1883 ἅρματος
701 1814 793 1865 τοῦ
854 1812 1077 1883 Ἀχαόιϐ.
1135 1812 1322 1877 Οὕτως
1352 1812 1428 1883 τῷ
1455 1813 1575 1867 Ἰὼϐ
1621 1818 1833 1885 φησινό

1945 1807 2098 1870 Deus.
2117 1815 2393 1884 loquitur:
2422 1832 2440 1866 ι
2470 1814 2714 1886 Accinge
2740 1815 2886 1869 sicut
2911 1815 2999 1868 vir
3042 1815 3263 1870 lumbos
3289 1824 3413 1870 tuos
3429 1825 3511 1870 ι’.)

260 1904 391 1966 Θεός
410 1922 422 1933 ·
457 1924 475 1955 ί
504 1906 683 1956 Ζῶσαι
713 1905 786 1968 ὼς
817 1905 954 1975 ἀνὴρ
986 1906 1082 1976 τὴν
1110 1906 1280 1973 ὀσφύν
1310 1923 1428 1958 σου.
1456 1924 1474 1956 ι
1510 1907 1620 1959 Καὶ
1643 1908 1671 1959 ὁ
1696 1907 1837 1971 θεῖος

261 1996 692 2067 παρακελεύεται
734 1996 943 2060 Παῦλος
965 2037 979 2060 ,
1013 1998 1291 2062 ζώσασθαι
1320 2000 1365 2030 ⁸³
1395 1999 1490 2062 τὰς
1541 1999 1745 2068 ὀσφύας
1779 2003 1836 2053 ἐν

258 2088 507 2158 ἀληθεία.
541 2087 833 2142 Κάνταῦθα
876 2089 1052 2142 τοίνυν
1085 2088 1309 2161 θαρρεῖν
1345 2090 1422 2161 τῷ
1450 2090 1621 2161 Ἰούδᾳ
1661 2108 1838 2162 παρα·

259 2181 561 2247 κελεύεται,
592 2181 672 2234 ὅτι
702 2181 1012 2252 ἀπέστρεψε
1045 2181 1250 2253 Κύριος
1280 2182 1376 2255 τὴν
1417 2182 1574 2255 ὓϐριν
1609 2183 1703 2236 τοῦ
1734 2183 1838 2237 Ἰα-

259 2269 396 2337 κὼϐ,
434 2271 624 2337 καθὼς,
670 2271 825 2342 ὕϐριν
870 2272 1112 2345 Ἰσραήλ.
1144 2273 1347 2328 Ἰστέον
1396 2275 1472 2340 δὲ,
1503 2276 1586 2329 ὅτι
1630 2275 1691 2329 τὸ
1736 2276 1835 2347 μὲν

258 2362 469 2417 Ἰακὼϐ
508 2363 677 2434 ὄνομα
707 2364 813 2416 ὑπὸ
853 2364 961 2418 τῶν
1012 2365 1263 2437 πατέριον
1301 2365 1458 2437 ἐτέθη
1490 2365 1569 2437 τῷ
1603 2367 1830 2420 Ἰακώϐ-

256 2453 318 2503 ei)
356 2452 414 2504 δὲ
457 2451 703 2522 Ἰσραὴλ
757 2452 860 2506 ὑπὸ
913 2453 1005 2506 τοῦ
1056 2453 1192 2507 Θεοῦ
1218 2471 1231 2484 '
1260 2456 1584 2527 ἀμφοτέρων
1621 2457 1678 2509 δὲ
1726 2457 1833 2511 τῶν

255 2543 538 2614 ὀνομάτων
571 2544 864 2615 μετέλαχεν
894 2546 921 2598 ὀ
946 2544 1004 2611 ἐξ
1028 2544 1224 2598 Ἰακὼϐ
1248 2545 1394 2608 λαός.
1428 2546 1591 2619 Λέγει
1630 2546 1829 2611 τοίνυν,

254 2631 338 2685 ὅτι
388 2632 512 2684 Τῶν
557 2634 636 2694 είς
672 2633 730 2685 σὲ
790 2633 881 2685 τὸν
912 2632 1106 2685 Ἰακὼϐ
1141 2633 1522 2703 γεγενημένων
1572 2635 1676 2687 ὑπὸ
1722 2635 1831 2687 τῶν

253 2721 563 2793 Ἀσσυρίων
598 2722 788 2775 δεινῶν
845 2722 1001 2785 δίκας
1040 2722 1240 2785 αὐτοὺς
1279 2724 1688 2794 εἰσεπραξάμην
1745 2723 1832 2777 διὰ

251 2815 354 2887 τὴν
406 2812 499 2866 τοῦ
553 2815 897 2885 προπάτορος
957 2813 1191 2885 ἀρετὴν,
1223 2810 1289 2886 ἦς
1344 2815 1528 2868 εἵνεκα
1581 2817 1675 2867 καὶ
1732 2816 1830 2887 τὴν

252 2905 475 2977 Ἰσραὴλ
506 2905 653 2976 αὐτῷ
691 2907 1065 2978 προσηγορίαν
1097 2907 1366 2977 ἐπέθηκα.

330 3018 350 3049 ε
386 2999 533 3051 Διότι
569 3000 981 3063 ἐκτινάσσοντες
1035 3001 1343 3067 ἑξετίναξαν
1387 3002 1602 3068 αὐτοὺς,
1640 3005 1734 3057 καὶ
1765 3004 1831 3057 τὰ

251 3086 513 3160 κλήματα
543 3089 726 3144 αὐτῶν
752 3090 1087 3162 διέφθειραν.
1134 3076 1250 3163 (γ’.)
1292 3093 1470 3147 Ὅπλα
1516 3094 1831 3158 δυναστείας

250 3178 423 3232 αὑτοῦ
484 3177 544 3242 ἐξ
581 3178 905 3250 ἀνθρώπων.
947 3197 966 3231 ι
1006 3181 1103 3232 Ὃν
1131 3181 1331 3251 τρόπον
1370 3182 1418 3234 οἱ
1469 3182 1537 3235 τὰ
1574 3182 1677 3252 τῆς
1722 3181 1828 3251 ἀμ-

251 3271 441 3336 πέλου,
480 3271 726 3339 φησὶν-⁸⁸,
758 3271 1167 3335 ἐκτινάσσοντες
1194 3271 1471 3343 κλήματα,
1507 3273 1685 3326 πάντα
1716 3273 1827 3325 διας

251 3360 535 3431 φθείρουσι
568 3361 660 3415 τὸν
696 3364 905 3435 καρπόν
927 3380 941 3394 ·
975 3362 1147 3426 οὕτως
1175 3365 1224 3418 οἱ
1265 3365 1475 3429 τούτοις
1509 3366 1830 3430 ἐπελθόντες

250 3452 524 3522 πολέμιοι,
554 3454 645 3505 καὶ
678 3454 775 3524 τὴν
822 3454 1141 3508 δυναστείαν
1175 3455 1353 3509 αὐτῶν
1394 3459 1714 3523 κατέλυσαν,
1737 3460 1831 3512 καὶ

246 3545 352 3608 τὰς
380 3546 678 3609 πανοπλίας
706 3546 988 3615 ἀφείλοντο
1009 3591 1022 3613 ,
1054 3548 1148 3602 καὶ
1176 3549 1304 3612 τοὺς
1330 3550 1419 3602 τδν
1464 3549 1692 3604 θάνατον
1718 3551 1829 3603 δια-

248 3636 525 3705 φυγόντας
555 3636 827 3690 δουλεύειν
854 3640 1191 3708 ὴνάγκασαν.
1235 3641 1346 3694 Καὶ
1398 3640 1633 3706 δεικνὺς,
1664 3642 1738 3705 ὼς
1768 3643 1827 3694 οὐ

244 3728 317 3781 δι’
340 3728 623 3783 ἀσθένειαν
656 3729 830 3783 ταῦτα
855 3732 1154 3795 πείσονται,
1184 3730 1320 3785 ἀλλὰ
1354 3731 1443 3785 διὰ
1480 3731 1578 3804 τὴν
1619 3734 1710 3786 ὑπ’
1735 3733 1831 3785 αύ-

245 3816 345 3870 τοῢ
370 3818 487 3870 κατ’
509 3818 688 3871 αὐτῶν
705 3818 1077 3890 ἐξενεχθεῖσαν
1101 3820 1300 3890 ψῆφον,
1319 3822 1598 3893 ἐπήγαγεν
1619 3838 1633 3852 ο
1658 3842 1676 3873 ι
1705 3824 1831 3875 Ἀν-

245 3910 378 3980 δρες
405 3909 622 3963 δυνατοὶ
645 3912 1005 3980 ἐμπαίζοντες
1022 3912 1067 3944 ⁸⁸
1095 3914 1154 3965 ὲν
1188 3913 1340 3984 πυρί.
1389 3932 1407 3965 ι
1447 3912 1697 3986 Τοσαύτῃ
1720 3913 1829 3985 γὰρ

245 4000 492 4071 ἐχρῶντο
530 4001 848 4073 θρασύτητι,
893 4003 969 4068 ὡς
1019 4005 1309 4059 καὶαὺτοῦ
1352 4006 1700 4077 κατατολμᾷν
1735 4005 1829 4059 τοῦ

246 4094 445 4163 πυρός.

326 4222 348 4256 ι
385 4206 452 4258 At
479 4207 625 4276 ἡνίαι
677 4206 785 4261 τῶν
817 4206 1080 4278 ἁρμάτων
1142 4207 1321 4261 αὐτῶν
1369 4209 1426 4260 ὲν
1457 4210 1643 4280 ἡμέρᾳ
1691 4211 1830 4262 ἑτοι-

248 4298 456 4369 μασίας
492 4298 750 4361 αὐτῶνθθ,
806 4299 900 4352 καὶ
945 4299 994 4349 oi
1025 4300 1209 4361 ἱππεῖς
1232 4299 1275 4330 ⁸⁷
1334 4299 1817 4370 θορυϐηθήσονται.

245 4389 359 4461 (δ’.)
377 4391 465 4442 Ἐν
480 4392 597 4453 ταῖς
608 4390 744 4452 ὁδοῖς
764 4387 1297 4459 συγχυθήσεταιδθτέι
1322 4388 1564 4459 ἅρματα,
1580 4390 1674 4443 καὶ
1695 4408 1831 4461 συμ-

1938 1900 2006 1954 Ει
2059 1900 2288 1957 divinus
2330 1901 2532 1957 Paulus
2593 1903 2919 1957 exhortatur
2977 1902 3051 1957 ad
3111 1905 3516 1976 succingendos

1940 1990 2155 2044 lumbos
2185 1991 2237 2044 in
2265 1992 2561 2047 veritates.
2618 1993 2682 2045 Et
2720 1992 2825 2046 hoc
2867 1994 3034 2063 igitur
3077 1993 3201 2048 loco
3239 1992 3517 2048 conﬁdere

1936 2077 2134 2133 Judam
2158 2079 2335 2147 jubet,
2374 2098 2391 2130 ι
2419 2080 2680 2149 quoniam
2711 2081 3196 2137 avertitDominus
3230 2091 3517 2137 contume-

1937 2172 2064 2226 liam
2112 2172 2325 2238 Jacobi,
2360 2176 2505 2228 sicut
2557 2175 2949 2229 contumeliam
2984 2174 3199 2246 1526
3226 2174 3463 2231 Israelis.
3490 2194 3509 2228 ι

1937 2265 2034 2321 Est
2076 2276 2258 2320 autem
2290 2266 2581 2321 sciendum
2620 2280 2822 2321 nomen
2855 2264 3048 2319 Jacobi
3087 2280 3116 2319 a
3150 2266 3519 2336 parentibus'

1936 2358 2256 2428 impositum
2313 2356 2484 2413 fuisse
2545 2359 2785 2427 posteris
2837 2356 3051 2422 Jacobi,
3082 2356 3304 2412 Israelis
3329 2372 3458 2412 vero
3484 2374 3515 2412 a

1936 2446 2069 2503 Deo.
2104 2447 2407 2519 Utrumque
2425 2459 2606 2503 autem
2651 2462 2853 2503 nomen
2902 2448 3147 2503 obtinuit
3174 2448 3413 2518 populus
3447 2463 3515 2502 ex

1935 2537 2143 2594 Iacobo
2185 2548 2506 2610 prognatus.
2535 2539 2629 2593 Ait
2663 2554 2797 2608 ergo
2834 2556 2849 2593 :
2887 2538 3093 2593 Eorum
3129 2553 3253 2608 quae
3304 2538 3514 2609 Assyrii

1937 2614 2135 2686 acerbe
2164 2631 2218 2684 in
2251 2640 2323 2694 te,
2360 2646 2392 2685 ο
2426 2629 2617 2695 Jacob,
2651 2630 3017 2695 admiserunt,
3053 2643 3245 2697 pinnas
3279 2629 3351 2684 ab
3402 2629 3519 2683 illis

1934 2725 2086 2794 exegi
2149 2724 2223 2777 ob
2286 2724 2545 2777 virtutem
2606 2720 3004 2792 progenitoris,
3057 2727 3282 2791 propter
3347 2735 3510 2791 quam

1932 2813 2095 2867 etiam
2131 2809 2350 2867 Israelis
2387 2813 2433 2866 ei
2468 2826 2664 2867 nomen
2699 2810 2956 2880 imposui.

2010 3007 2028 3040 ι
2067 2989 2208 3055 Quia
2232 2988 2582 3042 excutientes
2634 2992 3003 3040 excusserunt
3037 2999 3156 3048 eos,
3202 2994 3257 3040 et
3307 2995 3504 3057 propao

1934 3080 2093 3151 gines
2129 3094 2319 3133 eorum
2374 3077 2622 3137 demoliti
2658 3083 2809 3132 sunt.
2852 3073 3042 3149 (Vens.
3083 3076 3160 3147 5.)
3193 3077 3362 3131 Arma
3417 3091 3513 3146 po-

1934 3171 2120 3226 tentiae
2157 3167 2277 3241 ejus
2314 3184 2378 3225 ex
2418 3170 2756 3225 hominibus.
2809 3188 2830 3222 ι
2877 3165 3379 3236 Quemadmodum,
3425 3170 3511 3224 iu—

1930 3263 2075 3334 quit,
2113 3263 2207 3332 qui
2227 3263 2357 3318 vitis
2388 3262 2641 3332 palmites
2666 3262 2978 3326 excutiunt,
3009 3276 3233 3317 omnem
3272 3262 3511 3316 fructum

1930 3347 2298 3423 corrumpunt
2337 3354 2461 3408 :sic
2492 3353 2706 3419 hostes,
2747 3352 2845 3423 qui
2899 3352 3003 3409 hos
3059 3353 3413 3415 invaserunt,
3459 3358 3513 3405 et

1930 3454 2263 3517 potestatem
2304 3460 2498 3500 eorum
2548 3444 2947 3508 dissolverunt,
3003 3451 3057 3498 et
3109 3457 3277 3512 omne
3339 3457 3514 3513 genus

1931 3545 2229 3592 armatura:
2261 3537 2636 3600 abstulerunt,
2671 3543 2727 3590 et
2758 3549 2854 3591 eos
2881 3534 2975 3605 qui
3018 3543 3254 3588 mortem
3283 3531 3511 3602 eﬂ‘ogis-

1932 3639 2075 3697 sent,
2112 3631 2322 3684 servire
2352 3637 2669 3700 coegerunt.
2696 3628 2874 3697 Atque
2894 3623 3196 3682 ostendens
3216 3639 3327 3696 quo
3352 3630 3514 3695 pacto

1931 3737 2039 3775 non
2073 3724 2147 3776 ob
2183 3718 2559 3772 inﬁrmitatem
2583 3717 2700 3771 haec
2726 3715 3106 3777 sustinebunt,
3157 3715 3251 3770 sed
3286 3720 3512 3783 propter

1932 3812 2097 3866 latam
2128 3812 2201 3867 ab
2232 3812 2354 3881 ipso
2388 3816 2586 3863 contra
2637 3822 2735 3863 eos
2789 3807 3148 3870 sententiam,
3202 3804 3455 3875 adjunxit
3489 3822 3504 3859 :

1938 3924 1956 3957 ι
1994 3903 2110 3958 Viri
2149 3903 2327 3960 fortes
2384 3900 2680 3955 illudentes
2730 3898 2787 3953 in
2848 3897 2996 3970 igne.
3054 3917 3074 3950 ι
3129 3896 3307 3952 Tanta
3366 3897 3518 3952 enim

1932 3996 2147 4069 praediti
2174 4003 2336 4052 eram
2376 3992 2602 4058 ferocia,
2638 3998 2698 4046 ut
2744 3989 2914 4045 etiam
2964 3989 3145 4061 ignem
3181 3990 3363 4060 ipsum
3406 4003 3504 4058 ag.-

1932 4087 2316 4158 grcderentur.

2009 4219 2026 4251 ι
2063 4199 2301 4254 llabena:
2335 4214 2598 4253 curruum
2627 4197 2679 4251 in
2713 4197 2801 4251 die
2829 4194 3249 4265 praeparationis
3291 4208 3505 4254 eorum,

1933 4298 1987 4342 et
2019 4292 2234 4358 equites
2272 4286 2665 4340 turbabuntur.
2699 4283 2889 4354 (Vens.
2914 4282 2993 4351 4.)
3022 4281 3076 4335 In
3118 4282 3222 4336 viis
3273 4280 3506 4335 confun-

1932 4380 2134 4434 dentur
2175 4393 2399 4442 currus,
2442 4384 2497 4431 et
2546 4375 2876 4430 collidentur
2925 4373 2980 4426 in
3041 4373 3255 4441 plateis.
3297 4390 3317 4423 ι
3359 4369 3513 4424 Nihil

242 4480 623 4551 πλακήσονται
651 4482 708 4532 ἐν
736 4483 853 4542 ταῖς
886 4479 1192 4543 πλατείαις.
1220 4497 1240 4530 ι
1276 4479 1442 4532 Οὐδὲν
1474 4479 1602 4550 γὰρ,
1640 4482 1825 4551 φησὶν,

1941 4473 2103 4536 enim,
2133 4470 2337 4541 inquit,
2366 4484 2464 4524 vos
2495 4467 2780 4539 adjuvabit
2814 4485 2826 4520 :
2861 4481 2969 4521 non
3024 4462 3323 4518 multitudo
3379 4477 3508 4516 cur-

242 4575 394 4644 ὑμᾶς
427 4575 627 4644 ὀνήσει,
659 4574 720 4626 ού
774 4574 836 4625 τὸ
871 4572 1071 4643 πλῆθος
1108 4572 1216 4624 τῶν
1243 4572 1699 4643 ηὐτρεπισμένων
1732 4573 1831 4644 ἀρ-

245 4667 462 4737 μᾴτων,
485 4666 583 4736 οὐχ
615 4669 646 4737 ἡ
679 4666 879 4735 ἱππικὴ
904 4665 1134 4735 δύναμις
1159 4682 1171 4696 ’
1205 4665 1312 4718 ἀπὸ
1346 4664 1454 4734 γὰρ
1483 4663 1575 4716 τοῦ
1600 4663 1826 4734 θορύϐου

240 4758 357 4812 τῶν
396 4759 655 4812 ἐπιόντων
698 4759 973 4828 πολεμίων
1036 4759 1284 4828 ἄχρηστα
1332 4757 1510 4810 πάντα
1543 4758 1830 4827 γενήσεται

240 4849 498 4921 ἀλλήλοις
537 4850 595 4902 ἐν
628 4852 747 4912 ταῖς
798 4848 935 4911 ὁδοῖς
969 4849 1394 4919 συμπλεκόμενα
1419 4886 1434 4910 ,
1464 4848 1556 4901 καὶ
1594 4847 1698 4898 ὑπὸ
1733 4846 1829 4898 ἀλ-

240 4941 425 5012 λήλων
470 4941 921 5012 συμπατούμενα.
968 4961 985 4993 ι
1038 4943 1105 4995 Ἥ
1146 4943 1335 5013 ὅρασις
1366 4940 1540 4994 αὐτῶν
1576 4940 1651 5003 ὼς
1688 4939 1826 5010 λαμ-

240 5033 418 5096 πάδες
459 5033 650 5100 πυρὸς,
676 5035 768 5084 καὶ
820 5033 892 5096 ῶς
922 5033 1199 5103 ἀστραπαὶ
1224 5031 1622 5101 διατρέχουσαι.
1666 5049 1684 5080 ι
1720 5030 1827 5083 Καὶ

244 5123 378 5196 μὴν,
406 5122 538 5192 φησι
566 5163 579 5188 ,
615 5124 858 5190 γενναῖον
902 5122 1076 5190 εἴχετε
1123 5121 1292 5174 πάλαι
1333 5124 1605 5190 φρόνημα,
1651 5120 1742 5173 καὶ
1768 5118 1828 5171 τὸ

245 5211 533 5282 θυμοειδὲς
567 5212 654 5264 διὰ
676 5211 783 5263 τῶν
816 5209 1108 5280 ὀφθαλμῶν
1141 5209 1413 5280 ἐδηλοῦτε,
1447 5209 1540 5260 καὶ
1571 5204 1684 5260 οἷόν
1718 5222 1826 5258 τισι

325 5408 350 5430 ο
386 5389 450 5445 ιιι
484 5389 615 5462 Reg.
649 5404 807 5455 xvm,
837 5388 931 5442 46.
1005 5385 1149 5444 νιυι)
1197 5403 1430 5454 xxxviii,
1465 5387 1517 5440 5.

1929 4579 2088 4619 ruum
2123 4563 2549 4626 instruetornm,
2578 4574 2687 4613 non
2729 4557 2901 4611 robur
2927 4556 3242 4626 equitatus;
3277 4568 3402 4606 nam
3437 4550 3511 4606 ob

1931 4656 2227 4711 tumultum
2269 4652 2511 4707 hostium
2555 4648 2940 4705 invadentium
2971 4646 3199 4701 inutiles
3233 4645 3288 4698 hi
3316 4658 3513 4697 omnes

1930 4746 2256 4808 elﬁcientur,
2292 4742 2434 4794 inter
2468 4755 2528 4795 se
2550 4739 2607 4793 in
2636 4737 2742 4794 viis
2775 4733 3068 4806 implicati,
3092 4739 3146 4786 et
3169 4728 3505 4784 conculcati.

1937 4859 1956 4892 ι
2000 4839 2273 4908 Aspectus
2301 4849 2490 4889 eorum
2524 4832 2684 4903 quasi
2722 4827 3008 4899 lampades
3053 4824 3220 4896 ignis,
3260 4830 3314 4878 et
3345 4821 3507 4892 quasi

1934 4919 2153 4998 fulgura
2180 4922 2571 4979 discurrentia.
2610 4937 2628 4970 ι
2670 4916 2882 4988 1527
2909 4915 2976 4969 Et
3003 4911 3227 4984 quidem
3251 4951 3265 4977 ,
3303 4910 3513 4979 inquit,

1934 5029 2194 5075 strenuos
2242 5016 2455 5070 animos
2519 5010 2798 5083 quondam
2848 5004 3173 5069 habebatis,
3229 5009 3283 5057 et
3335 5000 3511 5055 robur

1935 5111 2104 5165 animi
2141 5107 2317 5164 oculis
2347 5102 2745 5165 ostendebatis,
2782 5108 2837 5155 et
2867 5109 3136 5168 tanquam
3160 5090 3511 5162 lampadibus

1935 5200 2266 5274 quibusdam
2291 5204 2346 5254 et
2374 5193 2704 5266 fulguribus,
2732 5200 3001 5246 terrorem
3054 5183 3293 5242 subditis
3350 5180 3507 5247 inge-

1594 5396 1621 5435 ιι
1650 5386 1847 5454 Ephcs.
1882 5401 1955 5449 vu,
1984 5383 2069 5436 Η.

1548 5541 1785 5597 ἾΑΙὶΙΛΕ
1822 5535 2224 5595 LECTIONES.

315 5690 364 5723 θ’
404 5688 533 5755 Ἰσρ.
570 5686 611 5737 Α
643 5699 830 5753 prtem.
862 5682 975 5737 τοῦ.

249 5756 439 5819 ’κτους
467 5748 855 5827 ἐμπαίζοντας.
910 5755 962 5821 ,⁸⁸
988 5755 1031 5806 Α
1059 5754 1242 5806 αὐτοῦ.
1317 5754 1386 5825 ,⁸⁷
1409 5771 1457 5807 κ.
1494 5753 1541 5804 οἱ
1577 5753 1695 5803 ἱππ.
1725 5749 1848 5803 Des.
1879 5749 1931 5800 in
1958 5748 2019 5799 Α.

1056 5683 1100 5716 ⁸³
1131 5683 1241 5747 cas
1282 5682 1357 5735 lta
1389 5697 1510 5735 cum
1551 5681 1589 5735 C
1617 5679 1865 5746 legimus.
1896 5677 2058 5728 Sirm.
2084 5671 2352 5747 glaucos.
2424 5669 2616 5747 δ’ξιρησ.
2649 5666 2841 5721 Des.in
2870 5662 2928 5716 C.

3014 5659 3058 5690 ³³
3090 5655 3131 5708 Α
3179 5648 3374 5718 ἄνδρας
3400 5646 3503 5702 δύα

2132 5746 2176 5775 ⁸⁸
2205 5746 2243 5796 Α
2278 5741 2726 5810 συγχυθήσονται.
