3904 6202
373 290 505 362 1799

1356 269 1843 344 THEODORETI
1882 264 2218 337 EPISCOPI
2252 261 2616 333 CYRENSIS

3491 264 3616 330 1300

367 408 577 466 rebatis
608 426 618 459 :
649 410 889 457 attamen
921 402 976 455 in
1010 399 1252 454 hostium
1288 398 1607 455 incursione
1638 405 1819 451 metus
1849 410 1942 449 vos

2086 393 2294 462 πιμπάσι
2324 392 2419 445 καὶ
2436 389 2739 460 ἀστραπαῖς
2764 383 3165 454 ἐξεδειματοῦτε
3191 381 3316 444 τοὺς
3338 379 3615 451 ὑπηκόους

370 496 713 555 fortitudinis
761 495 882 548 vice
940 493 1224 563 corripiet.
1277 489 1389 544 Hoc
1457 490 1604 546 enim
1658 490 1942 559 sequentia

369 592 669 649 declarant.

439 769 608 825 Vens.
638 769 692 823 5.
726 785 744 819 ι
782 766 1238 822 Memorabuntnr
1286 767 1469 828 enim,
1527 766 1744 836 inquit,
1794 766 1946 834 epti-

371 873 549 917 inates
575 877 767 917 eorum
795 900 810 925 ,
847 867 902 915 et
924 858 1136 930 fugient
1162 859 1424 924 interdiu,
1447 867 1499 913 et
1523 857 1950 911 inlirmabunlur

372 955 428 1008 in
462 953 657 1008 itinere
683 965 825 1014 suo;
854 958 907 1004 et
939 949 1279 1004 festinabant
1308 949 1373 1002 ad
1404 965 1624 1011 muros,
1655 957 1709 1003 et
1741 962 1957 1019 praepav

374 1044 574 1103 rabunt
603 1040 1019 1112 propugnacula
1052 1055 1177 1094 sua.
1215 1058 1233 1091 ι
1262 1040 1367 1104 Qui
1404 1041 1552 1095 enim
1586 1039 1655 1094 de
1682 1047 1952 1107 potesmte

374 1137 731 1191 vehementer
773 1148 833 1188 se
873 1132 1153 1201 quondam
1190 1132 1528 1199 elierebant,
1572 1133 1723 1186 omni
1767 1132 1953 1186 studio

377 1226 615 1297 effugere
652 1228 1027 1278 conabuntur.
1072 1223 1229 1289 Quod
1272 1239 1397 1278 cum
1440 1225 1659 1294 assequi
1705 1240 1813 1278 non
1854 1239 1953 1294 po-

378 1325 593 1381 terunt,
639 1331 833 1371 rursus
891 1316 945 1368 in
1005 1330 1195 1371 muros
1247 1314 1588 1379 ascendent,
1633 1323 1689 1369 et
1739 1314 1957 1370 tuenda:

380 1409 501 1461 urbi
539 1407 751 1460 dabunt
782 1421 1008 1475 operam
1040 1424 1054 1461 :
1092 1403 1174 1477 [6]
1213 1405 1385 1458 nihilo
1417 1404 1605 1459 secius
1643 1413 1828 1457 tamen
1856 1444 1871 1469 ,
1904 1409 1959 1455 et

384 1509 555 1567 porta:
592 1498 934 1566 aperientur,
965 1504 1020 1550 et
1062 1497 1210 1565 regia
1250 1496 1302 1549 in
1345 1495 1592 1549 hostium
1626 1502 1957 1564 potestatem

381 1589 600 1652 veniet,
630 1595 683 1642 et
720 1588 773 1640 in
818 1587 935 1656 ipsa
974 1589 1120 1658 regia
1155 1586 1405 1641 thesauri
1446 1584 1799 1655 diripientur.
1845 1583 1960 1637 lloc

382 1682 530 1744 enim
561 1679 998 1744 demonstravit,
1029 1694 1155 1731 cum
1186 1679 1367 1735 dixit:
1396 1695 1413 1728 ι
1451 1676 1775 1733 Substantia
1805 1691 1962 1731 rere--

2047 484 2160 536 ἀ).λ’
2197 486 2254 536 ἐν
2285 486 2350 554 τῇ
2376 482 2486 535 τῶν
2535 478 2811 549 πολεμίων
2838 475 3111 548 προσῦολῇ
3139 474 3314 527 δειλία
3349 474 3492 543 ὑμᾶς
3510 473 3620 526 ἀντὶ

2048 574 2146 640 τῆς
2187 572 2439 642 ἀνδρείας
2473 567 2714 633 καθέξει.
2741 565 2915 619 Τοῦτο
2949 565 3058 636 γὰρ
3105 563 3196 618 διὰ
3225 562 3336 616 τῶν
3365 562 3624 632 ἐπαγομέ-

2050 682 2156 717 νων
2186 661 2445 733 ἐδήλωσε.

2124 756 2184 809 ε’.
2219 777 2237 807 r
2272 752 2690 825 Μνησθήσονται
2725 749 2855 821 γὰρ,
2883 747 3071 819 φησὶν,
3097 749 3146 799 οἱ
3181 744 3509 816 μεγιστᾶνες
3535 742 3624 796 αύ-

2051 849 2178 911 τῶν,
2208 847 2302 899 καὶ
2334 843 2618 914 φεύξονται
2654 841 2868 918 ἡμέρας
2895 839 2962 906 ⁸⁸,
3014 840 3106 891 καὶ
3157 836 3549 906 ἁσθενὴσουσιν
3576 837 3629 889 ἑν

2052 942 2119 1010 τῇ
2149 938 2345 1010 πορεία
2368 935 2546 990 αὐτῶν
2566 952 2579 964 °
2616 934 2945 987 σπεύσουσιν
2972 932 3065 984 ἐπὶ
3086 929 3155 982 τὰ
3186 929 3367 999 τείχη,
3391 928 3487 980 καὶ
3507 929 3631 979 ἐτοι-

2070 1032 2305 1105 μάσουσι
2351 1028 2449 1091 τὰς
2503 1026 2859 1099 προφυλακὰς
2918 1023 3160 1077 αὐτῶν.)
3204 1024 3269 1074 Οἱ
3312 1024 3423 1090 γὰρ
3454 1019 3546 1073 ἐπὶ
3574 1023 3630 1089 τῇ

2056 1122 2342 1193 δυναστείᾳ
2384 1121 2554 1175 πάλαι
2592 1120 2733 1189 μέγα
2766 1118 3112 1188 φρονοῦντες,
3149 1114 3329 1168 πάντα
3357 1112 3525 1182 πόρον
3554 1129 3625 1164 κιο

2058 1217 2279 1286 νήσουσι
2323 1214 2605 1282 διαφυγεῖν
2657 1210 3021 1282 πειρώμενον
3064 1211 3156 1262 καὶ
3202 1207 3397 1261 τούτου
3446 1206 3501 1257 δὲ
3530 1205 3636 1258 δια-

2063 1306 2448 1377 μαρτάνοντες,
2476 1305 2636 1357 πάλιν
2666 1302 2745 1364 εἰς
2767 1304 2891 1364 τοὺς
2915 1300 3234 1370 περιϐόλους
3254 1298 3634 1367 ὰναὸήσονται,

2062 1399 2155 1451 καὶ
2196 1397 2293 1466 τῆς
2340 1396 2585 1466 φυλακῆς
2614 1393 2924 1463 φροντιοῦσι
2952 1393 3050 1461 τῆς
3082 1391 3290 1453 πόλεως
3311 1405 3326 1420 ο
3375 1389 3502 1459 (ς’.)
3531 1387 3635 1441 ἀλλ’

2062 1491 2210 1559 ὅμως
2240 1489 2392 1542 οὐδὲν
2417 1483 2579 1557 ἦττον
2607 1486 2699 1540 καὶ
2728 1486 2781 1538 αἱ
2818 1484 2985 1537 πύλαι
3015 1484 3426 1550 ἁνοιγήσονται,
3459 1486 3550 1533 καὶ
3578 1478 3639 1531 τὰ

2066 1581 2312 1652 βασίλεια
2355 1577 2460 1633 ὑπὸ
2496 1582 2609 1642 τοῖς
2655 1576 2935 1646 πολεμίοις
2987 1575 3304 1644 γενήσεται,
3346 1572 3446 1625 καὶ
3492 1573 3539 1624 οἱ
3588 1574 3637 1624 ὲν

2064 1676 2178 1736 τοῖς
2240 1671 2531 1742 βασιλείοις
2581 1670 2951 1740 ληφθήσονται
3006 1666 3295 1737 θησαυροί.
3341 1664 3515 1716 Τοῦτο
3543 1663 3638 1734 γὰρ

388 1775 497 1828 lata
538 1781 644 1828 est.
682 1792 701 1823 ι
732 1771 845 1826 Hoc
880 1779 967 1826 est
992 1810 1007 1835 ,
1051 1786 1175 1840 qua:
1208 1771 1337 1823 olim
1378 1770 1659 1824 occultata
1703 1768 1922 1824 fuerant
1946 1808 1961 1831 ,

2086 1765 2449 1835 παρεδήλωσεν
2472 1761 2737 1835 εἰρηκώςο
2771 1779 2789 1810 ι
2826 1761 2891 1812 ’11
2917 1759 3212 1820 ὑπόστασις
3230 1755 3634 1824 ἀπεκαλύφθηη

386 1874 438 1919 et
468 1864 659 1919 multis
692 1861 969 1932 repagulis
1002 1861 1341 1915 communita
1368 1900 1381 1919 .
1426 1859 1689 1915 omnibus
1723 1860 1964 1913 revelata

388 1959 406 1977 '
435 1962 584 2009 sunt.
620 1974 637 2006 ι
667 1954 732 2006 Et
761 1954 880 2022 ipsa
919 1952 1273 2009 ascendebat.
1308 1972 1326 2005 ι
1354 1950 1605 2008 Nineven
1662 1952 1965 2023 intelligit:

390 2047 459 2101 de
490 2046 593 2099 hac
622 2046 768 2100 enim
805 2045 1079 2116 praedicit.

463 2218 631 2274 Vens.
668 2220 723 2271 7.
766 2237 785 2269 ι
820 2218 884 2273 Ει
924 2219 1139 2273 ancillae
1178 2219 1300 2289 ejus
1341 2222 1691 2276 ducebantur
1728 2226 1781 2273 et
1822 2219 1971 2272 sicut

392 2310 695 2372 columine,
739 2310 1030 2377 loquentes
1071 2309 1124 2361 in
1166 2311 1434 2364 cordibus
1474 2310 1615 2365 suis.
1653 2329 1671 2362 ι
1697 2309 1835 2365 Cum
1867 2309 1971 2363 hac

394 2410 575 2455 autem
606 2399 770 2459 simul
799 2399 1176 2468 captivitatem
1203 2398 1472 2454 subibunt
1498 2400 1665 2454 urbes
1693 2398 1929 2454 subdita:
1954 2440 1969 2465 ,

395 2501 450 2546 et
488 2492 645 2561 pagi,
687 2506 874 2544 secum
917 2489 1103 2544 animo
1142 2498 1423 2560 gementes
1449 2530 1464 2556 ,
1493 2498 1547 2545 et
1582 2490 1970 2545 columbarum

400 2598 583 2637 vocem
613 2583 909 2638 imitantes.

481 2691 650 2747 Vens.
684 2691 736 2750 8.
771 2709 790 2741 ι
827 2689 891 2743 Ει
919 2691 1128 2746 Nineve
1150 2731 1164 2756 ,
1201 2693 1347 2746 sicut
1377 2707 1531 2763 aquae
1566 2692 1791 2763 piscinae
1818 2708 1975 2764 aquae

401 2784 556 2854 ejus,
591 2791 647 2837 et
683 2783 785 2853 ipsi
821 2782 1098 2852 fugientes
1126 2798 1235 2839 non
1271 2791 1549 2839 steterunt
1576 2828 1591 2853 ,
1621 2794 1676 2841 et
1710 2800 1818 2840 non
1856 2794 1976 2842 erat

403 2876 497 2943 qui
527 2874 846 2944 respiceret.
890 2893 908 2926 ι
941 2874 1079 2929 Cum
1114 2883 1195 2929 tot
1228 2884 1417 2930 essent
1452 2877 1602 2931 illius
1632 2878 1786 2932 urbis
1817 2878 1972 2933 inco-

402 2965 503 3027 lae,
533 2972 593 3018 ut
622 2962 848 3033 piscina:
883 2964 1043 3033 aquis
1080 2962 1295 3019 referta:
1330 2980 1394 3020 ac
1423 2982 1592 3037 supra
1628 2967 1848 3021 modum
1891 2983 1977 3023 re-

2081 1859 2227 1913 ‘Av:‘t
2254 1856 2371 1919 τοῦ,
2405 1856 2474 1908 τα
2515 1856 2683 1908 πάλαι
2718 1852 3098 1922 κεκρυμμένα,
3130 1851 3224 1905 καὶ
3260 1849 3481 1910 πολλοῖς
3513 1848 3641 1899 κλεί-

2070 1950 2219 2021 Θροις
2249 1945 2646 2017 ὴσφαλισμένα,
2676 1944 2807 2011 δῆλα
2840 1946 3004 1997 πᾶσιν
3032 1941 3268 2009 ἐγένετο.
3314 1960 3331 1991 ι
3374 1940 3485 1992 Καὶ
3514 1938 3639 2006 αὕτη

2070 2040 2343 2095 ἀνέϐαινε.
2381 2055 2398 2089 ι
2428 2037 2540 2108 Τὴν
2564 2034 2753 2088 Νινευῒ
2795 2033 2979 2103 λέγει·
3012 2032 3142 2104 περὶ
3181 2032 3353 2101 αὐτῆς
3380 2029 3492 2101 γὰρ
3519 2046 3640 2099 προ-

2069 2131 2238 2198 λέγει.

2144 2220 2209 2283 ζ’.
2248 2232 2265 2270 ι
2302 2218 2412 2271 Καὶ
2440 2217 2497 2270 αἱ
2523 2215 2704 2269 δοῦλαι
2727 2214 2895 2284 αὐτῆς
2926 2214 3140 2284 ήγοντο,
3171 2211 3266 2265 καὶ
3293 2211 3371 2275 ὡς
3406 2227 3641 2282 περιστεο

2077 2313 2166 2384 ραὶ
2200 2309 2567 2379 φθεγγόμεναι
2595 2309 2653 2360 ὲν
2686 2307 2885 2378 καρδίᾳ
2914 2306 3143 2358 ἑαυτῶν.
3186 2324 3204 2357 ι
3246 2305 3644 2375 Κοινωνήσουσι

2072 2404 2129 2457 δὲ
2158 2404 2296 2472 αὐτῇ
2326 2401 2426 2471 τῆς
2452 2398 2830 2470 αἰχμαλωσίας
2863 2397 2960 2450 καὶ
2991 2399 3046 2450 αἱ
3084 2397 3315 2465 ὑπήκοοι
3349 2396 3537 2459 πόλεις
3562 2396 3645 2448 καὶ

2074 2494 2280 2563 κῶμαι,
2318 2492 2459 2546 κατὰ
2484 2492 2720 2546 διάνοιαν
2753 2489 3127 2555 στενάζουσαι,
3154 2488 3250 2542 καὶ
3274 2487 3386 2541 τῶν
3410 2505 3647 2558 περιστε·

2080 2585 2188 2656 ρῶν
2220 2584 2551 2656 μιμούμεναι
2574 2582 2673 2655 τὴν
2702 2581 2863 2653 ἠχὴν.

2147 2707 2216 2770 η’.
2247 2718 2265 2751 ι
2296 2699 2409 2752 Καὶ
2439 2695 2650 2763 Νινευῖ,
2679 2695 2753 2758 ὡς
2781 2694 2948 2751 ὕδατα
2975 2692 3365 2765 κολυμϐήθρας
3394 2694 3463 2747 τὰ
3495 2692 3647 2746 ὕδατα

2077 2796 2268 2865 αὐτῆς,
2307 2793 2402 2847 καὶ
2449 2791 2603 2846 αὐτοὶ
2637 2789 2931 2861 φεύγοντες
2966 2788 3068 2841 οὐκ
3115 2787 3391 2858 ἔστησαν,
3436 2787 3533 2841 καὶ
3560 2789 3649 2839 οὐκ

2077 2883 2144 2959 ἧν
2183 2888 2211 2940 ὁ
2237 2884 2567 2939 ἐπιϐλέπων.
2611 2901 2629 2933 ι
2674 2880 2929 2936 Τοσοῦτοι
2961 2879 3067 2951 γὰρ
3110 2879 3264 2943 ὄντες
3289 2881 3341 2933 οἱ
3378 2879 3479 2950 τὴν
3510 2880 3651 2935 πόλιν

2078 2973 2295 3043 ἐκείνην
2324 2971 2618 3035 οἰκοῦντες,
2650 2971 2725 3033 ὡς
2754 2968 3150 3033 ὰπεικάζεσθαι
3178 2967 3350 3041 αὐτὴν
3381 2968 3650 3039 κολυμσή-

403 3054 674 3108 dundanti
707 3054 918 3110 similes
957 3062 1180 3121 essent,
1225 3056 1365 3113 nihil
1403 3073 1599 3115 omnes
1638 3061 1743 3115 nisi
1790 3059 1972 3132 fugam

2086 3067 2186 3139 Dp;
2220 3065 2426 3121 ὑδάτων
2459 3061 2890 3137 πεπληρωμένῃ,
2929 3062 3027 3117 καὶ
3070 3060 3415 3131 exaugeam
3456 3061 3525 3114 τὰ
3562 3077 3651 3112 πε-

405 3152 760 3216 spectarunt,
798 3163 976 3218 neque
1013 3147 1230 3221 1528
1265 3151 1631 3221 retrospicere
1670 3152 1791 3209 ausi
1825 3161 1952 3208 sunt

408 3236 618 3292 Deinde
651 3238 881 3307 primam
914 3253 1105 3294 eorum
1142 3240 1485 3313 iniquitatem
1515 3242 1776 3312 explicat.

932 3398 953 3427 ο

487 3433 657 3494 Vens.
697 3436 752 3492 9.
798 3452 817 3488 ι
868 3437 1212 3509 Diripiebant
1258 3451 1588 3512 argentum,
1646 3441 1984 3515 diripiebant

412 3544 631 3593 aurum,
687 3535 741 3582 et
789 3544 899 3582 non
953 3537 1072 3583 erat
1124 3528 1249 3587 ﬁnis
1298 3531 1607 3587 ornamenti
1651 3531 1794 3603 ejus.
1826 3549 1845 3581 ι
1877 3529 1984 3586 Sed

413 3634 535 3692 quae
574 3618 762 3688 inique
801 3620 1187 3691 congregavit,
1221 3621 1345 3676 aliis
1379 3620 1694 3677 tradentur.
1724 3640 1743 3673 ‹
1773 3623 1985 3693 Aggra-

414 3711 527 3767 vati
571 3712 716 3765 enim
768 3719 899 3765 sunt
953 3727 1121 3782 super
1173 3713 1360 3769 omnia
1408 3727 1542 3768 vasa
1594 3713 1985 3769 desiderabilia

414 3802 556 3870 ejus.
591 3817 610 3849 ›
641 3800 697 3851 ln
728 3813 921 3853 eorum
954 3800 1099 3853 enim
1126 3800 1422 3856 thesauros
1445 3839 1460 3866 ,
1491 3801 1706 3870 inquit,
1740 3800 1985 3857 hosﬁum

418 3887 713 3942 multitudo
750 3888 991 3942 invadet.
1026 3886 1235 3943 Futura
1276 3898 1459 3944 autem
1494 3898 1555 3944 ut
1588 3891 1867 3960 praeterita
1904 3891 1988 3945 di-

418 3979 704 4048 cit,juxta
737 3980 1019 4050 proprium
1054 3979 1260 4034 idioma
1298 3980 1623 4051 Scriptum.

493 4172 655 4234 Vens.
694 4180 782 4234 10.
818 4194 836 4231 ι
867 4178 1172 4245 Excussio,
1208 4185 1263 4234 et
1303 4179 1657 4242 recxcussio,
1699 4187 1752 4233 et
1791 4180 1992 4235 ebulli-

422 4274 497 4327 lio
521 4313 536 4336 ,
572 4282 626 4328 et
657 4273 847 4328 cordis
882 4270 1220 4338 confractio,
1275 4279 1329 4327 et
1373 4271 1665 4328 dissolutio
1705 4289 1988 4343 genuum,

421 4375 473 4418 et
501 4363 726 4418 dolores
759 4377 926 4434 super
956 4378 1172 4418 omnem
1210 4363 1489 4428 lumbum,
1542 4370 1597 4418 et
1645 4362 1817 4421 facies
1872 4380 1994 4427 om-

423 4455 574 4509 nium
608 4455 753 4510 sicut
782 4455 1000 4521 adustio
1052 4455 1192 4508 ollae.
1225 4473 1243 4503 ι
1291 4454 1426 4520 Qua:
1463 4454 1517 4508 in
1546 4463 1709 4510 terra:
1749 4458 1991 4516 motibus
2025 4454 2068 4478 ν
2096 4483 2125 4521 ,ε

423 4544 539 4598 ﬁeri
589 4545 796 4603 solent.
827 4545 871 4597 si
903 4552 1047 4598 terra
1073 4546 1388 4598 concutitur
1416 4553 1470 4600 et
1501 4548 1767 4617 quatitur,
1798 4550 1991 4605 eadem

423 4637 489 4690 de
520 4637 760 4691 hostium
788 4636 1104 4690 incursione
1130 4635 1268 4689 dixit
1309 4635 1425 4693 fore
1446 4646 1527 4707 ut,
1557 4641 1819 4698 cordibus
1842 4652 1991 4699 metu

423 4728 647 4783 aliiictis
669 4767 684 4789 ,
714 4743 953 4798 genuum
984 4735 1138 4783 artus
1167 4728 1566 4800 dissolvantur,
1599 4741 1652 4789 et
1691 4736 1837 4791 sicut
1867 4753 1990 4791 mue

423 4818 588 4873 lieres
620 4819 991 4887 parturientes
1010 4816 1299 4879 doloribus
1328 4829 1717 4895 torqueantur,
1742 4837 1796 4885 ct
1824 4827 1995 4885 facies

422 4921 685 4964 concreto
716 4909 991 4980 sanguine
1018 4910 1288 4968 livescant
1309 4956 1324 4980 ,
1356 4923 1415 4971 ut
1444 4917 1567 4974 ollae
1596 4919 1804 4976 similes
1838 4922 1988 4988 sint,

424 5016 529 5072 qua
561 5008 719 5072 parte
752 5001 866 5070 igni
897 5001 1177 5063 admoveri
1210 5008 1376 5065 solet.

494 5273 661 5334 Vens.
702 5279 785 5334 li.
818 5299 834 5330 ι
865 5277 967 5334 Ubi
1005 5290 1092 5335 est
1121 5283 1496 5341 habitaculum
1527 5289 1747 5344 leonum
1770 5332 1785 5356 ,
1813 5299 1868 5345 et
1897 5307 1992 5362 pa-

429 5382 554 5423 scua
587 5368 896 5424 catulorum
935 5370 1157 5424 leonum
1185 5373 1206 5425 ?
1236 5392 1254 5421 ι
1287 5372 1459 5430 Vocat
1493 5386 1677 5433 autem
1716 5380 1993 5436 habitacu-

2086 3158 2262 3231 ριττὰ,
2292 3156 2426 3227 πρὸς
2468 3155 2645 3226 φυγὴν
2678 3149 2818 3208 εἶδον
2852 3153 3110 3218 ἅπαντες,
3150 3152 3273 3206 οὐδὲ
3326 3152 3653 3224 ἐπιστραφῆο

2083 3268 2170 3305 ναι
2218 3249 2377 3303 πάλιν
2426 3249 2505 3311 εἰς
2548 3246 2793 3306 τούπίσω
2824 3246 3214 3319 τολμήσαντες.
3249 3243 3386 3307 εἶτα
3412 3247 3515 3318 τὴν
3542 3261 3656 3315 προσ

2084 3343 2247 3415 τέραν
2274 3340 2453 3395 αὐτῶν
2486 3340 2701 3401 ἀδικίαν
2723 3338 2964 3406 διέξεισι.

2156 3457 2221 3511 θ’.
2259 3476 2278 3509 ι
2330 3455 2641 3526 Διήρπαζον
2674 3452 2735 3507 τὸ
2763 3452 3049 3525 ἀργύριον,
3093 3452 3397 3525 διήρπαζον
3441 3453 3505 3506 τὸ
3531 3469 3655 3523 xpu-

2088 3551 2222 3614 σίον,
2251 3549 2344 3602 καὶ
2371 3548 2472 3602 οὐκ
2503 3542 2571 3618 ἦν
2603 3547 2776 3618 πέρας
2810 3546 2904 3600 τοῦ
2934 3546 3140 3618 κόσμου
3161 3548 3208 3578 ⁸⁸
3236 3548 3432 3617 αὐτῆς.
3469 3567 3489 3599 ι
3528 3544 3656 3600 Ἀλλ’

2086 3639 2122 3696 ἃ
2151 3637 2334 3702 κακῶς
2363 3636 2723 3707 συνήθροισεν
2762 3637 2971 3706 ἑτέροις
3006 3636 3474 3708 παραδοθήσεται.
3509 3656 3528 3688 ι
3566 3638 3656 3689 Βε-

2089 3732 2349 3805 6ἁρυνται
2374 3716 2487 3805 γὰρ
2513 3730 2654 3801 ὑπὲρ
2683 3728 2864 3783 πάντα
2886 3729 2956 3782 τὰ
2986 3730 3156 3800 σκεύη
3187 3730 3364 3799 αὐτῆς
3388 3730 3433 3763 ⁸³
3462 3730 3531 3784 τὰ
3553 3732 3656 3782 ἐπι·

2091 3824 2328 3895 θυμητά.
2381 3842 2400 3875 ι
2435 3821 2594 3883 Κατὰ
2631 3820 2840 3876 τούτων
2872 3820 3003 3892 γὰρ,
3040 3821 3195 3891 φησὶ,
3235 3821 3349 3873 τῶν
3378 3822 3657 3891 θησαυρῶν

2088 3910 2148 3977 τὸ
2189 3916 2393 3986 πλῆθος
2440 3916 2680 3986 χωρήσει
2712 3914 2819 3968 τῶν
2849 3914 3147 3984 πολεμίων.
3190 3913 3281 3977 Ὧς
3324 3916 3658 3986 γεγενημένα

2089 4006 2241 4059 δὲτὰ
2267 4006 2502 4076 ἐσόμενα
2541 4007 2725 4074 λέγει,
2783 4005 2924 4059 κατὰ
2967 4005 3032 4059 τὸ
3080 4006 3280 4059 οἰκεῖον
3318 4007 3423 4077 τῆς
3450 4007 3658 4076 Γραφῇ

2094 4097 2308 4167 ἰδίωμα.

2167 4209 2220 4263 ι’.
2253 4228 2271 4261 ι
2297 4210 2671 4278 Ἐκτιναγμὺς,
2689 4211 2785 4263 καὶ
2804 4209 3193 4280 ἅνατιναγμὸς,
3222 4212 3318 4264 καὶ
3340 4210 3588 4282 βρασμὺς
3600 4210 3658 4272 ’⁸.

2096 4301 2189 4354 καὶ
2228 4300 2454 4368 καρδίας
2505 4300 2820 4375 θόρυϐοςῆ
2856 4301 2950 4353 καὶ.
2989 4301 3249 4364 ὑπόλυσις
3280 4303 3549 4369 γονάτων,
3579 4303 3659 4355 καὶ

2024 4424 2068 4478 D
2096 4392 2280 4456 ὠδῖνες
2306 4392 2398 4445 ἐπὶ
2425 4392 2604 4447 πᾶσαν
2633 4392 2826 4460 ὀσφὺν,
2870 4393 2963 4445 καὶ
2987 4391 3057 4445 τὰ
3088 4393 3361 4463 πρόσωπα
3382 4393 3430 4425 ⁸⁸
3458 4394 3660 4447 πάντων

2096 4483 2171 4546 ὡς
2200 4482 2531 4552 πρόσκαυμα
2562 4480 2787 4555 χύτρας.
2829 4501 2847 4534 ι
2890 4483 2954 4534 "A
2984 4483 3074 4535 ἐπὶ
3101 4483 3212 4535 τῶν
3244 4484 3490 4553 σεισμῶν
3517 4483 3660 4537 εἴωθε

2098 4573 2341 4643 γίνεσθαι
2372 4575 2766 4643 τινασσομένης
2798 4573 2896 4641 τῆς
2926 4573 3051 4642 γῆς,
3079 4575 3173 4625 καὶ
3197 4574 3530 4644 παλλούσης,
3556 4592 3662 4627 ταν-

2096 4663 2166 4717 τὰ
2198 4664 2292 4716 καὶ
2336 4663 2431 4714 ἐπὶ
2464 4662 2564 4732 τῆς
2599 4661 2703 4715 τῶν
2754 4662 3027 4732 πολεμίων
3065 4661 3279 4715 τέθεικε
3331 4662 3657 4733 προσϐολῆς·

2096 4757 2180 4810 ὅτι
2227 4754 2333 4809 τῶν
2382 4753 2621 4825 καρδιῶν
2664 4752 2742 4823 τῷ
2787 4753 2895 4807 δέει
2937 4751 3301 4823 βαλλομένων,
3339 4755 3436 4805 καὶ
3481 4750 3661 4806 αἰτῶν

2098 4844 2338 4912 γονάτων
2369 4844 2626 4913 ἁρμονίαι
2657 4842 3019 4914 λυθήσονται,
3070 4844 3166 4899 καὶ
3209 4847 3333 4907 ταῖς
3362 4842 3661 4903 τικτούσαις

2098 4934 2493 5005 παραπλησίως
2521 4934 2889 5005 ὁδυνήσονται,
2925 4936 3018 4989 καὶ
3042 4935 3109 4989 τὰ
3141 4937 3432 5005 πρόσωπα,
3464 4936 3555 4989 τοῦ
3588 4936 3659 4987 αῖ-

2101 5044 2270 5098 ματος
2312 5026 2603 5094 παγέντος,
2664 5026 3190 5098 πελιδνωθήσονται,
3236 5027 3313 5091 ὡς
3357 5028 3548 5096 ἐκείνῳ
3593 5024 3659 5093 τῷ

2101 5119 2254 5188 μέρει
2288 5116 2389 5187 τῆς
2424 5117 2627 5189 χύτρας
2672 5116 3089 5188 προσεοικέναι,
3143 5117 3172 5169 δ
3213 5117 3293 5188 τῷ
3336 5118 3474 5190 πυρὶ
3504 5132 3655 5188 προσ-

2098 5208 2307 5277 ομιλεῖν
2336 5208 2513 5260 εἴωθε.

2104 5328 2105 5335 ι
2169 5306 2259 5352 ιανι
2301 5318 2318 5350 ι
2357 5298 2465 5355 Ποῦ
2498 5301 2612 5352 ἐστι
2647 5299 2707 5353 τὸ
2729 5300 2775 5333 ³⁸
2824 5301 3250 5370 κατοικητήριον
3280 5299 3390 5353 τῶν
3420 5299 3650 5357 λεόντων.

2098 5390 2191 5440 καὶ
2213 5391 2245 5457 ἡ
2282 5390 2420 5458 νομὴ
2453 5392 2495 5458 ἡ
2531 5385 2663 5441 οὖσα
2707 5392 2816 5451 τοῖς
2868 5390 3163 5458 σκύμνοις;
3200 5412 3216 5442 ι
3251 5394 3357 5444 Καὶ
3391 5394 3541 5445 καλεῖ
3568 5392 3652 5461 μὲν

1721 5556 1951 5611 νΑΒιίΕ
2014 5559 2418 5615 LECTIONES.

425 5735 468 5764 ﬁ
492 5676 544 5764 δι’)
664 5694 717 5742 φ,
743 5680 838 5761 ᾐμ,
880 5680 1004 5735 Des,
1120 5682 1182 5764 Α..
1234 5683 1305 5764 “9°
1338 5688 1585 5764 12366;?“
1623 5689 1747 5745 DCS.
1782 5694 1835 5746 111
1868 5695 1930 5747 Α.

501 5750 539 5796 Α
571 5747 630 5797 τὸ
662 5749 966 5816 πρόσωπον.
1043 5754 1087 5784 ’³
1118 5754 1196 5808 τό.
1232 5754 1351 5810 Des.
1390 5758 1442 5810 in
1475 5747 1535 5811 (ἐξ

2013 5698 2051 5727 ⁹¹
2088 5699 2129 5749 Λ
2162 5697 2357 5749 αὐτῶν.
2439 5700 2482 5729 ί²²
2514 5701 2553 5753 Α
2588 5700 2961 5772 ἀναϐρασμός.

3069 5703 3115 5735 ⁹³
3147 5701 3266 5772 θόρ.
3300 5702 3341 5754 A
3373 5697 3640 5773 θραυσμόςο
