3904 6202
176 5684 179 5685 ,
255 5632 595 5701 πορίζοντες.

288 298 421 370 1⁵8οῙ

1519 308 1600 367 1N
1650 306 1927 371 NAHUM
1967 308 2124 370 CAP.
2169 309 2284 368 III.

3414 311 3557 391 1802

283 419 350 470 τὸ
377 417 835 487 κατοικητήριον
853 418 973 472 τῶν
987 419 1254 474 λεόντων
1267 420 1365 493 τὴν
1382 422 1588 484 Νινευῖ,
1608 423 1849 489 λέοντας

1968 425 2078 479 tum
2107 425 2330 495 quidem
2361 423 2574 481 (corium
2595 466 2610 492 ,
2638 424 2871 481 Niniven
2912 443 2943 506 ξ
2964 427 3135 484 leones
3162 444 3316 496 vero,
3344 447 3500 505 reges
3526 454 3538 488 :

281 508 340 563 δὲ
380 510 505 573 τοὺς
537 510 797 580 βασιλεῖς,
830 512 1140 580 σκύμνους
1170 512 1228 566 δὲ
1252 515 1379 577 τοὺς
1405 514 1610 568 τούτων
1640 516 1776 579 υίεῖς
1788 516 1858 580 ⁸⁸,

282 600 481 670 νομὴν
504 600 583 668 δὲ,
629 603 833 656 τούτων
879 605 976 668 τὰς
1007 605 1283 677 ὑπηκόους
1313 605 1517 670 πόλεις.
1564 608 1628 659 Oi
1667 606 1858 671 πάλαι,

282 692 441 763 φησὶ,
472 692 702 747 λεόντων
728 694 882 764 δίκην
911 695 1009 765 τὴν
1038 696 1232 750 Νινευῖ
1262 698 1362 768 μὲν
1390 697 1687 763 οἰκοῦντες,
1718 700 1859 753 πᾶσι

281 781 338 835 δὲ
371 783 541 846 ἀδεῶς
575 784 837 850 ἐπιόντες,
887 787 979 839 καὶ
1018 788 1225 861 τροφὴν
1265 791 1380 852 τοῖς
1417 789 1678 860 σκύμνοις
1714 790 1862 859 πορί-

282 871 487 940 ζοντες,
510 875 629 939 πῶς
657 876 752 929 νῦν
778 877 930 930 οὐδὲν
957 877 1195 932 τοιοῦτον
1218 878 1402 950 δρᾶτε,
1429 874 1702 949 πολεμίων
1730 879 1858 948 ὑμῖν

279 967 652 1035 ἐπελθόντωνς
677 970 784 1023 Καὶ
804 969 1084 1041 ἐπιμένων
1104 973 1171 1043 τῇ
1193 973 1369 1043 τροπῇ
1387 986 1402 1000 ο
1436 990 1454 1021 ι
1486 970 1598 1024 Ποῦ
1628 970 1858 1042 ἐπορεύ-

280 1056 369 1128 θη,
407 1058 564 1128 φησὶ,
599 1058 735 1112 λέων
764 1046 881 1112 ’τοῦ
928 1059 1222 1125 είσελθεΐν;
1266 1080 1284 1112 ι
1335 1060 1472 1113 ’Δὶ-λ’
1518 1055 1647 1130 ἆρα,
1697 1059 1857 1131 φησὶ,

280 1149 357 1221 μὴ
397 1148 540 1208 κατά
570 1165 730 1202 τινων
781 1149 1067 1220 στρατείαν
1101 1150 1329 1220 κινήσας
1372 1147 1669 1219 ἀποδημῶν
1706 1147 1859 1217 ἐτύγ-

277 1258 458 1313 χανες,
488 1241 649 1313 ἡνίκα
673 1240 784 1294 τῶν
816 1240 1072 1295 ἐναντίων
1101 1242 1162 1295 τὸ
1196 1242 1381 1311 στίφος
1410 1240 1747 1313 προσέϐαλεν
1765 1239 1853 1310 ⁹⁷;

274 1333 394 1387 ἀλλ’
437 1333 538 1385 οὐκ
592 1330 708 1385 ἐστι
737 1330 932 1385 ταῦτα·
993 1352 1011 1384 ι
1069 1333 1218 1386 Ἐκεῖ
1263 1333 1394 1405 γὰρ,
1428 1332 1584 1403 φησὶ,
1624 1329 1858 1402 σκύμνοι

277 1425 491 1489 λέοντος
512 1422 580 1487 ’⁸,
616 1424 713 1477 καὶ
743 1425 789 1457 ⁹⁹
840 1426 942 1478 οὐκ
985 1420 1055 1496 ἦν
1102 1425 1132 1478 ό
1176 1423 1446 1495 ἐκφοϐῶν.
1487 1442 1506 1475 ι
1548 1424 1664 1478 Οὐκ
1694 1423 1857 1490 αὐτὸς

273 1517 384 1587 γὰρ
420 1515 582 1587 μόνος
613 1515 918 1585 τηνικαῦτα
963 1514 1213 1585 ἐνδημῶν
1243 1515 1560 1585 ἐτύγχανες,
1595 1513 1731 1569 ἀλλὰ
1762 1514 1857 1568 καὶ

270 1608 324 1662 οἱ
346 1606 643 1678 στρατηγοὶ
667 1606 927 1670 ἅπαντες,
951 1608 1000 1659 oi
1033 1605 1199 1660 πάλαι
1230 1606 1435 1677 μηδένα
1461 1604 1854 1676 δειμαίνοντες,

272 1697 414 1752 ἀλλὰ
442 1696 544 1760 τὰς
565 1696 732 1760 ἄλλας
759 1697 1125 1760 καταλύοντες
1150 1696 1457 1766 βασιλείας,
1485 1695 1581 1749 καὶ
1606 1694 1698 1750 τὸν
1721 1694 1858 1748 ἐκεῖ-

1961 515 2196 583 catulos,
2229 518 2423 572 horum
2454 516 2596 573 iilios
2627 535 2642 573 :
2670 535 2907 588 pascua,
2941 521 3026 575 his
3059 523 3313 579 subditas
3352 527 3543 585 urbes.

1962 604 2065 671 Qui
2097 608 2261 671 olim,
2297 608 2410 672 ait,
2447 624 2600 665 more
2633 611 2854 667 leonum
2892 611 3131 669 Niniven
3185 616 3543 683 incolebatis,

1960 704 2015 752 et
2051 697 2105 752 in
2142 713 2337 756 omnes
2371 699 2647 771 intrepide
2686 703 2950 773 impetum
2990 704 3316 777 faciebatis,
3352 710 3539 765 cibum

1960 789 2169 846 catulis
2204 792 2641 861 eonqnirentes,
2679 808 2781 848 cur
2828 811 2978 850 nunc
3029 798 3289 855 hostibus
3336 800 3391 856 in
3440 816 3541 857 vos

1959 879 2305 939 irruentibus
2333 884 2469 938 nihil
2503 884 2611 940 tale
2640 885 2829 941 facitis
2854 887 2877 940 1'
2901 886 2968 941 Et
2994 896 3248 958 perstans
3280 891 3335 945 in
3368 900 3547 951 meta-.

1961 970 2135 1040 phora
2177 987 2240 1026 ις
2274 974 2395 1041 Quo
2428 976 2526 1030 ivit
2560 976 2668 1044 leo,
2708 978 2923 1048 inquit,
2958 990 3015 1034 ut
3048 981 3484 1051 ingrederetur?
3512 1003 3534 1040 ι

1963 1061 2179 1134 1529
2203 1064 2309 1120 Sed
2342 1067 2593 1138 nunquid
2624 1069 2910 1140 aliquibus
2931 1112 2944 1133 .
2976 1071 3194 1143 inquit,
3222 1074 3429 1129 bellum
3460 1075 3541 1132 in-

1960 1152 2144 1219 ferens
2190 1155 2454 1223 abfuisti,
2502 1174 2633 1214 cum
2686 1160 2928 1216 hostium
2960 1165 3133 1233 copia:
3165 1165 3540 1237 irruperunt?

1960 1242 2071 1300 Sed
2112 1262 2221 1302 non
2262 1250 2339 1304 ita
2379 1266 2467 1306 res
2497 1267 2557 1306 se
2583 1251 2789 1309 habet:
2824 1269 2984 1319 nam,
3023 1255 3226 1327 inquit,
3279 1275 3298 1309 ι
3325 1255 3406 1314 lbi
3436 1272 3539 1315 ca-

1959 1334 2061 1391 tuli
2099 1336 2358 1405 leonum,
2393 1349 2446 1396 et
2476 1357 2588 1397 non
2621 1353 2741 1398 erat
2796 1345 2889 1416 qui
2944 1345 3326 1405 terrel‘acerct.
3363 1368 3383 1402 ι
3415 1349 3542 1408 Non.

1958 1427 2140 1483 solum
2176 1432 2325 1486 enim
2363 1433 2481 1503 ipse
2507 1449 2754 1505 praesens
2787 1435 2979 1503 fuisti,
3018 1439 3113 1495 sed
3141 1440 3304 1496 etiam
3338 1455 3539 1499 omnes

1958 1518 2132 1577 duces
2183 1525 2502 1591 exercitus,
2561 1526 2657 1598 qui
2710 1528 2841 1583 olim
2898 1524 3175 1587 neminem
3231 1532 3537 1599 timebant,

1954 1614 2089 1682 quin
2129 1622 2187 1668 et
2224 1615 2333 1671 alia
2372 1633 2542 1689 regna
2581 1620 2947 1691 subigebant.
2990 1630 3047 1679 et
3086 1623 3215 1679 inde
3255 1626 3532 1684 tributum

1957 1708 2363 1778 congerebant,
2397 1719 2457 1767 et
2488 1713 2729 1783 posteris
2755 1714 2773 1733 ⁶
2803 1713 3070 1773 alimenta
3108 1716 3536 1790 comparabant.

267 1788 365 1844 θεν
417 1791 582 1861 φόρον
629 1788 992 1860 ἀθροίζοντες,
1041 1791 1136 1843 καὶ
1189 1791 1304 1853 τοῖς
1355 1788 1603 1857 ἐκγόνοις
1648 1784 1849 1875 τροφὴν

1958 1798 2072 1855 Hoc
2100 1800 2248 1856 enim
2281 1817 2380 1873 per
2405 1780 2694 1875 sequentia
2722 1804 2974 1863 declarat
3007 1825 3024 1865 :

270 1880 587 1951 πορίζοντες
610 1879 650 1934 ί.
705 1879 875 1933 Τοῦτο
919 1879 1027 1953 γὰρ
1078 1879 1433 1952 παρεδήλωσε
1470 1879 1490 1909 ⁸
1539 1879 1606 1931 δι’
1642 1871 1716 1932 ὧν
1754 1877 1846 1931 ἑπ-

267 1973 448 2046 ήγαγε
463 1989 479 2004 '

344 2064 431 2136 ιβ’.
487 2084 508 2117 ι
545 2063 696 2119 Λέων
732 2064 950 2135 ἥρπασε
994 2063 1065 2117 τὰ
1115 2064 1278 2118 ίκανέι
1326 2063 1537 2118 αὑτοῦ³
1583 2068 1696 2130 τοῖς
1722 2067 1853 2123 σκύ-

268 2174 449 2230 μνοις,
479 2157 575 2212 καὶ
599 2156 864 2221 ἀπέπνιξε
897 2157 1009 2219 τοῖς
1038 2154 1248 2210 λέουσιν
1280 2155 1446 2209 αὑτοῦ
1467 2172 1481 2186 ’
1512 2157 1607 2211 καὶ
1647 2156 1852 2228 ἔπλησε

264 2248 446 2320 θήρας
483 2247 703 2301 νοσσιὰν
727 2245 917 2308 αὐτοῦ,
958 2244 1094 2299 καὶδ
1124 2245 1186 2299 τὸ
1219 2249 1641 2317 κατοικητήριον
1685 2249 1851 2304 αὑτοῦ

262 2340 552 2411 ἁρπαγῆς.
596 2358 615 2390 ι
666 2338 838 2392 Είωθε
870 2338 978 2408 γὰρ
1003 2337 1071 2392 τὰ
1110 2337 1274 2409 θηρία
1305 2338 1626 2407 ἁποπνίγειν
1657 2341 1727 2393 τὰ
1753 2341 1851 2412 οη-

264 2432 494 2505 ρὼμενα
523 2432 658 2497 ζῶα,
707 2431 802 2486 καὶ
841 2430 986 2485 οὕτω
1035 2432 1149 2495 τοῖς
1177 2428 1238 2495 ἐξ
1286 2431 1467 2484 αὐτῶν
1518 2433 1852 2506 προσφέρειν

263 2523 497 2595 τροφήν.
527 2512 638 2575 Καί).
681 2524 730 2576 οἱ
770 2523 1049 2593 Ἀσσύριοι
1086 2522 1169 2588 δὲ,
1215 2521 1313 2584 τὰς
1340 2521 1449 2576 τῶν
1479 2521 1649 2577 ἐθνῶν
1688 2540 1852 2581 κατα-

258 2606 488 2679 λύοντες
520 2614 812 2686 βασιλείας,
860 2614 954 2669 τὸν
995 2614 1204 2670 ἐκεῖθεν
1251 2615 1592 2686 ἐκαρποῦντο
1619 2618 1847 2690 δασμόν.

261 2705 487 2778 Ταύτης
525 2706 585 2762 δέ
624 2707 727 2778 τῆς
763 2707 1109 2778 παρανομίας
1144 2705 1255 2775 ἐγὼ
1288 2712 1349 2760 σε
1380 2707 1744 2781 είσπράξομαι
1765 2708 1849 2766 δί-

262 2816 392 2864 κας.

340 2897 431 2961 ιγ’.
469 2909 489 2943 ι
544 2891 673 2948 ’ἰδοὺ
705 2891 814 2962 γὰρ
843 2890 956 2961 ἐγὼ
998 2891 1092 2945 ἐπὶ
1125 2889 1206 2956 σὲ,
1242 2891 1390 2961 λέγει
1426 2892 1628 2964 Κύριος
1655 2910 1853 2950 παντο-

259 2984 512 3055 κράτωρ,
563 2983 660 3038 καὶ
691 2983 946 3037 ἐκπαύσω
992 2984 1052 3037 ἐν
1097 2981 1290 3054 καπνῷ
1340 2983 1545 3054 πλῆθός
1600 3001 1717 3052 σου,
1749 2983 1846 3040 καὶ

2026 2056 2196 2117 Vsus.
2232 2063 2318 2119 i2.
2356 2082 2375 2116 ι
2410 2065 2521 2122 Leo
2556 2067 2743 2139 rapuit
2771 2056 3114 2128 suiIicienter
3142 2072 3343 2131 catulis
3375 2073 3535 2142 suis,

1953 2159 2009 2207 et
2040 2153 2330 2212 snti'ocavit
2370 2156 2626 2215 leonibus
2659 2161 2818 2226 suis,
2852 2169 2910 2216 et
2941 2163 3192 2235 implevit
3222 2165 3406 2236 pra-da
3442 2168 3534 2224 ni-

1953 2244 2085 2298 dum
2117 2261 2279 2301 suum
2300 2289 2316 2314 ,
2351 2257 2405 2304 et
2443 2251 2630 2306 cubile
2660 2266 2822 2307 suum
2854 2256 3072 2324 rapina.
3106 2275 3125 2309 »
3158 2255 3348 2311 Solent
3378 2260 3532 2319 enim

1954 2332 2086 2390 ferte
2108 2337 2413 2393 animantia
2443 2354 2566 2409 quae
2591 2341 2844 2398 venando
2867 2348 3116 2415 ceperint
3141 2345 3413 2401 suffocare
3431 2386 3450 2415 ,
3475 2358 3534 2404 et

1955 2425 2029 2480 ita
2061 2429 2265 2485 catulis
2297 2430 2486 2487 cibum
2519 2431 2738 2489 aliene.
2777 2435 2989 2507 Assyrii
3026 2451 3251 2507 quoque
3282 2439 3532 2508 gentium

1954 2534 2124 2591 regna
2171 2531 2485 2582 evertentes
2539 2526 2889 2596 vectigalium
2921 2526 3140 2584 fructus
3183 2529 3310 2585 inde
3346 2532 3532 2600 perci-

1954 2611 2195 2682 piebant.
2245 2615 2316 2669 At
2349 2629 2452 2686 ego
2498 2615 2665 2687 huius
2714 2619 3033 2689 iniquitatis
3088 2621 3187 2675 abs
3239 2628 3292 2677 te
3337 2635 3532 2691 ρωπος

1952 2710 2220 2772 repetam.

2026 2876 2195 2937 Vens.
2232 2880 2320 2936 13.
2350 2900 2369 2934 ι
2400 2879 2544 2938 Ecce
2570 2883 2717 2938 enim
2747 2899 2850 2955 ego
2875 2885 2945 2941 ad
2972 2894 3026 2942 te
3050 2927 3066 2955 ,
3093 2884 3230 2943 dicit
3262 2886 3531 2955 Dominus

1953 2970 2341 3043 omnipotens,
2395 2982 2452 3029 et
2502 2975 2843 3032 succendam
2905 2977 3059 3034 fumo
3114 2980 3527 3038 multitudinem

260 3077 394 3140 τοὺς
426 3075 646 3140 λέοντάς
666 3094 764 3129 σου
794 3076 1173 3146 καταφάγεται
1204 3076 1452 3147 μάχαιρα
1473 3077 1518 3143 ⁸,
1549 3077 1646 3132 καὶ
1672 3077 1849 3143 ἐξολο-

1958 3071 2145 3129 tuam,
2177 3073 2232 3119 et
2264 3065 2449 3124 leones
2477 3075 2601 3123 tuos
2647 3067 2904 3126 absumet
2943 3071 3199 3140 gladius,
3247 3083 3303 3129 et
3349 3082 3534 3130 exter-

1958 3154 2174 3178 ...2..-I--
2214 3154 2274 3178 ,1,
2313 3163 2456 3178 ι-....-
2492 3156 2730 3178 .._..J-_..
2772 3166 2919 3178 .__-4-
3004 3168 3045 3178 _.
3104 3177 3143 3178 ,,
3322 3163 3358 3178 ι·
3440 3171 3452 3178 Α

258 3165 482 3235 θρεύσω
509 3167 575 3218 ἐκ
599 3167 698 3235 τῆς
717 3167 739 3199 ⁸
769 3167 871 3237 γῆς
895 3166 993 3237 τὴν
1019 3167 1342 3238 θήρανσου,
1371 3167 1467 3221 καὶ
1498 3168 1559 3221 ού
1589 3168 1665 3240 μὴ
1693 3169 1849 3225 ἀκου-

1958 3154 2178 3210 minabo
2209 3154 2277 3212 de
2312 3163 2460 3212 terra
2492 3156 2736 3228 praedam
2772 3166 2962 3229 tuam,
2994 3168 3052 3217 et
3084 3177 3193 3218 non
3230 3163 3532 3219 andientur

256 3257 486 3328 σθῇ,ἔτι
509 3258 577 3312 τὰ
602 3258 738 3328 ἔργα
767 3277 882 3313 σου.
931 3278 950 3310 ι
994 3259 1214 3331 Ἐπειδὴ
1246 3261 1523 3331 τροπικῶς
1561 3261 1851 3320 ἄνω’λεόν-

262 3364 396 3410 των,
428 3349 522 3402 καὶ
569 3347 849 3419 σκύμνων,
900 3349 996 3402 καὶ
1031 3349 1226 3420 θήρας,
1276 3350 1372 3403 καὶ
1404 3351 1576 3421 νομῆς
1608 3352 1852 3425 ἐμνημό-

261 3456 477 3505 νευσεν,
504 3441 729 3503 εἰκότως
755 3442 845 3493 καὶ
892 3441 991 3510 τὴν
1021 3440 1226 3494 τούτων
1255 3441 1534 3511 ἀναίρεσιν
1576 3444 1852 3513 τροπικῶς

258 3528 646 3602 προθεσπίζει.
678 3531 789 3584 Καὶ
817 3530 1006 3599 ἐπειδὴ
1036 3530 1104 3584 τὰ
1127 3532 1185 3584 ἐν
1217 3531 1438 3601 ἄντροις
1468 3533 1579 3587 τισὶ
1605 3549 1850 3606 κεκρυμμ-

266 3621 409 3692 μὲνα
450 3622 634 3693 θηρία,
685 3623 780 3676 καὶ
822 3623 1163 3694 προκύπτειν
1193 3624 1256 3676 ού
1288 3622 1609 3694 βουλόμενα,
1641 3626 1849 3683 καπνὸν

259 3717 388 3778 ταῖς
427 3715 653 3780 είσόδοις
707 3717 1115 3787 προσφέροντες
1155 3718 1204 3770 oi
1255 3716 1596 3787 θηρεύοντες,
1645 3719 1848 3785 ἐξιέναι

262 3808 765 3875 καταναγκάζουσι,
800 3807 894 3860 καὶ
921 3807 1134 3873 ἐξιόντα
1164 3808 1407 3878 δέχονται
1451 3811 1571 3873 ταῖς
1599 3811 1844 3882 αἰχμαῖς,

260 3896 490 3960 εἰκότως
522 3896 626 3967 ἔφη
650 3899 843 3968 καπνῴ
874 3898 1221 3969 παραδώσειν
1246 3900 1308 3952 τὸ
1341 3899 1566 3970 πλῆθος,
1602 3903 1699 3955 καὶ
1719 3903 1847 3967 τοὺς

259 3985 488 4048 λέοντας
534 3989 599 4056 τῇ
653 3987 925 4057 ῥομφαίᾳο
961 3987 1219 4056 σημαίνει
1266 3986 1325 4040 δὲ
1370 3987 1462 4041 τὸν
1503 3986 1604 4057 τῆς
1637 3988 1846 4052 πόλεως

257 4077 615 4147 ἐμπρησμὸν,
647 4080 739 4131 καὶ
766 4079 865 4148 τὴν
890 4078 1001 4131 τῶν
1036 4077 1300 4147 βασιλέων
1331 4078 1568 4147 σφαγὴν,
1593 4073 1670 4132 ὧν
1694 4095 1846 4146 γενο-

261 4169 445 4240 μένων
474 4170 568 4223 καὶ
598 4171 631 4241 ἡ
660 4169 803 4242 θήρα
829 4168 1045 4223 παῦλαν
1070 4169 1282 4223 ἐλαϐεν.

803 4257 1196 4312 ΚΕΦΛΑΑΙΟΝ
1232 4259 1306 4312 Γ.

335 4345 470 4404 Εἶτα
508 4350 651 4405 κατὰ
676 4351 874 4405 ταυτὸν
903 4351 996 4404 καὶ
1027 4350 1298 4421 τραγῳδεῖ
1330 4350 1502 4420 αὐτῆς
1532 4351 1630 4422 τὴν
1673 4367 1843 4420 πονη-

1952 3250 2100 3305 ultra
2127 3265 2296 3321 opera
2329 3262 2446 3308 tua.
2480 3270 2501 3305 ι
2532 3251 2674 3318 Quia
2709 3254 2928 3324 tropice
2961 3256 3222 3326 superius
3270 3256 3528 3325 leonum,

1950 3347 2006 3397 et
2060 3341 2378 3397 catulorum
2405 3379 2422 3406 ,
2464 3350 2521 3397 et
2559 3343 2788 3414 praedae,
2827 3351 2883 3399 et
2922 3360 3255 3416 pascuorum
3298 3347 3532 3404 mentio—

1934 3448 2076 3501 ,nem
2114 3432 2281 3500 fecit,
2315 3443 2464 3490 recte
2496 3434 2696 3490 horum
2733 3452 2955 3507 quoque
2995 3438 3280 3494 interitum
3315 3440 3529 3512 tropice

1950 3523 2219 3595 praedicit.
2254 3523 2323 3579 Et
2352 3524 2481 3596 quia
2515 3525 2662 3581 feras
2694 3525 2753 3582 in
2785 3529 2968 3584 antris
2998 3528 3332 3600 quibusdam
3365 3532 3525 3588 abdi-

1950 3625 2057 3681 tas,
2107 3631 2233 3670 cum
2283 3616 2506 3686 prodire
2548 3617 2786 3683 nolunt,
2838 3629 3127 3678 venatores
3162 3620 3314 3679 fumo
3362 3621 3529 3678 aditi-

1948 3707 2052 3763 bus
2092 3707 2315 3765 admoto
2344 3709 2537 3780 egredi
2577 3719 2822 3779 cogunt,
2853 3717 2908 3766 et
2945 3726 3203 3784 egressas
3238 3715 3529 3773 venabulis

1946 3800 2275 3869 excipiunt,
2312 3799 2515 3856 merito
2544 3801 2659 3865 ait,
2711 3801 2864 3856 fumo
2913 3817 2972 3858 se
3018 3804 3356 3860 traditurum
3403 3821 3529 3862 esse

1946 3890 2398 3960 multitudinem,
2426 3904 2481 3949 et
2506 3891 2698 3949 leones
2728 3892 2942 3967 1530
2967 3895 3174 3966 gladio.
3212 3896 3310 3955 His
3338 3906 3524 3954 autem

1948 3984 2101 4039 urbis
2131 3984 2621 4055 deﬂagrationem,
2655 3994 2710 4043 et
2746 4002 2936 4056 regum
2972 3989 3177 4045 caedem
3212 3989 3522 4063 signiﬁcat,

1947 4076 2147 4147 quibus
2176 4078 2446 4146 peractis,
2475 4078 2716 4135 cessavit
2745 4078 2991 4136 venatio.

2555 4253 2786 4310 CAPUT
2827 4253 2918 4308 lli.

2016 4346 2181 4418 [1-5].
2232 4347 2439 4404 Deinde
2487 4362 2597 4402 una
2655 4354 2710 4401 et
2760 4346 2884 4415 ejus
2937 4348 3202 4401 malitiam
3251 4345 3519 4419 deplorat,

261 4440 407 4508 ρίαν.
442 4438 640 4509 ψευδῆ
683 4440 931 4496 ἅπασαν
977 4440 1072 4492 καὶ
1120 4440 1329 4493 ἄδικον
1379 4438 1705 4494 ἀποκαλῶν
1745 4441 1840 4494 καὶ

1958 4448 2115 4492 rotam
2165 4437 2475 4491 mendacem
2522 4435 2804 4506 appellans
2853 4442 2909 4490 et
2959 4433 3236 4505 iniquam,
3287 4447 3340 4491 et
3375 4440 3519 4492 mala

255 4531 526 4602 διηγεῖται
552 4535 620 4585 τὰ
641 4532 940 4587 ἐπελθόντα
971 4533 1139 4595 δεινὰ,
1170 4532 1378 4603 σεισμῷ
1409 4532 1640 4585 ἐοικέναι
1667 4532 1839 4601 λέγων

256 4624 372 4677 τῶν
416 4626 678 4694 ἁρμάτων
720 4625 812 4679 τὸν
843 4625 1069 4690 κτύπον,
1108 4626 1202 4677 καὶ
1245 4623 1335 4676 τὸν
1365 4623 1472 4675 τῶν
1503 4623 1686 4677 ἵππων
1711 4641 1838 4694 χρε-

264 4717 549 4787 μετισμὸν,
601 4719 695 4769 καὶ
730 4716 839 4769 τῶν
877 4717 1087 4768 ἱππέων
1115 4716 1205 4768 τὸν
1237 4714 1481 4785 θόρυϐον.
1517 4716 1841 4786 Καταπλήτα

254 4826 342 4863 τει
367 4810 422 4862 δὲ
447 4811 539 4863 καὶ
567 4812 631 4880 τῇ
678 4809 811 4881 περὶ
834 4808 940 4862 τῶν
965 4807 1148 4862 ὃπλων
1187 4808 1465 4879 ἐξηγήσει,
1506 4808 1838 4879 ἀστράπτειν

258 4903 435 4971 λέγων
459 4902 582 4963 τοὺς
613 4901 868 4973 θώρακας
910 4901 1002 4954 καὶ
1043 4900 1142 4963 τὰς
1173 4900 1466 4970 ῥομφαίας.
1500 4901 1758 4971 Προλέγει
1781 4899 1838 4953 δέ

258 4995 356 5047 καὶ
392 4996 498 5047 τῶν
530 4996 837 5048 πιπτόντων
882 4994 942 5046 τὸ
990 4992 1212 5063 πλῆθος,
1248 4992 1472 5046 καὶτῶν
1504 4993 1586 5054 εἰς
1618 4994 1840 5044 ἐπικου-

261 5089 388 5158 ρίαν
426 5088 792 5141 συνε).θόντων
837 5087 1008 5139 ἐθνῶν
1051 5083 1150 5154 τὴν
1175 5084 1474 5156 ἀναίρεσιν.
1512 5085 1753 5151 Ὀλίγους
1784 5083 1841 5136 δέ

255 5180 384 5242 τοὺς
427 5180 676 5232 ἐντεῦθεν
707 5176 1142 5247 διασωζομένους
1189 5175 1340 5245 φησί.
1377 5177 1547 5228 Τοῦτο
1583 5174 1691 5245 γὰρ
1718 5175 1836 5247 ἐδή-

255 5273 430 5324 λωσεν
464 5270 700 5342 εἰρηκώς
720 5287 733 5299 ·

1945 4530 2322 4600 impendentia
2374 4537 2609 4583 narrat:
2656 4534 2820 4582 terrae
2873 4527 3046 4583 motui
3100 4528 3336 4584 similem
3393 4546 3519 4586 esse

1946 4624 2141 4678 dicens
2167 4637 2429 4677 curruum
2459 4620 2749 4692 strepitum
2774 4661 2789 4684 ,
2815 4628 2869 4674 et
2898 4634 3171 4690 equorum
3201 4620 3476 4676 hinnitum
3497 4663 3514 4687 ,

1943 4727 1999 4774 et
2032 4719 2281 4787 equitum
2318 4715 2640 4768 clamorem.
2677 4710 2971 4767 Terrorem
3003 4712 3166 4766 etiam
3202 4712 3399 4768 incutit
3427 4729 3514 4767 ar-

1945 4826 2158 4866 morum
2195 4807 2519 4864 narratione
2543 4846 2558 4871 ,
2594 4820 2748 4859 arma
2779 4812 2833 4860 ct
2865 4803 3078 4875 gladios
3117 4803 3394 4875 fulgurare
3433 4804 3510 4859 di-

1948 4919 2102 4958 cens.
2160 4900 2413 4955 l’rmdicit
2462 4905 2641 4953 autem
2671 4911 2890 4966 quoque
2921 4895 3234 4949 cadentium
3266 4895 3508 4950 multitu-

1948 4997 2167 5060 dinem,
2202 5003 2256 5047 et
2283 4989 2486 5044 aedem
2523 4988 2805 5058 gentium,
2841 5001 2960 5055 (μελε
2987 4985 3051 5039 ad
3096 4985 3379 5040 feremlum
3416 5001 3514 5039 au-

1949 5089 2137 5142 xilium
2172 5089 2551 5139 convenerant
2590 5098 2602 5134 :
2638 5094 2954 5148 paucosque
2986 5094 3048 5132 ex
3092 5080 3192 5133 hoc
3222 5079 3363 5134 bello
3397 5094 3513 5134 scr-

1944 5190 2098 5235 vatos
2131 5178 2287 5235 dicit.
2323 5176 2435 5230 lloc
2460 5174 2608 5229 enim
2640 5180 2724 5227 est
2752 5171 2895 5241 quod
2928 5170 3001 5222 ait
3030 5187 3043 5222 :

1522 5444 1756 5499 VARle
1799 5441 2199 5498 LECTIONES.

329 5563 374 5593 νδ
397 5560 437 5615 C
468 5560 634 5622 υἱούς.
696 5562 739 5611 9⁷
773 5579 866 5629 πρ.
896 5530 939 5614 ίὶ
973 5578 1158 5630 pra'm.
1193 5564 1256 5631 τῇ
1292 5562 1460 5613 πόλει.
1539 5560 1582 5590 ³⁸⁸
1611 5560 1652 5611 Α
1690 5559 1923 5631 σκύμνος
1952 5559 2181 5619 λέοντος.
2265 5558 2318 5631 *99
2351 5557 2444 5609 καὶ
2471 5585 2544 5631 ———_
2567 5570 2746 5631 τηνικ.
2770 5551 2904 5631 Pes.
2946 5549 3022 5628 oin
3056 5547 3128 5631 μ’).
3211 5546 3240 5631 ³.
3333 5560 3514 5631 προτι-

257 5699 523 5772 ὸομφαία.
594 5701 614 5731 ⁸
643 5700 758 5767 τῆς,
795 5699 1000 5754 Βεεζὶιι
1031 5705 1091 5756 Λ.

579 5793 853 5852 Parnm“
884 5793 1000 5853 Gn.
1042 5797 1305 5856 LXXXI.

698 5631 716 5659 ²
775 5616 1102 5701 (Ϊέὀήλωσε.
1181 5616 1351 5684 δᾶύτ.
1391 5631 1445 5684 In
1494 5631 1533 5681 Α
1596 5639 1646 5682 et
1679 5629 1717 5682 (ἶ
1775 5616 1994 5699 ponitur
2027 5637 2145 5697 post
2178 5627 2457 5697 σκύμνοις.
2535 5626 2555 5654 ⁸
2607 5624 2716 5678 καί.
2770 5624 2882 5675 Des.
2944 5618 2998 5670 in
3054 5616 3115 5668 (Ζ.

3218 5614 3240 5646 ⁵
3273 5613 3401 5679 pix.
3464 5615 3511 5666 Α

3030 5779 3103 5836 57
