3904 6202
368 242 503 308 1803

1446 235 1926 299 I‘IIEODORETI
1972 231 2308 296 EPISCOPI
2346 233 2708 298 CYRENSIS

3499 224 3629 292 ιεθι

440 369 461 405 ι
492 349 926 407 Infirmabuntur
983 350 1042 406 in
1101 348 1363 421 gentibus
1418 349 1557 404 suis.
1594 346 1809 420 (Vens.
1843 347 1897 402 4.
1926 346 1937 419 ]

2124 363 2144 397 ι
2196 345 2616 417 Ἀσθενήσουσιν
2641 346 2702 398 ὲν
2727 343 2838 408 τοῖς
2873 340 3081 396 ἔθνεσιν
3109 338 3312 394 αὑτῶν.
3345 336 3459 411 (δ’
3505 339 3632 391 Ἀπὸ

353 445 444 504 Ob
477 445 888 501 multitudinem
923 442 1338 499 fornicationis.
1361 461 1390 514 ,ι
1425 442 1508 497 Ad
1545 457 1753 513 paucos
1793 441 1939 498 enim

360 538 670 610 redigetur,
707 536 926 605 inquit,
963 550 1156 591 eorum
1190 533 1520 600 multitudo,
1561 544 1675 589 tum
1715 540 1943 604 prOpter

363 631 639 689 idolorum
672 643 954 693 errorem,
990 635 1108 684 tum
1144 638 1374 700 propter
1407 627 1698 700 plurimam
1754 626 1942 682 libidi-

359 738 526 776 nem:
563 728 861 789 utrumque
890 719 1035 774 enim
1084 721 1187 774 hoc
1220 720 1341 774 loco
1389 718 1798 789 fornicationem
1844 731 1944 773 vo-

360 820 472 868 cat.
505 810 663 878 Quod
693 811 914 880 planius
941 810 1106 865 etiam
1139 813 1428 882 sequentia
1460 810 1658 865 docent
1683 829 1695 864 :
1724 829 1743 861 ι
1773 809 1946 865 Mere-

360 907 466 963 trix
523 905 776 977 speciosa
825 911 880 960 et
923 915 1112 976 grata,
1167 904 1278 957 dux
1325 903 1740 957 maleficiorum.
1776 899 1941 956 iJam

359 1014 487 1054 cum
547 999 602 1052 in
666 997 947 1068 impietate
989 1003 1044 1051 et
1107 995 1399 1066 iniquitate
1441 994 1612 1049 vitam
1675 993 1941 1064 degercs,

360 1070 646 1159 Splendida
699 1094 754 1142 et
799 1085 1030 1140 illustris
1061 1099 1185 1141 esse
1230 1083 1639 1140 existimabaris
1695 1083 1764 1136 ab
1816 1081 1939 1145 his,

357 1179 456 1252 qui
499 1194 681 1234 rerum
733 1187 984 1233 naturam
1036 1184 1186 1233 recte
1224 1183 1243 1200 “
1285 1177 1591 1246 dijudicare
1639 1173 1937 1229 nesciunt:

359 1279 414 1328 et
430 1273 694 1326 Creatore
731 1284 795 1324 ac
819 1267 1107 1324 Salvatore
1141 1267 1542 1338 derelicto,qui
1575 1274 1631 1321 te
1664 1264 1944 1336 poeniten-

364 1376 468 1419 tem
521 1362 758 1434 plurima
781 1360 1159 1416 misericordia
1179 1359 1442 1432 dignatus
1483 1368 1623 1422 erat,
1645 1357 1942 1429 praestigiis

361 1455 590 1525 teipsam
635 1453 917 1518 dcdidisti,
957 1458 1013 1508 et
1056 1467 1122 1507 ex
1157 1453 1242 1508 his
1270 1454 1457 1507 omnia
1503 1467 1722 1524 semper
1755 1453 1938 1524 egisti.

365 1567 384 1600 ι
412 1547 544 1615 Quae
599 1544 784 1602 vendit
833 1555 1022 1618 gentes
1079 1546 1450 1600 fornicatione
1494 1559 1596 1601 sua
1623 1584 1638 1607 ,
1673 1553 1728 1600 et
1762 1544 1941 1601 tribus

2047 436 2283 508 πλήθους
2313 437 2592 508 πορνείας.
2627 454 2647 488 ι
2683 436 2778 497 Εἰς
2808 433 3024 502 ὀλίγους
3052 431 3185 504 γάρ,
3210 430 3367 499 φησὶ,
3397 427 3630 500 περιλει-

2048 528 2318 600 φθήσεται
2344 529 2406 582 τὺ
2431 528 2635 598 πλῆθος
2659 526 2861 591 αὐτῶν,
2883 525 2972 579 διά
2990 541 3050 577 τε
3075 524 3173 593 τὴν
3199 523 3329 594 περὶ
3348 522 3422 576 τὰ
3444 521 3632 575 εἴδωλα

2047 619 2278 691 πλάνην,
2313 621 2409 674 καὶ
2432 620 2529 691 τὴν
2565 619 2828 690 πλείστην
2857 615 3155 673 ἀκολασίαν
3173 631 3186 645 ·
3215 614 3506 685 ἀμφότερα
3528 613 3632 684 γάρ

2046 710 2283 766 ἐνταῦθα
2311 716 2602 781 πορνείαν
2628 710 2806 765 καλεῖ.
2856 709 2966 762 Καὶ
2995 706 3154 760 τοῦτο
3200 705 3542 774 σαφέστερον
3568 705 3632 758 τὰ

2046 805 2364 875 ἐπαγόμενοι
2409 803 2675 857 διδάσκει·
2733 821 2754 854 ι
2814 801 2996 870 Πόρνη
3044 798 3185 869 καλὴ
3219 798 3317 851 καὶ
3357 796 3631 866 ἐπίχαρις,

2047 897 2323 968 ἡγουμένη
2357 896 2683 966 φαρμάκων.
2719 892 3036 964 ιδἈσεϐείᾳ
3058 891 3169 961 γὰρ
3190 889 3286 944 καὶ
3313 886 3632 959 παρανομίᾳ

2049 987 2268 1053 συζῶσα
2295 985 2526 1059 λαμπρά
2547 1005 2632 1051 τις
2655 981 2795 1040 εἶναι
2823 986 2918 1038 καὶ
2941 970 3248 1053 περιφανὴς
3289 980 3501 1043 ἐδόκεις
3525 981 3632 1043 τοῖς

2045 1082 2147 1135 οὐκ
2177 1080 2352 1151 ὀρθῶς
2383 1080 2590 1150 κρίνειν
2619 1078 3006 1150 ἐπισταμένοις
3034 1076 3144 1130 τῶν
3169 1074 3521 1146 πραγμάτων
3539 1070 3637 1141 τὴν

2054 1173 2240 1242 φύσιν,
2295 1171 2504 1225 καὶτὸν
2545 1169 2780 1241 Ποιητὴν
2819 1170 2914 1222 καὶ
2958 1168 3187 1238 Σωτῆρα
3229 1163 3630 1226 καταλιποῦσα,

2045 1263 2103 1328 ὃς
2124 1262 2535 1335 φιλανθρωπίας
2554 1279 2611 1316 σε
2633 1262 2890 1332 πλείστης
2911 1259 3389 1332 μεταμεληθεῖσαν
3411 1255 3629 1327 ἠξίωσε,

2046 1359 2112 1427 τῇ
2162 1356 2386 1428 γοητείᾳ
2445 1355 2646 1424 σαυτὴν
2707 1353 3089 1418 ἀνατέθεικας,
3152 1351 3245 1405 καὶ
3295 1350 3369 1402 δι’
3421 1349 3632 1418 ἐκείνης

2048 1450 2262 1503 ἅπαντα
2282 1447 2586 1510 διετέλεσας
2609 1445 2811 1518 δρῶσα.
2849 1466 2867 1498 ι
2907 1446 2968 1498 Ἦ
2995 1443 3251 1498 πωλοῦσα
3279 1442 3351 1495 τὰ
3370 1441 3392 1472 τ
3423 1440 3553 1509 ἔθνη
3579 1441 3635 1492 ὲν

2047 1542 2114 1610 τῇ
2144 1539 2371 1610 πορνείᾳ
2400 1539 2592 1609 αὐτῆς,
2625 1540 2722 1591 καὶ
2761 1537 2932 1608 φυλάς
2958 1539 3016 1592 ὲν
3049 1539 3160 1600 τοῖς
3185 1535 3512 1607 φαρμάκοις
3545 1533 3637 1586 tr)-

359 1638 645 1693 maleficiis
668 1636 802 1693 suis.
818 1655 836 1688 ι
859 1634 970 1691 Nec
993 1647 1084 1690 tua
1112 1635 1391 1706 impietate
1415 1644 1697 1699 contenta,
1729 1634 1937 1707 1531

2047 1632 2164 1702 τῆς.
2204 1650 2222 1682 ι
2259 1632 2348 1703 Τῇ
2376 1631 2554 1702 οἰκείᾳ
2579 1629 2636 1683 δὲ
2661 1630 2888 1702 ἀσεϐείᾳ
2923 1630 2996 1702 μὴ
3019 1628 3360 1701 άρκουμένη.
3390 1627 3490 1680 καί
3515 1627 3636 1688 τοὺς

359 1731 591 1802 coegisti
629 1729 795 1785 etiam
831 1727 1122 1792 subditos,
1169 1735 1229 1782 ut
1274 1725 1462 1782 eadem
1507 1741 1631 1797 qua:
1673 1738 1729 1782 tu
1775 1727 1947 1782 senti-

359 1830 508 1879 rent.
536 1821 906 1888 Quamobrem
927 1861 942 1886 ,
975 1819 1174 1890 inquit,

431 1912 596 1967 Vsus.
621 1911 676 1978 5,
700 1910 754 1966 6.
780 1929 798 1963 ι
820 1910 933 1980 Ego
958 1909 1224 1965 Dominus
1250 1911 1634 1966 universorum
1658 1910 1948 1981 discoope-

354 2006 494 2060 riam
535 2003 843 2075 posteriora
876 2009 969 2056 tua
1007 2016 1170 2072 super
1205 2001 1403 2056 faciem
1441 2010 1590 2056 tuam
1619 2043 1635 2070 ,
1672 2009 1725 2057 et
1757 2011 1948 2056 osten-

358 2098 483 2151 dam
527 2095 782 2166 gentibus
821 2093 1216 2150 confusionem
1256 2101 1445 2160 tuam,
1477 2101 1530 2149 et
1571 2093 1759 2164 regnis
1789 2094 1946 2163 igno-

357 2189 586 2243 miniam
613 2197 784 2241 tuam.
809 2186 872 2240 Et
897 2185 1179 2256 projiciam
1212 2201 1379 2257 super
1405 2197 1455 2242 te
1479 2185 1945 2241 abominationem

367 2279 672 2335 secundum
711 2275 1094 2334 immunditias
1130 2286 1276 2333 tuas.
1312 2275 1510 2344 »ρυοά
1547 2277 1664 2331 ait:
1699 2295 1718 2328 ι
1755 2275 1945 2332 Disco-

367 2371 614 2440 operiam
663 2369 973 2441 posmriora
1015 2377 1107 2424 tua
1153 2383 1319 2440 super
1359 2367 1552 2424 faciem
1601 2377 1784 2433 tuam,
1819 2372 1842 2420 ἰ
1877 2383 1942 2424 ex

357 2463 680 2533 metaphora
715 2462 920 2520 dictum
954 2468 1038 2517 est
1066 2475 1095 2515 a
1129 2460 1347 2516 famulis
1382 2461 1670 2533 desumpta
1692 2501 1709 2528 ,
1743 2459 1835 2531 qui
1875 2459 1942 2516 ad

352 2553 620 2625 majorem
673 2554 1066 2608 contumeliam
1114 2561 1419 2618 exuuntur,
1469 2560 1522 2608 et
1569 2552 1940 2624 ﬂagellantnr.

350 2645 442 2699 Ait
473 2659 644 2716 ergo:
691 2643 964 2701 Omnibus
994 2643 1341 2716 iniquitatem
1377 2635 1527 2698 tuatn
1565 2661 1662 2716 per
1698 2646 1942 2716 punitio-

352 2750 478 2790 nem
513 2743 696 2789 notam
735 2733 932 2790 faciam
956 2774 974 2802 ,
1001 2744 1058 2791 et
1093 2736 1317 2806 regibus
1340 2778 1355 2803 ,
1387 2747 1442 2791 et
1470 2738 1760 2807 gentibus,
1798 2749 1857 2794 ut
1889 2748 1943 2795 et

353 2826 480 2882 aliis
513 2825 645 2880 utile
680 2825 778 2882 tias
809 2827 1143 2898 exemplum.
1174 2825 1291 2883 Hoc
1318 2828 1464 2882 enim
1503 2828 1791 2896 subiunxit
1818 2849 1830 2886 :

429 2936 448 2969 ι
480 2915 546 2972 Et
575 2931 772 2986 ponam
804 2926 857 2972 te
889 2918 945 2972 in
981 2919 1319 2989 exemplum.
1358 2916 1549 2990 (Vens.
1585 2919 1676 2985 7.)
1706 2921 1773 2975 Et
1800 2920 1937 2989 erit,

2050 1725 2323 1795 ὑπηκόους
2350 1721 2660 1794 ἠνάγκαζες
2691 1725 2867 1778 ταύτὰ
2909 1725 2992 1776 σοὶ
3023 1724 3264 1794 φρονεῖν.
3299 1719 3510 1774 Τούτου
3546 1718 3636 1788 χά-

2089 1831 2157 1881 ιν,

2089 1832 2138 1867 ιν

2051 1832 2083 1888 ρ
2119 1857 2180 1969 εἰ,
2217 1909 2290 1968 ς’.
2325 1922 2344 1955 ι
2394 1903 2535 1972 Ἐγὼ
2563 1902 2674 1956 τῶν
2716 1902 2854 1957 ὅλων
2890 1904 2918 1956 ὀ
2961 1903 3167 1975 Κύριος
3195 1901 3540 1972 ἀποκαλύψω
3571 1900 3636 1953 τά

2046 1994 2222 2048 ὀπίσω
2265 2011 2358 2047 σου
2395 1995 2486 2048 ἐπὶ
2521 1994 2582 2049 τὸ
2629 1995 2923 2065 πρόσωπόν
2959 2011 3086 2064 σου,
3121 1995 3218 2050 καὶ
3263 1994 3428 2059 δείξω
3461 1993 3634 2047 ἔθνεσι

2045 2088 2146 2160 τὴν
2179 2088 2442 2159 αίσχύνην
2476 2103 2591 2152 σου,
2627 2089 2725 2142 καὶ
2764 2085 3063 2158 βασιλείαις
3093 2086 3194 2158 τὴν
3242 2088 3476 2156 ἀτιμίαν
3520 2103 3630 2139 σου.

2047 2181 2158 2234 Καὶ
2187 2181 2460 2252 ὲπιρρίψω
2498 2182 2592 2235 ἐπὶ
2628 2182 2689 2236 σὲ
2734 2181 3032 2252 βδελυγμὸν
3073 2180 3216 2234 κατὰ
3246 2180 3348 2244 τὰς
3389 2179 3634 2250 ἀκαθαρ-

2048 2271 2168 2335 σίας
2199 2289 2314 2326 σου.
2344 2291 2362 2324 ι
2401 2273 2496 2338 Τὸ,
2535 2291 2555 2325 ι
2612 2273 2976 2343 Ἀποκαλύίζιω
3012 2272 3078 2326 τά
3117 2273 3295 2326 ὀπίσω
3341 2289 3438 2326 σου
3467 2273 3637 2325 ὲπὶτδ

2043 2369 2338 2441 πρόσωπόν
2393 2387 2508 2435 σου,
2551 2388 2568 2422 ι
2620 2369 2684 2421 ἐκ
2744 2368 3060 2439 μεταφορᾶς
3121 2368 3341 2439 εἴρηται
3393 2367 3508 2419 τῶν
3560 2366 3636 2428 εἰς

2043 2459 2203 2530 ὓϐριν
2246 2458 2471 2529 μείζονα
2507 2458 2894 2529 ἀποδυομένων
2927 2459 3152 2513 οἰκετῶν
3199 2457 3298 2512 καὶ
3339 2474 3635 2529 μαστιγου-

2047 2551 2223 2622 μένων
2242 2552 2283 2606 ⁸.
2309 2553 2473 2620 Λέγει
2500 2551 2577 2618 δὲ,
2610 2551 2690 2604 ὅτι
2719 2553 2896 2624 Δήλην
2925 2552 3094 2606 ἅπασι
3124 2550 3212 2605 διὰ
3233 2551 3335 2621 τῆς
3369 2551 3634 2622 τιμωρίας

2042 2641 2141 2714 τὴν
2173 2643 2519 2715 παρανομίαν
2562 2657 2658 2696 σου
2696 2644 3046 2713 καταστήσω,
3081 2644 3178 2698 καὶ
3210 2641 3524 2713 βασιλεῦσι,
3545 2641 3634 2694 καὶ

2043 2737 2274 2803 ἔθνεσιν,
2309 2739 2394 2792 ἵνα
2425 2738 2520 2792 καὶ
2548 2741 2662 2804 τοῖς
2685 2738 2864 2801 ἄλλοις
2899 2738 3167 2808 ὠφελείας
3194 2737 3334 2811 γένῃ
3369 2736 3630 2808 παράδει-

2041 2847 2177 2901 γμα.
2218 2827 2392 2881 Τοῦτο
2421 2829 2529 2901 γὰρ
2553 2830 2828 2898 ἐπήγαγε·

2119 2936 2139 2970 ι
2191 2920 2302 2974 Καὶ
2337 2920 2575 2993 θήσομαι
2611 2937 2669 2975 σε
2699 2922 3056 2994 παράδειγμα
3078 2924 3120 2978 ⁸.
3154 2922 3270 2993 (ξ’.)
3311 2923 3425 2976 Καὶ
3459 2922 3628 2984 ἔσται,

355 3011 537 3066 omnis
577 3010 671 3080 qui
709 3009 912 3065 viderit
942 3019 1032 3077 te,
1075 3009 1376 3066 descendet
1425 3025 1456 3064 a
1513 3019 1603 3074 te,
1655 3019 1710 3067 et
1754 3012 1937 3068 dicet:

2048 3005 2156 3070 πᾶς
2181 3009 2209 3060 ὁ
2235 3009 2376 3080 ὁρῶν
2408 3025 2466 3063 σε
2505 3012 2880 3082 καταθήσεται
2912 3013 3022 3066 ἀπὸ
3047 3013 3161 3079 σοῦ,
3201 3014 3299 3066 καὶ
3336 3015 3488 3086 ἐρεῖ·
3520 3017 3632 3066 As:-

354 3099 553 3157 Misera
591 3099 841 3168 Nineve,
867 3101 994 3172 quis
1037 3109 1218 3173 gemet
1263 3115 1433 3172 super
1465 3101 1579 3156 ea?
1613 3102 1760 3159 unde
1789 3119 1942 3175 quaa-

352 3207 470 3248 ram
507 3193 942 3249 consolationem
976 3193 1148 3248 illih
1194 3191 1387 3248 Tantae
1421 3194 1570 3250 enim
1609 3197 1852 3252 vastitati
1890 3206 1943 3253 te

355 3285 610 3350 tradam,
644 3293 704 3340 ut
735 3285 831 3356 qui
865 3293 1030 3340 antea
1066 3283 1498 3356 indignabantur
1532 3287 1606 3342 ob
1635 3289 1940 3360 potentiam

354 3381 538 3442 tuam,
572 3377 640 3430 ad
677 3375 1122 3433 misericordiam
1158 3375 1545 3433 intlectantur.
1580 3377 1642 3433 l'd
1674 3377 1822 3434 enim
1856 3388 1943 3436 est

355 3466 503 3538 quod
552 3466 725 3523 dixit:
757 3485 775 3520 ι
810 3466 1118 3524 Descendet
1149 3481 1179 3522 a
1224 3475 1311 3534 te,
1345 3485 1364 3522 ι
1393 3475 1448 3525 et
1489 3469 1674 3526 luctus
1718 3470 1940 3527 modum

354 3561 598 3630 requiret
625 3567 779 3615 tanta
812 3562 1069 3616 vastitate
1097 3560 1345 3633 dignum.

431 3647 600 3706 Vens.
633 3650 686 3706 8.
720 3667 738 3702 ι
767 3651 906 3721 Apta
937 3648 1232 3716 cliordam,
1254 3664 1387 3722 para
1414 3657 1486 3718 te,
1520 3666 1648 3722 pars
1671 3653 1901 3709 Ammon
1923 3695 1939 3722 ,

354 3756 476 3811 qua:
504 3741 726 3796 ltabitas
760 3742 813 3795 in
852 3741 1174 3796 [luminibus
1205 3761 1218 3796 :
1253 3757 1394 3814 aqua
1426 3744 1482 3798 in
1513 3744 1750 3800 circuitu
1782 3745 1902 3815 ejus
1923 3787 1938 3813 ,

365 3833 520 3902 cujus
564 3833 901 3902 principium
946 3848 1106 3889 mare
1146 3843 1264 3902 est,
1292 3843 1346 3889 et
1377 3850 1520 3906 aqua
1566 3837 1710 3891 muri
1740 3837 1882 3908 ejus.
1917 3857 1934 3890 ι

358 3921 482 3978 llaec
514 3923 747 3994 {Egypto
781 3923 1072 3994 praecipit,
1109 3938 1232 3994 qua:
1280 3926 1479 3980 acerba
1533 3935 1588 3982 et
1635 3928 1820 3983 tristia
1869 3929 1940 3984 ab

359 4015 606 4088 Assyriis
649 4030 912 4087 perpessa
937 4021 1041 4072 est.
1090 4015 1259 4086 idque
1289 4032 1355 4073 ex
1383 4018 1508 4075 aliis
1540 4018 1823 4090 prophetis
1850 4019 1938 4074 di~

357 4107 638 4173 dicimus,
696 4106 790 4176 qui
822 4105 1095 4162 Israelitis
1129 4105 1505 4177 praedixerunt
1563 4106 1682 4164 fore
1729 4115 1791 4162 ut
1837 4124 1938 4164 nec

357 4199 412 4254 in
443 4198 740 4271 IEgyptum
773 4197 1046 4270 fugientes
1077 4198 1215 4254 salvi
1247 4206 1474 4267 essent,
1529 4199 1626 4256 sed
1667 4199 1744 4256 ibi
1783 4215 1939 4255 com-

357 4290 617 4362 prehensi
654 4291 722 4347 ab
756 4289 1012 4347 hostibus
1059 4291 1530 4348 interﬁcerentur.
1565 4291 1934 4360 Quemadmo-

353 4384 487 4436 dum
514 4397 644 4453 ergo
674 4383 729 4438 in
764 4382 1147 4452 superioribus
1175 4379 1329 4437 Iuda:
1358 4381 1570 4454 1532
1595 4386 1932 4455 praecipitur,

355 4484 417 4530 ut
447 4475 619 4533 lestos
646 4474 766 4530 dies
811 4482 957 4546 agat,
991 4481 1051 4529 ut
1084 4473 1469 4531 Ninevitarum
1505 4491 1677 4548 regno
1707 4476 1889 4532 deleto
1916 4497 1930 4532 :

354 4567 438 4621 sic
469 4567 637 4620 etiam
674 4566 766 4619 hic
794 4563 1033 4636 λεπρῐο
1076 4566 1333 4636 praecipit
1376 4577 1434 4621 ut
1473 4567 1711 4624 choreas
1739 4569 1927 4625 ducat.

355 4657 572 4711 Partem
599 4663 779 4711 autem
801 4656 1027 4710 Ammon
1053 4671 1173 4712 eam
1193 4699 1208 4723 ,
1229 4665 1290 4711 ut
1316 4658 1538 4729 opinor,
1559 4670 1755 4726 vocat,
1785 4644 1933 4732 quod

351 4748 605 4802 Ammoni
636 4748 872 4802 ἀλεπιοηὶ
917 4748 1166 4804 dedicata
1219 4751 1313 4806 sit.
1367 4749 1469 4807 ilic
1516 4753 1665 4807 enim
1723 4755 1932 4811 nobilis

352 4836 485 4890 olim
515 4836 652 4901 fuit,
683 4837 757 4890 ita
791 4846 849 4892 ut
881 4838 1048 4894 etiam
1078 4854 1144 4893 ex
1178 4839 1392 4895 Grmcia
1427 4841 1586 4895 multi
1620 4855 1687 4895 eo
1718 4843 1936 4913 naviga-

354 4934 478 4983 rent
527 4929 739 4983 oracuii
796 4931 994 5002 gratia.
1053 4929 1262 4987 Ferunt
1309 4938 1494 4987 autem
1553 4933 1930 4989 Alexandrum

353 5020 516 5074 etiam
542 5059 556 5084 ,
590 5018 947 5076 Macedonum
986 5039 1167 5093 regem
1213 5023 1491 5094 primum,
1533 5025 1628 5095 qui
1675 5041 1764 5082 res
1811 5027 1932 5097 ejus

356 5111 578 5182 scriptis
610 5113 1010 5182 prodiderunt,
1048 5115 1114 5170 ad
1151 5114 1285 5169 illud
1322 5115 1629 5186 profectum
1651 5158 1666 5182 ,
1702 5119 1830 5174 inde
1855 5135 1933 5174 re-

357 5218 559 5274 sponsa
612 5205 918 5274 accepisse.
970 5206 1107 5260 Cum
1159 5207 1349 5277 igitur,
1404 5208 1780 5264 invalescente
1830 5212 1933 5265 hac

357 5296 699 5366 irnpostura,
751 5298 820 5351 ab
873 5297 978 5350 hoc
1044 5298 1319 5368 principue
1364 5300 1616 5358 dremone
1665 5302 1934 5372 penderet

2043 3100 2169 3154 λαία
2192 3101 2401 3169 Νινευῒ,
2431 3103 2516 3167 τίς
2543 3103 2788 3169 στενάξει
2814 3105 2902 3158 ἐπ’
2932 3105 3070 3178 αὐτῇ
3096 3107 3176 3173 ¹⁰;
3212 3105 3383 3160 πόθεν
3412 3107 3632 3178 ζητήσω

2043 3192 2395 3265 παράκλησιν
2427 3196 2588 3267 αὐτῇ.
2627 3213 2644 3247 ι
2696 3195 2948 3271 Τοσαύτη
2974 3197 3082 3269 γὰρ
3116 3199 3322 3269 ἐρημίᾳ⁴
3353 3216 3414 3252 σε
3457 3216 3634 3270 παρα-

2041 3283 2217 3350 δώσω,
2249 3285 2326 3350 ὠς
2369 3287 2498 3352 τοὺς
2540 3287 2778 3360 πρόσθεν
2823 3290 3282 3362 δυσχεραίνοντας
3325 3291 3427 3364 τὴν
3472 3292 3632 3346 δυνα-

2044 3374 2264 3439 στείαν,
2317 3377 2397 3439 είς
2434 3375 2586 3431 ἔλεον
2634 3379 3073 3452 ὲπικαμφθῆναι.
3108 3381 3281 3435 Τοῦτο
3325 3383 3439 3455 γὰρ
3471 3379 3627 3437 εἷπε·

2050 3481 2070 3516 ι
2110 3464 2494 3536 Καταθήσεται
2536 3467 2648 3522 ἀπὸ
2692 3468 2809 3535 σού,
2852 3487 2869 3520 ι
2909 3470 3002 3524 καὶ
3035 3468 3240 3542 θρήνου
3272 3472 3480 3544 τρόπον
3511 3476 3630 3528 επι-

2043 3556 2273 3627 ζητήσει
2296 3557 2398 3628 τῆς
2435 3558 2676 3630 ἐρημίας
2703 3559 2874 3624 ἄξιον.

2113 3647 2184 3719 η’.
2219 3668 2239 3700 ι
2283 3650 2563 3721 "Apposui
2611 3651 2831 3724 χορδὴν,
2867 3653 3158 3725 ἐτοίμασαι
3182 3656 3251 3723 υ,
3279 3657 3440 3728 μερὶς
3499 3658 3630 3728 ’Δμ-

2046 3741 2190 3811 μὼν,
2224 3743 2258 3814 ἡ
2290 3743 2622 3798 κατοικοῦσα
2647 3744 2706 3797 ἐν
2733 3749 3021 3818 ποταμοῖς·
3044 3748 3191 3821 ὕδωρ
3222 3749 3412 3820 κύκλῳ
3436 3750 3628 3820 αύτῆε,

2041 3826 2166 3904 ἦςή
2207 3834 2350 3905 ἀρχὴ
2384 3834 2558 3905 αὐτῆς
2592 3836 2860 3904 θάλασσα,
2893 3839 2990 3894 καὶ
3037 3839 3184 3912 ὕδωρ
3213 3843 3282 3897 τά
3330 3843 3486 3914 τείχη
3536 3845 3632 3896 a6-

2041 3922 2164 3992 τῆς.
2210 3942 2228 3973 ›
2275 3925 2354 3996 Τῇ
2387 3926 2648 3998 Αἰγύπτῳ
2676 3929 2851 3983 ταῦτα
2886 3931 3326 4002 παρακελεύεται
3356 3935 3509 3989 δεινά
3535 3936 3632 3988 καὶ

2041 4014 2266 4081 ἀλγεινὰ
2325 4019 2477 4089 παρὰ
2513 4019 2817 4091 Ἀσσυρίων
2850 4022 3120 4095 παθούσῃ.
3173 4027 3283 4079 Καὶ
3325 4026 3486 4082 τοῦτο
3523 4029 3633 4082 ἀπὸ

2040 4104 2148 4157 τῶν
2187 4105 2361 4159 ἄλλων
2395 4109 2804 4181 μεμαθήκαμεν
2839 4113 3158 4184 προφητῶν,
3183 4116 3234 4168 οἳ
3265 4119 3382 4182 τοῖς
3420 4120 3634 4190 Ἰσραητ

2040 4197 2216 4261 λίταις
2261 4200 2695 4271 προηγόρευσαν,
2737 4202 2813 4267 ὼς
2843 4204 2962 4257 οὐδὲ
2995 4206 3261 4275 φυγόντες
3292 4209 3377 4274 εἰς
3407 4211 3510 4280 τὴν
3538 4210 3634 4263 Δί’-

2040 4302 2248 4354 γυπτον
2273 4291 2550 4362 σωτηρίας
2574 4292 2876 4362 τεύξονται,
2897 4295 3014 4350 ἀλλ’
3051 4299 3168 4351 ἐκεῖ
3187 4301 3634 4372 καταληφθέντες

2041 4378 2147 4432 ὑπὸ
2181 4381 2288 4434 τῶν
2321 4383 2600 4453 πολεμίων
2633 4384 2848 4456 θανάτῳ
2879 4389 3375 4462 παραδοθήσονται.
3417 4395 3634 4465 Ὠσπερ

2038 4472 2220 4525 τοίνυν
2237 4475 2419 4538 ἐντοῖς
2438 4474 2750 4546 ἔμπροσθεν
2765 4480 2888 4550 είρη
2898 4479 3080 4550 μένοις
3097 4481 3178 4552 τῷ
3203 4484 3375 4556 Ἰούδᾳ
3392 4503 3636 4556 παρακε·

2037 4562 2250 4617 λεύεται
2268 4565 2566 4636 ἑορτάζειν,
2590 4567 2682 4620 ac:
2705 4567 2768 4639 δὴ
2790 4568 2889 4638 τῆς
2909 4570 3208 4626 Νινευῖτῶν
3229 4576 3636 4647 καταλυθείσης
3685 4578 3688 4579 ⁷

2040 4656 2318 4728 βασιλείας
2337 4678 2349 4690 ·
2374 4659 2516 4714 οὕτω
2533 4659 2596 4732 δὴ
2624 4663 2717 4715 καὶ
2747 4663 2983 4716 ἐνταῦθα
2999 4669 3066 4738 τῇ
3087 4668 3354 4739 Αἰγύπτῳ
3380 4671 3635 4741 χορεύειν

2039 4751 2493 4822 παρακελεύεται.
2528 4754 2753 4822 Μερίδα
2783 4755 3103 4826 δὲἈμμὼν.
3133 4759 3209 4824 ὡς
3245 4757 3424 4832 οἶμαι,
3460 4765 3636 4834 αὐτὴν

2039 4842 2213 4908 καλεῖ,
2241 4843 2316 4907 ὡς
2357 4845 2608 4916 ’Λμμῶνι
2657 4847 3028 4922 ἀνακειμένην
3053 4852 3131 4924 τῷ
3164 4853 3403 4924 δαίμονι.
3463 4851 3638 4921 Οὖτις

2038 4936 2146 5007 γὰρ
2193 4933 2262 5007 ἦν
2313 4938 2586 5009 ἐπίσημος
2626 4938 2817 5007 πάλαι,
2866 4942 2943 5008 ὡς
2977 4946 3071 4998 καὶ
3116 4946 3344 5010 πολλοὺς
3383 4947 3493 5002 άπὸ
3531 4949 3638 5015 τῆς

2049 5029 2296 5089 Ἑλλάδος
2343 5032 2608 5102 χρησμῶν
2644 5035 2806 5106 χάριν
2853 5039 3033 5093 ἐκεῖσε
3083 5041 3363 5112 ἀπαίρειν.
3398 5043 3539 5095 Φασὶ
3574 5039 3639 5095 δὲ

2038 5125 2132 5178 καὶ
2165 5125 2535 5197 Ἀλέξανδρον,
2561 5127 2650 5180 τὸν
2678 5129 2788 5184 τῶν
2812 5133 2856 5162 η
2877 5133 3206 5188 Μακεδόνων
3231 5135 3640 5206 βασιλεύσαντα

2040 5215 2276 5286 πρῶτον,
2320 5219 2367 5270 oi
2429 5218 2496 5271 τὰ
2539 5220 2747 5275 ἐκείνου
2792 5229 3261 5297 συγγεγραφότες,
3312 5229 3450 5299 πρὸς
3485 5230 3639 5282 ἐκεῖ·

2049 5325 2138 5360 νον
2167 5307 2417 5379 δραμεῖν,
2450 5311 2544 5364 καὶ
2579 5316 2864 5385 χρησμοὺς
2907 5318 3120 5372 ἐκεῖθεν
3160 5319 3368 5376 λαϐεῖν,
3408 5321 3640 5393 Ἐπειδὴ

1621 5482 1858 5539 VARl/E
1895 5483 2303 5542 LECTIONES.

417 5588 437 5616 "
748 5592 802 5667 in
833 5593 927 5667 C.‘
962 5594 1116 5650 βοῐκ.
1167 5615 1220 5649 κ.
1272 5615 1432 5667 μαστ.
1495 5600 1618 5654 Des.
1665 5609 1718 5654 in
1765 5601 1824 5656 (ἶ.

531 5604 551 5672 1'.
748 5602 802 5674 in
833 5602 928 5674 υ..
962 5602 983 5641 F’
1011 5602 1116 5650 οἰκ.
1167 5615 1222 5674 κζ
1272 5615 1432 5667 μαστ.
1495 5602 1618 5674 Des.
1665 5609 1739 5674 ln_
1765 5602 1837 5674 (ἶ,
1913 5602 1955 5674 ’77
1992 5619 2124 5674 παρ.
2159 5605 2197 5656 Λ
2246 5619 2432 5674 praem.
2466 5609 2566 5673 εἰς.

356 5654 396 5706 Α
428 5659 580 5725 μερὶς
629 5661 678 5713 Ἀ
692 5661 873 5732 μμὼν,
905 5664 938 5736 ἡ
969 5654 1299 5722 κατοικοῦσα
1331 5671 1624 5738 ποταμούς.
1702 5672 1744 5701 ¹²
1773 5654 1898 5729 τῶν.
1935 5654 2236 5729 υυέῗιὶιο.

2713 5611 2756 5645 ¹⁰
2784 5613 2828 5668 Α
2858 5613 3050 5687 αὑτήν.
3134 5616 3174 5648 ¹¹
3207 5616 3284 5672 ἐτ.
3317 5648 3388 5659 -
3414 5634 3637 5691 ttat-19..
