3904 6202
262 314 403 385 i805

1532 319 1613 382 IN
1648 318 1923 381 NAHUM
1955 320 2116 382 CAP.
2153 321 2267 383 III.

3387 319 3523 388 18%

258 431 443 487 τοίνυν
471 427 677 501 ταύτης
707 427 1043 500 κατεχούσης
1067 428 1165 500 τῆς
1192 428 1491 501 ἐξαπάτης,
1513 429 1720 502 ήρτητο
1746 430 1840 484 τοῦ

1955 430 2218 504 Egyptus
2240 472 2257 497 ,
2287 434 2302 451 ‘
2330 440 2539 502 partem
2571 430 2797 485 Ammon
2825 445 2945 487 eam
2980 431 3268 500 nominat,
3295 441 3353 505 et
3383 450 3522 506 prae-

257 522 510 595 δαὶμονος
536 522 729 577 τούτου
751 523 1115 595 διαφερόντως
1129 524 1165 594 ἡ
1187 524 1478 590 Αἴγυπτος,
1499 523 1715 593 μερίδα
1738 523 1837 577 αύ-

258 617 358 689 τὴν
410 614 649 685 Ἀμμὼν
696 613 951 686 ὀνομάζει
971 655 987 682 ,
1041 614 1139 669 καὶ
1199 614 1638 688 παρακελεύεται
1698 615 1836 686 αὐτῇ

260 705 548 779 χορεύειν,
597 705 675 770 ὡς
722 705 825 776 τῆς
874 704 1067 760 Νινευῒ
1112 705 1207 760 τὸν
1243 705 1465 779 δλεθρον
1512 705 1834 778 δεξαμένης.

258 796 576 867 Ποταμοὺς
601 796 658 851 δὲ
686 797 893 862 κύκλῳ
910 797 1079 869 αὐτῆς
1099 796 1200 862 τὰς
1227 797 1487 869 διόρυγας
1505 796 1675 866 λέγει.
1705 794 1841 853 Εἶτα

257 892 386 954 τοὺς
409 890 769 959 ἐπικούρους
792 890 1211 963 άπαριθμεῖται,
1244 892 1371 955 τοὺς
1402 889 1686 956 Αἰθίοπας,
1712 890 1842 955 τοὺς

255 981 485 1047 Λίϐυας,
507 982 748 1047 καὶτοὺς
777 981 1066 1054 ἑσπερίους
1089 982 1297 1046 Λίϐυας
1319 981 1448 1046 τοὺς
1474 982 1570 1037 νῦν
1603 982 1842 1056 Ἀφροὺς

257 1074 660 1148 καλουμένους’
707 1075 869 1131 Φοὺδ
925 1075 1035 1149 γὰρ
1083 1076 1309 1141 τούτους
1358 1075 1639 1132 ἐκάλεσεν.
1698 1076 1838 1132 Ἀλλ’

253 1170 408 1242 ὅμως
463 1171 560 1226 καὶ
613 1171 903 1236 τοσούτους
940 1172 1140 1242 ἔχουσα
1191 1171 1545 1243 συμμάχους,
1600 1171 1696 1226 καὶ
1733 1171 1840 1226 ὑπὸ

135 1254 145 1265 ’
256 1261 536 1334 θαλάσσης
598 1262 694 1316 καὶ
744 1263 1006 1335 ποταμῶν
1056 1263 1424 1335 κυκλουμένη,
1485 1264 1609 1320 οὐδὲ
1672 1263 1836 1336 αὕτη,

256 1351 445 1423 φησὶν,
478 1352 776 1424 ἀπείρατος
813 1355 966 1423 μενεῖ
995 1352 1204 1419 κακῶν,
1236 1354 1352 1409 ἀλλ’
1379 1356 1462 1420 εἰς
1489 1355 1840 1427 μετοικεσίαν

257 1441 589 1512 πορεύσεται
618 1442 987 1515 αἰχμάλωτος.
1032 1462 1054 1498 ι
1085 1446 1193 1499 Καὶ
1219 1446 1288 1500 τά
1324 1447 1494 1517 νήπια
1519 1446 1688 1517 αὐτῆς
1718 1446 1839 1500 ἑδα-

255 1533 476 1604 φιοῦσιν
510 1533 597 1587 ἐπ’
627 1535 823 1606 ἀρχαῖς
850 1535 895 1568 η
927 1535 1063 1589 ὁδῶν
1086 1536 1281 1608 αὐτῆς,
1306 1537 1402 1591 καὶ
1433 1538 1529 1592 ἐπὶ
1566 1537 1743 1592 πάντα
1769 1538 1839 1592 τά

255 1626 447 1694 ἔνδοξα
490 1629 661 1698 αὐτῆς
690 1627 911 1699 βαλοῦσι
961 1629 1217 1702 κλήρους,
1255 1632 1347 1686 καί
1374 1632 1577 1695 πάντες
1605 1632 1654 1685 οἰ
1682 1648 1838 1703 μεγι-

258 1720 455 1784 στᾶνες
502 1719 677 1790 αὐτῆς
731 1720 1052 1787 δεθήσονται
1084 1721 1449 1794 χειροπέδαις.
1488 1743 1508 1776 ι
1561 1722 1748 1777 Ταῦτα
1779 1722 1836 1776 δὲ

1943 523 2081 594 cipit
2122 526 2203 592 ei,
2245 532 2305 579 ut
2346 523 2739 581 saltationibus
2775 523 3082 595 indulgeat,
3122 524 3275 596 quod
3315 525 3525 583 Nineve

1945 617 2193 689 perierit.
2230 615 2485 673 Flumina
2516 632 2651 673 vero
2693 618 2750 673 in
2784 618 3013 672 circuitu
3045 616 3169 688 ejus
3214 617 3396 676 fossas
3436 619 3525 675 di-

1943 708 2039 766 cit.
2066 706 2148 782 [9]
2177 708 2385 767 Deinde
2413 709 2737 765 auxiliarios
2766 718 3056 766 enumerat
3082 706 3371 782 [Ethiopes
3394 750 3410 777 ,
3440 709 3526 767 Li-

1945 802 2115 874 byes,
2145 807 2202 856 et
2233 801 2609 858 occidentales
2641 800 2879 873 Libyes,
2916 803 3012 873 qui
3041 814 3191 857 nunc
3226 800 3344 856 Afri
3381 817 3527 858 nun-

1945 900 2242 962 cupantur.
2275 890 2426 945 Plutd
2452 892 2599 946 enim
2627 891 2731 948 hos
2751 892 2992 950 vocavit.
3020 891 3040 953 Ῐ
3046 890 3135 964 10]
3163 889 3271 947 Sed
3296 891 3526 949 tametsi
3589 910 3593 917 ε

1947 987 2027 1035 tot
2053 979 2239 1036 socios
2265 978 2467 1035 habeat
2486 1017 2503 1044 ,
2533 987 2589 1034 et
2624 978 2740 1049 ipsa
2771 979 2909 1034 mari
2939 977 3374 1051 ﬂuminibusque
3404 979 3527 1036 ein-

1946 1078 2036 1128 cta
2078 1071 2179 1139 sit,
2208 1071 2514 1137 malorum,
2546 1070 2747 1142 inquit,
2789 1086 2986 1143 expers
3023 1088 3131 1126 non
3172 1072 3300 1137 erit,
3335 1071 3433 1127 sed
3465 1072 3526 1128 in

1945 1164 2327 1236 captivitatem
2354 1163 2598 1220 abducta
2646 1164 2831 1220 solum
2878 1171 3077 1221 vertet.
3113 1183 3132 1218 ι
3170 1164 3238 1219 Et
3263 1165 3525 1237 parvulos

1946 1258 2100 1314 illius
2132 1257 2366 1314 allident
2396 1256 2453 1312 in
2497 1257 2777 1329 principio
2822 1258 3037 1314 viarum
3079 1258 3200 1331 ejus
3248 1266 3309 1315 et
3355 1273 3527 1330 super

1944 1352 2129 1407 omnia
2182 1351 2392 1423 inclyta
2421 1350 2547 1420 ejus
2591 1352 2809 1406 mittent
2859 1361 3108 1408 sortem:
3165 1359 3222 1408 et
3275 1351 3527 1408 universi

1945 1444 2244 1515 optimates
2271 1442 2396 1513 ejus
2436 1442 2762 1518 ligabuntur
2793 1443 3177 1515 conpedibus.
3211 1461 3233 1496 ι
3265 1443 3391 1500 Haec
3428 1458 3528 1500 au-

1946 1544 2055 1592 tem
2088 1543 2144 1597 et
2179 1535 2702 1593 Nabuchodonosor
2751 1537 2805 1591 in
2848 1552 2969 1592 eam
3022 1536 3269 1593 facinora
3312 1536 3523 1601 edidit,

1943 1636 2002 1685 et
2050 1626 2353 1699 (“Ambyses
2409 1636 2638 1699 postea,
2687 1627 2817 1700 Cyri
2876 1627 3064 1693 ﬁlius,
3118 1644 3352 1701 regnum
3402 1629 3527 1700 ejus

1944 1735 2202 1778 eversum
2249 1720 2304 1774 in
2356 1727 2687 1791 potestatem
2737 1735 2895 1776 suam
2942 1719 3186 1792 redegit,
3230 1728 3287 1776 et
3334 1721 3527 1776 multis

256 1815 356 1867 καὶ
382 1813 858 1885 Ναϐουχοδονόσορ
884 1816 963 1878 εἰς
993 1815 1165 1887 αὐτὴν
1194 1815 1515 1887 εἰργάσατο,
1551 1817 1646 1869 καὶ
1672 1816 1835 1886 Καμ-

1955 1824 2069 1885 post
2100 1813 2323 1870 saeculis
2369 1811 2681 1869 Alexander
2721 1810 3077 1869 Macedonum
3113 1812 3345 1884 imperio
3375 1814 3528 1869 illam

257 1905 432 1977 ϐύσης
466 1906 690 1979 ὕστερον
714 1909 742 1960 ό
773 1907 979 1979 Κύρου,
1017 1908 1113 1980 τὴν
1150 1908 1431 1979 βασιλείαν
1468 1910 1643 1981 αὐτῆς
1672 1926 1842 1964 κατα-

256 1997 448 2062 λύσας,
489 1998 595 2052 ὑπὸ
631 1998 732 2071 τὴν
769 2000 937 2053 αὐτοῦ
983 2000 1307 2055 δυναστείαν
1348 1982 1527 2057 τελεῖν
1560 2002 1842 2073 κατηνάγ-

1948 1905 2209 1977 subjecit.
2244 1902 2372 1960 Hazc
2404 1903 2473 1960 de
2500 1903 2741 1976 Egypto
2780 1906 3158 1972 vaticinatus,
3207 1919 3528 1962 sermonem

1946 2013 2148 2055 rursus
2179 1996 2249 2052 ad
2277 1994 2529 2053 Nineven
2556 1997 2858 2053 convertit.

257 2110 431 2148 κασε·
460 2094 556 2147 καὶ
593 2092 942 2166 Ἀλέξανδρος
970 2094 1028 2148 δὲ
1072 2096 1212 2167 μετά
1258 2095 1459 2161 πολλὰς
1496 2096 1695 2165 γενεὰς
1734 2094 1844 2149 ὑπὸ
1910 2092 2011 2165 τήν
2054 2090 2441 2164 Μακεδονικὴν
2507 2092 2683 2163 αὐτὴν
2730 2089 2957 2163 ἐποίησε
3003 2090 3300 2163 βασιλειαν.
3344 2091 3529 2147 Ταῦτα

258 2188 392 2263 περὶ
436 2189 538 2260 τῆς
584 2187 860 2256 Αἰγύπτου
906 2188 1312 2262 προθεσπίσας,
1349 2189 1514 2244 πάλιν
1552 2190 1691 2261 πρὸς
1730 2189 1831 2260 τὴν
1860 2185 2057 2242 Νινευῖ
2086 2185 2390 2257 μεταφέρει
2419 2184 2513 2238 τὸν
2533 2185 2719 2255 λόγον.

331 2291 424 2340 ια’.
466 2302 485 2336 ι
518 2281 633 2338 Καὶ
660 2283 724 2337 σὺ
757 2282 1072 2357 μεθυσθήσῃ
1094 2325 1123 2363 ,ν
1158 2287 1255 2340 καὶ
1281 2284 1379 2356 ἔσῃ
1408 2284 1841 2358 παρεωραμένη,

257 2376 357 2433 καὶ
407 2377 474 2431 σὺ
513 2374 771 2447 ζητήσεις
818 2376 984 2449 ἑαυτῇ
1027 2378 1217 2433 στάσιν
1258 2376 1318 2444 ἐξ
1349 2377 1562 2450 ἐχθρῶν
1594 2396 1687 2432 σου
1718 2377 1784 2433 “.
1818 2395 1838 2430 ι

256 2467 529 2540 Καθάπερ
573 2467 682 2539 γάρ
729 2484 840 2521 τινι
875 2468 1016 2541 μέθῃ
1060 2469 1418 2541 παραδοθήσῃ
1451 2471 1515 2540 τῇ
1562 2469 1842 2540 συμφορᾷ,

255 2558 357 2612 καὶ
390 2557 519 2630 τῇδε
565 2557 787 2611 κάκεῖσε
838 2557 1150 2623 διαθέοντα,
1187 2558 1515 2630 ἀπαλλαγήν
1565 2574 1691 2612 τινα
1733 2557 1843 2612 τῶν

255 2647 598 2719 κατεχόντων
627 2646 885 2718 ζητήσεις
918 2645 1132 2713 δεινῶν,
1168 2647 1264 2701 καὶ
1288 2648 1387 2719 οὐχ
1414 2648 1689 2719 εὑρήσεις.
1726 2649 1843 2701 Πα-

257 2739 582 2813 ραπλησιως
610 2739 667 2793 δὲ
702 2739 783 2793 σοὶ
808 2738 903 2792 καὶ
936 2739 991 2792 αἰ
1025 2737 1220 2810 ὀχυραε
1250 2756 1346 2793 σου
1381 2738 1569 2802 πόλεις
1600 2738 1844 2806 παραδο-

252 2832 519 2903 θήσονται
549 2832 662 2896 τοῖς
704 2829 1007 2903 πολεμίοις.
1042 2829 1214 2886 Τοῦτο
1240 2830 1352 2903 γάρ
1386 2830 1475 2885 διὰ
1506 2832 1605 2903 τῆς
1636 2831 1845 2896 εἰκόνος

254 2920 520 2993 ἐδήλωσε.

332 3012 421 3084 ιβ’.
460 3031 481 3065 ι
512 3012 698 3067 Πάντα
728 3011 797 3067 τὰ
828 3012 1164 3086 ὀχυρώματά
1207 3030 1300 3069 σου
1332 3014 1408 3079 ὡς
1434 3015 1477 3047 ιδ
1511 3015 1674 3069 συκαῖ
1719 3030 1844 3068 σκο-

254 3107 398 3169 ποὺς
421 3106 464 3138 ¹⁶
515 3103 755 3177 ἔχουσαι,
789 3106 886 3160 ἐὰν
914 3106 1238 3174 σαλευθῶσι,
1291 3109 1386 3162 καὶ
1429 3108 1724 3162 πεσοῦνται
1762 3110 1844 3173 εἰς
1871 3097 1913 3154 C

257 3196 441 3269 στόμα
483 3197 778 3263 ἐσθίοντος.
816 3217 837 3252 ι
879 3200 1067 3271 Δίκην,
1100 3200 1253 3271 φησὶ,
1297 3201 1480 3255 συκῶν
1511 3201 1604 3256 ὑπ’
1638 3201 1844 3273 ἀνέμου

257 3289 662 3361 σαλευομένων,
702 3289 895 3345 καὶτὰ
929 3289 1157 3363 πρώϊμα
1191 3291 1332 3346 σῦκα
1370 3292 1572 3364 ῥᾳδίως
1603 3292 1847 3347 ἀποϐαλ-

254 3379 493 3443 λουσῶν,
529 3380 862 3451 γυμνωθήσῃ
889 3381 998 3443 τῶν
1031 3383 1366 3455 οἰκητόρων·
1396 3386 1493 3438 καὶ
1518 3385 1568 3438 οἰ
1602 3387 1846 3454 γενναῖοι

253 3471 321 3527 δέ
376 3488 470 3525 σου
503 3471 830 3543 στρατιῶται
859 3472 1010 3528 οὐδὲν
1053 3474 1312 3529 διοίσουσι
1346 3476 1642 3545 γυναικῶν,
1672 3477 1847 3550 δειλία

256 3563 650 3634 κατεχόμενοι·
678 3562 1092 3635 ἁνοιχθήσονται
1119 3566 1176 3620 δέ
1206 3584 1299 3620 σου
1331 3568 1388 3621 αἱ
1422 3567 1585 3623 πύλαι
1621 3569 1844 3641 ῥᾳδίως,

257 3651 361 3708 τοῦ
389 3653 560 3725 πυρὸς
588 3655 716 3718 τοὺς
742 3654 970 3726 μοχλοὺς
1027 3654 1397 3724 δαπανῶντος,
1424 3659 1519 3712 καὶ
1543 3659 1653 3713 τῶν
1693 3662 1849 3714 ἐναν-

255 3745 399 3800 τίων
427 3745 729 3818 χειμάρρου
759 3746 915 3817 δίκην
941 3745 1031 3801 διὰ
1056 3746 1264 3802 τούτων
1288 3749 1702 3805 εἰσϐαλλόντων.

341 3836 426 3893 ιδ’.
463 3856 482 3891 ι
515 3837 701 3907 Ὗδωρ
721 3837 852 3908 γὰρ,
877 3840 1033 3910 φησὶ,
1068 3842 1332 3914 περιοχῆς
1348 3842 1656 3897 ὲπίσπασαι
1684 3860 1848 3897 σεαυ-

260 3932 360 4002 τῇ.
405 3948 426 3982 ι
482 3924 617 3983 Εἶτα
652 3930 775 3985 κατ’
832 3931 1146 4003 εἰρωνείαν’
1209 3955 1227 3986 ι
1268 3935 1379 3988 Καὶ
1427 3934 1847 4007 κατακράτησον

256 4023 377 4077 τῶν
415 4022 807 4095 ὀχυρωμάτων.
852 4041 870 4074 ι
907 4025 1143 4097 Χρῆσαι,
1178 4027 1332 4098 φησί,
1362 4030 1428 4099 τῇ
1464 4027 1693 4101 δυνάμει
1728 4045 1845 4095 σου,

261 4113 591 4188 περιϐόλους
636 4114 855 4187 ἔχουσα,
899 4115 992 4169 καὶ
1040 4115 1282 4187 τάφρους
1325 4116 1429 4183 ἔξω
1460 4118 1569 4173 τῶν
1619 4119 1847 4192 περισό-

254 4207 394 4261 λων.

344 4317 364 4349 ι
403 4298 646 4369 Ἐμῆηθι
670 4299 750 4364 εἰς
767 4298 958 4369 πηλὸν,
982 4300 1076 4352 καὶ
1101 4301 1490 4374 συμπατήθητι
1518 4304 1576 4357 ὲν
1598 4305 1845 4375 ἀχύροις,

2014 2280 2182 2336 Vens.
2215 2280 2302 2337 ll.
2339 2299 2358 2333 ι
2388 2278 2459 2335 Et
2502 2287 2560 2335 tu
2611 2280 3019 2346 inebriaberis,
3057 2281 3270 2353 1533
3312 2288 3370 2338 et
3413 2281 3530 2339 eris

1949 2374 2247 2446 despecta:
2281 2378 2336 2430 et
2362 2380 2421 2428 tu
2447 2386 2662 2445 quaeres
2696 2372 2795 2428 tibi
2828 2372 3128 2430 stationem
3164 2369 3241 2429 "ab
3279 2373 3530 2430 inimicis

1945 2469 2078 2523 tuis.
2107 2485 2128 2519 ι
2154 2464 2446 2536 Tanquam
2498 2466 2554 2521 in
2600 2466 2926 2523 ebrietatem
2974 2466 3257 2537 dejicieris
3294 2467 3348 2522 in
3380 2467 3531 2522 cala-

1946 2559 2164 2614 mitates
2197 2576 2211 2614 :
2239 2567 2295 2614 et
2327 2557 2430 2612 hac
2466 2556 2594 2612 illac
2628 2557 3110 2624 circumcursans,
3142 2558 3531 2615 liberationem

1953 2650 2199 2721 aliquam
2230 2649 2548 2719 urgentium
2584 2649 2856 2704 malorum
2887 2647 3171 2721 inquires,
3205 2657 3260 2705 et
3294 2665 3404 2704 non
3439 2650 3530 2705 in-

1946 2743 2159 2799 venies.
2195 2739 2470 2798 Similiter
2502 2749 2686 2797 autem
2733 2754 2799 2797 ac
2851 2748 2948 2809 tu,
2994 2741 3162 2798 urbes
3203 2742 3370 2797 etiam
3421 2750 3532 2798 tua:

1947 2835 2299 2892 communitas
2329 2835 2584 2892 hostibus
2613 2834 2927 2892 tradentur.
2976 2832 3095 2892 Hoc
3133 2834 3281 2891 enim
3317 2849 3417 2907 per
3449 2835 3531 2892 si-

1947 2917 2327 2984 militudinem
2370 2927 2691 2999 explicavit.

2016 3019 2279 3077 Vens”.
2332 3037 2351 3072 ι
2375 3018 2581 3076 Omnes
2611 3016 2950 3076 munitiones
2973 3028 3080 3074 tuae
3107 3027 3166 3075 ut
3200 3018 3362 3086 licus,
3394 3032 3518 3090 quae

1947 3111 2232 3184 grossulos
2278 3110 2506 3173 habent,
2551 3108 2597 3167 si
2634 3118 2923 3165 commotae
2964 3106 3192 3177 fuerint,
3229 3108 3426 3165 cadent
3470 3110 3531 3165 in

1947 3221 2011 3263 os
2044 3202 2410 3260 comedentis.
2436 3222 2456 3255 ι
2491 3201 2648 3258 Sicut
2683 3198 2849 3266 ﬁcus,
2879 3199 3083 3271 inquit,
3109 3208 3275 3256 vento
3310 3201 3531 3271 agitatae

1947 3312 2223 3372 praecoces
2277 3296 2411 3353 ficus
2469 3295 2629 3352 facile
2679 3293 2975 3349 amittunt:
3032 3291 3117 3349 sic
3166 3290 3533 3348 denudaberis

1948 3389 2378 3449 habitatoribus.
2428 3387 2554 3462 [1⁸5]
2586 3388 2652 3442 Et
2684 3385 2898 3445 strenui
2940 3385 3019 3441 tui
3069 3385 3274 3441 milites
3323 3383 3462 3439 nihil
3500 3399 3533 3437 ιι

1948 3483 2277 3541 mulieribus
2336 3480 2619 3547 diﬂerent,
2669 3487 2818 3537 metu
2873 3477 3154 3550 oppressi.
3198 3476 3534 3548 Aperienlur

1948 3574 2112 3629 etiam
2143 3572 2296 3627 nullo
2326 3570 2545 3643 negotio
2582 3579 2757 3642 portae
2792 3576 2921 3633 tute,
2963 3564 3216 3624 vectibus
3244 3567 3370 3638 igne
3398 3580 3537 3653 con-

1951 3661 2216 3732 sumptis,
2259 3672 2316 3717 et
2346 3661 2597 3717 hostibus
2637 3675 2735 3732 per
2787 3674 2882 3717 eas
2924 3657 3194 3715 torrenti‘s
3234 3658 3414 3714 instar
3460 3656 3535 3711 ir-

1942 3752 2365 3824 rumpentibus.

2023 3846 2190 3902 Vens.
2212 3845 2299 3901 14.
2338 3862 2356 3897 ι
2388 3844 2604 3916 Aquam
2633 3844 2779 3900 enim
2811 3838 3358 3912 obsidionis,inquit,
3375 3838 3537 3895 hauri

1949 3936 2070 3993 tibi.
2095 3956 2113 3989 ι
2154 3934 2220 3990 Et
2263 3935 2527 4006 deinceps
2559 3951 2655 4006 per
2687 3935 2921 3993 ironiam
2963 3955 2977 3993 :
3010 3955 3029 3989 ι
3067 3936 3138 3993 Et
3162 3937 3368 3995 .obtine
3410 3950 3539 3993 mu—

1948 4028 2188 4086 nitiones
2224 4027 2450 4102 (tuas).
2477 4048 2496 4082 ι
2527 4026 2714 4095 Utere,
2751 4029 2956 4101 inquit,
2987 4029 3202 4085 viribus
3230 4029 3366 4096 tuis,
3408 4043 3538 4084 cum

1950 4137 2162 4188 muros,
2208 4127 2263 4176 et
2291 4130 2446 4178 extra
2482 4135 2673 4177 muros
2702 4119 2884 4177 fossas
2917 4120 3145 4177 habeas.

2028 4338 2046 4371 ι
2104 4318 2397 4390 Ingredere
2480 4319 2679 4399 lutum,
2731 4326 2787 4375 et
2829 4320 3159 4377 conculcare
3198 4321 3255 4376 in
3307 4320 3534 4391 paleis:

260 4390 363 4445 καὶ
391 4390 810 4460 κατακράτησον
840 4391 981 4463 ὑπὲρ
1010 4391 1249 4446 πλίνθον.
1284 4392 1390 4463 (ιε’,
1419 4394 1538 4465 ις’.)
1572 4395 1720 4448 Ἐκεῖ
1745 4411 1843 4448 κα-

1955 4410 2139 4467 obtine
2167 4427 2335 4482 super
2353 4396 2598 4467 laterem.
2629 4411 2649 4484 (
2680 4410 2847 4468 Vens.
2909 4411 2998 4479 15,
3037 4412 3245 4485 16.)Ιί)ἰ
3276 4390 3537 4470 absumet

256 4478 576 4547 ταφάγεταὶ
610 4496 668 4532 σε
704 4478 836 4550 πῦρ,
886 4481 1261 4553 ὲξολοθρεύσει
1290 4500 1350 4535 σε
1383 4483 1630 4555 μάχαιρα
1655 4485 1720 4551 ¹⁷,
1752 4486 1843 4538 καὶ

1956 4507 2007 4555 te
2040 4500 2205 4572 ignis,
2237 4478 2525 4572 disperdel
2569 4478 2890 4582 te'gladius,
2919 4478 3255 4560 etcomedet
3285 4510 3340 4559 te
3373 4503 3536 4573 quasi

258 4571 647 4640 καταφάγεταί
683 4591 742 4626 σε
776 4574 851 4637 ὡς
894 4574 1074 4645 άκρὶς,
1112 4575 1205 4627 καὶ
1239 4572 1557 4647 βαρυνθήσῃ
1586 4575 1661 4639 ὡς
1694 4574 1851 4648 βροῦ-

255 4681 383 4735 χος.
415 4662 752 4736 Ἐπλήθυνας
775 4666 873 4730 τὰς
901 4666 1172 4739 ἐμπορίας
1204 4684 1296 4720 σου
1336 4667 1477 4739 ὑπὲρ
1503 4669 1548 4699 ¹⁸
1575 4668 1644 4722 τὰ
1673 4668 1850 4738 ἄστρα

234 4754 364 4809 ’τοῦ
396 4753 651 4827 οὐρανοῦ.
694 4776 713 4807 ι
741 4756 834 4828 Μὴ
867 4757 1081 4830 θάῤῥει,
1118 4758 1275 4829 φησί,
1308 4760 1423 4823 τοῖς
1457 4759 1846 4831 ὀχυρώμασιν

256 4845 526 4917 οὐδεμίαν
576 4847 687 4919 γὰρ
722 4847 866 4913 ἔξεις
910 4849 1120 4903 ἐκεῖθεν
1165 4851 1451 4922 βοήθειαν⁹
1505 4853 1643 4907 ἀλλὰ
1695 4853 1851 4924 δίκην

260 4938 444 5011 πηλοῦ
502 4941 581 5003 εἰς
628 4939 1011 5012 πλινθουργίαν
1058 4945 1177 5013 μετ’
1208 4942 1413 5014 ἀχύρου
1465 4946 1850 5015 συμπατουμὲ⁸

257 5049 382 5096 νου,
419 5031 523 5084 ὑπὸ
551 5032 658 5085 τῶν
689 5033 951 5086 ἐπιόντων
985 5052 1065 5085 σοι
1097 5033 1371 5105 πολεμίων
1412 5037 1843 5108 συμπατηθήσῃ·

259 5123 367 5177 xal.
401 5122 499 5193 τὴν
532 5124 629 5193 μὲν
661 5124 814 5178 πόλιν
843 5127 1241 5196 ἐμπρήσουσιν,
1271 5127 1416 5196 ὑμᾶς
1439 5128 1496 5180 δὲ
1518 5129 1643 5192 τοὺς
1664 5146 1849 5183 κατοιο

258 5214 501 5277 κοῦντας
550 5216 662 5277 τοῖς
718 5217 1078 5276 παντοδαποῖς
1128 5217 1538 5284 κατασφάξουσι
1599 5218 1844 5288 βέλεσιν·

260 5302 488 5370 ἀκρίδας
518 5305 573 5359 δὲ
603 5307 757 5379 δίκην
788 5309 885 5362 καὶ
932 5308 1161 5380 βρούχου
1201 5309 1369 5380 ἄρδην
1412 5311 1659 5377 ἅπαντας
1705 5315 1852 5383 ὑμᾶς

1955 4595 2166 4649 locusta
2204 4613 2215 4648 :
2246 4594 2636 4666 aggravaberis
2663 4595 2821 4666 quasi
2858 4596 3123 4652 bruchus.
3160 4595 3536 4666 Multiplicas‘ti

1955 4685 2355 4756 negotiationes
2394 4695 2540 4754 tuas,
2590 4688 2768 4760 magis
2799 4703 2963 4756 quam
2990 4689 3181 4745 stellas
3209 4690 3357 4745 coeli.
3397 4708 3417 4742 ι
3459 4688 3539 4745 Ne

1953 4776 2232 4842 conﬁdas,
2287 4777 2486 4849 inquit,
2537 4779 2938 4836 munitionibus
2986 4779 3139 4846 tuis;
3174 4780 3329 4835 nullo
3389 4779 3538 4836 enim

1954 4869 2051 4925 tibi
2077 4878 2245 4926 erunt
2274 4854 2483 4926 auxilio
2519 4891 2532 4923 :
2570 4871 2666 4927 sed
2693 4872 2837 4927 sicut
2869 4872 3066 4936 lutum,
3097 4871 3245 4941 quod
3276 4887 3400 4926 cum
3438 4886 3539 4943 pa-

1956 4960 2056 5017 leis
2092 4962 2159 5017 ad
2198 4963 2399 5018 lateres
2438 4962 2813 5018 conficiendos
2844 4963 3228 5028 conculcatur,
3255 4964 3325 5019 ab
3352 4964 3536 5021 hosti-

1956 5052 2060 5107 bus
2109 5052 2451 5109 irruentibus
2491 5053 2947 5110 conculcaberis:
2991 5063 3045 5110 et
3077 5057 3270 5111 urbem
3315 5057 3537 5126 quidem

1957 5141 2277 5205 incendent,
2317 5157 2415 5197 vos
2446 5159 2578 5198 vero
2612 5144 2952 5202 habitatores
2989 5146 3140 5201 omni
3175 5150 3192 5169 θ
3221 5162 3420 5218 genere
3458 5155 3538 5200 te-

1959 5230 2135 5282 lorum
2166 5230 2480 5298 conﬁcient,
2524 5230 2737 5305 1535
2769 5240 2824 5288 et
2854 5249 3007 5291 more
3033 5235 3259 5291 locustae
3300 5250 3364 5289 ac
3407 5235 3539 5288 hru-

1960 5321 2048 5374 chi
2083 5319 2333 5377 funditus
2365 5337 2461 5379 vos
2494 5323 2727 5394 perdent
2760 5342 2775 5381 :
2804 5333 2857 5381 et
2880 5325 3058 5383 instar
3091 5327 3370 5383 stellarum
3410 5325 3535 5380 coeli

1510 5491 1744 5547 VARIzE
1781 5492 2072 5551 LECTION
2080 5496 2182 5552 ES.

344 5640 461 5714 ’³,Ᾱ
493 5642 586 5695 ἀπ’
627 5643 821 5714 ἀρχῆς.
929 5645 970 5675 ¹⁵
1004 5665 1118 5703 σου.
1152 5648 1278 5705 Des.
1313 5650 1365 5704 in
1400 5651 1463 5705 Α.

266 5708 319 5742 ⁸⁷
351 5710 478 5781 μάχ.
511 5713 562 5765 *Α
591 5708 953 5785 ἐν’ῥομφαίᾳ,
988 5719 1101 5772 καί.
1165 5720 1207 5751 ¹⁸
1248 5722 1337 5773 ὑπ.
1379 5724 1418 5776 Α
1453 5720 1661 5793 ὥσπερ.

1580 5653 1622 5685 ¹⁵
1653 5653 1746 5717 ὡς.
1782 5653 1900 5710 Des.
1978 5652 2031 5706 in
2064 5655 2124 5709 Α.

2234 5655 2277 5687 ¹⁶
2333 5673 2494 5715 σκοπ.
2563 5659 2690 5716 Vid.
2755 5674 2945 5731 supra,
2980 5673 3032 5728 p.
3099 5657 3256 5723 1555,
3304 5654 3538 5713 scibis.
