  <div class='ocr_page' id='page_1' title='image "/cluster/home/n/w/nwhite01/storage/ocr_20150623/81/mdp.39015078384339/955.png"; bbox 0 0 3904 6202; ppageno 0'>
   <div class='ocr_carea' id='block_1_1' title="bbox 435 323 567 393">
    <p class='ocr_par' dir='ltr' id='par_1_1' title="bbox 435 323 567 393">
     <span class='ocr_line' id='line_1_1' title="bbox 435 323 567 393; baseline 0.038 -5"><span class='ocrx_word' id='word_1_1' title='bbox 435 323 567 393; x_wconf 81' lang='grc'>1807</span> 
     </span>
    </p>
   </div>
   <div class='ocr_carea' id='block_1_2' title="bbox 1442 320 2677 382">
    <p class='ocr_par' dir='ltr' id='par_1_2' title="bbox 1442 320 2677 382">
     <span class='ocr_line' id='line_1_2' title="bbox 1442 320 2677 382; baseline -0.001 -1"><span class='ocrx_word' id='word_1_2' title='bbox 1442 321 1932 382; x_wconf 81' lang='lat' dir='ltr'>THEODORETI</span> <span class='ocrx_word' id='word_1_3' title='bbox 1951 320 2287 381; x_wconf 86' lang='lat' dir='ltr'>EPISCOPI</span> <span class='ocrx_word' id='word_1_4' title='bbox 2311 320 2677 381; x_wconf 76' lang='lat' dir='ltr'>CYRENSIS</span> 
     </span>
    </p>
   </div>
   <div class='ocr_carea' id='block_1_3' title="bbox 3560 320 3682 389">
    <p class='ocr_par' dir='ltr' id='par_1_3' title="bbox 3560 320 3682 389">
     <span class='ocr_line' id='line_1_3' title="bbox 3560 320 3682 389; baseline 0.025 -3"><span class='ocrx_word' id='word_1_5' title='bbox 3560 320 3682 389; x_wconf 71' lang='lat'>1808</span> 
     </span>
    </p>
   </div>
   <div class='ocr_carea' id='block_1_4' title="bbox 432 426 2011 507">
    <p class='ocr_par' dir='ltr' id='par_1_4' title="bbox 432 431 2006 505">
     <span class='ocr_line' id='line_1_4' title="bbox 432 431 2006 505; baseline 0 -14"><span class='ocrx_word' id='word_1_6' title='bbox 432 435 884 501; x_wconf 84' lang='lat' dir='ltr'><strong>innumerabiles,</strong></span> <span class='ocrx_word' id='word_1_7' title='bbox 939 447 1077 503; x_wconf 90' lang='lat' dir='ltr'><strong>quas</strong></span> <span class='ocrx_word' id='word_1_8' title='bbox 1129 431 1368 504; x_wconf 80' lang='lat' dir='ltr'>undique</span> <span class='ocrx_word' id='word_1_9' title='bbox 1440 435 1722 505; x_wconf 76' lang='lat' dir='ltr'><strong>coegistis,</strong></span> <span class='ocrx_word' id='word_1_10' title='bbox 1775 433 2006 491; x_wconf 76' lang='lat' dir='ltr'>divitias</span> 
     </span>
    </p>
   </div>
   <div class='ocr_carea' id='block_1_5' title="bbox 2119 426 3683 507">
    <p class='ocr_par' dir='ltr' id='par_1_5' title="bbox 2119 426 3683 507">
     <span class='ocr_line' id='line_1_5' title="bbox 2119 426 3683 507; baseline 0.001 -17"><span class='ocrx_word' id='word_1_11' title='bbox 2119 426 2514 507; x_wconf 75' lang='grc' dir='ltr'>δαπανή’σουσι,</span> <span class='ocrx_word' id='word_1_12' title='bbox 2537 436 2630 489; x_wconf 74' lang='grc' dir='ltr'>καὶ</span> <span class='ocrx_word' id='word_1_13' title='bbox 2651 434 2711 487; x_wconf 85' lang='grc' dir='ltr'>ὃν</span> <span class='ocrx_word' id='word_1_14' title='bbox 2740 433 3078 504; x_wconf 70' lang='grc' dir='ltr'>πανταχόθεν</span> <span class='ocrx_word' id='word_1_15' title='bbox 3107 433 3502 504; x_wconf 78' lang='grc' dir='ltr'>συνηθροίσατε</span> <span class='ocrx_word' id='word_1_16' title='bbox 3532 436 3683 491; x_wconf 79' lang='grc' dir='ltr'>πλοῦ-</span> 
     </span>
    </p>
   </div>
   <div class='ocr_carea' id='block_1_6' title="bbox 431 527 889 597">
    <p class='ocr_par' dir='ltr' id='par_1_6' title="bbox 431 527 889 597">
     <span class='ocr_line' id='line_1_6' title="bbox 431 527 889 597; baseline -0.011 -14"><span class='ocrx_word' id='word_1_17' title='bbox 431 531 619 584; x_wconf 79' lang='lat' dir='ltr'><strong>ltostes</strong></span> <span class='ocrx_word' id='word_1_18' title='bbox 649 527 889 597; x_wconf 88' lang='lat' dir='ltr'><strong>capient.</strong></span> 
     </span>
    </p>
   </div>
   <div class='ocr_carea' id='block_1_7' title="bbox 501 703 2013 781">
    <p class='ocr_par' dir='ltr' id='par_1_7' title="bbox 501 703 2013 781">
     <span class='ocr_line' id='line_1_7' title="bbox 501 703 2013 781; baseline 0.005 -26"><span class='ocrx_word' id='word_1_19' title='bbox 501 721 519 755; x_wconf 81' lang='grc' dir='ltr'>ι</span> <span class='ocrx_word' id='word_1_20' title='bbox 552 703 800 759; x_wconf 79' lang='lat' dir='ltr'><strong>Bruchus</strong></span> <span class='ocrx_word' id='word_1_21' title='bbox 830 704 992 759; x_wconf 89' lang='lat' dir='ltr'><strong>irruit</strong></span> <span class='ocrx_word' id='word_1_22' title='bbox 1022 714 1077 759; x_wconf 91' lang='lat' dir='ltr'>et</span> <span class='ocrx_word' id='word_1_23' title='bbox 1103 704 1358 760; x_wconf 84' lang='lat' dir='ltr'><strong>evolavit.</strong></span> <span class='ocrx_word' id='word_1_24' title='bbox 1392 716 1409 776; x_wconf 65' lang='grc' dir='ltr'>ι</span> <span class='ocrx_word' id='word_1_25' title='bbox 1453 705 1620 763; x_wconf 72' lang='lat' dir='ltr'><strong>Vsus.</strong></span> <span class='ocrx_word' id='word_1_26' title='bbox 1659 708 1794 781; x_wconf 77' lang='grc' dir='ltr'>1Ἰ.“)</span> <span class='ocrx_word' id='word_1_27' title='bbox 1818 706 2013 763; x_wconf 78' lang='lat' dir='ltr'><strong>Exsili-</strong></span> 
     </span>
    </p>
   </div>
   <div class='ocr_carea' id='block_1_8' title="bbox 427 796 2012 867">
    <p class='ocr_par' dir='ltr' id='par_1_8' title="bbox 427 796 2012 867">
     <span class='ocr_line' id='line_1_8' title="bbox 427 796 2012 867; baseline 0.002 -15"><span class='ocrx_word' id='word_1_28' title='bbox 427 799 505 852; x_wconf 85' lang='lat' dir='ltr'><strong>vil.</strong></span> <span class='ocrx_word' id='word_1_29' title='bbox 543 796 703 867; x_wconf 89' lang='lat' dir='ltr'><strong>quasi</strong></span> <span class='ocrx_word' id='word_1_30' title='bbox 747 796 983 863; x_wconf 87' lang='lat' dir='ltr'><strong>locusta,</strong></span> <span class='ocrx_word' id='word_1_31' title='bbox 1023 798 1350 854; x_wconf 89' lang='lat' dir='ltr'><strong>commistus</strong></span> <span class='ocrx_word' id='word_1_32' title='bbox 1396 806 1526 855; x_wconf 90' lang='lat' dir='ltr'><strong>tuus</strong></span> <span class='ocrx_word' id='word_1_33' title='bbox 1559 814 1574 853; x_wconf 87' lang='lat'><strong>:</strong></span> <span class='ocrx_word' id='word_1_34' title='bbox 1602 801 1751 855; x_wconf 90' lang='lat' dir='ltr'><strong>sicut</strong></span> <span class='ocrx_word' id='word_1_35' title='bbox 1799 801 2012 857; x_wconf 89' lang='lat' dir='ltr'><strong>locusta</strong></span> 
     </span>
    </p>
   </div>
   <div class='ocr_carea' id='block_1_9' title="bbox 428 890 2012 962">
    <p class='ocr_par' dir='ltr' id='par_1_9' title="bbox 428 890 2012 962">
     <span class='ocr_line' id='line_1_9' title="bbox 428 890 2012 962; baseline 0.001 -16"><span class='ocrx_word' id='word_1_36' title='bbox 428 905 553 960; x_wconf 76' lang='lat' dir='ltr'><strong>qua:</strong></span> <span class='ocrx_word' id='word_1_37' title='bbox 592 890 841 945; x_wconf 80' lang='lat' dir='ltr'>ascendit</span> <span class='ocrx_word' id='word_1_38' title='bbox 868 905 1037 961; x_wconf 82' lang='lat' dir='ltr'><strong>super</strong></span> <span class='ocrx_word' id='word_1_39' title='bbox 1065 905 1250 960; x_wconf 82' lang='lat' dir='ltr'><strong>sepem</strong></span> <span class='ocrx_word' id='word_1_40' title='bbox 1285 891 1374 946; x_wconf 92' lang='lat' dir='ltr'>die</span> <span class='ocrx_word' id='word_1_41' title='bbox 1402 892 1547 962; x_wconf 79' lang='lat' dir='ltr'><strong>gelu.</strong></span> <span class='ocrx_word' id='word_1_42' title='bbox 1577 891 1668 947; x_wconf 85' lang='lat' dir='ltr'><strong>Sol</strong></span> <span class='ocrx_word' id='word_1_43' title='bbox 1698 901 1855 949; x_wconf 90' lang='lat' dir='ltr'><strong>ortus</strong></span> <span class='ocrx_word' id='word_1_44' title='bbox 1902 904 2012 959; x_wconf 90' lang='lat' dir='ltr'><strong>est,</strong></span> 
     </span>
    </p>
   </div>
   <div class='ocr_carea' id='block_1_10' title="bbox 424 982 2013 1055">
    <p class='ocr_par' dir='ltr' id='par_1_10' title="bbox 424 982 2013 1055">
     <span class='ocr_line' id='line_1_10' title="bbox 424 982 2013 1055; baseline 0 -15"><span class='ocrx_word' id='word_1_45' title='bbox 424 990 481 1040; x_wconf 89' lang='lat' dir='ltr'><strong>et</strong></span> <span class='ocrx_word' id='word_1_46' title='bbox 508 982 772 1047; x_wconf 80' lang='lat' dir='ltr'><strong>exsilivit,</strong></span> <span class='ocrx_word' id='word_1_47' title='bbox 827 988 1048 1038; x_wconf 86' lang='lat' dir='ltr'>nonest</span> <span class='ocrx_word' id='word_1_48' title='bbox 1090 982 1346 1055; x_wconf 77' lang='lat' dir='ltr'><strong>cognitus</strong></span> <span class='ocrx_word' id='word_1_49' title='bbox 1398 983 1553 1040; x_wconf 86' lang='lat' dir='ltr'><strong>locus</strong></span> <span class='ocrx_word' id='word_1_50' title='bbox 1598 983 1737 1053; x_wconf 84' lang='lat' dir='ltr'>ejus.</span> <span class='ocrx_word' id='word_1_51' title='bbox 1773 1003 1791 1037; x_wconf 71' lang='grc' dir='ltr'>ι</span> <span class='ocrx_word' id='word_1_52' title='bbox 1859 983 2013 1040; x_wconf 87' lang='lat' dir='ltr'><strong>Sicut</strong></span> 
     </span>
    </p>
   </div>
   <div class='ocr_carea' id='block_1_11' title="bbox 425 1075 2013 1146">
    <p class='ocr_par' dir='ltr' id='par_1_11' title="bbox 425 1075 2013 1146">
     <span class='ocr_line' id='line_1_11' title="bbox 425 1075 2013 1146; baseline -0.001 -14"><span class='ocrx_word' id='word_1_53' title='bbox 425 1077 574 1133; x_wconf 89' lang='lat' dir='ltr'><strong>cnim</strong></span> <span class='ocrx_word' id='word_1_54' title='bbox 606 1076 846 1140; x_wconf 89' lang='lat' dir='ltr'><strong>locusta,</strong></span> <span class='ocrx_word' id='word_1_55' title='bbox 893 1075 1092 1146; x_wconf 83' lang='lat' dir='ltr'><strong>inquit,</strong></span> <span class='ocrx_word' id='word_1_56' title='bbox 1148 1084 1203 1132; x_wconf 90' lang='lat' dir='ltr'><strong>et</strong></span> <span class='ocrx_word' id='word_1_57' title='bbox 1235 1075 1501 1142; x_wconf 76' lang='lat' dir='ltr'>bruchus,</span> <span class='ocrx_word' id='word_1_58' title='bbox 1553 1086 1607 1131; x_wconf 92' lang='lat' dir='ltr'>et</span> <span class='ocrx_word' id='word_1_59' title='bbox 1655 1077 1741 1131; x_wconf 85' lang='lat' dir='ltr'>bis</span> <span class='ocrx_word' id='word_1_60' title='bbox 1790 1077 2013 1142; x_wconf 79' lang='lat' dir='ltr'>similia,</span> 
     </span>
    </p>
   </div>
   <div class='ocr_carea' id='block_1_12' title="bbox 424 1166 2017 1232">
    <p class='ocr_par' dir='ltr' id='par_1_12' title="bbox 424 1166 2017 1232">
     <span class='ocr_line' id='line_1_12' title="bbox 424 1166 2017 1232; baseline -0.002 -9"><span class='ocrx_word' id='word_1_61' title='bbox 424 1168 555 1223; x_wconf 89' lang='lat' dir='ltr'>dum</span> <span class='ocrx_word' id='word_1_62' title='bbox 583 1182 675 1224; x_wconf 89' lang='lat' dir='ltr'>ros</span> <span class='ocrx_word' id='word_1_63' title='bbox 704 1166 847 1223; x_wconf 90' lang='lat' dir='ltr'><strong>inest</strong></span> <span class='ocrx_word' id='word_1_64' title='bbox 877 1167 927 1221; x_wconf 91' lang='lat' dir='ltr'><strong>in</strong></span> <span class='ocrx_word' id='word_1_65' title='bbox 956 1167 1172 1224; x_wconf 89' lang='lat' dir='ltr'><strong>arbutis</strong></span> <span class='ocrx_word' id='word_1_66' title='bbox 1191 1168 1504 1232; x_wconf 87' lang='lat' dir='ltr'><strong>consident,</strong></span> <span class='ocrx_word' id='word_1_67' title='bbox 1533 1169 1752 1224; x_wconf 72' lang='lat' dir='ltr'><strong>arolare</strong></span> <span class='ocrx_word' id='word_1_68' title='bbox 1780 1183 1890 1222; x_wconf 88' lang='lat' dir='ltr'>non</span> <span class='ocrx_word' id='word_1_69' title='bbox 1925 1182 2017 1221; x_wconf 77' lang='lat' dir='ltr'>va-</span> 
     </span>
    </p>
   </div>
   <div class='ocr_carea' id='block_1_13' title="bbox 414 1258 2016 1328">
    <p class='ocr_par' dir='ltr' id='par_1_13' title="bbox 414 1258 2016 1328">
     <span class='ocr_line' id='line_1_13' title="bbox 414 1258 2016 1328; baseline 0.001 -19"><span class='ocrx_word' id='word_1_70' title='bbox 414 1258 632 1323; x_wconf 79' lang='lat' dir='ltr'><strong>lentia,</strong></span> <span class='ocrx_word' id='word_1_71' title='bbox 676 1258 967 1327; x_wconf 83' lang='lat' dir='ltr'><strong>ingruente</strong></span> <span class='ocrx_word' id='word_1_72' title='bbox 1013 1264 1197 1313; x_wconf 87' lang='lat' dir='ltr'><strong>autem</strong></span> <span class='ocrx_word' id='word_1_73' title='bbox 1241 1258 1376 1314; x_wconf 90' lang='lat' dir='ltr'><strong>solis</strong></span> <span class='ocrx_word' id='word_1_74' title='bbox 1430 1258 1584 1312; x_wconf 84' lang='lat' dir='ltr'><strong>radio</strong></span> <span class='ocrx_word' id='word_1_75' title='bbox 1634 1268 1907 1328; x_wconf 83' lang='lat' dir='ltr'><strong>surgunt,</strong></span> <span class='ocrx_word' id='word_1_76' title='bbox 1961 1264 2016 1313; x_wconf 88' lang='lat' dir='ltr'><strong>et</strong></span> 
     </span>
    </p>
   </div>
   <div class='ocr_carea' id='block_1_14' title="bbox 425 1348 2008 1420">
    <p class='ocr_par' dir='ltr' id='par_1_14' title="bbox 425 1348 2008 1420">
     <span class='ocr_line' id='line_1_14' title="bbox 425 1348 2008 1420; baseline -0.001 -15"><span class='ocrx_word' id='word_1_77' title='bbox 425 1351 543 1407; x_wconf 87' lang='lat' dir='ltr'><strong>alas</strong></span> <span class='ocrx_word' id='word_1_78' title='bbox 572 1348 912 1420; x_wconf 78' lang='lat' dir='ltr'><strong>expandunt,</strong></span> <span class='ocrx_word' id='word_1_79' title='bbox 948 1356 1003 1405; x_wconf 89' lang='lat' dir='ltr'><strong>et</strong></span> <span class='ocrx_word' id='word_1_80' title='bbox 1037 1350 1091 1403; x_wconf 93' lang='lat' dir='ltr'><strong>in</strong></span> <span class='ocrx_word' id='word_1_81' title='bbox 1131 1349 1298 1405; x_wconf 89' lang='lat' dir='ltr'><strong>alium</strong></span> <span class='ocrx_word' id='word_1_82' title='bbox 1338 1350 1519 1405; x_wconf 86' lang='lat' dir='ltr'><strong>locum</strong></span> <span class='ocrx_word' id='word_1_83' title='bbox 1556 1357 1846 1407; x_wconf 89' lang='lat' dir='ltr'><strong>transeunt</strong></span> <span class='ocrx_word' id='word_1_84' title='bbox 1878 1368 1893 1420; x_wconf 66' lang='grc' dir='ltr'>ς</span> <span class='ocrx_word' id='word_1_85' title='bbox 1922 1350 2008 1405; x_wconf 91' lang='lat' dir='ltr'><strong>sic</strong></span> 
     </span>
    </p>
   </div>
   <div class='ocr_carea' id='block_1_15' title="bbox 424 1418 2016 1513">
    <p class='ocr_par' dir='ltr' id='par_1_15' title="bbox 424 1418 2016 1513">
     <span class='ocr_line' id='line_1_15' title="bbox 424 1418 2016 1513; baseline -0.001 -16"><span class='ocrx_word' id='word_1_86' title='bbox 424 1443 524 1513; x_wconf 90' lang='lat' dir='ltr'>qui</span> <span class='ocrx_word' id='word_1_87' title='bbox 566 1418 668 1497; x_wconf 85' lang='lat' dir='ltr'><strong>tibi</strong></span> <span class='ocrx_word' id='word_1_88' title='bbox 702 1449 977 1496; x_wconf 78' lang='lat' dir='ltr'><strong>venerunt</strong></span> <span class='ocrx_word' id='word_1_89' title='bbox 1014 1440 1285 1508; x_wconf 87' lang='lat' dir='ltr'><strong>subsidio,</strong></span> <span class='ocrx_word' id='word_1_90' title='bbox 1318 1456 1444 1498; x_wconf 88' lang='lat' dir='ltr'>eum</span> <span class='ocrx_word' id='word_1_91' title='bbox 1490 1442 1731 1498; x_wconf 88' lang='lat' dir='ltr'><strong>hostium</strong></span> <span class='ocrx_word' id='word_1_92' title='bbox 1770 1418 2016 1497; x_wconf 74' lang='lat' dir='ltr'><strong>viderint</strong></span> 
     </span>
    </p>
   </div>
   <div class='ocr_carea' id='block_1_16' title="bbox 427 1536 2011 1612">
    <p class='ocr_par' dir='ltr' id='par_1_16' title="bbox 427 1536 2011 1612">
     <span class='ocr_line' id='line_1_16' title="bbox 427 1536 2011 1612; baseline -0.003 -18"><span class='ocrx_word' id='word_1_93' title='bbox 427 1543 711 1612; x_wconf 85' lang='lat' dir='ltr'><strong>impetum,</strong></span> <span class='ocrx_word' id='word_1_94' title='bbox 736 1555 851 1595; x_wconf 81' lang='lat' dir='ltr'><strong>suae</strong></span> <span class='ocrx_word' id='word_1_95' title='bbox 893 1539 1089 1595; x_wconf 88' lang='lat' dir='ltr'><strong>salutis</strong></span> <span class='ocrx_word' id='word_1_96' title='bbox 1129 1552 1322 1595; x_wconf 90' lang='lat' dir='ltr'><strong>curam</strong></span> <span class='ocrx_word' id='word_1_97' title='bbox 1370 1547 1584 1608; x_wconf 67' lang='lat' dir='ltr'><strong>gerent,</strong></span> <span class='ocrx_word' id='word_1_98' title='bbox 1632 1548 1687 1594; x_wconf 90' lang='lat' dir='ltr'><strong>et</strong></span> <span class='ocrx_word' id='word_1_99' title='bbox 1717 1538 1773 1592; x_wconf 92' lang='lat' dir='ltr'><strong>in</strong></span> <span class='ocrx_word' id='word_1_100' title='bbox 1821 1536 2011 1606; x_wconf 76' lang='lat' dir='ltr'><strong>fugam</strong></span> 
     </span>
    </p>
   </div>
   <div class='ocr_carea' id='block_1_17' title="bbox 426 1625 2011 1699">
    <p class='ocr_par' dir='ltr' id='par_1_17' title="bbox 426 1625 2011 1699">
     <span class='ocr_line' id='line_1_17' title="bbox 426 1625 2011 1699; baseline -0.001 -16"><span class='ocrx_word' id='word_1_101' title='bbox 426 1644 488 1685; x_wconf 90' lang='lat' dir='ltr'>se</span> <span class='ocrx_word' id='word_1_102' title='bbox 539 1628 755 1694; x_wconf 83' lang='lat' dir='ltr'><strong>dantes,</strong></span> <span class='ocrx_word' id='word_1_103' title='bbox 811 1627 985 1684; x_wconf 88' lang='lat' dir='ltr'><strong>solam</strong></span> <span class='ocrx_word' id='word_1_104' title='bbox 1050 1636 1104 1682; x_wconf 90' lang='lat' dir='ltr'><strong>te</strong></span> <span class='ocrx_word' id='word_1_105' title='bbox 1161 1627 1494 1699; x_wconf 89' lang='lat' dir='ltr'><strong>relinquent.</strong></span> <span class='ocrx_word' id='word_1_106' title='bbox 1551 1625 1757 1683; x_wconf 81' lang='lat' dir='ltr'><strong>Deinde</strong></span> <span class='ocrx_word' id='word_1_107' title='bbox 1814 1626 2011 1682; x_wconf 80' lang='lat' dir='ltr'><strong>aﬂ‘ectu</strong></span> 
     </span>
    </p>
   </div>
   <div class='ocr_carea' id='block_1_18' title="bbox 424 1719 964 1792">
    <p class='ocr_par' dir='ltr' id='par_1_18' title="bbox 424 1719 964 1792">
     <span class='ocr_line' id='line_1_18' title="bbox 424 1719 964 1792; baseline 0.002 -17"><span class='ocrx_word' id='word_1_108' title='bbox 424 1719 812 1792; x_wconf 83' lang='lat' dir='ltr'><strong>compatientis</strong></span> <span class='ocrx_word' id='word_1_109' title='bbox 844 1720 921 1776; x_wconf 86' lang='lat' dir='ltr'><strong>ait</strong></span> <span class='ocrx_word' id='word_1_110' title='bbox 948 1738 964 1776; x_wconf 88' lang='lat'><strong>:</strong></span> 
     </span>
    </p>
   </div>
   <div class='ocr_carea' id='block_1_19' title="bbox 504 1988 2010 2063">
    <p class='ocr_par' dir='ltr' id='par_1_19' title="bbox 504 1988 2010 2063">
     <span class='ocr_line' id='line_1_19' title="bbox 504 1988 2010 2063; baseline -0.001 -19"><span class='ocrx_word' id='word_1_111' title='bbox 504 1990 628 2048; x_wconf 67' lang='lat' dir='ltr'><strong>«Vae</strong></span> <span class='ocrx_word' id='word_1_112' title='bbox 656 1991 797 2047; x_wconf 86' lang='lat' dir='ltr'><strong>illis!</strong></span> <span class='ocrx_word' id='word_1_113' title='bbox 829 1990 1016 2063; x_wconf 69' lang='lat' dir='ltr'><strong>(Vens.</strong></span> <span class='ocrx_word' id='word_1_114' title='bbox 1042 1992 1153 2063; x_wconf 77' lang='grc'>18.)</span> <span class='ocrx_word' id='word_1_115' title='bbox 1178 1991 1624 2047; x_wconf 79' lang='lat' dir='ltr'><strong>Dormitarerunt</strong></span> <span class='ocrx_word' id='word_1_116' title='bbox 1643 1998 1890 2062; x_wconf 81' lang='lat' dir='ltr'>pastores</span> <span class='ocrx_word' id='word_1_117' title='bbox 1907 1988 2010 2054; x_wconf 90' lang='lat' dir='ltr'><strong>tui,</strong></span> 
     </span>
    </p>
   </div>
   <div class='ocr_carea' id='block_1_20' title="bbox 422 2081 2013 2155">
    <p class='ocr_par' dir='ltr' id='par_1_20' title="bbox 422 2081 2013 2155">
     <span class='ocr_line' id='line_1_20' title="bbox 422 2081 2013 2155; baseline -0.003 -14"><span class='ocrx_word' id='word_1_118' title='bbox 422 2098 522 2141; x_wconf 79' lang='lat' dir='ltr'><strong>rex</strong></span> <span class='ocrx_word' id='word_1_119' title='bbox 539 2083 797 2155; x_wconf 73' lang='lat' dir='ltr'><strong>Assyrius</strong></span> <span class='ocrx_word' id='word_1_120' title='bbox 809 2083 1117 2153; x_wconf 81' lang='lat' dir='ltr'><strong>consopivit</strong></span> <span class='ocrx_word' id='word_1_121' title='bbox 1133 2081 1302 2139; x_wconf 79' lang='lat' dir='ltr'><strong>fortes</strong></span> <span class='ocrx_word' id='word_1_122' title='bbox 1317 2093 1440 2139; x_wconf 90' lang='lat' dir='ltr'><strong>tuos</strong></span> <span class='ocrx_word' id='word_1_123' title='bbox 1460 2101 1472 2137; x_wconf 89' lang='lat'><strong>:</strong></span> <span class='ocrx_word' id='word_1_124' title='bbox 1488 2083 1620 2138; x_wconf 86' lang='lat' dir='ltr'><strong>abiit</strong></span> <span class='ocrx_word' id='word_1_125' title='bbox 1632 2082 1868 2153; x_wconf 83' lang='lat' dir='ltr'><strong>populus</strong></span> <span class='ocrx_word' id='word_1_126' title='bbox 1885 2092 2013 2137; x_wconf 88' lang='lat' dir='ltr'><strong>tuus</strong></span> 
     </span>
    </p>
   </div>
   <div class='ocr_carea' id='block_1_21' title="bbox 426 2173 2031 2246">
    <p class='ocr_par' dir='ltr' id='par_1_21' title="bbox 426 2173 2031 2246">
     <span class='ocr_line' id='line_1_21' title="bbox 426 2173 2031 2246; baseline -0.002 -15"><span class='ocrx_word' id='word_1_127' title='bbox 426 2191 592 2246; x_wconf 91' lang='lat' dir='ltr'><strong>super</strong></span> <span class='ocrx_word' id='word_1_128' title='bbox 608 2184 845 2239; x_wconf 86' lang='lat' dir='ltr'><strong>montes,</strong></span> <span class='ocrx_word' id='word_1_129' title='bbox 859 2184 912 2229; x_wconf 91' lang='lat' dir='ltr'><strong>ct</strong></span> <span class='ocrx_word' id='word_1_130' title='bbox 926 2189 1032 2229; x_wconf 90' lang='lat' dir='ltr'>non</span> <span class='ocrx_word' id='word_1_131' title='bbox 1045 2174 1267 2245; x_wconf 89' lang='lat' dir='ltr'><strong>eratqui</strong></span> <span class='ocrx_word' id='word_1_132' title='bbox 1283 2176 1602 2243; x_wconf 78' lang='lat' dir='ltr'><strong>susciperet.</strong></span> <span class='ocrx_word' id='word_1_133' title='bbox 1632 2192 1651 2226; x_wconf 75' lang='grc' dir='ltr'>ι</span> <span class='ocrx_word' id='word_1_134' title='bbox 1671 2174 1752 2228; x_wconf 77' lang='lat' dir='ltr'><strong>Ex</strong></span> <span class='ocrx_word' id='word_1_135' title='bbox 1772 2173 1858 2229; x_wconf 87' lang='lat' dir='ltr'>his</span> <span class='ocrx_word' id='word_1_136' title='bbox 1873 2188 2031 2243; x_wconf 83' lang='lat' dir='ltr'><strong>quo-_</strong></span> 
     </span>
    </p>
   </div>
   <div class='ocr_carea' id='block_1_22' title="bbox 420 2263 2010 2337">
    <p class='ocr_par' dir='ltr' id='par_1_22' title="bbox 420 2263 2010 2337">
     <span class='ocr_line' id='line_1_22' title="bbox 420 2263 2010 2337; baseline -0.002 -17"><span class='ocrx_word' id='word_1_137' title='bbox 420 2282 531 2337; x_wconf 89' lang='lat' dir='ltr'>que</span> <span class='ocrx_word' id='word_1_138' title='bbox 559 2267 778 2336; x_wconf 84' lang='lat' dir='ltr'><strong>planum</strong></span> <span class='ocrx_word' id='word_1_139' title='bbox 808 2274 892 2321; x_wconf 86' lang='lat' dir='ltr'>est</span> <span class='ocrx_word' id='word_1_140' title='bbox 932 2265 1078 2335; x_wconf 91' lang='lat' dir='ltr'><strong>quod</strong></span> <span class='ocrx_word' id='word_1_141' title='bbox 1103 2263 1289 2319; x_wconf 77' lang='lat' dir='ltr'><strong>divina</strong></span> <span class='ocrx_word' id='word_1_142' title='bbox 1333 2264 1619 2335; x_wconf 82' lang='lat' dir='ltr'><strong>Scriptura</strong></span> <span class='ocrx_word' id='word_1_143' title='bbox 1654 2263 2010 2335; x_wconf 81' lang='lat' dir='ltr'><strong>Babylonium</strong></span> 
     </span>
    </p>
   </div>
   <div class='ocr_carea' id='block_1_23' title="bbox 425 2356 2011 2429">
    <p class='ocr_par' dir='ltr' id='par_1_23' title="bbox 425 2356 2011 2429">
     <span class='ocr_line' id='line_1_23' title="bbox 425 2356 2011 2429; baseline -0.001 -15"><span class='ocrx_word' id='word_1_144' title='bbox 425 2366 585 2415; x_wconf 78' lang='lat' dir='ltr'><strong>vocet</strong></span> <span class='ocrx_word' id='word_1_145' title='bbox 620 2358 925 2429; x_wconf 76' lang='lat' dir='ltr'><strong>Assyrium.</strong></span> <span class='ocrx_word' id='word_1_146' title='bbox 958 2356 1050 2413; x_wconf 90' lang='lat' dir='ltr'>Sic</span> <span class='ocrx_word' id='word_1_147' title='bbox 1091 2372 1256 2428; x_wconf 90' lang='lat' dir='ltr'><strong>porro</strong></span> <span class='ocrx_word' id='word_1_148' title='bbox 1303 2357 1478 2413; x_wconf 72' lang='lat' dir='ltr'><strong>exteri</strong></span> <span class='ocrx_word' id='word_1_149' title='bbox 1509 2358 1673 2412; x_wconf 85' lang='lat' dir='ltr'><strong>etiam</strong></span> <span class='ocrx_word' id='word_1_150' title='bbox 1708 2357 2011 2427; x_wconf 88' lang='lat' dir='ltr'><strong>scriptores</strong></span> 
     </span>
    </p>
   </div>
   <div class='ocr_carea' id='block_1_24' title="bbox 423 2437 2012 2521">
    <p class='ocr_par' dir='ltr' id='par_1_24' title="bbox 423 2437 2012 2521">
     <span class='ocr_line' id='line_1_24' title="bbox 423 2437 2012 2521; baseline -0.003 -14"><span class='ocrx_word' id='word_1_151' title='bbox 423 2467 549 2507; x_wconf 89' lang='lat' dir='ltr'>eum</span> <span class='ocrx_word' id='word_1_152' title='bbox 599 2451 908 2507; x_wconf 87' lang='lat' dir='ltr'><strong>nominant.</strong></span> <span class='ocrx_word' id='word_1_153' title='bbox 966 2448 1031 2504; x_wconf 87' lang='lat' dir='ltr'>Et</span> <span class='ocrx_word' id='word_1_154' title='bbox 1060 2437 1220 2521; x_wconf 80' lang='lat' dir='ltr'><strong>reges</strong></span> <span class='ocrx_word' id='word_1_155' title='bbox 1258 2449 1477 2520; x_wconf 89' lang='lat' dir='ltr'><strong>quidem</strong></span> <span class='ocrx_word' id='word_1_156' title='bbox 1521 2448 1758 2506; x_wconf 77' lang='lat' dir='ltr'><strong>Nineves</strong></span> <span class='ocrx_word' id='word_1_157' title='bbox 1806 2448 2012 2505; x_wconf 86' lang='lat' dir='ltr'><strong>dormi-</strong></span> 
     </span>
    </p>
   </div>
   <div class='ocr_carea' id='block_1_25' title="bbox 423 2539 2006 2611">
    <p class='ocr_par' dir='ltr' id='par_1_25' title="bbox 423 2539 2006 2611">
     <span class='ocr_line' id='line_1_25' title="bbox 423 2539 2006 2611; baseline -0.002 -14"><span class='ocrx_word' id='word_1_158' title='bbox 423 2550 571 2597; x_wconf 87' lang='lat' dir='ltr'><strong>tasse</strong></span> <span class='ocrx_word' id='word_1_159' title='bbox 602 2540 737 2596; x_wconf 90' lang='lat' dir='ltr'><strong>dicit</strong></span> <span class='ocrx_word' id='word_1_160' title='bbox 767 2556 781 2592; x_wconf 91' lang='lat'><strong>:</strong></span> <span class='ocrx_word' id='word_1_161' title='bbox 837 2557 1080 2596; x_wconf 81' lang='lat' dir='ltr'><strong>somnum</strong></span> <span class='ocrx_word' id='word_1_162' title='bbox 1114 2556 1247 2597; x_wconf 79' lang='lat' dir='ltr'><strong>vero</strong></span> <span class='ocrx_word' id='word_1_163' title='bbox 1292 2550 1525 2596; x_wconf 89' lang='lat' dir='ltr'><strong>mortem</strong></span> <span class='ocrx_word' id='word_1_164' title='bbox 1558 2541 1817 2611; x_wconf 84' lang='lat' dir='ltr'><strong>appellat.</strong></span> <span class='ocrx_word' id='word_1_165' title='bbox 1869 2539 2006 2594; x_wconf 86' lang='lat' dir='ltr'>Nam</span> 
     </span>
    </p>
   </div>
   <div class='ocr_carea' id='block_1_26' title="bbox 425 2631 2012 2703">
    <p class='ocr_par' dir='ltr' id='par_1_26' title="bbox 425 2631 2012 2703">
     <span class='ocr_line' id='line_1_26' title="bbox 425 2631 2012 2703; baseline 0.003 -18"><span class='ocrx_word' id='word_1_166' title='bbox 425 2632 497 2686; x_wconf 86' lang='lat' dir='ltr'>ita</span> <span class='ocrx_word' id='word_1_167' title='bbox 532 2632 700 2688; x_wconf 90' lang='lat' dir='ltr'><strong>etiam</strong></span> <span class='ocrx_word' id='word_1_168' title='bbox 736 2633 925 2687; x_wconf 86' lang='lat' dir='ltr'><strong>beatus</strong></span> <span class='ocrx_word' id='word_1_169' title='bbox 972 2631 1139 2687; x_wconf 81' lang='lat' dir='ltr'><strong>David</strong></span> <span class='ocrx_word' id='word_1_170' title='bbox 1188 2631 1410 2702; x_wconf 89' lang='lat' dir='ltr'><strong>inquit:</strong></span> <span class='ocrx_word' id='word_1_171' title='bbox 1459 2651 1477 2684; x_wconf 78' lang='grc' dir='ltr'>ι</span> <span class='ocrx_word' id='word_1_172' title='bbox 1505 2633 1587 2688; x_wconf 75' lang='lat' dir='ltr'><strong>Ab</strong></span> <span class='ocrx_word' id='word_1_173' title='bbox 1637 2633 2012 2703; x_wconf 82' lang='lat' dir='ltr'><strong>increpatione</strong></span> 
     </span>
    </p>
   </div>
   <div class='ocr_carea' id='block_1_27' title="bbox 422 2721 2011 2794">
    <p class='ocr_par' dir='ltr' id='par_1_27' title="bbox 422 2721 2011 2794">
     <span class='ocr_line' id='line_1_27' title="bbox 422 2721 2011 2794; baseline 0.003 -18"><span class='ocrx_word' id='word_1_174' title='bbox 422 2732 540 2790; x_wconf 89' lang='lat' dir='ltr'><strong>tua,</strong></span> <span class='ocrx_word' id='word_1_175' title='bbox 574 2722 720 2779; x_wconf 84' lang='lat' dir='ltr'><strong>Deus</strong></span> <span class='ocrx_word' id='word_1_176' title='bbox 753 2721 969 2789; x_wconf 84' lang='lat' dir='ltr'><strong>Jacobi,</strong></span> <span class='ocrx_word' id='word_1_177' title='bbox 1001 2721 1440 2779; x_wconf 67' lang='lat' dir='ltr'><strong>dormitauerunt</strong></span> <span class='ocrx_word' id='word_1_178' title='bbox 1493 2724 1589 2794; x_wconf 90' lang='lat' dir='ltr'><strong>qui</strong></span> <span class='ocrx_word' id='word_1_179' title='bbox 1641 2724 2011 2780; x_wconf 88' lang='lat' dir='ltr'><strong>ascenderunt</strong></span> 
     </span>
    </p>
   </div>
   <div class='ocr_carea' id='block_1_28' title="bbox 422 2813 2010 2888">
    <p class='ocr_par' dir='ltr' id='par_1_28' title="bbox 422 2813 2010 2888">
     <span class='ocr_line' id='line_1_28' title="bbox 422 2813 2010 2888; baseline -0.001 -16"><span class='ocrx_word' id='word_1_180' title='bbox 422 2831 595 2888; x_wconf 91' lang='lat' dir='ltr'><strong>equos</strong></span> <span class='ocrx_word' id='word_1_181' title='bbox 619 2824 668 2871; x_wconf 77' lang='grc' dir='ltr'>τ.</span> <span class='ocrx_word' id='word_1_182' title='bbox 697 2833 717 2867; x_wconf 75' lang='grc' dir='ltr'>ι</span> <span class='ocrx_word' id='word_1_183' title='bbox 759 2813 870 2870; x_wconf 87' lang='lat' dir='ltr'><strong>llos</strong></span> <span class='ocrx_word' id='word_1_184' title='bbox 889 2828 1019 2870; x_wconf 85' lang='lat' dir='ltr'><strong>vero</strong></span> <span class='ocrx_word' id='word_1_185' title='bbox 1052 2829 1209 2885; x_wconf 78' lang='lat' dir='ltr'><strong>reges</strong></span> <span class='ocrx_word' id='word_1_186' title='bbox 1241 2815 1310 2870; x_wconf 89' lang='lat' dir='ltr'>ab</span> <span class='ocrx_word' id='word_1_187' title='bbox 1364 2814 1595 2884; x_wconf 81' lang='lat' dir='ltr'><strong>Assyrio</strong></span> <span class='ocrx_word' id='word_1_188' title='bbox 1638 2830 1766 2887; x_wconf 78' lang='lat' dir='ltr'><strong>rege</strong></span> <span class='ocrx_word' id='word_1_189' title='bbox 1813 2830 2010 2871; x_wconf 88' lang='lat' dir='ltr'><strong>conso-</strong></span> 
     </span>
    </p>
   </div>
   <div class='ocr_carea' id='block_1_29' title="bbox 424 2905 2009 2987">
    <p class='ocr_par' dir='ltr' id='par_1_29' title="bbox 424 2905 2009 2987">
     <span class='ocr_line' id='line_1_29' title="bbox 424 2905 2009 2987; baseline -0.001 -24"><span class='ocrx_word' id='word_1_190' title='bbox 424 2910 569 2981; x_wconf 88' lang='lat' dir='ltr'><strong>pitos</strong></span> <span class='ocrx_word' id='word_1_191' title='bbox 596 2907 769 2965; x_wconf 80' lang='lat' dir='ltr'><strong>fuisse</strong></span> <span class='ocrx_word' id='word_1_192' title='bbox 803 2907 943 2963; x_wconf 77' lang='lat' dir='ltr'><strong>dixit</strong></span> <span class='ocrx_word' id='word_1_193' title='bbox 974 2922 988 2961; x_wconf 91' lang='lat'><strong>:</strong></span> <span class='ocrx_word' id='word_1_194' title='bbox 1020 2924 1038 2958; x_wconf 78' lang='grc' dir='ltr'>ι</span> <span class='ocrx_word' id='word_1_195' title='bbox 1063 2905 1181 2961; x_wconf 82' lang='lat' dir='ltr'>Rex</span> <span class='ocrx_word' id='word_1_196' title='bbox 1208 2907 1473 2980; x_wconf 82' lang='lat' dir='ltr'><strong>Assyrius</strong></span> <span class='ocrx_word' id='word_1_197' title='bbox 1498 2908 1808 2978; x_wconf 83' lang='lat' dir='ltr'><strong>consopivit</strong></span> <span class='ocrx_word' id='word_1_198' title='bbox 1838 2906 2009 2987; x_wconf 74' lang='lat' dir='ltr'><strong>fortes</strong></span> 
     </span>
    </p>
   </div>
   <div class='ocr_carea' id='block_1_30' title="bbox 418 2999 2009 3073">
    <p class='ocr_par' dir='ltr' id='par_1_30' title="bbox 418 2999 2009 3073">
     <span class='ocr_line' id='line_1_30' title="bbox 418 2999 2009 3073; baseline -0.001 -16"><span class='ocrx_word' id='word_1_199' title='bbox 418 3009 571 3059; x_wconf 80' lang='lat' dir='ltr'><strong>tuos.</strong></span> <span class='ocrx_word' id='word_1_200' title='bbox 598 3021 616 3055; x_wconf 76' lang='grc' dir='ltr'>ι</span> <span class='ocrx_word' id='word_1_201' title='bbox 651 3000 748 3057; x_wconf 76' lang='lat' dir='ltr'><strong>llis</strong></span> <span class='ocrx_word' id='word_1_202' title='bbox 786 3015 915 3057; x_wconf 70' lang='lat' dir='ltr'><strong>vero</strong></span> <span class='ocrx_word' id='word_1_203' title='bbox 972 3000 1205 3058; x_wconf 79' lang='lat' dir='ltr'><strong>sublatis</strong></span> <span class='ocrx_word' id='word_1_204' title='bbox 1254 2999 1321 3057; x_wconf 90' lang='lat' dir='ltr'>de</span> <span class='ocrx_word' id='word_1_205' title='bbox 1353 3000 1556 3068; x_wconf 87' lang='lat' dir='ltr'><strong>medio,</strong></span> <span class='ocrx_word' id='word_1_206' title='bbox 1620 3000 1828 3073; x_wconf 82' lang='lat'>1535</span> <span class='ocrx_word' id='word_1_207' title='bbox 1886 3001 2009 3073; x_wconf 78' lang='lat' dir='ltr'>fuga</span> 
     </span>
    </p>
   </div>
   <div class='ocr_carea' id='block_1_31' title="bbox 2112 526 3685 600">
    <p class='ocr_par' dir='ltr' id='par_1_31' title="bbox 2112 526 3685 600">
     <span class='ocr_line' id='line_1_31' title="bbox 2112 526 3685 600; baseline -0.001 -18"><span class='ocrx_word' id='word_1_208' title='bbox 2112 546 2228 593; x_wconf 83' lang='grc' dir='ltr'>τον,</span> <span class='ocrx_word' id='word_1_209' title='bbox 2274 528 2398 582; x_wconf 76' lang='grc' dir='ltr'>οὐδὲ</span> <span class='ocrx_word' id='word_1_210' title='bbox 2444 526 2818 599; x_wconf 81' lang='grc' dir='ltr'>ἀριθμηθῆναι</span> <span class='ocrx_word' id='word_1_211' title='bbox 2868 527 3064 596; x_wconf 73' lang='grc' dir='ltr'>ρᾳδέως</span> <span class='ocrx_word' id='word_1_212' title='bbox 3096 526 3401 598; x_wconf 77' lang='grc' dir='ltr'>δυνάμενον</span> <span class='ocrx_word' id='word_1_213' title='bbox 3447 526 3685 600; x_wconf 65' lang='grc' dir='ltr'>καθάπρ</span> 
     </span>
    </p>
   </div>
   <div class='ocr_carea' id='block_1_32' title="bbox 2115 618 3522 692">
    <p class='ocr_par' dir='ltr' id='par_1_32' title="bbox 2115 618 3522 692">
     <span class='ocr_line' id='line_1_32' title="bbox 2115 618 3522 692; baseline -0.001 -18"><span class='ocrx_word' id='word_1_214' title='bbox 2115 620 2186 674; x_wconf 78' lang='grc' dir='ltr'>τὰ</span> <span class='ocrx_word' id='word_1_215' title='bbox 2214 622 2393 692; x_wconf 77' lang='grc' dir='ltr'>ἄστρα</span> <span class='ocrx_word' id='word_1_216' title='bbox 2421 619 2514 672; x_wconf 82' lang='grc' dir='ltr'>τοῦ</span> <span class='ocrx_word' id='word_1_217' title='bbox 2543 620 2796 690; x_wconf 81' lang='grc' dir='ltr'>ούρανοῦ,</span> <span class='ocrx_word' id='word_1_218' title='bbox 2831 620 2883 672; x_wconf 80' lang='grc' dir='ltr'>οἱ</span> <span class='ocrx_word' id='word_1_219' title='bbox 2912 618 3194 688; x_wconf 83' lang='grc' dir='ltr'>δυσμενεῖς</span> <span class='ocrx_word' id='word_1_220' title='bbox 3231 619 3522 690; x_wconf 75' lang='grc' dir='ltr'>λήψονται.</span> 
     </span>
    </p>
   </div>
   <div class='ocr_carea' id='block_1_33' title="bbox 2195 708 3688 782">
    <p class='ocr_par' dir='ltr' id='par_1_33' title="bbox 2195 708 3688 782">
     <span class='ocr_line' id='line_1_33' title="bbox 2195 708 3688 782; baseline 0 -19"><span class='ocrx_word' id='word_1_221' title='bbox 2195 730 2215 763; x_wconf 76' lang='grc' dir='ltr'>ι</span> <span class='ocrx_word' id='word_1_222' title='bbox 2259 710 2502 782; x_wconf 81' lang='grc' dir='ltr'>Βροῦχος</span> <span class='ocrx_word' id='word_1_223' title='bbox 2533 709 2786 780; x_wconf 80' lang='grc' dir='ltr'>ὥρμησε,</span> <span class='ocrx_word' id='word_1_224' title='bbox 2847 709 2941 763; x_wconf 81' lang='grc' dir='ltr'>καὶ</span> <span class='ocrx_word' id='word_1_225' title='bbox 2988 708 3346 780; x_wconf 77' lang='grc' dir='ltr'>ὲξεπετάσθη.</span> <span class='ocrx_word' id='word_1_226' title='bbox 3400 708 3539 777; x_wconf 72' lang='grc' dir='ltr'>(ιζ’.)</span> <span class='ocrx_word' id='word_1_227' title='bbox 3585 711 3688 774; x_wconf 82' lang='grc' dir='ltr'>Ἐξ-</span> 
     </span>
    </p>
   </div>
   <div class='ocr_carea' id='block_1_34' title="bbox 2116 799 3688 874">
    <p class='ocr_par' dir='ltr' id='par_1_34' title="bbox 2116 799 3688 874">
     <span class='ocr_line' id='line_1_34' title="bbox 2116 799 3688 874; baseline 0.001 -18"><span class='ocrx_word' id='word_1_228' title='bbox 2116 803 2281 874; x_wconf 84' lang='grc' dir='ltr'>ήλατο</span> <span class='ocrx_word' id='word_1_229' title='bbox 2306 803 2381 866; x_wconf 85' lang='grc' dir='ltr'>ὡς</span> <span class='ocrx_word' id='word_1_230' title='bbox 2403 800 2693 863; x_wconf 76' lang='grc' dir='ltr'>ἀττέλαὸος</span> <span class='ocrx_word' id='word_1_231' title='bbox 2717 801 2759 832; x_wconf 81' lang='grc'>¹⁰</span> <span class='ocrx_word' id='word_1_232' title='bbox 2781 800 2810 852; x_wconf 81' lang='grc' dir='ltr'>ὁ</span> <span class='ocrx_word' id='word_1_233' title='bbox 2836 799 2898 852; x_wconf 90' lang='grc' dir='ltr'>σύ</span> <span class='ocrx_word' id='word_1_234' title='bbox 2907 799 3143 870; x_wconf 87' lang='grc' dir='ltr'>μμικτός</span> <span class='ocrx_word' id='word_1_235' title='bbox 3165 818 3279 864; x_wconf 85' lang='grc' dir='ltr'>σου,</span> <span class='ocrx_word' id='word_1_236' title='bbox 3296 801 3372 864; x_wconf 83' lang='grc' dir='ltr'>ὡς</span> <span class='ocrx_word' id='word_1_237' title='bbox 3396 800 3560 874; x_wconf 80' lang='grc' dir='ltr'>ἁκρὶς</span> <span class='ocrx_word' id='word_1_238' title='bbox 3583 804 3688 856; x_wconf 76' lang='grc' dir='ltr'>ἑπι-</span> 
     </span>
    </p>
   </div>
   <div class='ocr_carea' id='block_1_35' title="bbox 2115 891 3689 966">
    <p class='ocr_par' dir='ltr' id='par_1_35' title="bbox 2115 891 3689 966">
     <span class='ocr_line' id='line_1_35' title="bbox 2115 891 3689 966; baseline 0 -19"><span class='ocrx_word' id='word_1_239' title='bbox 2115 894 2382 966; x_wconf 80' lang='grc' dir='ltr'>6ε6ηκυία</span> <span class='ocrx_word' id='word_1_240' title='bbox 2426 895 2522 947; x_wconf 71' lang='grc' dir='ltr'>ἐπὶ</span> <span class='ocrx_word' id='word_1_241' title='bbox 2557 891 2811 965; x_wconf 74' lang='grc' dir='ltr'>φραγμὸν</span> <span class='ocrx_word' id='word_1_242' title='bbox 2855 894 2916 945; x_wconf 83' lang='grc' dir='ltr'>ἐν</span> <span class='ocrx_word' id='word_1_243' title='bbox 2959 891 3144 964; x_wconf 77' lang='grc' dir='ltr'>ἡμέρᾳ</span> <span class='ocrx_word' id='word_1_244' title='bbox 3187 895 3438 963; x_wconf 68' lang='grc' dir='ltr'>πάγουςο</span> <span class='ocrx_word' id='word_1_245' title='bbox 3472 897 3504 949; x_wconf 81' lang='grc' dir='ltr'>ό</span> <span class='ocrx_word' id='word_1_246' title='bbox 3549 896 3689 966; x_wconf 78' lang='grc' dir='ltr'>ἥλιος</span> 
     </span>
    </p>
   </div>
   <div class='ocr_carea' id='block_1_36' title="bbox 2115 982 3688 1055">
    <p class='ocr_par' dir='ltr' id='par_1_36' title="bbox 2115 982 3688 1055">
     <span class='ocr_line' id='line_1_36' title="bbox 2115 982 3688 1055; baseline 0 -18"><span class='ocrx_word' id='word_1_247' title='bbox 2115 983 2379 1048; x_wconf 78' lang='grc' dir='ltr'>ἀνέτειλε,</span> <span class='ocrx_word' id='word_1_248' title='bbox 2416 982 2511 1037; x_wconf 69' lang='grc' dir='ltr'>καὶ</span> <span class='ocrx_word' id='word_1_249' title='bbox 2544 982 2792 1053; x_wconf 78' lang='grc' dir='ltr'>ἀφήλατο</span> <span class='ocrx_word' id='word_1_250' title='bbox 2824 982 2892 1046; x_wconf 81' lang='grc'>¹⁰,</span> <span class='ocrx_word' id='word_1_251' title='bbox 2935 983 3031 1035; x_wconf 83' lang='grc' dir='ltr'>καὶ</span> <span class='ocrx_word' id='word_1_252' title='bbox 3064 984 3165 1037; x_wconf 78' lang='grc' dir='ltr'>οὐκ</span> <span class='ocrx_word' id='word_1_253' title='bbox 3198 983 3524 1055; x_wconf 73' lang='grc' dir='ltr'>ἐπεγνώσθη</span> <span class='ocrx_word' id='word_1_254' title='bbox 3552 987 3581 1039; x_wconf 83' lang='grc' dir='ltr'>ὁ</span> <span class='ocrx_word' id='word_1_255' title='bbox 3607 986 3688 1038; x_wconf 84' lang='grc' dir='ltr'>τό·</span> 
     </span>
    </p>
   </div>
   <div class='ocr_carea' id='block_1_37' title="bbox 2117 1073 3687 1147">
    <p class='ocr_par' dir='ltr' id='par_1_37' title="bbox 2117 1073 3687 1147">
     <span class='ocr_line' id='line_1_37' title="bbox 2117 1073 3687 1147; baseline 0 -18"><span class='ocrx_word' id='word_1_256' title='bbox 2117 1093 2217 1139; x_wconf 85' lang='grc' dir='ltr'>πος</span> <span class='ocrx_word' id='word_1_257' title='bbox 2258 1074 2427 1145; x_wconf 79' lang='grc' dir='ltr'>αὐτῆς</span> <span class='ocrx_word' id='word_1_258' title='bbox 2447 1075 2517 1127; x_wconf 77' lang='grc'>²¹.</span> <span class='ocrx_word' id='word_1_259' title='bbox 2573 1092 2592 1125; x_wconf 75' lang='grc' dir='ltr'>ι</span> <span class='ocrx_word' id='word_1_260' title='bbox 2643 1073 2916 1145; x_wconf 68' lang='grc' dir='ltr'>Καθάπερ</span> <span class='ocrx_word' id='word_1_261' title='bbox 2957 1075 3103 1146; x_wconf 80' lang='grc' dir='ltr'>γάρ,</span> <span class='ocrx_word' id='word_1_262' title='bbox 3145 1074 3334 1145; x_wconf 73' lang='grc' dir='ltr'>φησὶν,</span> <span class='ocrx_word' id='word_1_263' title='bbox 3383 1077 3549 1147; x_wconf 76' lang='grc' dir='ltr'>άκρὶς</span> <span class='ocrx_word' id='word_1_264' title='bbox 3603 1079 3687 1131; x_wconf 80' lang='grc' dir='ltr'>καὶ</span> 
     </span>
    </p>
   </div>
   <div class='ocr_carea' id='block_1_38' title="bbox 2116 1164 3688 1239">
    <p class='ocr_par' dir='ltr' id='par_1_38' title="bbox 2116 1164 3688 1239">
     <span class='ocr_line' id='line_1_38' title="bbox 2116 1164 3688 1239; baseline 0.001 -20"><span class='ocrx_word' id='word_1_265' title='bbox 2116 1166 2379 1237; x_wconf 79' lang='grc' dir='ltr'>βροῦχος,</span> <span class='ocrx_word' id='word_1_266' title='bbox 2432 1167 2527 1220; x_wconf 79' lang='grc' dir='ltr'>καὶ</span> <span class='ocrx_word' id='word_1_267' title='bbox 2569 1164 2638 1219; x_wconf 80' lang='grc' dir='ltr'>τὰ</span> <span class='ocrx_word' id='word_1_268' title='bbox 2682 1166 2895 1231; x_wconf 78' lang='grc' dir='ltr'>τούτοις</span> <span class='ocrx_word' id='word_1_269' title='bbox 2941 1167 3290 1238; x_wconf 76' lang='grc' dir='ltr'>προσόμοια,</span> <span class='ocrx_word' id='word_1_270' title='bbox 3343 1167 3540 1238; x_wconf 81' lang='grc' dir='ltr'>δρόσου</span> <span class='ocrx_word' id='word_1_271' title='bbox 3599 1169 3688 1239; x_wconf 79' lang='grc' dir='ltr'>μὲν</span> 
     </span>
    </p>
   </div>
   <div class='ocr_carea' id='block_1_39' title="bbox 2117 1254 3685 1332">
    <p class='ocr_par' dir='ltr' id='par_1_39' title="bbox 2117 1254 3685 1332">
     <span class='ocr_line' id='line_1_39' title="bbox 2117 1254 3685 1332; baseline 0.003 -22"><span class='ocrx_word' id='word_1_272' title='bbox 2117 1255 2475 1326; x_wconf 77' lang='grc' dir='ltr'>ἐπικειμένης</span> <span class='ocrx_word' id='word_1_273' title='bbox 2521 1254 2767 1323; x_wconf 77' lang='grc' dir='ltr'>ὲφιζάνει</span> <span class='ocrx_word' id='word_1_274' title='bbox 2816 1260 2928 1321; x_wconf 86' lang='grc' dir='ltr'>τοῖς</span> <span class='ocrx_word' id='word_1_275' title='bbox 2972 1257 3215 1328; x_wconf 79' lang='grc' dir='ltr'>Θάμνοις,</span> <span class='ocrx_word' id='word_1_276' title='bbox 3267 1260 3585 1330; x_wconf 77' lang='grc' dir='ltr'>άποπτῆναι</span> <span class='ocrx_word' id='word_1_277' title='bbox 3620 1264 3685 1332; x_wconf 71' lang='grc' dir='ltr'>μὴ</span> 
     </span>
    </p>
   </div>
   <div class='ocr_carea' id='block_1_40' title="bbox 2114 1347 3686 1420">
    <p class='ocr_par' dir='ltr' id='par_1_40' title="bbox 2114 1347 3686 1420">
     <span class='ocr_line' id='line_1_40' title="bbox 2114 1347 3686 1420; baseline 0.001 -19"><span class='ocrx_word' id='word_1_278' title='bbox 2114 1347 2421 1418; x_wconf 77' lang='grc' dir='ltr'>δυνάμεναο</span> <span class='ocrx_word' id='word_1_279' title='bbox 2474 1347 2573 1416; x_wconf 75' lang='grc' dir='ltr'>τῆς</span> <span class='ocrx_word' id='word_1_280' title='bbox 2613 1347 2671 1400; x_wconf 86' lang='grc' dir='ltr'>δὲ</span> <span class='ocrx_word' id='word_1_281' title='bbox 2719 1347 2951 1419; x_wconf 77' lang='grc' dir='ltr'>ἡλιακῆς</span> <span class='ocrx_word' id='word_1_282' title='bbox 2992 1348 3446 1420; x_wconf 82' lang='grc' dir='ltr'>προσϐαλλούσης</span> <span class='ocrx_word' id='word_1_283' title='bbox 3482 1352 3686 1416; x_wconf 80' lang='grc' dir='ltr'>ἀκτῖνος</span> 
     </span>
    </p>
   </div>
   <div class='ocr_carea' id='block_1_41' title="bbox 2115 1439 3687 1514">
    <p class='ocr_par' dir='ltr' id='par_1_41' title="bbox 2115 1439 3687 1514">
     <span class='ocr_line' id='line_1_41' title="bbox 2115 1439 3687 1514; baseline 0.001 -20"><span class='ocrx_word' id='word_1_284' title='bbox 2115 1439 2417 1504; x_wconf 84' lang='grc' dir='ltr'>ἀνίσταται,</span> <span class='ocrx_word' id='word_1_285' title='bbox 2461 1439 2554 1493; x_wconf 65' lang='grc' dir='ltr'>καὶ</span> <span class='ocrx_word' id='word_1_286' title='bbox 2589 1439 2886 1493; x_wconf 84' lang='grc' dir='ltr'>πετάννυσι</span> <span class='ocrx_word' id='word_1_287' title='bbox 2917 1439 2986 1493; x_wconf 75' lang='grc' dir='ltr'>τὰ</span> <span class='ocrx_word' id='word_1_288' title='bbox 3032 1440 3230 1512; x_wconf 77' lang='grc' dir='ltr'>πτερὰ,</span> <span class='ocrx_word' id='word_1_289' title='bbox 3261 1442 3360 1495; x_wconf 73' lang='grc' dir='ltr'>καὶ</span> <span class='ocrx_word' id='word_1_290' title='bbox 3402 1443 3484 1505; x_wconf 79' lang='grc' dir='ltr'>είς</span> <span class='ocrx_word' id='word_1_291' title='bbox 3513 1443 3687 1514; x_wconf 79' lang='grc' dir='ltr'>ἕτερον</span> 
     </span>
    </p>
   </div>
   <div class='ocr_carea' id='block_1_42' title="bbox 2119 1531 3684 1605">
    <p class='ocr_par' dir='ltr' id='par_1_42' title="bbox 2119 1531 3684 1605">
     <span class='ocr_line' id='line_1_42' title="bbox 2119 1531 3684 1605; baseline 0.001 -18"><span class='ocrx_word' id='word_1_292' title='bbox 2119 1532 2436 1605; x_wconf 79' lang='grc' dir='ltr'>μεταϐαίνει</span> <span class='ocrx_word' id='word_1_293' title='bbox 2473 1531 2667 1586; x_wconf 77' lang='grc' dir='ltr'>τόπονο</span> <span class='ocrx_word' id='word_1_294' title='bbox 2701 1531 2878 1596; x_wconf 70' lang='grc' dir='ltr'>οὓτως</span> <span class='ocrx_word' id='word_1_295' title='bbox 2907 1535 2954 1586; x_wconf 75' lang='grc' dir='ltr'>οἱ</span> <span class='ocrx_word' id='word_1_296' title='bbox 2993 1534 3072 1597; x_wconf 84' lang='grc' dir='ltr'>εἰς</span> <span class='ocrx_word' id='word_1_297' title='bbox 3106 1534 3438 1604; x_wconf 77' lang='grc' dir='ltr'>ἐπικουρίαν</span> <span class='ocrx_word' id='word_1_298' title='bbox 3471 1552 3567 1587; x_wconf 91' lang='grc' dir='ltr'>σου</span> <span class='ocrx_word' id='word_1_299' title='bbox 3593 1555 3684 1590; x_wconf 81' lang='grc' dir='ltr'>τια-</span> 
     </span>
    </p>
   </div>
   <div class='ocr_carea' id='block_1_43' title="bbox 2118 1623 3684 1701">
    <p class='ocr_par' dir='ltr' id='par_1_43' title="bbox 2118 1623 3684 1701">
     <span class='ocr_line' id='line_1_43' title="bbox 2118 1623 3684 1701; baseline 0.001 -22"><span class='ocrx_word' id='word_1_300' title='bbox 2118 1626 2491 1697; x_wconf 84' lang='grc' dir='ltr'>ραγενόμενοι,</span> <span class='ocrx_word' id='word_1_301' title='bbox 2517 1624 2625 1677; x_wconf 90' lang='grc' dir='ltr'>τῶν</span> <span class='ocrx_word' id='word_1_302' title='bbox 2650 1623 2926 1694; x_wconf 76' lang='grc' dir='ltr'>πολεμίων</span> <span class='ocrx_word' id='word_1_303' title='bbox 2948 1625 3051 1695; x_wconf 78' lang='grc' dir='ltr'>τὴν</span> <span class='ocrx_word' id='word_1_304' title='bbox 3081 1625 3391 1701; x_wconf 71' lang='grc' dir='ltr'>προσϐολὴν</span> <span class='ocrx_word' id='word_1_305' title='bbox 3423 1626 3684 1697; x_wconf 79' lang='grc' dir='ltr'>θεασάμε-</span> 
     </span>
    </p>
   </div>
   <div class='ocr_carea' id='block_1_44' title="bbox 2113 1715 3681 1789">
    <p class='ocr_par' dir='ltr' id='par_1_44' title="bbox 2113 1715 3681 1789">
     <span class='ocr_line' id='line_1_44' title="bbox 2113 1715 3681 1789; baseline -0.002 -16"><span class='ocrx_word' id='word_1_306' title='bbox 2113 1736 2216 1783; x_wconf 89' lang='grc' dir='ltr'>νοι,</span> <span class='ocrx_word' id='word_1_307' title='bbox 2247 1718 2345 1789; x_wconf 83' lang='grc' dir='ltr'>τῆς</span> <span class='ocrx_word' id='word_1_308' title='bbox 2375 1716 2526 1787; x_wconf 75' lang='grc' dir='ltr'>σφῶν</span> <span class='ocrx_word' id='word_1_309' title='bbox 2555 1717 2736 1771; x_wconf 78' lang='grc' dir='ltr'>αὐτῶν</span> <span class='ocrx_word' id='word_1_310' title='bbox 2757 1715 3031 1787; x_wconf 77' lang='grc' dir='ltr'>σωτηρίας</span> <span class='ocrx_word' id='word_1_311' title='bbox 3057 1716 3394 1788; x_wconf 79' lang='grc' dir='ltr'>φροντιοῦσι,</span> <span class='ocrx_word' id='word_1_312' title='bbox 3422 1719 3519 1772; x_wconf 79' lang='grc' dir='ltr'>καὶ</span> <span class='ocrx_word' id='word_1_313' title='bbox 3549 1721 3681 1789; x_wconf 72' lang='grc' dir='ltr'>φυγῇ</span> 
     </span>
    </p>
   </div>
   <div class='ocr_carea' id='block_1_45' title="bbox 2111 1802 3683 1882">
    <p class='ocr_par' dir='ltr' id='par_1_45' title="bbox 2111 1802 3683 1882">
     <span class='ocr_line' id='line_1_45' title="bbox 2111 1802 3683 1882; baseline 0.001 -21"><span class='ocrx_word' id='word_1_314' title='bbox 2111 1808 2473 1882; x_wconf 79' lang='grc' dir='ltr'>χρησάμενοι,</span> <span class='ocrx_word' id='word_1_315' title='bbox 2510 1807 2679 1878; x_wconf 67' lang='grc' dir='ltr'>μόνην</span> <span class='ocrx_word' id='word_1_316' title='bbox 2720 1823 2780 1859; x_wconf 83' lang='grc' dir='ltr'>σε</span> <span class='ocrx_word' id='word_1_317' title='bbox 2824 1806 3263 1877; x_wconf 72' lang='grc' dir='ltr'>καταλείψουσιν.</span> <span class='ocrx_word' id='word_1_318' title='bbox 3305 1802 3442 1861; x_wconf 84' lang='grc' dir='ltr'>Εἶτα</span> <span class='ocrx_word' id='word_1_319' title='bbox 3487 1826 3683 1879; x_wconf 75' lang='grc' dir='ltr'>συμπα-</span> 
     </span>
    </p>
   </div>
   <div class='ocr_carea' id='block_1_46' title="bbox 2113 1900 2385 1972">
    <p class='ocr_par' dir='ltr' id='par_1_46' title="bbox 2113 1900 2385 1972">
     <span class='ocr_line' id='line_1_46' title="bbox 2113 1900 2385 1972; baseline -0.007 -17"><span class='ocrx_word' id='word_1_320' title='bbox 2113 1900 2351 1972; x_wconf 83' lang='grc' dir='ltr'>οητικῶς</span> <span class='ocrx_word' id='word_1_321' title='bbox 2372 1916 2385 1930; x_wconf 82' lang='lat'><strong><em>°</em></strong></span> 
     </span>
    </p>
   </div>
   <div class='ocr_carea' id='block_1_47' title="bbox 2187 1986 3678 2063">
    <p class='ocr_par' dir='ltr' id='par_1_47' title="bbox 2187 1986 3678 2063">
     <span class='ocr_line' id='line_1_47' title="bbox 2187 1986 3678 2063; baseline -0.001 -18"><span class='ocrx_word' id='word_1_322' title='bbox 2187 2012 2206 2045; x_wconf 76' lang='grc' dir='ltr'>ι</span> <span class='ocrx_word' id='word_1_323' title='bbox 2242 1991 2378 2046; x_wconf 76' lang='grc' dir='ltr'>Οὐαὶ</span> <span class='ocrx_word' id='word_1_324' title='bbox 2414 1991 2636 2055; x_wconf 78' lang='grc' dir='ltr'>αὑτοῖςῑ</span> <span class='ocrx_word' id='word_1_325' title='bbox 2676 1989 2816 2063; x_wconf 83' lang='grc' dir='ltr'>(ιη’.)</span> <span class='ocrx_word' id='word_1_326' title='bbox 2859 1986 3185 2055; x_wconf 80' lang='grc' dir='ltr'>Ἑνύσταξαν</span> <span class='ocrx_word' id='word_1_327' title='bbox 3210 1990 3261 2043; x_wconf 81' lang='grc' dir='ltr'>οἱ</span> <span class='ocrx_word' id='word_1_328' title='bbox 3287 1990 3549 2060; x_wconf 78' lang='grc' dir='ltr'>ποιμένες</span> <span class='ocrx_word' id='word_1_329' title='bbox 3577 2007 3678 2053; x_wconf 87' lang='grc' dir='ltr'>σου,</span> 
     </span>
    </p>
   </div>
   <div class='ocr_carea' id='block_1_48' title="bbox 2115 2080 3677 2157">
    <p class='ocr_par' dir='ltr' id='par_1_48' title="bbox 2115 2080 3677 2157">
     <span class='ocr_line' id='line_1_48' title="bbox 2115 2080 3677 2157; baseline -0.003 -18"><span class='ocrx_word' id='word_1_330' title='bbox 2115 2084 2371 2157; x_wconf 80' lang='grc' dir='ltr'>βασιλεὺς</span> <span class='ocrx_word' id='word_1_331' title='bbox 2415 2081 2700 2155; x_wconf 78' lang='grc' dir='ltr'>Ἀσσύριος</span> <span class='ocrx_word' id='word_1_332' title='bbox 2722 2083 2767 2113; x_wconf 83' lang='grc'>²¹</span> <span class='ocrx_word' id='word_1_333' title='bbox 2801 2080 3049 2151; x_wconf 84' lang='grc' dir='ltr'>ὲκοίμισε</span> <span class='ocrx_word' id='word_1_334' title='bbox 3088 2082 3216 2146; x_wconf 78' lang='grc' dir='ltr'>τοὺς</span> <span class='ocrx_word' id='word_1_335' title='bbox 3246 2081 3525 2145; x_wconf 78' lang='grc' dir='ltr'>δυνάστας</span> <span class='ocrx_word' id='word_1_336' title='bbox 3565 2098 3677 2135; x_wconf 57' lang='grc' dir='ltr'>σαφ’</span> 
     </span>
    </p>
   </div>
   <div class='ocr_carea' id='block_1_49' title="bbox 2111 2169 3681 2249">
    <p class='ocr_par' dir='ltr' id='par_1_49' title="bbox 2111 2169 3681 2249">
     <span class='ocr_line' id='line_1_49' title="bbox 2111 2169 3681 2249; baseline -0.003 -15"><span class='ocrx_word' id='word_1_337' title='bbox 2111 2178 2327 2249; x_wconf 76' lang='grc' dir='ltr'>ἀπῆρεν</span> <span class='ocrx_word' id='word_1_338' title='bbox 2360 2178 2388 2231; x_wconf 84' lang='grc' dir='ltr'>ὁ</span> <span class='ocrx_word' id='word_1_339' title='bbox 2412 2176 2540 2240; x_wconf 85' lang='grc' dir='ltr'>λαός</span> <span class='ocrx_word' id='word_1_340' title='bbox 2576 2192 2670 2229; x_wconf 89' lang='grc' dir='ltr'>σου</span> <span class='ocrx_word' id='word_1_341' title='bbox 2721 2175 2814 2229; x_wconf 76' lang='grc' dir='ltr'>ἐπὶ</span> <span class='ocrx_word' id='word_1_342' title='bbox 2846 2174 2912 2228; x_wconf 81' lang='grc' dir='ltr'>τὰ</span> <span class='ocrx_word' id='word_1_343' title='bbox 2949 2174 3074 2245; x_wconf 80' lang='grc' dir='ltr'>ὅρη,</span> <span class='ocrx_word' id='word_1_344' title='bbox 3115 2175 3210 2228; x_wconf 78' lang='grc' dir='ltr'>καὶ</span> <span class='ocrx_word' id='word_1_345' title='bbox 3240 2175 3342 2227; x_wconf 83' lang='grc' dir='ltr'>οὐκ</span> <span class='ocrx_word' id='word_1_346' title='bbox 3386 2169 3458 2247; x_wconf 77' lang='grc' dir='ltr'>ἦν</span> <span class='ocrx_word' id='word_1_347' title='bbox 3485 2176 3514 2227; x_wconf 85' lang='grc' dir='ltr'>ὁ</span> <span class='ocrx_word' id='word_1_348' title='bbox 3545 2174 3681 2229; x_wconf 78' lang='grc' dir='ltr'>ἐκδε-</span> 
     </span>
    </p>
   </div>
   <div class='ocr_carea' id='block_1_50' title="bbox 2111 2264 3682 2341">
    <p class='ocr_par' dir='ltr' id='par_1_50' title="bbox 2111 2264 3682 2341">
     <span class='ocr_line' id='line_1_50' title="bbox 2111 2264 3682 2341; baseline -0.003 -19"><span class='ocrx_word' id='word_1_349' title='bbox 2111 2269 2359 2341; x_wconf 84' lang='grc' dir='ltr'>χόμενος.</span> <span class='ocrx_word' id='word_1_350' title='bbox 2398 2287 2418 2319; x_wconf 85' lang='grc'><strong>›</strong></span> <span class='ocrx_word' id='word_1_351' title='bbox 2454 2266 2565 2321; x_wconf 76' lang='grc' dir='ltr'>Καὶ</span> <span class='ocrx_word' id='word_1_352' title='bbox 2602 2267 2668 2319; x_wconf 87' lang='grc' dir='ltr'>ὲκ</span> <span class='ocrx_word' id='word_1_353' title='bbox 2700 2265 2908 2320; x_wconf 79' lang='grc' dir='ltr'>τούτων</span> <span class='ocrx_word' id='word_1_354' title='bbox 2936 2265 3117 2335; x_wconf 78' lang='grc' dir='ltr'>δῆλον,</span> <span class='ocrx_word' id='word_1_355' title='bbox 3158 2264 3234 2327; x_wconf 87' lang='grc' dir='ltr'>ὡς</span> <span class='ocrx_word' id='word_1_356' title='bbox 3265 2266 3361 2318; x_wconf 69' lang='grc' dir='ltr'>καὶ</span> <span class='ocrx_word' id='word_1_357' title='bbox 3393 2264 3488 2318; x_wconf 68' lang='grc' dir='ltr'>τὸν</span> <span class='ocrx_word' id='word_1_358' title='bbox 3520 2264 3682 2317; x_wconf 65' lang='grc' dir='ltr'>Βασσ-</span> 
     </span>
    </p>
   </div>
   <div class='ocr_carea' id='block_1_51' title="bbox 2111 2354 3680 2428">
    <p class='ocr_par' dir='ltr' id='par_1_51' title="bbox 2111 2354 3680 2428">
     <span class='ocr_line' id='line_1_51' title="bbox 2111 2354 3680 2428; baseline -0.003 -15"><span class='ocrx_word' id='word_1_359' title='bbox 2111 2360 2300 2413; x_wconf 79' lang='grc' dir='ltr'>λώνιον</span> <span class='ocrx_word' id='word_1_360' title='bbox 2346 2358 2670 2426; x_wconf 78' lang='grc' dir='ltr'>Ἀσσύριον</span> <span class='ocrx_word' id='word_1_361' title='bbox 2700 2359 2733 2428; x_wconf 78' lang='grc' dir='ltr'><strong>ἡ</strong></span> <span class='ocrx_word' id='word_1_362' title='bbox 2766 2356 2884 2410; x_wconf 85' lang='grc' dir='ltr'>θεία</span> <span class='ocrx_word' id='word_1_363' title='bbox 2917 2355 3317 2427; x_wconf 80' lang='grc' dir='ltr'>προσαγορεύει</span> <span class='ocrx_word' id='word_1_364' title='bbox 3346 2356 3560 2426; x_wconf 79' lang='grc' dir='ltr'>Γραφή.</span> <span class='ocrx_word' id='word_1_365' title='bbox 3594 2354 3680 2409; x_wconf 78' lang='grc' dir='ltr'>Οὖ-</span> 
     </span>
    </p>
   </div>
   <div class='ocr_carea' id='block_1_52' title="bbox 2110 2447 3681 2519">
    <p class='ocr_par' dir='ltr' id='par_1_52' title="bbox 2110 2447 3681 2519">
     <span class='ocr_line' id='line_1_52' title="bbox 2110 2447 3681 2519; baseline -0.005 -12"><span class='ocrx_word' id='word_1_366' title='bbox 2110 2473 2189 2507; x_wconf 86' lang='grc' dir='ltr'>τω</span> <span class='ocrx_word' id='word_1_367' title='bbox 2245 2452 2303 2506; x_wconf 82' lang='grc' dir='ltr'>δὲ</span> <span class='ocrx_word' id='word_1_368' title='bbox 2356 2451 2451 2505; x_wconf 72' lang='grc' dir='ltr'>καὶ</span> <span class='ocrx_word' id='word_1_369' title='bbox 2498 2451 2546 2503; x_wconf 87' lang='grc' dir='ltr'>οἱ</span> <span class='ocrx_word' id='word_1_370' title='bbox 2599 2448 2706 2513; x_wconf 76' lang='grc' dir='ltr'>ἔξω</span> <span class='ocrx_word' id='word_1_371' title='bbox 2742 2449 3080 2519; x_wconf 78' lang='grc' dir='ltr'>συγγραφεῖς</span> <span class='ocrx_word' id='word_1_372' title='bbox 3128 2447 3292 2501; x_wconf 77' lang='grc' dir='ltr'>αὐτὸν</span> <span class='ocrx_word' id='word_1_373' title='bbox 3339 2447 3681 2519; x_wconf 73' lang='grc' dir='ltr'>ὀνομάζουσι.</span> 
     </span>
    </p>
   </div>
   <div class='ocr_carea' id='block_1_53' title="bbox 2113 2537 3682 2613">
    <p class='ocr_par' dir='ltr' id='par_1_53' title="bbox 2113 2537 3682 2613">
     <span class='ocr_line' id='line_1_53' title="bbox 2113 2537 3682 2613; baseline -0.005 -16"><span class='ocrx_word' id='word_1_374' title='bbox 2113 2545 2250 2607; x_wconf 78' lang='grc' dir='ltr'>Τοὺς</span> <span class='ocrx_word' id='word_1_375' title='bbox 2299 2542 2396 2613; x_wconf 78' lang='grc' dir='ltr'>μὲν</span> <span class='ocrx_word' id='word_1_376' title='bbox 2427 2542 2535 2612; x_wconf 77' lang='grc' dir='ltr'>γὰρ</span> <span class='ocrx_word' id='word_1_377' title='bbox 2574 2540 2675 2610; x_wconf 76' lang='grc' dir='ltr'>τῆς</span> <span class='ocrx_word' id='word_1_378' title='bbox 2722 2538 2911 2592; x_wconf 74' lang='grc' dir='ltr'>Νινευῒ</span> <span class='ocrx_word' id='word_1_379' title='bbox 2957 2537 3211 2608; x_wconf 78' lang='grc' dir='ltr'>βασιλέας</span> <span class='ocrx_word' id='word_1_380' title='bbox 3243 2537 3352 2610; x_wconf 70' lang='grc' dir='ltr'>ἔφη</span> <span class='ocrx_word' id='word_1_381' title='bbox 3395 2539 3682 2605; x_wconf 77' lang='grc' dir='ltr'>νυστάξαι·</span> 
     </span>
    </p>
   </div>
   <div class='ocr_carea' id='block_1_54' title="bbox 2112 2629 3681 2704">
    <p class='ocr_par' dir='ltr' id='par_1_54' title="bbox 2112 2629 3681 2704">
     <span class='ocr_line' id='line_1_54' title="bbox 2112 2629 3681 2704; baseline -0.001 -14"><span class='ocrx_word' id='word_1_382' title='bbox 2112 2638 2309 2690; x_wconf 59' lang='grc' dir='ltr'><em>ὕπνον</em></span> <span class='ocrx_word' id='word_1_383' title='bbox 2335 2634 2390 2687; x_wconf 79' lang='grc' dir='ltr'>δὲ</span> <span class='ocrx_word' id='word_1_384' title='bbox 2414 2632 2505 2686; x_wconf 72' lang='grc' dir='ltr'>τὸν</span> <span class='ocrx_word' id='word_1_385' title='bbox 2533 2630 2764 2686; x_wconf 79' lang='grc' dir='ltr'>θάνατον</span> <span class='ocrx_word' id='word_1_386' title='bbox 2791 2630 3068 2702; x_wconf 76' lang='grc' dir='ltr'>ὀνομάζει.</span> <span class='ocrx_word' id='word_1_387' title='bbox 3101 2629 3257 2684; x_wconf 77' lang='grc' dir='ltr'>Οὕτω</span> <span class='ocrx_word' id='word_1_388' title='bbox 3286 2631 3397 2704; x_wconf 68' lang='grc' dir='ltr'>γάρ</span> <span class='ocrx_word' id='word_1_389' title='bbox 3422 2632 3571 2702; x_wconf 77' lang='grc' dir='ltr'>λέγει</span> <span class='ocrx_word' id='word_1_390' title='bbox 3592 2635 3681 2688; x_wconf 75' lang='grc' dir='ltr'>καὶ</span> 
     </span>
    </p>
   </div>
   <div class='ocr_carea' id='block_1_55' title="bbox 2111 2721 3686 2797">
    <p class='ocr_par' dir='ltr' id='par_1_55' title="bbox 2111 2721 3686 2797">
     <span class='ocr_line' id='line_1_55' title="bbox 2111 2721 3686 2797; baseline -0.002 -15"><span class='ocrx_word' id='word_1_391' title='bbox 2111 2730 2140 2782; x_wconf 89' lang='grc' dir='ltr'>ὁ</span> <span class='ocrx_word' id='word_1_392' title='bbox 2175 2725 2445 2797; x_wconf 82' lang='grc' dir='ltr'>μακάριος</span> <span class='ocrx_word' id='word_1_393' title='bbox 2480 2724 2645 2778; x_wconf 80' lang='grc' dir='ltr'>Δαϐίδ</span> <span class='ocrx_word' id='word_1_394' title='bbox 2664 2739 2678 2752; x_wconf 93' lang='grc'><strong>·</strong></span> <span class='ocrx_word' id='word_1_395' title='bbox 2722 2743 2741 2775; x_wconf 74' lang='grc' dir='ltr'>ι</span> <span class='ocrx_word' id='word_1_396' title='bbox 2796 2723 2929 2776; x_wconf 78' lang='grc' dir='ltr'>Ἀπὸ</span> <span class='ocrx_word' id='word_1_397' title='bbox 2956 2721 3329 2795; x_wconf 81' lang='grc' dir='ltr'>ὲπιτιμήσεώς</span> <span class='ocrx_word' id='word_1_398' title='bbox 3359 2741 3482 2789; x_wconf 80' lang='grc' dir='ltr'>σου,</span> <span class='ocrx_word' id='word_1_399' title='bbox 3508 2726 3536 2777; x_wconf 79' lang='grc' dir='ltr'><strong><em>ὁ</em></strong></span> <span class='ocrx_word' id='word_1_400' title='bbox 3560 2725 3686 2789; x_wconf 66' lang='grc' dir='ltr'>Θεὸς</span> 
     </span>
    </p>
   </div>
   <div class='ocr_carea' id='block_1_56' title="bbox 2127 2812 3682 2885">
    <p class='ocr_par' dir='ltr' id='par_1_56' title="bbox 2127 2812 3682 2885">
     <span class='ocr_line' id='line_1_56' title="bbox 2127 2812 3682 2885; baseline -0.001 -15"><span class='ocrx_word' id='word_1_401' title='bbox 2127 2814 2352 2878; x_wconf 78' lang='grc' dir='ltr'>Ἰακὼϐ,</span> <span class='ocrx_word' id='word_1_402' title='bbox 2410 2812 2711 2880; x_wconf 77' lang='grc' dir='ltr'>ἐνύσταξαν</span> <span class='ocrx_word' id='word_1_403' title='bbox 2753 2812 2802 2865; x_wconf 81' lang='grc' dir='ltr'>οἱ</span> <span class='ocrx_word' id='word_1_404' title='bbox 2836 2812 3237 2885; x_wconf 62' lang='grc' dir='ltr'>’ἐπιϐεϐηκότες</span> <span class='ocrx_word' id='word_1_405' title='bbox 3274 2815 3391 2875; x_wconf 84' lang='grc' dir='ltr'>τοῖς</span> <span class='ocrx_word' id='word_1_406' title='bbox 3426 2814 3635 2880; x_wconf 80' lang='grc' dir='ltr'>ἵπποις.</span> <span class='ocrx_word' id='word_1_407' title='bbox 3664 2835 3682 2868; x_wconf 78' lang='grc' dir='ltr'>ι</span> 
     </span>
    </p>
   </div>
   <div class='ocr_carea' id='block_1_57' title="bbox 2112 2900 3688 2976">
    <p class='ocr_par' dir='ltr' id='par_1_57' title="bbox 2112 2900 3688 2976">
     <span class='ocr_line' id='line_1_57' title="bbox 2112 2900 3688 2976; baseline 0.003 -21"><span class='ocrx_word' id='word_1_408' title='bbox 2112 2903 2348 2966; x_wconf 84' lang='grc' dir='ltr'>Τούτους</span> <span class='ocrx_word' id='word_1_409' title='bbox 2414 2901 2471 2954; x_wconf 84' lang='grc' dir='ltr'>δὲ</span> <span class='ocrx_word' id='word_1_410' title='bbox 2537 2902 2665 2964; x_wconf 80' lang='grc' dir='ltr'>τοὺς</span> <span class='ocrx_word' id='word_1_411' title='bbox 2731 2900 2986 2971; x_wconf 80' lang='grc' dir='ltr'>βασιλέας</span> <span class='ocrx_word' id='word_1_412' title='bbox 3060 2901 3397 2973; x_wconf 80' lang='grc' dir='ltr'>κοιμηθῆναι</span> <span class='ocrx_word' id='word_1_413' title='bbox 3467 2904 3688 2976; x_wconf 53' lang='grc' dir='ltr'>εἴρηκ’</span> 
     </span>
    </p>
   </div>
   <div class='ocr_carea' id='block_1_58' title="bbox 2119 2992 3682 3064">
    <p class='ocr_par' dir='ltr' id='par_1_58' title="bbox 2119 2992 3682 3064">
     <span class='ocr_line' id='line_1_58' title="bbox 2119 2992 3682 3064; baseline 0.002 -17"><span class='ocrx_word' id='word_1_414' title='bbox 2119 3014 2137 3047; x_wconf 79' lang='grc' dir='ltr'>ι</span> <span class='ocrx_word' id='word_1_415' title='bbox 2177 2994 2442 3057; x_wconf 80' lang='grc' dir='ltr'>Βασιλεὺς</span> <span class='ocrx_word' id='word_1_416' title='bbox 2480 2992 2768 3064; x_wconf 82' lang='grc' dir='ltr'>Ἀσσύριος</span> <span class='ocrx_word' id='word_1_417' title='bbox 2797 2993 3042 3063; x_wconf 76' lang='grc' dir='ltr'>ἐκοίμισε</span> <span class='ocrx_word' id='word_1_418' title='bbox 3063 2993 3187 3057; x_wconf 75' lang='grc' dir='ltr'>τοὺς</span> <span class='ocrx_word' id='word_1_419' title='bbox 3221 2993 3494 3060; x_wconf 76' lang='grc' dir='ltr'>δυνάστας</span> <span class='ocrx_word' id='word_1_420' title='bbox 3526 3013 3633 3050; x_wconf 88' lang='grc' dir='ltr'>σου.</span> <span class='ocrx_word' id='word_1_421' title='bbox 3663 3016 3682 3049; x_wconf 75' lang='grc' dir='ltr'>ι</span> 
     </span>
    </p>
   </div>
   <div class='ocr_carea' id='block_1_59' title="bbox 414 3083 2011 3163">
    <p class='ocr_par' dir='ltr' id='par_1_59' title="bbox 414 3090 2010 3163">
     <span class='ocr_line' id='line_1_59' title="bbox 414 3090 2010 3163; baseline 0.003 -19"><span class='ocrx_word' id='word_1_422' title='bbox 414 3097 673 3161; x_wconf 71' lang='lat' dir='ltr'><strong>arrepta,</strong></span> <span class='ocrx_word' id='word_1_423' title='bbox 696 3090 834 3146; x_wconf 88' lang='lat' dir='ltr'><strong>abiit</strong></span> <span class='ocrx_word' id='word_1_424' title='bbox 867 3092 1107 3163; x_wconf 88' lang='lat' dir='ltr'><strong>populus</strong></span> <span class='ocrx_word' id='word_1_425' title='bbox 1137 3097 1267 3146; x_wconf 92' lang='lat' dir='ltr'><strong>tuus</strong></span> <span class='ocrx_word' id='word_1_426' title='bbox 1300 3091 1356 3146; x_wconf 90' lang='lat' dir='ltr'>in</span> <span class='ocrx_word' id='word_1_427' title='bbox 1385 3100 1623 3157; x_wconf 84' lang='lat' dir='ltr'><strong>montes,</strong></span> <span class='ocrx_word' id='word_1_428' title='bbox 1652 3101 1705 3146; x_wconf 79' lang='lat' dir='ltr'>et</span> <span class='ocrx_word' id='word_1_429' title='bbox 1747 3108 1855 3148; x_wconf 88' lang='lat' dir='ltr'>non</span> <span class='ocrx_word' id='word_1_430' title='bbox 1890 3101 2010 3148; x_wconf 90' lang='lat' dir='ltr'><strong>erat</strong></span> 
     </span>
    </p>
   </div>
   <div class='ocr_carea' id='block_1_60' title="bbox 2119 3083 3691 3163">
    <p class='ocr_par' dir='ltr' id='par_1_60' title="bbox 2119 3083 3691 3155">
     <span class='ocr_line' id='line_1_60' title="bbox 2119 3083 3691 3155; baseline 0.001 -15"><span class='ocrx_word' id='word_1_431' title='bbox 2119 3085 2333 3141; x_wconf 85' lang='grc' dir='ltr'>Τούτων</span> <span class='ocrx_word' id='word_1_432' title='bbox 2356 3085 2413 3138; x_wconf 86' lang='grc' dir='ltr'>δὲ</span> <span class='ocrx_word' id='word_1_433' title='bbox 2440 3083 2837 3155; x_wconf 73' lang='grc' dir='ltr'>ἀναιρεθέντων</span> <span class='ocrx_word' id='word_1_434' title='bbox 2868 3085 3082 3155; x_wconf 80' lang='grc' dir='ltr'>ἀπῆρεν</span> <span class='ocrx_word' id='word_1_435' title='bbox 3119 3086 3147 3137; x_wconf 86' lang='grc' dir='ltr'><strong>ὁ</strong></span> <span class='ocrx_word' id='word_1_436' title='bbox 3184 3084 3312 3148; x_wconf 86' lang='grc' dir='ltr'>λαός</span> <span class='ocrx_word' id='word_1_437' title='bbox 3359 3102 3458 3139; x_wconf 85' lang='grc' dir='ltr'>σου</span> <span class='ocrx_word' id='word_1_438' title='bbox 3506 3089 3596 3140; x_wconf 81' lang='grc' dir='ltr'>ἐπὶ</span> <span class='ocrx_word' id='word_1_439' title='bbox 3628 3089 3691 3142; x_wconf 73' lang='grc' dir='ltr'>τὰ</span> 
     </span>
    </p>
   </div>
   <div class='ocr_carea' id='block_1_61' title="bbox 408 3157 2011 3256">
    <p class='ocr_par' dir='ltr' id='par_1_61' title="bbox 408 3157 2008 3256">
     <span class='ocr_line' id='line_1_61' title="bbox 408 3157 2008 3256; baseline 0.005 -23"><span class='ocrx_word' id='word_1_440' title='bbox 408 3182 516 3255; x_wconf 80' lang='lat' dir='ltr'><strong>.qui</strong></span> <span class='ocrx_word' id='word_1_441' title='bbox 549 3157 822 3254; x_wconf 79' lang='lat' dir='ltr'><strong>excipere,</strong></span> <span class='ocrx_word' id='word_1_442' title='bbox 867 3157 1054 3254; x_wconf 72' lang='lat' dir='ltr'><strong>neque</strong></span> <span class='ocrx_word' id='word_1_443' title='bbox 1083 3184 1178 3255; x_wconf 90' lang='lat' dir='ltr'>qui</span> <span class='ocrx_word' id='word_1_444' title='bbox 1228 3183 1487 3240; x_wconf 90' lang='lat' dir='ltr'><strong>resistere</strong></span> <span class='ocrx_word' id='word_1_445' title='bbox 1538 3192 1748 3256; x_wconf 88' lang='lat' dir='ltr'><strong>posset.</strong></span> <span class='ocrx_word' id='word_1_446' title='bbox 1801 3178 2008 3242; x_wconf 79' lang='lat' dir='ltr'><strong>Deinde</strong></span> 
     </span>
    </p>
   </div>
   <div class='ocr_carea' id='block_1_62' title="bbox 2119 3157 3691 3256">
    <p class='ocr_par' dir='ltr' id='par_1_62' title="bbox 2119 3171 3691 3251">
     <span class='ocr_line' id='line_1_62' title="bbox 2119 3171 3691 3251; baseline 0.001 -18"><span class='ocrx_word' id='word_1_447' title='bbox 2119 3179 2209 3251; x_wconf 80' lang='grc' dir='ltr'>5ρη</span> <span class='ocrx_word' id='word_1_448' title='bbox 2239 3179 2381 3249; x_wconf 83' lang='grc' dir='ltr'>φυγῇ</span> <span class='ocrx_word' id='word_1_449' title='bbox 2414 3175 2722 3247; x_wconf 77' lang='grc' dir='ltr'>χρώμενος,</span> <span class='ocrx_word' id='word_1_450' title='bbox 2756 3175 2849 3228; x_wconf 72' lang='grc' dir='ltr'>καὶ</span> <span class='ocrx_word' id='word_1_451' title='bbox 2881 3176 2982 3229; x_wconf 76' lang='grc' dir='ltr'>οὐκ</span> <span class='ocrx_word' id='word_1_452' title='bbox 3009 3171 3077 3247; x_wconf 80' lang='grc' dir='ltr'>ἦν</span> <span class='ocrx_word' id='word_1_453' title='bbox 3105 3178 3133 3230; x_wconf 88' lang='grc' dir='ltr'>ό</span> <span class='ocrx_word' id='word_1_454' title='bbox 3163 3177 3545 3249; x_wconf 77' lang='grc' dir='ltr'>ἐκδεχόμενος,</span> <span class='ocrx_word' id='word_1_455' title='bbox 3577 3180 3691 3234; x_wconf 61' lang='grc' dir='ltr'>οὑδὲ</span> 
     </span>
    </p>
   </div>
   <div class='ocr_carea' id='block_1_63' title="bbox 405 3272 1454 3335">
    <p class='ocr_par' dir='ltr' id='par_1_63' title="bbox 405 3272 1454 3335">
     <span class='ocr_line' id='line_1_63' title="bbox 405 3272 1454 3335; baseline 0.008 -10"><span class='ocrx_word' id='word_1_456' title='bbox 405 3272 567 3329; x_wconf 74' lang='grc' dir='ltr'>..ιυαιιι</span> <span class='ocrx_word' id='word_1_457' title='bbox 599 3273 931 3331; x_wconf 85' lang='lat' dir='ltr'><strong>insanabilia</strong></span> <span class='ocrx_word' id='word_1_458' title='bbox 957 3289 1081 3332; x_wconf 87' lang='lat' dir='ltr'><strong>esse</strong></span> <span class='ocrx_word' id='word_1_459' title='bbox 1106 3276 1407 3335; x_wconf 88' lang='lat' dir='ltr'><strong>ostendens</strong></span> <span class='ocrx_word' id='word_1_460' title='bbox 1439 3296 1454 3333; x_wconf 87' lang='lat'><strong>:</strong></span> 
     </span>
    </p>
   </div>
   <div class='ocr_carea' id='block_1_64' title="bbox 492 3443 2002 3506">
    <p class='ocr_par' dir='ltr' id='par_1_64' title="bbox 492 3443 2002 3506">
     <span class='ocr_line' id='line_1_64' title="bbox 492 3443 2002 3506; baseline 0.007 -11"><span class='ocrx_word' id='word_1_461' title='bbox 492 3443 660 3502; x_wconf 71' lang='lat' dir='ltr'><strong>Vens.</strong></span> <span class='ocrx_word' id='word_1_462' title='bbox 724 3444 812 3502; x_wconf 82' lang='grc'>19.</span> <span class='ocrx_word' id='word_1_463' title='bbox 878 3464 896 3497; x_wconf 80' lang='grc' dir='ltr'>ι</span> <span class='ocrx_word' id='word_1_464' title='bbox 922 3444 1043 3501; x_wconf 88' lang='lat' dir='ltr'><strong>Non</strong></span> <span class='ocrx_word' id='word_1_465' title='bbox 1071 3454 1157 3502; x_wconf 89' lang='lat' dir='ltr'>est</span> <span class='ocrx_word' id='word_1_466' title='bbox 1200 3447 1417 3504; x_wconf 86' lang='lat' dir='ltr'><strong>sanatio</strong></span> <span class='ocrx_word' id='word_1_467' title='bbox 1451 3448 1772 3506; x_wconf 86' lang='lat' dir='ltr'><strong>contritioui</strong></span> <span class='ocrx_word' id='word_1_468' title='bbox 1824 3457 1948 3506; x_wconf 63' lang='lat' dir='ltr'><strong>tute.</strong></span> <span class='ocrx_word' id='word_1_469' title='bbox 1984 3472 2002 3505; x_wconf 74' lang='grc' dir='ltr'>ι</span> 
     </span>
    </p>
   </div>
   <div class='ocr_carea' id='block_1_65' title="bbox 423 3535 2009 3613">
    <p class='ocr_par' dir='ltr' id='par_1_65' title="bbox 423 3535 2009 3613">
     <span class='ocr_line' id='line_1_65' title="bbox 423 3535 2009 3613; baseline 0.005 -21"><span class='ocrx_word' id='word_1_470' title='bbox 423 3535 560 3603; x_wconf 74' lang='lat' dir='ltr'><strong>Quia</strong></span> <span class='ocrx_word' id='word_1_471' title='bbox 601 3537 811 3608; x_wconf 88' lang='lat' dir='ltr'><strong>tropice</strong></span> <span class='ocrx_word' id='word_1_472' title='bbox 832 3538 1231 3595; x_wconf 82' lang='lat' dir='ltr'><strong>contritionem</strong></span> <span class='ocrx_word' id='word_1_473' title='bbox 1272 3547 1327 3595; x_wconf 91' lang='lat' dir='ltr'>et</span> <span class='ocrx_word' id='word_1_474' title='bbox 1361 3541 1652 3597; x_wconf 83' lang='lat' dir='ltr'><strong>sanitatem</strong></span> <span class='ocrx_word' id='word_1_475' title='bbox 1692 3544 1894 3613; x_wconf 89' lang='lat' dir='ltr'><strong>posuit,</strong></span> <span class='ocrx_word' id='word_1_476' title='bbox 1931 3545 2009 3600; x_wconf 89' lang='lat' dir='ltr'>si-</span> 
     </span>
    </p>
   </div>
   <div class='ocr_carea' id='block_1_66' title="bbox 424 3624 2010 3698">
    <p class='ocr_par' dir='ltr' id='par_1_66' title="bbox 424 3624 2010 3698">
     <span class='ocr_line' id='line_1_66' title="bbox 424 3624 2010 3698; baseline 0.006 -20"><span class='ocrx_word' id='word_1_477' title='bbox 424 3624 626 3680; x_wconf 84' lang='lat' dir='ltr'><strong>militer</strong></span> <span class='ocrx_word' id='word_1_478' title='bbox 661 3625 872 3681; x_wconf 88' lang='lat' dir='ltr'><strong>addidit</strong></span> <span class='ocrx_word' id='word_1_479' title='bbox 904 3643 920 3680; x_wconf 90' lang='lat'><strong>:</strong></span> <span class='ocrx_word' id='word_1_480' title='bbox 951 3645 970 3680; x_wconf 85' lang='grc' dir='ltr'>ι</span> <span class='ocrx_word' id='word_1_481' title='bbox 997 3625 1162 3698; x_wconf 83' lang='lat' dir='ltr'><strong>Plaga</strong></span> <span class='ocrx_word' id='word_1_482' title='bbox 1195 3634 1289 3684; x_wconf 90' lang='lat' dir='ltr'><strong>tua</strong></span> <span class='ocrx_word' id='word_1_483' title='bbox 1320 3629 1599 3685; x_wconf 88' lang='lat' dir='ltr'><strong>intumuit.</strong></span> <span class='ocrx_word' id='word_1_484' title='bbox 1637 3649 1657 3683; x_wconf 77' lang='grc' dir='ltr'>ι</span> <span class='ocrx_word' id='word_1_485' title='bbox 1689 3631 2010 3688; x_wconf 89' lang='lat' dir='ltr'><strong>lncurabili-</strong></span> 
     </span>
    </p>
   </div>
   <div class='ocr_carea' id='block_1_67' title="bbox 426 3706 2009 3794">
    <p class='ocr_par' dir='ltr' id='par_1_67' title="bbox 426 3706 2009 3794">
     <span class='ocr_line' id='line_1_67' title="bbox 426 3706 2009 3794; baseline 0.007 -22"><span class='ocrx_word' id='word_1_486' title='bbox 426 3719 547 3785; x_wconf 88' lang='lat' dir='ltr'><strong>bus,</strong></span> <span class='ocrx_word' id='word_1_487' title='bbox 579 3718 776 3789; x_wconf 89' lang='lat' dir='ltr'><strong>inquit,</strong></span> <span class='ocrx_word' id='word_1_488' title='bbox 810 3706 972 3775; x_wconf 87' lang='lat' dir='ltr'><strong>malis</strong></span> <span class='ocrx_word' id='word_1_489' title='bbox 1001 3721 1185 3775; x_wconf 88' lang='lat' dir='ltr'><strong>traditi</strong></span> <span class='ocrx_word' id='word_1_490' title='bbox 1212 3730 1365 3777; x_wconf 92' lang='lat' dir='ltr'><strong>sunt.</strong></span> <span class='ocrx_word' id='word_1_491' title='bbox 1403 3740 1421 3774; x_wconf 77' lang='grc' dir='ltr'>ι</span> <span class='ocrx_word' id='word_1_492' title='bbox 1445 3724 1650 3779; x_wconf 89' lang='lat' dir='ltr'><strong>Omnes</strong></span> <span class='ocrx_word' id='word_1_493' title='bbox 1678 3724 1772 3794; x_wconf 91' lang='lat' dir='ltr'>qui</span> <span class='ocrx_word' id='word_1_494' title='bbox 1825 3724 2009 3783; x_wconf 78' lang='lat' dir='ltr'><strong>audie-</strong></span> 
     </span>
    </p>
   </div>
   <div class='ocr_carea' id='block_1_68' title="bbox 413 3809 2006 3886">
    <p class='ocr_par' dir='ltr' id='par_1_68' title="bbox 413 3809 2006 3886">
     <span class='ocr_line' id='line_1_68' title="bbox 413 3809 2006 3886; baseline 0.005 -23"><span class='ocrx_word' id='word_1_495' title='bbox 413 3814 553 3863; x_wconf 61' lang='lat' dir='ltr'><strong>runt</strong></span> <span class='ocrx_word' id='word_1_496' title='bbox 580 3809 835 3863; x_wconf 91' lang='lat' dir='ltr'><strong>nuntium</strong></span> <span class='ocrx_word' id='word_1_497' title='bbox 887 3810 1362 3882; x_wconf 79' lang='lat' dir='ltr'><strong>tuum,plaudent</strong></span> <span class='ocrx_word' id='word_1_498' title='bbox 1413 3815 1670 3870; x_wconf 91' lang='lat' dir='ltr'><strong>manibus</strong></span> <span class='ocrx_word' id='word_1_499' title='bbox 1718 3830 1887 3886; x_wconf 88' lang='lat' dir='ltr'><strong>super</strong></span> <span class='ocrx_word' id='word_1_500' title='bbox 1934 3827 2006 3882; x_wconf 90' lang='lat' dir='ltr'>te,</span> 
     </span>
    </p>
   </div>
   <div class='ocr_carea' id='block_1_69' title="bbox 428 3899 2007 3969">
    <p class='ocr_par' dir='ltr' id='par_1_69' title="bbox 428 3899 2007 3969">
     <span class='ocr_line' id='line_1_69' title="bbox 428 3899 2007 3969; baseline 0.006 -20"><span class='ocrx_word' id='word_1_501' title='bbox 428 3913 594 3968; x_wconf 65' lang='lat' dir='ltr'><strong>super</strong></span> <span class='ocrx_word' id='word_1_502' title='bbox 626 3914 788 3969; x_wconf 87' lang='lat' dir='ltr'><strong>quem</strong></span> <span class='ocrx_word' id='word_1_503' title='bbox 847 3899 995 3954; x_wconf 90' lang='lat' dir='ltr'><strong>enim</strong></span> <span class='ocrx_word' id='word_1_504' title='bbox 1061 3915 1169 3955; x_wconf 92' lang='lat' dir='ltr'><strong>non</strong></span> <span class='ocrx_word' id='word_1_505' title='bbox 1225 3901 1455 3958; x_wconf 79' lang='lat' dir='ltr'><strong>intravit.</strong></span> <span class='ocrx_word' id='word_1_506' title='bbox 1479 3903 1686 3958; x_wconf 89' lang='lat' dir='ltr'><strong>malitia</strong></span> <span class='ocrx_word' id='word_1_507' title='bbox 1729 3915 1821 3959; x_wconf 89' lang='lat' dir='ltr'><strong>tua</strong></span> <span class='ocrx_word' id='word_1_508' title='bbox 1863 3919 2007 3961; x_wconf 89' lang='lat' dir='ltr'><strong>sem-</strong></span> 
     </span>
    </p>
   </div>
   <div class='ocr_carea' id='block_1_70' title="bbox 415 3970 2011 4065">
    <p class='ocr_par' dir='ltr' id='par_1_70' title="bbox 415 3970 2011 4065">
     <span class='ocr_line' id='line_1_70' title="bbox 415 3970 2011 4065; baseline 0.005 -21"><span class='ocrx_word' id='word_1_509' title='bbox 415 3990 612 4059; x_wconf 63' lang='lat' dir='ltr'><strong>per?»</strong></span> <span class='ocrx_word' id='word_1_510' title='bbox 650 3970 1045 4057; x_wconf 63' lang='lat' dir='ltr'><strong>Rec‘brdantés,</strong></span> <span class='ocrx_word' id='word_1_511' title='bbox 1096 3990 1314 4063; x_wconf 89' lang='lat' dir='ltr'><strong>inquit,</strong></span> <span class='ocrx_word' id='word_1_512' title='bbox 1375 4008 1566 4049; x_wconf 91' lang='lat' dir='ltr'><strong>eorum</strong></span> <span class='ocrx_word' id='word_1_513' title='bbox 1622 4010 1744 4065; x_wconf 66' lang='lat' dir='ltr'><strong>quae</strong></span> <span class='ocrx_word' id='word_1_514' title='bbox 1797 3996 1897 4052; x_wconf 89' lang='lat' dir='ltr'>abs</span> <span class='ocrx_word' id='word_1_515' title='bbox 1958 4006 2011 4052; x_wconf 93' lang='lat' dir='ltr'><strong>te</strong></span> 
     </span>
    </p>
   </div>
   <div class='ocr_carea' id='block_1_71' title="bbox 430 4080 2012 4155">
    <p class='ocr_par' dir='ltr' id='par_1_71' title="bbox 430 4080 2012 4155">
     <span class='ocr_line' id='line_1_71' title="bbox 430 4080 2012 4155; baseline 0.008 -23"><span class='ocrx_word' id='word_1_516' title='bbox 430 4080 580 4151; x_wconf 85' lang='lat' dir='ltr'><strong>passi</strong></span> <span class='ocrx_word' id='word_1_517' title='bbox 626 4091 778 4148; x_wconf 88' lang='lat' dir='ltr'><strong>sunt,</strong></span> <span class='ocrx_word' id='word_1_518' title='bbox 801 4080 1135 4155; x_wconf 79' lang='lat' dir='ltr'><strong>gaudebunt,</strong></span> <span class='ocrx_word' id='word_1_519' title='bbox 1170 4090 1223 4140; x_wconf 88' lang='lat' dir='ltr'>te</span> <span class='ocrx_word' id='word_1_520' title='bbox 1256 4084 1373 4141; x_wconf 69' lang='lat' dir='ltr'><strong>haec</strong></span> <span class='ocrx_word' id='word_1_521' title='bbox 1420 4086 1717 4153; x_wconf 88' lang='lat' dir='ltr'><strong>sustinere,</strong></span> <span class='ocrx_word' id='word_1_522' title='bbox 1753 4095 1808 4144; x_wconf 91' lang='lat' dir='ltr'><strong>et</strong></span> <span class='ocrx_word' id='word_1_523' title='bbox 1835 4088 2012 4144; x_wconf 86' lang='lat' dir='ltr'><strong>mani-</strong></span> 
     </span>
    </p>
   </div>
   <div class='ocr_carea' id='block_1_72' title="bbox 426 4170 2012 4251">
    <p class='ocr_par' dir='ltr' id='par_1_72' title="bbox 426 4170 2012 4251">
     <span class='ocr_line' id='line_1_72' title="bbox 426 4170 2012 4251; baseline 0.005 -21"><span class='ocrx_word' id='word_1_524' title='bbox 426 4175 531 4230; x_wconf 86' lang='lat' dir='ltr'><strong>bus</strong></span> <span class='ocrx_word' id='word_1_525' title='bbox 555 4172 838 4245; x_wconf 87' lang='lat' dir='ltr'><strong>plaudent.</strong></span> <span class='ocrx_word' id='word_1_526' title='bbox 863 4170 1000 4228; x_wconf 81' lang='lat' dir='ltr'>Cum</span> <span class='ocrx_word' id='word_1_527' title='bbox 1023 4188 1156 4246; x_wconf 84' lang='lat' dir='ltr'><strong>ergo</strong></span> <span class='ocrx_word' id='word_1_528' title='bbox 1209 4172 1422 4233; x_wconf 82' lang='lat' dir='ltr'><strong>Judicis</strong></span> <span class='ocrx_word' id='word_1_529' title='bbox 1443 4177 1764 4248; x_wconf 67' lang='lat' dir='ltr'><strong>aequitatem</strong></span> <span class='ocrx_word' id='word_1_530' title='bbox 1792 4195 2012 4251; x_wconf 86' lang='lat' dir='ltr'><strong>perspe-</strong></span> 
     </span>
    </p>
   </div>
   <div class='ocr_carea' id='block_1_73' title="bbox 426 4263 2006 4343">
    <p class='ocr_par' dir='ltr' id='par_1_73' title="bbox 426 4263 2006 4343">
     <span class='ocr_line' id='line_1_73' title="bbox 426 4263 2006 4343; baseline 0.005 -23"><span class='ocrx_word' id='word_1_531' title='bbox 426 4273 569 4321; x_wconf 88' lang='lat' dir='ltr'><strong>ctam</strong></span> <span class='ocrx_word' id='word_1_532' title='bbox 605 4266 924 4335; x_wconf 87' lang='lat' dir='ltr'><strong>habeamus,</strong></span> <span class='ocrx_word' id='word_1_533' title='bbox 955 4263 1224 4337; x_wconf 84' lang='lat' dir='ltr'><strong>judicium</strong></span> <span class='ocrx_word' id='word_1_534' title='bbox 1254 4269 1563 4336; x_wconf 89' lang='lat' dir='ltr'><strong>timeamus,</strong></span> <span class='ocrx_word' id='word_1_535' title='bbox 1606 4272 1662 4325; x_wconf 82' lang='lat' dir='ltr'>u&#39;t</span> <span class='ocrx_word' id='word_1_536' title='bbox 1692 4270 1817 4329; x_wconf 90' lang='lat' dir='ltr'><strong>inde</strong></span> <span class='ocrx_word' id='word_1_537' title='bbox 1845 4273 2006 4343; x_wconf 85' lang='lat' dir='ltr'><strong>prod-</strong></span> 
     </span>
    </p>
   </div>
   <div class='ocr_carea' id='block_1_74' title="bbox 427 4358 2013 4432">
    <p class='ocr_par' dir='ltr' id='par_1_74' title="bbox 427 4358 2013 4432">
     <span class='ocr_line' id='line_1_74' title="bbox 427 4358 2013 4432; baseline 0.003 -18"><span class='ocrx_word' id='word_1_538' title='bbox 427 4365 648 4414; x_wconf 87' lang='lat' dir='ltr'><strong>euntem</strong></span> <span class='ocrx_word' id='word_1_539' title='bbox 692 4367 886 4414; x_wconf 89' lang='lat' dir='ltr'><strong>contra</strong></span> <span class='ocrx_word' id='word_1_540' title='bbox 939 4358 1128 4429; x_wconf 90' lang='lat' dir='ltr'><strong>inique</strong></span> <span class='ocrx_word' id='word_1_541' title='bbox 1168 4368 1393 4432; x_wconf 74' lang='lat' dir='ltr'><strong>agentes</strong></span> <span class='ocrx_word' id='word_1_542' title='bbox 1424 4358 1746 4432; x_wconf 78' lang='lat' dir='ltr'><strong>ed‘ugiamus</strong></span> <span class='ocrx_word' id='word_1_543' title='bbox 1793 4371 2013 4420; x_wconf 89' lang='lat' dir='ltr'><strong>senten-</strong></span> 
     </span>
    </p>
   </div>
   <div class='ocr_carea' id='block_1_75' title="bbox 2110 3262 3692 3341">
    <p class='ocr_par' dir='ltr' id='par_1_75' title="bbox 2110 3262 3692 3341">
     <span class='ocr_line' id='line_1_75' title="bbox 2110 3262 3692 3341; baseline 0.001 -17"><span class='ocrx_word' id='word_1_544' title='bbox 2110 3270 2425 3340; x_wconf 76' lang='grc' dir='ltr'>ἀντιστῆναι</span> <span class='ocrx_word' id='word_1_545' title='bbox 2454 3268 2770 3339; x_wconf 80' lang='grc' dir='ltr'>δυνάμενος.</span> <span class='ocrx_word' id='word_1_546' title='bbox 2800 3262 2934 3322; x_wconf 83' lang='grc' dir='ltr'>Εἶτα</span> <span class='ocrx_word' id='word_1_547' title='bbox 2956 3268 3018 3322; x_wconf 75' lang='grc' dir='ltr'>τὸ</span> <span class='ocrx_word' id='word_1_548' title='bbox 3046 3268 3343 3341; x_wconf 77' lang='grc' dir='ltr'>ἀνήκεστον</span> <span class='ocrx_word' id='word_1_549' title='bbox 3371 3271 3488 3324; x_wconf 85' lang='grc' dir='ltr'>τῶν</span> <span class='ocrx_word' id='word_1_550' title='bbox 3511 3271 3692 3326; x_wconf 88' lang='grc' dir='ltr'>κακῶν</span> 
     </span>
    </p>
   </div>
   <div class='ocr_carea' id='block_1_76' title="bbox 2109 3361 2540 3435">
    <p class='ocr_par' dir='ltr' id='par_1_76' title="bbox 2109 3361 2540 3435">
     <span class='ocr_line' id='line_1_76' title="bbox 2109 3361 2540 3435; baseline -0.002 -19"><span class='ocrx_word' id='word_1_551' title='bbox 2109 3361 2505 3435; x_wconf 81' lang='grc' dir='ltr'>προσημαίνων</span> <span class='ocrx_word' id='word_1_552' title='bbox 2524 3377 2540 3391; x_wconf 88' lang='grc'><strong>·</strong></span> 
     </span>
    </p>
   </div>
   <div class='ocr_carea' id='block_1_77' title="bbox 2181 3453 3691 3527">
    <p class='ocr_par' dir='ltr' id='par_1_77' title="bbox 2181 3453 3691 3527">
     <span class='ocr_line' id='line_1_77' title="bbox 2181 3453 3691 3527; baseline 0 -18"><span class='ocrx_word' id='word_1_553' title='bbox 2181 3456 2265 3511; x_wconf 88' lang='grc' dir='ltr'>ιο’.</span> <span class='ocrx_word' id='word_1_554' title='bbox 2303 3474 2322 3509; x_wconf 83' lang='grc' dir='ltr'>ι</span> <span class='ocrx_word' id='word_1_555' title='bbox 2361 3455 2475 3509; x_wconf 77' lang='grc' dir='ltr'>Οὐκ</span> <span class='ocrx_word' id='word_1_556' title='bbox 2498 3453 2644 3508; x_wconf 77' lang='grc' dir='ltr'>ἔστιν</span> <span class='ocrx_word' id='word_1_557' title='bbox 2674 3453 2816 3518; x_wconf 74' lang='grc' dir='ltr'>ἴασις</span> <span class='ocrx_word' id='word_1_558' title='bbox 2854 3455 2920 3525; x_wconf 78' lang='grc' dir='ltr'>τῇ</span> <span class='ocrx_word' id='word_1_559' title='bbox 2961 3453 3220 3525; x_wconf 81' lang='grc' dir='ltr'>συντριϐῇ</span> <span class='ocrx_word' id='word_1_560' title='bbox 3245 3471 3363 3509; x_wconf 90' lang='grc' dir='ltr'>σου.</span> <span class='ocrx_word' id='word_1_561' title='bbox 3396 3474 3416 3507; x_wconf 73' lang='grc' dir='ltr'>ι</span> <span class='ocrx_word' id='word_1_562' title='bbox 3477 3455 3691 3527; x_wconf 78' lang='grc' dir='ltr'>Ἐπειδὴ</span> 
     </span>
    </p>
   </div>
   <div class='ocr_carea' id='block_1_78' title="bbox 2108 3544 3690 3618">
    <p class='ocr_par' dir='ltr' id='par_1_78' title="bbox 2108 3544 3690 3618">
     <span class='ocr_line' id='line_1_78' title="bbox 2108 3544 3690 3618; baseline -0.003 -16"><span class='ocrx_word' id='word_1_563' title='bbox 2108 3547 2387 3618; x_wconf 80' lang='grc' dir='ltr'>τροπικῶς</span> <span class='ocrx_word' id='word_1_564' title='bbox 2444 3546 2543 3617; x_wconf 82' lang='grc' dir='ltr'>τὴν</span> <span class='ocrx_word' id='word_1_565' title='bbox 2585 3545 2876 3617; x_wconf 77' lang='grc' dir='ltr'>συντριϐὴν</span> <span class='ocrx_word' id='word_1_566' title='bbox 2930 3544 3025 3598; x_wconf 80' lang='grc' dir='ltr'>καὶ</span> <span class='ocrx_word' id='word_1_567' title='bbox 3080 3544 3178 3615; x_wconf 79' lang='grc' dir='ltr'>τὴν</span> <span class='ocrx_word' id='word_1_568' title='bbox 3227 3545 3374 3599; x_wconf 79' lang='grc' dir='ltr'>ἴασιν</span> <span class='ocrx_word' id='word_1_569' title='bbox 3425 3545 3690 3606; x_wconf 81' lang='grc' dir='ltr'>τέθεικεν.</span> 
     </span>
    </p>
   </div>
   <div class='ocr_carea' id='block_1_79' title="bbox 2109 3636 3688 3709">
    <p class='ocr_par' dir='ltr' id='par_1_79' title="bbox 2109 3636 3688 3709">
     <span class='ocr_line' id='line_1_79' title="bbox 2109 3636 3688 3709; baseline -0.003 -17"><span class='ocrx_word' id='word_1_570' title='bbox 2109 3638 2367 3704; x_wconf 82' lang='grc' dir='ltr'>ὡσαύτως</span> <span class='ocrx_word' id='word_1_571' title='bbox 2389 3638 2666 3708; x_wconf 77' lang='grc' dir='ltr'>ἐπήγαγεν</span> <span class='ocrx_word' id='word_1_572' title='bbox 2689 3655 2703 3669; x_wconf 92' lang='grc'><strong>·</strong></span> <span class='ocrx_word' id='word_1_573' title='bbox 2742 3656 2760 3688; x_wconf 82' lang='grc' dir='ltr'>ι</span> <span class='ocrx_word' id='word_1_574' title='bbox 2805 3636 3176 3706; x_wconf 80' lang='grc' dir='ltr'>Ἐφλὲγμανεν</span> <span class='ocrx_word' id='word_1_575' title='bbox 3219 3637 3254 3707; x_wconf 86' lang='grc' dir='ltr'><strong>ἡ</strong></span> <span class='ocrx_word' id='word_1_576' title='bbox 3291 3637 3482 3709; x_wconf 84' lang='grc' dir='ltr'>πληγή</span> <span class='ocrx_word' id='word_1_577' title='bbox 3524 3656 3635 3691; x_wconf 81' lang='grc' dir='ltr'>σου.</span> <span class='ocrx_word' id='word_1_578' title='bbox 3670 3657 3688 3687; x_wconf 75' lang='grc'><strong>1</strong></span> 
     </span>
    </p>
   </div>
   <div class='ocr_carea' id='block_1_80' title="bbox 2123 3724 3694 3797">
    <p class='ocr_par' dir='ltr' id='par_1_80' title="bbox 2123 3724 3694 3797">
     <span class='ocr_line' id='line_1_80' title="bbox 2123 3724 3694 3797; baseline -0.001 -17"><span class='ocrx_word' id='word_1_579' title='bbox 2123 3727 2407 3792; x_wconf 84' lang='grc' dir='ltr'>Ἀνιάτοις,</span> <span class='ocrx_word' id='word_1_580' title='bbox 2433 3725 2589 3797; x_wconf 73' lang='grc' dir='ltr'>φησὶ,</span> <span class='ocrx_word' id='word_1_581' title='bbox 2615 3724 2994 3797; x_wconf 80' lang='grc' dir='ltr'>παρεδόθησαν</span> <span class='ocrx_word' id='word_1_582' title='bbox 3035 3725 3082 3758; x_wconf 75' lang='grc'>’³</span> <span class='ocrx_word' id='word_1_583' title='bbox 3116 3727 3329 3789; x_wconf 77' lang='grc' dir='ltr'>κακοῖς.</span> <span class='ocrx_word' id='word_1_584' title='bbox 3361 3746 3381 3778; x_wconf 78' lang='grc' dir='ltr'>ι</span> <span class='ocrx_word' id='word_1_585' title='bbox 3425 3728 3631 3791; x_wconf 86' lang='grc' dir='ltr'>Πάντες</span> <span class='ocrx_word' id='word_1_586' title='bbox 3646 3729 3694 3780; x_wconf 87' lang='grc' dir='ltr'>οξ</span> 
     </span>
    </p>
   </div>
   <div class='ocr_carea' id='block_1_81' title="bbox 2110 3815 3696 3888">
    <p class='ocr_par' dir='ltr' id='par_1_81' title="bbox 2110 3815 3696 3888">
     <span class='ocr_line' id='line_1_81' title="bbox 2110 3815 3696 3888; baseline -0.001 -17"><span class='ocrx_word' id='word_1_587' title='bbox 2110 3817 2441 3880; x_wconf 82' lang='grc' dir='ltr'>ἀκούσαντες</span> <span class='ocrx_word' id='word_1_588' title='bbox 2468 3815 2567 3888; x_wconf 79' lang='grc' dir='ltr'>τὴν</span> <span class='ocrx_word' id='word_1_589' title='bbox 2597 3815 2861 3885; x_wconf 82' lang='grc' dir='ltr'>ἀγγελίαν</span> <span class='ocrx_word' id='word_1_590' title='bbox 2893 3832 3010 3882; x_wconf 91' lang='grc' dir='ltr'>σου,</span> <span class='ocrx_word' id='word_1_591' title='bbox 3037 3819 3367 3886; x_wconf 79' lang='grc' dir='ltr'>κροτήσουσι</span> <span class='ocrx_word' id='word_1_592' title='bbox 3394 3819 3588 3887; x_wconf 86' lang='grc' dir='ltr'>χεῖρας</span> <span class='ocrx_word' id='word_1_593' title='bbox 3604 3816 3696 3869; x_wconf 72' lang='grc' dir='ltr'>ἐπὶ</span> 
     </span>
    </p>
   </div>
   <div class='ocr_carea' id='block_1_82' title="bbox 2113 3902 3691 3978">
    <p class='ocr_par' dir='ltr' id='par_1_82' title="bbox 2113 3902 3691 3978">
     <span class='ocr_line' id='line_1_82' title="bbox 2113 3902 3691 3978; baseline -0.004 -16"><span class='ocrx_word' id='word_1_594' title='bbox 2113 3908 2194 3969; x_wconf 80' lang='grc' dir='ltr'>σὲ,</span> <span class='ocrx_word' id='word_1_595' title='bbox 2215 3908 2349 3962; x_wconf 82' lang='grc' dir='ltr'>διότι</span> <span class='ocrx_word' id='word_1_596' title='bbox 2365 3908 2459 3962; x_wconf 75' lang='grc' dir='ltr'>ἐπὶ</span> <span class='ocrx_word' id='word_1_597' title='bbox 2472 3907 2594 3962; x_wconf 86' lang='grc' dir='ltr'>τίνα</span> <span class='ocrx_word' id='word_1_598' title='bbox 2612 3907 2710 3960; x_wconf 84' lang='grc' dir='ltr'>οὐκ</span> <span class='ocrx_word' id='word_1_599' title='bbox 2727 3902 2889 3978; x_wconf 79' lang='grc' dir='ltr'>ἦλθεν</span> <span class='ocrx_word' id='word_1_600' title='bbox 2905 3904 2952 3936; x_wconf 59' lang='grc'>’⁸</span> <span class='ocrx_word' id='word_1_601' title='bbox 2971 3907 3006 3976; x_wconf 87' lang='grc' dir='ltr'>ή</span> <span class='ocrx_word' id='word_1_602' title='bbox 3028 3905 3194 3959; x_wconf 84' lang='grc' dir='ltr'>κακία</span> <span class='ocrx_word' id='word_1_603' title='bbox 3216 3923 3308 3959; x_wconf 87' lang='grc' dir='ltr'>σου</span> <span class='ocrx_word' id='word_1_604' title='bbox 3328 3907 3623 3970; x_wconf 78' lang='grc' dir='ltr'>διαπαντός</span> <span class='ocrx_word' id='word_1_605' title='bbox 3644 3924 3691 3973; x_wconf 72' lang='grc' dir='ltr'>;ι</span> 
     </span>
    </p>
   </div>
   <div class='ocr_carea' id='block_1_83' title="bbox 2124 3994 3696 4068">
    <p class='ocr_par' dir='ltr' id='par_1_83' title="bbox 2124 3994 3696 4068">
     <span class='ocr_line' id='line_1_83' title="bbox 2124 3994 3696 4068; baseline -0.002 -17"><span class='ocrx_word' id='word_1_606' title='bbox 2124 3995 2711 4068; x_wconf 81' lang='grc' dir='ltr'>Ἀναμιμνησκόμενοι,</span> <span class='ocrx_word' id='word_1_607' title='bbox 2744 3994 2900 4066; x_wconf 64' lang='grc' dir='ltr'>φησὶ,</span> <span class='ocrx_word' id='word_1_608' title='bbox 2943 3994 3051 4048; x_wconf 86' lang='grc' dir='ltr'>τῶν</span> <span class='ocrx_word' id='word_1_609' title='bbox 3103 3996 3183 4058; x_wconf 79' lang='grc' dir='ltr'>εις</span> <span class='ocrx_word' id='word_1_610' title='bbox 3222 3996 3426 4060; x_wconf 77' lang='grc' dir='ltr'>αὐτοὺς</span> <span class='ocrx_word' id='word_1_611' title='bbox 3455 3997 3563 4050; x_wconf 73' lang='grc' dir='ltr'>ὖπὸ</span> <span class='ocrx_word' id='word_1_612' title='bbox 3602 3996 3696 4049; x_wconf 74' lang='grc' dir='ltr'>σοῦ</span> 
     </span>
    </p>
   </div>
   <div class='ocr_carea' id='block_1_84' title="bbox 2110 4085 3697 4161">
    <p class='ocr_par' dir='ltr' id='par_1_84' title="bbox 2110 4085 3697 4161">
     <span class='ocr_line' id='line_1_84' title="bbox 2110 4085 3697 4161; baseline -0.001 -19"><span class='ocrx_word' id='word_1_613' title='bbox 2110 4089 2420 4161; x_wconf 79' lang='grc' dir='ltr'>γενομένων</span> <span class='ocrx_word' id='word_1_614' title='bbox 2440 4087 2650 4152; x_wconf 84' lang='grc' dir='ltr'>κακῶν,</span> <span class='ocrx_word' id='word_1_615' title='bbox 2673 4085 3077 4157; x_wconf 77' lang='grc' dir='ltr'>ὲφησθήσονταί</span> <span class='ocrx_word' id='word_1_616' title='bbox 3106 4102 3188 4139; x_wconf 82' lang='grc' dir='ltr'>σοι</span> <span class='ocrx_word' id='word_1_617' title='bbox 3208 4087 3388 4141; x_wconf 83' lang='grc' dir='ltr'>ταῦτα</span> <span class='ocrx_word' id='word_1_618' title='bbox 3420 4088 3697 4159; x_wconf 69' lang='grc' dir='ltr'>παθούσῃ,</span> 
     </span>
    </p>
   </div>
   <div class='ocr_carea' id='block_1_85' title="bbox 2111 4174 3701 4250">
    <p class='ocr_par' dir='ltr' id='par_1_85' title="bbox 2111 4174 3701 4250">
     <span class='ocr_line' id='line_1_85' title="bbox 2111 4174 3701 4250; baseline -0.001 -17"><span class='ocrx_word' id='word_1_619' title='bbox 2111 4179 2207 4234; x_wconf 70' lang='grc' dir='ltr'>καὶ</span> <span class='ocrx_word' id='word_1_620' title='bbox 2232 4179 2328 4242; x_wconf 80' lang='grc' dir='ltr'>τὰς</span> <span class='ocrx_word' id='word_1_621' title='bbox 2355 4180 2546 4250; x_wconf 75' lang='grc' dir='ltr'>χεῖρας</span> <span class='ocrx_word' id='word_1_622' title='bbox 2566 4178 2951 4248; x_wconf 81' lang='grc' dir='ltr'>κροτήσουσιν.</span> <span class='ocrx_word' id='word_1_623' title='bbox 2976 4174 3191 4239; x_wconf 84' lang='grc' dir='ltr'>Εἱδότες</span> <span class='ocrx_word' id='word_1_624' title='bbox 3224 4176 3411 4229; x_wconf 85' lang='grc' dir='ltr'>τοίνυν</span> <span class='ocrx_word' id='word_1_625' title='bbox 3431 4176 3535 4230; x_wconf 80' lang='grc' dir='ltr'>τοῦ</span> <span class='ocrx_word' id='word_1_626' title='bbox 3561 4178 3701 4248; x_wconf 76' lang='grc' dir='ltr'>Κρι-</span> 
     </span>
    </p>
   </div>
   <div class='ocr_carea' id='block_1_86' title="bbox 2110 4266 3702 4340">
    <p class='ocr_par' dir='ltr' id='par_1_86' title="bbox 2110 4266 3702 4340">
     <span class='ocr_line' id='line_1_86' title="bbox 2110 4266 3702 4340; baseline -0.003 -15"><span class='ocrx_word' id='word_1_627' title='bbox 2110 4271 2205 4325; x_wconf 83' lang='grc' dir='ltr'>τοῦ</span> <span class='ocrx_word' id='word_1_628' title='bbox 2244 4271 2303 4324; x_wconf 85' lang='grc' dir='ltr'>τὸ</span> <span class='ocrx_word' id='word_1_629' title='bbox 2326 4270 2556 4338; x_wconf 85' lang='grc' dir='ltr'>δίκαιον,</span> <span class='ocrx_word' id='word_1_630' title='bbox 2574 4269 2842 4339; x_wconf 86' lang='grc' dir='ltr'>δείσωμεν</span> <span class='ocrx_word' id='word_1_631' title='bbox 2867 4266 2929 4321; x_wconf 82' lang='grc' dir='ltr'>τὸ</span> <span class='ocrx_word' id='word_1_632' title='bbox 2968 4267 3274 4340; x_wconf 75' lang='grc' dir='ltr'>κριτήριον,</span> <span class='ocrx_word' id='word_1_633' title='bbox 3297 4267 3388 4322; x_wconf 84' lang='grc' dir='ltr'>ἴνα</span> <span class='ocrx_word' id='word_1_634' title='bbox 3422 4269 3529 4340; x_wconf 72' lang='grc' dir='ltr'>τὴν</span> <span class='ocrx_word' id='word_1_635' title='bbox 3555 4270 3702 4323; x_wconf 75' lang='grc' dir='ltr'>ἐκεῖ-</span> 
     </span>
    </p>
   </div>
   <div class='ocr_carea' id='block_1_87' title="bbox 2113 4357 3701 4433">
    <p class='ocr_par' dir='ltr' id='par_1_87' title="bbox 2113 4357 3701 4433">
     <span class='ocr_line' id='line_1_87' title="bbox 2113 4357 3701 4433; baseline -0.002 -17"><span class='ocrx_word' id='word_1_636' title='bbox 2113 4361 2204 4416; x_wconf 83' lang='grc' dir='ltr'>θεν</span> <span class='ocrx_word' id='word_1_637' title='bbox 2223 4361 2598 4433; x_wconf 76' lang='grc' dir='ltr'>ἐκφερομένην</span> <span class='ocrx_word' id='word_1_638' title='bbox 2616 4358 2758 4414; x_wconf 76' lang='grc' dir='ltr'>κατὰ</span> <span class='ocrx_word' id='word_1_639' title='bbox 2781 4359 2892 4412; x_wconf 86' lang='grc' dir='ltr'>τῶν</span> <span class='ocrx_word' id='word_1_640' title='bbox 2920 4357 3386 4430; x_wconf 88' lang='grc' dir='ltr'>παρανομούντων</span> <span class='ocrx_word' id='word_1_641' title='bbox 3414 4360 3701 4430; x_wconf 71' lang='grc' dir='ltr'>διαφύγω-</span> 
     </span>
    </p>
   </div>
   <div class='ocr_carea' id='block_1_88' title="bbox 429 4445 2011 4547">
    <p class='ocr_par' dir='ltr' id='par_1_88' title="bbox 429 4449 2011 4533">
     <span class='ocr_line' id='line_1_88' title="bbox 429 4449 2011 4533; baseline 0.004 -31"><span class='ocrx_word' id='word_1_642' title='bbox 429 4449 582 4512; x_wconf 89' lang='lat' dir='ltr'><strong>tiam,</strong></span> <span class='ocrx_word' id='word_1_643' title='bbox 628 4460 683 4504; x_wconf 92' lang='lat' dir='ltr'><strong>et</strong></span> <span class='ocrx_word' id='word_1_644' title='bbox 732 4450 891 4506; x_wconf 90' lang='lat' dir='ltr'><strong>bonis</strong></span> <span class='ocrx_word' id='word_1_645' title='bbox 938 4449 1158 4504; x_wconf 66' lang='lat' dir='ltr'><strong>aeternis</strong></span> <span class='ocrx_word' id='word_1_646' title='bbox 1227 4449 1477 4505; x_wconf 78' lang='lat' dir='ltr'><strong>fruamur</strong></span> <span class='ocrx_word' id='word_1_647' title='bbox 1508 4491 1523 4515; x_wconf 93' lang='lat'><strong>,</strong></span> <span class='ocrx_word' id='word_1_648' title='bbox 1584 4450 1920 4533; x_wconf 83' lang='lat' dir='ltr'><strong>benignitate</strong></span> <span class='ocrx_word' id='word_1_649' title='bbox 1958 4460 2011 4510; x_wconf 91' lang='lat' dir='ltr'>et</span> 
     </span>
    </p>
   </div>
   <div class='ocr_carea' id='block_1_89' title="bbox 2119 4445 3705 4547">
    <p class='ocr_par' dir='ltr' id='par_1_89' title="bbox 2119 4445 3705 4519">
     <span class='ocr_line' id='line_1_89' title="bbox 2119 4445 3705 4519; baseline 0 -18"><span class='ocrx_word' id='word_1_650' title='bbox 2119 4464 2217 4519; x_wconf 87' lang='grc' dir='ltr'>μεν</span> <span class='ocrx_word' id='word_1_651' title='bbox 2243 4447 2443 4518; x_wconf 76' lang='grc' dir='ltr'>ψῆφον,</span> <span class='ocrx_word' id='word_1_652' title='bbox 2473 4446 2699 4500; x_wconf 81' lang='grc' dir='ltr'>καὶτῶν</span> <span class='ocrx_word' id='word_1_653' title='bbox 2761 4445 2995 4500; x_wconf 76' lang='grc' dir='ltr'>αἰωνίων</span> <span class='ocrx_word' id='word_1_654' title='bbox 3026 4445 3434 4517; x_wconf 81' lang='grc' dir='ltr'>ἀπολαύσωμεν</span> <span class='ocrx_word' id='word_1_655' title='bbox 3472 4450 3705 4517; x_wconf 78' lang='grc' dir='ltr'>ἀγαθῶν</span> 
     </span>
    </p>
   </div>
   <div class='ocr_carea' id='block_1_90' title="bbox 426 4537 2002 4616">
    <p class='ocr_par' dir='ltr' id='par_1_90' title="bbox 426 4537 2002 4616">
     <span class='ocr_line' id='line_1_90' title="bbox 426 4537 2002 4616; baseline 0.004 -23"><span class='ocrx_word' id='word_1_656' title='bbox 426 4539 808 4595; x_wconf 82' lang='lat' dir='ltr'><strong>misericordia</strong></span> <span class='ocrx_word' id='word_1_657' title='bbox 865 4537 1081 4594; x_wconf 90' lang='lat' dir='ltr'><strong>Domini</strong></span> <span class='ocrx_word' id='word_1_658' title='bbox 1113 4541 1289 4596; x_wconf 90' lang='lat' dir='ltr'><strong>nostri</strong></span> <span class='ocrx_word' id='word_1_659' title='bbox 1337 4539 1467 4598; x_wconf 77' lang='lat' dir='ltr'><strong>Jesu</strong></span> <span class='ocrx_word' id='word_1_660' title='bbox 1504 4542 1732 4613; x_wconf 80' lang='lat' dir='ltr'><strong>Christi,</strong></span> <span class='ocrx_word' id='word_1_661' title='bbox 1763 4559 2002 4616; x_wconf 88' lang='lat' dir='ltr'><strong>quocum</strong></span> 
     </span>
    </p>
   </div>
   <div class='ocr_carea' id='block_1_91' title="bbox 428 4628 2012 4705">
    <p class='ocr_par' dir='ltr' id='par_1_91' title="bbox 428 4628 2012 4705">
     <span class='ocr_line' id='line_1_91' title="bbox 428 4628 2012 4705; baseline 0.005 -23"><span class='ocrx_word' id='word_1_662' title='bbox 428 4628 575 4685; x_wconf 89' lang='lat' dir='ltr'><strong>Patri</strong></span> <span class='ocrx_word' id='word_1_663' title='bbox 635 4629 804 4701; x_wconf 76' lang='lat' dir='ltr'><strong>gloria</strong></span> <span class='ocrx_word' id='word_1_664' title='bbox 836 4669 852 4695; x_wconf 92' lang='lat'><strong>,</strong></span> <span class='ocrx_word' id='word_1_665' title='bbox 912 4644 1021 4684; x_wconf 90' lang='lat' dir='ltr'>una</span> <span class='ocrx_word' id='word_1_666' title='bbox 1055 4645 1198 4698; x_wconf 76' lang='lat' dir='ltr'>cum</span> <span class='ocrx_word' id='word_1_667' title='bbox 1232 4643 1425 4689; x_wconf 88' lang='lat' dir='ltr'><strong>sancto</strong></span> <span class='ocrx_word' id='word_1_668' title='bbox 1464 4633 1705 4705; x_wconf 76' lang='lat' dir='ltr'><strong>Spiritu,</strong></span> <span class='ocrx_word' id='word_1_669' title='bbox 1762 4652 1909 4692; x_wconf 87' lang='lat' dir='ltr'><strong>nunc</strong></span> <span class='ocrx_word' id='word_1_670' title='bbox 1956 4645 2012 4691; x_wconf 85' lang='lat' dir='ltr'>et</span> 
     </span>
    </p>
   </div>
   <div class='ocr_carea' id='block_1_92' title="bbox 428 4719 1701 4790">
    <p class='ocr_par' dir='ltr' id='par_1_92' title="bbox 428 4719 1701 4790">
     <span class='ocr_line' id='line_1_92' title="bbox 428 4719 1701 4790; baseline 0.007 -17"><span class='ocrx_word' id='word_1_671' title='bbox 428 4732 663 4790; x_wconf 84' lang='lat' dir='ltr'><strong>semper,</strong></span> <span class='ocrx_word' id='word_1_672' title='bbox 704 4726 759 4775; x_wconf 89' lang='lat' dir='ltr'>et</span> <span class='ocrx_word' id='word_1_673' title='bbox 797 4719 855 4775; x_wconf 89' lang='lat' dir='ltr'>in</span> <span class='ocrx_word' id='word_1_674' title='bbox 887 4721 1089 4777; x_wconf 75' lang='lat' dir='ltr'><strong>saecula</strong></span> <span class='ocrx_word' id='word_1_675' title='bbox 1123 4724 1472 4782; x_wconf 70' lang='lat' dir='ltr'><strong>saeculorum.</strong></span> <span class='ocrx_word' id='word_1_676' title='bbox 1507 4727 1701 4782; x_wconf 78' lang='lat' dir='ltr'><strong>Amen.</strong></span> 
     </span>
    </p>
   </div>
   <div class='ocr_carea' id='block_1_93' title="bbox 502 4977 988 5048">
    <p class='ocr_par' dir='ltr' id='par_1_93' title="bbox 502 4977 988 5048">
     <span class='ocr_line' id='line_1_93' title="bbox 502 4977 988 5048; baseline 0.01 -16"><span class='ocrx_word' id='word_1_677' title='bbox 502 4986 528 5017; x_wconf 70' lang='grc' dir='ltr'>ε</span> <span class='ocrx_word' id='word_1_678' title='bbox 558 4977 705 5035; x_wconf 80' lang='lat' dir='ltr'><strong>Psal.</strong></span> <span class='ocrx_word' id='word_1_679' title='bbox 735 4999 899 5048; x_wconf 62' lang='grc' dir='ltr'>ωιτν,</span> <span class='ocrx_word' id='word_1_680' title='bbox 935 4987 988 5040; x_wconf 73' lang='lat'><strong>6.</strong></span> 
     </span>
    </p>
   </div>
   <div class='ocr_carea' id='block_1_94' title="bbox 2114 4535 3703 4612">
    <p class='ocr_par' dir='ltr' id='par_1_94' title="bbox 2114 4535 3703 4612">
     <span class='ocr_line' id='line_1_94' title="bbox 2114 4535 3703 4612; baseline 0.001 -20"><span class='ocrx_word' id='word_1_681' title='bbox 2114 4538 2298 4610; x_wconf 82' lang='grc' dir='ltr'>χάριτι</span> <span class='ocrx_word' id='word_1_682' title='bbox 2339 4538 2387 4571; x_wconf 73' lang='grc'>’⁸</span> <span class='ocrx_word' id='word_1_683' title='bbox 2415 4538 2509 4593; x_wconf 80' lang='grc' dir='ltr'>καὶ</span> <span class='ocrx_word' id='word_1_684' title='bbox 2537 4535 2918 4610; x_wconf 75' lang='grc' dir='ltr'>φιλανθρωπία</span> <span class='ocrx_word' id='word_1_685' title='bbox 2935 4536 3031 4591; x_wconf 79' lang='grc' dir='ltr'>τοῦ</span> <span class='ocrx_word' id='word_1_686' title='bbox 3066 4539 3273 4610; x_wconf 82' lang='grc' dir='ltr'>Κυρίου</span> <span class='ocrx_word' id='word_1_687' title='bbox 3301 4539 3464 4611; x_wconf 73' lang='grc' dir='ltr'>ἡμῶν</span> <span class='ocrx_word' id='word_1_688' title='bbox 3495 4540 3703 4612; x_wconf 73' lang='grc' dir='ltr'>Ἰησοῦ,</span> 
     </span>
    </p>
   </div>
   <div class='ocr_carea' id='block_1_95' title="bbox 2114 4621 3707 4704">
    <p class='ocr_par' dir='ltr' id='par_1_95' title="bbox 2114 4621 3707 4704">
     <span class='ocr_line' id='line_1_95' title="bbox 2114 4621 3707 4704; baseline 0.003 -22"><span class='ocrx_word' id='word_1_689' title='bbox 2114 4628 2376 4699; x_wconf 83' lang='grc' dir='ltr'>Χριστοῦ,</span> <span class='ocrx_word' id='word_1_690' title='bbox 2418 4628 2538 4700; x_wconf 81' lang='grc' dir='ltr'>μεθ’</span> <span class='ocrx_word' id='word_1_691' title='bbox 2565 4621 2627 4683; x_wconf 76' lang='grc' dir='ltr'>οὗ</span> <span class='ocrx_word' id='word_1_692' title='bbox 2668 4628 2744 4700; x_wconf 81' lang='grc' dir='ltr'>τῷ</span> <span class='ocrx_word' id='word_1_693' title='bbox 2790 4628 2968 4699; x_wconf 78' lang='grc' dir='ltr'>Πατρὶ</span> <span class='ocrx_word' id='word_1_694' title='bbox 2996 4629 3031 4700; x_wconf 83' lang='grc' dir='ltr'><strong>ἠ</strong></span> <span class='ocrx_word' id='word_1_695' title='bbox 3057 4627 3205 4696; x_wconf 83' lang='grc' dir='ltr'>δόξα,</span> <span class='ocrx_word' id='word_1_696' title='bbox 3272 4630 3374 4685; x_wconf 78' lang='grc' dir='ltr'>σὺν</span> <span class='ocrx_word' id='word_1_697' title='bbox 3425 4631 3510 4704; x_wconf 82' lang='grc' dir='ltr'>τῷ</span> <span class='ocrx_word' id='word_1_698' title='bbox 3557 4634 3707 4702; x_wconf 77' lang='grc' dir='ltr'>ἁγίῳ</span> 
     </span>
    </p>
   </div>
   <div class='ocr_carea' id='block_1_96' title="bbox 2117 4719 3709 4792">
    <p class='ocr_par' dir='ltr' id='par_1_96' title="bbox 2117 4719 3709 4792">
     <span class='ocr_line' id='line_1_96' title="bbox 2117 4719 3709 4792; baseline 0.004 -20"><span class='ocrx_word' id='word_1_699' title='bbox 2117 4719 2417 4792; x_wconf 86' lang='grc' dir='ltr'>Πνεύματι,</span> <span class='ocrx_word' id='word_1_700' title='bbox 2461 4719 2557 4776; x_wconf 81' lang='grc' dir='ltr'>νῦν</span> <span class='ocrx_word' id='word_1_701' title='bbox 2588 4720 2682 4776; x_wconf 72' lang='grc' dir='ltr'>καὶ</span> <span class='ocrx_word' id='word_1_702' title='bbox 2736 4719 2846 4788; x_wconf 72' lang='grc' dir='ltr'>ἀεὶ,</span> <span class='ocrx_word' id='word_1_703' title='bbox 2910 4720 3005 4774; x_wconf 80' lang='grc' dir='ltr'>καὶ</span> <span class='ocrx_word' id='word_1_704' title='bbox 3032 4720 3113 4785; x_wconf 82' lang='grc' dir='ltr'>είς</span> <span class='ocrx_word' id='word_1_705' title='bbox 3153 4721 3284 4787; x_wconf 75' lang='grc' dir='ltr'>τοὺς</span> <span class='ocrx_word' id='word_1_706' title='bbox 3331 4722 3549 4789; x_wconf 76' lang='grc' dir='ltr'>αἰῶνας</span> <span class='ocrx_word' id='word_1_707' title='bbox 3597 4724 3709 4778; x_wconf 78' lang='grc' dir='ltr'>τῶν</span> 
     </span>
    </p>
   </div>
   <div class='ocr_carea' id='block_1_97' title="bbox 2117 4810 2579 4882">
    <p class='ocr_par' dir='ltr' id='par_1_97' title="bbox 2117 4810 2579 4882">
     <span class='ocr_line' id='line_1_97' title="bbox 2117 4810 2579 4882; baseline 0.004 -19"><span class='ocrx_word' id='word_1_708' title='bbox 2117 4810 2348 4867; x_wconf 80' lang='grc' dir='ltr'>αἰώνων.</span> <span class='ocrx_word' id='word_1_709' title='bbox 2385 4811 2443 4865; x_wconf 83' lang='grc' dir='ltr'>’Δ</span> <span class='ocrx_word' id='word_1_710' title='bbox 2453 4811 2579 4882; x_wconf 80' lang='grc' dir='ltr'>μήν.</span> 
     </span>
    </p>
   </div>
   <div class='ocr_carea' id='block_1_98' title="bbox 1655 5146 2336 5206">
    <p class='ocr_par' dir='ltr' id='par_1_98' title="bbox 1655 5146 2336 5206">
     <span class='ocr_line' id='line_1_98' title="bbox 1655 5146 2336 5206; baseline -0.001 -1"><span class='ocrx_word' id='word_1_711' title='bbox 1655 5146 1897 5205; x_wconf 69' lang='lat' dir='ltr'>VARUS</span> <span class='ocrx_word' id='word_1_712' title='bbox 1936 5148 2336 5206; x_wconf 82' lang='lat' dir='ltr'>LECTIONES.</span> 
     </span>
    </p>
   </div>
   <div class='ocr_carea' id='block_1_99' title="bbox 534 5306 1009 5376">
    <p class='ocr_par' dir='ltr' id='par_1_99' title="bbox 534 5306 1009 5376">
     <span class='ocr_line' id='line_1_99' title="bbox 534 5306 1009 5376; baseline -0.008 -13"><span class='ocrx_word' id='word_1_713' title='bbox 534 5306 578 5340; x_wconf 81' lang='lat'>&quot;</span> <span class='ocrx_word' id='word_1_714' title='bbox 603 5309 722 5363; x_wconf 80' lang='grc' dir='ltr'>ἅττ.</span> <span class='ocrx_word' id='word_1_715' title='bbox 756 5307 835 5363; x_wconf 83' lang='lat' dir='ltr'><strong>ita</strong></span> <span class='ocrx_word' id='word_1_716' title='bbox 864 5320 1009 5376; x_wconf 88' lang='lat' dir='ltr'><strong>quoq</strong></span> 
     </span>
    </p>
   </div>
   <div class='ocr_carea' id='block_1_100' title="bbox 434 5373 1700 5451">
    <p class='ocr_par' dir='ltr' id='par_1_100' title="bbox 434 5373 1700 5451">
     <span class='ocr_line' id='line_1_100' title="bbox 434 5373 1700 5451; baseline -0.004 -19"><span class='ocrx_word' id='word_1_717' title='bbox 434 5378 623 5451; x_wconf 78' lang='grc' dir='ltr'>αὐτῆς.</span> <span class='ocrx_word' id='word_1_718' title='bbox 655 5377 702 5409; x_wconf 77' lang='grc'>⁸⁸</span> <span class='ocrx_word' id='word_1_719' title='bbox 735 5378 780 5434; x_wconf 82' lang='grc' dir='ltr'><strong>Δ</strong></span> <span class='ocrx_word' id='word_1_720' title='bbox 821 5373 1142 5447; x_wconf 79' lang='grc' dir='ltr'>Ἀσσυρίων.</span> <span class='ocrx_word' id='word_1_721' title='bbox 1229 5376 1275 5407; x_wconf 74' lang='grc'>’³</span> <span class='ocrx_word' id='word_1_722' title='bbox 1305 5374 1346 5425; x_wconf 70' lang='grc' dir='ltr'><strong>(Σ</strong></span> <span class='ocrx_word' id='word_1_723' title='bbox 1378 5373 1700 5444; x_wconf 77' lang='grc' dir='ltr'>παρεδόθης.</span> 
     </span>
    </p>
   </div>
   <div class='ocr_carea' id='block_1_101' title="bbox 1017 5303 3713 5381">
    <p class='ocr_par' dir='ltr' id='par_1_101' title="bbox 1017 5303 3713 5381">
     <span class='ocr_line' id='line_1_101' title="bbox 1017 5303 3713 5381; baseline 0.003 -24"><span class='ocrx_word' id='word_1_724' title='bbox 1017 5320 1085 5381; x_wconf 76' lang='lat' dir='ltr'>ne</span> <span class='ocrx_word' id='word_1_725' title='bbox 1130 5307 1196 5371; x_wconf 83' lang='lat' dir='ltr'>A,</span> <span class='ocrx_word' id='word_1_726' title='bbox 1230 5303 1351 5381; x_wconf 55' lang='lat' dir='ltr'>sed</span> <span class='ocrx_word' id='word_1_727' title='bbox 1379 5303 1440 5358; x_wconf 87' lang='lat' dir='ltr'><strong>C.</strong></span> <span class='ocrx_word' id='word_1_728' title='bbox 1494 5303 1806 5381; x_wconf 48' lang='grc' dir='ltr'>ιΞιςιςτ-ιὲλεϐος1</span> <span class='ocrx_word' id='word_1_729' title='bbox 1861 5305 1908 5381; x_wconf 29' lang='grc' dir='ltr'>²Π⁰</span> <span class='ocrx_word' id='word_1_730' title='bbox 1942 5305 2216 5381; x_wconf 19' lang='lat' dir='ltr'><strong>agitato.</strong></span> <span class='ocrx_word' id='word_1_731' title='bbox 2248 5304 2325 5381; x_wconf 51' lang='grc' dir='ltr'>[εἷς</span> <span class='ocrx_word' id='word_1_732' title='bbox 2379 5306 2425 5381; x_wconf 85' lang='lat' dir='ltr'>A_</span> <span class='ocrx_word' id='word_1_733' title='bbox 2483 5316 2549 5381; x_wconf 69' lang='lat' dir='ltr'>et</span> <span class='ocrx_word' id='word_1_734' title='bbox 2590 5307 2633 5363; x_wconf 87' lang='lat' dir='ltr'><strong><em>C</em></strong></span> <span class='ocrx_word' id='word_1_735' title='bbox 2662 5309 2844 5379; x_wconf 88' lang='lat' dir='ltr'><strong>suppl.</strong></span> <span class='ocrx_word' id='word_1_736' title='bbox 2907 5310 2952 5341; x_wconf 81' lang='lat'>“</span> <span class='ocrx_word' id='word_1_737' title='bbox 3010 5312 3048 5365; x_wconf 65' lang='grc' dir='ltr'><strong>Α</strong></span> <span class='ocrx_word' id='word_1_738' title='bbox 3083 5310 3189 5366; x_wconf 72' lang='grc' dir='ltr'>(οὐκ</span> <span class='ocrx_word' id='word_1_739' title='bbox 3238 5312 3382 5381; x_wconf 68' lang='grc' dir='ltr'>ἕγθω</span> <span class='ocrx_word' id='word_1_740' title='bbox 3412 5315 3507 5370; x_wconf 67' lang='grc' dir='ltr'>τδν</span> <span class='ocrx_word' id='word_1_741' title='bbox 3541 5332 3713 5371; x_wconf 67' lang='grc' dir='ltr'>’,οτι-ν</span> 
     </span>
    </p>
   </div>
   <div class='ocr_carea' id='block_1_102' title="bbox 1786 5375 2892 5448">
    <p class='ocr_par' dir='ltr' id='par_1_102' title="bbox 1786 5375 2892 5448">
     <span class='ocr_line' id='line_1_102' title="bbox 1786 5375 2892 5448; baseline 0.007 -22"><span class='ocrx_word' id='word_1_742' title='bbox 1786 5375 1831 5404; x_wconf 74' lang='grc'>’⁸</span> <span class='ocrx_word' id='word_1_743' title='bbox 1861 5375 1905 5428; x_wconf 82' lang='grc' dir='ltr'><strong>Α</strong></span> <span class='ocrx_word' id='word_1_744' title='bbox 1937 5375 2190 5445; x_wconf 79' lang='grc' dir='ltr'>ἐπῆλθεν.</span> <span class='ocrx_word' id='word_1_745' title='bbox 2276 5377 2321 5408; x_wconf 79' lang='grc'>’⁸</span> <span class='ocrx_word' id='word_1_746' title='bbox 2352 5378 2477 5448; x_wconf 82' lang='grc' dir='ltr'>χάρ.</span> <span class='ocrx_word' id='word_1_747' title='bbox 2512 5377 2552 5434; x_wconf 87' lang='lat' dir='ltr'>C</span> <span class='ocrx_word' id='word_1_748' title='bbox 2584 5375 2786 5448; x_wconf 73' lang='lat' dir='ltr'><strong>pra:th</strong></span> <span class='ocrx_word' id='word_1_749' title='bbox 2813 5381 2892 5434; x_wconf 82' lang='grc' dir='ltr'>ἐν.</span> 
     </span>
    </p>
   </div>
  </div>
