3904 6202
282 343 422 414 1809

1430 357 1513 420 ΙΝ
1541 358 1909 423 HABACUC.
1952 364 2368 429 PR.~EFATIO.

3404 380 3538 448 1810

494 514 3361 557 MM

597 668 945 803 ΤΟΥ
1048 661 1938 812 ΜΑΚΑΡΙΟΥ
2047 682 3224 907 ΘΕΟΔΩΡῌΤΟΥ

1568 911 1871 968 ΕΠΙΣΚΟΠ
1878 914 1968 969 ΟΥ
2008 915 2245 973 ΚΥΡυΥ

663 1068 1253 1225 ΕΡΜΗΝΕΙΑ
1327 1073 1501 1160 ΕΙΣ
1551 1076 1779 1162 TON
1827 1078 2459 1171 ΠΡῸΦΗΤΗΝ
2488 1079 3147 1185 ΑΜΒΑΚΟΥΜ-

912 1434 1489 1592 ΒΕΑΤΙ
1638 1446 1857 1596 ΤΗ

1962 1443 2899 1615 ΞΟΒΟΒΕΤΙ

1542 1710 1846 1769 ΕΡΙΞΟΟΡΙ
1909 1711 2255 1774 CYRENSIS

722 1881 1003 1970 INTE
1028 1883 1712 1982 RPRETATIO
1788 1890 2482 1985 PROPHETJE
2536 1893 3116 1993 HABACUC.

376 2276 379 2279 .
886 2232 1245 2290 ΥΠΟΘΕΣΙΣ.

346 2323 470 2377 Εἰσί
498 2341 662 2391 τινες,
690 2325 739 2377 οἳ
769 2324 963 2397 κομιδῇ
1008 2325 1420 2399 δυσχεραίνουσι
1449 2329 1575 2393 τοὺς
1606 2329 1852 2385 ἀδικοῦν-

265 2435 372 2483 τας
401 2417 806 2490 εὑημεροῦντας
874 2417 1174 2490 θεώμενοιο
1204 2422 1297 2474 καὶ
1340 2423 1387 2475 οί
1424 2422 1523 2494 μὲν
1576 2423 1853 2488 ἐνδυὰζου-

272 2528 361 2565 σιν
388 2512 436 2542 “
484 2512 532 2564 si
572 2509 941 2582 προμηθεῖται
993 2511 1103 2567 τῶν
1146 2513 1449 2585 ἀνθρώπων
1488 2518 1516 2569 6
1564 2515 1672 2570 τῶν
1716 2517 1854 2570 ὅλων

268 2601 442 2666 Θεός·
468 2603 517 2654 οἱ
544 2601 601 2653 δὲ
650 2601 965 2655 πιστεύουσι
1003 2603 1103 2672 μὲν
1145 2607 1257 2669 τοῖς
1314 2607 1439 2677 περὶ
1491 2607 1743 2678 προνοίας
1767 2608 1854 2661 λό-

269 2709 397 2759 γοις
417 2734 434 2759 ,
462 2691 801 2764 ἐπαποροῢσι
830 2693 887 2747 δὲ
935 2694 987 2747 τί
1032 2695 1232 2767 δήποτε
1264 2698 1450 2752 τοῦτον
1490 2700 1853 2770 οἰκονομεῖται

268 2784 369 2838 τὸν
400 2784 604 2856 τρόπον
630 2786 701 2839 τὰ
733 2786 1057 2858 πράγματα.
1104 2789 1321 2843 Τούτων
1355 2790 1463 2845 τῶν
1490 2790 1758 2863 δευτέρων
1795 2791 1857 2846 τὸ

272 2876 569 2946 πρόσωπον
591 2880 619 2931 6
647 2877 949 2949 θαυμάσιος
989 2881 1043 2933 Ἀ
1056 2880 1313 2951 μόακοῦμ
1342 2882 1370 2934 ὁ
1400 2883 1684 2954 προφήτης
1722 2883 1855 2939 ἀνα·

271 2968 481 3035 λαϐὼν,
508 2970 779 3042 ἑπαπορεῖ
836 2972 959 3042 μὲν,
998 2972 1069 3036 ὡς
1111 2973 1270 3043 δῆυεν
1300 2975 1462 3039 αὐτὸς
1490 2978 1681 3045 μαθεῖν
1711 2977 1858 3046 ἐφιέ-

272 3080 441 3132 μενος
480 3063 578 3133 τὴν
608 3064 786 3118 αἰτίαν
815 3065 924 3119 τῶν
979 3067 1320 3137 γιγνομένων
1346 3086 1359 3098 ·
1392 3069 1642 3141 ἐπιφέρει
1667 3069 1722 3124 δὲ
1760 3070 1857 3143 τὴν

266 3152 453 3217 λύσιν,
477 3153 544 3224 ἢν
577 3156 608 3226 ἡ
633 3155 725 3208 τοῦ
758 3157 1073 3228 ΙΙνεύματος
1092 3160 1394 3231 ἐχορήγησε
1421 3160 1599 3232 χάρις.
1633 3163 1705 3216 Οὐ
1726 3164 1854 3234 γὰρ,

267 3242 352 3308 ὥς
377 3262 520 3310 τινες
552 3247 845 3312 ὑπέλαϐον,
870 3250 1033 3313 αὐτὸς
1061 3251 1220 3304 τοῦτό
1241 3269 1302 3319 γε
1338 3252 1399 3304 τὸ
1431 3253 1600 3317 πὰοος
1631 3254 1858 3323 ὑπέμει-

266 3352 396 3391 νεν·
436 3338 572 3392 ἀλλὰ
618 3339 680 3393 τὸ
710 3341 755 3371 ³⁷
786 3341 934 3412 παρὰ
984 3341 1093 3395 τῶν
1130 3342 1303 3396 ἄλλων
1337 3344 1600 3414 εἰσφέρει,
1631 3346 1725 3399 καὶ
1756 3345 1858 3417 τὴν

268 3427 407 3499 ιπερὶ
432 3428 540 3482 τῶν
597 3430 946 3501 ζητουμένων
992 3435 1244 3504 ἐπιφέρει
1277 3435 1649 3491 διδασκαλίαν.
1680 3437 1859 3491 Ταυτὸ

266 3520 342 3589 δὴ
369 3520 526 3573 τοῦτο
580 3523 847 3594 πεποίηκε
907 3526 1000 3577 καὶ
1026 3526 1055 3577 ό
1091 3525 1231 3589 Οεῖος
1275 3524 1437 3578 Δαϐίδ
1463 3544 1475 3557 ·
1511 3526 1721 3602 εἰσάγει
1750 3528 1858 3600 γὰρ

267 3609 568 3678 ’πρόςωπον
612 3611 887 3675 δυσκόλως
951 3613 1072 3683 ἕχον
1136 3615 1422 3686 πρὸς’τὰς
1467 3616 1576 3669 τῶν
1605 3617 1857 3690 πονηρῶν

261 3701 599 3772 εὐπραξίας,
616 3704 705 3757 καί
731 3722 915 3774 φησιν’
943 3725 962 3758 ι
986 3707 1149 3776 Ἐμοῦ
1175 3707 1231 3759 δὲ
1250 3708 1401 3779 παρὰ
1422 3709 1618 3780 μικρὸν
1642 3710 1857 3762 ἐσαλεύ-

262 3792 455 3861 θησαν
479 3794 529 3845 οἱ
569 3793 748 3860 πόδες,
800 3799 930 3866 παρ’
972 3796 1152 3864 ὀλίγον
1195 3798 1423 3871 ἐξεχύθη
1451 3800 1518 3853 τὰ
1546 3800 1857 3872 διαδήματά

264 3900 407 3962 μου,
451 3883 532 3935 ὅτι
576 3884 825 3955 ἐζήλωσα
878 3888 970 3939 ἐπὶ
999 3891 1111 3949 τοῖς
1141 3889 1361 3959 ἀνόμοις
1401 3893 1626 3963 εἰρήνην
1675 3895 1858 3966 ἁμαρ-

264 3970 466 4025 τωλῶν
519 3972 761 4044 θεωρῶν.
798 3994 816 4024 ι
846 3976 954 4029 Καὶ
999 3977 1168 4031 πολλὰ
1204 3978 1427 4033 τοιαῦτα
1460 3979 1667 4043 τούτοις
1689 3999 1858 4052 προσ-

267 4061 413 4125 θεὶς,
450 4061 696 4129 ὑπέδειξε
751 4064 858 4116 τῶν
899 4067 1248 4137 ζητουμένων
1294 4070 1392 4140 τὴν
1428 4070 1600 4126 λύσιν.
1635 4090 1652 4123 ι
1688 4072 1858 4125 Τοῦτο

268 4153 407 4222 γὰρ.
440 4155 591 4224 ῳησὶ,
624 4157 788 4220 κόπος
820 4159 967 4211 ἐστὶν
999 4159 1228 4214 ἐνώπιόν
1248 4179 1371 4231 μου,
1407 4164 1513 4227 ἓως
1540 4155 1602 4216 οὗ
1636 4165 1860 4219 εἰσέλθω

266 4248 357 4308 εἰς
386 4244 446 4297 τὸ
478 4247 830 4319 ἁγιαστήριον
853 4249 945 4303 τοῦ
967 4250 1124 4317 Θεοῦ,
1159 4254 1253 4305 καὶ
1278 4252 1422 4306 συνῶ
1453 4256 1531 4318 είς
1554 4256 1623 4309 τὰ
1654 4255 1858 4327 ἔσχατα.

267 4335 479 4389 αὐτῶν.
513 4357 531 4389 ι
565 4338 734 4391 Τοῦτο
769 4339 826 4393 δὲ
889 4338 1076 4410 μαθὼν
1125 4342 1232 4393 ἀπὸ
1259 4343 1357 4412 τῆς
1398 4342 1492 4396 τοῦ
1540 4344 1859 4414 ῐῐνεύματος

270 4429 523 4499 χάριτος,
577 4430 825 4502 ἐπήγαγε
852 4448 864 4461 ·
904 4452 922 4484 ι
961 4432 1107 4503 Πλὴν
1144 4433 1231 4486 διὰ
1282 4433 1381 4497 τὰς
1410 4433 1724 4505 δολιότητας
1759 4435 1858 4488 αὺ-

269 4522 388 4575 τῶν
442 4522 563 4576 έοου
619 4525 803 4588 αὐτοῖς
848 4527 1026 4580 κακά·
1079 4527 1375 4590 κατέϐαλες
1435 4528 1635 4591 αὐτοὺς
1686 4529 1744 4580 ὲν
1782 4528 1860 4598 τῷ

268 4614 621 4685 ἐπαρθῆναια
658 4616 771 4679 πῶς
838 4618 1089 4686 ἐγένοντο
1140 4620 1218 4680 εἰς
1267 4619 1583 4691 ἐρήμωσιν;
1631 4620 1861 4686 ἐξάπινα

273 4704 549 4769 ἐξέλιπον,
601 4706 884 4760 ἀπώλοντο
943 4708 1031 4761 διὰ
1084 4708 1183 4778 τὴν
1235 4710 1467 4779 ἀνομίαν
1506 4708 1706 4773 αὐτῶν,
1731 4708 1862 4761 ὡσεὶ

277 4796 532 4850 [νὺπνιον
564 4796 1007 4869 ὲξεγειρομένων.
1049 4818 1067 4852 ι
1106 4802 1217 4854 Καὶ
1245 4802 1363 4870 μετ’
1387 4801 1563 4870 ὀλίγα,
1594 4800 1862 4854 διδάσκων

277 4886 361 4957 μὴ
389 4887 863 4960 πολυπραγμονεῖν
880 4890 980 4953 τὰς
1001 4890 1150 4953 Oeta;
1176 4890 1510 4960 οἰκονομίας,
1536 4890 1649 4942 ἀλλ’
1674 4890 1861 4943 ἁπλοῖ-

277 4976 395 5039 κὼς
438 4981 562 5041 τοὺς
590 4978 766 5042 θείους
814 4980 1172 5049 ὑποδέχεσθαι
1228 4980 1421 5049 λόγους
1446 4997 1460 5011 ·
1487 4999 1504 5032 ι
1540 4982 1856 5051 Κτηνὼδης,

277 5067 472 5139 φησὶν,
521 5070 789 5141 ἐγενόμην
829 5071 979 5141 παρὰ
1020 5071 1122 5136 σοὶ,
1162 5070 1320 5139 κάγὼ
1362 5071 1448 5124 διὰ
1489 5072 1687 5135 παντὸς
1721 5073 1860 5143 μετὰ

280 5159 403 5212 σοῦ.
435 5178 451 5209 ι
491 5160 765 5230 Ιιροσήκει
794 5161 901 5231 γάρ
940 5178 1026 5230 με,
1072 5162 1227 5230 φησι,
1279 5161 1532 5232 καθάπερ
1574 5162 1766 5216 ἕπεται
1798 5164 1859 5215 τὸ

282 5270 315 5303 κ
327 5251 483 5320 τῆνος
516 5251 592 5321 τῷ
622 5254 755 5321 ἡγυυ
764 5253 908 5323 μένῳ
929 5255 1020 5306 καὶ
1032 5254 1235 5321 ἄγοντι,
1244 5244 1333 5324 ’μὴ
1366 5271 1431 5307 πε
1441 5270 1517 5324 ριε
1526 5252 1692 5324 ργαζό
1698 5271 1857 5324 μενον

281 5342 394 5396 ποῦ
424 5344 650 5414 βαδίζει,
682 5344 826 5399 οὕτω
881 5349 994 5409 τοῖς
1036 5348 1149 5408 σοῖς
1203 5345 1382 5414 λόγοις
1416 5346 1714 5411 πιστεύειν,
1760 5348 1857 5400 καὶ

361 5533 381 5562 5
416 5518 564 5575 Psal.
598 5535 770 5586 Lxxu,
806 5518 860 5583 '2,
894 5522 944 5574 5.

2364 2244 2578 2318 1536
2648 2242 3158 2304 ARGUMENTUM.

2027 2328 2277 2404 Suntqui
2311 2336 2553 2406 graviter
2579 2344 2997 2392 commoventur
3018 2334 3336 2391 felicitatem
3367 2336 3538 2408 injus-

1956 2433 2131 2480 torutn
2161 2432 2448 2482 cernentes
2471 2435 2553 2482 :ct
2574 2434 2703 2483 sunt
2731 2425 2950 2498 quidem
2971 2426 3065 2497 qui
3083 2425 3335 2482 dubitant
3357 2434 3538 2482 utrum

1956 2516 2104 2571 Deus
2158 2516 2541 2571 universorum
2612 2531 2703 2572 res
2750 2515 3022 2571 humanas
3080 2521 3339 2585 procuret
3384 2532 3399 2569 :
3448 2515 3540 2569 alii

1957 2614 2139 2662 autem
2179 2606 2411 2661 credunt
2436 2606 2657 2676 quidem
2683 2604 3031 2662 sermonibus
3079 2604 3149 2659 de
3171 2603 3538 2674 providentia,

1956 2707 2328 2752 verumtamen
2385 2696 2639 2752 dubitant
2681 2709 2782 2751 cur
2833 2695 2937 2751 hoc
2968 2694 3132 2750 modo
3161 2709 3252 2750 res
3287 2694 3541 2749 humanae

1957 2790 2344 2861 gubernentur.
2371 2786 2575 2843 [lorum
2599 2786 2961 2859 posteriorum
2980 2800 3266 2857 personam
3286 2784 3541 2841 llabacuc

1958 2879 2220 2951 propheta
2260 2878 2588 2950 suscipiens,
2622 2878 2783 2949 quasi
2817 2891 3006 2933 eorum
3039 2891 3164 2947 quae
3194 2875 3331 2931 ﬁunt
3371 2875 3541 2931 ratio-

1958 2987 2083 3027 nem
2116 2970 2233 3042 ipse
2266 2972 2579 3043 perdiscere
2613 2970 2819 3040 cupiat,
2860 2969 3217 3041 qumstionem
3260 2966 3538 3038 proponit,

1958 3075 2013 3121 et
2041 3062 2160 3133 ejus
2199 3064 2531 3121 solutionem
2557 3062 2861 3134 subjungit,
2911 3076 3075 3133 quam
3101 3059 3272 3115 divini
3303 3056 3540 3130 Spiritus

1959 3157 2135 3229 gratia
2169 3157 2556 3228 suppeditavit.
2611 3154 2723 3211 Nec
2760 3153 2932 3221 enim,
2970 3162 3027 3209 ut
3057 3151 3281 3223 quidam
3329 3151 3540 3223 opinati

1960 3259 2110 3317 sunt,
2148 3251 2264 3321 ipse
2294 3250 2399 3305 hoc
2433 3249 2627 3305 morbo
2648 3246 2919 3304 laboravit
2947 3264 2963 3302 :
2996 3247 3092 3302 sed
3121 3245 3355 3301 aliorum
3384 3258 3535 3314 qua:-

1960 3343 2167 3399 Stiones
2188 3341 2419 3409 inducit,
2447 3349 2499 3396 et
2523 3340 2877 3412 qumsitorum
2921 3336 3131 3410 profert
3170 3335 3537 3407 disciplinam.

1962 3431 2075 3488 [loc
2099 3433 2240 3488 idem
2255 3432 2385 3488 l‘ecit
2406 3432 2569 3488 etiam
2592 3432 2811 3488 divinus
2831 3429 3023 3497 David,
3053 3442 3345 3499 personam
3370 3427 3542 3483 intro-

1960 3524 2169 3581 ducens
2202 3524 2440 3581 hominis
2470 3524 2711 3596 graviter
2743 3523 2970 3578 ferentis
3004 3523 3272 3576 malorum
3310 3518 3543 3576 felicita-

1960 3624 2090 3680 tem,
2126 3616 2212 3671 bis
2239 3616 2421 3671 verbis
2452 3632 2465 3670 :
2496 3634 2514 3668 ι
2540 3615 2641 3671 Mei
2673 3622 2853 3672 autem
2881 3629 3019 3685 pene
3041 3613 3170 3669 moti
3203 3620 3330 3669 sunt
3352 3613 3539 3683 pedes,

1964 3706 2174 3778 1537
2208 3722 2345 3776 pene
2371 3704 2529 3762 eﬂusi
2554 3716 2685 3763 sunt
2708 3720 2935 3778 gressus
2971 3704 3109 3760 mei:
3143 3704 3270 3774 quia
3301 3704 3418 3760 zelo
3446 3719 3543 3759 cx-

1960 3799 2068 3852 arsi
2110 3805 2304 3851 contra
2334 3797 2576 3867 iniquos,
2624 3811 2810 3867 pacem
2842 3804 3189 3865 peccatorum
3230 3791 3422 3849 videns
3445 3803 3490 3846 ι.
3517 3811 3535 3843 ι

1960 3886 2027 3942 Ει
2062 3896 2182 3957 post
2213 3888 2319 3942 alia
2365 3886 2639 3957 ejusmodi
2668 3886 2860 3952 multa,
2910 3885 3270 3956 qumsitorum
3316 3884 3541 3940 solutio-

1959 3995 2083 4034 nem
2114 3978 2354 4034 ostendit
2380 3998 2393 4034 :
2424 3997 2442 4028 σ
2468 3977 2585 4034 Hoc
2616 3978 2786 4043 enim,
2818 3978 3016 4048 inquit,
3098 3975 3255 4033 labor
3283 3983 3368 4032 est
3417 3984 3543 4032 ante

1960 4088 2069 4137 me,
2093 4068 2270 4127 donec
2296 4072 2494 4128 intrem
2519 4071 2576 4126 in
2612 4070 2989 4150 sanctuariqu
3019 4068 3133 4134 Dei,
3160 4077 3212 4124 et
3243 4070 3539 4140 intelligam

1962 4164 2261 4219 novissima
2287 4163 2541 4218 eorum‘.
2572 4182 2593 4215 ι
2633 4162 2750 4217 lloc
2784 4176 2917 4217 vero
2946 4175 3044 4230 per
3085 4159 3259 4215 divini
3300 4159 3541 4229 Spiritus

1959 4254 2189 4323 gratiam
2219 4254 2468 4320 edoctus,
2515 4253 2797 4309 subdidit:
2846 4251 3279 4306 «Verumtamen
3320 4260 3542 4321 propter

1959 4343 2119 4397 dolos
2149 4360 2340 4399 eorum
2370 4345 2605 4416 posuisti
2647 4345 2729 4401 eis
2757 4344 2897 4398 mala
2929 4362 2942 4398 :
2970 4343 3220 4413 dejecisli
3263 4358 3380 4409 eos,
3415 4360 3539 4399 cum

1962 4434 2353 4491 allevarentur.
2379 4433 2667 4502 Quomodo
2701 4432 2829 4489 facti
2865 4441 2995 4491 sunt
3025 4432 3080 4488 in
3109 4433 3542 4490 desolationem?

1962 4526 2143 4582 subito
2200 4527 2541 4591 defecerunt,
2587 4528 2871 4600 perierunt
2926 4535 3147 4599 propter
3200 4528 3540 4598 iniquitatem

1961 4632 2138 4683 suam,
2194 4619 2343 4673 velut
2407 4619 2683 4674 somnium
2719 4618 3060 4690 surgentium
3082 4629 3129 4671 ιι.
3169 4638 3187 4670 ι
3219 4619 3323 4673 ‘Et
3379 4619 3543 4688 paulo

1963 4717 2109 4780 post,
2151 4709 2355 4765 docens
2386 4708 2482 4764 Dei
2528 4710 2970 4779 dispensationes
3004 4709 3224 4766 curiose
3259 4707 3543 4779 inquiren'

1963 4800 2063 4857 das
2098 4816 2205 4856 non
2256 4816 2402 4869 esse,
2435 4802 2529 4857 sed
2562 4799 2888 4872 simpliciter
2927 4801 3113 4856 divina
3166 4802 3331 4858 verba
3370 4800 3544 4858 susci-

1964 4892 2199 4965 pienda:
2234 4913 2251 4945 ι
2280 4894 2346 4950 Ut
2369 4894 2699 4965 jumentutn,
2734 4894 2931 4966 inquit,
2957 4892 3137 4951 factus
3169 4894 3541 4965 sumapudte,

1967 4997 2020 5040 et
2049 5003 2151 5057 ego
2172 5002 2406 5057 semper
2431 4994 2610 5043 tecum
2628 4998 2675 5042 ν.
2699 5007 2717 5041 ι
2758 4987 2893 5042 Nam
2923 4986 3402 5059 quemadmodum,
3461 4989 3544 5043 in-

1966 5079 2106 5148 quit,
2151 5077 2460 5148 jumentum
2515 5070 2767 5151 sequitur
2795 5081 3098 5146 ductorem,
3153 5098 3261 5135 non
3314 5081 3543 5136 sollicite

1965 5171 2249 5239 inquirens
2283 5187 2392 5241 quo
2426 5173 2612 5236 vadat,
2647 5174 2721 5227 ita
2775 5174 3033 5230 convenit
3089 5182 3147 5228 ut
3206 5176 3389 5229 verbis
3429 5173 3537 5227 tuis

1965 5261 2123 5316 ﬁdem
2156 5263 2406 5329 habeam,
2437 5272 2492 5318 et
2520 5265 2667 5336 leges
2707 5272 2832 5322 tuas
2866 5280 3101 5337 sequar:
3137 5266 3240 5320 lmc
3281 5264 3425 5318 enim
3460 5261 3538 5313 fa-

1963 5352 2134 5415 ciens,
2170 5360 2261 5408 tua
2298 5356 2687 5424 procuratione
2716 5372 2824 5413 non
2847 5357 3136 5415 destituar.
3165 5352 3321 5420 Quod
3354 5357 3533 5405 autem

1045 5527 1058 5561 ι
1092 5519 1223 5576 ibid.
1247 5519 1332 5585 Hi,
1370 5520 1454 5574 l7.
1536 5529 1563 5557 η
1599 5520 1733 5583 ibid.
1775 5527 1954 5582 18-20.
2034 5538 2059 5565 ν
2094 5527 2224 5583 ibid.
2250 5527 2342 5592 ‘22,
2376 5527 2467 5584 25.

1555 5681 2219 5755 vannuLEtg'rtoNtss.

348 5768 387 5795 2"
496 5769 877 5833 ivﬁotiionw.
946 5776 981 5805 ’³⁸
