3956 6202
336 377 475 447 1813
1580 388 1664 450 ΙΝ
1713 388 1894 451 ΗΑΒέ

2007 389 2057 451 ’(2
2101 393 2260 458 CAP.
2302 397 2359 458 Ι..

3442 389 3580 459 18M

330 497 447 557 τοῖς
492 492 900 567 θεσπιζομένοις
959 501 1245 571 προσχεῖν,
1311 500 1752 570 καταπλαγῆναι.
1813 500 1894 556 καΊ

2007 503 2354 575 horrescant,
2375 519 2428 567 et
2451 511 2677 566 timeant
2702 511 2901 565 minas.
2926 507 3322 563 Verumtamen
3348 508 3576 574 sciebat,

327 585 505 639 δεῖσαι
550 586 651 658 τὴν
710 587 959 660 ἀπειλήν.
1009 586 1133 645 Οἵδε
1160 591 1218 645 δὲ
1264 592 1432 657 ὅμως,
1463 591 1557 646 ἅτε
1587 593 1655 665 δὴ
1686 593 1894 649 ἅπαντα

2009 599 2212 671 quippe
2241 602 2333 671 qui
2369 602 2554 658 omnia
2602 601 2757 658 novit
2803 608 3098 672 antequam
3138 600 3295 664 ﬁant,
3336 600 3485 669 quod
3514 600 3578 654 ιι.

328 676 427 730 καὶ
457 678 586 750 πρὶν
620 678 871 746 γενέσθαι
911 682 1097 752 σαφῶς
1136 683 1517 756 ἐπιστάμενος,
1552 685 1628 750 ὡς
1666 688 1894 759 ἀπιστή-

2007 690 2129 746 dem
2154 691 2317 753 dictis
2349 694 2590 751 habituri
2632 709 2743 751 non
2781 701 2988 759 essent,
3030 700 3089 749 et
3130 692 3276 762 quod
3319 700 3444 748 ante
3493 707 3581 747 res

330 783 486 821 σουσι
540 769 654 833 τοῖς
702 768 1035 844 λεγομένοις,
1085 775 1181 828 καὶ
1236 774 1342 846 πρὸ
1407 778 1505 847 τῆς
1566 776 1765 849 πείρας
1790 777 1894 831 τῶν

2008 795 2131 836 rum
2153 784 2591 853 experimentum
2617 783 2787 841 falsos
2815 784 2911 856 qui
2937 784 3005 843 de
3033 784 3120 841 his
3146 782 3348 839 ﬁebant
3377 796 3580 840 sermo-

327 860 675 931 πραγμάτων
694 862 906 933 ψευδεῖς
960 866 1088 930 τοὺς
1139 868 1269 940 περὶ
1296 867 1505 923 τούτων
1532 869 1781 941 νομιοῦσι
1810 869 1894 926 λό-

2007 888 2108 929 nes
2145 873 2521 931 existimaturi
2546 883 2772 932 essent:
2803 884 3009 944 tamen,
3044 890 3171 931 cum
3202 873 3385 932 bonus
3417 873 3490 929 sit
3522 882 3580 929 et

310 969 479 1020 grew.
515 954 652 1007 Ἀλλ’
678 955 827 1026 ὅμως
849 957 1050 1026 ἀγαθὸς
1078 959 1155 1012 ὣν
1178 960 1272 1013 καὶ
1290 959 1518 1027 δίκαιος,
1559 962 1767 1033 κρίνειν
1796 962 1894 1018 sua

2007 964 2213 1033 iustus,
2234 964 2493 1036 judicare
2520 982 2586 1023 ex
2613 967 2729 1023 sola
2765 966 3112 1043 praenotione
3143 980 3255 1022 non
3296 965 3437 1031 vult,
3481 964 3578 1020 sed

323 1045 500 1118 μόνης
531 1048 631 1118 τῆς
659 1048 1019 1120 προγνώσεως
1048 1053 1149 1106 οὐκ
1188 1053 1442 1125 ἀνέχεται
1466 1073 1479 1086 ·
1514 1055 1650 1110 ἀλλά
1672 1057 1894 1120 καὶτοῖς

2007 1057 2174 1113 etiam
2207 1073 2320 1115 non
2374 1057 2735 1117 credentibus
2786 1057 3182 1130 praedictiones
3238 1056 3478 1129 profert,
3523 1064 3579 1115 et
3658 1099 3665 1108 .

322 1134 614 1190 ἀπιστοῦσι
642 1136 743 1202 τὰς
774 1142 1107 1214 προρρήσεις
1133 1144 1451 1215 προσφέρει,
1476 1147 1570 1201 καὶ
1605 1146 1902 1219 θεραπείαν

318 1225 384 1279 οὐ
407 1225 720 1298 δεχομένοις
747 1230 845 1299 τὴν
875 1233 1142 1303 τιμωρίαν
1166 1235 1384 1305 ἐπάγει.

394 1318 473 1384 ς’.
501 1337 520 1371 ι
548 1320 640 1373 Διὸ
660 1320 706 1353 ⁸⁸
739 1322 847 1378 ἰδοὺ
881 1323 994 1394 ἐγὼ
1057 1327 1261 1398 ἐγείρω
1316 1329 1445 1394 τοὺς
1492 1330 1815 1397 Χαλδαίους,
1840 1332 1902 1386 τὸ

320 1410 475 1474 ἔθνος
496 1411 557 1465 τὸ
582 1413 778 1484 πικρὸν
816 1415 909 1469 καὶ
936 1416 997 1469 τὸ
1040 1419 1278 1490 ταχινὸν,
1310 1420 1403 1474 καὶ
1440 1419 1486 1454 ⁸⁸
1511 1422 1575 1477 τὸ
1602 1423 1902 1496 πορευόμε·

316 1516 412 1553 νον
441 1501 533 1556 ἐπὶ
560 1502 632 1556 τὰ
664 1504 837 1577 πλάτη
873 1507 972 1580 τῆς
1020 1510 1142 1581 γῆς,
1192 1511 1288 1565 τοῦ
1350 1513 1902 1586 κατακληρονομῆσαι

322 1591 657 1664 σκηνώματα
689 1596 785 1666 οὐχ
830 1598 1018 1656 αὑτοῦ.
1061 1619 1082 1654 ι
1127 1601 1288 1672 Ὑμῖν
1309 1603 1418 1675 γὰρ
1454 1608 1566 1669 τοῖς
1594 1605 1780 1678 ἀδικίᾳ
1808 1608 1902 1663 καὶ

320 1686 643 1759 παρανομίᾳ
686 1687 893 1751 συζῶσι
942 1691 1010 1745 δι’
1051 1690 1146 1757 οὓς
1214 1693 1663 1767 δυσχεραίνουσιν
1713 1699 1764 1751 oi
1803 1699 1902 1769 τῆς

323 1776 585 1848 Προνοίας
625 1778 950 1847 ἀγνοοῦντες
980 1781 1106 1846 τοὺς
1158 1782 1377 1853 νόμους,
1424 1787 1549 1852 τοὺς
1585 1788 1900 1860 ὠμοτάτους

2005 1149 2354 1205 curationem
2378 1164 2493 1206 non
2520 1149 2919 1222 recipientibus
2957 1149 3228 1221 supplicia
3253 1148 3482 1221 iri-ngat.

2076 1326 2243 1383 Vsus.
2277 1327 2332 1382 6.
2376 1346 2397 1381 ε
2440 1324 2651 1384 Idcirco
2700 1341 2831 1385 ecce
2883 1341 2985 1400 ego
3030 1326 3239 1383 suscito
3267 1325 3576 1393 Chaldaeos,

2002 1428 2219 1491 gentem
2267 1435 2511 1474 amaram
2559 1427 2615 1475 et
2669 1419 2936 1484 velocem,
2989 1432 3112 1489 quae
3138 1417 3384 1474 ambulat
3413 1433 3578 1489 super

2000 1510 2348 1566 latitudinem
2384 1519 2575 1574 terrae,
2619 1517 2680 1565 ut
2721 1507 3000 1580 possideat
3057 1508 3412 1564 tabernacula
3464 1523 3574 1564 non

2002 1617 2124 1659 sua.
2171 1620 2191 1656 ι
2227 1601 2286 1657 In
2319 1617 2416 1659 vos
2445 1601 2614 1669 enim,
2644 1599 2845 1672 inquit,
2874 1599 2970 1673 qui
3004 1601 3171 1657 vitam
3223 1597 3493 1667 iniuriose
3521 1608 3576 1657 et

1999 1693 2193 1763 inique
2223 1692 2436 1762 agendo
2469 1690 2822 1756 consumitis,
2852 1696 3076 1762 propter
3104 1704 3244 1761 quos
3286 1689 3575 1760 indignan-

2001 1792 2113 1852 tur,
2142 1784 2237 1856 qui
2272 1783 2635 1839 Providentize
2660 1784 2806 1854 leges
2837 1783 3089 1856 ignorant
3109 1820 3125 1847 ,
3164 1781 3575 1841 crudelissimos

320 1865 417 1921 και
441 1865 733 1932 ὀξυτάτους
778 1869 963 1936 ἐπάξω
1008 1872 1329 1941 Χαλδαίους,
1373 1875 1423 1929 οι
1470 1876 1577 1932 τῶν
1603 1853 1894 1951 ἀλλοτρίων

2007 1888 2055 1935 et
2084 1853 2470 1935 velocissimos
2503 1853 2757 1933 inveham
2788 1853 3095 1940 Chaldaeos,
3124 1872 3219 1945 qui
3255 1873 3435 1929 aliena
3478 1886 3576 1945 ap-

317 1958 619 2029 ἐφιέμενοι,
649 1960 790 2014 κατὰ
813 1964 1032 2018 πάντων
1078 1965 1434 2036 στρατεύουσι
1462 1968 1572 2023 τῶν
1598 1969 1789 2025 ἐθνῶν.

388 2050 456 2112 ζ’.
488 2069 506 2102 ι
541 2051 777 2123 Φοϐερὸς
823 2054 917 2109 καὶ
960 2056 1232 2130 ἐπιφανής
1259 2060 1444 2114 ἐστιν·
1471 2061 1533 2129 ἐξ
1568 2061 1615 2095 ⁸⁸
1642 2065 1806 2118 αὑτοῦ
1837 2065 1897 2120 τὸ

1997 1973 2247 2042 petentes
2274 1982 2401 2022 cum
2431 1965 2687 2022 omnibus
2718 1965 3030 2022 nationibus
3068 1965 3270 2020 bellum
3303 1970 3520 2034 gerunt.

2071 2055 2235 2115 Vens.
2297 2056 2348 2112 7.
2398 2075 2417 2109 ι
2472 2055 2765 2112 Terribilis
2826 2062 2883 2110 et
2934 2054 3166 2110 illustris
3195 2061 3302 2120 est,
3358 2068 3423 2111 ex
3456 2053 3576 2124 ipso

315 2144 493 2213 κρῖμα
544 2142 709 2199 αὐτοῦ
764 2145 939 2213 ἔσται,
977 2148 1073 2202 καὶ
1107 2150 1166 2202 τὸ
1190 2149 1386 2222 λῆμμα
1423 2151 1589 2207 αὑτοῦ
1636 2153 1696 2220 ἐξ
1729 2153 1894 2209 αὐτοῦ

2007 2149 2266 2219 iudicium
2287 2147 2407 2219 ejus
2439 2148 2574 2205 erit:
2610 2156 2668 2203 et
2693 2144 2997 2216 assumptio
3029 2144 3149 2214 ejus
3185 2161 3250 2199 ex
3274 2144 3396 2215 ipso
3418 2159 3575 2217 egre-

312 2231 678 2299 ἐξελεύσεται.
722 2256 742 2289 ι
792 2237 1095 2310 Ἐπίσημός
1119 2242 1255 2307 ἐστι,
1284 2244 1379 2297 καὶ
1425 2245 1608 2310 ἱκανὸς
1632 2246 1696 2299 ἐκ
1726 2247 1897 2318 μόνης

312 2324 838 2401 ἐκδειματῶσαιτῆς
892 2331 1101 2403 φήμης.
1134 2331 1356 2399 Δικάζει
1376 2334 1455 2401 δὲ,
1489 2338 1550 2390 οὐ
1589 2337 1774 2408 νόμοις
1801 2338 1894 2393 ἀλ-

1997 2240 2202 2297 dietur.
2242 2258 2261 2292 ι
2299 2238 2538 2295 lllustris
2565 2245 2673 2304 est,
2705 2243 2761 2293 et
2789 2237 2883 2308 qui
2908 2236 3086 2307 possit
3112 2236 3196 2291 vel
3223 2234 3437 2306 155.0
3457 2236 3576 2291 sola

1999 2331 2501 2389 famaexterrere.
2552 2328 2667 2385 Nec
2695 2342 2828 2385 vero
2879 2327 3089 2383 alienas
3132 2325 3282 2396 leges
3336 2340 3576 2396 sequens

313 2416 550 2489 λοτρίοις
575 2419 904 2485 ἀκολουθῶν,
960 2422 1099 2477 ἀλλὰ
1122 2425 1184 2479 τὸ
1230 2428 1516 2499 παραστάν
1540 2432 1778 2484 ποιεῖται
1806 2431 1894 2485 νό-

2007 2420 2227 2489 iudicat,
2260 2420 2357 2479 sed
2389 2422 2563 2492 legem
2593 2419 2728 2477 facit
2757 2418 2813 2477 id
2843 2419 2991 2495 quod
3030 2419 3088 2475 in
3122 2427 3359 2477 mentem
3400 2419 3574 2483 venit,

315 2524 441 2579 μον.
500 2508 670 2565 Τοῦτο
714 2510 773 2566 δὲ
818 2514 847 2566 ό
899 2513 1195 2587 Σύμμαχος
1255 2519 1586 2590 σαφέστερον
1629 2520 1891 2575 τέθεικενο

317 2616 340 2650 ε
375 2599 550 2665 Δύτὺς
593 2601 770 2675 ἐαυτῷ
826 2604 1060 2672 δικάσει,
1116 2607 1212 2662 καὶ
1265 2609 1444 2679 δόγμα
1491 2609 1555 2664 τὸ
1603 2610 1650 2643 ⁸⁷
1700 2612 1897 2667 ἑαυτοῦ

310 2691 752 2757 ἐπεξελεύσεται.
784 2714 802 2746 ι
1620 2756 1649 2771 __

381 2790 458 2854 η’.
489 2803 509 2838 ι
549 2786 658 2841 Καὶ
701 2787 1081 2853 ἐξαλοῠνταιδθ
1119 2791 1263 2864 ὑπὲρ
1309 2793 1601 2863 παρδάλεις
1647 2795 1695 2849 oi
1739 2795 1897 2851 ἵπποι

311 2876 483 2932 αὑτοῦ
512 2876 581 2944 ⁸⁸,
611 2882 705 2934 καὶ
732 2881 777 2913 ⁸⁰
800 2880 1044 2954 ὀξύτεροι
1076 2884 1217 2955 ὑπὲρ
1235 2886 1363 2950 τοὺς
1384 2885 1580 2950 λύκους
1602 2887 1701 2957 τῆς
1733 2887 1895 2959 Ἀρα-

311 2968 438 3033 ϐίας
460 2984 475 3001 ⁸
508 2970 602 3025 καὶ
630 2971 1019 3038 ἐξιππάσονται
1047 2976 1097 3029 oi
1142 2978 1328 3054 ἱππεῖς
1373 2976 1565 3042 αὑτοῦ,
1599 2981 1696 3034 καὶ
1727 2980 1896 3051 ὁρμήν

313 3078 469 3116 σουσι
503 3064 797 3136 μακρόθεν,
834 3066 932 3120 καὶ
975 3067 1410 3139 πετασθήσονται
1461 3068 1535 3134 ὡς
1567 3069 1724 3134 ἀετὸς
1758 3070 1896 3142 πρό-

312 3152 487 3255 θύμος
531 3155 627 3255 είς.
664 3157 725 3255 το
782 3160 996 3255 ιραχεῖν.
1034 3178 1052 3211 ι
1090 3159 1193 3212 Διά
1230 3160 1542 3255 πάντωνρδὲ
1570 3162 1672 3233 τὴν
1703 3161 1895 3234 ῥώμην
1920 3192 1965 3255 c

311 3244 514 3309 αὐτῶν,
544 3246 640 3300 καὶ
667 3248 766 3317 τὴν
797 3249 1070 3320 ἀνδρείαν,
1102 3251 1197 3305 καὶ
1225 3249 1325 3321 τὴν
1345 3250 1627 3321 ταχύτητα
1659 3253 1896 3324 προεσή-

315 3351 477 3406 μηνε.
507 3336 758 3402 Τοιοῦτος
800 3338 908 3410 γὰρ
933 3341 990 3392 ἐν
1035 3340 1132 3410 μὲν
1170 3343 1390 3411 πτηνοῖς
1417 3342 1451 3395 δ
1476 3341 1668 3406 ἀετὸς,
1701 3334 1746 3410 ᾧ
1766 3343 1896 3406 τοὺς

312 3427 521 3493 ἱππέας
547 3429 769 3485 εἴκασεν
785 3447 797 3460 ·
831 3432 888 3484 ἐν
909 3431 967 3484 δέ
991 3430 1200 3504 θηρίοις
1216 3434 1273 3487 αὶ
1289 3431 1636 3501 παρδάλεις,
1670 3436 1764 3488 καὶ
1786 3433 1897 3503 τῆς

324 3520 601 3589 ’Λρασίας
638 3523 693 3577 ol
736 3523 933 3590 λύκοι,
983 3516 1065 3588 οἷς
1120 3522 1229 3578 τῶν
1280 3524 1463 3577 ἳππων
1490 3523 1764 3596 παρέϐαλε
1797 3523 1897 3598 τὴν

309 3609 570 3682 ὀξύτητα.

386 3700 453 3757 θ’.
485 3721 504 3754 ι
536 3699 821 3758 Συντέλεια
867 3704 953 3757 ἐπ’
984 3705 1027 3737 ⁸¹
1058 3704 1273 3769 ἀσεϐεῖς
1311 3702 1455 3775 ἥξει,
1495 3704 1895 3777 ἀνθεστηκότας

311 3793 635 3864 προσώποις
681 3796 859 3851 αὐτῶν
898 3797 1228 3861 ἐξεναντίας.
1271 3816 1290 3848 ι
1321 3789 1483 3852 Οὗτοι
1528 3799 1641 3862 τοῖς
1700 3798 1896 3853 δυσσε-

312 3885 471 3938 ϐἐσιν
493 3886 710 3958 ὄλεθρον
733 3888 994 3954 ἐπάξουσι
1021 3888 1282 3958 παντελῆ,
1309 3889 1403 3945 καὶ
1427 3890 1600 3944 ταῦτα
1637 3889 1764 3944 πολε
1774 3892 1895 3962 μεῖν

312 3979 502 4042 αὐτοῖς
528 3980 623 4033 καὶ
673 3980 1115 4051 παρατάττεσθαι
1170 3981 1553 4054 πειρωμένοις.
1600 3982 1711 4036 Καὶ
1731 3980 1896 4036 τοῦτο

310 4070 372 4123 δὲ
401 4069 733 4142 σαφέστερον
779 4071 809 4123 ὁ
861 4072 1154 4144 Σύμμαχος
1205 4073 1453 4127 τέθεικε’
1504 4094 1523 4126 ι
1576 4075 1762 4130 Πάντα
1814 4076 1894 4139 εἰς

314 4160 631 4227 πλεονεξίαν
676 4161 815 4232 ἥξει,
845 4163 879 4232 ή
919 4162 1185 4233 πρόσοψις
1237 4164 1335 4218 τοῦ
1377 4165 1672 4237 προσώπου
1716 4166 1893 4219 αὐτῶν

312 4251 518 4324 ἄνεμος
547 4252 783 4307 καύσων.
819 4271 839 4306 ›
876 4253 1143 4325 Καθάπερ
1173 4254 1283 4327 γὰρ
1309 4255 1417 4309 τῶν
1457 4256 1636 4310 ἵππων
1667 4258 1893 4312 καὶτῶν

316 4342 530 4396 ἱππέων
584 4340 972 4414 παραϐολικῶς
1019 4341 1191 4410 ἔδειξε
1240 4343 1338 4414 τὴν
1386 4342 1690 4414 ταχύτητα⁶
1751 4344 1894 4399 οὕτω

314 4434 413 4489 καὶ
462 4433 572 4487 τῶν
617 4433 924 4506 προσώπων
968 4435 1031 4489 τὸ
1074 4433 1341 4506 θηριῶδες
1392 4435 1578 4506 ἀνέμῳ
1623 4437 1891 4491 ἀπείκασε

315 4526 580 4609 καύσωνι.
622 4528 834 4600 Ὠσπερ
881 4528 991 4599 γὰρ
1038 4529 1244 4592 ἐκεῖνος
1295 4528 1439 4582 καίει
1474 4526 1542 4582 τά
1573 4529 1755 4597 γυμνὰ
1784 4529 1894 4583 τῶν
1924 4555 1970 4617 D

316 4618 611 4690 σωμάτων,
660 4618 832 4683 om;
885 4620 1041 4690 ἱκανὴ
1097 4619 1209 4674 τῶν
1274 4617 1554 4674 Χαλδαίων
1598 4618 1757 4691 ήθὲα
1780 4619 1888 4676 τῶν

312 4710 567 4784 ὁρώντων
593 4712 929 4767 κατασϐέσαι
959 4711 1022 4766 τὸ
1048 4711 1228 4775 ἄνθος.

393 4818 413 4852 ι
444 4802 555 4856 Καὶ
584 4801 801 4866 συνάξει
845 4801 922 4864 ὡς
963 4801 1153 4873 ἅμμον
1196 4800 1600 4873 αἰχμαλωσίαν.
1647 4800 1750 4871 (ι’.)
1777 4803 1888 4856 Καὶ

312 4892 480 4957 αὐτὸς
511 4893 571 4947 ἐν
610 4893 920 4963 βασιλεῦσιν
960 4894 1317 4964 ἐντρυφήσει,
1353 4892 1449 4949 καὶ
1472 4890 1727 4964 τύραννοι
1761 4894 1889 4950 παί-

313 5001 442 5054 γνια
482 4982 651 5041 αὐτοῦ
670 5001 684 5017 ο
716 4986 810 5039 καὶ
832 4986 995 5049 αὐτὸς
1019 4987 1099 5050 εἰς
1120 4988 1231 5040 πᾶν
1244 4985 1507 5056 ὀχύρωμα
1538 4982 1886 5054 ἐμπαίξεται,

313 5076 410 5131 καὶ
440 5075 594 5146 βαλεῖ
618 5077 800 5149 χῶμα,
837 5079 933 5131 καὶ
966 5079 1231 5149 κρατήσει
1254 5078 1440 5133 αὑτοῦ.
1481 5100 1503 5131 ο
1531 5079 1748 5143 Παίζων
1778 5077 1887 5148 γὰρ

315 5165 540 5237 μᾶλλον,
573 5165 1071 5237 ἢσπουδὰζων,καὶ
1100 5168 1197 5230 τὰς
1230 5167 1483 5238 ἐννόμους
1514 5168 1821 5238 βασιλείας,
1840 5169 1886 5201 ⁸¹

310 5244 413 5311 οιαὶ
474 5257 575 5323 τὰς
653 5261 1004 5332 παρανόμους
1071 5259 1363 5313 καταλύσει
1406 5261 1744 5332 τυραννίδας.
1793 5263 1888 5316 καὶ

309 5347 536 5421 χώμασι
578 5352 673 5405 καὶ
722 5353 1080 5422 μηχανήμασι
1120 5352 1480 5423 κεχρημένος,
1512 5354 1691 5408 πάντα
1730 5356 1885 5428 περί-

1997 2511 2115 2569 Hoc
2145 2519 2331 2568 autem
2356 2509 2685 2583 explicatius
2721 2509 3087 2581 Symmachus
3115 2508 3300 2581 posuit
3327 2527 3344 2564 :
3391 2528 3412 2562 ι
3458 2506 3579 2578 Ipse

1997 2606 2104 2664 sibi
2132 2606 2428 2677 iudicabit,
2459 2612 2515 2662 et
2545 2604 2824 2662 decretum
2852 2618 3014 2663 suum
3037 2595 3390 2674 exsequetur.
3419 2620 3441 2661 ι

2067 2783 2239 2851 Vens.
2277 2787 2333 2843 8.
2360 2804 2380 2841 ι
2410 2784 2479 2843 Et
2502 2785 2765 2845 exsilient
2784 2783 3029 2845 velocius
3057 2799 3220 2855 quam
3256 2782 3414 2854 pardi
3446 2784 3574 2854 equi

1996 2880 2139 2953 ejus,
2184 2888 2235 2936 et
2252 2878 2571 2942 .velociores
2600 2886 2768 2937 erunt
2821 2878 2968 2950 lupis
3005 2878 3244 2942 Arabia},
3277 2883 3333 2933 et
3360 2876 3574 2949 equita-

1998 2974 2136 3030 bunt
2178 2972 2394 3044 equites
2442 2972 2586 3043 ejus,
2623 2975 2679 3027 et
2707 2986 2832 3029 cum
2876 2972 3084 3041 impetu
3124 2968 3347 3027 venient
3385 2983 3416 3023 e
3449 2970 3572 3025 lon-

1996 3065 2207 3135 ginquo
2232 3081 2247 3117 :
2281 3070 2336 3118 et
2358 3062 2624 3121 volabunt
2651 3062 2810 3133 quasi
2838 3060 3023 3134 aquila
3052 3067 3307 3132 prompta
3332 3057 3400 3113 ad
3422 3072 3576 3113 com-

1999 3157 2296 3214 edendum.
2334 3173 2356 3211 ι
2406 3152 2513 3215 Per
2559 3154 2742 3215 omnia
2776 3160 2959 3209 autem
3008 3150 3181 3211 robur
3215 3151 3482 3220 ipsorum,
3515 3157 3572 3204 et

1998 3249 2401 3315 fortitudinem,
2430 3255 2488 3304 et
2538 3247 2889 3304 velocitatem
2922 3244 3195 3317 praedixit.
3236 3241 3389 3298 Talis
3422 3241 3570 3298 enim

1997 3344 2146 3400 inter
2172 3341 2424 3398 volucres
2449 3338 2672 3410 quidem
2707 3346 2791 3395 est
2808 3339 3013 3408 aquila,
3050 3337 3141 3392 cui
3178 3336 3395 3407 equites
3425 3333 3570 3390 assi-

1997 3435 2213 3492 milavit
2241 3451 2257 3500 ;
2287 3433 2433 3491 inter
2480 3430 2626 3489 feras
2658 3446 2789 3487 vero
2835 3428 3021 3500 pardi,
3070 3435 3127 3484 et
3184 3427 3401 3482 Arabiae
3430 3423 3566 3496 lupi,

1995 3527 2233 3603 quibus‘
2263 3539 2535 3603 equorum
2574 3521 2922 3580 velocitatem
2952 3518 3314 3594 comparavit.

2067 3702 2236 3765 Vsus.
2264 3701 2316 3758 9.
2349 3719 2368 3754 ι
2416 3699 2836 3761 Consummatio
2866 3700 2919 3754 in
2951 3697 3152 3771 impios
3180 3698 3387 3763 veniet,
3421 3697 3565 3753 resi-

1994 3803 2207 3853 stentes
2255 3794 2504 3853 faciebus
2537 3809 2728 3850 eorum
2763 3809 2830 3850 ex
2869 3793 3125 3850 adverso.
3161 3812 3181 3846 ι
3226 3792 3293 3847 Hi
3346 3791 3565 3864 impios,

1995 3888 2214 3948 tametsi
2243 3888 2444 3947 bellum
2477 3887 2614 3959 ipsis
2675 3884 2904 3952 inferre,
2936 3895 2991 3942 et
3022 3902 3245 3941 manum
3278 3901 3572 3943 conserere

1993 3987 2287 4048 conantes,
2344 3978 2596 4040 funditus
2647 3974 2900 4051 perdent.
2965 3977 3068 4035 Sed
3106 3988 3161 4035 et
3205 3977 3571 4052 Symmachus

1993 4074 2098 4130 hoc
2130 4075 2374 4145 apertius
2426 4073 2822 4144 interpretatus
2852 4080 2979 4128 est:
3035 4090 3053 4124 ι
3099 4070 3295 4126 Omnia
3338 4071 3392 4126 in
3439 4086 3571 4125 ava-

1993 4165 2181 4220 ritiam
2234 4166 2499 4233 venient,
2569 4171 2827 4235 aspectus
2886 4161 3047 4217 faciei
3111 4176 3303 4218 eorum
3374 4168 3573 4215 ventus

1995 4271 2186 4312 urens.
2218 4273 2237 4307 ι
2274 4253 2749 4321 Quemadmodum
2772 4254 2918 4307 enim
2943 4267 3211 4322 equorum
3242 4259 3297 4307 et
3318 4244 3566 4321 equitum

1996 4361 2093 4416 per
2124 4345 2545 4400 similitudinem
2595 4344 2839 4399 ostendit
2872 4345 3248 4406 velocitatem,
3293 4342 3372 4397 sic
3402 4341 3565 4397 etiam

1997 4434 2166 4492 facies
2198 4434 2413 4492 feroces
2436 4441 2597 4491 vento
2632 4433 2813 4488 urenti
2848 4431 3209 4502 comparavit.
3247 4429 3566 4485 Sicutenim

1999 4528 2093 4584 ille
2115 4542 2351 4598 corpora
2380 4525 2529 4582 nuda
2553 4527 2760 4591 exurit,
2791 4525 2878 4580 sic
2899 4522 3279 4581 Chaldaeorum
3313 4528 3569 4594 aspectus

1997 4619 2117 4690 ipse
2155 4616 2488 4675 intuentium
2516 4623 2699 4690 potest
2731 4614 2920 4673 liorem
2963 4614 3337 4686 exstinguere.

2071 4821 2089 4852 ι
2125 4799 2194 4856 Ει
2246 4797 2602 4870 congregabit
2653 4796 2814 4870 quasi
2876 4810 3098 4854 arenam
3159 4794 3564 4868 captivitatem.

1995 4892 2341 4965 (Vsus.10.)
2394 4892 2460 4947 Et
2490 4891 2609 4964 ipse
2663 4890 2884 4964 regibus
2921 4888 3312 4954 delectabitur,
3371 4895 3427 4944 et
3481 4895 3570 4959 ty-
3645 4906 3653 4913 ·

1996 4986 2155 5042 ranni
2179 4985 2414 5041 ludibria
2435 4985 2560 5055 ejus
2588 5004 2601 5040 :
2627 4992 2683 5040 et
2709 4983 2825 5055 ipse
2852 4983 2998 5037 omni
3032 4980 3323 5037 munitioni
3353 4980 3565 5045 illudet,

1995 5088 2049 5135 et
2082 5078 2263 5134 mittet
2290 5093 2567 5149 aggerem,
2598 5084 2653 5132 et
2694 5073 2968 5141 obtinebit
2997 5090 3144 5130 eum.
3186 5092 3205 5125 ι
3246 5072 3351 5129 Per
3386 5074 3564 5129 lusum

1993 5171 2142 5228 enim
2181 5169 2390 5240 potius,
2421 5183 2587 5239 quam
2618 5168 2765 5223 serio
2797 5182 2987 5238 agens,
3018 5171 3073 5220 et
3127 5165 3366 5235 legitima
3396 5178 3563 5232 regna

1994 5263 2217 5328 delebit,
2254 5272 2313 5319 et
2343 5261 2552 5330 iniusta
2582 5260 2813 5331 imperia
2854 5257 3063 5331 155.1
3101 5264 3482 5329 tyrannorum,
3511 5258 3564 5305 et

1991 5356 2292 5428 aggeribus
2327 5353 2713 5427 machinisque
2754 5351 2993 5408 admotis
3049 5363 3266 5405 omnem
3312 5355 3563 5409 murum,

1579 5556 1817 5614 VARIE
1857 5556 2261 5613 LECTIONES.

384 5708 432 5742 ⁸⁵
460 5712 499 5762 Α
529 5707 686 5764 διότι.
791 5710 835 5742 ⁸⁸
865 5710 974 5764 καί.
1023 5710 1144 5765 Des.
1177 5711 1251 5765 ib.

309 5782 359 5814 δ’
391 5779 434 5836 C
466 5779 664 5836 αὐτῶν.
742 5779 788 5812 ⁸⁸
820 5781 911 5835 καὶ
939 5813 1005 5822 ——-
1047 5781 1233 5851 Ἀραϐ.
1268 5781 1390 5840 Des.
1426 5785 1481 5840 in
1515 5786 1576 5838 Α.

1365 5713 1410 5746 ’⁵⁸
1441 5711 1501 5778 ἐξ
1530 5745 1597 5753 -
1627 5713 1797 5768 ἔσται.
1840 5713 1964 5767 Des.
2013 5712 2088 5766 ili.

1679 5786 1720 5816 ’“
1754 5786 1845 5838 ἐπ.
1875 5784 1918 5837 Δ
1948 5784 2046 5847 εἰς.

2191 5712 2234 5742 ’⁵⁷
2279 5710 2437 5779 δόγμ.
2479 5710 2555 5766 τό.
2614 5711 2654 5763 tl
2700 5709 2981 5779 δόγματα
3068 5701 3109 5735 ’⁵⁸
3169 5700 3211 5753 Α
3259 5695 3562 5762 ὲξαλοῦται.

2143 5782 2187 5815 ⁸¹
2221 5777 2427 5851 ﬂama.
2463 5799 2509 5834 τ.
2544 5796 2674 5849 παρ.
2709 5779 2828 5834 Des.
2862 5777 2918 5831 iu
2944 5777 3005 5831 (ἰ.
