3956 6202
434 355 571 425 ιδιδ
1286 388 1314 403 ~

1434 371 1889 434 THEODORET
1896 374 1920 433 Ι
1961 371 2299 435 EPISCOPI
2333 374 2702 437 CYRENSIS

3565 369 3689 436 13i6

432 475 688 542 quamvis
714 479 1005 548 munitum,
1044 466 1291 538 funditus
1324 483 1676 539 demolietur.
1724 485 1792 537 At
1832 484 2002 538 bonus

2118 481 2274 538 ϐολον
2307 485 2504 557 ὀχυρὸν
2564 485 2629 537 ὲκ
2659 483 2878 555 βάθρων
2939 474 3245 537 ἀνασπάσει
3270 499 3287 513 ·
3321 483 3463 537 ἀλλὰ
3495 485 3691 554 ταύτην

433 564 723 633 Dominus,
759 570 898 624 hanc
929 572 1052 642 ejus
1082 574 1278 632 videns
1321 577 1616 641 insaniam,
1656 576 2011 631 miserebitur

432 670 645 722 eorum,
676 660 774 728 qui
806 661 860 716 in
894 663 997 719 has
1021 666 1367 722 calamitates
1393 669 1709 723 inciderint.

503 747 670 806 Vsus.
702 752 791 807 it.
832 772 851 806 ι
893 754 1031 811 Tum
1074 760 1224 839 enim.
1264 775 1463 820 suum.
1520 761 1722 833 inquit,
1772 763 2011 818 mutabit

431 842 728 911 spiritum:
759 855 813 901 et
839 850 1116 918 transibit,
1158 858 1212 906 et
1243 853 1655 923 propitiabitur.
1698 874 1717 908 ι
1748 853 1831 909 lra
1863 856 2011 909 enim

431 936 487 989 in
528 937 969 996 misericordiam
996 959 1288 1010 conversa,
1340 946 1615 1017 propitius
1652 949 1780 1012 erit,
1814 957 1865 1004 et
1915 949 2011 1002 tri-

432 1027 539 1081 stia
602 1030 859 1101 depellet.
907 1034 1090 1101 Quare
1142 1038 1404 1108 propheta
1462 1041 1867 1112 obstupescens
1910 1043 2012 1097 mi-

430 1122 784 1180 sericordiam
821 1127 940 1194 Dei,
975 1131 1343 1189 exclamavit:
1398 1152 1417 1184 ι
1455 1135 1583 1190 Haec
1615 1146 1698 1190 est
1748 1135 2012 1191 fortitudo

430 1212 543 1270 Deo
565 1232 708 1273 meo.
749 1239 767 1272 ι
802 1219 924 1277 Tibi
946 1223 1092 1277 enim
1123 1225 1249 1287 soli,
1277 1224 1524 1296 Domine,
1559 1227 1714 1282 adest
1738 1235 2009 1298 petcstas.

430 1312 486 1361 et
521 1308 785 1377 puniendi
822 1328 920 1384 pro
959 1315 1211 1381 arbitrio,
1241 1326 1295 1372 et
1328 1318 1704 1374 commutandi
1742 1321 2010 1375 ultionem

430 1398 486 1454 in
520 1401 979 1462 misericordiam.

506 1488 669 1548 Vsus.
700 1494 788 1548 12.
827 1515 845 1548 ι
884 1495 1077 1555 Nonne
1104 1506 1163 1555 tu
1191 1516 1219 1556 a
1251 1501 1547 1573 principio,
1584 1501 1838 1567 Domine,
1869 1494 2010 1560 Deus

425 1595 609 1649 meus,
637 1594 691 1641 et
717 1597 966 1656 sanctus,
996 1600 1183 1648 etnon
1215 1594 1556 1651 moriemur?
1584 1616 1602 1649 ι
1643 1596 1746 1663 Qui
1779 1598 1923 1652 enim
1958 1606 2011 1653 te

427 1688 460 1727 a
497 1675 772 1747 principio
826 1679 1117 1740 Dominum
1173 1693 1227 1741 et
1285 1684 1456 1742 Deum
1506 1689 1897 1758 cognovimus,
1955 1700 2009 1744 et

425 1767 686 1825 omnibus
714 1771 882 1827 rebus
908 1776 1277 1844 superiorem,
1322 1778 1419 1834 abs
1456 1789 1509 1834 te
1558 1779 1788 1836 salutem
1817 1796 2009 1838 conse-

424 1860 669 1929 quimur.
727 1881 745 1914 (
783 1861 1013 1920 Domine
1038 1908 1053 1934 ,
1104 1867 1159 1922 in
1204 1868 1474 1939 judicium
1509 1873 1741 1940 posuisti
1775 1888 1922 1939 eum,
1955 1882 2010 1929 et

423 1951 687 2008 formavit
740 1971 848 2021 me,
885 1966 943 2012 ut
973 1959 1351 2017 demonstrem
1403 1961 1753 2033 disciplinam
1783 1965 1923 2034 ejus.
1982 1984 2001 2017 ι

421 2041 508 2098 Ad
540 2045 666 2111 hoc,
700 2048 899 2119 inquit,
931 2050 1062 2106 olim
1097 2067 1182 2109 me
1213 2054 1440 2123 creasti,
1461 2062 1534 2138 ,ιιι
1573 2066 1870 2127 peccantes
1918 2073 2002 2112 ar-

424 2150 611 2207 guam,
643 2145 697 2193 et
728 2139 1049 2212 ingruentes
1080 2143 1471 2216 castigationes
1505 2144 1827 2216 praedicam.

496 2313 664 2373 Vens.
700 2317 789 2383 i3,
824 2317 910 2374 i4.
944 2337 963 2371 ι
1019 2319 1258 2379 Mundus
1306 2322 1504 2380 oculus
1553 2334 1703 2389 tuus,
1728 2340 1796 2383 ne
1818 2325 2000 2382 videat

421 2407 590 2475 mala,
624 2418 677 2465 et
708 2412 956 2481 aspicere
987 2412 1210 2470 labores
1241 2429 1349 2470 non
1375 2417 1585 2487 poteris
1611 2436 1624 2472 :
1650 2432 1823 2489 quare
1852 2418 2003 2488 aspi-

423 2497 504 2554 cis
532 2508 966 2572 contemptores,
997 2503 1230 2574 tacebis,
1262 2521 1386 2562 cum
1419 2507 1770 2564 devoraverit
1799 2508 2002 2579 impius

419 2591 678 2658 justum?
707 2590 772 2647 Et
802 2591 972 2650 facies
1018 2594 1273 2654 homines
1321 2600 1480 2670 quasi
1512 2600 1697 2670 pisces
1726 2601 1917 2664 maris,
1948 2607 2001 2656 et

424 2682 582 2751 quasi
616 2683 835 2754 reptilia
868 2700 976 2740 non
1007 2686 1270 2744 habentia
1301 2690 1543 2746 ducem?
1580 2709 1599 2743 ι
1638 2689 1695 2745 In
1727 2690 2000 2762 principio

421 2774 645 2845 quidem
673 2778 907 2848 positam
931 2780 1296 2852 quaestionem
1323 2792 1547 2855 propter
1572 2798 1667 2840 eos
1689 2786 1999 2854 proposuit,

420 2864 516 2936 qui
551 2867 606 2921 in
640 2868 776 2924 urbe
809 2868 1186 2945 Hierosolyma
1218 2874 1409 2946 inique
1456 2873 1733 2943 vivebant,
1791 2873 1998 2945 pra-di-

421 2975 557 3014 cens
605 2961 950 3030 punitionem
984 2965 1121 3036 ipsis
1153 2982 1250 3038 per
1281 2965 1575 3024 Chaldaeos
1620 2966 1993 3037 irrogandam,

426 3052 640 3125 1542
693 3056 786 3110 et’
836 3071 946 3111 non
1008 3059 1231 3115 nescius
1283 3057 1403 3116 fore
1448 3066 1510 3114 ut
1553 3058 1622 3115 de
1673 3059 1779 3114 hoc
1831 3059 1996 3114 etiam

2112 577 2282 630 αὑτοῦ
2336 577 2436 649 τὴν
2490 577 2736 650 μανίανό
2766 575 2970 644 ἀγαθὸς
3012 575 3347 645 θεασάμενος
3400 576 3691 644 Δεσπότης,

2114 667 2327 740 ἐλεήσει
2356 668 2481 732 τοὺς
2514 671 2636 730 ταῖς
2668 668 2979 738 συμφοραῖς
3014 665 3241 729 ταύταις
3275 666 3692 736 περιπεσόντας.

2187 765 2274 814 ια’.
2313 778 2332 811 ι
2375 760 2510 813 Τότε
2540 758 2671 831 γὰρ,
2707 761 2863 829 φησι,
2906 757 3206 828 μεταϐαλεῖ
3249 757 3313 809 τὸ
3338 752 3583 826 ’πνεῦμα
3608 759 3696 810 σῦ-

2111 851 2206 905 τοῦ
2229 853 2297 919 ”,
2353 854 2447 907 καὶ
2483 852 2834 917 διελεύσεται,
2858 850 2952 905 καὶ
2991 848 3318 914 ὲξιλάσεται.
3350 869 3370 902 ι
3401 851 3502 913 Είς
3527 845 3697 903 οἶκτον

2112 944 2223 1016 γὰρ
2253 943 2574 1017 μεταϐαλὼν
2617 945 2716 1014 τὴν
2758 943 2929 1016 ὀργὴν
2967 944 3128 1007 ἵλεως
3183 941 3361 1005 ἔσται,
3395 944 3498 995 καὶ
3522 943 3697 994 σϐἐσςι

2042 1033 2049 1041 ’
2110 1038 2181 1092 τὰ
2207 1037 2450 1109 λυπηρά.
2473 1037 2564 1090 Διὸ
2595 1036 2715 1090 λίαν
2742 1036 3037 1103 ἐκπλαγεὶς
3059 1036 3088 1088 6
3110 1035 3399 1106 προφήτης
3425 1032 3527 1102 τὴν
3556 1033 3696 1085 θείαν

2113 1127 2546 1197 φιλανθρωπίαν,
2608 1129 2868 1199 ἐϐόησεν·
2912 1147 2932 1179 ί
2970 1127 3118 1198 Αὕτη
3173 1131 3206 1198 ἡ
3266 1130 3424 1198 ίσχῦς
3470 1127 3550 1197 τῷ
3586 1126 3696 1197 Θεῴ

2117 1236 2239 1290 μου.
2275 1238 2294 1272 ι
2327 1220 2419 1273 Σοὶ
2441 1221 2549 1292 γὰρ
2579 1221 2726 1291 μόνῳ
2750 1219 3061 1290 πρόσεστιν,
3087 1212 3132 1272 ὧ
3151 1218 3419 1281 Δέσποτα,
3449 1218 3693 1287 δύναμις,

2115 1312 2209 1366 καὶ
2250 1311 2502 1376 κολάζειν
2539 1311 2615 1377 ὡς
2645 1311 2846 1383 βούλει,
2877 1312 2970 1367 καὶ
3014 1310 3378 1382 μεταϐάλλειν
3407 1309 3513 1381 τὴν
3531 1326 3694 1378 τιμω-

2115 1403 2240 1473 ρίαν
2272 1405 2353 1468 εἰς
2374 1403 2542 1458 ἔλεον.
3034 1414 3041 1423 '

2185 1492 2272 1563 ιβ’.
2304 1512 2324 1544 ι
2362 1494 2497 1565 Οὐχὶ
2525 1495 2589 1548 σὺ
2617 1495 2713 1548 ἀπ’
2742 1494 2940 1566 ἀρχῆς,
2970 1492 3143 1564 Κύριε
3179 1492 3246 1558 ⁵⁸,
3292 1494 3323 1545 6
3353 1491 3493 1554 Θεός
3529 1509 3630 1562 μου
3652 1492 3696 1525 ⁸⁸

2110 1585 2143 1637 6
2170 1584 2345 1653 ἅγιος,
2382 1587 2480 1640 καί
2513 1587 2573 1639 οὐ
2619 1586 2694 1658 μὴ
2743 1584 3146 1656 ἀποθάνωμενς
3191 1605 3209 1638 ι
3238 1586 3305 1638 Σὲ
3352 1585 3469 1656 γὰρ
3497 1579 3699 1639 ἄνωθεν

2113 1682 2395 1751 Δεσπότην
2426 1683 2519 1736 καὶ
2549 1682 2686 1736 Θεὸν
2714 1683 3037 1752 ἐγνωκότες,
3072 1683 3295 1737 καὶτῶν
3327 1683 3503 1736 ὀντων
3532 1683 3698 1736 ἁπάν-

2112 1791 2222 1828 των
2255 1775 2578 1848 ὑπέρτερον,
2620 1776 2720 1847 τῆς
2775 1776 2929 1848 παρὰ
2965 1775 3058 1829 σοῦ
3104 1776 3382 1846 σωτηρίας
3437 1775 3697 1845 τυγχάνο-

2116 1884 2237 1938 μεν.
2291 1885 2311 1920 ι
2357 1868 2552 1939 Κύριε,
2607 1870 2687 1933 είς
2738 1871 2916 1942 κρῖμα
2969 1869 3204 1940 τέταχας
3267 1855 3436 1922 αὑτὸν
3480 1868 3550 1934 ⁸⁸,
3606 1868 3697 1920 καὶ

2110 1960 2313 2015 ἐπλασέ
2338 1979 2405 2034 με
2432 1960 2525 2018 τοῦ
2583 1962 2826 2035 ἐλέγχειν
2863 1962 3112 2018 παιδείαν
3136 1963 3324 2019 αὑτοῦ.
3361 1983 3380 2014 ι
3408 1963 3505 2024 Εἰς
3534 1961 3685 2015 τοῦτό

2113 2066 2202 2122 με,
2225 2052 2413 2123 φησὶν,
2447 2050 2654 2107 ἄνωθεν
2684 2052 2764 2117 εἰς
2791 2053 2851 2107 τδ
2877 2048 3020 2108 εἶναι
3054 2055 3403 2127 παρήγαγες,
3445 2053 3589 2107 ὥστε
3607 2054 3698 2106 καὶ

2107 2140 2234 2204 τοὺς
2260 2142 2676 2213 ἁμαρτάνοντας
2693 2142 3015 2213 διελέγχειν,
3042 2145 3138 2197 καὶ
3167 2147 3265 2207 τὰς
3292 2143 3695 2213 ἐπιφερομένας

2109 2232 2397 2303 προλέγειν
2430 2234 2702 2298 παιδείας.

2177 2330 2264 2394 ιγ’,
2286 2324 2369 2379 ιδ’.
2393 2347 2411 2377 ι
2450 2325 2701 2397 Καθαρὺς
2734 2327 2762 2381 6
2778 2327 2827 2359 ⁸⁷
2850 2325 3129 2396 ὀφθαλμός
3174 2323 3439 2379 σουωτοῦ
3469 2324 3551 2394 ,μὴ
3570 2324 3695 2394 όρᾷν

2102 2415 2337 2486 πονηρὰ,
2368 2416 2462 2470 καὶ
2494 2416 2813 2472 ἐπιϐλέπειν
2857 2418 2951 2472 ἐπὶ
3002 2419 3049 2451 ⁸⁸
3103 2417 3302 2481 πόνους
3336 2417 3398 2469 οὐ
3444 2416 3647 2487 δυνήσῃ
3672 2431 3691 2446 ο

2102 2505 2156 2558 τί
2188 2506 2234 2539 ⁸ο
2276 2507 2591 2571 magna;
2617 2508 2710 2561 ἐπὶ
2755 2508 3255 2579 καταφρονοῦντας,
3323 2508 3687 2578 παρασιωπήι

2105 2613 2219 2655 σεις
2250 2598 2292 2630 ⁶¹
2330 2600 2386 2652 ἐν
2414 2598 2490 2671 τῷ
2548 2600 2872 2654 καταπίνειν
2912 2601 3083 2671 ἀσεϐῆ
3114 2600 3205 2653 τῦν
3230 2599 3443 2653 δίκαιον
3475 2599 3558 2664 ⁶¹ς
3587 2598 3692 2650 Καὶ

2086 2690 2493 2759 Δττοιήσει,τ.τοὺς
2513 2688 2835 2760 ἀνθρώπους
2868 2690 2941 2754 ὡς
2967 2690 3094 2754 τοὺς
3132 2689 3324 2759 ίχθύας
3362 2692 3467 2759 τῆς
3502 2688 3693 2741 Galam

2102 2797 2223 2850 σης,
2251 2781 2345 2834 καὶ
2371 2781 2446 2845 ὡς
2479 2782 2684 2852 ἑρπετὰ
2720 2784 2767 2817 ⁸³
2790 2785 2890 2837 οὐκ
2916 2782 3107 2854 ἔχοντα
3148 2781 3459 2855 ἡγούμενον
3482 2800 3499 2845 ς
3537 2801 3557 2833 ι
3580 2782 3687 2852 Τὴν

2105 2867 2329 2940 μὲνοῦν
2362 2874 2421 2926 ἐν
2451 2872 2529 2944 τῷ
2575 2875 2847 2945 προοιμίῳ
2898 2874 3162 2946 κειμένην
3212 2875 3562 2946 ἐπαπόρησιν
3598 2875 3685 2929 διὰ

2099 2966 2227 3030 τοὺς
2288 2966 2348 3019 ὲν
2394 2967 2461 3038 τῇ
2507 2956 2885 3037 Ἰερουσαλὴμ
2923 2965 3381 3037 παρανομοῦντας
3427 2966 3681 3029 τέθεικε,

2102 3057 2477 3129 προθεσπίσας
2499 3058 2555 3112 δὲ
2578 3059 2680 3130 τὴν
2719 3058 2808 3113 διὰ
2835 3056 2881 3091 ⁸⁸
2913 3057 3022 3111 τῶν
3064 3057 3351 3111 Χαλδαίων
3380 3056 3681 3126 ὲπαχθησο-

418 3143 610 3199 multis
637 3147 869 3214 quaestio
899 3147 1243 3215 nasceretur,
1288 3163 1397 3220 qua
1424 3149 1494 3205 de
1524 3164 1692 3207 causa
1720 3150 1998 3206 scelestis-

2113 3152 2278 3224 μένην
2310 3152 2494 3216 αὐτοῖς
2529 3151 2824 3224 τιμωρίαν,
2864 3152 2961 3205 καὶ
2992 3150 3149 3215 εἰδὼς
3182 3151 3259 3214 ὡς
3283 3151 3380 3204 καὶ
3415 3151 3548 3222 περὶ
3568 3150 3685 3203 τού-ι

421 3237 579 3293 simis
609 3253 704 3294 eos
736 3240 829 3310 qui
861 3242 1113 3311 graviora
1147 3251 1515 3313 peccaverant
1560 3243 1878 3309 tradiderit,
1931 3259 1995 3301 ea

2113 3256 2195 3293 του
2219 3239 2431 3303 πολλοῖς
2460 3239 2785 3311 τεχθήσεται
2812 3238 3064 3310 ζήτησις,
3092 3240 3210 3294 ἀνθ’
3230 3240 3356 3293 ὅτου
3390 3243 3507 3304 τοῖς
3529 3257 3687 3309 ato-ir,-

420 3346 545 3398 qum
595 3330 756 3386 modo
792 3332 938 3387 dicta
983 3340 1113 3389 sunt
1163 3334 1460 3405 apposuit:
1514 3350 1623 3390 non
1675 3343 1736 3390 ut
1794 3334 1997 3406 ipsein

421 3423 662 3478 divinam
688 3425 1086 3494 providentiam
1109 3427 1387 3483 curiosius
1413 3427 1658 3499 inquirat
1681 3447 1694 3484 :
1720 3429 1999 3501 quomodo

421 3515 567 3569 enim
603 3516 709 3571 hoc
746 3517 860 3574 ﬁeri
889 3518 1163 3589 potuisset
1190 3519 1260 3575 ab
1289 3534 1354 3576 eo
1385 3522 1479 3592 qui
1509 3536 1569 3578 se
1599 3520 1667 3575 ad
1698 3522 1999 3593 reprehen-

421 3608 632 3665 dendos
676 3610 813 3666 alios
844 3621 1095 3667 creatum
1131 3611 1313 3668 dixit?
1339 3613 1437 3669 sed
1483 3620 1546 3669 ut
1583 3614 1714 3668 talia
1749 3628 2000 3686 quaeren-

422 3703 560 3789 tium
611 3704 978 3777 cogitationes
1026 3706 1307 3781 depingat.
1364 3707 1529 3773 Scio,
1583 3707 1799 3778 inquit,
1854 3707 1999 3777 quod

424 3794 724 3852 abhorreas
755 3798 825 3853 ab
846 3800 995 3854 omni
1028 3801 1260 3864 malitia,
1294 3816 1421 3856 nam
1448 3800 1685 3871 justitim
1728 3799 1854 3855 fons
1889 3814 1990 3854 es:

423 3885 520 3940 sed
543 3901 883 3956 cognoscere
909 3889 1096 3960 cupio,
1127 3904 1230 3944 cur
1266 3889 1546 3959 superbos
1583 3898 1638 3943 et
1676 3886 2001 3957 stupiditate

417 3978 740 4038 laborantes
779 3980 973 4037 felices
1027 3998 1153 4038 esse
1209 3982 1517 4052 permittas,
1573 3989 1627 4035 et
1678 3986 2001 4034 contemnas

421 4086 542 4133 eos.
574 4072 668 4145 qui
716 4071 783 4125 ab
816 4071 1001 4143 impiis
1050 4071 1312 4143 injuriam
1347 4086 1457 4127 non
1506 4071 1645 4127 tales
1694 4068 1996 4154 accipiunt.

420 4161 641 4219 Iustum
672 4164 818 4220 enim
852 4163 957 4220 hoc
988 4165 1109 4221 loco
1135 4179 1242 4219 non
1266 4178 1363 4234 per
1386 4161 1569 4217 omnia
1595 4161 1806 4231 justum
1837 4175 1999 4217 voca-

419 4259 520 4322 vit,
546 4258 643 4314 sed
679 4274 775 4329 per
806 4258 1299 4329 comparationem,
1342 4253 1599 4324 injuriam
1629 4252 1867 4309 faciente
1904 4253 2000 4323 ju-

2104 3334 2348 3404 ροτάτοις
2372 3333 2501 3396 τοὺς
2538 3331 2763 3402 μείζονα
2800 3333 3136 3396 πταίσαντας
3192 3332 3578 3402 παραδέδωκε,
3623 3331 3689 3384 τὰ

2101 3424 2196 3478 νῦν
2235 3424 2503 3495 εἰρημένα
2550 3423 2818 3489 τέθεικεν,
2849 3425 2948 3495 οὐχ
2976 3424 3054 3489 ὼς
3097 3424 3261 3489 αὐτὸς
3286 3423 3388 3495 τὴν
3414 3424 3569 3477 θείαν
3598 3440 3689 3475 πε-

2103 3517 2529 3592 ριεργαζόμενος
2585 3517 2866 3587 πρόνοιαν,
2905 3517 3043 3589 (πῶς
3072 3518 3180 3590 γὰρ
3216 3518 3310 3587 ὅγε
3338 3519 3422 3581 εἰς
3470 3516 3689 3588 ἔλεγχον

2099 3610 2209 3664 τῶν
2236 3610 2409 3665 ἄλλων
2437 3609 2833 3682 διαπλασθῆναι
2881 3611 3112 3683 φήσας;)
3159 3610 3296 3665 ἀλλὰ
3344 3610 3458 3663 τῶν
3495 3611 3565 3663 τὰ
3585 3626 3689 3663 τοι·
3772 3652 3779 3669 .

2102 3703 2241 3756 αὖτα
2292 3699 2599 3772 ζητούντων
2646 3701 2777 3766 τοὺς
2832 3700 3128 3773 λογισμοὺς
3195 3700 3530 3772 διαγρᾶψας.
3575 3702 3680 3753 Καί

2103 3810 2269 3865 φησιν
2294 3811 2308 3824 ·
2347 3793 2471 3847 Ὅτι
2495 3793 2676 3848 πᾶσαν
2722 3791 2981 3864 βδελύττῃ
3031 3792 3319 3863 πονηρίαν,
3347 3793 3681 3863 ἐπίσταμαι·

2100 3884 2449 3955 δικαιοσύνης
2516 3884 2627 3956 γὰρ
2680 3882 2952 3955 ὑπάρχεις
3001 3884 3188 3956 πηγή’
3238 3883 3465 3955 ἐφίεμαι
3495 3884 3553 3937 δὲ
3578 3902 3679 3952 μαι

2102 3974 2235 4040 θεῖν,
2271 3974 2324 4028 τί
2361 3974 2559 4047 δήποτε
2604 3974 2731 4038 τοὺς
2778 3972 3043 4039 ἀλαζόνας
3087 3974 3180 4035 καὶ
3225 3975 3569 4044 ἀναλγησίαν
3594 3993 3679 4028 νο-

2104 4066 2351 4130 σοῦντας,
2379 4065 2708 4135 εὖπράττειν
2729 4065 2847 4137 ἐᾷς,
2877 4065 2974 4119 καὶ
2997 4067 3261 4137 περιορᾷς
3287 4066 3396 4120 ὑπὸ
3417 4067 3530 4121 τῶν
3554 4067 3678 4121 δυσ-

2104 4153 2404 4210 σεϐούντων
2439 4155 2567 4220 τοὺς
2588 4155 2651 4209 οὐ
2676 4155 2951 4221 τοιούτους
2990 4156 3401 4229 ἀδικουμένους.
3440 4157 3556 4214 Τὸν
3583 4158 3691 4230 γὰρ

2102 4246 2335 4302 δίκαιον⁴
2362 4245 2597 4301 ἐνταῦθα
2634 4246 2696 4301 οὐ
2718 4246 2810 4301 τὸν
2839 4247 2898 4301 ἑν
2940 4246 3114 4302 ἅπασι
3149 4248 3362 4304 δίκαιον
3399 4249 3690 4321 κέκληκεν,

421 4351 674 4406 stiorem.
706 4349 800 4405 Sic
832 4349 977 4404 enim
1006 4348 1231 4419 Aquila,
1256 4353 1310 4401 et
1345 4344 1717 4416 Symmachus
1738 4354 1793 4401 et
1827 4343 2000 4401 Theo-

2113 4336 2239 4394 ι).λά
2265 4338 2404 4393 κατὰ
2424 4336 2716 4411 σύγκρισιν
2746 4337 2840 4392 τὸν
2856 4339 2954 4393 τοῦ
2987 4337 3303 4406 ἀδικοῦντος
3327 4340 3690 4413 δικαιότερον.

421 4441 579 4496 dotio
608 4439 956 4510 interpretati
994 4446 1124 4495 sunt
1155 4454 1168 4489 :
1207 4455 1225 4487 ι
1279 4434 1456 4490 Taces
1479 4434 1780 4491 devorante
1829 4434 2000 4507 impio

2113 4429 2260 4485 Οὕτω
2283 4429 2393 4501 γὰρ
2414 4428 2510 4483 καὶ
2539 4429 2569 4482 6
2606 4429 2861 4496 Ἀκύλας,
2888 4430 2983 4485 καὶ
3012 4431 3041 4484 6
3079 4430 3402 4504 Σύμμαχος,
3441 4436 3539 4488 καὶ
3558 4434 3693 4488 θεο-

416 4533 708 4604 justiorem
742 4547 820 4588 se.
851 4550 870 4583 ›
905 4528 1061 4596 Quod
1090 4529 1136 4585 si
1174 4528 1291 4584 haec
1319 4528 1395 4582 ita
1429 4527 1583 4593 fiant,
1609 4527 1749 4583 nihil
1779 4527 1999 4584 diﬂ'eret

2113 4520 2291 4574 Βοτίων
2321 4519 2702 4592 ἡρμηνεύκασι
2726 4536 2743 4553 ·
2798 4538 2818 4573 ι
2881 4521 3258 4595 Παρασιωπᾷς
3300 4524 3692 4588 καταπίνοντος

420 4625 708 4681 hominum
745 4629 943 4677 natura
997 4635 1027 4675 a
1066 4620 1287 4686 belluis,
1335 4633 1457 4690 quae
1498 4618 1552 4673 in
1585 4618 1746 4689 aquis
1777 4618 1995 4687 vivunt,

2113 4609 2332 4672 ὶσεϐοὖς
2358 4609 2450 4663 τὸν
2479 4608 2820 4681 δικαιότερον
2861 4608 3051 4664 αὐτοῦ.
3094 4627 3114 4662 ι
3152 4609 3314 4665 οὕτω
3343 4611 3403 4664 δὲ
3439 4611 3535 4665 καὶ
3562 4611 3693 4665 τού-

421 4730 545 4786 qua:
572 4729 674 4769 nec
716 4712 1081 4784 iegislatores,
1119 4728 1223 4771 nec
1252 4713 1470 4785 judices
1514 4711 1744 4778 habent,
1782 4711 1880 4768 sed
1930 4712 1999 4768 ad

2113 4720 2210 4757 των
2241 4700 2603 4771 γιγνομένων,
2643 4699 2798 4754 οὐδὲν
2823 4697 3016 4753 διοίσει
3045 4699 3155 4753 τῶν
3179 4700 3491 4772 ἀνθρώπων
3528 4703 3562 4772 ἠ
3587 4700 3693 4769 96—

418 4805 662 4875 praedam
712 4806 1118 4876 potentioribus
1169 4806 1505 4862 infirmiores
1559 4804 1801 4876 expositi
1844 4813 1998 4861 sunt.

423 4895 637 4951 Similis
687 4896 832 4952 enim
880 4906 935 4955 et
981 4898 1071 4955 hic
1122 4899 1313 4971 inique
1366 4913 1467 4955 sua
1522 4897 1768 4969 potentia
1814 4904 1997 4953 utens.

422 4987 782 5060 Babylonium
815 5000 996 5047 autem
1030 4991 1303 5064 designat.

494 5249 665 5309 Vsus.
717 5250 805 5320 15,
842 5252 927 5306 16.
970 5270 989 5303 ι
1034 5238 1454 5310 Consummatio
1499 5256 1551 5308 in
1605 5253 1766 5308 hamo
1815 5252 2000 5309 suble-

423 5344 573 5400 vavit
601 5358 747 5409 eum,
782 5352 836 5398 et
868 5345 1089 5398 attraxit
1127 5362 1250 5400 eum
1285 5347 1339 5400 in
1366 5346 1595 5401 reticulo
1621 5358 1744 5408 suo,
1772 5351 1827 5398 et
1854 5359 1983 5400 ron-

2104 4809 2206 4857 σις.
2232 4791 2343 4846 τῶν
2373 4793 2431 4845 ὲν
2461 4792 2578 4855 τοῖς
2629 4789 2787 4845 ὕδασι
2810 4788 3185 4862 διαιτωμένων
3223 4789 3456 4858 ἀλόγων,
3504 4790 3542 4845 ἃ
3566 4789 3693 4844 οὔτε

2101 4883 2419 4954 νομοθέτας,
2434 4882 2561 4937 οὔτε
2596 4883 2790 4955 κριτὰς
2807 4881 3043 4954 ἔχουσιν·
3062 4881 3179 4936 ἀλλ’
3192 4882 3274 4946 είς
3290 4881 3459 4954 βορὰν
3472 4886 3587 4947 τοῖς
3601 4882 3694 4936 δυ-

2028 5010 2033 5013 -
2103 4975 2431 5045 νατωτέροις
2455 4974 2505 5027 οἱ
2523 4972 2905 5045 ἀσθενέστεροι
2930 4973 3267 5046 πρόκεινται.
3293 4975 3451 5028 Κατὰ
3466 4977 3694 5038 τούτους

2103 5068 2211 5140 γὰρ
2234 5069 2327 5121 καὶ
2360 5059 2515 5130 οὗτος
2557 5065 2746 5131 κακῶς
2766 5068 2834 5137 τῇ
2857 5066 3150 5138 δυναστεία
3188 5066 3494 5139 χρώμενος.
3522 5069 3694 5138 Λέγει

2107 5158 2163 5213 δὲ
2190 5158 2283 5213 τὸν
2314 5157 2680 5212 Βαϐυλώνιον.

2181 5251 2263 5319 ιε’,
2297 5258 2393 5317 ις’.
2427 5269 2447 5303 ι
2482 5250 2800 5305 Συντέλειαν
2819 5253 2864 5285 ⁸⁵
2899 5252 2955 5305 ὲν
2981 5251 3270 5323 ἀγκίστρῳ
3298 5253 3613 5307 ἀνέσπασεν
3651 5255 3697 5286 ⁸⁸

2090 5344 2274 5409 αὐτὸν,
2319 5344 2415 5397 καὶ
2451 5343 2705 5397 εἵλκυσεν
2740 5344 2908 5397 αὐτὸν
2951 5344 3011 5399 ὲν
3057 5345 3453 5416 ἀμφιϐλήστρῳ
3493 5344 3692 5409 αὐτοῦ,

1730 5507 1962 5563 VARUE
2002 5505 2402 5564 LECTIONES.

523 5605 570 5636 ⁸³
593 5603 716 5658 αὐτ.
751 5603 873 5658 Dos.
911 5603 963 5656 in
1009 5603 1071 5654 Α.

430 5675 476 5705 ⁵⁸
511 5690 627 5729 σου.
663 5673 789 5726 Des.
816 5673 891 5725 ili.
1001 5674 1046 5703 ⁸⁵³
1087 5673 1195 5725 ἐπί.
1237 5672 1307 5725 lix
1342 5673 1381 5723 Α
1416 5683 1467 5723 ct
1500 5672 1540 5723 (ἶ
1576 5673 1750 5738 suppl.

428 5745 494 5795 αὖ
504 5744 609 5797 τόν.

427 5814 473 5843 ⁵⁸
512 5814 549 5865 Δ
580 5812 904 5866 (mutilum.

1181 5602 1224 5632 5"
1259 5603 1295 5653 Α
1327 5602 1550 5671 Κύριος.

985 5819 1028 5841 θ”τ
1059 5812 1143 5866 ἀν.
1180 5809 1241 5852 Ᾱ-
1276 5814 1408 5882 ἀμφ.
1447 5812 1562 5863 αὐτ.
1598 5809 1720 5867 Des.
1763 5814 1815 5865 in
1847 5809 1909 5867 Δ.

789 5744 1079 5822 δυνῗδηηιζ
1115 5740 1152 5804 ¹ν
1209 5759 1258 5811 Ρ·
1285 5740 1500 5822 ,12Ἱ(ἶν.
1535 5742 1666 5822 ὼξξὶ
1722 5744 1870 5822 ὲξλπη
1895 5742 1969 5813 μὴ
2022 5744 2127 5813 ἔχη
2187 5760 2236 5795 κ.
2286 5759 2332 5795 τ.
2368 5741 2416 5795 λ.
2450 5741 2491 5795 C
2542 5741 2614 5804 ὡς
2647 5740 2733 5799 τά.

1654 5603 1701 5633 ³⁵
1737 5620 1855 5672 μου.
1911 5605 1964 5656 In
2026 5606 2068 5657 A
2102 5609 2228 5672 post
2283 5601 2434 5668 ἅγιος
2497 5601 2739 5672 ponitur.
2817 5597 2937 5672 “AC
2968 5598 3124 5672 αὐτό.
3163 5598 3245 5672 __"
3280 5598 3329 5672 ὁ.
3366 5593 3475 5672 Des.
3527 5595 3587 5672 in

1857 5675 1900 5704 ⁵ο
2010 5669 2167 5726 ίνατί.
2247 5672 2288 5703 ⁶¹
2320 5673 2381 5752 Λ.
2404 5670 2523 5752 ριηϐ
2558 5669 2991 5752 ςπαρᾳσιωπήσῃ.

3083 5670 3129 5699 ⁶²
3156 5669 3263 5721 δῖκ.
3297 5668 3338 5719 Δ
3371 5666 3486 5718 add.
3548 5664 3692 5727 ὑπὲρ

2838 5734 3093 5810 Ε’.δὲτὴν
3155 5739 3262 5792 διὰ.
3312 5734 3444 5790 ιίιίὶ
3500 5736 3686 5805 suppl.
