3956 6202
197 362 318 428 181⁸1

1402 365 1478 427 [Ν
1505 367 1851 430 HABACUC
1884 367 2046 430 CAP.
2079 369 2163 432 II.

3300 371 3443 439 1818

202 477 291 532 και
317 474 362 509 ⁸⁷
391 473 700 544 συνήγαγεν
748 471 909 527 αὑτὸν
966 473 1023 527 ὲν
1073 473 1192 537 ταῖς
1248 474 1519 545 σαγήναις
1574 473 1764 530 αὐτοῦ.

1896 478 2118 549 {regerit
2146 491 2272 534 eum
2308 477 2365 535 iu
2404 478 2622 550 sagcnis
2652 479 2790 535 suis.
2828 479 3057 549 Propter
3103 480 3207 537 hoc
3243 482 3445 538 laetam-

209 570 426 622 Ἕνεκεν
473 564 664 618 τούτου
722 565 1179 636 εὐφρανθήσεται,
1234 567 1328 619 καὶ
1385 568 1689 639 χαρήσεται
1734 571 1769 638 ἠ

210 658 399 729 καρδία
451 655 617 710 αὐτοῦ
672 656 737 709 ⁸⁸.
782 647 1012 709 Ἕνεκεν
1049 656 1238 709 τούτου
1285 655 1437 711 θύσει
1470 658 1533 729 τῇ
1562 660 1775 732 σαγήνῃ

209 748 389 812 αὑτοῦ,
419 747 510 801 καὶ
541 746 798 817 θυμιάσει
825 747 902 817 τῷ
947 747 1344 818 ἀμφισλήστρῳ
1386 748 1551 802 αὑτοῦ
1581 765 1596 781 ο
1618 750 1700 803 ὅτι
1726 751 1772 782 ⁸⁸

209 845 264 895 ὲν
291 842 469 903 αὐτοῖς
499 840 721 892 ὲλίπανε
778 840 970 910 μερίδα
1003 839 1191 904 αὐτοῦ,
1245 841 1342 894 καὶ
1386 842 1454 894 τὰ
1509 841 1775 913 βρώματα

208 933 366 985 αὐτοῦ
393 931 643 986 ἑκλεκτά.
680 952 696 982 ι
733 930 1014 1001 Τοσαύτην
1039 931 1145 1000 γὰρ
1177 931 1486 1002 περίκειται
1519 931 1770 1004 δύναμιν,

209 1027 279 1088 ὡς
304 1026 570 1096 ὁλόκληρα
612 1024 739 1093 ἔθνη
794 1024 1043 1095 καθάπερ
1084 1025 1190 1077 τινὶ
1229 1027 1444 1099 σαγήνῃ
1487 1026 1584 1079 καὶ
1611 1026 1773 1095 ἀγκίσ-

213 1135 354 1189 στρῳ
372 1116 642 1188 θηρεύειν,
673 1120 767 1169 καὶ
800 1119 860 1186 τῇ
891 1116 1034 1188 θήρᾳ⁴
1082 1118 1440 1187 ὲπεντρυφᾷν.
1479 1118 1571 1180 El;
1623 1116 1682 1170 δὲ
1713 1117 1775 1171 τὸ

211 1213 306 1281 τῆς
351 1211 666 1279 ἀλαζονείας
723 1210 893 1274 πάθος
939 1208 1187 1263 ἐντεῦθεν
1237 1210 1541 1274 ἐκπίπτων,
1594 1209 1775 1263 αἰτίαν

213 1303 667 1373 τῶνγιγνομένων
721 1302 888 1372 μόνην
934 1302 1031 1370 τὴν
1075 1302 1282 1355 οἰκείαν
1317 1303 1491 1354 οἴεται.
1518 1300 1774 1371 δύναμιν,

213 1396 299 1448 καὶ
333 1394 507 1467 ταύτῃ
531 1393 629 1456 τὰς
658 1392 807 1456 θείας
831 1392 1159 1463 προσφέρειν
1198 1392 1560 1463 παρακελεύει
1584 1393 1771 1463 τιμάς.

213 1486 459 1539 Τοῦτοηδὲ
493 1486 821 1555 σαφέστερον
872 1486 1018 1555 ἡμᾶς
1058 1486 1086 1537 ὁ
1136 1484 1275 1548 θεῖος
1317 1485 1524 1549 ἐδίδαξε
1554 1485 1773 1556 Δανιὴλ,

213 1578 411 1649 χρυσῆν
439 1577 603 1631 αὐτὸν
631 1577 817 1629 εἰκόνα
852 1577 1260 1630 κατασκευάσαι
1286 1577 1489 1646 φήσας,
1516 1578 1609 1630 καὶ
1640 1576 1774 1630 ταύ-

209 1684 303 1737 την
327 1668 700 1738 προσκυνῆσαι
724 1665 832 1719 τῶν
865 1665 1120 1735 ὑπηκόων
1136 1666 1442 1733 ἀναγκάσαι
1469 1666 1528 1718 τὸ
1550 1667 1772 1735 πλῆθος,

213 1760 298 1812 aut
328 1759 461 1829 πρὸς
493 1761 606 1822 τοῖς
637 1758 961 1828 ἀρχομένοις
986 1757 1112 1820 τοὺς
1143 1757 1428 1827 ἄρχοντας.
1448 1759 1557 1812 Καὶ
1581 1759 1609 1811 ὁ
1632 1758 1774 1821 θεῖος

1880 577 1992 635 tur,
2020 578 2070 624 et
2097 569 2356 639 gaudebit
2385 585 2483 626 cor
2512 570 2656 641 ejus.
2688 569 2986 641 Propterea
3031 571 3333 629 immolahit
3357 589 3447 628 sa-

1874 676 2027 733 gena:
2056 678 2190 729 suae,
2231 671 2287 719 et
2310 662 2554 720 sumtum
2608 663 2864 718 incendet
2902 663 3003 718 reti
3034 677 3171 719 suo:
3228 666 3358 735 quia
3394 667 3445 720 iu

1874 753 2009 822 ipsis
2043 754 2379 811 incrassavit
2423 764 2632 826 partem
2678 769 2858 818 suam,
2898 763 2953 811 et
2983 770 3126 811 esca:
3168 755 3290 825 ejus
3335 757 3448 812 ele-

1874 849 1995 899 ctae.
2023 863 2044 896 ι
2081 843 2258 900 Tanto
2286 846 2435 901 enim
2473 845 2672 901 robore
2698 845 2958 916 praeditus
2981 855 3086 909 est,
3120 856 3180 899 ιιι
3209 848 3449 916 integras

1874 939 2136 994 nationes
2176 947 2438 1009 tanquam
2466 952 2666 1009 sagena
2694 938 2929 1008 quadam
2967 938 3177 1009 1553
3213 946 3266 994 et
3289 939 3451 994 hamu

1874 1035 2129 1091 venetur,
2165 1038 2221 1085 et
2271 1030 2511 1099 praedam
2553 1031 2608 1085 in
2640 1029 2856 1086 deliciis
2901 1029 3123 1084 habeat.
3155 1029 3288 1085 lude
3319 1046 3450 1085 vero

1874 1121 2132 1191 superbia
2186 1122 2384 1187 elatus,
2442 1132 2723 1194 gestorum
2780 1135 3007 1177 suorum
3040 1135 3266 1175 causam
3302 1121 3451 1175 solas

1877 1213 2126 1283 prOprias
2157 1214 2303 1269 vires
2331 1229 2452 1270 esse
2484 1219 2660 1284 putat,
2694 1220 2748 1268 et
2788 1212 2943 1268 hisee
2970 1211 3188 1268 divinos
3213 1211 3450 1268 honores

1877 1305 2067 1362 haberi
2098 1298 2276 1376 jubet.
2329 1304 2486 1372 Quod
2546 1305 2793 1376 apertius
2848 1319 2952 1360 nos
2999 1305 3220 1359 divinus
3259 1303 3451 1359 Daniel

1875 1399 2125 1465 docuitx,
2162 1407 2401 1453 statuam
2457 1411 2683 1452 auream
2704 1397 2858 1451 illum
2910 1395 3112 1450 fecisse
3150 1395 3366 1459 dicens,
3398 1403 3450 1450 et

1875 1492 2017 1547 hanc
2047 1500 2107 1545 ut
2153 1489 2472 1551 adorarent,
2523 1487 2872 1544 subditorum
2920 1485 3351 1550 multitudinem,
3397 1494 3452 1538 et

1875 1581 2043 1638 simul
2097 1595 2224 1635 cum
2275 1578 2515 1635 subditis
2568 1577 2850 1648 principes
2902 1575 3172 1645 coegisse.
3228 1573 3453 1629 Divinus

1875 1673 2040 1729 etiam
2093 1670 2290 1737 Isaias,
2342 1669 2465 1741 ejus
2512 1669 2825 1739 superbiam
2889 1667 3051 1724 simul
3096 1677 3151 1723 et
3186 1666 3452 1722 ultionem

1876 1765 2088 1835 tragice
2120 1763 2469 1825 describens,
2502 1772 2561 1817 et
2593 1760 2962 1829 cogitationes
2983 1759 3103 1829 ejus
3132 1758 3453 1815 ostendens.

212 1851 264 1903 δὲ
301 1852 548 1913 Ἡσαΐας,
574 1851 667 1904 καὶ
695 1850 791 1922 τὴν
826 1850 1145 1913 ἀλαζονείαν
1179 1849 1343 1903 αὐτοῦ
1368 1850 1461 1903 καὶ
1484 1849 1584 1919 τὴν
1611 1867 1774 1921 τιμω-

1896 1856 1991 1909 ιὶιι
2028 1873 2048 1904 ι
2112 1850 2423 1907 Ascendam
2487 1863 2654 1918 super
2681 1846 2880 1911 nubes,
2907 1860 3075 1916 supra
3113 1844 3295 1900 sidera
3326 1842 3452 1898 σαιιί

216 1944 327 2014 ρίαν
359 1942 503 2005 κατὰ
551 1941 748 1995 ταυτὸν
805 1939 1122 2013 τραγῳδῶν,
1189 1939 1284 1993 καί
1316 1942 1442 2004 τοὺς
1474 1941 1772 2011 λογισμοὺς

212 2035 366 2087 αὑτοῦ
402 2032 597 2105 δήλους
625 2032 815 2095 ποιῶν,
855 2031 1052 2100 φησίν·
1092 2047 1112 2081 ι
1161 2029 1531 2100 ’Δναϐήσομαι
1560 2030 1780 2084 ἐπὶτῶν

213 2126 458 2195 νεφελῶν,
487 2125 672 2179 ἐπάνω
707 2123 816 2177 τῶν
858 2123 1075 2194 ἄστρων
1118 2122 1213 2176 τοῦ
1243 2121 1475 2193 ούρανοῦ
1510 2122 1662 2192 θήσω
1690 2121 1780 2175 τὸν

213 2218 388 2288 θρόνον
409 2234 515 2289 μου
536 2234 550 2247 ·
577 2215 962 2286 καταλήψομαι
980 2214 1077 2285 τὴν
1094 2214 1423 2284 οἰκουμένην
1444 2214 1519 2278 ὡς
1538 2214 1779 2277 νοσσιὰν,

214 2315 301 2367 καὶ
319 2313 393 2377 ὡς
426 2312 905 2382 καταλελειμμένα
934 2310 1018 2363 ὡὶι
1053 2308 1191 2380 ἀρῶ.
1219 2327 1237 2358 ι
1268 2303 1363 2370 Οἷς
1397 2308 1558 2370 εὐθὺς
1586 2306 1779 2375 ἐπιφέ-

1876 1958 2074 2015 ponam
2142 1944 2402 1995 thronum
2459 1951 2641 1994 meum
2687 1955 2702 1992 :
2756 1934 3216 2005 comprehendam
3266 1931 3454 1986 orbem

1876 2045 2177 2099 terrarum,
2204 2032 2354 2088 sicut
2387 2029 2603 2096 nidum,
2637 2035 2692 2085 et
2721 2028 2866 2085 sicut
2916 2039 3018 2080 ova
3065 2025 3326 2080 derelicta
3352 2023 3456 2077 tol-

1875 2126 1984 2180 lam
2002 2134 2053 2178 γ.
2082 2144 2100 2177 ι
2126 2124 2338 2189 Quibus
2380 2128 2507 2192 post
2541 2121 2725 2190 aliqua
2770 2117 3055 2189 subjungit
3081 2135 3096 2172 :
3124 2135 3142 2168 ι
3168 2116 3371 2170 Subter
3404 2125 3461 2167 te

1876 2222 2130 2271 sternent
2175 2214 2404 2279 tineam,
2453 2211 2860 2281 operimentum
2906 2217 3060 2261 tuum
3118 2204 3270 2276 (erit)
3324 2217 3455 2257 ver-

1876 2308 1982 2362 mis
2002 2317 2050 2359 ι.
2082 2323 2100 2356 ι
2142 2305 2207 2357 Et
2239 2305 2436 2367 beatus
2467 2301 2731 2355 llabacuc
2759 2299 3026 2368 propheta
3053 2315 3067 2351 :

142 2431 148 2439 -
220 2354 396 2478 ρει
439 2354 868 2459 ὙποκάτωΠσου
916 2354 1217 2475 στρώσὲυσι
1252 2354 1436 2471 σῆιῐῖιν,
1466 2354 1560 2453 καὶ
1586 2399 1646 2452 τὸ
1677 2354 2429 2470 ᾆάλυμᾷἇὲοιᾷή
2459 2393 2573 2449 Καὶ
2638 2392 2666 2445 δ
2726 2354 2995 2463 μακάριος
3056 2382 3382 2456 ’Δμϐακοίιμ
3432 2354 3463 2437 Ὶὸ

221 2500 501 2572 προφήτης
532 2496 704 2567 φησί’

295 2610 312 2640 ι
341 2587 598 2656 Θύσειδτῇ
624 2586 836 2657 σαγήνῃ
868 2584 1056 2645 αὑτοῦ.
1091 2584 1187 2635 καὶ
1221 2580 1477 2652 θυμιάσει
1507 2577 1586 2649 τῷ
1608 2578 1786 2647 ἀμφι-

225 2680 465 2753 σλήστρῳ
488 2678 682 2743 αὐτοῦ,
712 2679 794 2731 ὅτι
816 2681 874 2730 ὲν
902 2678 1085 2738 αὐτοῖς
1119 2675 1336 2727 ἐλίπανε
1365 2671 1559 2741 μερίδα
1596 2666 1787 2732 αὐτοῦ,

227 2777 312 2830 καὶ
341 2776 406 2829 τὰ
433 2774 700 2846 βρώματα
755 2772 921 2826 αὐτοῦ
979 2771 1231 2825 ὲκλεκτᾶ.
1274 2767 1392 2841 (ιζ’.
1424 2767 1441 2833 )
1477 2766 1573 2818 Διὰ
1634 2763 1791 2817 τοῦτο

225 2862 513 2931 ἁμιριϐαλεῖ
558 2863 619 2915 τὸ
660 2861 1074 2932 ἀμφίϐληστρον
1122 2857 1319 2923 αὑτοῦ,
1369 2855 1463 2909 καὶ
1501 2853 1793 2916 διαπαντὸς

225 2953 503 3005 ἀποκτενεί
555 2951 718 3020 ἔθνη,
785 2951 880 3004 καὶ
910 2951 954 2982 ⁷⁸
1004 2951 1065 3002 οὐ
1122 2948 1384 3018 φείσεται.
1416 2965 1434 2997 ι
1501 2943 1788 3015 Ἐξουρίων

226 3043 325 3112 γὰρ
345 3044 669 3114 φερόμενος,
698 3041 791 3095 καὶ
816 3042 1017 3113 ῥᾳδίως
1054 3040 1368 3110 σαγηνεύων
1389 3037 1484 3100 οὒς
1517 3036 1786 3106 βούλεται,

226 3134 314 3186 καὶ
348 3134 519 3187 κακοῦ
565 3150 708 3194 τινος
744 3135 938 3201 πεῖραν
975 3132 1113 3195 τέως
1152 3131 1411 3200 οὐδεμίαν
1454 3128 1654 3188 λαϐὼν,
1696 3127 1791 3179 καὶ

228 3225 359 3278 κατὰ
377 3223 485 3277 τῶν
512 3224 692 3278 ἄλλων
715 3223 883 3277 ἐθνῶν
918 3223 1277 3292 ἐπιχειρήσει,
1310 3221 1403 3274 καὶ
1428 3222 1488 3272 οὐ
1523 3217 1792 3271 παύσεται

227 3319 287 3388 τῇ
310 3317 538 3387 δυνάμει
567 3315 819 3385 καθάπερ
850 3315 958 3368 τινὶ
988 3313 1328 3384 κεχρημένος
1365 3309 1590 3382 δικτύῳ.

747 3426 1148 3480 ΚΕΦΑΛΑιυΝ
1190 3425 1265 3477 B'.

292 3547 358 3602 α’.
395 3566 411 3598 ι
443 3544 575 3598 Ἐπὶ
604 3543 703 3613 τῆς
736 3541 981 3610 φυλακῆς
1017 3557 1118 3609 μου
1152 3538 1438 3607 στήσομαι,
1466 3535 1560 3587 καὶ
1600 3534 1795 3604 ἐπιϐή-

231 3654 384 3707 σομαι
413 3639 506 3691 ἐπὶ
541 3635 766 3705 πέτραν,
798 3631 891 3685 καὶ
934 3628 1330 3684 ἀποσκοπεύσω
1377 3624 1468 3679 τοῦ
1499 3625 1540 3654 ⁷⁸
1582 3625 1707 3676 ἰδεῖν
1747 3623 1798 3676 τί

227 3729 439 3802 λαλήσει
469 3731 531 3781 ἐν
571 3726 713 3797 ἐμοὶ,
755 3724 848 3778 καὶ
881 3723 930 3775 τί
973 3720 1255 3790 ἀποκριθῶ
1300 3717 1393 3770 ἐπὶ
1442 3717 1532 3770 τὸν
1580 3715 1799 3784 ἔλεγχόν

232 3838 347 3892 μου.
376 3841 391 3871 ι
424 3822 618 3875 Ἐοικε
663 3817 819 3870 τοῦτο
870 3816 982 3875 τοῖς
1028 3812 1132 3864 ὑπὸ
1168 3810 1258 3863 τοῦ
1311 3808 1578 3879 μακαρίου
1636 3807 1801 3859 saeta

228 3913 539 3982 εἰρημένοις
562 3926 575 3939 ·
611 3927 629 3960 ι
657 3907 825 3961 Τοῦτο
863 3905 1027 3967 κόπος
1068 3902 1213 3955 ἐστὶν
1247 3899 1485 3953 ἐναντίον
1536 3917 1655 3968 μου,
1691 3898 1799 3961 ἓως

230 3996 288 4056 οὗ
317 4003 545 4058 εἰσέλθω
570 4002 661 4054 ἐπὶ
683 4001 726 4031 τ’
758 3998 817 4051 τὸ
842 3997 1195 4067 ἀγιαστήριον
1221 3991 1312 4046 τοῦ
1352 3990 1508 4055 Θεοῦ,
1534 3992 1628 4044 καὶ
1657 3988 1801 4042 συνῶ

233 4095 306 4157 εἰς
331 4096 399 4148 τὰ
431 4094 641 4165 ἔσχατα
673 4090 872 4144 αὐτῶν.
909 4110 925 4141 ι
966 4089 1079 4141 Καὶ
1108 4084 1341 4139 ἐνταῦθα
1380 4084 1488 4153 γὰρ
1522 4082 1550 4135 ὁ
1584 4083 1801 4152 προφή-

233 4202 326 4257 της
351 4202 365 4215 ⁸
412 4187 533 4257 Ἐφ’
550 4179 614 4255 ἦς
644 4182 896 4253 ἐτάχθην,
927 4181 1080 4249 φησι,
1114 4179 1318 4242 τάξεως
1357 4175 1524 4247 μενῶ,
1554 4176 1614 4226 τὸ
1646 4176 1803 4243 στερο

239 4278 326 4350 ρδν
365 4280 424 4332 οὐ
481 4275 798 4345 καταλείψω
825 4291 838 4305 ο
868 4271 980 4325 ἀλλ’
1027 4270 1120 4322 ἐπὶ
1164 4268 1263 4339 τῆς
1307 4265 1561 4334 τοιαύτης
1604 4262 1807 4332 πέτρας

239 4369 427 4434 ἑστὼς,
453 4364 620 4439 sgf-ﬁ;
650 4367 743 4419 καὶ
772 4363 1007 4418 Μωῦσέα
1038 4361 1128 4414 τὸν
1152 4359 1323 4430 μέγαν
1342 4357 1567 4426 ἔστησεν
1601 4355 1629 4406 ὁ
1651 4353 1803 4416 Θεὸς,

237 4464 346 4525 τοῖς
377 4460 737 4531 προφητικοῖς
779 4453 1079 4524 ὀφθαλμοῖς
1115 4450 1377 4519 θεωρήσω
1407 4448 1513 4500 τῶν
1544 4442 1808 4516 ζητουμέ-

239 4568 342 4605 νων
370 4550 467 4622 τὴν
509 4549 685 4603 λύσιν.
732 4547 844 4601 Καὶ
899 4542 1147 4597 ἐντεῦθεν
1178 4541 1234 4593 δὲ
1267 4539 1450 4607 σαφῶς
1494 4535 1812 4609 μεμαθήκα-

244 4662 361 4714 μεν,
406 4646 480 4706 ὼς
514 4643 573 4695 ού
619 4638 708 4694 τοῦ
772 4640 914 4692 θείου
989 4636 1289 4707 προφήτου,
1351 4630 1465 4684 ἀλλ’
1526 4628 1700 4684 ἄλλων
1755 4628 1813 4679 αἱ

241 4737 486 4789 τοιαῦται
516 4733 826 4803 προτάσεις.
869 4725 1004 4783 Εἷπε
1030 4727 1138 4797 γάρ
1165 4744 1178 4756 θ
1215 4745 1233 4777 ι
1268 4720 1690 4776 Ἀποσκοπεύσω
1717 4716 1812 4771 τοῦ

246 4829 371 4881 ἰδεῖν
404 4828 457 4881 τί
501 4827 813 4896 λαλήσειεν
848 4822 970 4891 ἐμοὶ
1018 4819 1244 4891 Κύριος,
1295 4817 1389 4870 καὶ
1436 4815 1487 4869 τί
1531 4810 1814 4884 ἀποκριθῶ

246 4921 336 4975 ἐπὶ
368 4920 459 4972 τὸν
501 4917 724 4987 ἕλεγχόν
775 4932 936 4985 μου.»
985 4912 1258 4983 Προσήκει
1307 4909 1416 4978 γάρ
1473 4924 1539 4977 με
1596 4904 1812 4976 μαθεῖν,

249 5011 406 5062 ποίαν
432 5026 498 5077 με
516 5006 620 5076 χρὴ
645 5004 973 5075 προσφέρειν
1003 5001 1293 5071 ἀπόκρισιν
1322 4999 1434 5061 τοῖς
1466 4994 1813 5067 βουλομένοις

251 5102 379 5170 παρ’
416 5097 550 5167 ἐμοῦ
576 5097 644 5149 τὰ
670 5094 894 5148 τοιαῦτα
932 5091 1249 5162 μανθάνειν.

322 5169 387 5260 β’,
412 5189 482 5258 γ’.
518 5189 626 5241 Καὶ
649 5184 920 5256 ἀπεκρίθη
957 5181 1216 5253 Κύριοςτ³
1249 5178 1383 5251 πρός
1416 5195 1505 5248 με,
1541 5176 1634 5231 καὶ
1662 5169 1816 5228 εἴπεο

1966 2593 1983 2625 ι
2012 2571 2347 2633 lmmolabit,
2384 2569 2583 2639 inquit,
2630 2571 2884 2637 sagenae‘
2919 2580 3057 2628 sum,
3106 2572 3163 2619 et
3205 2561 3465 2617 iueendct

1890 2663 1993 2717 reti
2018 2678 2119 2717 suo
2155 2661 2324 2730 :quia
2356 2661 2408 2715 in
2444 2659 2579 2729 ipsis
2624 2656 2958 2713 incrassavit
3017 2662 3230 2723 partem
3280 2665 3461 2712 suam,

1891 2760 1947 2806 ιιι
1986 2767 2125 2806 escae
2156 2751 2278 2820 ejus
2310 2750 2519 2804 electaa.
2564 2746 2754 2817 (Vens.
2810 2744 2922 2813 17.)
2957 2741 3250 2811 Propterea
3300 2739 3467 2808 jaciet

1895 2851 2013 2898 rete
2038 2857 2222 2907 suum,
2252 2850 2308 2896 et
2356 2847 2624 2910 perpetuo
2673 2836 2970 2892 interliciet
3018 2840 3232 2905 gentes,
3263 2839 3320 2886 et
3354 2845 3463 2883 non

1895 2942 2107 3004 parcet.
2138 2952 2158 2986 ι
2193 2932 2384 2987 Ventis
2418 2930 2562 2985 enim
2597 2927 2858 2984 secundis
2890 2933 3070 2990 utens,
3101 2931 3154 2979 et
3179 2922 3333 2976 nullo
3360 2936 3457 2975 ne-

1897 3027 2046 3097 gotio
2100 3025 2326 3095 capiens
2376 3037 2517 3092 quos
2581 3020 2723 3084 vult,
2768 3026 2822 3073 et
2877 3016 3028 3071 nullo
3066 3013 3286 3069 interim
3318 3011 3465 3066 malo

1897 3120 2151 3181 allectus,
2193 3116 2332 3169 alias
2366 3115 2533 3169 etiam
2559 3112 2810 3166 nationes
2840 3107 3082 3171 invadet,
3109 3113 3168 3162 et
3203 3113 3465 3174 tanquam

1897 3198 1997 3267 reti
2030 3211 2271 3282 quodam
2301 3207 2514 3262 viribus
2548 3205 2669 3260 suis
2703 3203 2782 3258 uti
2822 3218 2936 3258 non
2970 3200 3210 3256 desinet.

2497 3403 2741 3460 CAPUT
2795 3401 2861 3458 ll.

1969 3526 2139 3584 Vens.
2174 3524 2226 3580 l.
2258 3543 2276 3575 ι
2315 3522 2493 3594 Super
2525 3519 2774 3576 custodia
2810 3530 2930 3570 mea
2958 3513 3116 3570 stabo
3138 3551 3153 3574 ,
3188 3516 3244 3566 et
3279 3522 3471 3564 ascen-

1900 3620 2028 3676 dam
2064 3620 2118 3672 in
2152 3627 2387 3687 petram,
2421 3623 2476 3670 et
2510 3609 2946 3680 contemplabor,
2984 3616 3044 3659 ut
3071 3602 3308 3675 videam,
3341 3597 3470 3669 quid

1900 3716 2159 3783 loquatur
2217 3724 2458 3772 mecum,
2501 3715 2557 3761 et
2604 3702 2734 3774 quid
2772 3699 3131 3769 respondeam
3164 3694 3231 3748 ad
3284 3708 3471 3761 corac-

1903 3806 2139 3862 ctiouem
2175 3817 2374 3857 meam.
2403 3820 2421 3852 ›
2460 3799 2575 3853 lloc
2606 3794 2787 3853 simile
2815 3800 2900 3848 est
2934 3790 3023 3856 iis,
3056 3805 3174 3859 quae
3208 3783 3422 3857 1544
3446 3799 3474 3836 a

1908 3900 2110 3955 Davide
2143 3897 2406 3951 dicuntur
2443 3911 2456 3947 :
2490 3910 2508 3944 ι
2552 3890 2669 3945 Hoc
2699 3888 2855 3942 labor
2883 3891 2970 3940 est
3004 3893 3133 3937 ante
3163 3896 3272 3944 me,
3304 3878 3477 3931 donec

1907 3992 2106 4046 intrem
2133 3988 2186 4041 in
2213 3985 2593 4042 sanctuarium
2620 3981 2738 4046 Dei,
2761 3986 2815 4035 et
2837 3975 3137 4045 intelligam
3176 3970 3476 4026 novissima

1905 4096 2097 4137 eorum
2117 4090 2165 4130 α.
2212 4097 2229 4127 ι
2271 4078 2365 4132 Sic
2396 4075 2563 4131 etiam
2598 4072 2702 4125 hoc
2744 4070 2865 4125 loco
2903 4066 3172 4139 propheta
3208 4081 3222 4116 :
3257 4061 3313 4115 lu
3348 4072 3477 4128 quo,

1908 4172 2110 4242 inquit,
2142 4169 2480 4225 constitutus
2513 4180 2632 4220 sum
2675 4161 2892 4223 ordine,
2927 4157 3184 4218 manebo,
3209 4159 3265 4206 et
3308 4149 3479 4203 firmi—

1909 4272 2077 4318 tatem
2108 4276 2216 4315 non
2249 4259 2500 4313 deseram
2545 4251 2689 4306 :sed
2739 4250 2793 4302 in
2846 4256 2999 4316 petra
3067 4242 3160 4296 illa
3199 4247 3377 4301 stans,
3427 4236 3478 4287 in

1909 4366 2075 4422 quam
2115 4359 2170 4403 et
2196 4348 2384 4401 Mosen
2420 4356 2677 4412 magnum
2717 4337 2903 4408 posuit
2944 4334 3111 4397 Deus,
3138 4329 3317 4384 oculis
3356 4340 3482 4395 pro-

1910 4412 2146 4511 pheticis
2179 4431 2594 4502 contemplabor
2621 4428 2818 4481 harum
2860 4420 3227 4492 quzestionum
3257 4412 3484 4469 solutio-

1843 4502 2063 4584 Dnem.
2126 4526 2204 4580 Ex
2256 4523 2458 4594 quibus
2512 4520 2671 4590 plane
2726 4514 3113 4585 cognovimus,
3165 4521 3275 4562 non
3311 4502 3482 4558 divini

1913 4619 2224 4692 prophetae,
2284 4614 2378 4671 sed
2447 4613 2681 4666 aliorum
2746 4608 2919 4662 fuisse
2981 4599 3249 4672 ejusmodi
3300 4596 3483 4652 ell‘ata.

1916 4687 2063 4766 Dixit
2116 4710 2258 4766 enim
2294 4726 2309 4768 :
2345 4725 2362 4758 ι
2395 4702 2846 4771 Contemplabor,
2879 4705 2940 4751 ut
2974 4694 3209 4754 videant,
3247 4687 3377 4760 quid
3403 4690 3488 4744 lo-

1916 4811 2117 4875 quatur
2173 4815 2385 4855 mecum
2424 4795 2711 4858 Dominus,
2750 4798 2801 4846 et
2837 4788 2965 4859 quid
3013 4782 3370 4855 respondeam
3421 4777 3488 4831 ad

1916 4869 2309 4952 correctionem
2342 4902 2539 4942 meam.
2558 4904 2576 4937 ι
2606 4881 2834 4953 Expedit
2868 4879 3014 4934 enim
3043 4889 3130 4929 me
3160 4869 3488 4940 intelligere,

1918 5001 2041 5057 qua:
2066 4984 2196 5038 mihi
2236 4979 2546 5036 adhibenda
2589 4978 2655 5032 sit
2690 4971 2975 5044 responsio
3005 4965 3319 5022 volentibus
3350 4977 3378 5014 a
3405 4975 3494 5015 me

1920 5078 2053 5134 talia
2088 5076 2326 5131 discere.

1992 5167 2160 5224 Vens.
2193 5167 2249 5233 9.,
2278 5166 2331 5221 5.
2366 5181 2386 5216 ι
2430 5162 2495 5217 Ει
2540 5157 2822 5231 respondit
2851 5155 2920 5210 ad
2968 5168 3056 5209 me
3106 5149 3390 5214 Dominus,
3441 5151 3493 5197 et

323 5365 507 5420 xDan.
545 5381 622 5429 ιιι,
658 5365 709 5418 5.
785 5373 811 5412 7
842 5364 947 5417 lsa.
982 5376 1091 5427 xw,
1126 5358 1213 5421 15,
1246 5355 1313 5409 14
1345 5373 1358 5421 ;
1389 5354 1513 5409 coll.
1548 5367 1602 5414 ς,
1636 5351 1726 5405 14.

1896 5345 1992 5403 )id.
2030 5346 2116 5402 11.
2197 5357 2221 5385 ο
2251 5343 2395 5399 Ρδυι.
2430 5339 2712 5405 Lxxu,16,
2742 5337 2827 5392 17.

1537 5504 1771 5560 VARUE
1811 5498 2220 5557 LECTIONES.

326 5672 366 5703 "
395 5672 487 5724 καὶ
523 5701 587 5708 ο-
622 5687 740 5736 σαγ.
779 5670 898 5722 αὐτ.
936 5667 1057 5721 Des.
1096 5667 1146 5717 in
1184 5666 1242 5719 (Ξ.

256 5744 306 5796 in
336 5746 399 5795 Α.

1320 5664 1364 5694 εδ
1393 5666 1425 5732 ἡ
1459 5680 1508 5716 κ.
1545 5663 1662 5714 αὐτ.
1706 5662 1827 5716 Des.
1861 5660 1915 5712 in
1943 5658 2013 5732 ΔΛ.
2089 5656 2131 5687 θ’

481 5742 527 5773 τ’
556 5742 667 5794 ἐπί.
701 5727 740 5794 'u
770 5742 867 5804 εἰς,
900 5747 953 5792 ιιι
980 5755 1030 5807 ιι.
1072 5736 1222 5791 1557.
1298 5734 1340 5764 ⁷³
1374 5727 1510 5803 Κύρ-
1546 5733 1598 5787 ιιι
1628 5734 1671 5785 Α
1702 5739 1823 5800 post
1848 5729 1984 5800 πρός
2017 5744 2084 5797 με
2144 5727 2379 5796 νυηίιυν·

2901 5643 2952 5694 in
2990 5641 3053 5692 Λ,
3132 5636 3172 5664 τί
3204 5628 3317 5683 τοῦ.
3360 5628 3485 5684 Des.

2197 5657 2237 5707 Α
2279 5656 2385 5705 ὅτε.
2486 5655 2527 5681 τι
2581 5650 2690 5702 καί.
2737 5647 2857 5700 llus.
